3928 6196
551 310 656 369 837
1785 334 1842 390 S.
1879 337 2205 397 GRECORlI
2241 342 2526 399 NYSSENI
3616 372 3695 431 888

554 432 708 487 batur
732 432 855 502 ejus
879 436 1275 498 incrementum
1305 445 1372 501 ad
1402 446 1453 501 id
1476 451 1618 519 quod
1642 461 1727 508 est
1758 458 1993 515 melius:
2025 462 2119 517 sed

548 521 619 577 sit
651 538 869 594 semper
907 529 1054 597 quod
1086 547 1327 602 praesens
1361 546 1445 593 est
1483 541 1712 609 bonum,
1752 549 1854 603 etsi
1891 553 2125 610 maxime

545 612 801 669 videatur
834 633 960 674 esse
1013 638 1272 696 magnum
1322 638 1378 685 et
1420 635 1751 703 praestabile,
1791 642 2123 712 principium

545 706 666 778 ejus
699 712 846 780 quod
896 721 1287 789 supereminet,
1316 731 1371 779 et
1414 735 1500 780 est
1527 729 1746 798 majus:
1793 706 1930 789 adeo
1964 706 2022 790 ut
2065 738 2121 792 in

546 800 649 855 hoc
677 819 863 860 verum
913 809 985 863 sit
1014 813 1160 880 quod
1194 812 1328 870 dicit
1361 816 1661 886 Apostolus
1688 823 1753 886 “,
1788 840 1885 894 per
1925 836 2120 881 exten-

545 894 754 950 sionem
785 899 852 953 ad
883 900 935 954 id
963 904 1107 972 quod
1135 914 1218 961 est
1252 918 1398 974 ante,
1432 910 1692 967 oblivioni
1724 916 1866 971 datis
1904 918 1969 974 iis
2000 934 2121 988 qua:

545 988 698 1056 prius
728 1001 858 1047 sunt
901 995 1161 1064 perfecta.
1198 998 1332 1054 Nam
1364 1004 1510 1072 quod
1547 1019 1766 1075 semper
1804 1016 1889 1063 est
1921 1009 2120 1078 majus,

542 1085 598 1132 et
632 1082 777 1150 quod
815 1082 1092 1141 invenitur
1124 1090 1179 1142 in
1210 1089 1478 1159 bonorum
1506 1098 1948 1165 exsuperatione.
1978 1100 2120 1169 apud

2149 473 2194 528 Α
2226 466 2503 535 μείζονος·
2539 467 2615 529 ὡς
2636 468 2727 520 καὶ
2756 468 2813 520 ἐν
2843 469 3014 539 τούτῳ
3036 470 3128 523 τὸν
3158 471 3477 533 ἀποοτολικόν
3500 485 3700 558 ἀληθεύε-

2231 554 2356 608 σθαι
2392 554 2568 623 λόγον,
2613 556 2702 609 διὰ
2729 558 2826 627 τῆς
2864 559 2971 612 τῶν
2997 558 3297 630 ἔμπροσθεν
3336 554 3635 646 ἐπεκτάσεως,
3659 586 3702 640 ἐν

2227 644 2367 716 λήθῃ
2394 646 2692 717 γινομένων
2720 649 2828 701 τῶν
2857 651 3339 723 προδιηνυσμένων.
3385 659 3448 712 To
3471 665 3562 735 γὰρ
3586 644 3707 728 ait“

2231 732 2444 803 μεῖζον,
2489 735 2585 787 καὶ
2622 735 2745 789 καθ’
2795 737 3099 809 ὑπερϐολὴν
3144 743 3340 809 ἀγαθὸν
3374 732 3705 827 εὑρισκόμενον,

2228 825 2357 894 περὶ
2399 826 2559 879 ἑαυτὸ
2597 828 2824 896 κατέχον
2862 828 2962 899 τὴν
3003 831 3111 884 τῶν
3156 836 3463 904 μετεχόντων
3504 825 3708 917 διάθεσινι

2228 917 2327 970 οὐκ
2351 918 2414 986 ἐᾷ
2444 918 2578 988 πρὸς
2608 918 2677 971 τὰ
2708 922 3071 991 παρῳχηκότα
3098 923 3329 992 βλέπειν,
3358 931 3419 997 τῇ
3453 932 3547 986 τῶν
3573 954 3710 1009 προτι·

2231 1008 2470 1078 μοτέρων
2498 1009 2794 1063 ἀπολαύσει
2828 1012 2936 1064 τῶν
2967 1014 3390 1087 καταδεεστέρων
3430 1022 3514 1091 τὴν
3545 1008 3712 1099 μνήμην

2232 1100 2724 1170 παρακρουόμενον.
2775 1102 2848 1155 Τὸ
2878 1105 2974 1173 μὲν
3003 1100 3096 1157 οὖν
3123 1106 3295 1176 νόημα
3318 1109 3372 1162 τὸ
3396 1114 3455 1181 τῇ
3486 1114 3715 1189 φιλοσοφίᾳ

544 1186 604 1227 se
636 1172 888 1229 detinens
920 1176 1260 1237 affectionem
1298 1198 1488 1239 eorum
1522 1187 1615 1257 qui
1643 1196 1776 1243 sunt
1804 1190 2100 1259 participes

2226 1191 2319 1244 τοῦ
2349 1192 2622 1261 νυμφικοῦ
2656 1193 2990 1265 διηγήματος
3021 1198 3154 1267 ἡμῖν
3181 1197 3614 1274 δογματιζόμενον,
3632 1227 3715 1264 τοι-

543 1278 653 1318 non
684 1264 818 1321 sinit
849 1270 1098 1340 aspicere
1128 1273 1195 1327 ad
1229 1289 1292 1329 ea
1332 1291 1454 1346 qua:
1481 1287 1610 1333 sunt
1644 1282 1940 1350 praaterita,
1973 1283 2027 1336 in
2062 1283 2119 1336 iis

2231 1282 2387 1335 οὖτον
2413 1283 2552 1337 εἶναι
2588 1285 2894 1356 νομίζομεν.

543 1352 795 1412 fruendis
832 1374 955 1429 quae
989 1371 1121 1417 sunt
1156 1366 1561 1436 praastantiora,
1632 1372 1920 1424 excutiens
1987 1356 2306 1426 memoriam
2357 1387 2547 1427 eorum
2601 1352 2722 1443 quae
2801 1384 2931 1430 sunt
2986 1375 3274 1433 deteriora.
3340 1380 3506 1453 Atque
3544 1400 3720 1441 sensum

543 1447 763 1517 quidem
793 1455 887 1522 qui
919 1469 947 1507 a
976 1455 1324 1528 phiIOSOpbia
1352 1476 1567 1529 sponsa
1595 1467 1928 1521 narrationis
1957 1466 2116 1520 nobis
2152 1466 2438 1529 statuitur,
2495 1469 2654 1523 talem
2700 1484 2822 1524 esse
2882 1470 3268 1530 existimantis.

612 1540 853 1613 Tempus
897 1556 1082 1602 autem
1130 1560 1214 1605 est
1266 1554 1501 1620 primum
1548 1557 1765 1626 quidem
1803 1558 2120 1614 meminisse

542 1644 832 1693 contextus
855 1640 1147 1695 verborum
1175 1643 1488 1699 divinorum
1511 1646 1887 1716 eloquiorum:
1919 1647 2118 1702 deinde

2293 1561 2499 1629 Καιρὸς
2539 1560 2584 1613 δ’
2618 1561 2683 1614 ἂν
2710 1560 2793 1629 εἴη
2824 1562 3038 1632 πρῶτον
3071 1563 3169 1631 μὲν
3200 1564 3362 1635 αὐτῆς
3386 1566 3723 1638 ἐπιμνησθῆναι

2221 1652 2321 1721 τῆς
2344 1652 2539 1717 λέξεως
2562 1653 2669 1705 τῶν
2703 1653 3074 1707 θεοπνεύστων
3096 1654 3291 1722 λογίων
3312 1672 3327 1687 ⁸
3362 1652 3453 1710 εἷθ’
3481 1657 3630 1722 οὔτως
3655 1661 3729 1729 ἑφ-

543 1729 613 1795 iis
648 1745 770 1800 qua
812 1731 966 1801 prius
1001 1741 1130 1789 sunt
1179 1736 1529 1792 considerata
1582 1738 1843 1809 adaptare
1894 1755 2114 1795 sensum

2222 1743 2457 1812 αρμόσαι
2486 1745 2598 1806 τοῖς
2645 1744 3072 1814 προθεωρηθεῖσι
3116 1747 3216 1817 τὴν
3246 1749 3355 1810 τοῖς
3387 1750 3555 1818 ῥητοῖς
3584 1751 3727 1816 ἐγκειο

542 1818 635 1887 qui
703 1821 843 1876 situs
908 1831 991 1877 est
1052 1823 1106 1877 in
1169 1824 1372 1882 verbis.
1407 1825 1473 1879 In
1525 1828 1659 1881 lecto
1701 1840 1855 1883 noctu
1903 1829 2119 1899 quwsivi

542 1914 736 1979 ipsum,
773 1922 821 1966 et
860 1929 962 1966 non
993 1914 1163 1968 inveni
1185 1932 1203 1969 :
1255 1917 1425 1991 ipsum
1456 1920 1653 1982 vocavi,
1690 1929 1740 1973 ct
1785 1937 1889 1974 non
1919 1920 2121 1975 audivit

544 2013 641 2055 me.
692 1999 919 2071 Surgam
974 2013 1149 2057 autem
1190 2015 1240 2060 et
1275 2007 1505 2062 circuibo
1540 2010 1801 2063 civitatem
1827 2050 1842 2075 ,
1876 2012 1931 2064 in
1987 2011 2120 2079 foris

547 2100 596 2142 et
630 2092 683 2143 in
725 2092 952 2158 plateis,
998 2104 1047 2147 et
1078 2111 1315 2164 quwram
1357 2114 1505 2166 quem
1541 2100 1712 2169 diligi!
1753 2103 1932 2153 anima
1986 2118 2118 2154 mea.

545 2183 778 2248 Qumsivi
815 2198 933 2237 eum
967 2194 1016 2239 et
1046 2202 1149 2238 non
1173 2187 1347 2240 inveni
1382 2205 1521 2244 eum.
1556 2188 1873 2252 Invenerunt
1916 2211 1996 2249 me
2032 2196 2121 2263 qui

542 2276 848 2329 custodiunt
871 2276 1254 2332 circumeuntes
1282 2280 1566 2337 civitatem.
1598 2281 1743 2336 Num
1771 2301 1922 2354 quem
1947 2286 2121 2356 diligit

543 2368 725 2420 anima
771 2383 886 2421 mea
937 2367 1180 2423 vidistis?
1222 2370 1625 2440 Quamprimum
1672 2390 1864 2442 parum
1925 2377 1992 2430 ab
2044 2380 2120 2432 eis

543 2457 759 2519 transii,
808 2456 972 2510 donec
1000 2442 1171 2511 inveni
1213 2475 1331 2513 eum
1363 2476 1515 2528 quem
1546 2463 1721 2533 diligit
1752 2466 1932 2518 anima
1968 2483 2118 2520 mea:

544 2547 688 2601 tenui
724 2563 843 2601 cum
882 2558 932 2602 et
964 2564 1076 2621 ,non
1109 2548 1290 2603 dimisi
1330 2567 1466 2617 eum,
1504 2551 1671 2608 donec
1701 2571 1818 2609 eum
1850 2557 2122 2611 iutroduxi

543 2639 597 2695 in
625 2636 839 2692 domum
868 2640 1055 2693 matris
1094 2656 1242 2705 mete,
1287 2651 1335 2695 et
1366 2643 1420 2696 in
1461 2645 1703 2700 conclare
1745 2647 1858 2715 ejus
1894 2665 2009 2718 qua:
2042 2666 2120 2702 me

541 2730 798 2797 concepit.

614 3008 902 3075 Quomodo
940 3024 1072 3079 ergo
1115 3010 1168 3063 in
1205 3010 1272 3065 iis
1309 3025 1429 3079 qua:
1462 3010 1606 3065 dicta
1653 3019 1782 3067 sunt
1812 3013 2118 3071 invenimus

2225 1833 2391 1904 μένην
2418 1834 2673 1888 διάνοιαν.
2709 1835 2828 1888 Ἐπὶ
2863 1834 3074 1902 κοίτην
3087 1852 3209 1904 μου
3240 1838 3307 1889 ὲν
3332 1837 3500 1901 νυξὶν
3516 1837 3725 1906 ἐζήτησα

2221 1923 2295 1976 ὃν
2322 1923 2636 1992 ἠγάπησεν
2664 1926 2701 1991 ἡ
2740 1924 2910 1993 ψυχή
2943 1942 3088 1990 μου’
3126 1924 3384 1993 ἐζήτησα
3421 1928 3611 1992 αὐτὸν,
3655 1930 3728 1982 καὶ

2220 2017 2333 2082 οὐχ
2364 2011 2544 2082 εὗρον
2570 2016 2783 2068 αὐτόν’
2820 2014 3086 2069 ἐκάλεσα
3112 2016 3317 2080 αὐτὸν,
3353 2017 3447 2071 καί
3487 2020 3586 2085 οὑχ
3612 2019 3731 2082 ὑπή-

2220 2106 2408 2160 κουσὲ
2433 2124 2573 2175 μου.
2609 2106 3049 2176 Ἀναστήσομαι
3081 2107 3150 2160 δὲ
3183 2107 3281 2161 καί
3308 2107 3580 2162 κυκλὼσω
3601 2109 3659 2161 ἐν
3680 2108 3732 2176 τῇ

2220 2198 2425 2260 πόλει,
2470 2199 2541 2251 ἐν
2579 2197 2704 2262 ταῖς
2731 2198 3006 2265 ἀγοραῖς,
3054 2198 3154 2251 καὶ
3187 2199 3258 2251 ἐν
3287 2198 3412 2264 ταῖς
3455 2200 3733 2263 πλατείαις,

2221 2290 2319 2343 καὶ
2344 2289 2574 2358 ζητήσω
2603 2289 2675 2342 ὃν
2711 2290 3030 2357 ἠγάπησεν
3058 2291 3098 2357 ή
3129 2290 3301 2360 ψυχή
3330 2307 3464 2359 μου.
3504 2290 3740 2357 Ἐξήτησα

2219 2381 2424 2441 αὐτὸν,
2459 2379 2558 2433 καί
2589 2381 2702 2447 οὐχ
2725 2375 2907 2447 εὗρον
2931 2382 3135 2436 αὐτόν.
3195 2380 3468 2449 Εῦροσάν
3485 2399 3555 2450 με
3591 2384 3638 2434 οἱ
3658 2398 3735 2447 τη-

2212 2472 2484 2541 ροῦντες,
2509 2475 2561 2526 οἱ
2588 2471 2960 2538 κυκλοῦντες
2983 2472 3054 2525 ἐν
3080 2471 3157 2540 τῇ
3188 2474 3379 2527 πόλει.
3411 2473 3501 2538 Μὴ
3537 2473 3602 2526 ὃν
3631 2474 3742 2541 ἠγά-

2220 2579 2421 2631 πησεν
2457 2565 2496 2631 ἡ
2536 2561 2706 2632 ψυχή
2729 2579 2848 2632 μου
2874 2563 3068 2626 were;
3114 2565 3199 2629 ὡς
3222 2563 3476 2632 σμικρὸν
3500 2564 3588 2615 ὅτε
3624 2577 3743 2630 παρα

2219 2653 2411 2721 ἦλθον
2448 2653 2550 2708 ἀπ’
2583 2652 2799 2717 αὐτῶν,
2838 2652 2949 2718 ἕως
2990 2653 3061 2707 οὗ
3099 2648 3287 2720 εὖρον
3314 2652 3385 2706 δν
3412 2651 3746 2721 ἠγάπησενή

2218 2743 2387 2812 ψυχή
2400 2760 2519 2812 μου
2544 2759 2557 2770 ·
2581 2742 2881 2809 ἐκράτησα
2899 2743 3102 2805 αὑτὸν,
3119 2743 3221 2798 καί
3240 2745 3350 2797 οὐκ
3369 2741 3563 2811 ἀφῆκα
3578 2739 3742 2799 αὑτὸν.

2218 2834 2328 2900 ἕως
2359 2830 2431 2888 οὗ
2460 2834 2786 2903 εἰσήγαγον
2829 2834 3016 2888 αὐτὸν
3045 2837 3133 2899 εις
3175 2831 3348 2888 οἷκον
3386 2833 3601 2903 μητρός
3633 2847 3747 2900 μου.

2219 2924 2317 2977 καί
2344 2927 2431 2990 είς
2451 2924 2711 2992 ταμιεῖον
2732 2923 2837 2992 τῆς
2865 2926 3310 2992 συλλαϐούσης
3330 2941 3422 2993 με.

2290 3016 2415 3078 Πῶς
2445 3016 2622 3070 τοίνυν
2664 3018 2722 3069 ὲν
2757 3019 2868 3079 τοῖς
2907 3018 3219 3086 εἰρημένοις
3245 3017 3566 3088 εὑρίσκομεν
3600 3012 3659 3066 τὰ
3684 3010 3751 3064 δο-

544 3115 741 3157 sensus
766 3101 859 3170 qui
891 3101 1197 3170 dogmatice
1231 3115 1326 3169 per
1359 3102 1716 3172 periphrasim
1744 3118 1773 3156 a
1800 3104 1959 3159 nobis
1988 3113 2118 3160 sunt

2221 3105 2504 3175 γματικῶς
2546 3107 2677 3174 ἡμῖν
2725 3105 3178 3175 προθεωρηθέντα
3228 3107 3514 3175 νοήματα;
3574 3103 3753 3171 γέγονεν

542 3191 821 3262 expositi?
854 3189 911 3244 In
941 3205 1119 3261 praace
1142 3192 1379 3245 lentibus
1410 3193 1851 3258 ascensionibus,
1888 3194 1989 3249 fuit
2022 3210 2120 3264 pro

544 3284 757 3341 ratione
800 3283 923 3352 ejus
969 3283 1114 3352 quod
1170 3298 1385 3353 semper
1423 3284 1480 3337 lit
1524 3285 1866 3349 incrementi,
1906 3302 2122 3358 semper

546 3380 753 3426 mutata
788 3374 854 3428 ad
891 3374 945 3428 id
975 3374 1119 3444 quod
1152 3383 1237 3429 est
1277 3377 1497 3438 melius.
1528 3386 1580 3431 et
1612 3378 1665 3431 in
1695 3377 1837 3433 bono
1868 3394 2120 3450 compre-

548 3463 719 3517 lzenso
774 3479 1052 3533 nunquam
1106 3466 1332 3532 sistens,
1388 3482 1535 3521 nunc
1577 3469 1735 3537 equis
1779 3480 2118 3540 comparata,

546 3553 636 3620 qui
669 3551 989 3624 [Egyptium
1024 3564 1278 3610 evertunt
1322 3548 1638 3628 tyrannum,
1695 3576 1888 3616 rursus
1934 3573 2116 3617 autem

547 3642 841 3712 torquibus
888 3653 941 3698 et
989 3643 1298 3698 turturibus
1346 3646 1647 3701 assimilata
1691 3649 1744 3702 in
1784 3650 1908 3703 colli
1949 3664 2118 3704 orna-

548 3741 752 3789 mento.
775 3732 977 3789 Deinde
999 3734 1083 3790 his
1112 3750 1221 3790 non
1252 3745 1507 3792 contenta
1542 3740 1788 3808 procedit
1819 3740 1998 3796 adhuc
2024 3756 2120 3797 su-

548 3825 752 3898 perius.
784 3824 917 3881 Nam
952 3839 1048 3895 per
1076 3838 1300 3881 suavem
1327 3828 1557 3883 nardum
1581 3831 1824 3887 divinum
1874 3836 2117 3904 agnoscit

546 3920 746 3973 bonum
775 3918 996 3974 odorem
1018 3961 1033 3985 ,
1063 3927 1116 3976 et
1148 3936 1248 3976 nec
1295 3923 1348 3977 in
1385 3922 1468 3977 bis
1511 3924 1731 3993 quidem
1764 3934 1982 3993 manet,
2019 3926 2119 3982 sed

547 4023 741 4063 rursus
773 4024 895 4062 eum
925 4025 1086 4080 quem
1130 4012 1430 4078 desiderat,
1470 4014 1633 4069 veluti
1669 4016 1943 4086 quoddam
1980 4019 2118 4073 bene

545 4097 701 4153 olens
731 4112 938 4164 aroma,
991 4102 1278 4170 suspendit
1329 4104 1470 4157 inter
1518 4119 1615 4158 sua
1653 4106 1863 4159 ratione
1894 4096 2117 4175 praedita

548 4191 741 4257 ubera,
790 4193 936 4249 unde
969 4201 1180 4249 scatent
1206 4196 1391 4251 divina
1432 4194 1781 4263 documenta,
1828 4201 1883 4255 in
1936 4201 2117 4270 amplo

546 4282 732 4338 cordis
757 4285 934 4354 spatio
957 4300 1082 4339 eum
1111 4286 1367 4343 induciis.
1393 4288 1519 4343 Post
1548 4290 1662 4343 haec
1690 4289 1923 4345 fructum
1954 4308 2115 4346 suum

547 4374 679 4430 facit
702 4375 1034 4446 Agricolam,
1071 4377 1248 4446 ipsum
1285 4379 1497 4433 botrum
1538 4382 1843 4447 nominans,
1888 4398 2113 4438 suavem

544 4474 602 4525 ct
646 4475 860 4538 gratum
895 4469 1118 4522 odorem
1154 4470 1490 4525 emittentem
1541 4487 1635 4541 per
1676 4472 1881 4527 ﬂorem.
1935 4472 1999 4527 Et
2031 4475 2118 4529 his

547 4560 964 4617 ascensionibus
1001 4560 1082 4615 sic
1109 4572 1291 4622 aucta.
1324 4563 1553 4631 pulchra
1578 4563 1799 4629 dicitur,
1829 4572 1885 4619 et
1907 4566 1964 4620 ﬁt
1992 4581 2119 4635 pro-

548 4650 785 4719 pinqua:
842 4658 1052 4720 etquae
1099 4664 1183 4709 εει
1234 4654 1287 4706 in
1343 4654 1515 4722 ipsius
1553 4655 1730 4710 oculis
1776 4657 2120 4725 pulchritudo

548 4739 887 4795 assimilatur
931 4741 1222 4797 columbis.
1263 4742 1464 4797 Deinde
1512 4745 1758 4813 procedit
1792 4748 1858 4801 ad
1892 4748 1943 4801 id
1976 4748 2121 4816 quod

549 4836 634 4884 est
667 4829 864 4897 majus.
902 4830 1065 4885 Facta
1118 4835 1264 4886 enim
1320 4836 1689 4904 perspicacior
1750 4837 1841 4893 illa
1898 4855 2120 4909 quoque

552 4920 712 4977 Verbi
756 4922 921 4977 discit
958 4924 1237 4993 decorem,
1285 4937 1337 4979 et
1390 4927 1617 4981 miratur
1660 4930 2115 4999 quemadmodum

552 5010 913 5067 adumbratus
959 5012 1245 5068 descendit
1289 5017 1353 5067 ad
1408 5018 1603 5073 lectum
1650 5022 1773 5076 vitae
1822 5022 2116 5087 inferioris,

551 5103 819 5158 materiali
865 5111 1061 5158 natura
1095 5107 1342 5174 corporis
1390 5108 1609 5163 humani
1641 5114 1968 5169 occultatus.
2023 5114 2119 5169 llis

551 5196 763 5251 accedit
791 5196 937 5266 quod
967 5196 1186 5251 virtutis
1213 5199 1431 5251 domum
1452 5200 1631 5257 verbis
1650 5203 1930 5270 describit,
1960 5208 2119 5277 cujus

551 5301 660 5355 qua
689 5286 897 5356 tegitur
936 5285 1165 5340 materia
1203 5295 1286 5341 est
1327 5287 1524 5344 cedrus
1552 5300 1607 5345 et
1654 5309 1969 5364 cupressus,
1998 5312 2122 5366 quae

554 5380 894 5453 putredinem
924 5397 1033 5437 non
1059 5383 1289 5453 suscipit
1319 5390 1374 5441 et
1398 5387 1803 5457 corruptionem
1823 5429 1837 5453 ,
1875 5406 1972 5461 per
2003 5382 2129 5463 qua"!

553 5472 736 5530 verbis
764 5473 1002 5543 explicat
1027 5474 1382 5531 stabilitatem
1414 5485 1471 5533 et
1496 5478 1988 5537 immutabilitatem
2028 5484 2123 5537 lia-

553 5563 823 5627 bitudinis
853 5562 921 5618 ad
960 5564 1184 5621 bonum.
1223 5566 1487 5629 Praeterea
1518 5586 1613 5643 per
1658 5575 2122 5646 comparationem

627 5744 691 5829 :‘L
720 5742 953 5814 Philipp.
996 5760 1077 5811 ιιι,
1137 5746 1219 5802 15.

2222 3197 2280 3248 ὲν
2305 3198 2423 3258 ταῖς
2470 3194 2867 3265 προλαϐούσαις
2898 3195 3105 3257 ἀνόδοις
3156 3196 3296 3267 πρὸς
3339 3196 3496 3264 λόγον
3530 3195 3619 3263 τῆς
3656 3192 3757 3244 tua.

2223 3304 2373 3341 στοτε
2395 3286 2689 3357 γινομένης
2709 3287 3007 3356 αὐξήσεως.
3040 3288 3152 3339 Ἀεὶ
3174 3288 3287 3359 γὰρ
3316 3288 3453 3359 πρὸς
3475 3286 3532 3340 τὸ
3552 3287 3754 3355 κρεῖττον

2221 3379 2576 3449 ἀλλοιουμένη
2598 3417 2612 3442 ,
2657 3379 2752 3430 καὶ
2799 3377 3051 3430 οὐδέποτε
3099 3379 3195 3429 ἐπὶ
3228 3377 3324 3431 τοῦ
3369 3374 3755 3446 καταληφθέντος

2220 3471 2423 3540 ἀγαθοῦ
2463 3469 2749 3540 ἱσταμένη,
2784 3469 2879 3521 νῦν
2923 3469 3021 3539 μὲν
3061 3470 3217 3539 ἵππῳ
3250 3465 3684 3538 παραϐαλλομένη
3706 3463 3756 3529 τῇ

2221 3562 2712 3634 καταστρεψαμένη
2737 3561 2830 3615 τὸν
2861 3561 3160 3629 Αίγύπτιον
3202 3559 3466 3633 τύραννον
3488 3576 3500 3587 ·
3559 3555 3696 3609 πάλιν
3717 3549 3757 3621 δὲ

2220 3654 2502 3725 ὁρμίσκοις
2543 3653 2637 3706 καὶ
2672 3651 2927 3722 τρυγύσιν
2969 3652 3302 3721 εἰκαζομένη
3340 3649 3481 3703 κατὰ
3517 3648 3604 3700 τὸν
3639 3658 3759 3711 περι-

2224 3745 2469 3815 αυχένιον
2507 3744 2728 3813 κόσμον.
2796 3736 2931 3795 Εἶτα
2956 3741 3031 3804 ὡς
3060 3742 3161 3794 οὐκ
3194 3739 3528 3811 ἀρκεσθεῖσα
3567 3733 3757 3793 τούτοις,

2221 3834 2301 3888 ἔτι
2327 3834 2460 3905 πρὸς
2490 3831 2757 3901 ἀνώτερον
2786 3832 3019 3901 πρόεισι.
3065 3833 3167 3885 Διὰ
3200 3829 3316 3899 γὰρ
3343 3831 3443 3899 τῆς
3469 3825 3640 3897 ἡδείας
3658 3822 3761 3891 νάρ-

2218 3926 2330 3991 δου,
2351 3924 2447 3996 τὴν
2470 3923 2619 3977 θείαν
2637 3922 2984 3991 ἐπιγινώσκει
3008 3922 3265 3988 εὐωδίαν,
3290 3921 3390 3974 καὶ
3409 3919 3527 3972 οὐδὲ
3547 3920 3599 3970 ὲν
3622 3913 3761 3979 τούτῳ

2223 4018 2392 4088 μένει,
2421 4015 2554 4069 ἀλλὰ
2572 4015 2731 4068 πάλιν
2751 4014 2914 4068 αὐτὸν
2930 4014 3020 4067 τὸν
3044 4013 3390 4083 ποθούμενον
3408 4007 3518 4065 οἷόν
3536 4027 3585 4062 τι
3601 4011 3763 4077 ἄμωμα

2220 4107 2451 4161 εὔπνουν
2466 4107 2632 4176 ἑαυτῇ
2661 4105 2949 4176 περιάπτει
2969 4105 3172 4175 μεταξὺ
3196 4105 3311 4157 τῶν
3337 4101 3563 4172 λογικῶν
3590 4094 3757 4169 μαζῶν.

2218 4198 2339 4252 ὅθεν
2368 4197 2519 4268 βρύει
2544 4196 2613 4249 τὰ
2635 4195 2753 4249 θεῖα
2783 4195 3110 4266 διδάγματα,
3128 4195 3213 4266 τῷ
3236 4197 3392 4266 χωρή
3403 4211 3529 4265 ματι
3550 4191 3638 4260 τῆς
3662 4201 3763 4255 καρ-

2217 4288 2334 4351 δίας
2360 4287 2719 4358 ὲνδυσαμένη.
2771 4287 2927 4341 Μετὰ
2953 4286 3111 4340 τοῦτο
3148 4288 3375 4357 καρπὸν
3408 4284 3598 4353 ἑαυτῆς
3626 4277 3760 4333 ποιεῖ·

2218 4390 2309 4433 ται
2342 4379 2432 4433 τὸν
2460 4378 2727 4450 γεωργὸν,
2778 4378 2969 4449 βότρυν
3002 4379 3167 4457 αὐτὸν
3208 4376 3573 4447 ὀνομάζουσα,
3614 4367 3697 4440 ἡδύ
3720 4379 3759 4416 τι

2220 4472 2316 4524 καὶ
2343 4468 2610 4540 προσηνὲς
2633 4468 2723 4522 διὰ
2745 4467 2837 4520 τοῦ
2859 4467 3053 4530 ἄνθους
3077 4467 3457 4530 εὐωδιάζοντα
3482 4481 3496 4496 ⁶
3519 4463 3606 4516 καὶ
3624 4457 3756 4512 οὕτως

2219 4562 2511 4633 αὐξηθεῖσα
2539 4560 2625 4614 διὰ
2660 4559 2767 4613 τῶν
2793 4560 3048 4615 τοιούτων
3099 4560 3347 4623 ἀνόδων,
3402 4557 3539 4626 καλὴ
3568 4552 3754 4623 λέγεται.

2220 4655 2311 4709 καὶ
2339 4653 2562 4723 πλησίον
2590 4652 2816 4720 γίνεται,
2861 4652 2953 4704 καὶ
2994 4654 3361 4721 περιστεραῖς
3395 4650 3456 4712 τὸ
3485 4650 3539 4700 ὲν
3564 4645 3659 4703 rei;
3682 4636 3753 4703 ὁμ-

2223 4764 2387 4815 μασιν
2412 4745 2582 4815 αὐτῆς
2603 4743 2993 4814 παρεικάζεται
3012 4743 3232 4804 κάλλος.
3255 4738 3393 4795 Εἶτα
3416 4739 3571 4794 πάλιν
3588 4730 3696 4803 πρὸς
3710 4723 3755 4776 τὺ

2223 4838 2403 4910 μεῖζον
2430 4838 2618 4907 χωρεῖ.
2664 4835 3099 4905 Διορατικωτέρα
3121 4833 3239 4903 γὰρ
3263 4830 3532 4901 γενομένη
3555 4818 3749 4917 κάκείνῖῑν

2224 4931 2317 4985 τοῦ
2344 4932 2518 4998 Λόγου
2541 4927 2946 4998 καταμανθάνει
2966 4926 3059 4997 τὴν
3083 4925 3263 4996 ὧραψ
3288 4925 3388 4977 καὶ
3408 4918 3652 4991 θαυμάζει
3669 4922 3753 4967 πως

2225 5024 2438 5087 εὖσκιος
2468 5022 2560 5076 ἐπὶ
2604 5020 2699 5092 τὴν
2738 5020 2925 5089 κλίνην
2969 5019 3067 5087 τῆς
3103 5017 3266 5070 κάτω
3300 5017 3450 5084 ζωῆς
3477 5002 3751 5092 καταϐαίνξξι

2224 5120 2290 5187 τῇ
2322 5117 2477 5186 ὑλικῇ
2510 5114 2603 5167 τοῦ
2646 5088 2984 5181 ἀνθρωπίνου
3025 5108 3290 5178 σώματος
3325 5105 3488 5201 φύσει

2229 5183 2405 5279 μενος.
2454 5183 2599 5276 Πρὸς
2627 5204 2837 5264 τούτοις
2876 5202 2967 5255 τὸν
2996 5200 3094 5269 τῆς
3121 5198 3339 5269 ἀρετῆς
3379 5192 3525 5248 οἶκον
3553 5188 3620 5255 τῷ

2226 5264 2536 5366 διαγράφει..
2563 5264 2624 5347 οὗ
2655 5292 2861 5358 γίνεται
2899 5291 2933 5359 ἡ
2960 5264 3233 5359 ὲρέιιαιμος
3264 5264 3395 5357 ὕλη,
3424 5282 3602 5350 κέδρος
3621 5264 3751 5324 τεκαὶ

2229 5391 2579 5459 κυπάρισσος,
2599 5382 2888 5454 σηπεδόνος
2909 5398 2969 5433 τε
2988 5381 3080 5432 καὶ
3102 5377 3417 5447 διαφθορᾶς
3439 5367 3751 5459 ἀνεπίδεκτοςτ

2227 5482 2293 5535 δι’
2326 5445 2401 5533 ὧν
2444 5477 2506 5530 τὸ
2540 5445 2761 5545 μόνιπμόν
2804 5489 2865 5525 τε
2901 5471 2993 5524 καὶ
3030 5445 3424 5540 ἀμετάϐλητον
3582 5445 3756 5560 προς

2228 5572 2429 5643 ἀγαθὸν
2471 5570 2704 5640 σχέσεως
2730 5562 3071 5636 διερμηνεύει
3104 5560 3192 5630 τῷ
3217 5559 3389 5629 λόγῳ.
3444 5552 3562 5607 Ἐπὶ
3590 5552 3759 5601 τούτοις
