3928 6196
178 368 266 424 889

1215 363 1281 420 ΙΝ
1321 363 1617 420 CANTICA
1649 361 1914 419 CANTIC.
1962 367 2238 424 HOMIUA
2283 369 2370 423 Vl.

3289 366 3395 427 890

178 486 250 542 δὴ
269 481 588 552 συγκρίσεως
613 481 643 548 ἡ
673 479 808 550 πρὸς
834 479 894 532 τὸ
927 481 1172 550 κρεῖττον
1196 480 1365 544 αὐτῆς
1391 477 1711 550 παραλλαγὴ

1827 482 2122 536 )stcnditur
2154 483 2274 552 ejus
2320 482 2388 536 ab
2419 495 2484 535 eo
2517 480 2659 551 quod
2696 490 2778 535 est
2828 482 3024 540 melius
3065 480 3391 548 differentia,

176 577 436 640 δείκνυται,
461 573 554 625 καὶ
589 571 768 642 κρίνον
808 572 866 624 ἐν
907 570 1168 633 ἀκάνθαις
1201 569 1386 623 δοκεῖ·
1428 571 1522 622 καὶ
1557 569 1716 622 πάλιν

178 669 256 724 καὶ
297 667 416 736 παρ’
464 663 674 732 ἐκείνης
719 663 1019 733 καθορᾶται
1066 661 1161 715 τοῦ
1210 663 1444 732 νυμφίου
1493 663 1554 716 τὸ
1585 663 1717 727 πρὸς

177 759 282 821 τοὺς
307 756 489 818 ἄλλους
518 754 790 825 διάφορον.
826 754 1006 823 Μῆλον
1029 753 1137 824 γὰρ
1160 753 1486 824 ὀνομάζεται
1513 755 1716 824 μεταξὺ

175 847 421 920 δρυμῶνος
448 845 720 916 ἀκάρπου,
759 847 825 914 τῇ
862 846 1084 916 εὐχροία
1113 848 1210 916 τῆς
1240 844 1461 916 ὀπώρας
1493 845 1717 915 ὼραῖζό·

179 955 330 1010 μενον,
355 932 412 990 οῦ
436 937 531 1007 τὴν
565 936 722 990 σκιὰν
741 935 1046 989 ὑπελθοῦσα
1061 938 1117 989 ὲν
1136 936 1211 1006 τῷ
1227 938 1358 1006 οἴκῳ
1377 937 1600 1004 γίνεται,
1623 938 1716 990 καὶ

177 1030 343 1102 μύροις
372 1028 696 1098 στηρίζεται,
725 1029 816 1080 καὶ
845 1031 955 1091 τοῖς
984 1031 1218 1097 καρποῖς
1244 1029 1339 1081 τοῦ
1369 1029 1539 1099 μήλου
1577 1047 1718 1082 στοι-

175 1124 385 1186 ϐάζεται,
405 1120 496 1172 καὶ
523 1119 577 1171 τὸ
605 1119 862 1172 ἐκλεκτὸν
894 1119 1046 1188 βέλος
1067 1122 1124 1172 ὲν
1144 1124 1209 1191 τῇ
1237 1120 1430 1190 καρδίᾳ
1452 1120 1715 1191 δεξαμένη

174 1215 244 1267 διὰ
262 1215 349 1284 τῆς
371 1212 625 1282 γλυκείας
654 1212 889 1281 πληγῆς,
913 1211 1075 1266 πάλιν
1100 1213 1193 1266 καὶ
1224 1213 1362 1282 αὑτὴ
1399 1212 1550 1281 βέλος
1581 1213 1721 1280 γίνε-

172 1321 244 1357 ται
272 1306 324 1356 ὲν
349 1306 462 1364 ταῖς
489 1307 645 1372 χερσὶ
671 1302 764 1354 τοῦ
795 1303 1034 1367 τοξότου,
1061 1306 1160 1374 τῆς
1192 1305 1289 1374 μὲν
1313 1305 1593 1374 εὐωνύμου
1619 1306 1718 1375 τὴν

174 1392 380 1461 κεφαλὴν
409 1392 541 1462 πρὸς
573 1393 663 1445 τὸν
699 1391 811 1444 ἀνω
838 1393 1039 1446 σκοπὸν
1089 1392 1416 1462 εὐθυνούσης
1442 1413 1455 1426 ·
1510 1395 1610 1464 τῆς
1630 1395 1716 1448 δε-

173 1485 268 1550 ξιᾶς
294 1484 345 1536 δὲ
369 1484 500 1554 πρὸς
529 1484 732 1552 ἑαυτὴν
765 1483 1241 1559 διαλαμϐανούσης
1271 1486 1332 1538 τὸ
1358 1488 1529 1556 βέλος.
1567 1490 1718 1544 Μετά

171 1575 314 1630 ταῦτα
356 1576 427 1638 ὡς
461 1575 561 1646 ἤδη
619 1575 756 1646 πρὸς
793 1575 854 1628 τὸ
889 1576 1092 1628 τέλειον
1133 1577 1422 1644 φθάσασα,
1463 1581 1556 1633 καὶ
1600 1584 1720 1644 ταῖς

171 1668 350 1729 λοιπαῖς
380 1666 474 1740 τὴν
512 1667 609 1720 ἐπὶ
641 1667 733 1720 τὸν
768 1668 1101 1739 ποθούμενον
1145 1670 1455 1740 προθυμίαν
1499 1674 1722 1742 ὑφηγεῖ-

171 1773 241 1810 ται
262 1756 330 1825 τῷ
361 1756 518 1826 λόγῳ,
562 1757 632 1808 δι’
667 1758 934 1828 ὁρκισμοῦ
977 1777 1123 1823 τινος
1154 1761 1251 1832 τὴν
1287 1763 1509 1834 ἀγάπην
1539 1764 1718 1816 αὐτῶν

173 1849 512 1918 ἐπεγείρουσα.
557 1848 659 1911 Τίς
689 1845 783 1902 οῦν
811 1850 912 1904 οὐκ
949 1850 1014 1905 ἂν
1049 1853 1191 1906 εἴποι
1221 1855 1320 1924 τὴν
1343 1856 1433 1908 ἐπὶ
1467 1856 1717 1911 τοσοῦτον

173 1937 436 2005 ὑψωθεῖσαν
462 1939 648 2008 ψυχὴν
681 1939 739 1991 ὲν
778 1940 858 2010 τῷ
904 1941 1190 2012 ἀκροτάτῳ
1237 1945 1565 2015 γεγενῆσθαι
1606 1948 1718 2017 ὅρῳ

171 2027 247 2097 τῆς
268 2028 630 2100 τελειότητος;
670 2031 809 2084 Ἀλλ’
839 2033 989 2101 ὅμως
1016 2033 1078 2086 τὸ
1099 2034 1274 2105 πέρας
1299 2035 1407 2089 τῶν
1436 2038 1720 2109 προδιηνυ-

174 2120 351 2188 σμένων
379 2121 518 2192 ἀρχὴ
565 2121 778 2190 γίνεται
810 2125 909 2194 τῆς
938 2125 1029 2177 ἐπὶ
1059 2125 1128 2178 τά
1164 2127 1532 2198 ὑπερκείμενα
1576 2146 1720 2200 χειρ-

173 2211 396 2280 αγωγίας.
450 2214 646 2267 Πάντα
675 2215 782 2285 γὰρ
815 2217 1001 2270 ἐκεῖνα
1036 2219 1220 2287 φωνῆς
1255 2215 1388 2290 ἦχος
1436 2221 1717 2293 ἐνομίσθη,

172 2301 279 2368 πρὸς
307 2303 398 2372 τὴν
440 2303 546 2355 τῶν
582 2304 860 2372 μυστικῶν
899 2304 1130 2375 θεωρίαν
1159 2308 1256 2378 τὴν
1289 2309 1464 2380 ψυχὴν
1494 2310 1582 2362 διὰ
1623 2310 1721 2380 τῆς

170 2392 304 2461 ἀκοῆς
324 2394 780 2465 επιστρεςρούσης,
799 2398 891 2448 καὶ
917 2395 1133 2466 βλέπειν
1153 2400 1375 2469 ἄρχεται
1408 2401 1498 2454 τὸν
1531 2403 1722 2454 ποθού-

173 2499 318 2551 μενον,
345 2484 484 2554 ἄλλῳ
508 2485 649 2538 εἴδει
677 2489 790 2549 τοῖς
812 2487 1109 2558 ὀφθαλμοῖς
1138 2492 1561 2563 ἐμφαινόμενον.
1591 2499 1723 2564 Δορ-

170 2575 390 2648 κάδιγὰρ
426 2576 743 2647 ὁμοιοῦται,
785 2582 882 2632 καὶ
908 2582 1084 2653 νεϐρῷ
1129 2585 1562 2655 παρεικάζεται·
1629 2589 1724 2640 καὶ

169 2665 245 2734 οὐχ
263 2667 495 2737 ἔστηκεν,
525 2667 662 2722 οὔτε
698 2672 789 2725 ἐπὶ
817 2672 916 2744 τῆς
943 2675 1219 2748 ἡμετέρας
1253 2677 1448 2747 ὅψεως,
1481 2677 1606 2732 οὔτε
1633 2679 1724 2732 ἐπὶ

170 2752 244 2809 τοῦ
278 2756 431 2809 τόπου
466 2758 640 2811 αὐτοῦ
682 2760 743 2812 τὸ
786 2761 1112 2831 φαινόμενον
1135 2781 1148 2794 ο
1181 2764 1295 2817 ἀλλ’
1346 2767 1582 2837 ὲπιπηδᾷ
1612 2770 1722 2830 τοῖς

169 2843 337 2914 δρεσιν,
374 2847 478 2899 ἀπὸ
499 2847 620 2900 τῶν
645 2848 989 2920 ἀγροτηρίων
1018 2850 1110 2902 ἐπὶ
1135 2850 1231 2914 τὰς
1255 2851 1364 2904 τῶν
1395 2853 1597 2922 βουνῶν
1619 2851 1725 2917 ἐξο-

170 2941 250 3006 χάς
275 2938 690 3010 μεθαλλόμενος.
737 2942 846 2994 Καὶ
883 2941 1043 2996 πάλιν
1076 2945 1133 2996 ἐν
1166 2943 1372 3013 μείζονι
1393 2946 1721 2998 καταστάσει

169 3029 381 3100 ἡνύμφη
414 3031 655 3098 γίνεται.
686 3035 870 3103 φωνῆς
894 3033 1149 3104 δευτέρας
1179 3036 1315 3106 πρὸς
1342 3034 1511 3106 αὐτὴν
1542 3037 1723 3089 ἐλθού-

1819 587 1871 628 et
1916 575 2131 628 videtur
2170 591 2290 630 esse
2332 575 2506 627 lilium
2545 573 2689 627 inter
2739 574 2929 642 spinas
2967 592 2978 626 :
3015 581 3070 628 et
3104 589 3300 630 rursus
3337 574 3393 630 in

1820 666 1908 718 illa
1943 668 2184 719 cernitur
2217 666 2406 735 sponsi
2454 665 2523 719 ab
2559 663 2678 717 aliis
2707 663 3024 717 discrimen.
3072 664 3396 719 Nominatur

1819 756 1961 808 enim
2009 771 2226 824 pomum
2284 756 2338 810 in
2390 756 2541 826 sylva
2575 754 2748 809 sterili
2797 753 2943 808 bono
2979 754 3191 811 fructus
3228 757 3395 814 odore

1819 847 2155 912 decoratum,
2184 847 2343 916 cujus
2382 847 2629 900 umbram
2662 847 2780 914 ipsa
2825 847 3071 908 subiens,
3101 846 3318 902 exsistit
3341 849 3395 901 iu

1820 938 1980 991 domo
2014 938 2134 1000 viri,
2166 946 2219 992 et
2253 937 2481 991 fulcitur
2511 938 2832 1008 unguentis,
2859 945 2914 991 et
2944 938 3087 1007 pomi
3127 938 3398 994 fructibus

1821 1029 2075 1097 stipatur,
2103 1036 2154 1082 et
2182 1029 2352 1084 electa
2386 1029 2583 1099 sagitta
2617 1029 2671 1082 in
2699 1028 2865 1083 corde
2894 1044 2996 1083 suo
3030 1035 3275 1098 accepta,
3302 1043 3400 1099 per

1821 1118 2034 1172 dulcem
2075 1119 2288 1188 plagam
2325 1119 2441 1188 ipsa
2493 1133 2686 1173 rursus
2723 1119 2779 1171 lit
2809 1118 3002 1189 sagitta
3050 1119 3105 1171 in
3147 1118 3401 1172 manibus

1822 1211 2108 1280 sagittarii,
2144 1211 2366 1264 sinistra
2405 1209 2624 1280 quidem
2659 1209 2926 1279 dirigente
2970 1219 3135 1279 caput
3178 1209 3245 1263 ad
3274 1224 3434 1264 sco--

1821 1319 1948 1372 pum
1977 1318 2273 1371 supernum
2303 1318 2315 1353 :
2348 1303 2541 1356 dextra
2575 1308 2755 1355 autem
2785 1301 2851 1354 ad
2884 1301 3118 1370 seipsam
3145 1303 3396 1372 sagittam

1822 1401 2195 1447 eonvertente.
2248 1391 2376 1447 Post
2409 1393 2542 1454 haec,
2580 1400 2637 1444 ut
2672 1407 2792 1461 quae
2829 1391 2942 1461 jam
2972 1393 3282 1461 pervenerit
3329 1389 3400 1445 ad

1824 1484 1874 1537 id
1907 1483 2051 1553 quod
2079 1492 2163 1538 est
2197 1482 2525 1552 perfectum,
2569 1482 2784 1536 caeteris
2812 1496 2968 1536 suam
2996 1482 3050 1534 in
3081 1496 3204 1536 cum
3236 1495 3398 1551 quem

1822 1577 2121 1639 desiderat,
2165 1583 2385 1631 enarrat
2437 1575 2786 1637 charitatem,
2844 1573 3056 1627 ratione
3108 1573 3399 1643 cujusdam

1824 1667 2184 1737 adjurationis
2212 1682 2304 1721 eas
2331 1650 2578 1720 excitans
2605 1664 2670 1716 ad
2703 1663 3074 1716 dilectionem.
3107 1661 3242 1728 Quis
3267 1678 3401 1732 ergo
3427 1727 3444 1742 γ

1823 1774 1930 1812 non
1962 1757 2162 1811 dixerit
2191 1757 2428 1810 animam
2462 1769 2583 1824 qua:
2611 1761 2696 1808 est
2719 1752 2854 1807 adeo
2883 1753 3097 1808 sublata
3129 1756 3184 1809 in
3210 1755 3400 1817 altum.

1821 1851 2133 1920 pervenisse
2159 1848 2224 1902 ad
2261 1863 2536 1902 summum
2561 1847 2854 1901 terminum
2883 1844 3272 1916 perfectionis?
3293 1842 3398 1897 Sed

1822 1952 2002 1997 tamen
2049 1942 2168 1995 finis
2214 1955 2404 1994 eorum
2458 1954 2581 2009 qua:
2635 1941 2786 2008 prius
2842 1947 2970 1993 sunt
3017 1936 3291 1999 confecta,
3341 1934 3400 1988 ﬁt

1823 2033 2149 2104 principium
2202 2031 2544 2089 deductionis
2610 2028 2676 2082 ad
2706 2043 2768 2082 ea
2815 2043 2935 2098 qum
2970 2025 3397 2096 supereminent.

1819 2123 1952 2178 Nam
1984 2124 2074 2177 illa
2109 2121 2336 2177 omnino
2383 2129 2512 2174 sunt
2561 2120 2871 2174 existimata
2913 2133 3084 2172 sonus
3114 2117 3262 2170 vocis
3308 2129 3403 2185 per

1821 2219 2066 2273 auditum
2093 2216 2333 2269 animam
2359 2213 2737 2268 convcrtentis
2757 2212 2825 2266 ad
2854 2210 3182 2264 naturalium
3217 2223 3402 2264 rerum

1821 2308 2370 2378 contemplationem,
2407 2317 2460 2360 et
2491 2304 2682 2373 incipit
2702 2303 2886 2358 videre
2916 2317 3039 2356 eum
3067 2316 3225 2370 quem
3260 2299 3405 2354 desi-

1822 2401 1998 2467 derat,
2026 2401 2080 2454 in
2132 2399 2236 2452 alia
2283 2398 2465 2468 specie
2499 2404 2852 2466 apparentem
2896 2393 3097 2449 oculis.
3131 2390 3265 2445 Nam
3308 2405 3403 2444 ca-

1824 2509 1965 2564 prea:
1992 2491 2172 2549 evadit
2211 2491 2430 2554 similis,
2471 2499 2527 2544 et
2573 2488 2910 2542 assimilatur
2958 2486 3186 2542 hinnulo
3226 2483 3402 2549 cervi;

1824 2600 1925 2641 nec
1978 2592 2064 2640 est
2110 2585 2164 2637 in
2198 2590 2388 2638 nostro
2441 2581 2581 2644 visu,
2634 2593 2738 2634 nec
2776 2579 2829 2632 in
2864 2578 3056 2634 eodem
3097 2578 3219 2632 loco
3259 2575 3403 2646 quod

1824 2684 2082 2749 apparet;
2132 2673 2225 2730 sed
2257 2672 2387 2729 salit
2427 2671 2482 2726 in
2529 2677 2777 2733 montes,
2810 2683 2840 2722 a
2875 2668 3265 2738 promontoriis
3299 2667 3396 2723 sal-

1823 2779 1947 2825 tans
1989 2781 2155 2838 super
2189 2765 2425 2820 vertices
2465 2761 2712 2817 collium.
2755 2759 2820 2814 Et
2850 2774 3048 2814 rursus
3087 2759 3140 2812 in
3190 2758 3405 2814 meliori

1825 2868 1971 2916 statu
2000 2872 2204 2928 sponsa
2236 2854 2614 2916 constituitur,
2651 2865 2776 2906 cum
2810 2849 2878 2904 ad
2908 2865 3027 2904 eam
3061 2849 3273 2904 venerit
3299 2862 3410 2920 vox.

1825 2949 2088 3014 secunda,
2127 2963 2225 3019 per
2257 2960 2417 3017 quam
2460 2943 2724 2999 incitatur
2751 2951 2811 2996 ut
2849 2941 3122 3010 relinquat
3157 2939 3406 2993 umbram

1825 3057 1945 3113 qua:
1979 3038 2229 3111 procedit
2262 3053 2330 3093 ex
2362 3035 2590 3108 pariete,
2616 3043 2672 3089 et
2699 3027 2770 3090 sit
2799 3033 2900 3089 sub
2927 3032 3038 3097 dio,
3077 3039 3136 3085 ut
3161 3028 3410 3100 quiescat

171 3137 278 3190 σης,
319 3123 382 3175 δι’
419 3121 486 3196 ἦς
520 3128 883 3196 παρορμᾶται
926 3128 1247 3181 καταλιπεῖν
1280 3129 1375 3199 τὴν
1413 3129 1506 3182 τοῦ
1543 3130 1720 3199 τοίχου

1827 3133 1930 3190 sub
1956 3130 2195 3203 tegmine
2231 3137 2421 3200 petraa,
2475 3142 2594 3198 qua:
2619 3135 2703 3182 est
2733 3126 2889 3196 juxta
2914 3122 3405 3195 pr0puguaculum,

170 3209 320 3273 σκιὰν,
344 3213 431 3265 καὶ
460 3215 518 3268 έν
552 3213 810 3284 ὑπαίθρῳ
850 3216 1134 3284 γενέσθαι,
1177 3220 1270 3272 καὶ
1314 3223 1379 3289 τῇ
1413 3219 1591 3293 σκέπῃ
1625 3222 1722 3291 τῆς

168 3302 339 3373 πέτρας
372 3306 891 3371 συναναπαύεσθαι,
937 3309 1036 3379 τῆς
1079 3311 1342 3382 ἐχομένης
1375 3314 1470 3366 τοῦ
1505 3331 1722 3384 προτει-

168 3392 414 3464 χίσματος,
439 3400 532 3452 καὶ
571 3400 674 3469 τῆς
709 3401 931 3472 ἐαρινῆς
961 3402 1110 3475 ὧρας
1132 3407 1568 3476 κατατρυφῆσαι,
1603 3409 1724 3478 δρε-

169 3488 346 3557 πομένη
371 3490 464 3542 τοῦ
495 3490 700 3562 καιροῦ
725 3491 793 3544 τά
835 3493 970 3564 ἄνθη
1003 3496 1212 3564 ἀκμαῖα
1243 3497 1371 3550 ὅντα
1403 3499 1497 3550 καὶ
1527 3497 1722 3569 ὡραῖα,

169 3578 389 3650 καὶπρὸς
417 3583 598 3653 τομὴν
627 3585 938 3654 ἐπιτήδεια,
991 3588 1085 3640 καὶ
1119 3587 1219 3642 ὅσα
1264 3588 1398 3643 ἀλλα
1434 3589 1570 3661 πρὸς
1592 3591 1726 3644 ἀπό-

168 3665 328 3723 λαυσιν
349 3673 376 3724 ὁ
403 3675 604 3745 mir/3;
632 3677 744 3737 τοῖς
771 3676 1018 3746 τρυφῶσι
1053 3679 1358 3750 χαρίζεται,
1383 3683 1440 3735 ὲν
1473 3684 1592 3744 ταῖς
1618 3682 1727 3735 τῶν

170 3762 412 3826 μουσικῶν
444 3763 681 3834 ὀρνίθων
713 3769 916 3833 φωναῖς
940 3783 953 3796 ·
1010 3768 1078 3820 δι’
1111 3763 1188 3821 ὧν
1219 3769 1381 3823 πάλιν
1417 3770 1728 3842 τελειοτέρα

168 3851 396 3921 γινομένη
419 3855 452 3923 ἡ
478 3855 541 3907 νῦ
553 3872 694 3924 μφη,
723 3857 894 3928 αὐτὴν
927 3858 1069 3924 ἀξιοῖ
1102 3859 1196 3913 τοῦ
1229 3860 1601 3932 φθεγγομένου
1626 3864 1728 3934 τὴν

164 3934 267 4006 ὃψιν
290 3942 412 3996 ἰδεῖν
441 3946 738 4014 ἐμφανῶς.
772 3949 865 4001 καὶ
900 3950 991 4002 τὸν
1021 3951 1178 4018 λόγον
1211 3953 1340 4024 παρ’
1381 3953 1546 4006 αὐτοῦ
1571 3954 1727 4020 δέξα-

169 4029 291 4095 σθαι,
335 4037 531 4106 μηκέτι
579 4036 648 4089 δι’
696 4037 897 4108 ἐτέρων
928 4040 1318 4110 φθεγγόμενον.
1373 4044 1541 4097 Πάλιν
1585 4046 1729 4108 εἰκός

169 4117 293 4174 ἐστιν
316 4124 405 4176 ἐπὶ
426 4127 645 4190 τούτοις
679 4131 1086 4199 μακαρισθῆναι
1115 4133 1216 4202 τὴν
1243 4135 1441 4205 ψυχὴν,
1468 4135 1566 4204 τῆς
1593 4135 1732 4206 ὑψη-

167 4207 249 4282 λῆς
266 4215 586 4281 ἀναϐάσεως
604 4217 699 4271 τοῦ
720 4221 1021 4291 ἀκροτάτου
1041 4223 1150 4276 τῶν
1175 4225 1341 4278 ποθου
1349 4226 1524 4295 μένων
1548 4229 1728 4296 ὲφικο·

172 4302 333 4372 μένην.
371 4307 436 4360 Τί
461 4308 576 4378 γὰρ
606 4307 672 4361 ἄν
721 4326 805 4372 τις
837 4310 1022 4379 μεῖζον
1063 4313 1140 4368 είς
1173 4318 1522 4388 μακαρισμὸν
1549 4319 1733 4390 ἐννοή-

171 4409 309 4457 σειεν,
332 4398 425 4452 τοῦ
461 4400 632 4453 είδεῖν
651 4399 742 4452 τὸν
777 4400 909 4454 Θεόν
933 4419 948 4464 ;
992 4404 1151 4458 Ἀλλά
1174 4407 1266 4459 καὶ
1287 4407 1474 4472 τοῦτο,
1493 4409 1600 4463 τῶν
1635 4412 1734 4482 μὲν

1826 3234 1880 3281 et
1915 3240 1976 3280 se
2017 3223 2168 3278 verni
2197 3219 2460 3290 temporis
2492 3219 2708 3289 expleat
2742 3217 2978 3277 deliciis.
3011 3215 3277 3284 colligens
3308 3211 3409 3266 ﬂo-

1827 3333 1916 3373 res
1957 3317 2123 3386 hujus
2152 3314 2438 3384 temporis,
2474 3312 2568 3383 qui
2601 3319 2730 3367 sunt
2772 3309 2989 3380 pulchri
3023 3315 3077 3363 et
3105 3307 3408 3377 elegantes.

1825 3417 1880 3462 et
1907 3407 2016 3476 apti
2057 3405 2124 3460 ad
2169 3404 2490 3470 secandum,
2534 3411 2589 3458 et
2637 3416 2978 3473 quazcunque
3043 3399 3149 3454 alia
3196 3407 3413 3468 tempus

1829 3497 2060 3553 fruenda
2083 3497 2305 3552 exhibet
2333 3496 2401 3550 iis
2438 3495 2533 3564 qui
2563 3510 2623 3550 se
2647 3495 2868 3564 explent
2901 3493 3112 3548 deliciis
3142 3492 3196 3544 in
3232 3493 3410 3544 musi-

1828 3605 2014 3645 carum
2043 3590 2225 3644 avium
2268 3588 2534 3642 vocibus:
2574 3602 2668 3656 per
2693 3601 2815 3656 quae
2839 3599 3041 3654 sponsa
3076 3599 3268 3638 rursus
3289 3596 3413 3637 eva-

1828 3682 1963 3738 dens
2014 3679 2334 3752 perfectior,
2397 3695 2458 3734 se
2510 3678 2732 3748 dignam
2786 3684 2974 3730 censet
3017 3682 3074 3728 ut
3122 3673 3412 3728 manifeste

1830 3776 2103 3830 intueatur
2147 3771 2346 3825 faciem
2389 3769 2530 3838 ejus,
2585 3776 2640 3824 et
2683 3767 2803 3838 ejus
2832 3771 3138 3820 orationem
3174 3765 3412 3834 excipiat

1831 3865 1897 3918 ab
1930 3865 2073 3934 ipso,
2106 3862 2198 3932 qui
2239 3875 2348 3914 non
2395 3857 2629 3927 amplius
2675 3872 2773 3927 per
2814 3856 2981 3910 alium
3025 3854 3190 3910 verba
3221 3853 3408 3908 faciat.

1832 3954 2159 4010 Rursusest
2187 3959 2616 4008 consentaneum
2659 3957 2881 4019 propter
2910 3947 3025 4002 haec
3051 3947 3261 4002 beatam
3292 3947 3412 4002 exi-

1832 4047 2044 4103 stimari
2092 4045 2352 4110 animam,
2399 4057 2521 4113 qua:
2567 4042 2623 4096 in
2672 4041 2779 4095 alta
2810 4039 3136 4095 ascensione
3165 4041 3412 4110 pervenit

1833 4139 1899 4194 ad
1932 4151 2204 4193 summum
2248 4149 2436 4190 eorum
2470 4149 2594 4200 qua:
2629 4131 3032 4188 desiderantur.
3084 4130 3225 4196 Quid
3264 4131 3411 4184 enim

1833 4230 1900 4284 ad
1931 4227 2327 4284 beatitudinem
2368 4225 2549 4296 majus
2584 4231 2760 4294 potest
2792 4222 3092 4292 excogitari
3133 4236 3297 4290 quam
3330 4221 3412 4273 vi-

1833 4319 1963 4374 dere
1981 4317 2189 4373 Deum?
2218 4315 2322 4371 Sed
2349 4315 2454 4369 hoc
2480 4328 2700 4384 quoque
2725 4312 3052 4382 estquidem
3081 4311 3202 4364 finis
3221 4324 3410 4363 eorum

1835 4425 1957 4480 qua:
1981 4418 2198 4479 peracta
2227 4417 2376 4468 sunt.
2405 4398 2624 4461 ini'tium
2651 4420 2778 4461 vero
2819 4407 2933 4474 spei
2956 4418 3145 4457 eorum
3177 4418 3299 4472 qua:
3325 4417 3412 4456 suo

169 4485 624 4559 προδιηνυσμένων
650 4491 820 4561 πέρας
858 4493 994 4558 ἐστὶ,
1029 4495 1125 4564 τῆς
1155 4497 1212 4549 δὲ
1254 4498 1363 4550 τῶν
1403 4499 1724 4571 ὑπερκειμέ-

1835 4502 2194 4572 pereminent.
2231 4497 2444 4552 Rursus
2473 4497 2618 4552 enim
2671 4495 2825 4552 audit
2862 4510 3074 4558 vocem,
3108 4508 3229 4563 quae
3256 4493 3412 4562 jubet

169 4593 258 4629 νων
295 4578 505 4644 ἐλπίδος
549 4582 695 4651 ἀρχὴ
741 4583 966 4651 γίνεται.
1029 4587 1198 4640 Πάλιν
1238 4589 1346 4658 γὰρ
1396 4594 1494 4662 τῆς
1543 4593 1731 4664 φωνῆς

169 4667 333 4723 ἀκούει
358 4671 458 4741 τῆς
488 4673 948 4747 διακελευομένης
980 4680 1092 4740 τοῖς
1115 4679 1402 4750 θηρευταῖς
1439 4683 1529 4736 ἐπὶ
1557 4702 1730 4756 σωτη-

170 4758 247 4830 ρίᾳ
273 4761 377 4815 τῶν
409 4764 755 4834 ἀμπελώνων
783 4767 890 4820 τῶν
922 4768 1178 4836 λογικῶν,
1210 4771 1474 4842 ἀγρεῦσαι
1500 4774 1568 4828 τὰ
1598 4775 1728 4844 βλα-

168 4852 319 4905 πτικά
339 4854 444 4907 τῶν
465 4857 698 4926 καρπῶν
720 4857 904 4928 θηρία,
925 4862 1049 4923 τοὺς
1077 4865 1304 4933 μικροὺς
1327 4864 1568 4929 ἐκείνους
1596 4867 1735 4920 ἀλὼ-

169 4959 326 5009 πεκας
348 4963 362 4977 ·
403 4950 500 5002 καὶ
525 4949 715 5004 τούτου
743 4953 1053 5022 γενομένου,
1102 4960 1412 5028 μεταχωρεῖ
1439 4960 1505 5012 τά
1534 4961 1627 5015 δύο
1655 4967 1735 5028 είς

169 5033 376 5104 ἄλληλα,
413 5040 521 5092 ὅτε
546 5040 678 5104 Θεὸς
701 5043 759 5094 ὲν
797 5045 862 5112 τῇ
903 5042 1046 5114 ψυχῇ
1089 5047 1390 5118 γινόμενος,
1440 5054 1532 5106 καὶ
1575 5055 1736 5109 πάλιν

168 5125 237 5216 είς
269 5127 359 5180 τὸν
386 5129 523 5183 Θεὸν
573 5133 604 5202 ἡ
639 5132 782 5201 ψυχὴ
829 5136 1212 5203 μετοικίζεται.
1263 5141 1423 5208 Λέγει
1464 5149 1601 5216 γαρ,
1653 5147 1736 5200 ὅτι

171 5215 502 5288 Ἀδελςτιδός
557 5242 676 5292 μου
734 5227 901 5294 ἐμοί’
973 5229 1126 5297 κάγὼ
1177 5233 1236 5284 ἐν
1293 5234 1475 5304 αὐτῷ,
1543 5215 1627 5305 τῷ
1677 5240 1735 5291 ὲν

168 5310 269 5397 τοῖς
292 5319 493 5382 κρίνοις
528 5315 891 5384 ποιμαίνοντι,
925 5320 1018 5372 καὶ
1055 5321 1343 5390 μεταθέντι
1391 5325 1488 5394 τὴν
1523 5326 1734 5397 ἀνθρω-

169 5395 317 5486 πίνην
333 5400 479 5471 ζωὴν
525 5403 630 5456 ἀπὸ
657 5404 768 5457 τῶν
790 5408 1066 5462 σκιοειδῶν
1085 5412 1486 5482 φαντασμάτων
1513 5415 1605 5469 ἐπὶ
1629 5395 1732 5486 τὴν

170 5485 265 5578 τῶν
287 5489 452 5543 ὄντων
479 5491 753 5563 ἀλήθειαν.
791 5497 954 5569 Ὁρᾷς
984 5502 1065 5563 είς
1084 5501 1208 5556 ὅσον
1237 5505 1577 5576 ἀναϐέϐηκεν
1599 5485 1731 5578 ὕψος

169 5577 200 5646 ἠ
225 5578 284 5630 ὲκ
309 5580 588 5652 δυνάμεως
619 5588 697 5650 είς
723 5588 950 5661 δύναμιν
980 5593 1120 5648 κατὰ
1149 5595 1237 5648 τὸν
1269 5601 1603 5669 προφητικὸν
1633 5577 1732 5653 ποι

242 5763 282 5793 ’⁸
333 5761 479 5819 Psal.
533 5781 750 5837 Lxxxiu,
802 5771 856 5826 8.

1835 4591 2191 4648 venatoribus
2224 4598 2284 4644 ut
2315 4604 2418 4659 pro
2449 4589 2627 4644 salute
2664 4589 2944 4642 vinearum
2973 4587 3182 4640 ratione
3212 4585 3409 4655 prazdi-

1836 4694 2036 4745 tarum,
2091 4689 2358 4737 venentur
2411 4681 2675 4735 animalia
2725 4695 2848 4749 qua:
2905 4679 3119 4734 fructus
3184 4678 3409 4742 laedunt,

1836 4789 2029 4844 nempe
2057 4787 2250 4843 parvas
2295 4772 2417 4826 illas
2461 4773 2671 4840 vulpes.
2708 4770 2785 4824 Eo
2827 4778 3006 4825 autem
3045 4770 3186 4824 facto
3212 4769 3323 4832 duo
3357 4770 3413 4824 in

1834 4883 1895 4922 se
1932 4867 2164 4920 invicem
2194 4870 2502 4919 transeunt.
2550 4861 2684 4915 Nam
2715 4873 2769 4916 et
2815 4862 2956 4918 Deus
2996 4871 3081 4917 est
3119 4863 3171 4916 in
3203 4863 3410 4925 anima,

1832 4968 1886 5014 et
1919 4972 2117 5012 rursus
2147 4957 2330 5010 anima
2361 4955 2558 5025 migrat
2581 4955 2632 5008 in
2660 4955 2849 5009 Deum.
2882 4955 2971 5010 Ait
2993 4955 3160 5018 enim,
3187 4954 3414 5008 Patrue-

1837 5050 1901 5103 lis
1934 5063 2076 5103 meus
2113 5047 2276 5110 mihi,
2315 5054 2368 5101 et
2398 5061 2498 5115 ego
2525 5045 2603 5099 illi
2645 5046 2886 5114 pascenti
2915 5046 3208 5111 interlilia,
3231 5056 3284 5100 et
3314 5045 3414 5099 hu-

1836 5156 2053 5196 manam
2087 5139 2255 5193 vitam
2281 5138 2634 5192 transferenti
2667 5153 2696 5190 a
2723 5138 2856 5193 visis
2885 5138 3164 5192 umbrosis
3193 5138 3257 5191 ad
3291 5152 3412 5191 eam

1841 5249 1962 5302 quae
1987 5247 2113 5287 vere
2135 5240 2218 5286 est
2248 5231 2551 5285 veritatem.
2591 5229 2754 5283 Vides
2778 5232 2830 5283 in
2857 5239 3118 5299 quantam
3149 5227 3414 5284 ascende--

1843 5326 1913 5379 rit
1941 5323 2283 5379 altitudinem
2319 5325 2501 5376 anima
2529 5338 2652 5390 qua:
2675 5322 2832 5390 juxta
2861 5321 2911 5374 id
2943 5320 3087 5390 quod
3118 5319 3253 5374 dicit
3281 5319 3414 5373 Pro-

1840 5417 1999 5486 pheta
2029 5416 2071 5446 ¹³
2096 5456 2111 5478 ,
2139 5414 2381 5469 ambulat
2402 5430 2431 5466 a
2466 5413 2666 5466 virtute
2700 5413 2754 5465 in
2787 5411 3060 5476 virtutem,
3087 5417 3142 5463 ut
3168 5411 3415 5464 videatur

1838 5524 1961 5564 esse
1989 5515 2240 5563 assecuta
2282 5520 2556 5561 summum
2606 5503 2721 5572 spei
2764 5503 3054 5557 bonorum.
3090 5500 3229 5565 Quid
3261 5500 3410 5554 enim

1841 5610 1922 5656 est
1954 5599 2138 5662 altius,
2167 5612 2328 5666 quam
2371 5610 2492 5651 esse
2531 5595 2584 5647 in
2623 5594 2740 5661 ipso
2780 5595 2873 5661 qui
2907 5593 3274 5654 desideratur,
3314 5598 3414 5644 aut
