3928 6196
510 347 606 405 891

1746 358 1800 413 s.
1843 357 2168 415 cascoau
2209 362 2496 430 EYSSENI
3591 377 3671 430 sar.

509 475 634 516 eum
675 462 767 531 qui
799 462 1144 520 desideratur
1176 467 1228 521 in
1271 471 1510 538 seipsum
1549 475 1860 544 suscipere?
1890 477 1953 530 Et
1988 489 2066 531 ta-

2188 483 2453 552 ρευομένη
2480 482 2657 549 λόγον,
2693 483 2768 543 ὡς
2802 481 2894 533 τοῦ
2923 481 3218 551 ἀκροτάτου
3256 484 3342 553 τῆς
3382 487 3474 537 τῶν
3502 490 3678 557 ἀγαθῶν

511 567 633 606 men
665 569 788 607 cum
833 556 884 608 in
914 571 980 609 eo
1009 556 1196 620 fuerit,
1245 574 1436 616 rursus
1475 563 1822 625 lamentatur,
1877 577 1934 620 ut
1965 584 2086 637 qum

511 644 637 698 boni
677 645 746 699 sit
772 646 1055 716 indigens:
1107 657 1160 703 et
1203 661 1257 704 ιιι
1301 669 1422 721 qua:
1454 655 1692 708 nondum
1727 657 1921 712 habeat
1955 675 2083 728 pro-

512 737 747 805 posltum
778 739 1057 805 desiderii,
1100 743 1317 812 angitur
1346 757 1398 799 et
1423 757 1504 800 est
1538 749 1814 816 perplexa,
1853 765 2083 819 eamque

511 829 924 896 perplexitatem
982 832 1178 887 animae
1229 839 1544 891 narratione
1599 855 1695 892 sua
1760 839 1965 910 profert
2026 843 2080 894 in

509 919 807 987 publicutn.

2187 571 2399 633 ἐλπίδος
2443 571 2795 641 τετυχηκέναι
2827 571 3041 637 δοκεῐν;
3085 572 3150 623 Τί
3182 574 3284 643 γάρ
3311 575 3546 647 ἀνώτερον
3602 591 3680 639 τοῦ

2187 661 2245 713 ἐν
2288 660 2432 729 αὐτῷ
2479 659 2728 729 γενέσθαι
2769 659 2846 729 τῷ
2884 659 3233 730 ποθουμένφ,
3277 664 3362 715 καὶ
3388 665 3436 717 ἐν
3463 667 3588 736 αὐτῷ
3611 671 3682 722 τὸν

2188 751 2518 821 ποθούμενον
2539 750 2789 816 δέξασθαι
2809 767 2824 814 ;
2859 750 2996 802 Ἀλλ’
3019 751 3166 820 ὅμως
3194 752 3249 803 ἐν
3275 753 3432 823 τούτῳ
3447 759 3680 828 γενομένην

2187 841 2348 893 πάλιν
2373 842 2449 903 ὡς
2491 839 2674 908 ἐνδεὴς
2719 835 2854 891 οὖσα
2881 839 2976 892 τοῦ
3007 839 3210 908 ἀγαθοῦ
3249 843 3570 913 ἀποδύρεται·
3611 851 3684 901 καὶ

2187 931 2260 993 ὼς
2297 932 2462 1000 μήπω
2488 930 2690 1000 ἔχουσα
2715 931 2775 982 τὸ
2813 933 2877 1000 τῇ
2916 930 3178 1000 ἐπιθυμίᾳ
3201 933 3544 1002 προκείμενον,
3573 939 3688 1007 ἀμη-

507 1011 660 1076 χανεῖ
686 1026 742 1060 τε
776 1011 868 1062 καὶ
892 1011 1226 1082 δυσχεραίνει
1258 1015 1350 1067 καὶ
1379 1017 1476 1087 τὴν
1509 1020 1760 1089 τοιαύτην
1788 1021 1886 1090 τῆς
1905 1021 2082 1091 ψυχῆς
2154 1022 2469 1091 ἀμηχανίαν
2526 1021 2838 1090 δημοσιεύει
2871 1020 2948 1090 τῷ
2989 1021 3279 1091 διηγήματι
3323 1025 3410 1076 καὶ
3438 1025 3566 1088 ὅπως
3591 1024 3687 1098 εὗρε

504 1101 566 1153 τδ
595 1099 944 1171 ζητούμενον,
976 1103 1280 1173 ὑπογράφει
1302 1108 1379 1177 τῷ
1410 1109 1569 1180 λόγῳ.

578 1192 701 1246 [hec
737 1201 915 1246 autem
955 1197 1136 1248 omnia
1158 1199 1420 1253 discimus
1448 1216 1542 1269 per
1565 1207 2074 1276 contemplationem

505 1285 800 1337 Verborum
838 1285 892 1338 in
921 1294 1178 1339 contextu
1212 1288 1368 1341 nobis
1392 1295 1820 1360 propositorum,
1843 1312 1937 1365 per
1955 1315 2076 1367 qua:

505 1386 687 1444 aperte
715 1375 996 1440 docemur,
1028 1378 1174 1446 quod
1207 1395 1383 1448 neque
1435 1383 1543 1437 ullo
1601 1385 1703 1438 (ine
1752 1391 2075 1444 terminatur

504 1466 825 1533 magnitudo
851 1465 1049 1520 divina:
1083 1478 1308 1533 naturis,
1349 1488 1524 1541 neque
1556 1476 1701 1531 ullus
1750 1480 1943 1535 modus
1973 1495 2066 1534 co-

503 1557 763 1624 gnitinnis
826 1557 892 1612 fit
948 1561 1215 1616 terminus
1280 1564 1662 1622 intellectionis
1710 1585 1896 1623 eorum
1953 1587 2072 1640 quae

503 1658 845 1714 quau-untur,
877 1665 991 1717 quo
1023 1662 1271 1720 oporteat
1304 1671 1361 1708 se
1394 1657 1610 1724 sistere,
1643 1676 1709 1713 ne
1757 1665 2072 1731 prOgredia-

2247 1199 2432 1252 Ταῦτα
2477 1199 2533 1252 δὲ
2580 1199 2755 1253 πάντα
2800 1199 2888 1252 διὰ
2928 1201 3026 1270 τῆς
3062 1201 3169 1254 τῶν
3209 1207 3552 1275 προκειμένων
3585 1213 3688 1282 ἡμῖν

2178 1292 2357 1363 ῥητῶν
2401 1290 2634 1360 θεωρίας
2666 1291 3026 1360 μανθάνομεν,
3061 1292 3126 1343 δι’
3169 1286 3243 1346 ὧν
3274 1297 3450 1363 σαφῶς
3485 1299 3691 1354 διδασκόο

2179 1383 2338 1452 μεθα,
2383 1381 2442 1433 τὸ
2489 1383 2625 1450 μήτε
2656 1383 2761 1433 τινὶ
2807 1383 3000 1452 πέρατι
3048 1383 3108 1433 τὸ
3145 1385 3418 1452 μεγαλεῖον
3459 1392 3547 1458 τῆς
3573 1392 3694 1455 Θείας

2171 1472 2446 1542 ὁρίζεσθαι
2494 1471 2742 1538 φύσεως,
2793 1474 2926 1542 μήτε
2976 1490 3026 1523 τι
3077 1473 3328 1539 γνώσεως
3378 1477 3558 1548 μέτρον
3593 1481 3694 1552 ὅρον

2175 1561 2416 1628 γίνεσθαι
2450 1562 2546 1629 τῆς
2585 1562 2693 1613 τῶν
2729 1561 3075 1630 ζητουμένων
3109 1567 3504 1635 κατανοήσεως,
3544 1571 3642 1638 μεθ’
3675 1574 3697 1624 ὁ

2180 1653 2367 1721 στῆναι
2397 1653 2499 1722 χρὴ
2523 1655 2621 1721 τῆς
2650 1653 2740 1704 ἐπὶ
2766 1652 2826 1703 τὸ
2857 1653 3042 1722 πρόσω
3069 1656 3261 1724 φορᾶς,
3285 1655 3372 1707 τὸν
3391 1656 3492 1710 τῶν
3518 1660 3701 1729 ὑψηλῶν

521 1712 533 1714 -
895 1712 909 1717 -
1059 1712 1074 1720 ι
1599 1712 1609 1724 ι
1695 1712 1702 1713 ’
1757 1712 1781 1730 τ
1832 1712 1906 1731 ’0⁷
1929 1712 2043 1717 “““””

504 1746 594 1790 tur
625 1753 687 1791 ac
719 1751 1108 1808 promoveatur
1139 1745 1369 1799 ulterius
1403 1747 1448 1800 is
1478 1749 1569 1817 qui
1603 1751 1855 1804 sublimia
1894 1770 2066 1821 perse<

2177 1712 2499 1812 ὀρεγόμένον
2531 1758 2544 1772 ’
2578 1712 2710 1794 ’ἀλλ’
2747 1712 2916 1804 οὕτως
2949 1712 3091 1812 ἔχειν
3120 1712 3214 1797 τὸν
3237 1745 3322 1797 διὰ
3362 1747 3454 1816 τῆς
3487 1712 3700 1818 ὑπερκει-

502 1833 691 1898 quitnr
719 1849 733 1885 :
765 1832 858 1884 sed
890 1832 963 1886 ita
996 1850 1053 1889 se
1083 1847 1234 1905 gerat
1285 1837 1331 1892 is
1373 1840 1465 1908 qui
1517 1856 1612 1910 per
1667 1839 2076 1912 supereminen-

503 1922 637 1975 liuni
681 1922 1106 1979 intellectionem
1165 1927 1230 1980 ad
1291 1945 1578 1997 supernam
1613 1934 1784 1985 currit
1820 1945 2072 1998 mentem,

504 2022 560 2065 ut
589 2013 768 2067 omnis
801 2013 1064 2082 perfectio
1089 2019 1421 2087 cognitionis
1442 2037 1602 2090 quam
1629 2023 1862 2076 humana
1899 2035 2076 2093 potest

503 2106 721 2174 assequi
760 2116 978 2172 natura,
1007 2109 1076 2164 sit
1105 2111 1430 2179 principium
1464 2111 1716 2166 desiderii
1741 2130 1927 2168 eorum
1955 2135 2074 2187 qua:

503 2205 632 2248 sunt
658 2199 980 2252 excelsiora.
1015 2199 1144 2253 Mihi
1189 2208 1368 2254 autem
1434 2202 1723 2271 diligenter
1785 2208 2072 2262 considera

501 2284 554 2338 id
587 2287 731 2355 quod
763 2296 846 2341 est
880 2290 1216 2358 propositum
1255 2291 1319 2343 ad
1352 2298 1849 2363 contemplandum,
1894 2303 1937 2354 si
1970 2302 2072 2356 hoc

501 2379 652 2444 prius
686 2389 864 2433 mente
913 2382 1411 2449 comprehenderis,
1471 2385 1616 2453 quod
1681 2388 1951 2444 thalamus
1988 2401 2071 2445 est

501 2469 790 2535 scripturae
815 2473 1115 2538 corporalis
1144 2473 1461 2542 descriptio,
1495 2482 1549 2528 et
1595 2479 1854 2544 nuptialis
1904 2496 2071 2549 appa-

499 2566 654 2611 ratus
686 2562 965 2614 materiam
993 2561 1086 2615 dat
1111 2567 1578 2634 contemplationi;
1611 2583 1639 2620 a
1669 2571 1868 2637 quibus
1905 2575 2073 2640 philo-

500 2648 712 2714 sophia,
751 2652 817 2705 ad
853 2653 905 2706 id
957 2655 1099 2721 quod
1135 2662 1220 2709 est
1252 2671 1446 2724 purum
1479 2666 1533 2710 et
1588 2673 1783 2726 expers
1833 2664 2072 2716 materiae

499 2741 895 2794 sententiarum
924 2753 977 2798 et
1009 2745 1208 2799 mentis
1252 2747 1674 2814 conceptionuni
1727 2752 2070 2808 transferens

499 2835 950 2904 signiﬁcationes,
999 2851 1096 2905 per
1141 2852 1202 2891 ea
1263 2854 1384 2907 qua:
1438 2839 1490 2892 in
1545 2841 1678 2909 ipsis
1737 2855 2072 2914 peraguntur

498 2927 749 2996 producit
775 2926 1051 2996 dogmata,
1089 2936 1246 2982 utens
1279 2929 1347 2984 iis
1383 2945 1501 2998 quae
1534 2932 1670 2985 ﬁunt
1716 2934 1768 2986 in
1804 2937 2069 3005 aenigma-

2180 1833 2344 1903 μένης
2393 1835 2771 1903 κατανοήσεως
2801 1834 2893 1885 ἐπὶ
2925 1835 3014 1887 τὸν
3044 1836 3156 1888 ἄνω
3197 1838 3453 1906 τρέχοντα
3478 1838 3610 1903 νοῦν,
3644 1842 3702 1904 ὼς

2177 1920 2354 1978 πᾶσαν
2403 1927 2709 1994 τελειότητα
2752 1926 3002 1994 γνώσεως
3051 1928 3149 1996 τὴν
3183 1931 3405 2000 ὲφικτὴν
3434 1934 3494 2002 τῇ
3527 1933 3702 2002 ἀνθρω-

2177 2017 2306 2086 πίνῃ
2359 2017 2548 2084 φύσει,
2597 2018 2770 2087 ἀρχὴν
2819 2017 3061 2084 γίνεσθαι
3109 2019 3211 2088 τῆς
3256 2021 3361 2072 τῶν
3404 2021 3707 2092 ὑψηλοτέρων

2174 2109 2486 2178 ἐπιθυμίας.
2518 2110 2627 2162 Καί
2649 2126 2738 2178 μοι
2775 2110 2963 2161 σκόπει
2989 2109 3055 2161 δι’
3084 2110 3370 2180 ἀκρίϐειαν
3392 2099 3490 2166 ’τὸν
3523 2117 3706 2183 προκεί-

2177 2217 2336 2269 μενον
2378 2203 2440 2270 τῇ
2495 2201 2695 2270 θεωρίᾳ
2741 2200 2914 2268 λόγον,
2962 2200 3119 2253 τοῦτο
3167 2205 3614 2274 προκατανοήσας,
3645 2207 3710 2258 ὅτι

2174 2287 2411 2358 θάλαμός
2441 2293 2588 2342 ἐστιν
2619 2292 2649 2360 ή
2683 2291 2965 2362 σωματικὴ
2999 2292 3092 2344 τοῦ
3125 2293 3289 2362 λόγου
3316 2296 3608 2366 ὑπογραφὴ,
3636 2299 3711 2349 καὶ

2172 2381 2380 2448 γαμική
2416 2398 2498 2443 τις
2524 2381 2803 2452 διασκευὴ,
2835 2383 3016 2435 δίδωσι
3047 2387 3109 2455 τῇ
3147 2385 3348 2456 θεωρίᾳ
3376 2387 3470 2449 τὰς
3497 2388 3631 2449 ὕλας,
3650 2383 3711 2440 ὧν

2173 2469 2205 2538 ή
2235 2468 2538 2536 φιλοσοφία,
2576 2472 2709 2540 πρὸς
2738 2475 2794 2524 τὸ
2820 2473 3056 2544 καθαρόν
3087 2492 3146 2526 τε
3177 2478 3270 2528 καὶ
3301 2478 3458 2530 ἅῦλον
3498 2496 3714 2547 μετενεγ-

2172 2557 2342 2610 κοῦσα
2383 2559 2480 2621 τὰς
2527 2559 2632 2612 τῶν
2674 2562 2958 2630 νοημάτων
2991 2566 3279 2632 ἐμφάσεις,
3316 2567 3401 2619 διὰ
3436 2568 3535 2618 τῶν
3562 2569 3713 2629 αὐτοῖς

2173 2648 2600 2717 ἐπιτελουμένων
2633 2651 2860 2720 προάγει
2893 2653 2962 2704 τά
2993 2654 3260 2722 δόγματα,
3301 2661 3410 2719 τοῖς
3454 2659 3555 2709 τῶν
3594 2675 3715 2725 γινο-

2175 2738 2348 2807 μένων
2370 2741 2649 2808 αἰνίγμασι
2680 2744 3102 2813 συγχρησαμένη
3143 2747 3282 2816 πρὸς
3310 2749 3407 2818 τὴν
3434 2748 3534 2800 τῶν
3563 2748 3717 2817 δηλου-

2174 2829 2349 2898 μένων
2401 2833 2715 2902 σαφήνειαν.
2762 2835 2977 2904 Ἐπειδὴ
3028 2837 3210 2890 τοίνυν
3259 2838 3476 2908 νύμφην
3510 2841 3600 2909 μὲν
3637 2841 3719 2890 ὑπ-

2171 2919 2323 2973 έθετο
2355 2922 2451 2992 τὴν
2482 2922 2658 2995 ψυχὴν
2686 2925 2714 2976 ό
2761 2916 2934 2993 λόγος,
2959 2928 2987 2979 ό
3005 2927 3059 2979 δὲ
3086 2928 3143 2994 ἐξ
3175 2929 3306 2999 ὅλης
3327 2931 3550 3002 καρδίας
3573 2948 3623 2982 τε
3643 2930 3718 2982 καὶ

499 3014 647 3069 tibus
678 3016 744 3068 ad
774 3015 1098 3070 declaranda
1125 3032 1188 3071 ea
1216 3033 1336 3086 qua:
1367 3019 1766 3086 significantur.
1798 3023 2065 3089 Quoniam

2173 3011 2344 3081 ψυχῆς
2396 3015 2485 3065 καὶ
2521 3014 2802 3083 δυνάμεως
2843 3018 2972 3086 παρ’
3005 3019 3175 3086 αὐτῆς
3205 3021 3567 3090 ἀγαπώμενος
3593 3022 3719 3085 Θεὸς,

496 3119 626 3175 ergo
659 3105 943 3175 Scriptura
971 3107 1207 3160 animam
1241 3109 1425 3176 posuit
1470 3127 1592 3166 esse
1641 3130 1895 3183 sponsam
1923 3136 1936 3171 :
1972 3119 2066 3188 qui

497 3204 680 3249 autem
710 3211 777 3249 ex
813 3204 926 3248 toto
961 3195 1148 3256 corde,
1187 3208 1239 3250 et
1269 3201 1469 3262 anima,
1499 3213 1549 3256 et
1596 3204 1794 3259 virtute
1829 3208 1896 3259 ab
1950 3211 2066 3275 ipsa

496 3285 744 3354 diligitur
775 3284 937 3346 Deus,
963 3295 1193 3340 vocatur
1213 3302 1472 3356 sponsus,
1499 3303 1917 3362 consequenter,
1946 3313 2066 3365 qua:

495 3375 646 3428 venit
677 3375 744 3427 ad
776 3390 1072 3439 summum,
1103 3383 1162 3430 ut
1187 3378 1556 3445 existimabat,
1579 3398 1766 3436 eorum
1803 3401 1921 3453 quae
1943 3401 2066 3454 spe-

494 3476 709 3525 rantur,
759 3477 812 3520 et
843 3466 953 3535 jam
989 3484 1048 3522 se
1094 3479 1555 3540 contemperatam
1595 3475 1893 3529 arbitratur
1939 3494 2062 3532 cum

493 3576 559 3615 eo
589 3559 680 3627 qui
729 3560 1090 3626 desideratur,
1126 3562 1324 3616 lectum
1386 3567 1623 3634 appellat
1678 3568 2061 3636 perfectiorem

494 3649 622 3704 boni
657 3651 1152 3720 participationem,
1186 3661 1241 3707 et
1293 3665 1508 3710 noctem
1543 3658 1676 3711 dicit
1731 3668 1942 3728 tempus
1979 3671 2060 3716 te-

493 3741 789 3795 nebrarum
817 3760 830 3796 :
864 3757 959 3810 per
992 3757 1187 3797 nomen
1220 3753 1402 3800 autem
1432 3749 1632 3812 noctis,
1663 3751 1903 3804 ostendit
1931 3767 2061 3807 con-

492 3833 897 3901 templationem
935 3848 1123 3887 eorum
1175 3851 1296 3904 qua;
1350 3853 1456 3891 non
1496 3839 1700 3892 eadunt
1767 3841 1868 3894 sub
1903 3857 2061 3910 aspe-

491 3929 664 3986 ctum,
699 3923 764 3976 ad
804 3924 1219 3980 similitudinem
1251 3927 1418 3982 Mosis
1448 3930 1540 3998 qui
1591 3930 1690 3982 fuit
1721 3930 1773 3983 in
1827 3932 2058 4000 caligine

490 4014 545 4066 in
571 4029 675 4082 qua
716 4023 833 4067 erat
865 4013 1027 4076 Dens,
1059 4018 1173 4084 qui,
1207 4025 1264 4071 ut
1297 4020 1370 4070 ait
1406 4019 1672 4089 Propheta
1701 4021 1764 4084 ",
1803 4023 2058 4081 tenebras

490 4109 673 4178 posuit
698 4109 979 4162 latibulum
1009 4127 1165 4164 suum
1204 4112 1256 4165 in
1293 4114 1524 4167 circuitu
1554 4130 1672 4170 suo.

561 4199 616 4253 In
651 4216 756 4270 qua
784 4216 906 4253 cum
943 4201 1126 4265 fuerit,
1161 4203 1388 4256 docetur
1435 4206 1578 4273 quod
1631 4215 1840 4262 tantum
1904 4212 2058 4267 abest

489 4301 552 4346 ut
583 4294 893 4348 ascenderit
948 4295 1013 4347 ad
1053 4294 1464 4363 perfectionem,
1505 4306 1564 4348 ut
1608 4313 1677 4350 ne
1730 4299 2052 4368 principium

2174 3106 2401 3174 νυμφίος
2428 3110 2871 3179 κατονομάζεται,
2895 3114 3200 3177 ἀκολούθως
3228 3117 3322 3168 ἐπὶ
3350 3118 3410 3169 τὸ
3435 3117 3716 3187 ἀκρότατον,

2172 3195 2246 3256 ὡς
2279 3196 2433 3265 ᾣετο,
2477 3199 2586 3251 τῶν
2635 3201 2999 3272 ἐλπιζομένων
3046 3205 3300 3269 ἐλθοῦσα,
3335 3209 3432 3261 καὶ
3474 3209 3566 3278 ἤδη
3610 3207 3722 3275 πρὸς

2170 3284 2260 3338 τὸν
2328 3289 2658 3359 ποθούμενον
2719 3295 3120 3364 ἀνακεκρᾶσθαι
3183 3299 3493 3368 νομίσασα,
3566 3299 3722 3362 κοίτην

2170 3375 2421 3446 ὀνομάζει
2455 3382 2553 3452 τὴν
2591 3382 2928 3456 τελειοτέραν
2951 3386 3047 3439 τοῦ
3071 3389 3283 3456 ἀγαθοῦ
3320 3391 3622 3459 μετουσίαν,
3650 3390 3723 3441 καὶ

2169 3467 2336 3520 νύκτα
2382 3471 2546 3538 λέγει,
2592 3474 2680 3527 τὸν
2733 3474 2826 3527 τοῦ
2885 3477 3106 3541 σκότους
3141 3481 3372 3550 καιρόνο
3420 3481 3509 3532 διὰ
3553 3480 3604 3532 δὲ
3645 3477 3721 3530 τοῦ

2167 3557 2424 3629 ὀνόματος
2471 3563 2568 3632 τῆς
2605 3565 2815 3630 νυκτὸς,
2863 3568 3197 3622 ἐνδείκνυται
3241 3570 3352 3622 τῶν
3387 3571 3622 3641 ἀοράτων
3644 3566 3724 3636 τὴν

2168 3648 2433 3722 θεωρίαν,
2468 3655 2588 3708 καθ’
2615 3657 2902 3727 ὁμοιότητα
2941 3659 3034 3710 τοῦ
3083 3661 3370 3724 Μωῦσέως
3392 3703 3407 3726 ,
3457 3660 3548 3712 τοῦ
3580 3662 3632 3712 ὲν
3661 3657 3724 3725 τῷ

2166 3741 2349 3810 γνόφῳ
2381 3745 2658 3810 γεγονότος
2687 3748 2743 3798 ἐν
2776 3741 2820 3814 ᾧ
2867 3744 2932 3817 ἦν
2961 3751 2989 3800 ὁ
3026 3751 3159 3808 Θεὸς
3181 3764 3195 3778 ·
3251 3752 3312 3813 ὃς
3359 3751 3530 3809 ἔθετο,
3569 3745 3725 3809 καθώς

2166 3849 2330 3900 φησιν
2358 3835 2386 3885 ό
2417 3837 2722 3908 Προφήτης,
2774 3839 2962 3902 σκότος
3002 3841 3336 3911 ἀποκρυφὴν
3373 3841 3535 3895 αὑτοῦ
3568 3839 3726 3907 κύκλῳ

2166 3939 2350 3976 αυτου.

2245 4207 2332 4260 Ἐν
2379 4203 2423 4276 ᾧ
2475 4214 2806 4277 καταστᾶσα,
2841 4214 2955 4265 τότε
2995 4211 3332 4275 διδάσκεται,
3373 4213 3456 4264 ὅτι
3500 4205 3724 4260 τοσοῦτον

2163 4301 2366 4368 ἀπέσχε
2395 4301 2487 4352 τοῦ
2537 4303 2786 4372 ἐπιϐῆναι
2831 4304 2929 4372 τῆς
2975 4305 3344 4374 τελειότητος,
3381 4305 3499 4355 ὅσοι
3531 4301 3574 4350 οἱ
3609 4292 3719 4365 μηδὲ

489 4387 707 4455 quidem
742 4387 1004 4456 attigerit.
1037 4385 1155 4438 Jam
1190 4388 1358 4449 enim,
1403 4387 1601 4456 inquit,
1662 4389 1728 4443 iis
1762 4406 1880 4459 qua;
1929 4401 2058 4446 sunt

2173 4393 2258 4459 τὴν
2289 4390 2461 4461 ἀρχὴν
2490 4393 2925 4464 ἐγχειρήσαντες.
2979 4395 3116 4466 Ἤδη
3146 4395 3286 4466 γὰρ,
3321 4394 3510 4464 φησὶν,
3541 4391 3607 4450 ὡς
3635 4385 3722 4438 τῶν

493 4479 752 4547 perfecta,
788 4481 1028 4549 dignata,
1062 4486 1115 4531 et
1151 4485 1408 4547 tanquam
1441 4478 1494 4531 in
1521 4479 1660 4533 lecto
1686 4483 1942 4550 quopiam
1971 4499 2060 4539 eo-

493 4583 613 4621 rum
629 4584 748 4636 quze
768 4567 1122 4637 suntc0gnita
1143 4569 1653 4636 comprehensionis
1684 4571 2054 4638 requiescens,

492 4658 712 4727 quando
745 4672 893 4711 eram
941 4655 1085 4709 intra
1119 4671 1181 4709 ea
1213 4671 1334 4724 qua:
1382 4670 1488 4708 non
1515 4656 1718 4710 cadunt
1763 4659 1865 4712 sub
1901 4675 2059 4730 aspe-

491 4759 660 4810 ctum,
693 4748 900 4802 relictis
945 4749 1218 4812 sensibus,
1255 4749 1472 4816 quando
1505 4750 1828 4804 continebar
1873 4752 2058 4807 divina

492 4847 678 4902 nocte,
720 4853 969 4908 quarens
1005 4854 1126 4892 eum
1165 4841 1255 4907 qui
1293 4840 1492 4893 latebat
1523 4841 1575 4893 in
1613 4842 1843 4911 caligine
1877 4862 1888 4897 :
1927 4853 2059 4898 tunc

493 4931 716 4999 quidem
757 4930 1021 4983 habebam
1055 4930 1401 4984 dilectionem
1441 4931 1494 4984 in
1536 4947 1659 4985 eum
1705 4934 1798 5001 qui
1844 4933 2062 4989 deside-

494 5021 716 5074 rabatur
740 5038 755 5085 ;
793 5021 1029 5088 idipsum
1063 5028 1240 5074 autem
1267 5022 1411 5088 quod
1437 5023 1767 5092 diligebatur
1790 5027 2061 5089 evolabat,

493 5117 552 5162 ut
584 5109 634 5163 id
666 5108 1072 5179 apprchendere
1098 5125 1204 5162 non
1236 5117 1458 5177 possent
1491 5113 1867 5180 cogitationes.
1899 5114 2061 5179 Quae-

492 5206 674 5254 rebam
710 5202 853 5254 enim
904 5201 1082 5268 ipsum
1121 5199 1173 5253 in
1212 5200 1352 5254 lecto
1380 5215 1500 5255 meo
1533 5214 1717 5267 noctu,
1757 5213 1814 5258 ut
1845 5220 2062 5260 nossem

398 5340 400 5343 ,
492 5307 613 5361 qua:
645 5293 715 5346 sit
754 5292 872 5360 ejus
901 5292 1163 5354 essentia,
1201 5293 1346 5346 unde
1386 5293 1630 5362 incipiat,
1666 5311 1775 5363 quo
1821 5296 2057 5360 desinat,

492 5382 550 5438 in
579 5399 818 5453 quonam
849 5397 1002 5437 suam
1042 5383 1238 5438 habeat
1267 5385 1582 5439 essentiam.
1613 5385 1718 5439 Sed
1741 5401 1848 5439 non
1876 5387 2060 5443 inveni

492 5474 710 5543 ipsum:
742 5474 932 5529 vocavi
973 5474 1152 5544 ipsum
1188 5477 1531 5540 nominatim,
1564 5487 1827 5545 quantum
1885 5492 1916 5531 a
1973 5494 2058 5536 me

491 5565 608 5621 ﬁeri
639 5567 835 5636 potuit,
865 5574 926 5620 ut
951 5565 1250 5623 invenirem
1303 5568 1355 5622 in
1392 5568 1612 5624 nomine
1665 5569 1785 5639 ejus
1813 5569 1907 5640 qui
1948 5584 2056 5626 non

491 5824 498 5833 '
566 5735 607 5766 ⁸³
678 5743 822 5801 Psal.
883 5761 1015 5811 xvn,
1058 5747 1139 5800 l2.

2164 4481 2384 4533 τελείων
2419 4481 2707 4544 ἀξιωθεῖσα
2731 4522 2746 4544 ,
2794 4483 3040 4554 καθάπερ
3077 4486 3167 4537 ἐπὶ
3220 4485 3418 4553 κοίτης
3463 4480 3599 4539 τινὸς
3638 4488 3718 4538 της

2165 4570 2270 4622 τῶν
2297 4571 2650 4640 ἐγνωσμένων
2680 4572 3034 4642 καταλήψεως
3073 4574 3331 4642 ἐμαυτὴν
3372 4569 3717 4625 ἀναπαύουσαν

2166 4663 2254 4712 ὅτε
2286 4661 2392 4713 τῶν
2425 4662 2669 4730 ἀοράτων
2715 4664 2865 4725 ἐντὸς
2909 4665 3173 4734 ἐγενόμην
3200 4703 3215 4725 ,
3274 4658 3640 4716 καταλιποῦσα
3667 4650 3717 4700 τὶ

2167 4751 2511 4821 αἰσθητήρια.
2543 4754 2631 4805 ὅτε
2682 4755 3039 4824 περιεσχέθην
3065 4757 3131 4824 τῇ
3162 4753 3293 4824 θείᾳ
3340 4752 3528 4810 νυκτὶ,
3568 4746 3646 4798 τὸν
3673 4743 3718 4792 ὲν

2166 4844 2243 4914 τῷ
2275 4845 2457 4914 γνόφῳ
2499 4844 2879 4914 κεκρυμμένον
2929 4843 3283 4915 ἀναζητοῦσα
3310 4883 3324 4907 ,
3377 4844 3498 4896 τότε
3528 4841 3616 4906 τὴν
3639 4833 3715 4903 μὲν

2161 4936 2381 5006 ἀγάπην
2403 4937 2537 5005 πρὸς
2560 4937 2620 4989 τὸ
2642 4937 2969 5007 ποθούμενον
2990 4934 3133 5006 εἶχον
3154 4952 3168 4964 ·
3201 4936 3346 4989 αὐτὸ
3367 4935 3425 4988 δὲ
3445 4933 3505 4987 τὸ
3527 4923 3718 4997 ἀγαπώ-

2165 5041 2322 5094 μενον
2349 5025 2536 5094 διέπτη
2557 5027 2665 5078 τῶν
2692 5026 2965 5096 λογισμῶν
2991 5027 3094 5095 τὴν
3118 5027 3322 5096 λαϐήν.
3370 5024 3613 5090 Ἐζήτουν
3632 5015 3716 5083 γάρ

2159 5117 2322 5169 αὑτὸν
2361 5117 2451 5169 ἐπὶ
2491 5120 2556 5189 τῇ
2603 5119 2756 5190 κοίτῃ
2791 5134 2905 5189 μου.
2927 5117 2984 5169 ὲν
3012 5119 3130 5178 ταῖς
3158 5116 3343 5179 νυξὶν,
3379 5115 3519 5168 ὥστε
3547 5107 3716 5177 γνῶναι

2158 5209 2241 5272 τίς
2277 5211 2310 5279 ή
2339 5209 2515 5274 οὐσία,
2553 5209 2714 5262 πόθεν
2743 5211 2991 5280 ἄρχεται,
3019 5210 3099 5270 είς
3129 5207 3541 5275 τίικασιαλήγει.
3569 5201 3650 5252 καὶ
3670 5199 3715 5246 ἐν

2161 5299 2264 5352 τίνι
2297 5301 2358 5352 τὸ
2387 5296 2524 5354 εἶναι
2561 5301 2692 5370 ἔχει.
2740 5299 2875 5351 Ἀλλ’
2919 5300 3015 5369 οὐχ
3065 5293 3225 5368 εὗρον
3256 5298 3427 5351 αὐτόν
3459 5312 3472 5326 ⁸
3521 5289 3714 5345 ἐκάλουν

2161 5393 2322 5446 αὐτὸν
2355 5391 2414 5456 ἐξ
2451 5393 2729 5461 ὀνόματος,
2774 5392 2850 5453 ὡς
2889 5387 2956 5461 ἦν
3000 5407 3088 5461 μοι
3115 5391 3352 5442 δυνατὸν
3391 5388 3623 5456 ἐξευρεῖν
3643 5380 3716 5431 ἐπὶ
3800 5438 3814 5470 ,-

2163 5482 2256 5534 τοῦ
2283 5481 2724 5550 ἀκατονομάστου
2759 5480 3041 5550 ὀνόματος.
3085 5479 3228 5532 Ἀλλ’
3257 5480 3364 5532 οὐκ
3395 5474 3461 5548 ἦν
3487 5473 3718 5542 ὀνόματος

2163 5573 2399 5644 ἔμφασις
2447 5574 2480 5641 ή
2526 5572 2926 5642 καθικνουμένη
2971 5570 3337 5640 ζητουμένου.
3403 5569 3525 5628 Πῶς
3565 5562 3661 5630 γὰρ
3694 5557 3720 5607 ὸ
