3928 6196
235 373 329 424 8θῆ

1259 358 1323 412 ΙΝ
1360 357 1650 413 (ΙΑΝΠΩᾹ
1691 359 1955 417 (ἊΝΤΞΟ.
2007 360 2284 415 llOlllLlA
2327 361 2414 418 Vl.

3332 362 3433 422 8.35

232 476 351 543 ὑτὲρ
371 473 468 525 πᾶν
495 472 658 541 ὄνομα
682 470 761 525 ῶν
789 470 875 525 διὰ
897 472 993 544 τῆς
1017 473 1377 545 όνομαστικῆς
1411 477 1653 547 κλήσεως
1682 478 1738 544 ἐξ

1871 486 2045 549 potest
2076 479 2364 532 muninari.
2404 478 2507 532 Sed
2543 493 2647 531 non
2684 486 2801 533 erat
2833 479 3074 535 nominis
3105 481 3436 553 significatio

226 561 447 631 ευοεθείη
469 578 482 622 ;
508 556 578 613 Οὑ
607 560 765 632 χάριν
791 563 975 632 φησιν,
1010 561 1093 615 ὅτι
1128 562 1422 616 Ἐκάλεσα
1441 567 1645 626 αὑτὸν,
1666 567 1763 616 καὶ

226 654 322 720 οὐχ
347 651 643 715 ὑπήκουσέ
666 670 806 719 μου.
840 653 972 705 Τότε
998 654 1167 720 ἐγνων
1196 655 1276 707 ὅτι
1305 655 1402 723 τῆς
1425 655 1764 725 μεγαλοπρε-

224 743 381 803 πείας,
412 746 504 812 τῆς
533 743 710 813 δόξης,
742 745 840 812 τῆς
871 745 1178 815 ἁγιωσύνης
1205 746 1366 798 αὐτοῦ
1394 748 1491 798 οὑκ
1523 746 1635 799 ἔστι
1666 749 1760 798 τῖες

228 848 330 901 ρας.
375 833 461 883 Διὸ
504 834 662 885 πάλιν
703 835 1302 905 διανίστησιν“ἐαυτὴν,
1344 837 1436 889 καὶ
1483 822 1761 909 περιπολεῖ

217 924 275 993 τῇ
301 923 496 992 διανοίᾳ
520 924 617 993 τὴν
643 925 838 995 νοητήν
869 941 925 976 τε
960 925 1055 977 καὶ
1084 926 1451 995 ὑπερκόσμιον
1487 927 1665 995 φύσιν,
1699 929 1760 996 ἢν

218 1013 353 1065 πόλιν
376 1013 748 1083 κατονομάζει,
774 1016 833 1065 ἐν
929 1017 984 1067 αἱ
1020 1015 1182 1084 ἀρχαί
1214 1031 1270 1067 τε
1299 1016 1391 1067 καὶ
1421 1018 1757 1087 κυριότητες,

216 1101 298 1153 καὶ
315 1103 359 1152 οἱ
382 1103 495 1163 ταῖς
520 1101 789 1165 ἐξουσίαις
814 1102 1242 1171 ἀποτεταγμένοι
1270 1102 1446 1174 θρόνοι
1465 1120 1477 1133 ο
1515 1104 1549 1173 ἥ
1574 1121 1632 1156 τε
1656 1104 1761 1158 τῶν

217 1194 527 1263 ἐπουρανίων
557 1196 864 1265 πανήγυρις
885 1235 898 1255 ,
946 1197 1012 1263 ἣν
1039 1195 1245 1265 ἀγορὰν
1270 1194 1543 1265 ὀνομάζει,
1582 1198 1672 1249 καὶ
1701 1198 1761 1249 τὸ

213 1284 560 1355 ἀπερίληπτον
608 1285 827 1355 ἀριθμῷ
878 1285 1084 1355 πλῆθος
1108 1326 1123 1351 ,
1175 1285 1203 1337 ὃ
1239 1285 1316 1356 τῷ
1354 1287 1454 1357 τῆς
1492 1288 1760 1352 ’πλατείας

212 1374 528 1444 διασημαίνει
562 1376 805 1445 ὀνόματι,
839 1378 887 1428 εί
932 1377 1040 1446 ἄρα
1085 1378 1143 1429 ἐν
1185 1376 1391 1441 τούτοις
1420 1379 1667 1449 εὑρεθείη
1700 1379 1760 1431 τὸ

210 1467 568 1536 ἀγαπώμενον.
599 1469 663 1521 Ἠ
688 1468 784 1538 μὲν
802 1465 894 1521 οὖν
916 1469 1142 1539 περιῆκε
1164 1469 1557 1541 διερευνωμὲνη
1581 1472 1759 1523 πᾶσαν

209 1558 482 1629 ἀγγελικὴν
520 1559 914 1629 διακόσμησιν,
962 1562 1052 1613 καὶ
1101 1561 1175 1624 ὡς
1220 1562 1317 1613 οὑκ
1364 1558 1499 1615 εἶδεν
1546 1564 1602 1614 ὲν
1646 1567 1758 1626 τοῖς

208 1649 483 1719 εὑρεθεῖσιν
505 1651 731 1717 ἀγαθοῖς
755 1652 814 1704 τὸ
847 1650 1196 1721 ζητούμενον,
1227 1653 1384 1705 τοῦτο
1413 1653 1533 1706 καθ’
1558 1653 1757 1724 ἑαυτὴν

206 1738 479 1805 ἐλογίσατο·
506 1734 663 1810 Ἀρα
713 1739 816 1795 κᾶν
857 1742 1086 1804 ἐκείνοις
1124 1743 1325 1811 ληπτόν
1372 1745 1484 1796 ἐστι
1529 1744 1589 1795 τὸ
1625 1746 1754 1813 παρ’

1863 583 1983 636 qua:
2020 569 2351 638 pertingeret
2389 583 2560 638 usque
2594 567 2658 620 ad
2689 568 2739 627 id
2774 572 2919 638 quod
2950 572 3237 640 qua-ritur.
3287 573 3433 641 Quo.

1865 659 2025 709 modo
2055 659 2197 711 enim
2234 660 2324 728 qui
2354 666 2437 713 est
2463 674 2625 728 supra
2655 674 2815 713 omne
2841 676 3059 724 nomen,
3090 663 3269 718 οὔρει-ἰ
3306 682 3431 734 pos-

1864 746 1932 797 sit
1967 763 2058 814 per
2112 750 2453 802 vocationem
2509 750 2793 803 nominis?
2843 750 3203 814 Quamobrem
3261 755 3427 820 dicit,

1878 835 2068 889 Vocavi
2098 841 2351 905 ipsum,el
2373 857 2472 892 mm
2504 841 2674 892 audiit
2708 857 2808 893 me.
2839 840 2992 895 Tunc
3026 845 3251 912 cognovi
3282 844 3428 914 quod

1864 929 2297 995 Iltttglliﬁtft’lllla’,
2327 931 2533 999 gloriae,
2555 932 2861 984 sanctitatis
2879 932 2998 1000 ejus
3023 948 3128 986 non
3159 941 3236 988 est
3278 935 3424 991 linis.

1861 1014 2222 1079 Quamobrem
2266 1020 2381 1087 ipsa
2420 1036 2613 1074 rursus
2664 1022 2929 1091 exsurgit,
2990 1030 3044 1076 et
3074 1024 3187 1077 obit
3217 1026 3425 1095 cogita-

1863 1094 2008 1160 tione
2036 1109 2557 1176 supramuudanam.
2586 1118 2637 1163 et
2668 1126 2786 1180 quae
2815 1113 3167 1183 intelligentia
3194 1094 3426 1185 percipi-

1861 1203 1966 1258 tur,
2004 1208 2275 1262 naturam,
2314 1216 2475 1268 quam
2510 1211 2664 1254 vocat
2704 1203 3003 1269 civitatem,
3043 1205 3095 1258 in
3160 1221 3265 1274 qua
3295 1215 3425 1261 sunt

1858 1286 2195 1355 principatus
2226 1297 2277 1342 et
2306 1289 2721 1350 dominationes,
2769 1308 2831 1345 ac
2877 1295 3234 1363 potestatibus
3283 1299 3423 1352 assi-

1858 1378 2002 1442 gnati
2038 1378 2238 1437 throni,
2276 1391 2328 1433 et
2357 1382 2659 1433 cmlestium
2692 1392 3012 1447 conventus,
3048 1399 3207 1453 quem
3244 1386 3418 1439 lorum

1857 1467 2121 1530 nominat,
2154 1476 2207 1522 et
2232 1469 2802 1539 incomprehensibilis
2847 1488 3074 1527 numero
3108 1473 3419 1542 multitudo,

1856 1570 2015 1623 quam
2053 1558 2318 1624 signiﬁcat
2348 1560 2567 1613 nomine
2601 1560 2809 1628 plateae,
2843 1576 2912 1614 an
2954 1562 3007 1615 in
3044 1563 3123 1616 eis
3172 1564 3419 1618 invenia-

1822 1655 1827 1659 '
1858 1654 1944 1698 tur
1975 1647 2025 1699 id
2053 1647 2196 1715 quod
2226 1648 2490 1717 diligitur.
2548 1650 2725 1720 Atque
2763 1653 2850 1704 illa
2886 1652 3104 1721 quidem
3162 1665 3418 1710 scrutans

1856 1735 1967 1788 obit
2000 1751 2212 1791 omnem
2253 1739 2558 1808 angelicum
2590 1741 2912 1807 exercitum,
2938 1750 2991 1796 et
3021 1757 3144 1795 cum
3174 1744 3227 1796 in
3260 1746 3416 1802 bonis

204 1827 322 1897 ἐμοῦ
347 1829 742 1899 ἀγαπώμενον;
781 1831 889 1885 Καί
919 1850 1051 1903 φησι
1085 1834 1219 1903 πρὸς
1244 1834 1434 1896 αὑτούς,
1457 1851 1470 1866 ·
1516 1834 1610 1900 Μὴ
1639 1833 1743 1886 κᾶν

1858 1828 2089 1881 inventis
2119 1844 2222 1882 non
2251 1829 2479 1884 vidisset
2507 1831 2558 1884 id
2589 1832 2733 1900 quod
2760 1833 3121 1901 quaerebatur,
3153 1834 3252 1888 hoc
3275 1837 3415 1903 apud

203 1919 350 1987 ὑμεῖς
395 1920 466 1973 ὃν
506 1921 832 1989 ἠγάπησεν
882 1924 920 1991 ἠ
966 1924 1135 1991 ψυχή
1177 1942 1317 1993 μου,
1361 1924 1568 1988 Idem;
1616 1926 1751 1977 Σιω-

203 2011 464 2079 πησάντων
501 2011 566 2064 δὲ
615 2011 752 2080 πρὸς
778 2012 878 2081 τὴν
903 2013 1160 2083 τοιαύτην
1208 2013 1494 2083 ἐρώτησιν,
1543 2016 1637 2067 καὶ
1664 2015 1753 2068 διά

200 2102 281 2167 τῆς
310 2102 511 2170 σιωπῆς
550 2102 937 2171 ἐνδειξαμένων
969 2103 1027 2155 τὸ
1057 2104 1325 2167 κάκείνοις
1354 2104 1590 2173 ἄληπτον
1612 2100 1749 2158 εἶναι

198 2189 248 2242 τὸ
289 2193 411 2261 παρ’
455 2193 635 2262 αὑτῆς
669 2193 1026 2264 ζητούμενον,
1072 2194 1146 2259 ὡς
1191 2194 1429 2263 διεξῆλθε
1469 2199 1534 2266 τῇ
1583 2197 1745 2249 πολυ-

199 2282 538 2354 πραγμοσύνῃ
576 2284 674 2352 τῆς
705 2284 944 2347 διανοίας
975 2286 1155 2339 πᾶσαν
1198 2286 1411 2356 ἐκείνην
1440 2286 1538 2356 τὴν
1579 2287 1747 2357 ὑπερ-

198 2372 397 2439 κόςμιον
438 2374 620 2433 πόλιν,
651 2374 744 2426 καὶ
772 2375 889 2427 οὑδὲ
917 2376 975 2426 ἐν
1003 2377 1113 2437 τοῖς
1145 2379 1350 2445 νοητοῖς
1381 2394 1439 2429 τε
1476 2379 1571 2430 καὶ
1601 2381 1744 2431 ἀσω-

198 2464 363 2526 μάτοις
388 2460 528 2517 οἶδεν
562 2464 621 2517 δν
646 2465 909 2534 ἐπόθησεν
936 2482 950 2496 ο
991 2465 1112 2517 τότε
1152 2466 1523 2521 καταλιποῦσα
1552 2472 1659 2522 πᾶν
1685 2471 1746 2523 τὸ

195 2553 581 2624 εὑρισκόμενον,
601 2554 743 2608 οὕτω
761 2575 771 2581 ·
792 2555 1051 2628 ἐγνώρισε
1070 2556 1131 2608 τὸ
1155 2557 1501 2627 ζητούμενον,
1522 2562 1579 2611 ἐν
1602 2560 1746 2630 μόνῳ

196 2642 261 2711 τῷ
285 2645 351 2712 μὴ
386 2640 908 2714 καταλαμϐάνεσθαι
937 2645 990 2697 τί
1024 2642 1191 2709 ἐστὶν,
1226 2647 1308 2699 ὅτι
1338 2647 1453 2700 ἐστὶ
1486 2651 1745 2716 γινωσκό-

196 2748 362 2800 μενον,
403 2730 462 2787 οὗ
507 2735 626 2786 πᾶν
672 2734 955 2804 γνώρισμα
1000 2736 1437 2805 καταληπτικδν,
1484 2739 1739 2813 ἐμπόδιον

192 2823 287 2895 τοῖς
312 2824 644 2897 ἀναζητοῦσι
670 2826 806 2896 πρὸς
829 2825 929 2896 τὴν
958 2825 1172 2897 εὕρεσιν
1194 2826 1423 2895 γίνεται.
1462 2829 1558 2881 Διά
1586 2829 1743 2882 τοῦτό

192 2930 303 2981 φησι
320 2932 331 2945 ⁸
363 2917 580 2992 Μικρὸν
598 2918 686 2975 ὅτε
708 2915 979 2985 παρῆλοον
1004 2917 1099 2970 ἀπ’
1129 2918 1326 2979 αὐτῶν,
1348 2920 1542 2987 ἀφεῖσα
1565 2921 1741 2972 πᾶσαν

189 3004 271 3072 τὴν
298 3004 478 3066 κτίσιν,
517 3006 619 3057 καὶ
655 3004 997 3076 παρελθοῦσα
1033 3008 1139 3060 πᾶν
1165 3008 1225 3061 τὸ
1255 3011 1312 3060 ἐν
1350 3011 1414 3079 τῇ
1443 3010 1617 3061 κτίσει
1655 3027 1740 3062 νο-

189 3094 405 3163 ούμενον,
443 3097 540 3151 καὶ
593 3098 771 3149 πάσαν
817 3097 1229 3167 καταληπτικὴν
1277 3098 1461 3167 ἔφοδον
1512 3100 1737 3154 καταλι-

1851 1933 1910 1971 se
1937 1918 2379 1988 cogitavit:Num
2412 1922 2799 1991 comprehendi
2830 1930 3010 1993 potest
3041 1923 3171 1978 illud
3204 1925 3347 1995 quod
3382 1943 3413 1981 a

1850 2022 1935 2060 me
1962 2008 2238 2077 diligitur?
2261 2018 2315 2063 et
2353 2009 2485 2063 dicit
2513 2011 2593 2065 eis
2625 2029 2640 2066 :
2670 2010 2923 2081 Nunquid
2948 2030 3035 2067 vos
3067 2029 3215 2082 quem
3241 2016 3411 2087 diligit

1849 2098 2028 2148 anima
2060 2114 2197 2160 mea,
2228 2099 2470 2156 vidistis?
2515 2100 2649 2153 Cum
2698 2110 2877 2155 autem
2914 2103 2992 2156 illi
3020 2106 3317 2158 tacuissent
3345 2106 3413 2157 ad

1846 2201 1964 2241 eam
2015 2188 2515 2258 interrogationem,
2569 2200 2622 2245 et
2661 2191 2891 2257 silentio
2928 2194 3262 2249 iudicassent
3307 2194 3413 2251 illis

1847 2291 2062 2345 quoque
2088 2294 2209 2333 esse
2258 2280 2811 2350 incomprehensibile
2876 2281 2927 2335 id
2985 2283 3130 2353 quod
3167 2285 3235 2338 ab
3295 2286 3412 2354 ipsa

1846 2368 2135 2435 quau-itur;
2168 2378 2456 2439 postquam
2494 2370 2656 2425 nimis
2712 2371 2933 2425 curioso
2987 2374 3167 2427 studio
3201 2376 3412 2445 cogita-

1846 2459 2010 2511 tionis
2040 2460 2346 2527 peragravit
2380 2460 2526 2512 illam
2557 2460 3059 2529 supramundanam
3096 2465 3368 2519 civitatem
3393 2506 3410 2531 ,

1847 2556 1973 2601 tunc
2036 2549 2226 2602 relicto
2263 2549 2515 2604 universo
2561 2553 2704 2619 quod
2774 2552 3173 2616 inveniebatur,
3209 2556 3283 2609 ita
3318 2571 3411 2610 co-

1845 2638 2032 2705 gnovit
2064 2637 2114 2691 id
2145 2637 2291 2707 quod
2331 2640 2699 2708 quaerebatur,
2733 2651 2791 2695 ut
2815 2643 2865 2695 ei
2900 2644 3096 2710 solum,
3141 2647 3284 2715 quod
3327 2647 3413 2702 in-

1843 2727 2171 2795 telligeretur
2199 2745 2305 2782 non
2341 2744 2501 2799 posse
2532 2731 2941 2800 comprehendi,
2986 2745 3412 2804 cognosceretur

1842 2832 1981 2883 esse,
2014 2819 2172 2886 cujus
2212 2835 2373 2874 omne
2407 2821 2620 2889 signum
2653 2837 2717 2876 ac
2749 2823 3010 2878 indicium
3048 2829 3410 2895 comprehen-
3459 2852 3470 2862 ο

1842 2904 1996 2968 deus,
2045 2903 2103 2956 ﬁt
2138 2905 2584 2974 impedimentum
2624 2909 2690 2962 iis
2733 2910 2823 2979 qui
2874 2921 3126 2981 qua-runt
3172 2916 3236 2967 ad
3287 2916 3408 2985 ejus

1841 2991 2229 3048 inventionem.
2263 2994 2552 3066 PrOpterea
2584 2998 2714 3053 dicit
2741 3018 2753 3054 :
2779 3000 3188 3071 Quamprimum
3216 3021 3405 3075 parum

1844 3084 1911 3137 ab
1935 3085 2017 3140 eis
2054 3087 2268 3149 transii,
2324 3088 2511 3144 relicta
2563 3091 2708 3144 omni
2775 3103 3045 3153 creatura.
3079 3103 3132 3148 et
3189 3109 3408 3165 praeter-

189 3184 357 3259 ποῦσα,
386 3190 448 3259 τῇ
484 3186 676 3240 πίστει
711 3182 867 3257 εὗρον
896 3187 955 3240 τὸ
986 3187 1347 3258 ἀγαπώμενον
1366 3206 1379 3219 ·
1430 3190 1525 3244 καὶ
1552 3190 1735 3243 οὑκέτι

1843 3177 2008 3231 misso
2041 3179 2295 3232 universo
2337 3179 2484 3248 quod
2536 3180 2860 3251 intelligitur
2925 3183 2980 3235 in
3018 3196 3312 3252 creatura;
3352 3196 3408 3240 et

191 3274 381 3349 μεθήσω
407 3281 472 3348 τῇ
506 3276 618 3347 τῆς
656 3278 890 3341 πίστεως
924 3277 1063 3349 λαϐῇ
1108 3278 1200 3333 τοῦ
1232 3279 1545 3350 εὑρεθέντος
1586 3282 1738 3335 ἀντε-

187 3365 382 3436 χομένη,
427 3368 536 3431 ἕως
586 3367 653 3421 ἂν
701 3366 851 3431 ἐντὸς
893 3367 1117 3438 γένηται
1141 3367 1233 3422 τοῦ
1274 3369 1406 3440 ἐμοῦ
1447 3371 1694 3441 ταμιείου
1720 3389 1733 3404 ·

184 3458 351 3527 καρδία
378 3460 433 3514 δέ
461 3460 689 3523 πάντως
716 3460 778 3513 τὸ
797 3462 1042 3529 ταμιεῖόν
1074 3463 1240 3524 ἐστιν,
1291 3463 1324 3535 ἢ
1376 3464 1497 3517 τότε
1529 3465 1736 3533 γίνεται

182 3546 376 3623 δεκτικὴ
402 3553 502 3624 τῆς
555 3552 709 3616 θείας
739 3556 1083 3627 ἐνοικήσεως,
1123 3556 1251 3611 ὅταν
1297 3558 1565 3630 ἐπανέλθῃ
1601 3561 1737 3631 πρὸς

181 3641 263 3710 τὴν
301 3645 637 3701 κατάστασιν
671 3646 907 3717 ἐκείνην,
942 3647 1000 3699 ἐν
1122 3648 1184 3700 τὺ
1224 3649 1503 3721 καταρχὰς
1530 3646 1618 3721 ἦν,
1647 3652 1735 3707 ὅτε

182 3730 397 3804 ἐπλάσθη
430 3735 543 3790 ὑπὸ
587 3734 688 3804 τῆς
728 3734 1117 3807 συλλαϐούσης.
1160 3736 1387 3809 Μητέρα
1428 3739 1484 3791 δὲ
1520 3740 1735 3804 πάντως

180 3819 263 3889 τὴν
298 3823 517 3895 πρώτην
565 3823 667 3893 τῆς
711 3823 1021 3887 συστάσεως
1059 3824 1213 3895 ἡμῶν
1257 3826 1437 3883 αἰτίαν
1467 3827 1602 3881 νοῶν
1630 3844 1731 3889 τις,

181 3910 261 3981 οὑχ
284 3915 680 3991 ἁμαρτήσεται.

210 4060 425 4152 Ἧαιρὸς
463 4083 511 4134 δ’
563 4080 630 4134 ἂν
674 4082 758 4151 εῐη
813 4081 973 4135 πάλιν
1029 4083 1115 4135 ἐπ’
1165 4085 1334 4153 αὑτῆς
1390 4084 1489 4154 τῆς
1537 4084 1734 4150 λέξεως

183 4169 494 4237 παραθέσθαι
526 4170 628 4236 τὰς
660 4172 809 4235 θείας
840 4173 1040 4242 φωνὰς,
1073 4173 1212 4227 ὥστε
1243 4177 1354 4237 τοῖς
1383 4170 1734 4245 θεωρηθεῗσιν

178 4262 574 4337 ἐφαρμοσθῆναι
629 4268 697 4320 τά
759 4269 1001 4338 ῥήματα.
1065 4270 1187 4323 Ἐπὶ
1235 4273 1445 4338 κοίτην
1487 4289 1606 4341 μου
1663 4273 1733 4325 ἐν

178 4354 332 4417 νυξὶν
362 4356 627 4426 ἐζητησα
670 4358 743 4412 ὃν
779 4359 1099 4428 ἠγάπησεν
1124 4362 1161 4429 ή
1188 4361 1358 4431 ψυχή
1395 4380 1534 4431 μου.
1575 4361 1731 4431 Ἐζή-

177 4457 310 4509 rutra
355 4450 570 4513 αὑτὸν,
630 4449 728 4501 καὶ
786 4451 898 4519 οὐχ
960 4446 1141 4520 εὗρον
1190 4455 1413 4506 αὐτόν·
1466 4453 1730 4508 ἐκάλεσα
1761 4489 1805 4544 D

176 4535 359 4601 αὐτὸν,
384 4539 481 4593 καὶ
517 4542 634 4609 οὐχ
665 4540 983 4606 ὑπήκουσέ
1005 4559 1144 4611 μου.
1184 4543 1623 4615 Ἀναστήσομαι
1651 4545 1727 4615 δὴ

174 4628 257 4680 καί
294 4631 592 4688 κυκλὼσω
634 4630 703 4683 ἐν
743 4630 819 4699 τῇ
851 4634 1057 4695 πόλει,
1103 4633 1172 4685 ἐν
1203 4633 1332 4697 ταῖς
1362 4635 1604 4702 ἀγοραῖς
1631 4636 1730 4693 καὶ

173 4713 233 4765 ἐν
263 4718 385 4784 ταῖς
414 4720 731 4785 πλατείαις
752 4761 768 4783 ,
822 4720 920 4780 καὶ
964 4718 1195 4789 ζητήσω
1235 4722 1307 4774 ὄν
1343 4722 1663 4791 ἠγτίπησεν
1689 4726 1726 4792 ἠ

172 4807 323 4874 ψυχή
345 4827 486 4877 μου.
523 4807 816 4876 Ἐὔθτησα
840 4810 1045 4873 αὑτὸν.
1071 4811 1167 4864 καὶ
1188 4813 1300 4879 οὐχ
1327 4810 1507 4881 εὖρον
1520 4816 1725 4869 αὐτόν.

173 4897 431 4963 εὖροσὼο
469 4918 549 4969 με
588 4904 642 4954 οι
679 4901 1002 4969 τηροῦντες
1050 4904 1104 4955 οι
1152 4904 1518 4968 κυκλοῦντες
1553 4905 1622 4958 ἐν
1654 4904 1730 4975 τῇ

171 4989 347 5044 πόλει.
381 4991 479 5059 Μὴ
512 4991 584 5044 ὃν
610 4990 927 5059 ἠγάπησεν
964 4992 1002 5058 ἠ
1035 4991 1204 5061 ψυχή
1231 5009 1370 5061 μου,
1402 4993 1592 5057 Idem;
1632 4994 1729 5060 Ὠς

167 5080 364 5145 μικρὸν
391 5082 492 5135 ὅτε
518 5082 829 5150 παρῆλθον
848 5083 948 5137 ἀπ’
967 5082 1184 5147 αὐτῶν,
1218 5083 1329 5149 ἕως
1359 5080 1430 5139 οὗ
1455 5080 1635 5152 εὗρον
1657 5085 1729 5139 ὃν

169 5168 474 5238 ἠγάπησεν
517 5174 554 5240 ἡ
590 5174 758 5242 ψυχή
801 5191 940 5243 μου.
1009 5174 1344 5243 Ἑκράτησα
1381 5175 1585 5238 αὑτὸν,
1631 5175 1728 5229 καὶ

170 5261 268 5311 οὐκ
305 5262 511 5331 ἀςςῆιια
564 5266 782 5329 αὑτὸν,
829 5264 939 5331 ἕως
971 5261 1042 5322 οὗ
1089 5265 1411 5335 εἰσήγαγον
1449 5266 1635 5320 αὑτὸν
1664 5268 1729 5333 ἐς

170 5344 325 5403 οἶκον
347 5355 573 5421 μητρός
606 5372 747 5425 μου,
790 5354 890 5410 καὶ
929 5358 1016 5421 εις
1052 5356 1314 5426 ταμιεῖον
1349 5355 1460 5425 τῆς
1498 5363 1728 5414 συλλα-

172 5438 386 5505 ειὺσης
419 5459 519 5510 με.
563 5445 685 5498 Ἐπὶ
715 5443 925 5507 τούτοις
965 5443 1127 5496 πάλιν
1156 5444 1261 5497 ὑπὸ
1300 5445 1725 5518 φιλανθρωπίας,

173 5529 256 5580 καὶ
294 5533 413 5593 ταῖς
456 5532 788 5605 θυγατράσιν
825 5534 1181 5606 Ἰερουσαλὴμ
1220 5534 1544 5605 διαλέγεται,
1575 5537 1641 5601 ἀς
1673 5542 1728 5591 ὲν

169 5615 270 5677 τοῖς
301 5617 607 5688 εμπροσθεν
638 5623 695 5677 ἐν
734 5623 1019 5692 συγκρίσει
1063 5622 1157 5675 τοῦ
1199 5624 1297 5692 τῆς
1342 5624 1558 5695 νύμφης
1597 5626 1726 5679 κάλ-

169 5699 286 5770 huc
316 5706 409 5762 τοῦ
438 5712 890 5782 παρεικασθέντος
934 5709 1012 5781 τῷ
1059 5714 1263 5784 κρίνῳ,
1312 5715 1551 5780 ἀκάνθας
1592 5716 1727 5780 ὅλως

1837 3268 2062 3323 dimissa
2085 3270 2231 3339 omni
2261 3269 2343 3322 via
2371 3278 2425 3324 et
2465 3270 2679 3325 ratione
2699 3273 3407 3341 comprehendendi,inveni

1840 3356 1939 3411 [ille
1989 3373 2111 3411 eum
2146 3358 2238 3427 qui
2278 3358 2560 3429 diligitur:
2597 3368 2650 3415 et
2707 3374 2815 3414 non
2868 3362 3103 3431 amplius
3137 3363 3406 3420 dimittam

1835 3461 1957 3498 eum
2006 3462 2137 3501 ansa
2195 3446 2315 3500 ﬁdei
2370 3449 2794 3517 apprehensum,
2831 3449 3006 3504 donec
3066 3450 3226 3506 fuerit
3261 3453 3404 3507 intra

1839 3552 2016 3589 meum
2053 3538 2344 3590 conclave:
2380 3551 2477 3590 cor
2524 3549 2704 3591 autem
2736 3540 2959 3593 omnino
3004 3549 3087 3595 est
3121 3544 3404 3610 conclave,

1838 3628 1981 3695 quod
2007 3637 2134 3681 tunc
2163 3629 2219 3681 lit
2250 3643 2421 3696 capax
2455 3628 2651 3682 divina:
2680 3629 2799 3697 ejus
2831 3630 3207 3691 habitationis.
3234 3650 3406 3704 quan-

1835 3717 1906 3770 do
1939 3718 2157 3771 redierit
2198 3720 2265 3770 ad
2301 3718 2451 3770 illum
2489 3725 2689 3772 statum
2750 3720 2802 3772 in
2837 3735 2945 3788 quo
2997 3721 3097 3773 fuit
3127 3722 3193 3775 ab
3224 3722 3400 3789 initio,

1834 3810 2051 3877 quando
2084 3808 2180 3862 fuit
2207 3808 2439 3863 ellictum
2468 3809 2535 3863 ab
2561 3825 2621 3863 ea
2655 3826 2775 3878 quae
2823 3814 3093 3879 concepit.
3130 3811 3246 3866 Non
3303 3815 3402 3870 ab-

1833 3900 2035 3953 errabit
2076 3907 2253 3953 autem
2301 3900 2524 3953 omnino
2577 3899 2825 3969 quisquis
2860 3901 3120 3971 intelliget
3154 3913 3402 3972 matrem,

1834 3990 2061 4059 primam
2093 4004 2309 4045 causam
2337 3998 2536 4045 nostrae
2565 3992 2993 4047 constitutionis.

1904 4077 2139 4148 Tempus
2172 4086 2256 4133 est
2297 4086 2476 4132 autem
2513 4079 2823 4149 exponendi
2874 4096 3033 4136 voces
3084 4082 3298 4138 divinas
3346 4085 3401 4139 in

1834 4173 1953 4241 ipso
1984 4172 2271 4226 verborum
2305 4179 2583 4236 contextu,
2641 4181 2699 4225 ut
2736 4174 2898 4227 verba
2943 4168 3270 4229 conveniant
3324 4177 3393 4232 iis

1831 4278 1951 4332 quae
2013 4272 2138 4316 sunt
2194 4262 2557 4318 considerata.
2610 4262 2675 4316 In
2735 4266 2864 4317 lecto
2906 4281 3016 4317 meo
3054 4274 3207 4317 noctu
3260 4281 3402 4334 quar-

1832 4355 1930 4406 sivi
1959 4370 2108 4423 quem
2142 4352 2311 4423 diligit
2358 4355 2537 4405 anima
2591 4370 2723 4406 mea.
2757 4353 2991 4419 Quwsivi
3032 4355 3169 4407 enim
3201 4370 3318 4407 eum
3349 4365 3401 4410 et

1833 4462 1934 4498 non
1986 4448 2154 4498 inveni
2190 4462 2326 4507 eum,
2374 4447 2550 4499 vocavi
2602 4462 2718 4499 eum
2780 4455 2829 4499 et
2892 4463 2993 4499 non
3044 4447 3241 4499 audirit
3298 4464 3398 4503 me.

1833 4535 2061 4607 Surgam
2082 4544 2255 4589 autem
2282 4545 2332 4588 et
2356 4535 2585 4587 circuibo
2604 4536 2866 4589 civitatem
2894 4537 2946 4588 in
2970 4535 3102 4604 [oris
3120 4545 3168 4589 et
3189 4536 3398 4602 plateis,

1829 4637 1879 4683 el
1926 4634 2159 4697 qumraui
2209 4644 2357 4697 quem
2392 4628 2564 4696 diligit
2606 4628 2785 4679 anima
2831 4644 2964 4680 mea.
3010 4627 3241 4693 Qmesivi
3282 4643 3401 4681 eum

1828 4728 1877 4773 et
1924 4736 2025 4773 non
2064 4720 2235 4772 iuveni
2283 4734 2419 4771 eum.
2480 4715 2792 4769 lurenerunt
2854 4732 2933 4770 me
2976 4718 3066 4786 qui
3097 4715 3401 4770 custodiunt

1828 4812 2207 4864 circumeuntes
2229 4810 2511 4862 civitatem.
2542 4806 2681 4860 Num
2704 4823 2850 4876 quem
2872 4806 3043 4877 diligit
3063 4808 3241 4859 anima
3262 4822 3398 4871 mea,

1829 4901 2077 4956 vidistis?
2135 4900 2532 4966 Quamprimum
2591 4912 2776 4964 parum
2827 4895 2891 4949 ab
2938 4897 3011 4949 eis
3050 4897 3262 4960 transii,
3293 4896 3394 4949 do-

1829 5009 1920 5047 nec
1940 4993 2113 5047 inveni
2133 5008 2247 5045 eum
2273 5007 2423 5061 quem
2453 4989 2626 5057 diligit
2677 4989 2856 5041 anima
2890 5004 3025 5041 mea.
3063 4986 3230 5041 Tenui
3280 5004 3397 5041 eum

1827 5094 1877 5138 et
1908 5101 2010 5137 non
2042 5083 2222 5136 dimisi
2252 5097 2390 5143 eum,
2421 5080 2582 5134 donec
2616 5096 2732 5133 eum
2764 5080 3039 5133 introduxi
3070 5079 3125 5132 in
3182 5079 3395 5133 domum

1829 5175 2015 5227 matris
2041 5190 2187 5235 meat,
2227 5182 2275 5226 et
2324 5172 2642 5225 iucouclave
2683 5171 2797 5239 ejus
2845 5185 2965 5238 qua:
3016 5185 3095 5223 me
3138 5169 3393 5236 concepit.

1829 5266 1955 5319 Post
1993 5266 2104 5319 haec
2145 5278 2339 5318 rursus
2390 5270 2609 5332 propter
2667 5262 3052 5331 benignitatem
3103 5263 3397 5331 alloquitur

1830 5357 1966 5410 ﬁlias
2000 5355 2300 5410 Jerusalem
2321 5396 2334 5415 ,
2376 5369 2517 5424 quas
2558 5364 2718 5407 antea
2749 5353 3157 5421 comparatione
3185 5344 3417 5421 sponsm'

1831 5448 2277 5518 pulchritudinis,
2329 5461 2493 5516 quam
2549 5446 2662 5498 lilio
2721 5444 3155 5503 assimilaverat.
3208 5444 3394 5511 spinas

1827 5540 2135 5608 appellavit,
2184 5545 2239 5592 et
2292 5553 2389 5609 per
2448 5536 2848 5604 adjurationem
2897 5543 3233 5605 potestatum
3270 5548 3393 5605 qua

1827 5637 1955 5681 sunt
1985 5630 2035 5681 iu
2065 5627 2287 5690 mundo,
2320 5627 2446 5681 facit
2480 5640 2770 5695 assurgere
2802 5624 2868 5677 ad
2927 5639 3110 5693 parem
3172 5623 3392 5679 modum

1828 5717 2130 5782 charitatis,
2157 5725 2216 5771 ut
2251 5717 2500 5771 voluntas
2525 5715 2712 5784 sponsi
2740 5715 2811 5770 sit
2831 5713 2995 5768 etiam
3024 5716 3077 5769 in
3102 5714 3184 5769 eis
3214 5713 3392 5771 fortis.
