3928 6196
498 273 603 332 895

1734 277 1792 332 S.
1834 273 2159 334 GREGORII
2198 274 2482 334 NYSSENI

3576 288 3658 343 896

499 387 711 442 Dictum
741 394 825 440 est
861 394 1041 440 autem
1090 388 1146 442 in
1205 389 1272 445 iis
1329 405 1449 461 qua:
1487 402 1907 462 praecesserunt,
1947 393 2072 463 quis

2175 392 2442 465 ὠνόμασε,
2475 396 2566 448 καὶ
2596 395 2682 449 διὰ
2727 395 2819 449 τοῦ
2863 395 3023 466 ὅρκου
3069 395 3175 449 τῶν
3215 397 3269 448 ὲν
3302 398 3368 468 τῷ
3404 400 3559 474 κόσμῳ
3590 406 3662 460 δυ..

499 477 570 532 sit
606 476 844 531 mundus
890 478 943 531 in
975 494 1082 548 quo
1113 490 1241 536 sunt
1280 484 1507 538 virtutes
1539 500 1600 539 ae
1651 493 1972 552 potestates,
2016 498 2079 540 ιιι

499 581 623 638 qua
657 566 729 621 sit
769 568 1024 625 voluntas
1050 571 1170 639 ejus
1202 575 1294 642 qui
1346 590 1410 628 ex
1445 582 1561 628 toto
1598 575 1762 629 corde
1806 577 2074 647 diligitur,

499 654 639 712 adeo
664 664 723 711 ut
759 660 867 711 nbn
907 660 979 713 sit
1023 675 1165 730 Opus
1194 661 1262 716 de
1310 663 1502 718 iisdem
1551 664 1821 734 prolixius
1871 664 2073 729 dicere,

499 761 625 803 cum
657 763 780 819 quae
815 750 869 803 in
903 751 1085 806 verbis
1122 753 1272 820 prius
1310 753 1410 806 fuit
1460 741 1805 809 considerata
1857 762 2078 809 sentcn-

502 837 603 907 tia,
631 840 769 894 satis
799 838 1040 895 declaret
1070 842 1122 895 id
1159 844 1303 911 quod
1336 844 1389 898 in
1420 844 1523 897 hoc
1564 845 1687 898 loco
1733 845 2073 913 intelligitur.

504 925 609 983 Sed
640 929 1013 998 procedamus
1048 931 1112 984 ad
1149 933 1200 985 id
1230 934 1373 1002 quod
1402 933 1662 1004 deinceps
1696 935 1968 1003 sequitur,
2017 943 2078 989 ut

505 1016 806 1079 videamus,
848 1035 977 1072 num
1026 1019 1140 1075 ﬁeri
1181 1023 1353 1090 possit
1412 1032 1470 1076 ut
1531 1040 1631 1079 nos
1682 1041 1901 1096 quoque
1951 1044 2075 1082 cum

503 1104 744 1176 perfecta
773 1108 1214 1180 columba..qu:e
1257 1113 1308 1165 in
1343 1114 1514 1167 altum
1557 1116 1757 1176 evolat,
1812 1118 2076 1171 ascenda-

506 1212 647 1264 mus,
677 1206 731 1253 et
790 1200 1089 1254 amicorum
1136 1206 1323 1272 sponsi
1359 1221 1545 1260 vocem
1596 1194 1909 1272 audiamus,
1978 1212 2075 1279 qui

501 1286 622 1354 ejus
649 1302 937 1345 ascensum
973 1307 1041 1346 ex
1075 1292 1296 1349 deserto
1344 1298 1632 1363 mirantur,
1678 1301 1822 1369 quod
1858 1303 2075 1372 quidem

506 1377 773 1445 praecipue
803 1388 1142 1448 spectatores
1174 1385 1229 1439 in
1259 1394 1539 1457 stuporem
1594 1391 1781 1457 trahit,
1828 1394 2074 1461 quando-

504 1464 726 1535 quidem
772 1469 933 1523 talem
969 1473 1225 1541 pruducit
1254 1476 1553 1540 desertum.
1590 1480 1669 1534 sic
1730 1493 1786 1534 ut
1819 1483 2073 1537 arborum

505 1556 967 1624 pulchritudinem
1033 1563 1297 1628 imitetur,
1335 1583 1456 1636 qua:
1493 1569 1544 1622 in
1595 1569 1815 1625 deserto
1873 1588 2072 1642 vapore

504 1646 717 1703 suﬂitus
749 1652 1094 1709 excoluntur.
1133 1653 1356 1712 Sumtus
1388 1671 1568 1714 autem
1593 1672 1749 1714 erant
1781 1665 1996 1733 myrrha
2022 1674 2074 1718 et

506 1738 651 1794 thus.
678 1739 945 1796 Catterum
988 1760 1095 1799 una
1126 1763 1246 1801 cum
1281 1765 1482 1820 vapore
1514 1766 1580 1806 ex
1636 1753 1720 1806 bis
1775 1756 2076 1823 prodeunte

506 1827 685 1894 pulvis
709 1830 982 1900 quispiam
1023 1835 1366 1891 excitabatur
1395 1845 1450 1892 et
1496 1841 1826 1895 ascendebat
1855 1859 1920 1897 ex
1954 1860 2075 1898 aro-

504 1918 745 1974 matibus
783 1922 1154 1977 comminutis.
1190 1924 1268 1979 lta
1298 1937 1356 1980 ut
1389 1928 1509 1981 loco
1543 1932 1781 1998 pulveris
1803 1948 1868 1986 cu
1898 1952 1923 1984 n
1952 1951 2076 1991 aere

504 2009 649 2062 misti
710 2012 928 2067 subtilis
977 2016 1222 2091 quaedam
1269 2027 1573 2073 aromatum
1637 2033 1782 2077 esset
1833 2025 2067 2093 diffusio,

503 2095 662 2164 cujus
696 2100 744 2153 vi
780 2109 963 2158 rectus
985 2111 1037 2157 et
1068 2106 1320 2161 sublimis
1349 2108 1525 2176 pulvis
1562 2114 1899 2182 erumpebat.

2177 482 2392 551 νάμεων
2423 483 2557 554 πρὸς
2592 484 2652 537 τὸ
2688 484 2797 537 ἴσον
2827 484 2924 555 τῆς
2952 485 3168 555 ἀγάπης
3193 485 3460 560 διανίστησι
3490 493 3663 564 μέτρον,

2177 571 2317 624 ὥστε
2346 572 2404 624 τὸ
2430 572 2638 642 θέλημα
2680 573 2773 625 τοῦ
2804 574 3037 644 νυμφίου
3069 575 3161 628 καὶ
3191 576 3275 628 ἐπ’
3306 579 3463 631 αὐτῶν
3487 582 3666 652 ἐνεργὸν

2176 663 2442 729 γίνεσθαι.
2506 665 2728 735 Εἴρηται
2784 666 2839 719 δὲ
2904 669 2960 718 ἐν
3019 670 3129 730 τοῖς
3176 667 3415 734 φθάσασι,
3457 672 3525 735 τίς
3563 677 3669 728 τεὸ

2177 752 2381 820 κόσμος
2427 754 2483 803 ὲν
2513 746 2557 820 ᾧ
2592 756 2647 806 αἱ
2683 756 2864 825 ἰσχύες
2913 756 3004 809 καὶ
3046 759 3101 809 αἱ
3149 757 3407 827 δυνάμεις,
3448 764 3527 815 καὶ
3551 764 3593 815 τί
3623 766 3670 817 τὸ

2177 842 2389 913 θέλημα
2414 843 2508 897 τοῦ
2542 843 2602 909 ἐξ
2643 845 2770 915 ὅλης
2818 849 3041 918 καρδίας
3087 867 3144 901 τε
3183 851 3274 902 καὶ
3303 852 3459 921 ψυχῆς
3492 855 3672 920 ἀγαπω-

2180 936 2364 1006 μένου,
2393 937 2468 999 ὡς
2495 937 2568 1008 μὴ
2599 937 2787 1008 χρείαν
2815 935 2953 992 εἶναι
2980 940 3139 992 πάλιν
3165 941 3230 993 δι’
3267 941 3428 995 αὐτῶν
3452 945 3529 996 τὸν
3552 944 3674 1014 λόγον

2178 1026 2530 1097 μηκύνεσθαι,
2560 1027 2660 1098 τῆς
2702 1028 3177 1100 προθεωρηθείσης
3220 1033 3344 1102 ἡμῖν
3377 1033 3429 1084 ὲν
3469 1037 3565 1097 τοῖς
3602 1037 3678 1107 ῥή-

2179 1135 2309 1187 μασι
2330 1117 2586 1181 διανοίας,
2607 1120 2667 1171 τὸ
2691 1120 2749 1171 ὲν
2771 1118 2848 1189 τῷ
2869 1121 3016 1190 τόπῳ
3042 1121 3215 1193 τούτῳ
3236 1123 3497 1192 νοούμενον
3519 1125 3680 1189 ἱκανῶς

2176 1206 2534 1279 φανερούσης.
2588 1209 2750 1262 Ἀλλά
2780 1210 2914 1280 πρὸς
2940 1210 3000 1263 τὸ
3030 1210 3222 1283 ἐφεξῆς
3265 1212 3353 1266 τοῦ
3395 1213 3533 1281 λόγου
3570 1232 3678 1286 προ-

2170 1298 2366 1368 ΐωμεν,
2399 1298 2558 1368 εἴπερ
2597 1299 2807 1367 γένοιτο
2843 1300 3065 1354 δυνατὸν
3098 1303 3189 1354 καὶ
3218 1304 3345 1372 ἡμῖν
3372 1305 3685 1374 συναναϐἠναι

2174 1392 2237 1460 τῇ
2267 1389 2447 1468 τελείᾳ
2481 1393 2779 1461 περιστερᾷ
2822 1392 2959 1462 πρὸς
2988 1392 3050 1444 τὸ
3096 1392 3230 1462 ὕψος
3262 1395 3588 1466 ἀνιπταμένη.
3612 1396 3684 1448 καὶ

2174 1480 2403 1534 ἀκοῦσαι
2433 1480 2531 1550 τῆς
2571 1482 2681 1534 τῶν
2718 1482 2886 1551 φίλων
2911 1482 3003 1535 τοῦ
3035 1485 3268 1553 νυμφίου
3294 1486 3482 1557 φωνῆς,
3512 1487 3562 1537 ὲν
3586 1486 3691 1539 θαύ-

2177 1586 2305 1642 ματι
2345 1564 2684 1642 ποιουμένων
2729 1572 2827 1643 τὴν
2861 1572 3124 1626 ἀνάϐασιν
3174 1575 3341 1645 αὐτῆς
3386 1574 3477 1646 τὴν
3521 1577 3575 1628 ἐκ
3611 1575 3690 1643 τῆς

2176 1662 2406 1733 ἐρήμου,
2434 1662 2463 1714 ὃ
2490 1661 2553 1733 δὴ
2585 1663 2679 1715 καὶ⁵
2710 1662 2909 1733 μᾶλλον
2941 1662 3221 1727 πλεονάζει
3263 1666 3371 1727 τοῖς
3399 1665 3590 1727 θεαταῖς
3617 1664 3696 1733 τὴν

2179 1755 2457 1824 ἔκπληξιν,
2493 1756 2541 1807 εἰ
2586 1755 2841 1822 τοιαύτην
2872 1756 2904 1825 ἡ
2938 1754 3494 1825 ἔρημος“ἀναδίδωσιν,
3538 1756 3604 1818 ὼς
3628 1772 3698 1823 μι-

2182 1844 2398 1917 μεῖσθαι
2441 1843 2671 1915 δένδρων
2717 1844 2929 1907 κάλλος,
2969 1844 3078 1897 τῶν
3110 1846 3167 1897 ὲν
3199 1848 3266 1915 τῇ
3300 1846 3481 1916 ἐρήμῳ
3504 1844 3582 1896 διὰ
3613 1842 3699 1894 τῶν

2178 1935 2365 2007 ἀτμῶν
2391 1933 2487 1987 τοῦ
2519 1934 2858 2003 θυμιάματος
2885 1935 3334 2006 γεωργουμένων.
3364 1935 3440 1987 Τά
3462 1935 3514 1986 δὲ
3541 1933 3702 2001 θυμιά-

2181 2044 2324 2097 ματα
2356 2025 2567 2096 σμύρνα
2609 2026 2704 2079 καὶ
2752 2024 2965 2089 λίϐανος
2996 2021 3064 2096 ἦν
3096 2043 3109 2056 ·
3163 2025 3246 2096 τῷ
3292 2025 3349 2078 δὲ
3395 2024 3495 2078 ἀπὸ
3535 2022 3703 2075 τούτων

2176 2118 2334 2189 ἀτμῷ
2378 2119 2471 2170 καὶ
2525 2118 2799 2187 κονιορτός
2848 2134 2932 2179 τις
2980 2108 3069 2171 διά
3113 2118 3224 2171 τῶν
3256 2116 3705 2186 λεπτοποιηθέντων

502 2187 809 2258 ἀρωμάτων
835 2194 1184 2264 συνηγείρετό
1208 2212 1265 2249 τε
1292 2197 1391 2249 καὶ
1412 2200 1826 2253 συνανέϐαινεν-·
1860 2204 1932 2267 ὡς
1955 2207 2073 2260 ἀντὶ
2111 2187 2315 2272 κόνεως
2338 2205 2476 2262 εἶναι
2502 2209 2599 2278 τῆς
2624 2207 3075 2279 ἀνακεκραμένης
3131 2210 3271 2279 πρὸς
3332 2208 3419 2262 τὸν
3451 2208 3592 2277 ἀέρα,
3630 2206 3706 2275 τὴν

502 2278 809 2351 λεπτομερῆ
844 2279 950 2334 τῶν
976 2283 1282 2353 ἀρωμάτων
1312 2286 1577 2356 διάχυσιν,
1624 2290 1691 2343 δι’
1723 2288 1789 2362 ἦς
1831 2292 2010 2365 ὄρθιος
2042 2295 2070 2347 ὁ
2109 2300 2382 2371 κονιορτὸς
2412 2295 2480 2370 ἦν
2506 2299 2599 2352 καὶ¹
2633 2278 2922 2369 μετέωρος.

573 2369 744 2425 Porro
774 2380 957 2428 textus
989 2375 1071 2429 sic
1096 2374 1255 2430 habet
1279 2395 1291 2430 :
1313 2376 1444 2443 Qua:
1462 2390 1539 2434 est
1562 2382 1667 2435 ista
1692 2399 1808 2453 qua:
1837 2388 2073 2441 ascendit

502 2460 568 2515 de
584 2461 789 2516 deserto
804 2464 938 2517 sicut
972 2467 1145 2519 trunci
1157 2466 1313 2535 fumi,
1329 2471 1539 2525 incensa
1567 2476 1782 2544 myrrha
1800 2487 1848 2529 et
1869 2479 1984 2532 thus
2009 2478 2074 2532 ab

505 2550 744 2606 omnibus
773 2552 1074 2620 pulveribus
1109 2560 1555 2627 unguentarii?Si
1587 2566 1712 2632 quis
1739 2567 1980 2621 animum
2008 2571 2073 2623 ad

502 2653 565 2693 ea
596 2655 717 2711 qua:
758 2640 903 2695 dicta
960 2651 1089 2697 sunt
1124 2645 1412 2716 diligenter
1466 2653 1731 2717 attendat,
1793 2657 2072 2710 veritatem

503 2727 800 2796 dogmatis.
836 2730 981 2799 quod
1024 2747 1052 2785 a
1085 2732 1244 2789 nobis
1285 2735 1437 2803 prius
1470 2738 1804 2795 intellectum
1851 2753 1954 2807 est,
1991 2746 2077 2797 in-

504 2819 702 2873 veniet.
733 2817 867 2873 Nam
900 2823 1358 2891 quemadmodum
1392 2829 1446 2881 in
1474 2829 1806 2886 theatrorum
1839 2836 2069 2905 pompis,

505 2905 631 2989 licet
653 2907 814 2962 iidem
843 2909 972 2974 sint,
998 2911 1091 2981 qui
1114 2915 1453 2984 propositam
1499 2919 1634 2989 ipsis
1658 2921 1943 2976 historiam
1974 2940 2070 2979 ex-

506 2984 710 3062 hibent,
746 3014 893 3054 nunc
929 3000 1005 3064 bi,
1037 3017 1185 3058 nunc
1216 3005 1294 3059 illi
1326 3023 1623 3064 censentur
1652 3026 1937 3083 apparere,
1975 3017 2068 3084 qui

2175 3021 2352 3082 αὐτοῖς
2421 3008 2660 3092 ἱστορίαν
2720 3022 3136 3092 ὑποκρινόμενοι

506 3100 606 3155 pro
638 3089 900 3145 varietate
932 3108 1290 3161 personarum
1322 3100 1559 3167 speciem
1595 3112 1827 3168 mutant,
1862 3115 1916 3159 et
1979 3107 2073 3175 qui

507 3193 655 3232 nunc
688 3194 882 3235 servus
908 3194 1000 3236 aut
1027 3184 1188 3238 homo
1207 3186 1453 3255 privatus
1483 3200 1729 3259 apparet,
1764 3194 1926 3262 paulo
1952 3203 2075 3264 post

507 3270 737 3324 bellator
767 3281 861 3326 aut
889 3273 1045 3330 miles
1071 3278 1337 3342 cernitur,
1365 3288 1419 3334 et
1447 3296 1637 3336 rursus
1670 3283 1914 3338 habitum
1945 3288 2073 3340 sub-

506 3360 606 3414 diti
658 3362 954 3431 deponens,
1018 3364 1363 3434 imperatoris
1418 3385 1706 3438 personam
1773 3383 1827 3427 et
1866 3376 2073 3429 cultum

509 3454 769 3517 assumit,
803 3464 895 3508 aut
928 3456 1071 3526 regis
1104 3459 1338 3528 speciem
1375 3460 1549 3514 induit
1588 3482 1601 3517 :
1647 3463 1726 3518 sic
1755 3472 1808 3519 et
1852 3465 1906 3519 in
1966 3468 2075 3520 vir-

511 3544 642 3599 tutis
675 3546 1057 3614 progressibus
1104 3563 1212 3603 non
1270 3566 1487 3620 semper
1540 3553 1785 3608 eamdem
1844 3555 2078 3611 retinent

510 3633 740 3687 formam
768 3638 861 3705 qui
890 3652 921 3689 a
945 3636 1196 3694 claritate
1239 3642 1703 3698 transformamur
1764 3645 1818 3699 in
1856 3647 2077 3701 clarita-

511 3735 640 3792 tem,
674 3729 769 3781 sed
800 3742 899 3796 pro
932 3729 1143 3784 ratione
1172 3730 1437 3787 bonorum
1470 3734 1847 3804 perfectionis,
1879 3737 2079 3806 quibus

510 3832 569 3872 se
620 3816 852 3888 quisque
905 3820 1192 3888 praeditum
1244 3825 1504 3889 ostendit,
1563 3829 1817 3897 preprius
1853 3826 2076 3898 quidam

509 3907 634 3963 vita:
665 3908 931 3964 illucescit
964 3910 1272 3976 character,
1320 3915 1462 3971 alius
1509 3916 1685 3973 factus
1734 3935 1797 3973 ex
1837 3923 1964 3989 alio,
2024 3934 2079 3981 et

508 4012 776 4067 apparens
825 4015 923 4069 per
957 4010 1309 4072 augmentum
1359 4007 1648 4061 bonorum.
1704 4010 2072 4075 Quamobrem

510 4086 641 4141 mihi
675 4087 928 4143 videntur
957 4090 1121 4145 amici
1170 4093 1357 4162 sponsi
1409 4104 1669 4165 tanquam
1739 4116 1851 4154 rem
1883 4119 2075 4169 nosam

508 4176 767 4233 admirari
801 4179 855 4233 id
885 4180 1031 4251 quod
1058 4191 1304 4253 apparet,
1337 4186 1431 4253 qui
1466 4187 1620 4255 prius
1676 4189 1894 4257 quidem
1954 4208 2074 4246 eam

2251 2391 2405 2461 Ἔχει
2435 2390 2491 2443 δὲ
2519 2390 2690 2453 οὕτως
2722 2392 2754 2460 ἡ
2784 2388 2945 2455 λέξις·
2989 2392 3080 2457 Τίς
3099 2390 3256 2458 αὕτη
3281 2392 3316 2459 ἡ
3341 2391 3709 2444 ἀναϐαἶνουσα

2177 2480 2243 2533 ἐκ
2282 2479 2389 2547 τῆς
2426 2480 2648 2549 ἐρήμου
2668 2481 2747 2544 ὡς
2774 2479 3031 2549 στελέχη
3071 2480 3329 2541 καπνοῦ,
3357 2482 3711 2550 τεθυμιαμένη

2179 2572 2416 2639 σμύρνα
2478 2570 2577 2621 καὶ
2633 2571 2878 2636 λίὸανος
2940 2571 3057 2624 ἀπὸ
3118 2570 3366 2624 πάντων
3429 2568 3711 2638 κονιορτῶν

2172 2660 2472 2727 μυρεψοῦς
2529 2661 2597 2712 Εἴ
2632 2679 2714 2723 τις
2745 2662 2988 2730 ἀκριϐῶς
3031 2664 3347 2734 ἐπιστήσειε
3383 2667 3491 2727 τοῖς
3525 2663 3716 2734 εἰρημέ-

2178 2768 2289 2815 νοις
2319 2751 2409 2804 τὺν
2440 2751 2594 2813 νοῦν,
2639 2753 2862 2822 εὑρήσει
2906 2753 2999 2806 τοῦ
3048 2754 3571 2824 προκατανοηθέντος
3606 2754 3714 2823 ἡμῖν

2175 2840 2441 2908 δόγματος
2468 2840 2565 2911 τὴν
2587 2840 2861 2910 ἀλήθειαν.
2897 2837 3111 2913 Ὠσπερ
3141 2843 3255 2913 γὰρ
3285 2845 3342 2896 ὲν
3360 2846 3476 2907 ταῖς
3507 2843 3719 2913 πομπαῖς

2174 2931 2280 2982 τῶν
2306 2929 2546 2999 θεάτρων
2588 2930 2691 2983 κᾶν
2728 2932 2774 2983 ei
2816 2931 2969 2983 αὐτοὶ
3005 2925 3140 2984 ὦσιν
3177 2935 3228 2986 ot
3278 2932 3375 3003 τὴν
3402 2931 3719 3003 προτεθεῖσαν

3176 3064 3190 3087 ,
3253 3027 3403 3093 ὅμως
3459 3023 3623 3091 ἕτεροι
3675 3017 3725 3081 ἐξ

2175 3111 2374 3181 ἑτέρων
2435 3112 2739 3181 νομίζονται
2793 3113 3075 3180 φαίνεσθαι
3136 3117 3188 3167 oi
3247 3118 3313 3184 τῇ
3367 3114 3589 3182 διαφορᾷ
3631 3109 3722 3162 τῶν

2177 3201 2533 3270 προσωπείων
2571 3203 2631 3254 τὸ
2672 3196 2809 3264 εἶδος
2854 3200 2914 3254 τὸ
2948 3204 3073 3272 περὶ
3113 3205 3317 3266 αὐτοὺς
3357 3202 3724 3273 ὲναμεὶεοντες,

2176 3293 2268 3344 καὶ
2294 3291 2387 3344 νῦν
2424 3292 2606 3354 δοῦλος
2652 3294 2746 3346 καὶ
2798 3292 3011 3364 ἰδιώτης
3059 3294 3388 3364 φαινόμενος
3428 3294 3540 3362 μετ’
3575 3290 3725 3354 ὀλίγον

2177 3382 2429 3454 ἀριστεὺς
2449 3400 2503 3435 τε
2526 3384 2620 3436 καὶ
2655 3384 2991 3455 στρατιώτης
3019 3372 3255 3455 opimi:
3279 3385 3377 3437 καὶ
3410 3383 3568 3437 πάλιν
3587 3396 3727 3434 κατα·

2176 3474 2345 3527 λιπὼν
2389 3475 2450 3527 τὸ
2480 3475 2782 3547 ὑποχείριον
2817 3476 3022 3545 σχῆμα,
3054 3476 3427 3546 στρατηγικὸν
3465 3470 3595 3536 εἶδος
3624 3472 3732 3523 ἀνα-

2177 3564 2463 3635 λαμϐάνει,
2511 3563 2544 3634 ἦ
2579 3566 2672 3617 καὶ
2701 3564 2961 3634 βασιλέως
3004 3564 3221 3635 μορφὴν
3254 3562 3571 3616 ὑποδύεταιο
3612 3557 3730 3611 οὕτω

2178 3654 2269 3707 καὶ
2295 3655 2353 3729 ev
2379 3657 2498 3717 ταῖς
2538 3654 2679 3707 κατά
2714 3653 2810 3726 τὴν
2847 3654 3044 3725 ἀρετὴν
3073 3656 3413 3726 προκοπαῖς,
3445 3654 3505 3705 οὑ
3535 3652 3733 3704 πάντοτε

2176 3744 2255 3815 τῷ
2286 3744 2432 3814 αὐτῷ
2469 3745 2840 3816 παραμένουσι
2874 3745 3185 3816 χαρακτῆρι
3231 3748 3282 3798 οἱ
3330 3745 3440 3798 ἀπὸ
3475 3743 3623 3811 δόξης
3661 3736 3735 3791 διὰ

2176 3837 2276 3905 τῆς
2319 3837 2427 3889 τῶν
2477 3836 2819 3907 ὑψηλοτέρων
2876 3836 3170 3907 ἐπιθυμίας
3219 3834 3735 3907 μεταμορφούμενοιι

2178 3925 2313 3979 ἀλλά
2344 3925 2479 3996 πρὸς
2506 3925 2661 3994 λόγον
2687 3927 2775 3979 ἀεὶ
2807 3926 3254 3997 κατορθωθείσης
3279 3928 3500 3994 ἑκάστῳ
3521 3925 3612 3992 τῆς
3643 3920 3734 3971 τῶν

2177 4012 2396 4082 ἀγαθῶν
2420 4013 2773 4084 τελειότητος,
2815 4013 2944 4077 ῐδιός
2966 4032 3050 4076 τις
3080 4014 3160 4084 τῷ
3187 4015 3295 4086 βίῳ
3325 4014 3605 4086 χαρακτὴρ
3632 4011 3736 4062 ἑπι-

2176 4104 2401 4174 λάμπει,
2428 4103 2586 4166 ἀλλος
2612 4103 2675 4168 ἐξ
2704 4102 2865 4157 ἄλλου
2886 4105 3192 4175 γινόμενος,
3230 4106 3325 4159 διὰ
3354 4108 3451 4176 τῆς
3493 4103 3595 4157 τῶν
3620 4102 3735 4169 ἀτα-

2178 4195 2285 4248 θῶν
2315 4194 2683 4266 ὲπαυξήσεως.
2723 4195 2814 4247 Διό
2838 4212 2930 4266 μοι
2950 4194 3166 4250 δοκοῦσι
3202 4195 3516 4261 ξενίζεσθαι
3540 4192 3661 4263 πρὸς
3686 4186 3738 4239 ἐδ

507 4278 880 4340 cognoverunt
923 4273 1238 4342 pulchram;
1279 4275 1592 4343 pulchram,
1644 4278 1898 4346 inquam,
1936 4283 2074 4338 inter

2178 4283 2497 4359 φαινόμενον
2536 4284 2586 4335 οί
2630 4282 2771 4351 φίλοι
2819 4281 2915 4335 τοῦ
2953 4282 3214 4352 νυμφίου,
3262 4284 3314 4336 οἱ
3358 4282 3614 4352 πρότερον
3655 4274 3736 4343 μὲν

508 4358 644 4416 alias
671 4361 962 4417 mulieres:
996 4374 1183 4433 postea
1236 4376 1417 4445 autem
1458 4368 1579 4422 auri
1610 4386 1827 4442 quoque
1877 4389 2074 4430 murae-

2175 4341 2353 4447 αὐτὴν.
2379 4341 2679 4443 ἐγνωκότες
2718 4372 2908 4443 καλὴν,
2947 4341 3177 4434 sane;
3196 4341 3277 4424 ’ἐν
3306 4341 3541 4440 γυναιξὶ.
3558 4341 3732 4434 καλήν·

508 4449 653 4507 nulis
676 4465 800 4506 cum
838 4454 981 4510 noris
1016 4458 1229 4527 argenti
1263 4457 1383 4527 ejus
1439 4459 1769 4517 decorarunt
1829 4465 2077 4533 pulchri-

508 4538 775 4598 tudinem.
810 4541 970 4599 Nunc
1002 4556 1183 4601 autem
1217 4550 1637 4618 praecedentium
1670 4563 1921 4609 notarum
1956 4558 2076 4610 nul-

508 4632 614 4685 lam
639 4632 933 4702 intuentes,
958 4635 1053 4690 sed
1084 4652 1112 4689 a
1146 4638 1567 4696 sublimioribus
1602 4642 1751 4696 illam
1786 4643 2077 4714 iusignien-

509 4730 613 4786 tes,
641 4724 912 4779 mirantur
937 4740 1043 4779 non
1073 4728 1249 4782 solum
1269 4743 1586 4791 ascensum,
1619 4733 1713 4787 sed
1735 4730 1899 4787 etiam
1933 4735 2076 4791 unde

509 4812 832 4869 ascenderit.
868 4814 981 4870 Hoc
1011 4830 1095 4873 est
1124 4820 1268 4874 enim
1304 4823 1448 4891 quod
1487 4824 1742 4892 majorem
1773 4824 1929 4880 aﬂert
1959 4837 2072 4883 stn-

508 4917 715 4972 porem,
741 4905 888 4975 quod
936 4921 1042 4960 una
1077 4911 1193 4964 sola
1233 4921 1490 4967 cernatur
1531 4916 1824 4971 ascendere
1858 4932 2076 4986 compa-

505 5000 623 5049 rata
648 4995 857 5050 nemori
888 5011 1239 5066 procerarum
1276 5004 1533 5058 arborum
1562 5025 1575 5059 :
1619 5016 1880 5075 putantur
1929 5009 2075 5062 enim

504 5081 760 5140 caudices
796 5085 849 5138 in
908 5086 1076 5142 altum
1126 5092 1422 5148 ascendere
1475 5102 1530 5149 et
1587 5111 1852 5151 crescere.
1918 5099 2072 5163 Quod

503 5180 688 5228 autem
715 5175 811 5229 alit
840 5174 1120 5243 caudices,
1155 5197 1264 5235 non
1310 5192 1394 5238 est
1442 5185 1623 5254 aliqua
1673 5196 1817 5240 terra
1855 5190 2074 5258 pinguis

503 5268 561 5319 et
594 5263 824 5334 irrigua,
863 5268 956 5322 sed
988 5269 1254 5336 squalida,
1316 5272 1469 5326 arida
1508 5282 1560 5328 et
1585 5275 1823 5330 deserta.
1854 5278 1909 5330 In
1936 5294 2074 5347 quo-

503 5370 629 5410 nam
667 5371 800 5427 crgo
848 5360 1063 5417 radices
1098 5372 1268 5429 agunt
1312 5362 1371 5415 hi
1417 5365 1634 5428 trunci,
1680 5375 1735 5420 et
1784 5367 1926 5421 unde
1969 5383 2071 5423 au-

502 5448 741 5516 gentur?
772 5446 947 5504 Radix
974 5453 1193 5521 quidem
1224 5461 1307 5508 est
1332 5453 1513 5522 pulvis
1567 5464 1897 5509 aromatum.
1941 5456 2095 5535 lrri-.

503 5537 650 5607 salio
681 5549 858 5595 autem
898 5552 981 5597 est
1034 5559 1201 5613 vapor
1253 5561 1321 5599 ex
1355 5544 1645 5612 sumtibus,
1689 5546 1934 5603 irrorans
1966 5549 2069 5619 hoc

504 5640 699 5683 nemus
726 5645 820 5698 per
846 5631 1046 5688 bonum
1080 5636 1325 5700 odorem,
1356 5643 1612 5706 quantam
1660 5638 1819 5694 habet
1852 5639 2067 5697 laudem

2176 4464 2313 4534 μετά
2341 4463 2512 4517 ταῦτα
2536 4462 2591 4516 δὲ
2617 4463 2684 4515 δι’
2706 4463 2997 4532 ὁμοιότητα
3020 4462 3252 4533 χρυσίου
3283 4461 3428 4532 μετά
3455 4458 3733 4526 στιγμάτων

2172 4551 2265 4604 τοῦ
2289 4550 2551 4620 ἀργυρίου
2568 4550 2649 4608 ,τὸ
2687 4549 2880 4612 κάλλος
2921 4550 3091 4620 αὐτῆς
3121 4550 3495 4621 ὡραϊζοντες.
3532 4543 3657 4600 Νυνὶ
3690 4539 3734 4591 δὲ

2177 4644 2342 4715 μηδὲν
2377 4642 2487 4696 τῶν
2534 4642 2912 4714 προλαϐόντων
2950 4643 3198 4712 σημείων
3236 4645 3376 4713 περὶ.
3421 4640 3585 4709 αὐτὴν
3625 4632 3731 4687 καθο

2172 4736 2424 4805 ορῶντες,
2451 4733 2564 4787 ἀλλ’
2603 4733 2710 4787 ἀπὸ
2728 4735 2836 4786 τῶν
2864 4733 3214 4804 ὑψηλοτέρων
3244 4728 3728 4804 χαρακτηρίζοντεςς

2174 4825 2541 4894 θαυμάζουσιν
2578 4824 2639 4878 οὑ
2681 4825 2838 4895 μόνον
2864 4824 2960 4895 τὴν
2999 4824 3211 4885 ἄνοδον.
3253 4824 3399 4877 ἀλλά
3429 4825 3523 4877 καὶ
3550 4820 3657 4874 ὅθεν
3680 4814 3731 4866 ἄν

2174 4916 2423 4987 ἔδραμεν.
2474 4915 2643 4969 Τοῦτο
2680 4916 2788 4986 γάρ
2821 4918 2969 4968 ἐστιν
2999 4916 3027 4969 ὃ
3060 4917 3160 4986 τὴν
3206 4918 3471 4970 ἐπίτασιν
3502 4912 3629 4967 ποιεῖ
3652 4904 3730 4972 τῆς

2174 5007 2519 5079 ὲκπλήξεως’
2574 5008 2671 5077 μία
2712 5010 2902 5079 ὁρᾶται
2944 5011 2977 5078 ἡ
3010 5008 3398 5063 ἀναϐαίνουσα
3423 5048 3436 5068 ,
3491 5007 3580 5060 καὶ
3608 5002 3728 5054 ἄλσει

2172 5098 2397 5169 δένδρων
2426 5097 2488 5151 τὸ
2526 5098 2843 5168 φαινόμενον
2887 5097 3300 5169 παραϐάλλεται
3325 5116 3339 5129 ’
3391 5096 3611 5167 στελέχη
3643 5087 3731 5158 γὰρ

2173 5187 2398 5260 ὁρᾶσθαι
2431 5185 2706 5255 νομίζεται
2738 5188 2794 5249 ὲς
2824 5185 2956 5253 ὕψος
2987 5186 3370 5256 ἀνατρέχοντα
3410 5185 3504 5238 καὶ
3539 5176 3729 5244 αὐξανό·

2175 5295 2329 5349 μενα.
2360 5278 2432 5329 Τδ
2450 5276 2507 5328 δὲ
2530 5275 2830 5346 ὑποτρέφον
2850 5274 2917 5327 τὰ
2944 5276 3171 5346 στελέχη
3200 5276 3410 5339 ταῦτα,
3433 5276 3492 5327 οὐ
3524 5272 3649 5325 πίων
3665 5264 3728 5324 τίς

2170 5374 2289 5424 ἐστι
2318 5371 2389 5441 γῆ
2426 5369 2523 5422 καὶ
2552 5369 2911 5439 κατάρρυτος,
2949 5369 3062 5422 ἀλλ’
3100 5370 3383 5442 αὐχμηρά
3417 5372 3508 5423 καὶ
3531 5361 3731 5434 διψώδης

2170 5477 2228 5513 τε
2270 5462 2362 5514 καὶ
2407 5460 2626 5530 ἔρημος.
2679 5459 2795 5512 Τίνι
2839 5460 3016 5514 τοίνυν
3058 5461 3387 5531 έῤῥιζοῦται
3425 5460 3493 5513 τὰ
3536 5451 3732 5519 στελέχη

2170 5551 2362 5617 ταῦτα,
2376 5551 2467 5603 καὶ
2486 5549 2606 5603 ὅθεν
2625 5549 2844 5616 αὔξεται
2863 5567 2880 5615 ;
2910 5549 3062 5613 Ῥίζα
3082 5550 3191 5619 μὲν
3215 5552 3427 5614 αὐτοῖς,
3451 5552 3483 5619 ἡ
3502 5548 3603 5600 τῶν
3617 5544 3741 5610 dpu-

2174 5640 2356 5710 μάτων
2392 5638 2537 5703 κόνις
2575 5639 2739 5696 ἐστίν.
2779 5637 3063 5710 Ἀρδείαδὲ
3095 5638 3125 5690 ό
3166 5639 3236 5692 ὲκ
3268 5638 3379 5693 τῶν
3404 5628 3734 5707 θυμιαμάτων
