3928 6196
286 287 382 343 897

1304 286 1374 342 1N
1398 267 1698 345 CANTICA
1736 289 2005 348 CANTIC.
2050 293 2333 353 HOMILIA
2372 300 2460 356 vv.

3451 305 3556 363 898

289 400 454 472 ἀτμὸς
470 399 828 471 ἐπιδροσίζων
845 400 934 455 διὰ
947 403 1046 470 τῆς
1063 402 1291 465 εὐωδίας
1305 400 1463 457 τοῦτο
1479 403 1538 456 τὸ
1558 403 1739 467 ἄλσος,
1754 406 1861 458 ὅσοι

1983 410 2033 464 id
2062 414 2206 481 quod
2238 414 2440 469 dicitur
2468 416 2610 484 ejus,
2643 417 2711 471 de
2734 434 2838 488 qua
2879 419 3045 473 latum
3082 417 3185 473 fuit
3233 417 3299 473 de
3322 418 3409 475 his
3443 426 3555 477 tes-

289 497 503 549 ἔπαινον
521 495 766 564 περιέχει
783 495 881 564 τῆς
903 494 997 547 ἐπὶ
1018 497 1132 558 τοῖς
1147 494 1407 559 τοιούτοις
1427 497 1871 569 μαρτυρηθείσης

286 583 504 651 ὀλόγος-
549 583 700 636 Τότε
743 584 852 655 γὰρ
890 584 1153 654 ἀλλήλους
1189 574 1451 658 διερωτᾷν
1486 587 1613 657 περὶ
1642 587 1742 656 τῆς
1775 588 1865 656 ὑφ.

284 674 486 746 θείσης,
536 674 613 737 ὼς
662 676 720 728 ὲν
773 675 916 745 ἄλλῳ
960 675 1285 748 δεικνυμένῃ
1327 676 1405 747 τῷ
1452 676 1615 739 εῖδει,
1663 678 1755 730 καὶ
1808 677 1867 730 οὐ

286 767 419 822 κατὰ
451 767 550 838 τὴν
585 767 855 838 προτέραν
897 766 1130 839 μορφὴν,
1165 767 1438 835 ἐγκώμιόν
1474 770 1589 821 ἐστι
1624 768 1720 838 τῆς
1748 771 1869 821 κάτ’

282 860 482 930 ἀρετὴν
537 859 820 929 προκοπῆς
868 857 1243 922 τελειότατον,
1291 859 1491 930 πολλὴν
1536 861 1673 931 αὐτῇ
1731 877 1869 931 μαρ-

264 951 477 1023 τυροῦν
517 952 619 1022 τὴν
655 950 784 1020 πρὸς
822 951 880 1003 τὸ
915 952 1161 1022 κρεῖττον
1201 950 1557 1022 παραλλαγὴν
1579 952 1672 1004 καὶ
1704 953 1868 1020 μετά-

282 1063 491 1100 στασιν.
545 1044 918 1116 Ξενιζομένων
967 1045 1075 1116 γάρ
1123 1048 1271 1098 ἐστιν
1317 1048 1349 1116 ἡ
1406 1045 1557 1118 φωνὴ
1611 1046 1763 1117 παρὰ
1807 1046 1868 1098 τὸ

279 1139 509 1210 σύνηθες
568 1135 705 1201 εἶδος
766 1140 823 1191 ὲν
877 1137 1115 1208 θαύματι
1170 1137 1507 1207 ποιουμένων
1546 1138 1649 1208 τὴν
1697 1140 1866 1192 ἐπαν-

277 1228 478 1283 θοῦσαν
573 1230 827 1299 μορφὴν,
862 1214 986 1281 “ὅτι
1042 1226 1196 1298 Αὕτη
1276 1228 1311 1298 ἡ
1379 1227 1745 1281 ἀναϐαίνουσα
1803 1230 1866 1282 ὲκ

282 1317 374 1389 τῆς
418 1318 667 1388 ἐρήμου,
726 1316 952 1388 μέλαινα
1007 1317 1068 1370 τὸ
1125 1317 1391 1389 πρότερον
1450 1320 1584 1388 ἡμῖν
1634 1319 1863 1389 ἑωρᾶτο,

275 1409 396 1472 πῶς
468 1408 569 1479 τὴν
624 1404 925 1480 ’σκοτεινὴν
1004 1408 1216 1480 μορφὴν
1287 1408 1660 1479 ἀπεκλύσατο;
1748 1409 1865 1473 πῶς

275 1499 414 1570 αὐτῇ
470 1499 722 1569 χιονῶδες
764 1498 1136 1570 ὲπαστράπτει
1183 1499 1247 1553 τὸ
1294 1499 1708 1570 πρόσωπονςἽΙ
1736 1499 1867 1572 ἐρη-

277 1592 379 1662 μός
428 1593 594 1656 ἐστιν,
639 1591 715 1655 ὡς
758 1591 954 1654 ἔοικεν,
1001 1591 1148 1645 αίτία
1192 1591 1415 1656 τούτων,
1458 1594 1491 1663 ἡ
1539 1592 1787 1663 καθάπερ
1812 1610 1863 1646 τι

273 1681 429 1752 ἔρνος
460 1681 791 1753 ἀναδραμεῖν
821 1682 989 1753 αὐτῆς
1026 1683 1087 1735 τὸ
1115 1681 1247 1752 ὕψος
1272 1683 1565 1753 ποιήσασα,
1595 1682 1688 1735 καὶ
1727 1682 1862 1753 πρὸς

1980 505 2291 560 timonium.
2364 507 2497 562 Nam
2548 518 2600 564 et
2646 511 2792 578 quod
2827 527 2885 565 se
2914 513 3146 567 invicem
3209 513 3554 584 interrogant

1972 593 2040 648 de
2069 609 2130 649 ea
2165 611 2286 664 qure
2312 600 2586 668 apparuit,
2623 609 2881 670 tanquam
2917 605 2970 656 in
3004 605 3108 657 alia
3140 620 3261 674 quze
3306 604 3555 661 ostendi-

1972 692 2062 739 tur
2089 686 2285 754 forma,
2312 698 2365 744 et
2403 706 2512 744 non
2556 692 2607 746 in
2638 707 2699 747 ea
2733 709 2854 762 qua:
2891 696 3043 763 prius
3078 704 3217 758 erat,
3262 706 3347 751 est
3381 711 3553 753 enco-

1973 780 2144 830 mium
2201 780 2344 848 ejus,
2394 797 2516 850 quae
2568 797 2629 837 ex
2675 782 2925 852 profectu
2965 785 3020 838 in
3075 781 3271 834 virtute
3293 778 3544 844 eﬂicitur,

1971 868 2462 937 perfectissimum,
2488 880 2699 928 testans
2723 891 2972 946 magnam
2999 876 3119 945 ejus
3147 888 3267 927 esse
3289 872 3546 928 differen-

1969 960 2099 1013 tiam
2132 970 2187 1015 et
2218 964 2575 1019 mulationem
2602 966 2653 1018 in
2675 980 2738 1019 eo
2758 966 2905 1035 quod
2934 978 3017 1021 est
3045 965 3262 1019 melius.
3285 963 3375 1017 Est
3404 963 3549 1018 enim

1968 1067 2072 1105 vox
2104 1056 2441 1123 stupentium
2478 1066 2534 1110 et
2574 1058 2953 1126 perculsorum
2989 1056 3373 1121 admiratione,
3405 1055 3551 1124 quod

1968 1154 2163 1211 prmter
2201 1142 2420 1196 solitum
2443 1142 2615 1197 l'ortna
2638 1147 2847 1206 ﬂoreat,
2872 1146 3548 1223 nempeQuemadmodum

1964 1250 2028 1289 ea
2043 1251 2163 1304 qua:
2184 1236 2430 1291 ascendit
2449 1252 2511 1291 ex
2533 1237 2907 1301 deserto,cum
2928 1238 3083 1307 prius
3100 1238 3257 1293 nobis
3273 1238 3553 1293 videretur

1963 1327 2140 1398 nigra,
2157 1328 2502 1382 tenebrosam
2524 1326 2753 1383 formam
2778 1328 3040 1383 abluerit?
3075 1329 3544 1399 quemadmodum

1963 1418 2012 1473 ei
2048 1420 2203 1474 nivea
2243 1419 2475 1489 refulget
2519 1417 2912 1491 pulchritudo?
2947 1419 3087 1474 Num
3138 1421 3441 1486 desertum,
3488 1428 3549 1475 ut

1961 1510 2198 1567 videtur.
2244 1519 2526 1566 estcausa
2563 1511 2710 1581 quod
2762 1513 2878 1581 ipsa
2929 1513 3073 1569 sicut
3114 1512 3409 1584 virgultum
3460 1528 3549 1569 as-

1962 1608 2152 1670 surgat
2186 1603 2239 1656 in
2267 1602 2457 1665 altum,
2491 1603 2662 1671 ipsam
2698 1602 2750 1655 in
2783 1618 2901 1657 eam
2930 1613 3149 1660 mutans
3182 1605 3550 1674 pulchritudi-

1962 1688 2262 1747 nem?Non
2294 1694 2439 1747 enim
2484 1708 2615 1749 casu
2659 1694 2907 1757 fortuito,
2959 1711 3136 1766 neque
3168 1696 3351 1765 aliqua
3403 1705 3552 1750 sorte

270 1751 327 1827 eo
371 1751 617 1827 τοιοῦτον
664 1751 1072 1845 μεταϐάλλουσα
1116 1773 1336 1842 κάλλοςς
1365 1751 1438 1826 Oti
1472 1774 1579 1844 γὰρ
1607 1773 1662 1840 ἐξ
1706 1751 1861 1826 αύτο-

1964 1786 2082 1839 sine
2108 1784 2320 1839 delectu
2352 1784 2532 1840 factus
2566 1793 2651 1839 est
2685 1785 2772 1840 hic
2807 1788 2861 1841 in
2902 1786 3072 1840 altum
3108 1802 3373 1841 ascensus
3402 1800 3419 1839 :
3454 1786 3549 1841 sed

270 1866 448 1937 μάτου
479 1866 621 1930 τινὸς
656 1866 964 1937 συντυχίας,
998 1864 1119 1919 οὐδὲ
1154 1866 1295 1919 κατά
1324 1866 1545 1935 ἄκριτόν
1573 1882 1691 1917 τινα
1726 1866 1861 1917 ἁπο-

266 1960 546 2030 κλήρωσιν
573 1957 795 2027 γέγονεν
838 1956 978 2029 αὕτη
1019 1959 1052 2028 ἡ
1102 1956 1236 2027 πρὸς
1264 1956 1325 2008 τὸ
1376 1955 1507 2026 ὕψος
1544 1955 1821 2027 ἀναδρομή
1845 1971 1858 1985 ·

264 2051 383 2105 ἀλλ’
419 2050 479 2119 ἐξ
507 2051 723 2104 οίκείων
752 2050 930 2104 πόνων
962 2049 1028 2103 δι’
1063 2048 1388 2121 ἐγκράτειαν
1415 2051 1508 2103 καὶ
1542 2048 1861 2115 ἐπιμέλειαν

264 2142 320 2195 τὸ
355 2141 559 2204 κάλλος
596 2141 883 2211 ἐκτήσατο.
910 2138 1063 2193 Οὕτω
1120 2137 1249 2190 ποτὲ
1282 2138 1377 2191 καὶ
1400 2139 1433 2208 ἡ
1454 2137 1545 2191 τοῦ
1573 2136 1859 2209 Προφήτου

262 2231 413 2302 ψυχὴ
444 2230 683 2301 διψώδης
713 2233 928 2299 ἐγένετο
955 2230 1054 2299 τῆς
1083 2228 1231 2291 θείας
1268 2228 1467 2298 πηγῆς,
1495 2227 1679 2298 ἐπειδὴ
1714 2224 1862 2296 αὐτῷ

262 2326 293 2394 η
319 2321 470 2393 σὰρξ
496 2321 702 2393 ἔρημός
739 2339 798 2375 τε
840 2323 935 2374 καὶ
962 2321 1161 2384 ἄϐατος
1198 2321 1291 2374 καὶ
1317 2319 1543 2390 ἄνυδρος
1573 2317 1864 2386 γενομένη,

261 2414 319 2468 τὸ
349 2413 499 2467 θεῖον
522 2413 673 2482 δίψος
701 2414 758 2466 ὲν
785 2414 951 2484 ἑαυτῇ
985 2412 1334 2485 παρεδέξατο.
1367 2411 1440 2463 Τὸ
1464 2409 1641 2462 τοίνυν
1666 2411 1728 2462 ὲκ
1760 2407 1862 2476 τῆς

262 2508 476 2577 ἐρήμου
529 2504 842 2558 ἀναϐαίνειν
888 2505 1078 2575 αὐτὴν,
1120 2502 1425 2575 μαρτυρίαν
1478 2502 1720 2575 περιέχει
1767 2501 1859 2553 τοῦ

261 2595 349 2648 διά
404 2593 684 2666 προσοχῆς
727 2611 786 2647 τε
829 2594 922 2647 καὶ
974 2592 1295 2664 ἐγκρατείας
1347 2593 1406 2655 ἐς
1459 2591 1710 2644 τοσοῦτον
1767 2590 1861 2643 καὶ

220 2678 235 2687 ’
261 2684 509 2738 τοιοῦτον
556 2682 689 2753 ὕψος
739 2684 1091 2756 ἀναδραμεῖν,
1144 2683 1219 2746 ὡς
1270 2682 1365 2735 καὶ
1404 2685 1516 2745 τοῖς
1552 2682 1723 2756 φίλοις
1766 2678 1859 2732 τοῦ

262 2774 505 2846 νυμφίου
547 2772 733 2845 θαῦμα
761 2755 1033 2842 γενέσθαι,
1065 2772 1115 2825 οῖ
1155 2772 1243 2826 διὰ
1283 2771 1493 2825 πολλῶν
1526 2755 1861 2840 ὑποδειγμά-

261 2883 369 2919 των
414 2864 478 2918 τδ
522 2864 717 2927 κάλλος
764 2863 935 2932 αὐτῆς
980 2862 1392 2935 ἑρμηνεύουσιν,
1428 2862 1611 2933 ἐπειδὴ
1650 2861 1715 2914 δι’
1746 2860 1862 2924 ἑνὸς

263 2960 417 3012 ἆπαν
456 2955 859 3028 περιληφθῆναι
891 2956 988 3025 οὐχ
1011 2951 1122 3010 οἷόν
1150 2973 1207 3009 τε
1234 2950 1322 3026 ἦν.
1369 2954 1594 3025 Πρῶτον
1624 2955 1721 3025 μὲν
1752 2953 1861 3024 γάρ

1959 1892 2025 1931 ex
2061 1877 2177 1931 suis
2209 1876 2490 1931 laboribus
2523 1892 2620 1947 per
2669 1878 3065 1934 continentiam
3111 1885 3164 1931 et
3206 1877 3550 1947 diligentiam

1960 1969 2254 2037 acquisivit
2280 1969 2765 2038 pulchritudinem.
2794 1970 2871 2022 ita
2896 1970 3061 2024 etiam
3093 1969 3388 2039 aliquando
3414 1965 3549 2021 Pto-

1958 2060 2136 2130 phet;e
2189 2063 2370 2114 anima
2419 2061 2522 2114 fuit
2564 2061 2759 2116 sitiens
2801 2061 3046 2116 divinum
3102 2060 3348 2124 fontem,
3396 2066 3551 2128 post-

1960 2170 2123 2222 quam
2160 2169 2291 2208 caro
2318 2169 2439 2223 quae
2466 2153 2515 2207 ei
2547 2160 2798 2209 evaserat
2823 2153 3068 2216 deserta,
3099 2153 3311 2206 nullum
3338 2152 3551 2206 habens

1960 2244 2193 2309 aditum,
2222 2244 2489 2314 aridaque
2515 2252 2569 2299 et
2594 2244 2883 2314 inaquosa,
2915 2244 3156 2298 divinam
3185 2245 3237 2297 in
3268 2260 3327 2299 se
3361 2259 3553 2299 susce-

1961 2336 2036 2407 pit
2080 2337 2250 2392 sitim.
2279 2334 2435 2402 Quod
2470 2354 2531 2390 θα
2567 2351 2699 2406 ergo
2735 2336 2984 2390 ascendit
3020 2337 3075 2390 in
3111 2336 3415 2402 desertum,
3447 2336 3551 2391 hoc

1960 2430 2215 2501 perhibet
2245 2428 2647 2492 testimonium,
2682 2428 2828 2497 quod
2867 2443 2964 2497 per
2995 2428 3328 2482 industriam
3374 2438 3554 2485 atten-

1959 2523 2273 2589 tionemque
2323 2526 2376 2573 et
2429 2518 2827 2572 continentiam
2878 2519 2932 2572 in
2989 2519 3160 2572 altum
3212 2519 3549 2583 ascenderit,

1960 2612 2097 2666 adeo
2147 2619 2206 2664 ut
2256 2619 2308 2665 et
2357 2610 2549 2671 amicis
2585 2609 2772 2678 sponsi
2821 2609 2874 2663 id
2924 2611 2996 2666 sit
3049 2609 3423 2675 admirationi,
3456 2614 3552 2684 qui

1961 2703 2148 2757 multis
2206 2701 2473 2769 exemplis
2535 2700 2655 2769 ejus
2702 2700 2983 2769 explicant
3035 2700 3551 2773 pulchritudinem,
3620 2750 3627 2767 ,

1965 2792 2413 2865 quandoquidem
2453 2807 2560 2846 uno
2592 2808 2700 2846 non
2745 2801 2959 2860 poterat
2999 2793 3254 2847 universa
3298 2809 3553 2865 compre-

1962 2888 2149 2943 hendi.
2198 2886 2331 2941 Nam
2365 2886 2603 2956 primum
2657 2885 2876 2953 quidem
2931 2885 3256 2941 caudicibus
3303 2896 3397 2940 aut
3441 2886 3553 2943 vir-

1961 2981 2128 3051 gultis
2174 2979 2482 3034 assimilant
2533 2977 2657 3046 ejus
2717 2976 3225 3046 pulchritudinem,
3294 2992 3397 3032 nec
3453 2977 3551 3033 uni

261 3049 549 3122 στελέχεσι
596 3048 694 3121 τὴν
725 3046 874 3119 ὥραν
904 3047 1201 3111 εἰκάζουσι.
1235 3050 1328 3101 καὶ
1369 3047 1488 3101 οὐδὲ
1522 3045 1726 3100 τούτων
1756 3044 1856 3106 ἐνὶ,

1964 3044 2140 3129 solum
2169 3087 2233 3126 ex
2270 3070 2400 3133 illis,
2431 3068 2526 3125 sed
2562 3044 2617 3123 et
2662 3044 2922 3122 arborum
2953 3083 3174 3138 quoque
3207 3066 3550 3121 multitudini

262 3140 379 3196 ἀλλ’
414 3141 497 3204 είς
528 3138 728 3211 πλῆθος
758 3140 988 3211 δένδρων
1015 3139 1205 3207 ἄγεται
1251 3139 1359 3193 τῶν
1394 3140 1449 3191 ὲν
1480 3139 1614 3209 αὐτῇ
1652 3136 1835 3208 θαυμά

259 3251 369 3288 των
395 3235 433 3305 ἡ
462 3231 702 3295 εἰκασία,
736 3232 812 3296 ὡς
861 3232 925 3285 ἂν
966 3232 1025 3285 τὸ
1060 3232 1338 3296 πολυειδὲς
1364 3232 1456 3286 καὶ
1487 3230 1726 3285 ποικίλον
1755 3228 1862 3283 τῶν

260 3323 480 3396 ἀρετῶν
504 3326 570 3395 τῇ
604 3324 893 3395 ὑπογραφῇ
920 3321 1013 3377 τοῦ
1045 3321 1242 3386 ἄλσους
1282 3320 1683 3375 διαδεικνύοιτο.
1731 3316 1860 3372 Εἶτα

261 3411 478 3474 καπνὸς
520 3412 585 3463 ὲκ
630 3409 991 3482 θυμιαμάτων
1038 3411 1119 3473 είς
1150 3410 1249 3481 τὴν
1276 3409 1461 3464 εἰκόνα
1501 3408 1595 3463 τοῦ
1636 3409 1862 3472 κάλλους

260 3500 792 3574 παραλαμϐάνεται·
847 3502 941 3555 καὶ
985 3500 1106 3555 οὐδὲ
1150 3493 1304 3564 οὗτος
1342 3499 1579 3564 ἁπλοῦς,
1638 3500 1751 3553 ἀλλ’
1799 3501 1863 3553 ὲκ

261 3592 521 3665 σμύρνης
569 3592 665 3646 καὶ
714 3591 932 3669 λιϐάνου
989 3592 1452 3664 συγκεκραμένος,
1500 3592 1576 3656 ὡς
1633 3590 1760 3663 μίαν
1804 3591 1863 3656 ἐξ

258 3686 472 3756 ἀμφοῖν
503 3681 747 3752 γίνεσθαι
772 3682 881 3739 τῶν
908 3684 1097 3755 ἀτμῶν
1126 3684 1225 3756 τὴν
1258 3684 1437 3757 χάριν,
1460 3684 1526 3738 δι’
1567 3677 1643 3738 ὧν
1679 3685 1740 3737 τὸ
1764 3685 1862 3753 τῆς

260 3776 490 3849 νύμφης
524 3774 902 3847 ὑπογράφεται
938 3776 1151 3841 κάλλος.
1180 3777 1371 3841 Ἀλλος
1405 3776 1623 3840 ἔπαινος
1670 3776 1859 3848 αὐτῆς,

257 3862 290 3939 ἢ
323 3867 444 3920 τῶν
475 3867 783 3939 ἀρωμάτων
814 3866 1019 3920 τούτων
1066 3867 1275 3936 γίνεται
1322 3865 1487 3938 μίξις.
1519 3867 1587 3919 Ἦ
1623 3865 1857 3937 σμύρνα,

260 3964 405 4038 πρὸς
426 3962 521 4017 τὸν
541 3958 907 4031 ὲνταφιασμὺν
939 3958 1047 4012 τῶν
1079 3957 1346 4029 σωμάτων
1375 3954 1693 4027 ἐπιτηδείως
1726 3955 1858 4025 ἔχει’

257 4057 288 4110 ὁ
314 4054 376 4109 δὲ
408 4052 628 4116 λίϐανος
662 4051 805 4107 κατά
831 4068 951 4104 τινα
989 4049 1145 4119 λόγον
1175 4049 1477 4120 ἀφιέρωται
1508 4050 1574 4120 τῇ
1604 4046 1697 4100 τοῦ
1726 4046 1859 4100 Θεοῦ

259 4148 425 4218 τιμῇ.
477 4146 539 4198 '0
568 4143 744 4198 τοίνυν
796 4142 988 4198 ἑαυτὸν
1033 4141 1242 4213 μέλλων
1286 4139 1598 4195 ἀνατιθέναι
1640 4142 1707 4211 τῇ
1766 4137 1859 4192 τοῦ

261 4238 404 4294 Θεοῦ
440 4236 730 4310 θεραπεία,
755 4236 856 4290 οὐκ
886 4235 1061 4301 ἄλλως
1088 4234 1239 4289 ἔσται
1267 4233 1483 4297 λίϐανος
1515 4232 1592 4303 τῷ
1614 4229 1733 4302 Θεῷ
1767 4230 1860 4284 θυ-

263 4327 567 4400 μιώμενος,
595 4328 644 4381 εί
670 4326 746 4398 μὴ
773 4327 1037 4399 πρότερον
1061 4325 1277 4398 σμύρνα
1297 4325 1529 4395 γένοιτο,
1555 4325 1856 4389 τουτέστιν,

261 4420 311 4472 εἰ
342 4399 424 4490 μὴ
459 4417 530 4471 τά
567 4415 662 4470 ἐπὶ
693 4418 792 4488 τῆς
830 4416 935 4487 γῆς
969 4414 1135 4470 αὐτοῦ
1176 4413 1311 4486 μέλη
1348 4412 1694 4485 νεκρὼσειεν,
1731 4427 1860 4464 συν-
1891 4399 1936 4454 Ῑ)

261 4509 458 4577 ταφεὶς
485 4507 565 4579 τῷ
603 4506 762 4577 ἡμῶν
802 4493 1186 4577 ἀναδεξαμένῳ
1232 4504 1322 4559 τὸν
1360 4503 1609 4567 θάνατον,
1637 4503 1733 4556 καὶ
1760 4502 1859 4574 τὴν

263 4599 520 4670 σμύρναν
558 4598 774 4670 εκείνην
802 4597 899 4670 τὴν
939 4597 997 4651 ἐν
1026 4597 1104 4669 τῷ
1145 4594 1499 4667 ὲνταφιασμῷ
1529 4594 1622 4649 τοῦ
1654 4595 1859 4666 Κυρίου

262 4689 743 4762 παραληφθεῖσαν,
780 4693 846 4762 τῇ
883 4690 1044 4762 σαρκὶ
1081 4692 1147 4762 τῇ
1185 4690 1290 4763 ίδίᾳ
1327 4688 1415 4743 διά
1461 4687 1555 4742 τοῦ
1589 4688 1861 4761 νεκρῶσαι

262 4782 336 4837 τά
374 4782 515 4854 μέλη
563 4782 1024 4854 καταδεξάμενος·
1072 4776 1147 4838 ὧν
1192 4780 1517 4852 γενομένων,
1569 4782 1677 4834 πᾶν
1723 4778 1862 4845 εἶδος

262 4874 377 4927 τῶν
410 4874 534 4928 κατ’
568 4873 767 4945 ἀρετὴν
812 4874 1121 4945 ἀρωμάτων
1159 4874 1215 4925 ἑν
1259 4871 1337 4942 τῷ
1371 4870 1556 4942 κύκλῳ
1583 4868 1677 4923 τοῦ
1721 4869 1857 4940 βίου,

264 4961 525 5039 καθάπερ
573 4965 632 5015 ἐν
688 4962 814 5035 θυῖᾳ
866 4963 972 5016 τινὶ
1020 4959 1552 5032 λεπτοποιηθέντων.
1592 4959 1683 5012 τὸν
1732 4958 1860 5029 ἡδὺν

263 5054 476 5106 ἐκεῖνον
543 5054 817 5125 κονιορτὸν
877 5053 1278 5126 ἀπεργάζεται,
1328 5052 1388 5104 δν
1441 5050 1621 5105 λαϐὼν
1670 5051 1727 5103 ὲν
1781 5048 1861 5119 τῷ

264 5143 533 5216 ἄσθματι,
578 5142 807 5211 εὔπνους
845 5145 1071 5214 γίνεται,
1111 5144 1206 5198 τοῦ
1254 5141 1660 5216 μεμυρισμένου
1699 5140 1861 5194 πνεύ-

269 5253 443 5306 ματος
490 5236 701 5308 πλήρης
746 5237 1055 5308 γενόμενος.
1108 5235 1261 5291 Μετὰ
1310 5234 1409 5307 τὴν
1452 5236 1509 5288 ὲν
1554 5234 1633 5305 τῷ
1676 5232 1862 5288 κάλλει

270 5326 605 5398 μαρτυρίαν,
629 5327 680 5381 οἱ
710 5327 854 5397 φίλοι
882 5327 977 5381 τοῦ
1007 5328 1262 5398 νυμφίου,
1294 5328 1388 5381 καὶ
1412 5328 1863 5399 παρασκευασταὶ

264 5414 371 5471 τοῦ
403 5416 572 5486 ἀγνοῦ
604 5416 872 5490 θαλάμου,
918 5420 1014 5472 καὶ
1051 5418 1150 5489 τῆς
1192 5418 1441 5490 καθαρᾶς
1470 5416 1689 5489 νύμφης
1728 5434 1861 5489 προ-

273 5510 600 5583 μνήστορες,
631 5511 1071 5567 ὑποδεικνύουσιν
1116 5512 1253 5583 αὐτῇ
1300 5511 1398 5583 τῆς
1433 5510 1714 5583 βασιλικῆς
1743 5510 1860 5565 κλί-

1964 3172 2317 3235 cmnparatnr
2366 3161 2490 3231 ejus
2539 3158 2893 3232 pulchritudo
2946 3159 3309 3223 admirabilis,
3360 3167 3419 3212 ut
3467 3158 3557 3214 de-

1965 3260 2265 3330 scriptione
2310 3256 2557 3313 nemoris
2609 3255 2935 3310 ostendatur
2983 3254 3244 3308 virtutum
3289 3252 3549 3309 varietas.

1964 3347 2171 3403 Deinde
2204 3346 2388 3402 fumus
2417 3361 2483 3401 ex
2516 3344 2788 3401 sullitibus
2815 3343 3121 3400 assumitur
3155 3342 3221 3397 ad
3259 3343 3553 3414 imaginem

1964 3437 2399 3508 pulchritudinis
2432 3455 2445 3491 :
2483 3449 2663 3505 neque
2714 3434 2806 3489 hic
2839 3433 3096 3505 simplex,
3145 3432 3240 3488 sed
3279 3432 3553 3488 sumtibus

1963 3530 2200 3601 myrrhae
2232 3537 2287 3583 et
2316 3528 2494 3582 thuris
2526 3526 2692 3582 simul
2721 3524 3061 3589 commistis,
3105 3533 3166 3578 ut
3203 3539 3270 3578 ex
3298 3524 3553 3593 utrisque

1963 3637 2073 3677 una
2112 3623 2184 3676 sit
2216 3621 2438 3690 vaporis
2465 3619 2667 3690 gratia.
2701 3632 2799 3688 per
2823 3615 2945 3687 qua:
2975 3630 3196 3686 sponsa:
3217 3615 3555 3671 describitur

1962 3714 2337 3786 pulchritudo.
2375 3712 2494 3766 Alia
2520 3713 2644 3767 laus
2685 3718 2772 3767 est
2815 3709 3010 3764 mixtio
3045 3715 3373 3763 aromatum.
3408 3707 3556 3780 Myr-

1964 3802 2064 3856 rha
2098 3809 2185 3856 est
2214 3808 2341 3871 apta
2369 3799 2437 3853 ad
2466 3814 2762 3870 corporum
2793 3798 3132 3862 sepulturam
3165 3815 3178 3850 :
3212 3796 3340 3852 thus
3369 3806 3550 3853 autem

1962 3905 2047 3953 est
2077 3895 2313 3966 quadam
2359 3894 2574 3948 ratione
2606 3899 2996 3948 consecratum
3044 3890 3241 3945 honori
3285 3888 3404 3945 Dei.
3447 3888 3552 3956 Qui

1962 4002 2021 4043 se
2053 3987 2169 4041 vult
2197 4000 2328 4057 ergo
2356 3983 2454 4040 Dei
2509 3983 2768 4039 dedicare
2798 3981 2996 4048 cultui,
3040 3996 3151 4036 non
3199 3980 3305 4036 erit
3342 3980 3551 4037 bonum

1961 4080 2095 4136 thus
2143 4078 2254 4136 Deo
2294 4086 2707 4138 consecratum,
2753 4074 2862 4131 nisi
2905 4075 3060 4144 prius
3095 4072 3263 4128 fuerit
3302 4071 3549 4145 myrrha,

1963 4172 2067 4228 hoc
2094 4177 2200 4237 est,
2236 4168 2346 4225 nisi
2392 4166 2808 4224 mortiﬁcaverit
2842 4165 3088 4221 membra
3128 4179 3251 4234 qua.
3284 4171 3415 4219 sunt
3456 4176 3554 4218 su-

1961 4278 2061 4336 pra
2107 4272 2334 4328 terram,
2390 4260 2753 4331 consepultus
2798 4272 2924 4313 cum
2975 4270 3041 4311 eo
3090 4255 3184 4325 qui
3239 4268 3339 4324 pro
3388 4253 3552 4308 nobis

1963 4363 2198 4413 mortem
2235 4352 2501 4423 suscepit,
2531 4358 2588 4407 et
2616 4349 2895 4422 myrrham
2931 4347 3076 4401 illam
3115 4361 3237 4416 qua:
3265 4352 3551 4416 assumpta

1964 4453 2049 4501 est
2095 4443 2162 4498 ad
2211 4440 2426 4496 Domini
2483 4438 2847 4508 sepulturam,
2900 4435 2957 4489 in
3004 4433 3226 4504 propria
3271 4446 3439 4488 carne
3481 4431 3551 4487 ad

1967 4532 2349 4593 mortilicanda
2372 4547 2473 4588 sua
2500 4530 2748 4586 membra
2774 4527 3071 4599 acceperit.
3096 4525 3230 4594 Quae
3253 4540 3378 4580 cum
3406 4523 3552 4580 facta

1967 4631 2196 4698 fuerint,
2226 4610 2390 4684 omne
2429 4641 2604 4698 genus
2635 4632 2944 4681 aromatum
2974 4639 3041 4678 ex
3073 4622 3303 4685 virtute,
3334 4620 3389 4674 in
3427 4620 3554 4676 vita:

1968 4720 2199 4786 circulo,
2255 4728 2518 4788 tanquam
2568 4716 2624 4770 in
2670 4715 2857 4786 aliquo
2892 4714 3159 4770 mortario
3214 4712 3270 4767 in
3321 4711 3553 4768 subtiles

1970 4820 2153 4885 partes
2182 4809 2671 4873 comminutorum,
2706 4822 2928 4862 suavem
2975 4808 3125 4861 illum
3172 4804 3336 4860 ellieit
3365 4803 3553 4874 pulve-

1967 4920 2102 4966 rem,
2144 4917 2307 4972 quem
2352 4899 2445 4970 qui
2492 4899 2700 4970 aecepit
2732 4898 2787 4953 in
2829 4898 3097 4961 anhelitu,
3147 4896 3355 4952 odorus
3384 4894 3553 4951 elﬁci-

1966 5005 2078 5059 tur,
2129 4994 2324 5063 plenus
2380 4992 2579 5062 spiritu
2639 4997 2919 5063 unguenta
2973 4989 3265 5046 redolenti.
3307 4986 3438 5042 Post
3482 4985 3551 5041 de

1966 5083 2382 5157 pulchritudine
2429 5084 2602 5138 latum
2650 5085 3055 5143 testimonium,
3110 5082 3274 5137 amici
3335 5077 3550 5151 sponsi,

1964 5184 2021 5232 et
2079 5174 2175 5246 qui
2233 5181 2431 5244 parant
2488 5173 2791 5228 thalamum
2838 5173 3225 5245 impollutum,
3288 5177 3343 5226 et
3401 5182 3553 5239 purte

1966 5281 2185 5337 sponsa:
2232 5264 2493 5335 pronubi,
2550 5264 2849 5320 ostendunt
2898 5263 2949 5318 ei
3007 5262 3208 5333 regalis
3259 5258 3382 5315 lecti
3429 5254 3552 5322 pul-

1966 5355 2360 5418 chritudinem,
2413 5362 2472 5409 ut
2522 5370 2782 5425 sponsam
2829 5353 3024 5423 majori
3060 5350 3363 5408 accendant
3402 5342 3552 5400 desi-

1966 5446 2120 5502 derio
2152 5446 2353 5503 divina:
2399 5456 2451 5501 et
2496 5444 2863 5500 immaculata:
2907 5460 3033 5500 cum
3063 5460 3128 5498 eo
3158 5443 3280 5497 vita:
3315 5447 3549 5493 consue-

1967 5538 2196 5595 tudinis.
3044 5542 3049 5547 ’

270 5643 377 5699 νης
400 5628 461 5681 τὸ
489 5627 705 5693 κάλλος,
733 5628 808 5693 ὡς
840 5628 907 5685 ἂν
944 5627 1145 5700 μᾶλλον
1183 5628 1239 5692 ἐς
1269 5626 1563 5698 ἐπιθυμίαν
1596 5626 1696 5698 τὴν
1731 5624 1947 5701 νύμφην
1975 5632 2234 5703 ἀγάγοιεν
2281 5634 2381 5704 τῆς
2414 5632 2563 5695 θείας
2618 5647 2677 5683 τε
2721 5627 2814 5683 καὶ⁸
2858 5626 3129 5697 ἀχράντου
3200 5619 3317 5694 μετ’
3383 5613 3545 5672 αύτοῦ

274 5716 652 5788 συμϐιώσεως.
