3948 6192
494 273 605 330 899

488 470 743 523 oratione
786 469 1218 525 demonstrativa
1264 487 1361 540 per
1408 488 1468 527 ea
1503 489 1624 543 qua:
1674 474 1957 528 disserunt
2012 477 2060 530 ei

491 560 696 628 aliquid
753 560 1068 630 relinquunt
1115 564 1562 619 existimandum.
1621 565 1817 618 Dicunt
1866 567 2007 620 enim
2046 608 2058 619 .

490 648 622 706 Ecce
689 651 853 707 lectus
921 640 1254 720 Salomonis,

484 755 603 793 eum
659 755 726 794 ea:
768 740 993 809 fortibus
1043 741 1232 796 Israel.
1285 744 1475 799 Omnes
1534 755 1759 799 tenentes
1801 746 2058 816 gladium,

483 832 639 898 periti
664 847 876 902 pugnax,
908 833 1318 903 uniuscujusque
1346 837 1486 888 ensis
1529 853 1688 905 super
1716 837 1887 904 fantur
1907 854 2058 890 suum

483 935 696 991 propter
727 934 992 993 stuporem
1038 934 1375 978 nocturnum.
1414 929 1591 995 Atque
1635 927 1781 997 quod
1838 946 1945 983 non
1993 946 2056 985 ex

488 1015 719 1069 historia
748 1017 966 1084 quidem
1014 1017 1081 1070 de
1118 1018 1258 1070 lecto
1294 1018 1453 1075 verba
1509 1021 1662 1085 (iant,
1697 1023 1870 1077 cuivis
1899 1023 2060 1078 fuerit

484 1106 834 1175 perspicuum
857 1120 952 1172 per
969 1120 1030 1158 ea
1052 1121 1172 1174 quae
1195 1108 1261 1160 de
1283 1107 1577 1163 Salomone
1603 1112 1803 1180 scripta
1825 1121 1949 1166 sunt
1975 1114 2058 1166 hi-

484 1196 693 1250 storice
734 1211 798 1249 ac
829 1199 1195 1266 corporaliter
1228 1216 1241 1251 :
1281 1200 1441 1267 cujus
1471 1210 1524 1254 et
1552 1217 1799 1256 mensam
1831 1205 2056 1273 regiam,

1336 657 1610 725 sexaginta
1685 657 1848 724 fortes
1920 658 2060 709 circa

485 1294 540 1339 et
592 1288 862 1356 reliquum
905 1288 959 1342 in
1003 1304 1171 1357 regno
1211 1284 1556 1359 apparatum,
1608 1294 1839 1364 vitaeque
1892 1297 2057 1350 totius

485 1379 839 1434 traducenda:
886 1382 1155 1436 rationem
1200 1383 1620 1453 diligentissime
1662 1393 1716 1440 et
1752 1389 2055 1443 accuratis‘

483 1474 620 1525 sime
658 1471 951 1540 descripsit
978 1474 1117 1527 liber
1154 1473 1356 1544 Regum
1388 1493 1400 1529 :
1436 1477 1561 1529 novi
1594 1485 1773 1531 autem
1808 1487 1861 1534 et
1897 1478 2058 1533 alieni

482 1560 549 1615 de
588 1562 725 1615 lecto
798 1564 936 1617 nihil
990 1564 1175 1619 dixit:
1210 1566 1393 1635 itaque
1428 1569 1653 1622 omnino
1701 1578 1785 1624 est
1833 1586 2059 1626 necesse

481 1653 875 1722 expositionem
923 1669 1031 1708 non
1074 1671 1296 1710 manere
1328 1658 1383 1710 in
1432 1658 1634 1722 littera,
1681 1661 1776 1716 sed
1817 1661 2056 1730 aliquam

481 1744 880 1798 aet-oratiorem
913 1747 1377 1813 comprehendere
1407 1749 1841 1819 intelligentiam,
1878 1761 2057 1807 mente

482 1833 718 1888 abducta
756 1849 788 1887 a
829 1836 1098 1890 materiali
1147 1839 1549 1909 signiﬁcatione
1603 1842 1671 1896 ad
1715 1843 2056 1912 spiritualem

478 1923 630 1977 verbi
680 1927 1226 1995 contemplationem.
1274 1930 1409 1995 Quis
1439 1933 1585 1987 enim
1623 1934 1749 1989 lecti
1796 1936 2057 2005 nuptialis

480 2011 648 2068 fuerit
676 2026 911 2072 ornatus
941 2033 1008 2072 ex
1042 2021 1324 2089 sexaginta
1350 2025 1596 2089 armatis,
1629 2027 1721 2095 qui
1748 2042 1812 2081 ea
1845 2027 2054 2082 didice-

481 2114 614 2159 runt
636 2122 759 2176 quae
803 2117 931 2162 sunt
962 2110 1088 2166 belli
1119 2113 1423 2168 terribilia?
1459 2110 1523 2168 Et
1545 2118 1669 2186 quis
1702 2126 1930 2175 ornatus
1970 2127 2054 2175 est

479 2195 628 2250 ensis
676 2210 786 2263 quo
822 2196 1131 2252 accinctum
1186 2207 1270 2254 est
1314 2202 1554 2269 corpus?
1601 2202 1741 2269 Quid
1788 2221 1918 2261 vero
1959 2208 2054 2275 qui

479 2282 624 2336 circa
654 2298 750 2338 eos
783 2295 867 2339 est
915 2295 1109 2354 stupor
1157 2290 1504 2344 nocturnus?
1533 2288 1855 2348 Terribilem
1886 2296 2053 2351 etiam

484 2379 764 2441 stuporem
799 2372 914 2428 ﬁeri
941 2390 1007 2429 ex
1047 2377 1376 2445 quihusdam
1408 2382 1696 2437 nocturnis
1725 2386 2050 2454 terroribus,

482 2476 578 2530 per
606 2462 850 2531 stuporis
883 2466 1209 2519 vocabulum
1252 2468 1498 2523 ostendit
1536 2474 1733 2537 oratio,
1776 2484 1936 2544 qnetn
1969 2479 2052 2533 his

480 2551 615 2605 dicit
658 2554 883 2608 evenire
926 2558 1179 2610 armatis.
1229 2556 1325 2613 Est
1364 2575 1497 2628 ergo
1540 2564 1767 2619 omnino
1813 2582 1909 2635 per
1939 2567 2054 2623 ham

478 2644 642 2696 verba
687 2645 1013 2715 quaerendus
1060 2662 1254 2702 sensus
1296 2660 1706 2708 consentaneus
1753 2668 1818 2709 ac
1860 2671 2056 2712 conse-

478 2748 653 2800 quens
705 2734 771 2788 iis
823 2749 945 2804 quae
998 2738 1150 2805 prius
1196 2747 1324 2792 sunt
1372 2741 1739 2797 considerata.
1790 2745 1925 2810 Quis
1971 2757 2055 2804 est

476 2837 610 2893 ergo
662 2827 899 2880 sensus?
934 2826 1029 2881 Est
1075 2837 1506 2884 consentaneum
1555 2835 1770 2888 ostendi
1814 2836 1961 2891 divin
1982 2855 2052 2892 im

480 2914 944 2981 pulchritudinem
980 2922 1033 2971 in
1072 2928 1285 2974 terrore
1320 2919 1520 2977 habere
1556 2925 1760 2995 aliquid
1796 2929 2051 2994 amabile,

478 3017 544 3055 ex
592 3003 661 3058 iis
689 3021 810 3073 quae
842 3014 972 3059 sunt
1003 3010 1283 3062 contraria
1328 3025 1606 3081 corporeae
1633 3016 2047 3082 pulchritudini.

478 3091 616 3147 Nam
658 3096 746 3150 hic
791 3097 1010 3165 quidem
1046 3099 1272 3152 attrahit
1313 3102 1380 3155 ad
1426 3106 1779 3173 cupiditatem
1821 3110 1871 3162 id
1904 3110 2049 3178 quod

477 3190 562 3237 est
611 3183 753 3237 visui
803 3184 1133 3253 jucundum,
1181 3189 1324 3257 quod
1380 3191 1640 3246 blandum
1686 3201 1740 3249 et
1781 3196 1850 3250 ab
1901 3199 2048 3252 omni

476 3273 708 3327 terribili
755 3276 988 3343 iratique
1019 3275 1183 3330 animi
1231 3278 1514 3336 affectione
1555 3295 1889 3353 separatum.
1926 3289 2050 3344 Pul-

477 3363 734 3416 chritudo
773 3371 957 3417 autem
997 3366 1088 3419 illa
1125 3368 1179 3422 in
1215 3385 1380 3439 quam
1415 3387 1522 3426 non
1572 3376 1722 3430 cadit
1768 3378 2047 3447 interitus,

475 3461 559 3507 est
592 3454 769 3523 magni
801 3462 856 3510 et
885 3457 1087 3513 excelsi
1121 3460 1289 3514 animi
1324 3462 1496 3519 virtus
1532 3466 1816 3530 terribilis.
1845 3479 1900 3525 et
1929 3488 2050 3542 quae

474 3558 582 3611 non
653 3552 831 3613 potest
880 3549 1202 3603 conturbari
1263 3561 1357 3606 aut
1409 3561 1634 3627 stupore
1693 3558 1852 3616 afﬁci.
1911 3561 2046 3618 Nam

474 3638 733 3701 quoniam
767 3638 937 3692 animi
966 3642 1207 3697 motibus
1237 3644 1474 3699 obnoxia
1506 3654 1561 3701 et
1597 3648 1820 3705 sordida
1853 3667 2049 3723 corpo—

473 3741 595 3779 rum
655 3729 954 3798 cupiditas,
1012 3733 1276 3789 membris
1328 3739 1514 3791 carnis
1555 3738 1824 3807 insidens,
1877 3745 2046 3800 veluti

474 3818 720 3886 quaedam
768 3822 1083 3889 praedonum
1114 3832 1328 3889 turmae,
1373 3830 1540 3883 menti
1580 3830 1892 3898 insidiatur,
1926 3851 2044 3890 eam

474 3924 853 3976 smpenumero
886 3916 1155 3983 captivam
1198 3918 1265 3972 ad
1304 3935 1461 3973 suam
1494 3923 1765 3994 arripiens
1797 3929 2049 3984 volunta-

470 4006 581 4054 tem
617 4017 631 4055 :
668 4000 778 4056 Deo
802 4013 984 4058 autem
1015 4006 1256 4063 evadens
1294 4010 1539 4077 inimica,
1576 4014 1719 4069 sicut
1746 4016 1878 4071 dicit
1901 4019 2048 4089 Apo-

473 4095 670 4157 stolus,
700 4095 845 4163 quod
887 4097 1175 4165 prudentia
1221 4101 1406 4155 carnis
1437 4101 1545 4156 Deo
1584 4112 1669 4159 est
1708 4106 1930 4164 inimica
1957 4112 2042 4165 ’δι

473 4194 759 4256 propterea
790 4196 874 4241 est
901 4203 1268 4260 consequens,
1316 4201 1375 4246 ttt
1404 4193 1622 4251 divinus
1661 4211 1815 4253 amor
1859 4200 1949 4255 ﬁat
1978 4217 2045 4257 ex

465 4281 538 4338 iis
570 4293 693 4347 quae
742 4286 872 4334 sunt
923 4283 1200 4337 contraria
1246 4286 1522 4354 corporali
1574 4288 1880 4359 cupiditati.
1923 4292 2044 4359 Quo

1744 269 1802 325 S.
1828 269 2153 328 GREGORII
2207 269 2502 329 NYSSENI
3574 288 3654 344 εγω

559 381 685 438 Htec
716 389 897 436 autem
928 388 1014 437 est
1061 381 1184 438 lecti
1237 384 1388 453 regis
1418 384 1735 455 descriptio,
1772 385 1839 440 de
1869 401 1973 455 qua
2006 387 2059 441 in
2090 389 2137 444 Δ

2242 387 2308 439 Ἦ
2351 388 2409 441 δὲ
2446 387 2736 459 ὑπογραφὴ
2779 388 2882 458 τῆς
2916 388 3008 442 τοῦ
3053 386 3304 458 βασιλέως
3345 391 3518 465 κλίνης,
3548 401 3659 470 αὐτή

2162 480 2327 541 ἐστιν,
2355 481 2420 550 ἣν
2463 479 2540 549 τῷ
2582 480 2834 551 δεικτικῷ
2878 479 3020 549 λόγῳ
3064 480 3154 532 ὑπ’
3194 478 3310 549 ὄψιν¹
3337 481 3528 550 ἄγουσιν
3555 489 3664 560 αὐτῇ

2157 569 2223 619 δι’
2273 563 2346 621 ὧν
2383 569 2764 640 διεξέρχονται.
2822 569 3051 639 Λέγουσι
3102 571 3236 641 γάρ’
3277 573 3408 628 Ἰδοὺ
3451 576 3485 643 ἡ
3522 581 3666 649 κλίνη

2160 659 2265 712 τοῦ
2291 660 2692 729 Σολομῶντος,
2719 661 3015 727 ἐξήκοντα
3034 662 3273 716 δυνατοὶ
3297 666 3479 729 κύκλῳ
3496 669 3669 739 αὐτῆς,

2159 751 2277 804 ἀπὸ
2314 752 2588 806 δυνατῶν
2629 752 2888 820 Ἰσραὴλ,
2934 752 3157 820 πάντες
3199 748 3520 823 κατέχοντες
3553 758 3670 828 ῥομ-

2159 844 2363 910 φαίαν,
2379 843 2783 913 δεδιδαγμένοι
2813 846 3099 913 πόλεμον
3147 846 3313 914 ἀνὴρ,
3330 848 3564 915 ῥομφαία
3590 848 3673 904 αὑ-

2159 933 2265 986 τοῦ
2294 935 2388 986 ἐπὶ
2418 936 2525 987 τὸν
2548 936 2745 1004 μηρὸν
2772 936 2976 1000 αὐτοῦ,
3008 935 3125 989 ἀπὸ
3157 936 3401 1015 θάμϐους
3425 936 3487 991 ἐν
3510 941 3671 1003 νυξὶν.

2162 1025 2283 1077 ’Ότι
2315 1025 2411 1094 μὲν
2443 1022 2533 1078 οὗν
2565 1027 2663 1079 οὐκ
2696 1028 2759 1078 ἐκ
2791 1028 2887 1097 τῆς
2914 1027 3154 1097 ἱστορίας
3187 1027 3216 1079 ὁ
3251 1028 3370 1096 περὶ
3400 1028 3488 1099 τῆς
3526 1031 3677 1102 κλίνης

2159 1114 2315 1183 λόγος
2352 1116 2490 1180 ἐστὶ,
2524 1114 2684 1168 παντὶ
2717 1115 2871 1186 δῆλον
2899 1112 2967 1169 ἂν
2993 1116 3218 1183 γένοιτο,
3244 1116 3326 1170 διὰ
3352 1116 3453 1169 τῶν
3483 1136 3681 1188 σωματιδ

2160 1206 2270 1269 κῶς
2300 1206 2427 1277 περὶ
2467 1202 2559 1260 τοῦ
2600 1200 2941 1277 Σολομῶντος
2991 1206 3388 1277 ἱστορηθέντων.
3432 1196 3497 1263 Οὗ
3529 1210 3682 1263 καὶτὰ

2161 1298 2406 1369 βασίλεια
2451 1299 2543 1351 καὶ
2586 1299 2684 1368 τὴν
2715 1297 3014 1369 τράπεζαν,
3056 1298 3149 1351 καὶ
3190 1298 3284 1367 τὴν
3322 1296 3501 1367 λοιπὴν
3544 1302 3593 1353 ἐν
3628 1294 3682 1371 τῇ

2163 1389 2404 1458 βασιλείᾳ
2449 1389 2722 1458 διαγωγὴν
2772 1389 2905 1459 μετὰ
2953 1389 3131 1460 πάσης
3180 1386 3449 1459 ἀκριϐείας
3492 1390 3516 1441 ὁ
3556 1388 3685 1455 λόγος

2160 1480 2442 1551 ὑπέγραψε
2460 1498 2473 1512 ·
2505 1481 2687 1533 καινὸν
2710 1480 2763 1531 δέ
2785 1498 2836 1532 τι
2863 1481 2954 1533 καὶ
2984 1474 3425 1550 παρηλλαγμένον
3449 1475 3556 1531 εἷπε
3583 1478 3689 1549 περὶ

2160 1571 2256 1639 τῆς
2284 1570 2469 1639 κλίνης
2497 1570 2666 1631 οὐδὲν,
2690 1570 2764 1632 ὠς
2795 1571 2973 1623 πᾶσαν
2999 1571 3241 1640 ἀνάγκην
3272 1562 3421 1629 εἶναι,
3450 1569 3516 1638 μὴ
3548 1578 3690 1640 παρα-

2165 1663 2341 1730 μεῖναι
2382 1661 2459 1730 τῷ
2501 1662 2786 1732 γράμματι
2836 1661 2933 1731 τὴν
2976 1662 3259 1732 ἐξήγησιν,
3301 1652 3428 1714 ἀλλά
3461 1656 3539 1714 διά
3576 1677 3692 1724 τινος

2087 1733 2130 1787 Β
2158 1748 2581 1819 ἐπιμελεστέρας
2631 1740 3007 1821 καέανοήσεως
3067 1750 3384 1821 μεταλαϐεῖν
3420 1751 3503 1802 τὸν
3543 1748 3691 1816 λόγον,

2158 1840 2236 1903 είς
2267 1841 2641 1912 πνευματικὴν
2675 1840 2906 1911 θεωρίαν
2950 1842 3047 1911 τῆς
3091 1841 3283 1911 ὑλικῆς
3322 1842 3587 1912 ἐμφάσεως
3620 1833 3696 1893 sint

2156 1924 2278 1981 νοῦν
2308 1929 2734 2000 ἀποστήσαντες.
2765 1930 2861 1994 Τίς
2888 1929 2997 2003 γὰρ
3028 1931 3093 1984 ἂν
3122 1931 3183 1997 ἐξ
3220 1930 3443 1984 ὁπλιτῶν
3472 1932 3696 2000 ἐξήκοντα

2156 2020 2540 2090 καλλωπισμὸς
2566 2019 2772 2090 γένοιτο
2796 2020 2983 2091 κλίνης
3008 2041 3068 2077 νυ
3076 2022 3305 2093 μφικῆς,
3334 2017 3412 2086 οἷς
3440 2022 3699 2092 μαθήματα

2159 2112 2256 2181 μὲν
2284 2112 2351 2164 τά
2380 2111 2584 2183 φοϐερά
2615 2113 2709 2168 τοῦ
2744 2111 3014 2183 πολέμους
3058 2114 3280 2183 Κόσμος
3321 2112 3376 2165 δέ
3420 2115 3451 2184 ἡ
3495 2111 3701 2182 ῥομφαία

2154 2202 2570 2274 προϐεϐλημένη
2596 2204 2691 2258 τοῦ
2727 2200 3013 2275 σώματος;
3049 2203 3273 2275 Θάμϐος
3308 2203 3364 2256 δέ
3393 2203 3512 2273 περὶ
3534 2203 3700 2265 αὐτοὺς

2154 2296 2486 2365 νυκτερινόν;
2521 2295 2630 2366 Τὴν
2662 2295 2768 2368 γὰρ
2816 2295 3049 2367 φοϐερὰν
3082 2294 3342 2367 ἔκπληξιν
3381 2294 3474 2365 τὴν
3516 2295 3574 2346 ἐκ
3612 2293 3704 2344 85t-

2157 2386 2340 2456 μάτων
2364 2386 2528 2440 τινῶν
2552 2388 2879 2458 νυκτερινῶν
2908 2385 3224 2460 γινομένην,
3247 2387 3334 2441 διὰ
3354 2384 3448 2457 τῆς
3472 2383 3558 2439 τοῦ
3588 2385 3702 2453 θάμ-

2152 2474 2280 2537 ϐους
2315 2478 2511 2544 λέξεως
2555 2478 2585 2531 ὁ
2626 2478 2782 2547 λόγος
2820 2477 3190 2542 ἐνδείκνυται,
3237 2479 3305 2549 ἣν
3349 2478 3457 2540 τοῖς
3490 2475 3705 2539 ὁπλίταις

2152 2567 2360 2631 τούτοις
2394 2570 2672 2638 προσεῖναι
2701 2568 2865 2637 λέγει.
2905 2567 3113 2621 Οὐκοῦν
3144 2567 3310 2622 παντὶ
3354 2570 3530 2639 τρόπῳ
3565 2566 3706 2636 ζητη-

2152 2658 2272 2712 τέον
2305 2657 2370 2711 ἂν
2414 2659 2497 2728 εἴη
2532 2658 2768 2712 διάνοιάν
2816 2676 2936 2712 τινα
2976 2658 3062 2712 διὰ
3098 2659 3211 2713 τῶν
3248 2660 3502 2730 ῥημάτων
3534 2657 3709 2710 τούτων

2154 2746 2687 2822 προτεθεωρημένοις
2725 2748 3035 2806 ἀκόλουθον.
3087 2748 3189 2815 Τίς
3231 2748 3324 2805 οὖν
3365 2752 3506 2803 ἐστιν
3543 2750 3573 2817 ἡ
3609 2747 3707 2800 διά-

2152 2858 2307 2908 νοια;
2343 2843 2525 2909 Ἐοικε
2572 2840 2633 2895 τὸ
2672 2841 2812 2897 θεῖον
2848 2840 3042 2906 κάλλος
3071 2842 3127 2896 ὲν
3164 2843 3243 2914 τῷ
3282 2840 3493 2914 φοϐερῷ
3517 2834 3572 2894 τὸ
3600 2837 3710 2909 ἐρά-

2155 2950 2311 3002 σμιον
2344 2932 2508 3002 ἔχειν,
2544 2931 2650 2986 ἀπὸ
2682 2933 2788 2986 τῶν
2824 2929 3077 2987 ἐναντίων
3103 2928 3190 3004 τῷ
3230 2932 3523 3004 σωματικῷ
3551 2926 3709 2983 κάλλει

2150 3019 2516 3091 δεικνύμενον.
2562 3021 2825 3076 Ἐνταῦθα
2866 3022 2963 3094 μὲν
3004 3022 3113 3095 γὰρ
3156 3022 3470 3092 ἐλεγκτικὸν
3501 3023 3576 3086 είς
3608 3023 3714 3073 ἐπι-

2151 3111 2351 3181 θυμίαν
2385 3114 2500 3166 ἐστὶ
2532 3110 2593 3167 τὸ
2621 3112 2891 3186 προσηνὲς
2924 3117 2989 3185 τῇ
3030 3112 3154 3185 ὕψει
3193 3115 3289 3168 καὶ
3336 3112 3604 3184 μειλίχιον,
3633 3104 3712 3163 καὶ

2149 3203 2328 3272 πάσης
2360 3198 2594 3274 φοϐερᾶς
2635 3220 2695 3256 τε
2743 3203 2837 3258 καὶ
2865 3203 3146 3274 θυμώδους
3186 3202 3481 3267 διαθέσεως
3509 3209 3715 3272 κεχωρίδ-

2150 3290 2364 3362 σμένον.
2400 3290 2472 3345 Τὸ
2500 3292 2773 3364 ἀκήρατον
2802 3294 2858 3348 δὲ
2887 3288 3079 3358 κάλλος
3121 3292 3324 3360 ἐκεῖνο,
3366 3294 3399 3365 ἡ
3448 3290 3639 3364 φοϐερά
3663 3297 3711 3341 τε

2148 3382 2239 3438 καὶ
2287 3382 2705 3456 ἀκατάπληκτος
2745 3379 2933 3457 ἀνδρία
2978 3384 3145 3440 ἐστίν.
3192 3380 3416 3455 Ἐπειδὴ
3445 3384 3605 3454 γάρὴ
3629 3383 3712 3450 ἐμο-

2122 3476 2325 3547 ήπαθὴς
2353 3477 2446 3531 καὶ
2477 3477 2703 3548 ῥυπῶσα
2741 3474 2849 3530 τῶν
2899 3471 3173 3549 σωμάτων
3215 3476 3482 3547 ἐπιθυμία
3506 3477 3609 3537 τοῖς
3631 3469 3717 3540 τῆς

2149 3566 2351 3638 σαρκὸς
2386 3567 2601 3636 μέλεσιν
2648 3568 3018 3641 ἐγκαθημένη,
3066 3570 3329 3640 καθάπερ
3367 3583 3419 3621 τι
3462 3565 3716 3633 σύνταγμα

2146 3654 2436 3730 λῃστρικὸν
2465 3659 2733 3730 ἐνεδρεύει
2773 3661 2864 3713 τὸν
2904 3660 3047 3724 νοῦν,
3089 3661 3189 3715 καὶ
3237 3659 3577 3731 αἰχμάλωτον
3612 3656 3717 3722 ἄγει

2148 3749 2405 3813 πολλάκις
2466 3751 2600 3821 πρὸς
2644 3752 2705 3804 τὸ
2756 3754 2953 3824 ἑαυτῆς
3008 3753 3264 3824 βούλημα
3312 3746 3713 3823 συναρπάσασα⁸

2147 3838 2337 3909 ἐχθρὸν
2361 3838 2416 3892 δὲ
2443 3839 2520 3910 τῷ
2539 3839 2656 3911 Θεῷ
2687 3840 2748 3894 τὸ
2777 3840 3076 3912 γινόμενον,
3101 3841 3296 3906 καθώς
3329 3858 3491 3913 φησιν
3518 3843 3546 3893 ὁ
3581 3835 3719 3891 Ἀπό-

2148 3927 2350 3993 στολος,
2380 3930 2462 3982 ὅτι
2494 3926 2555 3982 τὸ
2593 3931 2847 4003 φρόνημα
2880 3935 2979 4003 τῆς
3019 3934 3229 4004 σαρκὸς
3265 3930 3433 4004 ἔχθρα
3465 3933 3541 3994 εἰς
3574 3927 3712 3982 Θεόν⁴

2145 4021 2234 4076 διὰ
2264 4018 2421 4075 τοῦτο
2450 4017 2737 4085 ἀκόλουθόν
2772 4025 2937 4085 ἐστιν,
2965 4026 3028 4077 ἐκ
3070 4024 3182 4077 τῶν
3216 4018 3479 4077 ἐναντίων
3512 4022 3601 4089 τῆς
3630 4034 3717 4071 σωι

2150 4114 2385 4184 ματικῆς
2409 4112 2702 4184 ἐπιθυμίας
2740 4109 2830 4166 τὸν
2875 4113 3015 4167 θεῖον
3061 4111 3248 4184 ἔρωτα
3292 4112 3562 4183 γίνεσθαιο
3595 4108 3714 4161 ὥστε

2146 4209 2193 4260 εί
2218 4206 2420 4276 ταύτης
2449 4202 2770 4275 καθηγεῖται
2799 4203 2949 4267 λύσις
2981 4204 3075 4257 καὶ
3110 4204 3304 4268 ἄνεσις
3341 4205 3435 4258 καὶ
3467 4198 3716 4273 βλακώδης

2144 4296 2405 4366 διάχυσις,
2454 4297 2571 4349 ἐκεῖ
2606 4295 2704 4366 τὴν
2760 4292 3017 4364 ἐπίφοϐον
3067 4308 3128 4349 τε
3183 4297 3284 4349 καὶ
3328 4292 3715 4361 ἀκατάπληκτον

473 4368 531 4420 lit
579 4378 639 4423 ut
697 4370 742 4424 si
805 4371 971 4440 hujus
1010 4372 1121 4427 dux
1173 4373 1339 4428 fuerit
1396 4376 1707 4443 dissolutio,
1770 4384 2043 4448 remissio,

2150 4388 2398 4458 ἀνδρείαν
2440 4386 2570 4457 ὕλην
2613 4386 2706 4440 τοῦ
2749 4386 2891 4439 θείου
2941 4386 3145 4457 ἔρωτος
3191 4384 3465 4457 γίνεσθαι.
3496 4381 3595 4439 Τοῦ
3627 4378 3715 4449 γὰρ

471 4459 762 4531 mollisque
812 4471 867 4517 et
916 4474 1174 4518 enervata
1220 4465 1463 4527 diﬂusio.
1497 4470 1610 4537 illic
1650 4473 1942 4531 vehemens
1989 4486 2045 4532 et

471 4567 592 4619 qum
642 4554 950 4621 perturbari
998 4571 1106 4610 non
1160 4566 1344 4627 potest
1390 4561 1558 4616 animi
1598 4566 1917 4634 magnitudo
1966 4570 2041 4624 sit

471 4644 699 4696 materia
753 4645 924 4699 divini
981 4650 1206 4705 amoris.
1255 4650 1391 4707 Cum
1446 4655 1591 4709 enim
1640 4655 1718 4709 ira
1768 4657 1927 4713 fortis
1978 4676 2043 4716 ac

473 4733 649 4787 virilis
682 4736 998 4792 insidiantis
1026 4742 1322 4812 voluptatis
1349 4754 1558 4801 turmas
1581 4752 1956 4816 perterruerit,
1988 4761 2042 4808 et

467 4823 528 4877 in
560 4823 742 4895 fugam
776 4831 1021 4894 vertcr’t,
1077 4841 1189 4886 tum
1242 4846 1467 4907 apparet
1514 4852 1650 4908 pura
1697 4844 1892 4899 animae
1927 4846 2045 4915 pul-

470 4914 747 4978 chritudo,
776 4920 928 5003 nullo
958 4929 1105 4975 motu
1143 4928 1411 4981 maculata
1439 4934 1741 5000 corporalis
1770 4914 2043 5006 cupidita-

470 5004 560 5057 tis.
600 5003 925 5063 Necessario
968 5012 1134 5080 igitur
1174 5017 1439 5084 nuptialis
1465 5022 1612 5092 regis
1644 5024 1821 5081 lectus
1846 5003 1920 5081 ab
1950 5043 2040 5082 ar-

470 5096 630 5150 matis
666 5097 1059 5163 circumdatur.
1110 5119 1343 5171 quorum
1382 5110 1507 5165 belli
1544 5115 1760 5183 peritia,
1800 5134 1866 5173 eo
1899 5122 2042 5190 quod

469 5199 635 5254 super
684 5186 863 5243 femur
914 5203 1161 5262 paratum
1209 5196 1448 5255 habeant
1495 5218 1718 5271 ensem,
1779 5186 2042 5267 terrorem

468 5271 623 5365 aiiert
652 5285 705 5331 et
734 5288 1012 5350 stuporem
1052 5287 1361 5345 tenebrosis
1406 5293 1855 5365 cogitationibus,
1893 5312 1953 5355 et
1977 5302 2043 5358 iis

467 5364 562 5433 qui
613 5368 667 5421 in
717 5370 956 5428 obscuro
1001 5375 1355 5449 insidiantur,
1404 5392 1460 5438 et
1509 5387 1730 5457 sagittis
1776 5400 2042 5461 appetant

463 5468 649 5516 rectos
679 5462 865 5519 corde.
908 5539 916 5548 .

544 5639 588 5671 τι
644 5641 796 5700 Rom.
841 5663 958 5713 Vttl,
999 5651 1048 5706 7.

2140 4478 2440 4549 ἀνδρώδους
2483 4476 2655 4549 θυμοῦ
2697 4477 2795 4531 τὸν
2833 4477 2932 4546 τῆς
2983 4479 3182 4548 ἡδονῆς
3232 4478 3396 4547 λόγον
3435 4469 3711 4540 καταπτοή-

2143 4569 2335 4632 σαντός
2376 4586 2436 4621 τε
2472 4568 2567 4621 καὶ
2608 4565 3063 4636 φυγαδεύσαντος.
3096 4565 3251 4620 οὕτω
3278 4566 3341 4619 τὺ
3374 4563 3603 4635 καθαρδν
3634 4559 3712 4627 τῆς

2138 4659 2316 4731 ψυχῆς
2344 4657 2695 4728 ἀναέραίνεται
2737 4660 2950 4722 κάλλος,
2990 4657 3185 4730 μηδενὶ
3215 4658 3386 4711 πάθει
3432 4651 3710 4725 σωματικῆς

2149 4750 2441 4820 ἐπιθυμίας
2480 4750 3014 4822 καταρῤυπούμενον.
3069 4748 3292 4802 Οὐκοῦν
3345 4746 3642 4816 ἀναγκαίως
3679 4739 3706 4809 ὴ

2147 4841 2389 4913 νυμφικὴ
2418 4842 2512 4895 τοῦ
2542 4841 2802 4912 βασιλέως
2839 4840 2993 4909 κλίνη
3040 4839 3157 4902 τοῖς
3188 4840 3443 4902 ὁπλίταις
3477 4839 3532 4890 ἐν
3560 4830 3709 4897 κύκλῳ

2147 4930 2588 5002 διαλαμϐάνεται,
2620 4925 2694 4984 ὧν
2725 4934 2759 5003 ἡ
2802 4931 2894 4985 τοῦ
2946 4931 3207 5001 πολεμεῖν
3242 4932 3531 5004 ἐμπειρία,
3564 4920 3710 4982 καὶτὸ

2148 5024 2432 5095 πρόχειρον
2463 5023 2604 5094 ἔχειν
2629 5025 2719 5077 ἐπὶ
2748 5024 2840 5077 τοῦ
2867 5023 3040 5094 μηροῦ
3065 5024 3171 5099 τὴν
3203 5023 3505 5095 ῥομφαίαν,
3535 5015 3704 5086 θάμῦοαι

2142 5116 2235 5169 καὶ⁵
2276 5115 2533 5187 ἔκπληξιν
2582 5115 2802 5187 ἐμποιεῖ
2841 5118 2952 5178 τοῖς
2998 5114 3400 5185 σκοτουμένοις
3440 5107 3707 5180 λογισμοῖςν

2141 5210 2249 5269 τοῖς
2282 5209 2337 5260 ἐν
2364 5207 2480 5271 νυξί
2506 5224 2562 5260 τε
2590 5207 2683 5261 καὶ
2710 5208 3011 5278 σκοτομήνῃ
3053 5208 3185 5263 τοὺς
3225 5206 3409 5271 εὐθεῖς
3444 5204 3506 5277 τῇ
3545 5193 3709 5269 καρδίᾳ

2141 5297 2355 5369 λοχοῦσί
2384 5316 2443 5352 τε
2468 5300 2560 5353 καὶ
2589 5299 2917 5364 τοξεύουσιν.
