3948 6192
236 290 332 349 801

1284 279 1347 334 IN
1380 278 1685 335 ‘CANTICA
1718 276 1987 334 (IANTIC.
2035 278 2322 337 llOMlLlA
2365 284 2450 339 Π.

3369 294 3475 354 90!

311 400 425 456 Ὀτι
459 396 562 468 γάρ
581 393 898 467 ἀναιρετικὴ
925 394 1033 449 τῶν
1060 396 1319 466 ῥυπαρῶν
1351 397 1552 467 ἡδονῶν
1585 397 1732 448 ἐστιν
1766 414 1769 424 ι

1871 446 1873 454 ,
1971 395 2125 463 Quod
2164 400 2307 454 enim
2346 402 2613 458 obscenas
2636 404 2939 475 voluptates
2963 408 3141 465 deleat
3161 425 3223 464 ac
3247 422 3474 480 perimat

244 497 341 551 τῶν
383 493 888 564 περιστοιχισμένων
934 490 1034 563 τὴν
1072 491 1257 561 κλίνην
1291 491 1595 557 ὲξόπλισις,
1640 491 1797 561 δῆλον

247 587 305 640 ἀν
340 585 535 652 γένοιτο
559 584 647 637 διά
681 584 779 653 τῆς
817 582 1144 653 ὑπογραφῆς
1183 581 1279 635 τοῦ
1309 582 1490 649 λόγου,
1525 582 1582 643 ὃς
1611 599 1795 651 φησιν,

240 676 313 730 ὅτι
336 673 555 740 Πάντες
579 673 986 743 δεδιδαγμένοι
1035 673 1321 741 πόλεμον.
1349 671 1504 740 ἀνὴρ
1533 673 1797 741 ῥομφαία

239 766 405 822 αὐτοῦ
431 767 526 821 ἐπὶ
560 766 666 821 τὸν
690 765 888 835 μηρὸν
915 764 1122 820 αὐτοῦ.
1168 763 1406 833 Ἀληθῶς
1442 763 1551 835 γὰρ
1580 765 1796 818 εἰδότων

237 862 382 923 ἐστὶν,
411 860 556 923 ὅπως
602 856 1117 931 ἀντιστρατεύεσθαι
1152 857 1257 928 χρὴ
1289 860 1355 928 τῇ
1396 856 1558 928 σαρκί
1601 874 1659 909 τε
1702 858 1795 910 καὶ

233 951 301 1021 τῷ
332 953 534 1020 αἵματι,
574 953 632 1006 ὲν
658 951 738 1021 τῷ
762 951 861 1022 τὴν
899 951 1171 1021 ῥομφαίαν
1207 950 1299 1003 ἐπὶ
1335 948 1413 1019 τῷ
1463 947 1622 1019 μηρῷ
1651 948 1793 1018 ἔχειν

232 1042 654 1113 ἑφηρμοσμένην.
685 1043 815 1096 Νοεῖ
838 1043 895 1096 δὲ
925 1043 1141 1103 πάντως
1181 1043 1210 1095 6
1244 1042 1353 1094 τῶν
1381 1040 1664 1111 γραφικῶν
1695 1040 1794 1093 οὐκ

228 1133 433 1201 ἄπειρος
475 1133 760 1204 νοημάτων
808 1134 900 1187 καὶ
946 1133 1304 1203 αἰνιγμάτων,
1354 1132 1417 1186 ἐκ
1456 1149 1516 1185 τε
1561 1132 1661 1201 τῆς
1697 1131 1790 1185 τοῦ

229 1224 386 1295 μηροῦ
420 1224 639 1295 μνήμης
666 1225 727 1278 τὸ
764 1225 1159 1295 σημαινόμενον
1183 1265 1197 1286 ,
1243 1226 1337 1278 καὶ.
1378 1225 1458 1278 ὅτι
1491 1225 1731 1296 ῥομφαία
1764 1227 1792 1277 6

224 1312 363 1381 λόγος
407 1315 572 1369 ἐστίν.
615 1315 674 1368 '0
720 1315 899 1367 τοίνυν
947 1315 1007 1368 τὸ
1050 1314 1277 1384 φοϐερὸν
1320 1314 1502 1376 ὅπλον,
1545 1315 1689 1382 λέγω
1732 1320 1785 1369 δτ-

221 1403 306 1474 τὴν
339 1406 434 1474 τῆς
476 1405 831 1475 σωφροσύνης
869 1406 1162 1477 ῥομφαίαν,
1212 1405 1600 1473 διεζωσμένος*
1638 1399 1789 1462 οὗτός

219 1496 350 1548 ἔστιν
375 1498 404 1549 6
426 1499 489 1568 τῇ
511 1497 775 1567 ἀφθάρτῳ
807 1497 960 1568 κλίνῃ
994 1498 1275 1568 ἐράσμιος,
1302 1492 1382 1562 εἷς
1411 1497 1519 1550 τῶν
1551 1496 1787 1550 δυνατῶν

230 1585 441 1655 Ἰσραὴλ,
472 1587 569 1641 καὶ
608 1577 702 1640 τοῧ
729 1587 1029 1655 καταλόγου
1060 1587 1168 1640 τῶν
1198 1587 1461 1657 ἐξήκοντα
1488 1587 1653 1654 ἄξιος.
1682 1588 1787 1642 Τὸν

215 1680 263 1733 δὲ
288 1681 505 1752 ἀριθμὸν
543 1682 734 1735 τοῦτον
758 1681 899 1753 ἔχειν
930 1682 1027 1752 μέν
1056 1699 1180 1737 τινα
1201 1683 1456 1752 μυστικὸν
1485 1684 1658 1751 λόγον,
1682 1684 1781 1740 οὐκ

217 1770 637 1843 ἀμφιϐάλλομεν
673 1772 808 1826 ἀλλά
842 1773 1020 1842 μόνοις
1064 1772 1292 1836 ἐκείνοις
1318 1773 1493 1843 δῆλον,
1532 1770 1614 1837 οἷς
1645 1775 1780 1828 ἀπο-

214 1859 450 1914 καλύπτει
476 1861 549 1915 τά
579 1862 938 1933 κεκρυμμένα
967 1865 1243 1934 μυστήρια
1278 1865 1311 1933 ἡ
1342 1863 1436 1918 τοῦ
1466 1864 1780 1936 Πνεύματος

212 1949 367 2019 χάρις.
400 1952 611 2035 ίΗμεῖς
646 1954 701 2006 δὲ
738 1953 918 2015 καλῶς
950 1952 1094 2024 ἔχειν
1122 1954 1300 2025 φαμὲν
1336 1954 1445 2008 τῶν
1473 1956 1778 2028 προχείρων

209 2041 288 2095 τοῦ
327 2043 475 2111 λόγου
518 2044 816 2115 νοημάτων
856 2044 1283 2117 ἐμφορηθέντας,
1338 2045 1519 2109 καθὼς
1559 2048 1651 2100 ἐπὶ
1700 2046 1777 2119 τῷ

211 2133 376 2203 Πάσχα
408 2134 699 2205 νομοθετεῖ
728 2136 989 2206 Μωῦσῆς,
1021 2136 1131 2188 τῶν
1163 2135 1613 2207 προφαινομένων
1645 2155 1777 2209 σαρτ

209 2222 303 2275 κῶν
341 2224 712 2295 ἐμφαγόντας,
744 2225 1325 2297 ἀπολυπραγμόνητον
1352 2228 1510 2282 ἐάσαι
1550 2228 1613 2282 τὸ
1661 2212 1775 2294 τοῖς

206 2317 387 2380 ὀστέοις
413 2319 512 2389 τῆς
540 2320 814 2389 ἀσαφείας
845 2321 1308 2392 ἐγκεκρυμμένον.
1342 2322 1404 2374 Ei
1431 2321 1489 2375 δέ
1519 2321 1601 2385 τίς
1626 2324 1773 2376 ἐστιν

206 2408 517 2481 ἐπιθυμητὴς
547 2409 662 2463 τῶν
692 2411 936 2481 κρυφίων
962 2411 1173 2482 μυελῶν
1202 2412 1294 2465 τοῦ
1327 2412 1508 2481 λόγου,
1543 2412 1773 2483 ζητείτω

205 2502 333 2571 παρὰ
364 2500 454 2554 τοῦ
495 2501 572 2555 τὰ
618 2503 973 2574 κεκρυμμένα
1006 2505 1118 2565 τοῖς
1160 2502 1329 2567 ἀξίοις
1364 2503 1772 2558 ἀποκαλύπτον-

202 2606 295 2653 τος.
327 2592 406 2656 Ὠς
427 2592 472 2645 δ’
499 2592 576 2646 ἂν
613 2593 686 2663 μὴ
714 2593 1001 2664 δοκοίημεν
1031 2592 1377 2662 ἀγύμναστον
1407 2595 1769 2665 παρατρέχειν

201 2682 276 2735 τὸν
301 2683 467 2752 λόγον,
508 2685 655 2756 μηδὲ
681 2684 1084 2755 καταρᾳθυμεῐν
1114 2684 1206 2737 τοῦ
1239 2684 1384 2737 θείου
1417 2684 1770 2755 προστάγμα-

200 2791 292 2837 τος,
322 2775 411 2828 τοῦ
444 2778 683 2848 ὲρευνᾷν
722 2776 821 2840 τὰς
862 2776 1013 2839 θείας
1048 2774 1490 2845 διακελευομένου
1525 2774 1764 2843 Γοαφάς,

198 2867 371 2922 οὑτωσὶ
411 2868 502 2922 τὸν
541 2868 678 2939 περὶ
712 2868 776 2920 τὸ
816 2866 1075 2938 ἐξήκοντα
1107 2866 1559 2936 διασκοπήσωμεν
1586 2863 1767 2932 λόγον·
1798 2873 1807 2883 ‘

199 2958 389 3013 Δώδεκα
416 2960 612 3031 ῥάϐδοι
639 2958 760 3015 κατ’
789 2958 1018 3030 ἀριθμὸν
1050 2957 1159 3012 τῶν
1185 2956 1366 3027 φυλῶν
1391 2955 1485 3010 τοῦ
1527 2954 1760 3027 Ἰσραὴλ,

1898 502 2086 542 eorum
2129 491 2221 559 qui
2259 491 2455 546 lectum
2488 495 2735 549 ambiunt
2768 508 3043 553 armatura
3065 540 3080 564 ,
3119 504 3470 572 perspicuum

1900 579 2062 634 fuerit
2098 597 2164 635 ex
2202 582 2320 651 ejus
2359 582 2506 653 quod
2542 594 2627 639 est
2666 586 2720 640 in
2760 598 3015 643 contextu
3056 590 3467 663 descriptione:

1898 672 1987 740 qui
2022 672 2092 737 ita
2124 672 2288 727 habet
2309 713 2323 737 ,
2366 675 2558 735 Omnes
2588 678 2741 744 periti
2787 694 2975 749 pugna:
3000 719 3014 744 ,
3060 683 3470 757 uniuscujusque

1894 762 2033 815 ensis
2065 779 2227 832 supra
2254 764 2425 832 [antur
2447 782 2621 821 suum.
2651 767 2860 827 Revera
2893 770 3037 825 enim
3070 783 3126 826 ut
3154 774 3351 829 bellum
3375 791 3470 848 ge-

1897 860 2053 906 ratur
2092 854 2356 911 adversus
2394 857 2739 929 voluptates,
2780 870 2997 929 oportet
3044 865 3198 917 carni
3237 875 3291 919 et
3330 882 3466 922 san-

1895 944 2045 1012 guini
2066 987 2079 1010 ,
2103 953 2361 1016 tanquam
2390 949 2616 1016 femori,
2641 968 2827 1007 ensem
2855 953 3053 1008 habere
3077 956 3463 1012 accommoda-

1893 1044 2028 1091 tum.
2068 1037 2303 1094 Omnino
2326 1050 2505 1097 autem
2531 1043 2783 1115 intelligit
2806 1045 2853 1100 is
2877 1046 2970 1115 qui
3003 1045 3297 1117 Scriptum
3329 1050 3465 1105 reni-

1893 1136 2133 1197 gmatum
2174 1147 2281 1185 non
2316 1143 2400 1188 est
2443 1134 2698 1205 ignarus,
2730 1154 2795 1193 ex
2830 1138 3106 1195 mentione
3142 1138 3367 1198 femoris
3407 1141 3464 1197 id

1891 1219 2035 1288 quod
2066 1223 2426 1291 significatur,
2457 1236 2510 1281 et
2539 1229 2683 1297 quod
2715 1230 2927 1300 gladius
2960 1239 3044 1287 est
3080 1232 3322 1287 verbum.
3357 1233 3461 1301 Qui

1890 1326 2018 1380 ergo
2056 1311 2159 1365 fert
2192 1329 2341 1368 arma
2366 1356 2381 1383 ,
2418 1316 2542 1371 dico
2584 1326 2766 1375 autem
2808 1324 3184 1393 temperantia:
3216 1324 3460 1394 gladium

1890 1402 2196 1456 accinctum
2218 1444 2232 1467 ,
2264 1405 2311 1460 is
2340 1415 2422 1461 est
2448 1408 2698 1465 amabilis
2733 1410 2873 1465 lecto
2904 1412 2958 1466 in
2985 1428 3144 1483 quem
3178 1429 3288 1468 non
3316 1415 3463 1470 cadit

1891 1495 2171 1563 corruptio
2202 1504 2255 1549 et
2284 1498 2564 1565 interitus,
2598 1518 2741 1557 unus
2772 1518 2838 1557 ex
2874 1503 3113 1560 fortibus
3157 1504 3319 1561 lsrael
3342 1548 3356 1572 ,
3405 1514 3461 1564 et

1888 1581 2087 1653 dignus
2109 1587 2199 1654 qui
2227 1587 2498 1643 referatur
2523 1591 2575 1644 in
2608 1594 2916 1662 catalogum
2955 1595 3263 1665 sexaginta.
3301 1595 3460 1652 Hunc

1890 1684 2068 1730 autem
2100 1693 2386 1734 numerum
2422 1681 2657 1751 aliquam
2703 1686 2985 1755 mysticam
3030 1687 3232 1744 habere
3289 1691 3460 1745 ratio-

1880 1783 2004 1823 nem
2032 1784 2139 1823 non
2167 1770 2357 1826 dubito
2385 1790 2397 1825 :
2433 1773 2525 1827 sed
2558 1773 2612 1827 id
2646 1774 2713 1830 iis
2739 1778 2914 1831 solum
2947 1784 3031 1832 est
3062 1778 3415 1835 manifestum
3438 1822 3455 1845 ,

1878 1861 2078 1930 quibus
2101 1864 2314 1917 occulta
2341 1865 2545 1919 revelat
2569 1866 2829 1937 mysteria
2851 1870 3025 1939 gratia
3059 1870 3317 1939 Spiritus.
3346 1871 3456 1927 Nos

1877 1962 2058 2009 autem
2095 1963 2241 2010 recte
2273 1955 2474 2011 habere
2509 1965 2798 2026 putamus,
2837 1960 2882 2014 si
2916 1974 3039 2015 cum
3072 1960 3140 2017 iis
3173 1977 3294 2032 qua:
3324 1971 3455 2017 sunt

1878 2045 1932 2100 in
1972 2054 2223 2115 promptu
2259 2047 2408 2101 verbi
2450 2048 2740 2105 sententiis
2777 2064 2878 2103 nos
2916 2049 3119 2104 atl‘atim
3152 2053 3455 2121 expleveri-

1877 2154 2018 2200 mus,
2046 2138 2189 2191 sicut
2211 2138 2265 2191 in
2292 2137 2557 2194 Pascltate
2579 2141 2824 2210 precipit
2847 2139 3080 2211 Moyses,
3102 2157 3169 2197 ex
3191 2144 3452 2199 carnibus

1871 2245 1937 2285 ea
1965 2245 2088 2299 qua:
2133 2239 2397 2300 apparent
2441 2231 2873 2296 comederimus,
2920 2233 3298 2300 dimittamus,
3351 2252 3453 2293 nec

1873 2322 2088 2376 curiose
2114 2331 2422 2377 scrutemur
2450 2320 2503 2375 id
2531 2321 2675 2393 quod
2710 2323 2816 2378 sub
2844 2324 3065 2380 ossibus
3091 2326 3222 2383 latet
3248 2326 3451 2383 obscu-

1871 2412 2051 2468 ritatis
2088 2414 2153 2467 ".
2208 2412 2265 2466 Si
2316 2413 2660 2482 quis-autem
2707 2414 2983 2471 desiderat
3017 2418 3264 2475 occultas
3298 2420 3450 2477 verbi

1870 2502 2173 2569 medullas,
2204 2511 2412 2572 quaerat
2441 2520 2506 2559 ex
2541 2519 2607 2559 eo
2632 2505 2723 2575 qui
2757 2506 2938 2578 dignis
2974 2509 3177 2564 revelat
3211 2511 3447 2566 occulta.

1868 2590 1946 2645 Ne
1978 2599 2159 2648 tamen
2196 2592 2481 2648 videamur
2511 2593 2564 2648 id
2592 2594 2736 2664 quod
2781 2595 2984 2650 dicitur
3016 2600 3296 2666 praeterire
3337 2616 3447 2655 non

1866 2696 2158 2737 excussum
2178 2720 2193 2744 ,
2225 2690 2279 2737 et
2306 2681 2549 2736 divinum
2587 2683 2861 2754 negligere
2897 2696 3225 2756 praeceptum
3247 2728 3261 2752 ,
3300 2690 3447 2757 quod

1866 2773 2080 2828 divinas
2109 2774 2264 2843 jubet
2290 2774 2526 2829 scrutari
2556 2774 2871 2845 Scripturas
2902 2777 2972 2840 “,
3017 2778 3089 2832 ita
3134 2780 3450 2837 considere-

1865 2881 1987 2922 mus
2016 2865 2085 2921 de
2132 2881 2199 2921 eo
2242 2866 2390 2936 quod
2436 2866 2638 2922 dicitur
2682 2867 2751 2921 de
2796 2866 3107 2937 sexaginta:
3148 2868 3443 2927 Duodecim

1864 2959 2061 3029 virgae,
2102 2972 2201 3027 pro
2235 2972 2461 3013 numero
2507 2958 2747 3013 tribuum
2798 2958 3001 3023 lsrael,
3048 2974 3114 3015 ex
3170 2972 3445 3033 praecepto

198 3049 319 3102 κατά
342 3052 677 3121 πρόσταγμα
721 3048 860 3103 θεῖον
911 3047 1061 3119 παρά
1105 3047 1199 3102 τοῦ
1238 3048 1514 3111 Μωῡσέως
1552 3046 1759 3117 λαμϐά-

1871 3048 2049 3104 clivino
2072 3047 2414 3117 accipiuntur
2442 3063 2474 3102 a
2507 3047 2711 3119 Moyse,
2740 3048 2833 3105 sed
2864 3064 2973 3104 una
3004 3051 3258 3107 omnibus
3289 3060 3444 3108 antc-

196 3154 370 3203 νονται,
404 3142 543 3196 ἀλλά
577 3142 676 3212 μία
699 3141 808 3195 τῶν
834 3141 1023 3196 πασῶν
1057 3139 1415 3212 προετιμήθη,
1448 3140 1583 3209 μόνη
1614 3140 1766 3211 παρά

1871 3140 1972 3195 lata
2000 3146 2085 3195 est
2104 3179 2119 3204 ,
2147 3155 2270 3209 qua:
2299 3139 2413 3194 sola
2438 3154 2548 3209 prae
2577 3140 2791 3194 caeteris
2819 3138 3106 3197 ﬂoruerat.
3125 3140 3339 3198 Rursus
3366 3143 3437 3198 ab

193 3230 279 3292 τὰς
297 3233 453 3295 ἄλλος
479 3232 861 3303 βλαστήσασα.
887 3232 1057 3285 Πάλιν
1090 3230 1240 3301 παρά
1267 3228 1362 3283 τοῦ
1387 3229 1542 3301 Ναυὴ
1567 3228 1762 3299 Ἰησοῦ,

198 3322 446 3394 ίσίιριθμοι
477 3328 609 3387 ταῖς
635 3324 832 3392 φυλαῖς
863 3322 958 3377 τοῦ
1002 3321 1215 3392 Ἰσραὴλ
1245 3322 1379 3375 λίθοι
1409 3323 1473 3374 ὲκ
1508 3320 1601 3374 τοῦ
1634 3321 1765 3393 Ἰορ-

190 3409 328 3465 δάνου
356 3413 751 3484 λαμϐάνονται,
781 3409 855 3470 ὧν
893 3412 1013 3465 οὐδὲ
1062 3405 1144 3474 εἷς
1190 3410 1491 3479 ἀπόϐλητος
1533 3411 1759 3478 γίνεται,

192 3502 386 3557 πάντων
413 3504 703 3576 ὁμοτίμως
734 3504 815 3566 είς
846 3501 1152 3573 μαρτυρίαν
1182 3500 1276 3554 τοῦ
1315 3499 1457 3554 κατὰ
1495 3499 1586 3553 τὸν
1627 3498 1756 3572 Ἰορ-

190 3591 332 3663 δάνην
362 3594 669 3665 μυστηρίου
693 3590 1183 3663 παραληφθέντων.

248 3685 349 3737 Καὶ
376 3684 508 3738 πολὺ
545 3682 611 3735 τὸ
638 3680 926 3735 ἀκόλουθον
954 3682 1011 3734 ὲν
1039 3682 1151 3743 τοῖς
1192 3679 1587 3750 ἱστορουμένοις
1619 3680 1757 3736 ἐστί.

191 3771 453 3845 Προκοτιὴν
493 3774 613 3845 γάρ
652 3790 772 3826 τινα
803 3772 896 3825 τοῦ
934 3769 1060 3824 λαοῦ
1102 3769 1240 3842 πρὸς
1275 3771 1335 3823 τὺ
1372 3771 1699 3843 τελειότερον
1731 3774 1759 3826 6

187 3862 320 3932 λόγος
351 3868 712 3924 ἐνδείκνυται.
733 3863 808 3926 ὡς
842 3864 899 3915 ὲν
928 3863 1121 3931 ἀρχαῖς
1160 3863 1261 3938 μὲν
1294 3863 1391 3932 τῆς
1420 3863 1753 3933 νομοθεσίας,

190 3956 301 4024 μίαν
334 3960 629 4028 εὑρεθῆναι
662 3954 853 4026 ῥάϐδον
886 3952 1065 4016 ζῶσάν
1095 3969 1154 4005 τε
1197 3953 1291 4006 καὶ
1319 3952 1718 4022 βλαστάνουσαν
1739 3970 1754 3987 ο

187 4049 338 4111 τάςδὲ
367 4050 566 4112 λοιπὰς
598 4048 673 4109 ὡς
703 4045 873 4118 ξηράς
910 4062 969 4097 τε
997 4043 1162 4108 οὔσας
1194 4046 1286 4098 καὶ
1314 4046 1595 4115 ἀκάρπους
1623 4046 1757 4098 ἀπο-

189 4138 442 4210 ϐληθῆναι.
481 4139 735 4201 Πλείονος
765 4139 819 4192 δὲ
858 4138 1233 4206 διαγεγονότος
1269 4137 1483 4207 χρόνου,
1521 4135 1616 4190 καὶ
1644 4135 1754 4190 τῶν

185 4231 402 4300 νομικῶν
422 4233 612 4291 αὐτοῖς
632 4228 1104 4300 παραγγελμάτων
1126 4229 1182 4282 ἐν
1201 4226 1563 4298 ἀκριὸεστέρᾳ
1589 4241 1755 4280 κατα-

185 4326 346 4395 νοήσει
375 4325 783 4396 γεγενημένων,
812 4324 887 4389 ὡς
928 4323 1023 4377 καὶ
1067 4322 1166 4390 τὴν
1206 4324 1271 4378 ἐκ
1308 4322 1560 4393 δευτέρου
1598 4340 1751 4395 περι-

180 4393 335 4486 τομὴν
690 4413 785 4469 τοῦ
826 4412 1000 4485 Ἰησοῦ
1045 4412 1225 4476 αὐτοῖς
1268 4413 1613 4485 ἐπαγομένην
1657 4393 1752 4467 καὶ
1786 4393 1828 4447 D

182 4506 350 4574 νοῆσαι
393 4509 488 4561 καὶ
527 4506 805 4571 δέξασθαι,
836 4506 937 4575 τῆς
978 4503 1235 4575 πετρίνης
1275 4504 1546 4575 μαχαίρας
1590 4522 1747 4577 περι-

180 4596 385 4670 ελοὺσης
422 4599 610 4654 αὐτῶν
640 4600 747 4652 πᾶν
774 4597 838 4651 τὸ
871 4596 1178 4667 ἀκάθαρτον
1196 4612 1209 4626 ο
1245 4599 1356 4650 νοεῖ
1384 4597 1441 4651 δὲ
1475 4597 1690 4661 πάντως
1720 4600 1749 4651 6

180 4690 430 4755 συνεστὼς
465 4690 744 4762 ἀκροατὴς
769 4688 869 4758 τῆς
896 4705 955 4742 τε
995 4687 1200 4759 πέτρας
1236 4688 1330 4741 καὶ⁹
1351 4687 1450 4757 τῆς
1476 4689 1749 4759 μαχαίρας

173 4780 229 4834 τὸ
256 4785 679 4855 σημαινόμενον
710 4782 788 4843 ὡς
811 4781 956 4844 είκὸς
980 4775 1048 4851 ἦν
1074 4779 1460 4851 βεϐαιωθείσης
1486 4782 1545 4834 ὲν
1568 4782 1747 4846 αὐτοῖς

175 4871 261 4942 τῆς
301 4875 536 4944 νομίμου
576 4889 637 4927 τε
677 4873 771 4927 καὶ
810 4873 1065 4943 ἐναρέτου
1091 4871 1257 4940 ζωῆς,
1295 4871 1497 4941 μηδένα
1526 4872 1634 4925 τῶν
1666 4860 1748 4926 λί-

174 4961 273 5017 θων
301 4965 408 5020 τῶν
440 4967 531 5020 ἐπ’
559 4965 784 5035 ὀνόματι
829 4965 938 5019 τῶν
972 4962 1318 5036 Ἰσραηλιτῶν
1354 4963 1532 5032 φυλῶν
1571 4982 1748 5036 παρα-

172 5053 476 5124 ληφθέντων
508 5057 795 5128 εὺρεθῆναι
824 5056 1145 5125 ἀπόϐλητον.
1188 5056 1340 5109 Ἐπεὶ
1382 5056 1440 5110 δὲ
1472 5056 1578 5127 χρὴ
1612 5057 1746 5109 πάν-

171 5160 282 5198 τοτε
330 5146 442 5200 τῶν
495 5146 714 5215 ἀγαθῶν
756 5147 854 5209 τὰς
908 5145 1236 5217 ὲπαυξήσεις
1288 5144 1594 5215 ἐπιζητεῖν,
1661 5149 1750 5201 ὅτε

172 5236 433 5306 προῆλθεν
460 5240 492 5291 6
522 5238 730 5309 χρόνος,
758 5238 851 5293 καὶ
876 5240 910 5307 ἡ
931 5237 1157 5307 δύναμις
1182 5235 1275 5290 τοῦ
1310 5237 1525 5307 Ἰσραὴλ
1551 5238 1752 5308 μείζων

172 5324 399 5393 ἐγένετο.
432 5328 590 5384 Οὕτω
618 5330 725 5401 γάρ
764 5347 928 5401 φησιν
970 5331 1028 5383 ὲν
1065 5330 1176 5392 τοῖς
1205 5329 1584 5399 προκειμένοις
1622 5333 1751 5403 ἡμῖν

175 5417 346 5487 ῥητοῖς
376 5422 407 5473 6
431 5420 607 5489 λόγος,
636 5423 717 5475 ὅτι
748 5421 856 5475 ἀπὸ
899 5421 1128 5492 Ἰσραὴλ,
1167 5422 1289 5474 τότε
1326 5421 1508 5475 οὐκέτι
1533 5418 1614 5485 εἷς
1642 5425 1749 5479 ἀπὸ

1860 3230 1989 3287 Jesu
2017 3229 2164 3286 Nave
2187 3245 2345 3301 pares
2367 3244 2596 3285 numero
2630 3230 2886 3287 tribubus
2912 3229 3081 3287 lsrael
3115 3232 3323 3300 lapides
3348 3248 3443 3288 ac-

1863 3322 2145 3389 cipiuntur
2166 3336 2229 3375 ex
2254 3318 2527 3385 Iordane,
2556 3336 2791 3391 quorum
2827 3323 3069 3375 omnium
3103 3322 3287 3377 nullus
3313 3323 3444 3394 reji-

1862 3413 2028 3479 citur,
2063 3412 2181 3483 pari
2218 3414 2425 3468 Itonorc
2457 3414 2727 3483 assumpti
2760 3412 2828 3467 ad
2866 3412 3150 3469 ferendum
3187 3416 3441 3472 testimo-

1860 3506 2013 3561 nium
2046 3506 2114 3561 de
2152 3507 2414 3576 mysterio
2444 3505 2589 3575 quod
2625 3505 2830 3561 factum
2863 3514 2950 3561 est
2983 3506 3037 3561 in
3070 3504 3327 3563 Jordane.

1930 3680 2122 3751 Magna
2162 3688 2244 3742 est
2282 3688 2463 3736 autem
2503 3682 2896 3751 consequentia
2940 3682 2993 3735 in
3036 3681 3104 3738 iis
3137 3699 3259 3755 quae
3295 3683 3438 3740 refe-

1857 3781 2073 3827 runtur.
2115 3771 2415 3838 Quemdam
2452 3772 2597 3828 enim
2636 3772 2939 3842 profectum
2976 3774 3042 3828 ad
3078 3774 3129 3826 id
3167 3775 3313 3844 quod
3348 3785 3435 3832 est
3472 3766 3482 3775 ’

1857 3863 2152 3936 perfectius
2185 3862 2426 3917 ostendit
2460 3863 2638 3917 oratio
2660 3905 2673 3924 .
2709 3872 2898 3933 utpote
2930 3863 2984 3918 in
3024 3863 3179 3919 initio
3215 3867 3433 3934 quidem

1858 3956 1996 4027 legis
2038 3955 2159 4009 lata:
2194 3955 2475 4009 inventam
2514 3952 2686 4009 fuisse
2721 3969 2885 4008 unam
2925 3956 3131 4026 virgam
3170 3955 3433 4012 virentem

1855 4055 1910 4104 et
1945 4046 2386 4119 germinantem:
2423 4053 2652 4100 czeteras
2693 4056 2873 4099 autem
2911 4044 3079 4101 fuisse
3110 4045 3343 4116 rejectas
3375 4056 3435 4102 ut

1855 4140 2032 4197 siccas
2068 4149 2123 4195 et
2154 4137 2447 4192 infertiles.
2481 4136 2618 4193 Cum
2663 4145 2847 4192 autem
2899 4139 3023 4209 plus
3069 4140 3434 4209 processisset

1855 4231 2114 4303 temporis
2139 4270 2154 4294 ,
2184 4240 2238 4285 et
2278 4229 2473 4301 legalia
2527 4229 2657 4299 ejus
2693 4239 2962 4300 praecepta
3009 4229 3331 4299 diligentius
3377 4242 3432 4287 et

1854 4326 2168 4382 accuratius
2204 4324 2440 4378 fuissent
2472 4322 2787 4377 examinata
2808 4362 2822 4386 ,
2857 4322 3099 4376 secundo
3130 4321 3297 4377 etiam
3333 4336 3429 4378 ac—

1854 4417 2067 4487 cepisse
2103 4414 2578 4470 circumcisionem
2618 4428 2647 4467 a
2686 4411 2815 4468 Jesu
2849 4413 2930 4468 eis
2962 4412 3179 4466 allatam
3203 4454 3218 4474 ,
3248 4413 3430 4483 gladio

1855 4508 2069 4577 petrino
2112 4506 2193 4560 eis
2240 4502 2523 4558 auferente
2573 4503 2801 4557 omnino
2846 4502 3115 4573 quidquid
3158 4512 3278 4558 erat
3322 4505 3429 4559 im-

1854 4598 2115 4653 mundum
2148 4595 2444 4665 (intelligit
2492 4603 2672 4649 autem
2713 4597 2939 4650 omnino
2981 4595 3225 4666 prudens
3266 4597 3425 4652 audi-

1853 4705 1938 4746 tor
1971 4699 2135 4760 petra:
2161 4696 2215 4744 et
2247 4686 2411 4757 gladii
2448 4685 2942 4758 signiﬁcationem)
2983 4699 3039 4742 et
3075 4687 3246 4743 fuisse
3290 4704 3426 4744 cnn-

1854 4792 2173 4839 sentaneum
2207 4788 2329 4849 post
2357 4778 2830 4832 confirmationem
2857 4776 3033 4846 ipsius
3070 4776 3191 4831 vita:
3218 4792 3341 4848 qua:
3373 4786 3429 4833 et

1851 4891 1916 4930 ex
1961 4875 2075 4944 lege
2119 4880 2174 4926 et
2218 4886 2284 4926 ex
2332 4875 2533 4925 virtute
2562 4869 2760 4941 agitur,
2791 4870 3000 4923 nullum
3033 4884 3097 4923 ex
3129 4868 3196 4924 iis
3227 4869 3425 4941 lapidi-

1851 4968 1975 5027 bus,
2006 4966 2100 5036 qui
2135 4963 2402 5033 assumpti
2428 4973 2557 5020 sunt
2589 4962 2692 5018 sub
2725 4962 2945 5017 nomine
2980 4960 3219 5016 tribuum
3248 4959 3427 5015 lsrae-

1849 5063 2110 5121 litarum,
2166 5058 2448 5112 inventum
2494 5054 2664 5113 fuisse
2720 5052 3103 5123 rejicieudum.
3156 5052 3425 5118 Quoniam

1848 5159 2030 5207 autem
2085 5156 2298 5220 oportet
2356 5149 2582 5203 omnino
2633 5163 2877 5217 quaerere
2927 5147 3194 5200 bonorum
3248 5144 3425 5197 incre—

1849 5252 2031 5300 menta
2058 5284 2072 5305 ,
2106 5243 2329 5313 quando
2363 5252 2581 5313 tempus
2618 5242 2927 5311 processit,
2963 5247 3016 5294 et
3053 5238 3153 5292 fuit
3189 5235 3425 5307 amplior

1849 5338 2026 5392 virtus
2060 5336 2299 5390 lsraelis.
2329 5335 2420 5389 Sic
2444 5336 2589 5391 enim
2619 5333 2821 5388 dicitur
2846 5333 2897 5387 in
2928 5331 3111 5385 verbis
3140 5345 3261 5400 qua:
3292 5334 3422 5380 sunt

1851 5428 2012 5483 nobis
2044 5427 2354 5498 proposita,
2388 5426 2531 5495 quod
2566 5433 2694 5478 tunc
2740 5425 2792 5477 in
2833 5421 2999 5476 lsrael
3040 5434 3147 5475 non
3186 5413 3419 5483 amplius

174 5510 337 5580 φυλῆς
378 5511 531 5575 λίθος
568 5513 724 5584 ἢμία
762 5513 954 5586 ῥάϐδος
995 5512 1360 5584 λαμὰάνεταιο
1400 5512 1534 5568 ἀλλὰ
1587 5517 1745 5570 πέντε

1871 5535 1916 5575 ιι
1944 5520 2089 5574 tribu
2117 5519 2253 5589 lapis
2275 5526 2369 5573 aut
2396 5519 2548 5588 virga
2572 5531 2677 5571 una
2700 5514 2939 5571 sumitur
2972 5529 2985 5565 :
3014 5509 3107 5567 scd
3130 5520 3227 5579 pro
3254 5500 3421 5574 virgis

241 5679 280 5708 ”
341 5682 515 5737 Exod.
567 5702 665 5750 xu,
717 5685 768 5740 9.
850 5686 889 5717 “
928 5685 1120 5740 Joauu.
1163 5700 1215 5747 v,
1272 5685 1361 5742 59.

1794 5689 1827 5703 ρ
