  <div class='ocr_page' id='page_1' title='image "/cluster/home/n/w/nwhite01/storage/ocr_20150623/44/hvd.32044052767431/459.png"; bbox 0 0 3948 6192; ppageno 0'>
   <div class='ocr_carea' id='block_1_1' title="bbox 545 281 650 338">
    <p class='ocr_par' dir='ltr' id='par_1_1' title="bbox 545 281 650 338">
     <span class='ocr_line' id='line_1_1' title="bbox 545 281 650 338; baseline -0.019 -1"><span class='ocrx_word' id='word_1_1' title='bbox 545 281 650 338; x_wconf 80' lang='grc'><strong>903</strong></span> 
     </span>
    </p>
   </div>
   <div class='ocr_carea' id='block_1_2' title="bbox 1794 262 2526 320">
    <p class='ocr_par' dir='ltr' id='par_1_2' title="bbox 1794 262 2526 320">
     <span class='ocr_line' id='line_1_2' title="bbox 1794 262 2526 320; baseline -0.005 0"><span class='ocrx_word' id='word_1_2' title='bbox 1794 266 1849 320; x_wconf 93' lang='lat' dir='ltr'><strong>S.</strong></span> <span class='ocrx_word' id='word_1_3' title='bbox 1877 263 2202 320; x_wconf 73' lang='lat' dir='ltr'><strong>GREGOllll</strong></span> <span class='ocrx_word' id='word_1_4' title='bbox 2237 262 2526 318; x_wconf 73' lang='lat' dir='ltr'><strong>NYSSENI</strong></span> 
     </span>
    </p>
   </div>
   <div class='ocr_carea' id='block_1_3' title="bbox 3619 271 3704 328">
    <p class='ocr_par' dir='ltr' id='par_1_3' title="bbox 3619 271 3704 328">
     <span class='ocr_line' id='line_1_3' title="bbox 3619 271 3704 328; baseline 0.012 -2"><span class='ocrx_word' id='word_1_5' title='bbox 3619 271 3704 328; x_wconf 73' lang='grc' dir='ltr'>θυι</span> 
     </span>
    </p>
   </div>
   <div class='ocr_carea' id='block_1_4' title="bbox 547 377 2106 456">
    <p class='ocr_par' dir='ltr' id='par_1_4' title="bbox 547 377 2106 456">
     <span class='ocr_line' id='line_1_4' title="bbox 547 377 2106 456; baseline -0.01 -13"><span class='ocrx_word' id='word_1_6' title='bbox 547 400 640 443; x_wconf 87' lang='lat' dir='ltr'><strong>aut</strong></span> <span class='ocrx_word' id='word_1_7' title='bbox 671 385 942 456; x_wconf 81' lang='lat' dir='ltr'><strong>lapidibus</strong></span> <span class='ocrx_word' id='word_1_8' title='bbox 973 385 1027 436; x_wconf 92' lang='lat' dir='ltr'><strong>in</strong></span> <span class='ocrx_word' id='word_1_9' title='bbox 1055 398 1380 454; x_wconf 88' lang='lat' dir='ltr'><strong>unaquaque</strong></span> <span class='ocrx_word' id='word_1_10' title='bbox 1413 382 1556 436; x_wconf 92' lang='lat' dir='ltr'><strong>tribu</strong></span> <span class='ocrx_word' id='word_1_11' title='bbox 1590 380 1831 450; x_wconf 89' lang='lat' dir='ltr'><strong>quinque</strong></span> <span class='ocrx_word' id='word_1_12' title='bbox 1863 378 1960 430; x_wconf 78' lang='lat' dir='ltr'><strong>viri</strong></span> <span class='ocrx_word' id='word_1_13' title='bbox 2000 377 2106 429; x_wconf 90' lang='lat' dir='ltr'><strong>bel-</strong></span> 
     </span>
    </p>
   </div>
   <div class='ocr_carea' id='block_1_5' title="bbox 2207 377 3704 456">
    <p class='ocr_par' dir='ltr' id='par_1_5' title="bbox 2216 377 3704 451">
     <span class='ocr_line' id='line_1_5' title="bbox 2216 377 3704 451; baseline -0.001 -22"><span class='ocrx_word' id='word_1_14' title='bbox 2216 378 2332 430; x_wconf 66' lang='grc' dir='ltr'>ἀντὶ</span> <span class='ocrx_word' id='word_1_15' title='bbox 2365 378 2572 448; x_wconf 70' lang='grc' dir='ltr'>ῥάϐδων</span> <span class='ocrx_word' id='word_1_16' title='bbox 2603 378 2633 447; x_wconf 80' lang='grc' dir='ltr'>ἦ</span> <span class='ocrx_word' id='word_1_17' title='bbox 2665 377 2825 430; x_wconf 79' lang='grc' dir='ltr'>λίθων</span> <span class='ocrx_word' id='word_1_18' title='bbox 2864 377 2955 446; x_wconf 64' lang='grc' dir='ltr'><strong>ἀφ’</strong></span> <span class='ocrx_word' id='word_1_19' title='bbox 2987 377 3218 446; x_wconf 77' lang='grc' dir='ltr'><strong>ἑκάστης</strong></span> <span class='ocrx_word' id='word_1_20' title='bbox 3259 379 3410 446; x_wconf 71' lang='grc' dir='ltr'>φυλῆς</span> <span class='ocrx_word' id='word_1_21' title='bbox 3442 380 3600 451; x_wconf 64' lang='grc' dir='ltr'>ἄνδρες</span> <span class='ocrx_word' id='word_1_22' title='bbox 3627 402 3704 439; x_wconf 81' lang='grc' dir='ltr'>πο-</span> 
     </span>
    </p>
   </div>
   <div class='ocr_carea' id='block_1_6' title="bbox 546 469 2110 542">
    <p class='ocr_par' dir='ltr' id='par_1_6' title="bbox 546 469 2110 542">
     <span class='ocr_line' id='line_1_6' title="bbox 546 469 2110 542; baseline -0.006 -14"><span class='ocrx_word' id='word_1_23' title='bbox 546 475 700 530; x_wconf 89' lang='lat' dir='ltr'><strong>licosi</strong></span> <span class='ocrx_word' id='word_1_24' title='bbox 728 513 740 536; x_wconf 95' lang='lat'><strong>,</strong></span> <span class='ocrx_word' id='word_1_25' title='bbox 771 473 847 526; x_wconf 86' lang='lat' dir='ltr'><strong>rei</strong></span> <span class='ocrx_word' id='word_1_26' title='bbox 879 473 1132 528; x_wconf 87' lang='lat' dir='ltr'><strong>militaris</strong></span> <span class='ocrx_word' id='word_1_27' title='bbox 1168 475 1358 542; x_wconf 80' lang='lat' dir='ltr'><strong>periti,</strong></span> <span class='ocrx_word' id='word_1_28' title='bbox 1389 489 1452 528; x_wconf 87' lang='lat' dir='ltr'><strong>ex</strong></span> <span class='ocrx_word' id='word_1_29' title='bbox 1485 472 1715 525; x_wconf 82' lang='lat' dir='ltr'><strong>fortibus</strong></span> <span class='ocrx_word' id='word_1_30' title='bbox 1747 469 1908 523; x_wconf 89' lang='lat' dir='ltr'><strong>lsrael</strong></span> <span class='ocrx_word' id='word_1_31' title='bbox 1930 508 1943 531; x_wconf 95' lang='lat'><strong>,</strong></span> <span class='ocrx_word' id='word_1_32' title='bbox 1975 482 2110 536; x_wconf 89' lang='lat' dir='ltr'><strong>quo-</strong></span> 
     </span>
    </p>
   </div>
   <div class='ocr_carea' id='block_1_7' title="bbox 546 557 2112 630">
    <p class='ocr_par' dir='ltr' id='par_1_7' title="bbox 546 557 2112 630">
     <span class='ocr_line' id='line_1_7' title="bbox 546 557 2112 630; baseline -0.005 -14"><span class='ocrx_word' id='word_1_33' title='bbox 546 577 668 616; x_wconf 93' lang='lat' dir='ltr'><strong>rum</strong></span> <span class='ocrx_word' id='word_1_34' title='bbox 701 561 1079 630; x_wconf 89' lang='lat' dir='ltr'><strong>unusquisque</strong></span> <span class='ocrx_word' id='word_1_35' title='bbox 1111 577 1295 616; x_wconf 87' lang='lat' dir='ltr'><strong>ensem</strong></span> <span class='ocrx_word' id='word_1_36' title='bbox 1330 561 1564 615; x_wconf 86' lang='lat' dir='ltr'><strong>habebat</strong></span> <span class='ocrx_word' id='word_1_37' title='bbox 1597 574 1762 628; x_wconf 92' lang='lat' dir='ltr'><strong>supra</strong></span> <span class='ocrx_word' id='word_1_38' title='bbox 1795 557 1990 617; x_wconf 78' lang='lat' dir='ltr'><strong>femur,</strong></span> <span class='ocrx_word' id='word_1_39' title='bbox 2027 558 2112 609; x_wconf 89' lang='lat' dir='ltr'><strong>di-</strong></span> 
     </span>
    </p>
   </div>
   <div class='ocr_carea' id='block_1_8' title="bbox 545 650 2110 715">
    <p class='ocr_par' dir='ltr' id='par_1_8' title="bbox 545 650 2110 715">
     <span class='ocr_line' id='line_1_8' title="bbox 545 650 2110 715; baseline -0.006 -7"><span class='ocrx_word' id='word_1_40' title='bbox 545 656 731 708; x_wconf 68' lang='lat' dir='ltr'><strong>vinum</strong></span> <span class='ocrx_word' id='word_1_41' title='bbox 783 655 978 707; x_wconf 88' lang='lat' dir='ltr'><strong>lectum</strong></span> <span class='ocrx_word' id='word_1_42' title='bbox 1023 655 1079 707; x_wconf 92' lang='lat' dir='ltr'><strong>in</strong></span> <span class='ocrx_word' id='word_1_43' title='bbox 1131 655 1319 708; x_wconf 90' lang='lat' dir='ltr'><strong>orbem</strong></span> <span class='ocrx_word' id='word_1_44' title='bbox 1371 652 1810 707; x_wconf 87' lang='lat' dir='ltr'><strong>circumdabnnt.</strong></span> <span class='ocrx_word' id='word_1_45' title='bbox 1869 650 2110 715; x_wconf 85' lang='lat' dir='ltr'><strong>Quorum</strong></span> 
     </span>
    </p>
   </div>
   <div class='ocr_carea' id='block_1_9' title="bbox 545 741 2108 818">
    <p class='ocr_par' dir='ltr' id='par_1_9' title="bbox 545 741 2108 818">
     <span class='ocr_line' id='line_1_9' title="bbox 545 741 2108 818; baseline -0.006 -18"><span class='ocrx_word' id='word_1_46' title='bbox 545 756 833 818; x_wconf 71' lang='lat' dir='ltr'><strong>propterea</strong></span> <span class='ocrx_word' id='word_1_47' title='bbox 878 748 1060 801; x_wconf 87' lang='lat' dir='ltr'><strong>nullus</strong></span> <span class='ocrx_word' id='word_1_48' title='bbox 1099 746 1199 800; x_wconf 85' lang='lat' dir='ltr'><strong>luit</strong></span> <span class='ocrx_word' id='word_1_49' title='bbox 1233 746 1563 815; x_wconf 83' lang='lat' dir='ltr'><strong>rejiciendus</strong></span> <span class='ocrx_word' id='word_1_50' title='bbox 1587 783 1601 805; x_wconf 96' lang='lat'><strong>,</strong></span> <span class='ocrx_word' id='word_1_51' title='bbox 1631 743 1889 813; x_wconf 88' lang='lat' dir='ltr'><strong>quoniam</strong></span> <span class='ocrx_word' id='word_1_52' title='bbox 1926 741 2108 808; x_wconf 81' lang='lat' dir='ltr'><strong>cujus-</strong></span> 
     </span>
    </p>
   </div>
   <div class='ocr_carea' id='block_1_10' title="bbox 547 839 2114 909">
    <p class='ocr_par' dir='ltr' id='par_1_10' title="bbox 547 839 2114 909">
     <span class='ocr_line' id='line_1_10' title="bbox 547 839 2114 909; baseline -0.008 -14"><span class='ocrx_word' id='word_1_53' title='bbox 547 842 679 896; x_wconf 92' lang='lat' dir='ltr'><strong>libet</strong></span> <span class='ocrx_word' id='word_1_54' title='bbox 713 841 890 894; x_wconf 87' lang='lat' dir='ltr'><strong>tribus</strong></span> <span class='ocrx_word' id='word_1_55' title='bbox 923 840 1177 909; x_wconf 70' lang='lat' dir='ltr'><strong>primitiae</strong></span> <span class='ocrx_word' id='word_1_56' title='bbox 1224 851 1352 894; x_wconf 90' lang='lat' dir='ltr'><strong>sunt</strong></span> <span class='ocrx_word' id='word_1_57' title='bbox 1400 839 1678 907; x_wconf 89' lang='lat' dir='ltr'><strong>quinque,</strong></span> <span class='ocrx_word' id='word_1_58' title='bbox 1727 851 1959 904; x_wconf 80' lang='lat' dir='ltr'><strong>quorum</strong></span> <span class='ocrx_word' id='word_1_59' title='bbox 2013 849 2114 884; x_wconf 82' lang='lat' dir='ltr'><strong>nu-</strong></span> 
     </span>
    </p>
   </div>
   <div class='ocr_carea' id='block_1_11' title="bbox 545 928 2113 1002">
    <p class='ocr_par' dir='ltr' id='par_1_11' title="bbox 545 928 2113 1002">
     <span class='ocr_line' id='line_1_11' title="bbox 545 928 2113 1002; baseline -0.007 -13"><span class='ocrx_word' id='word_1_60' title='bbox 545 951 731 990; x_wconf 88' lang='lat' dir='ltr'><strong>merus</strong></span> <span class='ocrx_word' id='word_1_61' title='bbox 767 934 1061 988; x_wconf 79' lang='lat' dir='ltr'><strong>duodecies</strong></span> <span class='ocrx_word' id='word_1_62' title='bbox 1096 933 1493 1002; x_wconf 76' lang='lat' dir='ltr'><strong>multiplicatus</strong></span> <span class='ocrx_word' id='word_1_63' title='bbox 1525 946 1792 986; x_wconf 90' lang='lat' dir='ltr'><strong>summam</strong></span> <span class='ocrx_word' id='word_1_64' title='bbox 1829 928 1990 981; x_wconf 89' lang='lat' dir='ltr'><strong>ellicit</strong></span> <span class='ocrx_word' id='word_1_65' title='bbox 2029 942 2113 979; x_wconf 82' lang='lat' dir='ltr'><strong>se-</strong></span> 
     </span>
    </p>
   </div>
   <div class='ocr_carea' id='block_1_12' title="bbox 543 1020 2114 1098">
    <p class='ocr_par' dir='ltr' id='par_1_12' title="bbox 543 1020 2114 1098">
     <span class='ocr_line' id='line_1_12' title="bbox 543 1020 2114 1098; baseline -0.007 -16"><span class='ocrx_word' id='word_1_66' title='bbox 543 1030 785 1098; x_wconf 74' lang='lat' dir='ltr'><strong>xaginta.</strong></span> <span class='ocrx_word' id='word_1_67' title='bbox 823 1028 1046 1096; x_wconf 83' lang='lat' dir='ltr'><strong>Oportet</strong></span> <span class='ocrx_word' id='word_1_68' title='bbox 1081 1043 1211 1095; x_wconf 74' lang='lat' dir='ltr'><strong>ergo</strong></span> <span class='ocrx_word' id='word_1_69' title='bbox 1242 1043 1304 1079; x_wconf 67' lang='lat' dir='ltr'><strong>ex</strong></span> <span class='ocrx_word' id='word_1_70' title='bbox 1337 1039 1664 1093; x_wconf 87' lang='lat' dir='ltr'><strong>unaquaque</strong></span> <span class='ocrx_word' id='word_1_71' title='bbox 1693 1021 1838 1074; x_wconf 83' lang='lat' dir='ltr'><strong>tribu</strong></span> <span class='ocrx_word' id='word_1_72' title='bbox 1876 1020 2114 1088; x_wconf 91' lang='lat' dir='ltr'><strong>quinque</strong></span> 
     </span>
    </p>
   </div>
   <div class='ocr_carea' id='block_1_13' title="bbox 540 1109 2110 1178">
    <p class='ocr_par' dir='ltr' id='par_1_13' title="bbox 540 1109 2110 1178">
     <span class='ocr_line' id='line_1_13' title="bbox 540 1109 2110 1178; baseline -0.007 -5"><span class='ocrx_word' id='word_1_73' title='bbox 540 1120 816 1173; x_wconf 84' lang='lat' dir='ltr'><strong>terribiles</strong></span> <span class='ocrx_word' id='word_1_74' title='bbox 847 1127 1089 1171; x_wconf 84' lang='lat' dir='ltr'><strong>armatos</strong></span> <span class='ocrx_word' id='word_1_75' title='bbox 1117 1118 1317 1170; x_wconf 82' lang='lat' dir='ltr'><strong>milites</strong></span> <span class='ocrx_word' id='word_1_76' title='bbox 1343 1132 1465 1170; x_wconf 86' lang='lat' dir='ltr'><strong>esse</strong></span> <span class='ocrx_word' id='word_1_77' title='bbox 1497 1116 1752 1168; x_wconf 83' lang='lat' dir='ltr'><strong>custodes</strong></span> <span class='ocrx_word' id='word_1_78' title='bbox 1785 1112 1905 1166; x_wconf 80' lang='lat' dir='ltr'><strong>lecti</strong></span> <span class='ocrx_word' id='word_1_79' title='bbox 1937 1109 2110 1178; x_wconf 76' lang='lat' dir='ltr'><strong>regis,</strong></span> 
     </span>
    </p>
   </div>
   <div class='ocr_carea' id='block_1_14' title="bbox 542 1201 2115 1276">
    <p class='ocr_par' dir='ltr' id='par_1_14' title="bbox 542 1201 2115 1276">
     <span class='ocr_line' id='line_1_14' title="bbox 542 1201 2115 1276; baseline -0.006 -13"><span class='ocrx_word' id='word_1_80' title='bbox 542 1209 680 1264; x_wconf 79' lang='lat' dir='ltr'><strong>adeo</strong></span> <span class='ocrx_word' id='word_1_81' title='bbox 713 1220 770 1264; x_wconf 90' lang='lat' dir='ltr'><strong>ut</strong></span> <span class='ocrx_word' id='word_1_82' title='bbox 812 1211 856 1264; x_wconf 92' lang='lat' dir='ltr'><strong>si</strong></span> <span class='ocrx_word' id='word_1_83' title='bbox 892 1210 1110 1263; x_wconf 84' lang='lat' dir='ltr'><strong>deﬁciat</strong></span> <span class='ocrx_word' id='word_1_84' title='bbox 1147 1225 1404 1260; x_wconf 78' lang='lat' dir='ltr'><strong>numerus</strong></span> <span class='ocrx_word' id='word_1_85' title='bbox 1435 1207 1715 1276; x_wconf 88' lang='lat' dir='ltr'><strong>quinque,</strong></span> <span class='ocrx_word' id='word_1_86' title='bbox 1755 1205 1803 1256; x_wconf 90' lang='lat' dir='ltr'><strong>id</strong></span> <span class='ocrx_word' id='word_1_87' title='bbox 1845 1201 1988 1272; x_wconf 85' lang='lat' dir='ltr'><strong>quod</strong></span> <span class='ocrx_word' id='word_1_88' title='bbox 2031 1216 2115 1254; x_wconf 86' lang='lat' dir='ltr'><strong>re-</strong></span> 
     </span>
    </p>
   </div>
   <div class='ocr_carea' id='block_1_15' title="bbox 543 1300 1452 1357">
    <p class='ocr_par' dir='ltr' id='par_1_15' title="bbox 543 1300 1452 1357">
     <span class='ocr_line' id='line_1_15' title="bbox 543 1300 1452 1357; baseline -0.007 0"><span class='ocrx_word' id='word_1_89' title='bbox 543 1309 648 1357; x_wconf 85' lang='lat' dir='ltr'><strong>stat</strong></span> <span class='ocrx_word' id='word_1_90' title='bbox 679 1302 900 1355; x_wconf 91' lang='lat' dir='ltr'><strong>minime</strong></span> <span class='ocrx_word' id='word_1_91' title='bbox 932 1302 1001 1354; x_wconf 87' lang='lat' dir='ltr'><strong>sit</strong></span> <span class='ocrx_word' id='word_1_92' title='bbox 1036 1300 1452 1354; x_wconf 83' lang='lat' dir='ltr'><strong>admittendum.</strong></span> 
     </span>
    </p>
   </div>
   <div class='ocr_carea' id='block_1_16' title="bbox 568 1381 2116 1456">
    <p class='ocr_par' dir='ltr' id='par_1_16' title="bbox 568 1381 2116 1456">
     <span class='ocr_line' id='line_1_16' title="bbox 568 1381 2116 1456; baseline -0.007 -11"><span class='ocrx_word' id='word_1_93' title='bbox 568 1399 572 1408; x_wconf 88' lang='lat'><strong><em>&#39;</em></strong></span> <span class='ocrx_word' id='word_1_94' title='bbox 616 1391 756 1445; x_wconf 79' lang='lat' dir='ltr'><strong>Nunt</strong></span> <span class='ocrx_word' id='word_1_95' title='bbox 811 1400 991 1445; x_wconf 75' lang='lat' dir='ltr'><strong>autem</strong></span> <span class='ocrx_word' id='word_1_96' title='bbox 1026 1392 1080 1443; x_wconf 91' lang='lat' dir='ltr'><strong>in</strong></span> <span class='ocrx_word' id='word_1_97' title='bbox 1118 1393 1218 1446; x_wconf 88' lang='lat' dir='ltr'><strong>hoc</strong></span> <span class='ocrx_word' id='word_1_98' title='bbox 1253 1391 1492 1456; x_wconf 72' lang='lat' dir='ltr'><strong>iiicmpto</strong></span> <span class='ocrx_word' id='word_1_99' title='bbox 1547 1395 1629 1441; x_wconf 87' lang='lat' dir='ltr'><strong>est</strong></span> <span class='ocrx_word' id='word_1_100' title='bbox 1661 1383 1867 1454; x_wconf 89' lang='lat' dir='ltr'><strong>aliquid</strong></span> <span class='ocrx_word' id='word_1_101' title='bbox 1906 1381 2116 1436; x_wconf 88' lang='lat' dir='ltr'><strong>auden-</strong></span> 
     </span>
    </p>
   </div>
   <div class='ocr_carea' id='block_1_17' title="bbox 541 1478 2116 1548">
    <p class='ocr_par' dir='ltr' id='par_1_17' title="bbox 541 1478 2116 1548">
     <span class='ocr_line' id='line_1_17' title="bbox 541 1478 2116 1548; baseline -0.006 -11"><span class='ocrx_word' id='word_1_102' title='bbox 541 1483 696 1548; x_wconf 87' lang='lat' dir='ltr'><strong>dum,</strong></span> <span class='ocrx_word' id='word_1_103' title='bbox 761 1493 819 1537; x_wconf 86' lang='lat' dir='ltr'><strong>ut</strong></span> <span class='ocrx_word' id='word_1_104' title='bbox 874 1484 1124 1536; x_wconf 79' lang='lat' dir='ltr'><strong>dicamus</strong></span> <span class='ocrx_word' id='word_1_105' title='bbox 1169 1479 1637 1542; x_wconf 82' lang='lat' dir='ltr'><strong>Quemadmodum</strong></span> <span class='ocrx_word' id='word_1_106' title='bbox 1692 1478 1744 1530; x_wconf 95' lang='lat' dir='ltr'><strong>in</strong></span> <span class='ocrx_word' id='word_1_107' title='bbox 1789 1487 2116 1543; x_wconf 87' lang='lat' dir='ltr'><strong>unaquaque</strong></span> 
     </span>
    </p>
   </div>
   <div class='ocr_carea' id='block_1_18' title="bbox 543 1562 2114 1639">
    <p class='ocr_par' dir='ltr' id='par_1_18' title="bbox 543 1562 2114 1639">
     <span class='ocr_line' id='line_1_18' title="bbox 543 1562 2114 1639; baseline -0.006 -15"><span class='ocrx_word' id='word_1_108' title='bbox 543 1571 688 1624; x_wconf 86' lang='lat' dir='ltr'><strong>tribu</strong></span> <span class='ocrx_word' id='word_1_109' title='bbox 743 1583 1028 1624; x_wconf 85' lang='lat' dir='ltr'><strong>armantur</strong></span> <span class='ocrx_word' id='word_1_110' title='bbox 1071 1570 1336 1639; x_wconf 87' lang='lat' dir='ltr'><strong>quinque,</strong></span> <span class='ocrx_word' id='word_1_111' title='bbox 1407 1581 1465 1622; x_wconf 90' lang='lat' dir='ltr'><strong>ut</strong></span> <span class='ocrx_word' id='word_1_112' title='bbox 1519 1569 1632 1621; x_wconf 87' lang='lat' dir='ltr'><strong>sint</strong></span> <span class='ocrx_word' id='word_1_113' title='bbox 1687 1566 1942 1618; x_wconf 85' lang='lat' dir='ltr'><strong>custodes</strong></span> <span class='ocrx_word' id='word_1_114' title='bbox 1990 1562 2114 1615; x_wconf 85' lang='lat' dir='ltr'><strong>lecti</strong></span> 
     </span>
    </p>
   </div>
   <div class='ocr_carea' id='block_1_19' title="bbox 542 1657 2116 1732">
    <p class='ocr_par' dir='ltr' id='par_1_19' title="bbox 542 1657 2116 1732">
     <span class='ocr_line' id='line_1_19' title="bbox 542 1657 2116 1732; baseline -0.005 -16"><span class='ocrx_word' id='word_1_115' title='bbox 542 1664 726 1729; x_wconf 74' lang='lat' dir='ltr'><strong>regis?</strong></span> <span class='ocrx_word' id='word_1_116' title='bbox 749 1676 799 1717; x_wconf 91' lang='lat' dir='ltr'><strong>et</strong></span> <span class='ocrx_word' id='word_1_117' title='bbox 829 1662 1288 1732; x_wconf 81' lang='lat' dir='ltr'><strong>quemadmodum</strong></span> <span class='ocrx_word' id='word_1_118' title='bbox 1329 1662 1703 1730; x_wconf 84' lang='lat' dir='ltr'><strong>unusquisque</strong></span> <span class='ocrx_word' id='word_1_119' title='bbox 1731 1661 1921 1712; x_wconf 87' lang='lat' dir='ltr'><strong>horum</strong></span> <span class='ocrx_word' id='word_1_120' title='bbox 1955 1657 2116 1727; x_wconf 87' lang='lat' dir='ltr'><strong>quin-</strong></span> 
     </span>
    </p>
   </div>
   <div class='ocr_carea' id='block_1_20' title="bbox 544 1750 2114 1823">
    <p class='ocr_par' dir='ltr' id='par_1_20' title="bbox 544 1750 2114 1823">
     <span class='ocr_line' id='line_1_20' title="bbox 544 1750 2114 1823; baseline -0.002 -18"><span class='ocrx_word' id='word_1_121' title='bbox 544 1772 654 1823; x_wconf 84' lang='lat' dir='ltr'><strong>que</strong></span> <span class='ocrx_word' id='word_1_122' title='bbox 702 1750 772 1808; x_wconf 86' lang='lat' dir='ltr'><strong>l&#39;it</strong></span> <span class='ocrx_word' id='word_1_123' title='bbox 822 1756 1091 1808; x_wconf 86' lang='lat' dir='ltr'><strong>terribilis</strong></span> <span class='ocrx_word' id='word_1_124' title='bbox 1120 1756 1473 1818; x_wconf 78' lang='lat' dir='ltr'><strong>adversariis,</strong></span> <span class='ocrx_word' id='word_1_125' title='bbox 1499 1769 1683 1807; x_wconf 76' lang='lat' dir='ltr'><strong>ensem</strong></span> <span class='ocrx_word' id='word_1_126' title='bbox 1716 1766 1874 1805; x_wconf 90' lang='lat' dir='ltr'><strong>suum</strong></span> <span class='ocrx_word' id='word_1_127' title='bbox 1907 1750 2114 1803; x_wconf 84' lang='lat' dir='ltr'><strong>habens</strong></span> 
     </span>
    </p>
   </div>
   <div class='ocr_carea' id='block_1_21' title="bbox 543 1842 2114 1915">
    <p class='ocr_par' dir='ltr' id='par_1_21' title="bbox 543 1842 2114 1915">
     <span class='ocr_line' id='line_1_21' title="bbox 543 1842 2114 1915; baseline -0.005 -16"><span class='ocrx_word' id='word_1_128' title='bbox 543 1846 858 1914; x_wconf 89' lang='lat' dir='ltr'><strong>impositum</strong></span> <span class='ocrx_word' id='word_1_129' title='bbox 905 1861 1071 1915; x_wconf 86' lang='lat' dir='ltr'><strong>super</strong></span> <span class='ocrx_word' id='word_1_130' title='bbox 1109 1845 1326 1900; x_wconf 78' lang='lat' dir='ltr'><strong>femur?</strong></span> <span class='ocrx_word' id='word_1_131' title='bbox 1373 1849 1451 1899; x_wconf 84' lang='lat' dir='ltr'><strong>An</strong></span> <span class='ocrx_word' id='word_1_132' title='bbox 1488 1862 1595 1898; x_wconf 93' lang='lat' dir='ltr'><strong>non</strong></span> <span class='ocrx_word' id='word_1_133' title='bbox 1627 1854 1709 1898; x_wconf 90' lang='lat' dir='ltr'><strong>est</strong></span> <span class='ocrx_word' id='word_1_134' title='bbox 1744 1842 2114 1901; x_wconf 82' lang='lat' dir='ltr'><strong>manifestum,</strong></span> 
     </span>
    </p>
   </div>
   <div class='ocr_carea' id='block_1_22' title="bbox 541 1934 2116 2006">
    <p class='ocr_par' dir='ltr' id='par_1_22' title="bbox 541 1934 2116 2006">
     <span class='ocr_line' id='line_1_22' title="bbox 541 1934 2116 2006; baseline -0.003 -18"><span class='ocrx_word' id='word_1_135' title='bbox 541 1937 686 2004; x_wconf 90' lang='lat' dir='ltr'><strong>quod</strong></span> <span class='ocrx_word' id='word_1_136' title='bbox 741 1955 882 1992; x_wconf 78' lang='lat' dir='ltr'><strong>unus</strong></span> <span class='ocrx_word' id='word_1_137' title='bbox 931 1938 1092 2006; x_wconf 90' lang='lat' dir='ltr'><strong>lapis,</strong></span> <span class='ocrx_word' id='word_1_138' title='bbox 1155 1955 1349 2006; x_wconf 89' lang='lat' dir='ltr'><strong>nempe</strong></span> <span class='ocrx_word' id='word_1_139' title='bbox 1397 1939 1429 1990; x_wconf 91' lang='lat' dir='ltr'><strong>ii</strong></span> <span class='ocrx_word' id='word_1_140' title='bbox 1480 1937 1728 2005; x_wconf 88' lang='lat' dir='ltr'><strong>quinque</strong></span> <span class='ocrx_word' id='word_1_141' title='bbox 1759 1934 1950 1987; x_wconf 86' lang='lat' dir='ltr'><strong>armati</strong></span> <span class='ocrx_word' id='word_1_142' title='bbox 1987 1941 2116 1987; x_wconf 91' lang='lat' dir='ltr'><strong>sunt</strong></span> 
     </span>
    </p>
   </div>
   <div class='ocr_carea' id='block_1_23' title="bbox 544 2029 2114 2096">
    <p class='ocr_par' dir='ltr' id='par_1_23' title="bbox 544 2029 2114 2096">
     <span class='ocr_line' id='line_1_23' title="bbox 544 2029 2114 2096; baseline -0.003 -16"><span class='ocrx_word' id='word_1_143' title='bbox 544 2029 928 2096; x_wconf 90' lang='lat' dir='ltr'><strong>unusquisque</strong></span> <span class='ocrx_word' id='word_1_144' title='bbox 982 2046 1199 2091; x_wconf 85' lang='lat' dir='ltr'><strong>sensus,</strong></span> <span class='ocrx_word' id='word_1_145' title='bbox 1255 2029 1671 2082; x_wconf 83' lang='lat' dir='ltr'><strong>convenientem</strong></span> <span class='ocrx_word' id='word_1_146' title='bbox 1732 2040 1890 2078; x_wconf 91' lang='lat' dir='ltr'><strong>suum</strong></span> <span class='ocrx_word' id='word_1_147' title='bbox 1928 2040 2114 2077; x_wconf 91' lang='lat' dir='ltr'><strong>ensem</strong></span> 
     </span>
    </p>
   </div>
   <div class='ocr_carea' id='block_1_24' title="bbox 540 2111 2112 2180">
    <p class='ocr_par' dir='ltr' id='par_1_24' title="bbox 540 2111 2112 2180">
     <span class='ocr_line' id='line_1_24' title="bbox 540 2111 2112 2180; baseline -0.002 -14"><span class='ocrx_word' id='word_1_148' title='bbox 540 2115 780 2168; x_wconf 86' lang='lat' dir='ltr'><strong>educens</strong></span> <span class='ocrx_word' id='word_1_149' title='bbox 830 2115 895 2167; x_wconf 76' lang='lat' dir='ltr'><strong>ad</strong></span> <span class='ocrx_word' id='word_1_150' title='bbox 955 2123 1224 2168; x_wconf 89' lang='lat' dir='ltr'><strong>terrorem</strong></span> <span class='ocrx_word' id='word_1_151' title='bbox 1268 2114 1658 2167; x_wconf 82' lang='lat' dir='ltr'><strong>inimicorum?</strong></span> <span class='ocrx_word' id='word_1_152' title='bbox 1699 2111 1855 2167; x_wconf 87' lang='lat' dir='ltr'><strong>Oculi</strong></span> <span class='ocrx_word' id='word_1_153' title='bbox 1893 2111 2112 2180; x_wconf 89' lang='lat' dir='ltr'><strong>quidem</strong></span> 
     </span>
    </p>
   </div>
   <div class='ocr_carea' id='block_1_25' title="bbox 538 2204 2114 2272">
    <p class='ocr_par' dir='ltr' id='par_1_25' title="bbox 538 2204 2114 2272">
     <span class='ocr_line' id='line_1_25' title="bbox 538 2204 2114 2272; baseline -0.003 -14"><span class='ocrx_word' id='word_1_154' title='bbox 538 2213 625 2258; x_wconf 86' lang='lat' dir='ltr'><strong>est</strong></span> <span class='ocrx_word' id='word_1_155' title='bbox 653 2204 805 2258; x_wconf 93' lang='lat' dir='ltr'><strong>cusis</strong></span> <span class='ocrx_word' id='word_1_156' title='bbox 861 2215 1122 2272; x_wconf 83' lang='lat' dir='ltr'><strong>perpetuo</strong></span> <span class='ocrx_word' id='word_1_157' title='bbox 1153 2205 1402 2272; x_wconf 76' lang='lat' dir='ltr'><strong>aSpiccre</strong></span> <span class='ocrx_word' id='word_1_158' title='bbox 1433 2206 1499 2257; x_wconf 90' lang='lat' dir='ltr'><strong>ad</strong></span> <span class='ocrx_word' id='word_1_159' title='bbox 1531 2204 1842 2267; x_wconf 83' lang='lat' dir='ltr'><strong>Dominum,</strong></span> <span class='ocrx_word' id='word_1_160' title='bbox 1877 2211 1930 2257; x_wconf 87' lang='lat' dir='ltr'><strong>et</strong></span> <span class='ocrx_word' id='word_1_161' title='bbox 1968 2213 2114 2257; x_wconf 88' lang='lat' dir='ltr'><strong>recta</strong></span> 
     </span>
    </p>
   </div>
   <div class='ocr_carea' id='block_1_26' title="bbox 541 2293 2110 2364">
    <p class='ocr_par' dir='ltr' id='par_1_26' title="bbox 541 2293 2110 2364">
     <span class='ocr_line' id='line_1_26' title="bbox 541 2293 2110 2364; baseline -0.001 -18"><span class='ocrx_word' id='word_1_162' title='bbox 541 2293 762 2356; x_wconf 90' lang='lat' dir='ltr'><strong>intueri,</strong></span> <span class='ocrx_word' id='word_1_163' title='bbox 825 2303 877 2347; x_wconf 87' lang='lat' dir='ltr'><strong>et</strong></span> <span class='ocrx_word' id='word_1_164' title='bbox 926 2295 1076 2346; x_wconf 91' lang='lat' dir='ltr'><strong>nullo</strong></span> <span class='ocrx_word' id='word_1_165' title='bbox 1126 2295 1268 2362; x_wconf 83' lang='lat' dir='ltr'><strong>turpi</strong></span> <span class='ocrx_word' id='word_1_166' title='bbox 1313 2295 1628 2362; x_wconf 86' lang='lat' dir='ltr'><strong>spectaculo</strong></span> <span class='ocrx_word' id='word_1_167' title='bbox 1675 2294 1971 2364; x_wconf 88' lang='lat' dir='ltr'><strong>inquinari.</strong></span> <span class='ocrx_word' id='word_1_168' title='bbox 2005 2293 2110 2346; x_wconf 85' lang='lat' dir='ltr'><strong>Au-</strong></span> 
     </span>
    </p>
   </div>
   <div class='ocr_carea' id='block_1_27' title="bbox 537 2385 2114 2448">
    <p class='ocr_par' dir='ltr' id='par_1_27' title="bbox 537 2385 2114 2448">
     <span class='ocr_line' id='line_1_27' title="bbox 537 2385 2114 2448; baseline 0 -10"><span class='ocrx_word' id='word_1_169' title='bbox 537 2385 688 2439; x_wconf 85' lang='lat' dir='ltr'><strong>ditus</strong></span> <span class='ocrx_word' id='word_1_170' title='bbox 742 2400 893 2439; x_wconf 88' lang='lat' dir='ltr'><strong>arma</strong></span> <span class='ocrx_word' id='word_1_171' title='bbox 941 2395 1069 2440; x_wconf 92' lang='lat' dir='ltr'><strong>sunt</strong></span> <span class='ocrx_word' id='word_1_172' title='bbox 1128 2387 1402 2448; x_wconf 86' lang='lat' dir='ltr'><strong>similiter,</strong></span> <span class='ocrx_word' id='word_1_173' title='bbox 1452 2387 1761 2441; x_wconf 74' lang='lat' dir='ltr'><strong>divinorum</strong></span> <span class='ocrx_word' id='word_1_174' title='bbox 1815 2387 2114 2440; x_wconf 90' lang='lat' dir='ltr'><strong>documen-</strong></span> 
     </span>
    </p>
   </div>
   <div class='ocr_carea' id='block_1_28' title="bbox 539 2478 2110 2548">
    <p class='ocr_par' dir='ltr' id='par_1_28' title="bbox 539 2478 2110 2548">
     <span class='ocr_line' id='line_1_28' title="bbox 539 2478 2110 2548; baseline 0.002 -19"><span class='ocrx_word' id='word_1_175' title='bbox 539 2485 722 2530; x_wconf 88' lang='lat' dir='ltr'><strong>torum</strong></span> <span class='ocrx_word' id='word_1_176' title='bbox 778 2478 1009 2541; x_wconf 86' lang='lat' dir='ltr'><strong>auditio,</strong></span> <span class='ocrx_word' id='word_1_177' title='bbox 1034 2488 1086 2532; x_wconf 91' lang='lat' dir='ltr'><strong>et</strong></span> <span class='ocrx_word' id='word_1_178' title='bbox 1111 2493 1393 2548; x_wconf 91' lang='lat' dir='ltr'><strong>nunquam</strong></span> <span class='ocrx_word' id='word_1_179' title='bbox 1423 2493 1622 2532; x_wconf 82' lang='lat' dir='ltr'><strong>vanum</strong></span> <span class='ocrx_word' id='word_1_180' title='bbox 1652 2481 1704 2532; x_wconf 93' lang='lat' dir='ltr'><strong>in</strong></span> <span class='ocrx_word' id='word_1_181' title='bbox 1733 2493 1792 2534; x_wconf 89' lang='lat' dir='ltr'><strong>se</strong></span> <span class='ocrx_word' id='word_1_182' title='bbox 1821 2478 2110 2532; x_wconf 86' lang='lat' dir='ltr'><strong>admittere</strong></span> 
     </span>
    </p>
   </div>
   <div class='ocr_carea' id='block_1_29' title="bbox 538 2569 2111 2639">
    <p class='ocr_par' dir='ltr' id='par_1_29' title="bbox 538 2569 2111 2639">
     <span class='ocr_line' id='line_1_29' title="bbox 538 2569 2111 2639; baseline 0.001 -17"><span class='ocrx_word' id='word_1_183' title='bbox 538 2583 869 2623; x_wconf 81' lang='lat' dir='ltr'><strong>sermonem.</strong></span> <span class='ocrx_word' id='word_1_184' title='bbox 928 2569 1003 2622; x_wconf 91' lang='lat' dir='ltr'><strong>lta</strong></span> <span class='ocrx_word' id='word_1_185' title='bbox 1061 2571 1224 2624; x_wconf 87' lang='lat' dir='ltr'><strong>etiam</strong></span> <span class='ocrx_word' id='word_1_186' title='bbox 1283 2570 1412 2623; x_wconf 89' lang='lat' dir='ltr'><strong>licet</strong></span> <span class='ocrx_word' id='word_1_187' title='bbox 1475 2585 1692 2623; x_wconf 86' lang='lat' dir='ltr'><strong>armare</strong></span> <span class='ocrx_word' id='word_1_188' title='bbox 1738 2579 1993 2639; x_wconf 81' lang='lat' dir='ltr'><strong>gustum,</strong></span> <span class='ocrx_word' id='word_1_189' title='bbox 2056 2581 2111 2624; x_wconf 89' lang='lat' dir='ltr'><strong>et</strong></span> 
     </span>
    </p>
   </div>
   <div class='ocr_carea' id='block_1_30' title="bbox 539 2661 2111 2732">
    <p class='ocr_par' dir='ltr' id='par_1_30' title="bbox 539 2661 2111 2732">
     <span class='ocr_line' id='line_1_30' title="bbox 539 2661 2111 2732; baseline 0.001 -17"><span class='ocrx_word' id='word_1_190' title='bbox 539 2670 765 2726; x_wconf 87' lang='lat' dir='ltr'><strong>tactum,</strong></span> <span class='ocrx_word' id='word_1_191' title='bbox 817 2670 871 2716; x_wconf 89' lang='lat' dir='ltr'><strong>et</strong></span> <span class='ocrx_word' id='word_1_192' title='bbox 924 2661 1213 2718; x_wconf 89' lang='lat' dir='ltr'><strong>odoratum</strong></span> <span class='ocrx_word' id='word_1_193' title='bbox 1257 2663 1436 2732; x_wconf 81' lang='lat' dir='ltr'><strong>gladio</strong></span> <span class='ocrx_word' id='word_1_194' title='bbox 1489 2664 1871 2726; x_wconf 69' lang='lat' dir='ltr'><strong>continentia};</strong></span> <span class='ocrx_word' id='word_1_195' title='bbox 1915 2678 2111 2716; x_wconf 84' lang='lat' dir='ltr'><strong>unum-</strong></span> 
     </span>
    </p>
   </div>
   <div class='ocr_carea' id='block_1_31' title="bbox 537 2754 2112 2825">
    <p class='ocr_par' dir='ltr' id='par_1_31' title="bbox 537 2754 2112 2825">
     <span class='ocr_line' id='line_1_31' title="bbox 537 2754 2112 2825; baseline 0.001 -20"><span class='ocrx_word' id='word_1_196' title='bbox 537 2768 809 2822; x_wconf 88' lang='lat' dir='ltr'><strong>quemque</strong></span> <span class='ocrx_word' id='word_1_197' title='bbox 867 2768 1088 2808; x_wconf 89' lang='lat' dir='ltr'><strong>sensum</strong></span> <span class='ocrx_word' id='word_1_198' title='bbox 1143 2754 1376 2823; x_wconf 78' lang='lat' dir='ltr'><strong>tegendo</strong></span> <span class='ocrx_word' id='word_1_199' title='bbox 1417 2754 1737 2825; x_wconf 80' lang='lat' dir='ltr'><strong>congruenti</strong></span> <span class='ocrx_word' id='word_1_200' title='bbox 1775 2754 1964 2817; x_wconf 90' lang='lat' dir='ltr'><strong>lorica,</strong></span> <span class='ocrx_word' id='word_1_201' title='bbox 2017 2769 2112 2823; x_wconf 90' lang='lat' dir='ltr'><strong>per</strong></span> 
     </span>
    </p>
   </div>
   <div class='ocr_carea' id='block_1_32' title="bbox 535 2842 2106 2912">
    <p class='ocr_par' dir='ltr' id='par_1_32' title="bbox 535 2842 2106 2912">
     <span class='ocr_line' id='line_1_32' title="bbox 535 2842 2106 2912; baseline 0.001 -18"><span class='ocrx_word' id='word_1_202' title='bbox 535 2857 658 2911; x_wconf 61' lang='lat' dir='ltr'><strong>quae</strong></span> <span class='ocrx_word' id='word_1_203' title='bbox 699 2842 1007 2896; x_wconf 89' lang='lat' dir='ltr'><strong>tenebrosis</strong></span> <span class='ocrx_word' id='word_1_204' title='bbox 1038 2843 1466 2912; x_wconf 79' lang='lat' dir='ltr'><strong>cogitationibus</strong></span> <span class='ocrx_word' id='word_1_205' title='bbox 1511 2854 1704 2912; x_wconf 86' lang='lat' dir='ltr'><strong>stupor</strong></span> <span class='ocrx_word' id='word_1_206' title='bbox 1737 2844 1794 2897; x_wconf 86' lang='lat' dir='ltr'><strong>lit</strong></span> <span class='ocrx_word' id='word_1_207' title='bbox 1821 2851 1874 2896; x_wconf 90' lang='lat' dir='ltr'><strong>et</strong></span> <span class='ocrx_word' id='word_1_208' title='bbox 1907 2851 2106 2907; x_wconf 87' lang='lat' dir='ltr'><strong>terror,</strong></span> 
     </span>
    </p>
   </div>
   <div class='ocr_carea' id='block_1_33' title="bbox 536 2931 2108 3007">
    <p class='ocr_par' dir='ltr' id='par_1_33' title="bbox 536 2931 2108 3007">
     <span class='ocr_line' id='line_1_33' title="bbox 536 2931 2108 3007; baseline 0.002 -23"><span class='ocrx_word' id='word_1_209' title='bbox 536 2947 768 3000; x_wconf 90' lang='lat' dir='ltr'><strong>quorum</strong></span> <span class='ocrx_word' id='word_1_210' title='bbox 814 2933 976 2986; x_wconf 85' lang='lat' dir='ltr'><strong>etiam</strong></span> <span class='ocrx_word' id='word_1_211' title='bbox 1005 2941 1222 3007; x_wconf 85' lang='lat' dir='ltr'><strong>tempus</strong></span> <span class='ocrx_word' id='word_1_212' title='bbox 1250 2941 1432 3002; x_wconf 88' lang='lat' dir='ltr'><strong>aptum</strong></span> <span class='ocrx_word' id='word_1_213' title='bbox 1465 2933 1528 2986; x_wconf 87' lang='lat' dir='ltr'><strong>ad</strong></span> <span class='ocrx_word' id='word_1_214' title='bbox 1563 2933 1792 2986; x_wconf 88' lang='lat' dir='ltr'><strong>insidias</strong></span> <span class='ocrx_word' id='word_1_215' title='bbox 1821 2931 2108 2987; x_wconf 82' lang='lat' dir='ltr'><strong>struendas</strong></span> 
     </span>
    </p>
   </div>
   <div class='ocr_carea' id='block_1_34' title="bbox 536 3022 2180 3114">
    <p class='ocr_par' dir='ltr' id='par_1_34' title="bbox 536 3022 2180 3114">
     <span class='ocr_line' id='line_1_34' title="bbox 536 3022 2180 3114; baseline -0.001 -38"><span class='ocrx_word' id='word_1_216' title='bbox 536 3022 798 3077; x_wconf 84' lang='lat' dir='ltr'><strong>adversus</strong></span> <span class='ocrx_word' id='word_1_217' title='bbox 828 3027 1040 3078; x_wconf 87' lang='lat' dir='ltr'><strong>animas</strong></span> <span class='ocrx_word' id='word_1_218' title='bbox 1077 3039 1180 3077; x_wconf 77' lang='lat' dir='ltr'><strong>nox</strong></span> <span class='ocrx_word' id='word_1_219' title='bbox 1209 3031 1418 3078; x_wconf 87' lang='lat' dir='ltr'><strong>suntet</strong></span> <span class='ocrx_word' id='word_1_220' title='bbox 1454 3024 1712 3077; x_wconf 56' lang='lat' dir='ltr'><strong>tenebrae.</strong></span> <span class='ocrx_word' id='word_1_221' title='bbox 1753 3023 1809 3076; x_wconf 91' lang='lat' dir='ltr'><strong>lu</strong></span> <span class='ocrx_word' id='word_1_222' title='bbox 1863 3038 1924 3077; x_wconf 88' lang='lat' dir='ltr'><strong>ea</strong></span> <span class='ocrx_word' id='word_1_223' title='bbox 1960 3023 2102 3077; x_wconf 90' lang='lat' dir='ltr'><strong>enim</strong></span> <span class='ocrx_word' id='word_1_224' title='bbox 2135 3054 2180 3114; x_wconf 67' lang='grc' dir='ltr'><strong>Ο</strong></span> 
     </span>
    </p>
   </div>
   <div class='ocr_carea' id='block_1_35' title="bbox 534 3115 2108 3186">
    <p class='ocr_par' dir='ltr' id='par_1_35' title="bbox 534 3115 2108 3186">
     <span class='ocr_line' id='line_1_35' title="bbox 534 3115 2108 3186; baseline 0 -16"><span class='ocrx_word' id='word_1_225' title='bbox 534 3117 672 3170; x_wconf 80' lang='lat' dir='ltr'><strong>dixit</strong></span> <span class='ocrx_word' id='word_1_226' title='bbox 723 3116 1016 3186; x_wconf 85' lang='lat' dir='ltr'><strong>Propheta,</strong></span> <span class='ocrx_word' id='word_1_227' title='bbox 1049 3118 1254 3172; x_wconf 85' lang='lat' dir='ltr'><strong>bestias</strong></span> <span class='ocrx_word' id='word_1_228' title='bbox 1291 3115 1404 3185; x_wconf 83' lang='lat' dir='ltr'><strong>agri</strong></span> <span class='ocrx_word' id='word_1_229' title='bbox 1442 3119 1641 3170; x_wconf 86' lang='lat' dir='ltr'><strong>malum</strong></span> <span class='ocrx_word' id='word_1_230' title='bbox 1675 3117 1778 3171; x_wconf 88' lang='lat' dir='ltr'><strong>sibi</strong></span> <span class='ocrx_word' id='word_1_231' title='bbox 1821 3115 2108 3186; x_wconf 84' lang='lat' dir='ltr'><strong>providere</strong></span> 
     </span>
    </p>
   </div>
   <div class='ocr_carea' id='block_1_36' title="bbox 533 3207 2104 3280">
    <p class='ocr_par' dir='ltr' id='par_1_36' title="bbox 533 3207 2104 3280">
     <span class='ocr_line' id='line_1_36' title="bbox 533 3207 2104 3280; baseline -0.003 -16"><span class='ocrx_word' id='word_1_232' title='bbox 533 3225 687 3264; x_wconf 88' lang='lat' dir='ltr'><strong>esum</strong></span> <span class='ocrx_word' id='word_1_233' title='bbox 731 3226 796 3265; x_wconf 82' lang='lat' dir='ltr'><strong>ex</strong></span> <span class='ocrx_word' id='word_1_234' title='bbox 844 3210 1135 3280; x_wconf 84' lang='lat' dir='ltr'><strong>pecoribus</strong></span> <span class='ocrx_word' id='word_1_235' title='bbox 1200 3209 1311 3262; x_wconf 85' lang='lat' dir='ltr'><strong>Dei.</strong></span> <span class='ocrx_word' id='word_1_236' title='bbox 1382 3207 1618 3261; x_wconf 83' lang='lat' dir='ltr'><strong>Posuisti</strong></span> <span class='ocrx_word' id='word_1_237' title='bbox 1674 3208 1844 3269; x_wconf 84' lang='lat' dir='ltr'><strong>enim,</strong></span> <span class='ocrx_word' id='word_1_238' title='bbox 1903 3208 2104 3276; x_wconf 84' lang='lat' dir='ltr'><strong>inquit,</strong></span> 
     </span>
    </p>
   </div>
   <div class='ocr_carea' id='block_1_37' title="bbox 535 3299 2106 3370">
    <p class='ocr_par' dir='ltr' id='par_1_37' title="bbox 535 3299 2106 3370">
     <span class='ocr_line' id='line_1_37' title="bbox 535 3299 2106 3370; baseline -0.001 -17"><span class='ocrx_word' id='word_1_239' title='bbox 535 3301 794 3364; x_wconf 75' lang='lat' dir='ltr'><strong>tenebras,</strong></span> <span class='ocrx_word' id='word_1_240' title='bbox 837 3313 887 3355; x_wconf 87' lang='lat' dir='ltr'><strong>et</strong></span> <span class='ocrx_word' id='word_1_241' title='bbox 957 3301 1102 3370; x_wconf 79' lang='lat' dir='ltr'><strong>facta</strong></span> <span class='ocrx_word' id='word_1_242' title='bbox 1154 3311 1229 3354; x_wconf 78' lang='lat' dir='ltr'><strong>est</strong></span> <span class='ocrx_word' id='word_1_243' title='bbox 1274 3316 1399 3356; x_wconf 67' lang='lat' dir='ltr'><strong>nox.</strong></span> <span class='ocrx_word' id='word_1_244' title='bbox 1434 3299 1498 3355; x_wconf 87' lang='lat' dir='ltr'><strong>In</strong></span> <span class='ocrx_word' id='word_1_245' title='bbox 1551 3302 1666 3369; x_wconf 78' lang='lat' dir='ltr'><strong>ipsa</strong></span> <span class='ocrx_word' id='word_1_246' title='bbox 1711 3299 2106 3365; x_wconf 76' lang='lat' dir='ltr'><strong>pertransibunt</strong></span> 
     </span>
    </p>
   </div>
   <div class='ocr_carea' id='block_1_38' title="bbox 533 3389 2103 3458">
    <p class='ocr_par' dir='ltr' id='par_1_38' title="bbox 533 3389 2103 3458">
     <span class='ocr_line' id='line_1_38' title="bbox 533 3389 2103 3458; baseline -0.001 -14"><span class='ocrx_word' id='word_1_247' title='bbox 533 3408 710 3445; x_wconf 78' lang='lat' dir='ltr'><strong>omnes</strong></span> <span class='ocrx_word' id='word_1_248' title='bbox 763 3392 941 3445; x_wconf 65' lang='lat' dir='ltr'><strong>bestiis</strong></span> <span class='ocrx_word' id='word_1_249' title='bbox 985 3391 1168 3456; x_wconf 74' lang='lat' dir='ltr'><strong>silum,</strong></span> <span class='ocrx_word' id='word_1_250' title='bbox 1199 3390 1363 3443; x_wconf 81' lang='lat' dir='ltr'><strong>catuli</strong></span> <span class='ocrx_word' id='word_1_251' title='bbox 1392 3391 1653 3458; x_wconf 82' lang='lat' dir='ltr'><strong>rugientes</strong></span> <span class='ocrx_word' id='word_1_252' title='bbox 1689 3400 1743 3441; x_wconf 86' lang='lat' dir='ltr'><strong>ut</strong></span> <span class='ocrx_word' id='word_1_253' title='bbox 1779 3389 1994 3456; x_wconf 84' lang='lat' dir='ltr'><strong>rapiant</strong></span> <span class='ocrx_word' id='word_1_254' title='bbox 2040 3389 2103 3443; x_wconf 80' lang='lat'><strong>&quot;&#39;.</strong></span> 
     </span>
    </p>
   </div>
   <div class='ocr_carea' id='block_1_39' title="bbox 532 3479 2101 3550">
    <p class='ocr_par' dir='ltr' id='par_1_39' title="bbox 532 3479 2101 3550">
     <span class='ocr_line' id='line_1_39' title="bbox 532 3479 2101 3550; baseline -0.003 -14"><span class='ocrx_word' id='word_1_255' title='bbox 532 3481 799 3547; x_wconf 85' lang='lat' dir='ltr'><strong>Quoniam</strong></span> <span class='ocrx_word' id='word_1_256' title='bbox 850 3489 1028 3536; x_wconf 87' lang='lat' dir='ltr'><strong>autem</strong></span> <span class='ocrx_word' id='word_1_257' title='bbox 1071 3491 1150 3536; x_wconf 89' lang='lat' dir='ltr'><strong>est</strong></span> <span class='ocrx_word' id='word_1_258' title='bbox 1182 3483 1348 3536; x_wconf 87' lang='lat' dir='ltr'><strong>Israel</strong></span> <span class='ocrx_word' id='word_1_259' title='bbox 1402 3481 1717 3550; x_wconf 89' lang='lat' dir='ltr'><strong>quicunque</strong></span> <span class='ocrx_word' id='word_1_260' title='bbox 1774 3480 1831 3533; x_wconf 88' lang='lat' dir='ltr'><strong>lit</strong></span> <span class='ocrx_word' id='word_1_261' title='bbox 1880 3479 2101 3533; x_wconf 74' lang='lat' dir='ltr'><strong>salvus:</strong></span> 
     </span>
    </p>
   </div>
   <div class='ocr_carea' id='block_1_40' title="bbox 530 3570 2104 3644">
    <p class='ocr_par' dir='ltr' id='par_1_40' title="bbox 530 3570 2104 3644">
     <span class='ocr_line' id='line_1_40' title="bbox 530 3570 2104 3644; baseline -0.003 -17"><span class='ocrx_word' id='word_1_262' title='bbox 530 3588 643 3628; x_wconf 87' lang='lat' dir='ltr'><strong>non</strong></span> <span class='ocrx_word' id='word_1_263' title='bbox 683 3574 825 3628; x_wconf 90' lang='lat' dir='ltr'><strong>enim</strong></span> <span class='ocrx_word' id='word_1_264' title='bbox 863 3574 1179 3644; x_wconf 89' lang='lat' dir='ltr'><strong>quicunque</strong></span> <span class='ocrx_word' id='word_1_265' title='bbox 1216 3582 1346 3629; x_wconf 88' lang='lat' dir='ltr'><strong>sunt</strong></span> <span class='ocrx_word' id='word_1_266' title='bbox 1380 3589 1444 3626; x_wconf 88' lang='lat' dir='ltr'><strong>ex</strong></span> <span class='ocrx_word' id='word_1_267' title='bbox 1486 3571 1674 3637; x_wconf 88' lang='lat' dir='ltr'><strong>Israel,</strong></span> <span class='ocrx_word' id='word_1_268' title='bbox 1718 3581 1846 3625; x_wconf 91' lang='lat' dir='ltr'><strong>sunt</strong></span> <span class='ocrx_word' id='word_1_269' title='bbox 1888 3570 2104 3625; x_wconf 85' lang='lat' dir='ltr'><strong>Israeli—</strong></span> 
     </span>
    </p>
   </div>
   <div class='ocr_carea' id='block_1_41' title="bbox 529 3662 2104 3734">
    <p class='ocr_par' dir='ltr' id='par_1_41' title="bbox 529 3662 2104 3734">
     <span class='ocr_line' id='line_1_41' title="bbox 529 3662 2104 3734; baseline -0.001 -16"><span class='ocrx_word' id='word_1_270' title='bbox 529 3671 600 3718; x_wconf 63' lang='lat' dir='ltr'><strong>ta:</strong></span> <span class='ocrx_word' id='word_1_271' title='bbox 634 3664 710 3731; x_wconf 84' lang='lat' dir='ltr'><strong>l&#39;;</strong></span> <span class='ocrx_word' id='word_1_272' title='bbox 760 3665 854 3718; x_wconf 86' lang='lat' dir='ltr'><strong>sed</strong></span> <span class='ocrx_word' id='word_1_273' title='bbox 907 3666 1226 3734; x_wconf 87' lang='lat' dir='ltr'><strong>quicunque</strong></span> <span class='ocrx_word' id='word_1_274' title='bbox 1278 3663 1444 3718; x_wconf 86' lang='lat' dir='ltr'><strong>Deum</strong></span> <span class='ocrx_word' id='word_1_275' title='bbox 1480 3662 1697 3734; x_wconf 89' lang='lat' dir='ltr'><strong>proprie</strong></span> <span class='ocrx_word' id='word_1_276' title='bbox 1744 3663 2010 3733; x_wconf 90' lang='lat' dir='ltr'><strong>aspiciunt</strong></span> <span class='ocrx_word' id='word_1_277' title='bbox 2039 3678 2104 3717; x_wconf 82' lang='lat' dir='ltr'><strong>ex</strong></span> 
     </span>
    </p>
   </div>
   <div class='ocr_carea' id='block_1_42' title="bbox 529 3753 2100 3826">
    <p class='ocr_par' dir='ltr' id='par_1_42' title="bbox 529 3753 2100 3826">
     <span class='ocr_line' id='line_1_42' title="bbox 529 3753 2100 3826; baseline -0.003 -15"><span class='ocrx_word' id='word_1_278' title='bbox 529 3756 674 3812; x_wconf 80' lang='lat' dir='ltr'><strong>bona</strong></span> <span class='ocrx_word' id='word_1_279' title='bbox 724 3757 1044 3826; x_wconf 87' lang='lat' dir='ltr'><strong>operatione</strong></span> <span class='ocrx_word' id='word_1_280' title='bbox 1093 3759 1234 3810; x_wconf 83' lang='lat' dir='ltr'><strong>lianc</strong></span> <span class='ocrx_word' id='word_1_281' title='bbox 1297 3756 1498 3809; x_wconf 84' lang='lat' dir='ltr'><strong>habent</strong></span> <span class='ocrx_word' id='word_1_282' title='bbox 1553 3753 2100 3807; x_wconf 90' lang='lat' dir='ltr'><strong>denominationem:</strong></span> 
     </span>
    </p>
   </div>
   <div class='ocr_carea' id='block_1_43' title="bbox 529 3849 2103 3920">
    <p class='ocr_par' dir='ltr' id='par_1_43' title="bbox 529 3849 2103 3920">
     <span class='ocr_line' id='line_1_43' title="bbox 529 3849 2103 3920; baseline 0.001 -19"><span class='ocrx_word' id='word_1_283' title='bbox 529 3849 814 3918; x_wconf 86' lang='lat' dir='ltr'><strong>proprium</strong></span> <span class='ocrx_word' id='word_1_284' title='bbox 860 3858 944 3904; x_wconf 81' lang='lat' dir='ltr'><strong>est</strong></span> <span class='ocrx_word' id='word_1_285' title='bbox 996 3858 1176 3903; x_wconf 88' lang='lat' dir='ltr'><strong>autem</strong></span> <span class='ocrx_word' id='word_1_286' title='bbox 1235 3851 1355 3920; x_wconf 86' lang='lat' dir='ltr'><strong>ejus</strong></span> <span class='ocrx_word' id='word_1_287' title='bbox 1391 3851 1483 3920; x_wconf 90' lang='lat' dir='ltr'><strong>qui</strong></span> <span class='ocrx_word' id='word_1_288' title='bbox 1531 3850 1696 3904; x_wconf 81' lang='lat' dir='ltr'><strong>Deum</strong></span> <span class='ocrx_word' id='word_1_289' title='bbox 1741 3851 1904 3912; x_wconf 72' lang='lat' dir='ltr'><strong>videt,</strong></span> <span class='ocrx_word' id='word_1_290' title='bbox 1955 3852 2103 3904; x_wconf 92' lang='lat' dir='ltr'><strong>nullo</strong></span> 
     </span>
    </p>
   </div>
   <div class='ocr_carea' id='block_1_44' title="bbox 529 3938 2104 4008">
    <p class='ocr_par' dir='ltr' id='par_1_44' title="bbox 529 3938 2104 4008">
     <span class='ocr_line' id='line_1_44' title="bbox 529 3938 2104 4008; baseline 0.001 -16"><span class='ocrx_word' id='word_1_291' title='bbox 529 3953 693 3992; x_wconf 88' lang='lat' dir='ltr'><strong>sensu</strong></span> <span class='ocrx_word' id='word_1_292' title='bbox 732 3939 982 4008; x_wconf 88' lang='lat' dir='ltr'><strong>aspicere</strong></span> <span class='ocrx_word' id='word_1_293' title='bbox 1025 3938 1092 3991; x_wconf 89' lang='lat' dir='ltr'><strong>ad</strong></span> <span class='ocrx_word' id='word_1_294' title='bbox 1141 3949 1447 4008; x_wconf 83' lang='lat' dir='ltr'><strong>peccatum.</strong></span> <span class='ocrx_word' id='word_1_295' title='bbox 1509 3938 1680 3992; x_wconf 81' lang='lat' dir='ltr'><strong>Nemo</strong></span> <span class='ocrx_word' id='word_1_296' title='bbox 1725 3939 1870 3992; x_wconf 90' lang='lat' dir='ltr'><strong>enim</strong></span> <span class='ocrx_word' id='word_1_297' title='bbox 1925 3947 2104 4007; x_wconf 88' lang='lat' dir='ltr'><strong>potest</strong></span> 
     </span>
    </p>
   </div>
   <div class='ocr_carea' id='block_1_45' title="bbox 529 4028 2102 4100">
    <p class='ocr_par' dir='ltr' id='par_1_45' title="bbox 529 4028 2102 4100">
     <span class='ocr_line' id='line_1_45' title="bbox 529 4028 2102 4100; baseline 0.003 -19"><span class='ocrx_word' id='word_1_298' title='bbox 529 4028 598 4082; x_wconf 87' lang='lat' dir='ltr'><strong>ad</strong></span> <span class='ocrx_word' id='word_1_299' title='bbox 645 4029 784 4083; x_wconf 91' lang='lat' dir='ltr'><strong>duos</strong></span> <span class='ocrx_word' id='word_1_300' title='bbox 837 4029 1092 4084; x_wconf 87' lang='lat' dir='ltr'><strong>dominos</strong></span> <span class='ocrx_word' id='word_1_301' title='bbox 1151 4032 1421 4100; x_wconf 88' lang='lat' dir='ltr'><strong>aspicere,</strong></span> <span class='ocrx_word' id='word_1_302' title='bbox 1457 4031 1549 4084; x_wconf 89' lang='lat' dir='ltr'><strong>sed</strong></span> <span class='ocrx_word' id='word_1_303' title='bbox 1603 4039 1656 4083; x_wconf 88' lang='lat' dir='ltr'><strong>et</strong></span> <span class='ocrx_word' id='word_1_304' title='bbox 1696 4030 1919 4082; x_wconf 91' lang='lat' dir='ltr'><strong>omnino</strong></span> <span class='ocrx_word' id='word_1_305' title='bbox 1961 4046 2102 4086; x_wconf 92' lang='lat' dir='ltr'><strong>unus</strong></span> 
     </span>
    </p>
   </div>
   <div class='ocr_carea' id='block_1_46' title="bbox 523 4118 2100 4189">
    <p class='ocr_par' dir='ltr' id='par_1_46' title="bbox 523 4118 2100 4189">
     <span class='ocr_line' id='line_1_46' title="bbox 523 4118 2100 4189; baseline -0.003 -12"><span class='ocrx_word' id='word_1_306' title='bbox 523 4119 654 4177; x_wconf 87' lang='lat' dir='ltr'><strong>odio</strong></span> <span class='ocrx_word' id='word_1_307' title='bbox 681 4118 984 4180; x_wconf 84' lang='lat' dir='ltr'><strong>habendus,</strong></span> <span class='ocrx_word' id='word_1_308' title='bbox 1009 4120 1054 4174; x_wconf 89' lang='lat' dir='ltr'><strong>si</strong></span> <span class='ocrx_word' id='word_1_309' title='bbox 1079 4130 1162 4175; x_wconf 88' lang='lat' dir='ltr'><strong>est</strong></span> <span class='ocrx_word' id='word_1_310' title='bbox 1187 4121 1346 4175; x_wconf 88' lang='lat' dir='ltr'><strong>aliter</strong></span> <span class='ocrx_word' id='word_1_311' title='bbox 1367 4120 1704 4189; x_wconf 73' lang='lat' dir='ltr'><strong>diligendus.</strong></span> <span class='ocrx_word' id='word_1_312' title='bbox 1743 4118 1814 4171; x_wconf 80' lang='lat' dir='ltr'><strong>Ea</strong></span> <span class='ocrx_word' id='word_1_313' title='bbox 1838 4119 1906 4173; x_wconf 89' lang='lat' dir='ltr'><strong>de</strong></span> <span class='ocrx_word' id='word_1_314' title='bbox 1933 4135 2100 4176; x_wconf 88' lang='lat' dir='ltr'><strong>causa</strong></span> 
     </span>
    </p>
   </div>
   <div class='ocr_carea' id='block_1_47' title="bbox 530 4209 2100 4280">
    <p class='ocr_par' dir='ltr' id='par_1_47' title="bbox 530 4209 2100 4280">
     <span class='ocr_line' id='line_1_47' title="bbox 530 4209 2100 4280; baseline 0 -17"><span class='ocrx_word' id='word_1_315' title='bbox 530 4209 589 4264; x_wconf 81' lang='lat' dir='ltr'><strong>lit</strong></span> <span class='ocrx_word' id='word_1_316' title='bbox 637 4225 783 4264; x_wconf 90' lang='lat' dir='ltr'><strong>unus</strong></span> <span class='ocrx_word' id='word_1_317' title='bbox 836 4210 1010 4266; x_wconf 87' lang='lat' dir='ltr'><strong>lectus</strong></span> <span class='ocrx_word' id='word_1_318' title='bbox 1047 4212 1192 4280; x_wconf 69' lang='lat' dir='ltr'><strong>regis</strong></span> <span class='ocrx_word' id='word_1_319' title='bbox 1238 4211 1505 4280; x_wconf 90' lang='lat' dir='ltr'><strong>quidquid</strong></span> <span class='ocrx_word' id='word_1_320' title='bbox 1547 4219 1817 4265; x_wconf 75' lang='lat' dir='ltr'><strong>servatur.</strong></span> <span class='ocrx_word' id='word_1_321' title='bbox 1854 4209 1910 4263; x_wconf 90' lang='lat' dir='ltr'><strong>Si</strong></span> <span class='ocrx_word' id='word_1_322' title='bbox 1956 4210 2100 4264; x_wconf 87' lang='lat' dir='ltr'><strong>enim</strong></span> 
     </span>
    </p>
   </div>
   <div class='ocr_carea' id='block_1_48' title="bbox 525 4301 2097 4372">
    <p class='ocr_par' dir='ltr' id='par_1_48' title="bbox 525 4301 2097 4372">
     <span class='ocr_line' id='line_1_48' title="bbox 525 4301 2097 4372; baseline -0.001 -16"><span class='ocrx_word' id='word_1_323' title='bbox 525 4317 718 4358; x_wconf 81' lang='lat' dir='ltr'><strong>omnes</strong></span> <span class='ocrx_word' id='word_1_324' title='bbox 757 4301 926 4358; x_wconf 87' lang='lat' dir='ltr'><strong>Deum</strong></span> <span class='ocrx_word' id='word_1_325' title='bbox 973 4303 1236 4358; x_wconf 84' lang='lat' dir='ltr'><strong>videbunt</strong></span> <span class='ocrx_word' id='word_1_326' title='bbox 1282 4304 1374 4372; x_wconf 89' lang='lat' dir='ltr'><strong>qui</strong></span> <span class='ocrx_word' id='word_1_327' title='bbox 1411 4302 1611 4356; x_wconf 79' lang='lat' dir='ltr'><strong>fuerint</strong></span> <span class='ocrx_word' id='word_1_328' title='bbox 1646 4301 1811 4356; x_wconf 87' lang='lat' dir='ltr'><strong>corde</strong></span> <span class='ocrx_word' id='word_1_329' title='bbox 1864 4303 2097 4369; x_wconf 87' lang='lat' dir='ltr'><strong>mundo;</strong></span> 
     </span>
    </p>
   </div>
   <div class='ocr_carea' id='block_1_49' title="bbox 2215 470 3709 550">
    <p class='ocr_par' dir='ltr' id='par_1_49' title="bbox 2215 470 3709 550">
     <span class='ocr_line' id='line_1_49' title="bbox 2215 470 3709 550; baseline 0.007 -29"><span class='ocrx_word' id='word_1_330' title='bbox 2215 471 2267 521; x_wconf 83' lang='grc' dir='ltr'><strong>λε</strong></span> <span class='ocrx_word' id='word_1_331' title='bbox 2279 472 2482 538; x_wconf 79' lang='grc' dir='ltr'>μι-σταὶ,</span> <span class='ocrx_word' id='word_1_332' title='bbox 2505 470 2865 540; x_wconf 74' lang='grc' dir='ltr'><strong>δεδιδαγμένοι</strong></span> <span class='ocrx_word' id='word_1_333' title='bbox 2894 470 3125 540; x_wconf 80' lang='grc' dir='ltr'>πόλεμον</span> <span class='ocrx_word' id='word_1_334' title='bbox 3156 473 3257 523; x_wconf 75' lang='grc' dir='ltr'><strong>ἀπὸ</strong></span> <span class='ocrx_word' id='word_1_335' title='bbox 3283 473 3491 528; x_wconf 78' lang='grc' dir='ltr'>δυνατῶν</span> <span class='ocrx_word' id='word_1_336' title='bbox 3519 477 3709 550; x_wconf 62' lang='grc' dir='ltr'>Ἰσραὴλ,</span> 
     </span>
    </p>
   </div>
   <div class='ocr_carea' id='block_1_50' title="bbox 2214 560 3710 635">
    <p class='ocr_par' dir='ltr' id='par_1_50' title="bbox 2214 560 3710 635">
     <span class='ocr_line' id='line_1_50' title="bbox 2214 560 3710 635; baseline 0.005 -22"><span class='ocrx_word' id='word_1_337' title='bbox 2214 563 2455 630; x_wconf 77' lang='grc' dir='ltr'><strong>αἴροντες</strong></span> <span class='ocrx_word' id='word_1_338' title='bbox 2497 561 2783 630; x_wconf 56' lang='grc' dir='ltr'>ῥομφαίαν,</span> <span class='ocrx_word' id='word_1_339' title='bbox 2822 561 2919 629; x_wconf 73' lang='grc' dir='ltr'>τὴν</span> <span class='ocrx_word' id='word_1_340' title='bbox 2953 560 3102 612; x_wconf 79' lang='grc' dir='ltr'>Θείαν</span> <span class='ocrx_word' id='word_1_341' title='bbox 3139 560 3316 629; x_wconf 90' lang='grc' dir='ltr'>κλίνην</span> <span class='ocrx_word' id='word_1_342' title='bbox 3361 567 3710 635; x_wconf 78' lang='grc' dir='ltr'>περιστοιχίζον-</span> 
     </span>
    </p>
   </div>
   <div class='ocr_carea' id='block_1_51' title="bbox 2212 649 3715 719">
    <p class='ocr_par' dir='ltr' id='par_1_51' title="bbox 2212 649 3715 719">
     <span class='ocr_line' id='line_1_51' title="bbox 2212 649 3715 719; baseline 0.009 -20"><span class='ocrx_word' id='word_1_343' title='bbox 2212 671 2322 715; x_wconf 79' lang='grc' dir='ltr'>τες.</span> <span class='ocrx_word' id='word_1_344' title='bbox 2353 649 2453 703; x_wconf 81' lang='grc' dir='ltr'>Ὧν</span> <span class='ocrx_word' id='word_1_345' title='bbox 2493 652 2577 704; x_wconf 67' lang='grc' dir='ltr'><strong>διὸ⁴</strong></span> <span class='ocrx_word' id='word_1_346' title='bbox 2626 652 2780 704; x_wconf 73' lang='grc' dir='ltr'>τοῦτο</span> <span class='ocrx_word' id='word_1_347' title='bbox 2825 652 2996 713; x_wconf 72' lang='grc' dir='ltr'>οὐδεὶς</span> <span class='ocrx_word' id='word_1_348' title='bbox 3041 653 3334 719; x_wconf 67' lang='grc' dir='ltr'>ἀπόϐλητος</span> <span class='ocrx_word' id='word_1_349' title='bbox 3381 654 3582 718; x_wconf 82' lang='grc' dir='ltr'>γίνεται,</span> <span class='ocrx_word' id='word_1_350' title='bbox 3611 657 3715 712; x_wconf 70' lang='grc' dir='ltr'>διότι</span> 
     </span>
    </p>
   </div>
   <div class='ocr_carea' id='block_1_52' title="bbox 2216 740 3714 819">
    <p class='ocr_par' dir='ltr' id='par_1_52' title="bbox 2216 740 3714 819">
     <span class='ocr_line' id='line_1_52' title="bbox 2216 740 3714 819; baseline 0.005 -25"><span class='ocrx_word' id='word_1_351' title='bbox 2216 745 2390 812; x_wconf 70' lang='grc' dir='ltr'>πάσης</span> <span class='ocrx_word' id='word_1_352' title='bbox 2431 744 2599 812; x_wconf 68' lang='grc' dir='ltr'>φυλῆς</span> <span class='ocrx_word' id='word_1_353' title='bbox 2625 743 2864 812; x_wconf 74' lang='grc' dir='ltr'>ἀπαρχὴ,</span> <span class='ocrx_word' id='word_1_354' title='bbox 2914 744 2962 795; x_wconf 79' lang='grc' dir='ltr'>οἱ</span> <span class='ocrx_word' id='word_1_355' title='bbox 3011 743 3168 794; x_wconf 84' lang='grc' dir='ltr'>πέντε</span> <span class='ocrx_word' id='word_1_356' title='bbox 3201 743 3439 809; x_wconf 75' lang='grc' dir='ltr'>γίνονται,</span> <span class='ocrx_word' id='word_1_357' title='bbox 3475 740 3540 798; x_wconf 81' lang='grc' dir='ltr'>ὧν</span> <span class='ocrx_word' id='word_1_358' title='bbox 3575 749 3714 819; x_wconf 77' lang='grc' dir='ltr'>ὁάρι-</span> 
     </span>
    </p>
   </div>
   <div class='ocr_carea' id='block_1_53' title="bbox 2147 834 3718 907">
    <p class='ocr_par' dir='ltr' id='par_1_53' title="bbox 2147 834 3718 907">
     <span class='ocr_line' id='line_1_53' title="bbox 2147 834 3718 907; baseline 0.004 -22"><span class='ocrx_word' id='word_1_359' title='bbox 2147 835 2172 842; x_wconf 73' lang='grc'><strong>’”</strong></span> <span class='ocrx_word' id='word_1_360' title='bbox 2213 834 2346 902; x_wconf 73' lang='grc' dir='ltr'>Ομδς</span> <span class='ocrx_word' id='word_1_361' title='bbox 2376 835 2668 898; x_wconf 69' lang='grc' dir='ltr'>δωδεκάκις</span> <span class='ocrx_word' id='word_1_362' title='bbox 2700 835 3178 904; x_wconf 54' lang='grc' dir='ltr'>κεραλαιούμενος,</span> <span class='ocrx_word' id='word_1_363' title='bbox 3217 836 3274 886; x_wconf 74' lang='grc' dir='ltr'>τὸ</span> <span class='ocrx_word' id='word_1_364' title='bbox 3324 837 3566 907; x_wconf 69' lang='grc' dir='ltr'>πλήρωμα</span> <span class='ocrx_word' id='word_1_365' title='bbox 3608 844 3718 892; x_wconf 83' lang='grc' dir='ltr'>ποιεῖ</span> 
     </span>
    </p>
   </div>
   <div class='ocr_carea' id='block_1_54' title="bbox 2211 927 3720 998">
    <p class='ocr_par' dir='ltr' id='par_1_54' title="bbox 2211 927 3720 998">
     <span class='ocr_line' id='line_1_54' title="bbox 2211 927 3720 998; baseline 0 -20"><span class='ocrx_word' id='word_1_366' title='bbox 2211 930 2316 979; x_wconf 70' lang='grc' dir='ltr'>τῶν</span> <span class='ocrx_word' id='word_1_367' title='bbox 2349 929 2625 996; x_wconf 78' lang='grc' dir='ltr'>ἑξήκοντα.</span> <span class='ocrx_word' id='word_1_368' title='bbox 2667 929 2784 997; x_wconf 76' lang='grc' dir='ltr'><strong>Χρὴ</strong></span> <span class='ocrx_word' id='word_1_369' title='bbox 2827 927 3000 978; x_wconf 78' lang='grc' dir='ltr'>τοίνυν</span> <span class='ocrx_word' id='word_1_370' title='bbox 3046 927 3204 978; x_wconf 84' lang='grc' dir='ltr'>πέντε</span> <span class='ocrx_word' id='word_1_371' title='bbox 3235 927 3320 994; x_wconf 62' lang='grc' dir='ltr'><strong>ἀφ’</strong></span> <span class='ocrx_word' id='word_1_372' title='bbox 3345 928 3553 993; x_wconf 71' lang='grc' dir='ltr'>ἑκάστης</span> <span class='ocrx_word' id='word_1_373' title='bbox 3585 929 3720 998; x_wconf 75' lang='grc' dir='ltr'>φυλῆς</span> 
     </span>
    </p>
   </div>
   <div class='ocr_carea' id='block_1_55' title="bbox 2215 1017 3720 1090">
    <p class='ocr_par' dir='ltr' id='par_1_55' title="bbox 2215 1017 3720 1090">
     <span class='ocr_line' id='line_1_55' title="bbox 2215 1017 3720 1090; baseline 0 -19"><span class='ocrx_word' id='word_1_374' title='bbox 2215 1019 2475 1090; x_wconf 69' lang='grc' dir='ltr'>φοϐεροὺς</span> <span class='ocrx_word' id='word_1_375' title='bbox 2502 1019 2838 1088; x_wconf 79' lang='grc' dir='ltr'>δπλομάχους</span> <span class='ocrx_word' id='word_1_376' title='bbox 2869 1017 3110 1086; x_wconf 78' lang='grc' dir='ltr'>φύλακας</span> <span class='ocrx_word' id='word_1_377' title='bbox 3138 1021 3234 1087; x_wconf 81' lang='grc' dir='ltr'>τῆς</span> <span class='ocrx_word' id='word_1_378' title='bbox 3256 1019 3343 1070; x_wconf 75' lang='grc' dir='ltr'>τοῦ</span> <span class='ocrx_word' id='word_1_379' title='bbox 3382 1019 3610 1088; x_wconf 81' lang='grc' dir='ltr'>βασιλέως</span> <span class='ocrx_word' id='word_1_380' title='bbox 3632 1020 3720 1073; x_wconf 80' lang='grc' dir='ltr'>κλί-</span> 
     </span>
    </p>
   </div>
   <div class='ocr_carea' id='block_1_56' title="bbox 2212 1110 3722 1182">
    <p class='ocr_par' dir='ltr' id='par_1_56' title="bbox 2212 1110 3722 1182">
     <span class='ocr_line' id='line_1_56' title="bbox 2212 1110 3722 1182; baseline -0.001 -18"><span class='ocrx_word' id='word_1_381' title='bbox 2212 1129 2308 1182; x_wconf 89' lang='grc' dir='ltr'><strong>νης</strong></span> <span class='ocrx_word' id='word_1_382' title='bbox 2337 1110 2606 1179; x_wconf 81' lang='grc' dir='ltr'>γενέσθαι,</span> <span class='ocrx_word' id='word_1_383' title='bbox 2637 1111 2711 1172; x_wconf 84' lang='grc' dir='ltr'>ὡς</span> <span class='ocrx_word' id='word_1_384' title='bbox 2744 1112 2854 1178; x_wconf 80' lang='grc' dir='ltr'>εἴγε</span> <span class='ocrx_word' id='word_1_385' title='bbox 2889 1111 3058 1162; x_wconf 80' lang='grc' dir='ltr'>λείποι</span> <span class='ocrx_word' id='word_1_386' title='bbox 3107 1110 3184 1180; x_wconf 79' lang='grc' dir='ltr'>τῷ</span> <span class='ocrx_word' id='word_1_387' title='bbox 3228 1112 3432 1182; x_wconf 80' lang='grc' dir='ltr'>ἀριθμῷ</span> <span class='ocrx_word' id='word_1_388' title='bbox 3461 1112 3555 1166; x_wconf 83' lang='grc' dir='ltr'>τῶν</span> <span class='ocrx_word' id='word_1_389' title='bbox 3582 1113 3722 1180; x_wconf 82' lang='grc' dir='ltr'>πέντε,</span> 
     </span>
    </p>
   </div>
   <div class='ocr_carea' id='block_1_57' title="bbox 2215 1197 3315 1272">
    <p class='ocr_par' dir='ltr' id='par_1_57' title="bbox 2215 1197 3315 1272">
     <span class='ocr_line' id='line_1_57' title="bbox 2215 1197 3315 1272; baseline 0 -18"><span class='ocrx_word' id='word_1_390' title='bbox 2215 1201 2586 1272; x_wconf 74' lang='grc' dir='ltr'>ἁπαρὰδεκτον</span> <span class='ocrx_word' id='word_1_391' title='bbox 2618 1197 2753 1253; x_wconf 76' lang='grc' dir='ltr'>εἶναι</span> <span class='ocrx_word' id='word_1_392' title='bbox 2781 1199 2872 1253; x_wconf 84' lang='grc' dir='ltr'><strong>καὶ</strong></span> <span class='ocrx_word' id='word_1_393' title='bbox 2897 1201 2956 1252; x_wconf 76' lang='grc' dir='ltr'>τὸ</span> <span class='ocrx_word' id='word_1_394' title='bbox 2984 1201 3315 1270; x_wconf 78' lang='grc' dir='ltr'>λειπόμενον.</span> 
     </span>
    </p>
   </div>
   <div class='ocr_carea' id='block_1_58' title="bbox 2284 1372 3726 1450">
    <p class='ocr_par' dir='ltr' id='par_1_58' title="bbox 2284 1372 3726 1450">
     <span class='ocr_line' id='line_1_58' title="bbox 2284 1372 3726 1450; baseline -0.001 -20"><span class='ocrx_word' id='word_1_395' title='bbox 2284 1372 2432 1450; x_wconf 72' lang='grc' dir='ltr'><strong>Ἀρά</strong></span> <span class='ocrx_word' id='word_1_396' title='bbox 2459 1380 2575 1430; x_wconf 88' lang='grc' dir='ltr'>ὲστι</span> <span class='ocrx_word' id='word_1_397' title='bbox 2605 1379 3009 1450; x_wconf 81' lang='grc' dir='ltr'>κατατολμῆσαι</span> <span class='ocrx_word' id='word_1_398' title='bbox 3040 1377 3225 1430; x_wconf 79' lang='grc' dir='ltr'>λοιπὸν</span> <span class='ocrx_word' id='word_1_399' title='bbox 3255 1376 3344 1429; x_wconf 80' lang='grc' dir='ltr'>τοῦ</span> <span class='ocrx_word' id='word_1_400' title='bbox 3380 1377 3726 1448; x_wconf 68' lang='grc' dir='ltr'>ἐνθυμήματοςς</span> 
     </span>
    </p>
   </div>
   <div class='ocr_carea' id='block_1_59' title="bbox 2219 1465 3730 1539">
    <p class='ocr_par' dir='ltr' id='par_1_59' title="bbox 2219 1465 3730 1539">
     <span class='ocr_line' id='line_1_59' title="bbox 2219 1465 3730 1539; baseline -0.002 -18"><span class='ocrx_word' id='word_1_401' title='bbox 2219 1465 2345 1529; x_wconf 76' lang='grc' dir='ltr'>Πῶς</span> <span class='ocrx_word' id='word_1_402' title='bbox 2401 1465 2506 1535; x_wconf 63' lang='grc' dir='ltr'><strong>ἀφ’</strong></span> <span class='ocrx_word' id='word_1_403' title='bbox 2533 1466 2768 1536; x_wconf 73' lang='grc' dir='ltr'>ἑκάστης</span> <span class='ocrx_word' id='word_1_404' title='bbox 2795 1469 2967 1539; x_wconf 77' lang='grc' dir='ltr'>φυλῆς</span> <span class='ocrx_word' id='word_1_405' title='bbox 3008 1471 3056 1521; x_wconf 77' lang='grc' dir='ltr'>οἱ</span> <span class='ocrx_word' id='word_1_406' title='bbox 3098 1469 3257 1520; x_wconf 80' lang='grc' dir='ltr'>πέντε</span> <span class='ocrx_word' id='word_1_407' title='bbox 3317 1467 3632 1528; x_wconf 73' lang='grc' dir='ltr'><strong>ὁπλίζονται,</strong></span> <span class='ocrx_word' id='word_1_408' title='bbox 3661 1469 3730 1519; x_wconf 80' lang='grc' dir='ltr'>ἵνα</span> 
     </span>
    </p>
   </div>
   <div class='ocr_carea' id='block_1_60' title="bbox 2217 1557 3728 1628">
    <p class='ocr_par' dir='ltr' id='par_1_60' title="bbox 2217 1557 3728 1628">
     <span class='ocr_line' id='line_1_60' title="bbox 2217 1557 3728 1628; baseline 0.002 -19"><span class='ocrx_word' id='word_1_409' title='bbox 2217 1558 2313 1627; x_wconf 79' lang='grc' dir='ltr'><strong>τῆς</strong></span> <span class='ocrx_word' id='word_1_410' title='bbox 2343 1557 2622 1626; x_wconf 78' lang='grc' dir='ltr'><strong>βασιλικῆς</strong></span> <span class='ocrx_word' id='word_1_411' title='bbox 2665 1558 2850 1628; x_wconf 87' lang='grc' dir='ltr'>κλίνης</span> <span class='ocrx_word' id='word_1_412' title='bbox 2887 1559 3127 1627; x_wconf 74' lang='grc' dir='ltr'>φύλακες</span> <span class='ocrx_word' id='word_1_413' title='bbox 3157 1561 3442 1626; x_wconf 74' lang='grc' dir='ltr'>γένωνταις</span> <span class='ocrx_word' id='word_1_414' title='bbox 3473 1559 3584 1620; x_wconf 79' lang='grc' dir='ltr'>Πῶς</span> <span class='ocrx_word' id='word_1_415' title='bbox 3623 1561 3728 1613; x_wconf 80' lang='grc' dir='ltr'>ἑκα-</span> 
     </span>
    </p>
   </div>
   <div class='ocr_carea' id='block_1_61' title="bbox 2222 1651 3726 1725">
    <p class='ocr_par' dir='ltr' id='par_1_61' title="bbox 2222 1651 3726 1725">
     <span class='ocr_line' id='line_1_61' title="bbox 2222 1651 3726 1725; baseline 0.001 -23"><span class='ocrx_word' id='word_1_416' title='bbox 2222 1667 2345 1713; x_wconf 88' lang='grc' dir='ltr'>στος</span> <span class='ocrx_word' id='word_1_417' title='bbox 2382 1651 2488 1702; x_wconf 78' lang='grc' dir='ltr'><strong>τῶν</strong></span> <span class='ocrx_word' id='word_1_418' title='bbox 2523 1651 2681 1704; x_wconf 76' lang='grc' dir='ltr'>πέντε</span> <span class='ocrx_word' id='word_1_419' title='bbox 2712 1652 2944 1716; x_wconf 78' lang='grc' dir='ltr'>τούτων,</span> <span class='ocrx_word' id='word_1_420' title='bbox 2991 1654 3220 1725; x_wconf 73' lang='grc' dir='ltr'>φοϐερὸς</span> <span class='ocrx_word' id='word_1_421' title='bbox 3246 1657 3354 1715; x_wconf 83' lang='grc' dir='ltr'>τοῖς</span> <span class='ocrx_word' id='word_1_422' title='bbox 3398 1653 3726 1722; x_wconf 78' lang='grc' dir='ltr'>ἀντιτεταγμέ-</span> 
     </span>
    </p>
   </div>
   <div class='ocr_carea' id='block_1_62' title="bbox 2148 1727 3730 1816">
    <p class='ocr_par' dir='ltr' id='par_1_62' title="bbox 2148 1727 3730 1816">
     <span class='ocr_line' id='line_1_62' title="bbox 2148 1727 3730 1816; baseline 0.001 -21"><span class='ocrx_word' id='word_1_423' title='bbox 2148 1727 2188 1778; x_wconf 73' lang='grc' dir='ltr'><strong><em>Β</em></strong></span> <span class='ocrx_word' id='word_1_424' title='bbox 2222 1761 2330 1806; x_wconf 85' lang='grc' dir='ltr'>νοις</span> <span class='ocrx_word' id='word_1_425' title='bbox 2358 1743 2444 1796; x_wconf 77' lang='grc' dir='ltr'>διὰ</span> <span class='ocrx_word' id='word_1_426' title='bbox 2490 1745 2585 1810; x_wconf 71' lang='grc' dir='ltr'>τῆς</span> <span class='ocrx_word' id='word_1_427' title='bbox 2630 1745 2894 1808; x_wconf 75' lang='grc' dir='ltr'>ὁπλίσεως</span> <span class='ocrx_word' id='word_1_428' title='bbox 2934 1747 3171 1813; x_wconf 87' lang='grc' dir='ltr'>γίνεται,</span> <span class='ocrx_word' id='word_1_429' title='bbox 3224 1747 3318 1815; x_wconf 82' lang='grc' dir='ltr'><strong>τὴν</strong></span> <span class='ocrx_word' id='word_1_430' title='bbox 3369 1747 3619 1816; x_wconf 66' lang='grc' dir='ltr'>ῥομφαίαν</span> <span class='ocrx_word' id='word_1_431' title='bbox 3660 1745 3730 1797; x_wconf 80' lang='grc' dir='ltr'>τοῦ</span> 
     </span>
    </p>
   </div>
   <div class='ocr_carea' id='block_1_63' title="bbox 2224 1833 3734 1907">
    <p class='ocr_par' dir='ltr' id='par_1_63' title="bbox 2224 1833 3734 1907">
     <span class='ocr_line' id='line_1_63' title="bbox 2224 1833 3734 1907; baseline 0.001 -20"><span class='ocrx_word' id='word_1_432' title='bbox 2224 1834 2398 1905; x_wconf 77' lang='grc' dir='ltr'>μηροῦ</span> <span class='ocrx_word' id='word_1_433' title='bbox 2465 1835 2922 1905; x_wconf 54' lang='grc' dir='ltr'>πωϐαλλόμενος</span> <span class='ocrx_word' id='word_1_434' title='bbox 2967 1839 3035 1890; x_wconf 84' lang='grc' dir='ltr'>Ἣ</span> <span class='ocrx_word' id='word_1_435' title='bbox 3087 1837 3243 1907; x_wconf 78' lang='grc' dir='ltr'>δῆλόν</span> <span class='ocrx_word' id='word_1_436' title='bbox 3295 1839 3465 1900; x_wconf 81' lang='grc' dir='ltr'>ἐστιν,</span> <span class='ocrx_word' id='word_1_437' title='bbox 3514 1839 3585 1890; x_wconf 82' lang='grc' dir='ltr'><strong>ὃτι</strong></span> <span class='ocrx_word' id='word_1_438' title='bbox 3621 1841 3644 1890; x_wconf 78' lang='grc' dir='ltr'>δ</span> <span class='ocrx_word' id='word_1_439' title='bbox 3675 1833 3734 1900; x_wconf 74' lang='grc' dir='ltr'>εἷς</span> 
     </span>
    </p>
   </div>
   <div class='ocr_carea' id='block_1_64' title="bbox 2220 1920 3734 1998">
    <p class='ocr_par' dir='ltr' id='par_1_64' title="bbox 2220 1920 3734 1998">
     <span class='ocr_line' id='line_1_64' title="bbox 2220 1920 3734 1998; baseline 0.001 -19"><span class='ocrx_word' id='word_1_440' title='bbox 2220 1927 2383 1988; x_wconf 78' lang='grc' dir='ltr'>λίϐος,</span> <span class='ocrx_word' id='word_1_441' title='bbox 2414 1930 2460 1979; x_wconf 78' lang='grc' dir='ltr'>οἱ</span> <span class='ocrx_word' id='word_1_442' title='bbox 2509 1929 2665 1978; x_wconf 76' lang='grc' dir='ltr'>πέντε</span> <span class='ocrx_word' id='word_1_443' title='bbox 2701 1928 2913 1981; x_wconf 74' lang='grc' dir='ltr'>ὁπλῖται</span> <span class='ocrx_word' id='word_1_444' title='bbox 2959 1920 3105 1980; x_wconf 72' lang='grc' dir='ltr'>οὗτοί</span> <span class='ocrx_word' id='word_1_445' title='bbox 3139 1931 3276 1981; x_wconf 84' lang='grc' dir='ltr'>εἰσιν</span> <span class='ocrx_word' id='word_1_446' title='bbox 3323 1930 3548 1996; x_wconf 78' lang='grc' dir='ltr'>ἑκάστης</span> <span class='ocrx_word' id='word_1_447' title='bbox 3582 1929 3734 1998; x_wconf 77' lang='grc' dir='ltr'>αἰσθή-</span> 
     </span>
    </p>
   </div>
   <div class='ocr_carea' id='block_1_65' title="bbox 2222 2003 3734 2091">
    <p class='ocr_par' dir='ltr' id='par_1_65' title="bbox 2222 2003 3734 2091">
     <span class='ocr_line' id='line_1_65' title="bbox 2222 2003 3734 2091; baseline 0 -19"><span class='ocrx_word' id='word_1_448' title='bbox 2222 2037 2389 2082; x_wconf 84' lang='grc' dir='ltr'>σεως,</span> <span class='ocrx_word' id='word_1_449' title='bbox 2438 2019 2534 2088; x_wconf 72' lang='grc' dir='ltr'><strong>τὴν</strong></span> <span class='ocrx_word' id='word_1_450' title='bbox 2589 2021 2890 2088; x_wconf 71' lang='grc' dir='ltr'>πρόσφορον</span> <span class='ocrx_word' id='word_1_451' title='bbox 2939 2022 3104 2091; x_wconf 80' lang='grc' dir='ltr'>ἑαυτῇ</span> <span class='ocrx_word' id='word_1_452' title='bbox 3169 2023 3441 2091; x_wconf 71' lang='grc' dir='ltr'>ῥομφαίαν</span> <span class='ocrx_word' id='word_1_453' title='bbox 3494 2003 3565 2084; x_wconf 64' lang='grc' dir='ltr'><strong>είς</strong></span> <span class='ocrx_word' id='word_1_454' title='bbox 3602 2020 3734 2073; x_wconf 71' lang='grc' dir='ltr'>κατὰ·</span> 
     </span>
    </p>
   </div>
   <div class='ocr_carea' id='block_1_66' title="bbox 2219 2108 3736 2180">
    <p class='ocr_par' dir='ltr' id='par_1_66' title="bbox 2219 2108 3736 2180">
     <span class='ocr_line' id='line_1_66' title="bbox 2219 2108 3736 2180; baseline -0.001 -18"><span class='ocrx_word' id='word_1_455' title='bbox 2219 2109 2412 2180; x_wconf 81' lang='grc' dir='ltr'>πληξιν</span> <span class='ocrx_word' id='word_1_456' title='bbox 2465 2108 2571 2161; x_wconf 81' lang='grc' dir='ltr'><strong>τῶν</strong></span> <span class='ocrx_word' id='word_1_457' title='bbox 2626 2109 2879 2162; x_wconf 78' lang='grc' dir='ltr'>ἐναντίων</span> <span class='ocrx_word' id='word_1_458' title='bbox 2929 2109 3402 2180; x_wconf 73' lang='grc' dir='ltr'>προϐαλλομένηςς</span> <span class='ocrx_word' id='word_1_459' title='bbox 3475 2108 3736 2177; x_wconf 61' lang='grc' dir='ltr'>Ὀςοαλμοῦ</span> 
     </span>
    </p>
   </div>
   <div class='ocr_carea' id='block_1_67' title="bbox 2219 2196 3739 2272">
    <p class='ocr_par' dir='ltr' id='par_1_67' title="bbox 2219 2196 3739 2272">
     <span class='ocr_line' id='line_1_67' title="bbox 2219 2196 3739 2272; baseline -0.006 -18"><span class='ocrx_word' id='word_1_460' title='bbox 2219 2201 2460 2272; x_wconf 67' lang='grc' dir='ltr'>ῥομφαία</span> <span class='ocrx_word' id='word_1_461' title='bbox 2505 2199 2565 2251; x_wconf 84' lang='grc' dir='ltr'><strong>τὸ</strong></span> <span class='ocrx_word' id='word_1_462' title='bbox 2614 2200 2898 2263; x_wconf 71' lang='grc' dir='ltr'>διαπαντὸς</span> <span class='ocrx_word' id='word_1_463' title='bbox 2944 2202 3076 2270; x_wconf 74' lang='grc' dir='ltr'>ὁρᾷν</span> <span class='ocrx_word' id='word_1_464' title='bbox 3123 2201 3258 2271; x_wconf 72' lang='grc' dir='ltr'>πρδς</span> <span class='ocrx_word' id='word_1_465' title='bbox 3297 2200 3385 2252; x_wconf 74' lang='grc' dir='ltr'>τὸν</span> <span class='ocrx_word' id='word_1_466' title='bbox 3423 2198 3640 2268; x_wconf 76' lang='grc' dir='ltr'>Κύριον,</span> <span class='ocrx_word' id='word_1_467' title='bbox 3666 2196 3739 2248; x_wconf 65' lang='grc' dir='ltr'>καὶ</span> 
     </span>
    </p>
   </div>
   <div class='ocr_carea' id='block_1_68' title="bbox 2216 2289 3742 2362">
    <p class='ocr_par' dir='ltr' id='par_1_68' title="bbox 2216 2289 3742 2362">
     <span class='ocr_line' id='line_1_68' title="bbox 2216 2289 3742 2362; baseline -0.005 -18"><span class='ocrx_word' id='word_1_468' title='bbox 2216 2291 2353 2362; x_wconf 74' lang='grc' dir='ltr'><strong>ὀρθὰ</strong></span> <span class='ocrx_word' id='word_1_469' title='bbox 2393 2289 2641 2360; x_wconf 81' lang='grc' dir='ltr'>βλέπειν,</span> <span class='ocrx_word' id='word_1_470' title='bbox 2678 2291 2769 2343; x_wconf 65' lang='grc' dir='ltr'><strong>καὶ</strong></span> <span class='ocrx_word' id='word_1_471' title='bbox 2819 2291 3004 2360; x_wconf 72' lang='grc' dir='ltr'>μηδενὶ</span> <span class='ocrx_word' id='word_1_472' title='bbox 3038 2290 3147 2344; x_wconf 84' lang='grc' dir='ltr'><strong>τῶν</strong></span> <span class='ocrx_word' id='word_1_473' title='bbox 3203 2290 3462 2362; x_wconf 77' lang='grc' dir='ltr'>ῥυπαρῶν</span> <span class='ocrx_word' id='word_1_474' title='bbox 3499 2289 3742 2357; x_wconf 79' lang='grc' dir='ltr'>Θεαμὰτων</span> 
     </span>
    </p>
   </div>
   <div class='ocr_carea' id='block_1_69' title="bbox 2216 2375 3741 2450">
    <p class='ocr_par' dir='ltr' id='par_1_69' title="bbox 2216 2375 3741 2450">
     <span class='ocr_line' id='line_1_69' title="bbox 2216 2375 3741 2450; baseline -0.007 -16"><span class='ocrx_word' id='word_1_475' title='bbox 2216 2379 2701 2450; x_wconf 81' lang='grc' dir='ltr'>καταμολύνεσοαι.</span> <span class='ocrx_word' id='word_1_476' title='bbox 2765 2379 2958 2449; x_wconf 60' lang='grc' dir='ltr'><strong>’.μὶκοῆς</strong></span> <span class='ocrx_word' id='word_1_477' title='bbox 3015 2379 3178 2432; x_wconf 78' lang='grc' dir='ltr'>ὅπλον</span> <span class='ocrx_word' id='word_1_478' title='bbox 3229 2379 3487 2440; x_wconf 76' lang='grc' dir='ltr'>ὡσαύτως</span> <span class='ocrx_word' id='word_1_479' title='bbox 3535 2379 3566 2447; x_wconf 81' lang='grc' dir='ltr'>ἡ</span> <span class='ocrx_word' id='word_1_480' title='bbox 3615 2375 3741 2428; x_wconf 80' lang='grc' dir='ltr'>Θείων</span> 
     </span>
    </p>
   </div>
   <div class='ocr_carea' id='block_1_70' title="bbox 2216 2469 3744 2540">
    <p class='ocr_par' dir='ltr' id='par_1_70' title="bbox 2216 2469 3744 2540">
     <span class='ocr_line' id='line_1_70' title="bbox 2216 2469 3744 2540; baseline -0.005 -16"><span class='ocrx_word' id='word_1_481' title='bbox 2216 2471 2558 2540; x_wconf 78' lang='grc' dir='ltr'>διδαγμάτων</span> <span class='ocrx_word' id='word_1_482' title='bbox 2609 2471 2902 2540; x_wconf 80' lang='grc' dir='ltr'>ἀκρόασις,</span> <span class='ocrx_word' id='word_1_483' title='bbox 2971 2470 3064 2524; x_wconf 77' lang='grc' dir='ltr'><strong>καὶ</strong></span> <span class='ocrx_word' id='word_1_484' title='bbox 3121 2472 3184 2525; x_wconf 82' lang='grc' dir='ltr'><strong>τὸ</strong></span> <span class='ocrx_word' id='word_1_485' title='bbox 3242 2470 3511 2539; x_wconf 78' lang='grc' dir='ltr'>μηδέποτε</span> <span class='ocrx_word' id='word_1_486' title='bbox 3559 2469 3744 2538; x_wconf 75' lang='grc' dir='ltr'>μάταιον</span> 
     </span>
    </p>
   </div>
   <div class='ocr_carea' id='block_1_71' title="bbox 2218 2557 3747 2634">
    <p class='ocr_par' dir='ltr' id='par_1_71' title="bbox 2218 2557 3747 2634">
     <span class='ocr_line' id='line_1_71' title="bbox 2218 2557 3747 2634; baseline -0.001 -19"><span class='ocrx_word' id='word_1_487' title='bbox 2218 2563 2371 2631; x_wconf 83' lang='grc' dir='ltr'>λόγον</span> <span class='ocrx_word' id='word_1_488' title='bbox 2404 2564 2462 2616; x_wconf 85' lang='grc' dir='ltr'><strong>ἑν</strong></span> <span class='ocrx_word' id='word_1_489' title='bbox 2507 2565 2640 2634; x_wconf 73' lang='grc' dir='ltr'>αὐτῇ</span> <span class='ocrx_word' id='word_1_490' title='bbox 2685 2564 2959 2630; x_wconf 77' lang='grc' dir='ltr'>δέξασθαι.</span> <span class='ocrx_word' id='word_1_491' title='bbox 3004 2562 3193 2627; x_wconf 78' lang='grc' dir='ltr'>Οὕτως</span> <span class='ocrx_word' id='word_1_492' title='bbox 3237 2557 3390 2613; x_wconf 68' lang='grc' dir='ltr'>ἔστιν</span> <span class='ocrx_word' id='word_1_493' title='bbox 3430 2561 3630 2616; x_wconf 79' lang='grc' dir='ltr'>ὁπλίσαι</span> <span class='ocrx_word' id='word_1_494' title='bbox 3673 2560 3747 2611; x_wconf 81' lang='grc' dir='ltr'>καὶ</span> 
     </span>
    </p>
   </div>
   <div class='ocr_carea' id='block_1_72' title="bbox 2213 2651 3750 2728">
    <p class='ocr_par' dir='ltr' id='par_1_72' title="bbox 2213 2651 3750 2728">
     <span class='ocr_line' id='line_1_72' title="bbox 2213 2651 3750 2728; baseline 0 -18"><span class='ocrx_word' id='word_1_495' title='bbox 2213 2657 2310 2728; x_wconf 82' lang='grc' dir='ltr'>τὴν</span> <span class='ocrx_word' id='word_1_496' title='bbox 2339 2656 2545 2725; x_wconf 75' lang='grc' dir='ltr'>γεῦσιν,</span> <span class='ocrx_word' id='word_1_497' title='bbox 2591 2658 2684 2710; x_wconf 72' lang='grc' dir='ltr'><strong>καὶ</strong></span> <span class='ocrx_word' id='word_1_498' title='bbox 2719 2657 2816 2725; x_wconf 76' lang='grc' dir='ltr'>τὴν</span> <span class='ocrx_word' id='word_1_499' title='bbox 2855 2658 3020 2727; x_wconf 79' lang='grc' dir='ltr'>ἁφὴν,</span> <span class='ocrx_word' id='word_1_500' title='bbox 3047 2657 3143 2712; x_wconf 78' lang='grc' dir='ltr'>καὶ</span> <span class='ocrx_word' id='word_1_501' title='bbox 3173 2657 3275 2727; x_wconf 78' lang='grc' dir='ltr'>τὴν</span> <span class='ocrx_word' id='word_1_502' title='bbox 3306 2655 3565 2725; x_wconf 74' lang='grc' dir='ltr'>ὄσφρησιν</span> <span class='ocrx_word' id='word_1_503' title='bbox 3592 2655 3646 2722; x_wconf 78' lang='grc' dir='ltr'>τῇ</span> <span class='ocrx_word' id='word_1_504' title='bbox 3672 2651 3750 2720; x_wconf 76' lang='grc' dir='ltr'><strong>τῆς</strong></span> 
     </span>
    </p>
   </div>
   <div class='ocr_carea' id='block_1_73' title="bbox 2212 2744 3749 2822">
    <p class='ocr_par' dir='ltr' id='par_1_73' title="bbox 2212 2744 3749 2822">
     <span class='ocr_line' id='line_1_73' title="bbox 2212 2744 3749 2822; baseline -0.004 -21"><span class='ocrx_word' id='word_1_505' title='bbox 2212 2750 2534 2820; x_wconf 79' lang='grc' dir='ltr'>ἐγκρατείας</span> <span class='ocrx_word' id='word_1_506' title='bbox 2563 2751 2824 2822; x_wconf 72' lang='grc' dir='ltr'>ῥομφαίᾳ,</span> <span class='ocrx_word' id='word_1_507' title='bbox 2847 2750 3200 2820; x_wconf 77' lang='grc' dir='ltr'>καταλλήλως</span> <span class='ocrx_word' id='word_1_508' title='bbox 3225 2750 3461 2819; x_wconf 83' lang='grc' dir='ltr'>ἑκάστην</span> <span class='ocrx_word' id='word_1_509' title='bbox 3475 2747 3575 2800; x_wconf 82' lang='grc' dir='ltr'><strong>τῶν</strong></span> <span class='ocrx_word' id='word_1_510' title='bbox 3595 2744 3749 2812; x_wconf 71' lang='grc' dir='ltr'>αἰσθή-</span> 
     </span>
    </p>
   </div>
   <div class='ocr_carea' id='block_1_74' title="bbox 2214 2837 3751 2915">
    <p class='ocr_par' dir='ltr' id='par_1_74' title="bbox 2214 2837 3751 2915">
     <span class='ocr_line' id='line_1_74' title="bbox 2214 2837 3751 2915; baseline -0.004 -20"><span class='ocrx_word' id='word_1_511' title='bbox 2214 2860 2350 2896; x_wconf 87' lang='grc' dir='ltr'>σεων</span> <span class='ocrx_word' id='word_1_512' title='bbox 2403 2841 2806 2915; x_wconf 79' lang='grc' dir='ltr'>θωρακίζοντα,</span> <span class='ocrx_word' id='word_1_513' title='bbox 2861 2843 2927 2896; x_wconf 77' lang='grc' dir='ltr'>δι’</span> <span class='ocrx_word' id='word_1_514' title='bbox 2962 2837 3038 2897; x_wconf 84' lang='grc' dir='ltr'>ὧν</span> <span class='ocrx_word' id='word_1_515' title='bbox 3082 2845 3300 2912; x_wconf 86' lang='grc' dir='ltr'>γίνεται</span> <span class='ocrx_word' id='word_1_516' title='bbox 3331 2843 3534 2913; x_wconf 76' lang='grc' dir='ltr'>Οὰμϐος</span> <span class='ocrx_word' id='word_1_517' title='bbox 3571 2841 3652 2894; x_wconf 69' lang='grc' dir='ltr'><strong>καὶ</strong></span> <span class='ocrx_word' id='word_1_518' title='bbox 3679 2837 3751 2890; x_wconf 74' lang='grc' dir='ltr'><strong>ἐκ·</strong></span> 
     </span>
    </p>
   </div>
   <div class='ocr_carea' id='block_1_75' title="bbox 2211 2926 3750 3005">
    <p class='ocr_par' dir='ltr' id='par_1_75' title="bbox 2211 2926 3750 3005">
     <span class='ocr_line' id='line_1_75' title="bbox 2211 2926 3750 3005; baseline -0.004 -20"><span class='ocrx_word' id='word_1_519' title='bbox 2211 2934 2408 3003; x_wconf 78' lang='grc' dir='ltr'>πληξις</span> <span class='ocrx_word' id='word_1_520' title='bbox 2437 2935 2549 2996; x_wconf 88' lang='grc' dir='ltr'>τοῖς</span> <span class='ocrx_word' id='word_1_521' title='bbox 2592 2935 2882 2997; x_wconf 78' lang='grc' dir='ltr'>σκοτεινοῖς</span> <span class='ocrx_word' id='word_1_522' title='bbox 2926 2934 3232 3005; x_wconf 80' lang='grc' dir='ltr'>λογισμοῖς,</span> <span class='ocrx_word' id='word_1_523' title='bbox 3269 2926 3345 2989; x_wconf 84' lang='grc' dir='ltr'>ὧν</span> <span class='ocrx_word' id='word_1_524' title='bbox 3375 2933 3558 3004; x_wconf 76' lang='grc' dir='ltr'>καιρὸς</span> <span class='ocrx_word' id='word_1_525' title='bbox 3585 2931 3654 2992; x_wconf 83' lang='grc' dir='ltr'>εἰς</span> <span class='ocrx_word' id='word_1_526' title='bbox 3672 2928 3750 2996; x_wconf 76' lang='grc' dir='ltr'>τὴν</span> 
     </span>
    </p>
   </div>
   <div class='ocr_carea' id='block_1_76' title="bbox 2214 3021 3752 3096">
    <p class='ocr_par' dir='ltr' id='par_1_76' title="bbox 2214 3021 3752 3096">
     <span class='ocr_line' id='line_1_76' title="bbox 2214 3021 3752 3096; baseline -0.003 -19"><span class='ocrx_word' id='word_1_527' title='bbox 2214 3024 2353 3080; x_wconf 83' lang='grc' dir='ltr'>κατὰ</span> <span class='ocrx_word' id='word_1_528' title='bbox 2376 3024 2480 3078; x_wconf 82' lang='grc' dir='ltr'>τῶν</span> <span class='ocrx_word' id='word_1_529' title='bbox 2509 3023 2694 3094; x_wconf 72' lang='grc' dir='ltr'>ψυχῶν</span> <span class='ocrx_word' id='word_1_530' title='bbox 2717 3024 3055 3096; x_wconf 74' lang='grc' dir='ltr'>ἐπιϐουλὴνή</span> <span class='ocrx_word' id='word_1_531' title='bbox 3086 3027 3183 3092; x_wconf 67' lang='grc' dir='ltr'>νὺξ</span> <span class='ocrx_word' id='word_1_532' title='bbox 3215 3027 3427 3094; x_wconf 85' lang='grc' dir='ltr'>γίνεται</span> <span class='ocrx_word' id='word_1_533' title='bbox 3462 3024 3550 3078; x_wconf 72' lang='grc' dir='ltr'><strong>καὶ</strong></span> <span class='ocrx_word' id='word_1_534' title='bbox 3577 3023 3629 3075; x_wconf 65' lang='grc' dir='ltr'>τὸ</span> <span class='ocrx_word' id='word_1_535' title='bbox 3658 3021 3752 3074; x_wconf 73' lang='lat' dir='ltr'><strong>6x6-</strong></span> 
     </span>
    </p>
   </div>
   <div class='ocr_carea' id='block_1_77' title="bbox 2212 3110 3748 3191">
    <p class='ocr_par' dir='ltr' id='par_1_77' title="bbox 2212 3110 3748 3191">
     <span class='ocr_line' id='line_1_77' title="bbox 2212 3110 3748 3191; baseline -0.003 -23"><span class='ocrx_word' id='word_1_536' title='bbox 2212 3133 2320 3178; x_wconf 89' lang='grc' dir='ltr'>τος.</span> <span class='ocrx_word' id='word_1_537' title='bbox 2359 3117 2446 3169; x_wconf 88' lang='grc' dir='ltr'>Ἐν</span> <span class='ocrx_word' id='word_1_538' title='bbox 2471 3117 2642 3186; x_wconf 79' lang='grc' dir='ltr'>ταύτῃ</span> <span class='ocrx_word' id='word_1_539' title='bbox 2670 3115 2780 3185; x_wconf 86' lang='grc' dir='ltr'>γὰρ</span> <span class='ocrx_word' id='word_1_540' title='bbox 2812 3110 2965 3170; x_wconf 73' lang='grc' dir='ltr'>εἶπεν</span> <span class='ocrx_word' id='word_1_541' title='bbox 2994 3119 3021 3168; x_wconf 88' lang='grc' dir='ltr'>δ</span> <span class='ocrx_word' id='word_1_542' title='bbox 3057 3119 3380 3191; x_wconf 74' lang='grc' dir='ltr'>Προφήτης,</span> <span class='ocrx_word' id='word_1_543' title='bbox 3405 3119 3474 3172; x_wconf 78' lang='grc' dir='ltr'><strong>τὰ</strong></span> <span class='ocrx_word' id='word_1_544' title='bbox 3504 3118 3651 3186; x_wconf 80' lang='grc' dir='ltr'>θηρία</span> <span class='ocrx_word' id='word_1_545' title='bbox 3676 3111 3748 3166; x_wconf 75' lang='grc' dir='ltr'>τοῦ</span> 
     </span>
    </p>
   </div>
   <div class='ocr_carea' id='block_1_78' title="bbox 2209 3201 3752 3278">
    <p class='ocr_par' dir='ltr' id='par_1_78' title="bbox 2209 3201 3752 3278">
     <span class='ocr_line' id='line_1_78' title="bbox 2209 3201 3752 3278; baseline -0.004 -18"><span class='ocrx_word' id='word_1_546' title='bbox 2209 3205 2379 3277; x_wconf 81' lang='grc' dir='ltr'>ἀγροῦ</span> <span class='ocrx_word' id='word_1_547' title='bbox 2413 3207 2511 3276; x_wconf 84' lang='grc' dir='ltr'><strong>τὴν</strong></span> <span class='ocrx_word' id='word_1_548' title='bbox 2543 3207 2784 3278; x_wconf 81' lang='grc' dir='ltr'>πονηρὰν</span> <span class='ocrx_word' id='word_1_549' title='bbox 2815 3207 3016 3278; x_wconf 83' lang='grc' dir='ltr'>βρῶσιν</span> <span class='ocrx_word' id='word_1_550' title='bbox 3047 3207 3265 3272; x_wconf 80' lang='grc' dir='ltr'>ἑαυτοῖς</span> <span class='ocrx_word' id='word_1_551' title='bbox 3300 3211 3365 3263; x_wconf 86' lang='grc' dir='ltr'><strong>ἑκ</strong></span> <span class='ocrx_word' id='word_1_552' title='bbox 3394 3211 3502 3261; x_wconf 85' lang='grc' dir='ltr'><strong>τῶν</strong></span> <span class='ocrx_word' id='word_1_553' title='bbox 3529 3207 3616 3261; x_wconf 78' lang='grc' dir='ltr'>τοῦ</span> <span class='ocrx_word' id='word_1_554' title='bbox 3643 3201 3752 3257; x_wconf 80' lang='grc' dir='ltr'><strong>Θεοῦ</strong></span> 
     </span>
    </p>
   </div>
   <div class='ocr_carea' id='block_1_79' title="bbox 2211 3296 3749 3371">
    <p class='ocr_par' dir='ltr' id='par_1_79' title="bbox 2211 3296 3749 3371">
     <span class='ocr_line' id='line_1_79' title="bbox 2211 3296 3749 3371; baseline 0.001 -21"><span class='ocrx_word' id='word_1_555' title='bbox 2211 3297 2474 3366; x_wconf 82' lang='grc' dir='ltr'>ποιμνίων</span> <span class='ocrx_word' id='word_1_556' title='bbox 2497 3296 3172 3367; x_wconf 77' lang='grc' dir='ltr'>περιεργάζεσθαι.⁰Εθου</span> <span class='ocrx_word' id='word_1_557' title='bbox 3199 3301 3333 3371; x_wconf 78' lang='grc' dir='ltr'>γὰρ,</span> <span class='ocrx_word' id='word_1_558' title='bbox 3363 3302 3514 3370; x_wconf 65' lang='grc' dir='ltr'>φησι,</span> <span class='ocrx_word' id='word_1_559' title='bbox 3546 3300 3749 3358; x_wconf 70' lang='grc' dir='ltr'>σκίτος.</span> 
     </span>
    </p>
   </div>
   <div class='ocr_carea' id='block_1_80' title="bbox 2207 3388 3754 3458">
    <p class='ocr_par' dir='ltr' id='par_1_80' title="bbox 2207 3388 3754 3458">
     <span class='ocr_line' id='line_1_80' title="bbox 2207 3388 3754 3458; baseline 0.001 -16"><span class='ocrx_word' id='word_1_560' title='bbox 2207 3388 2303 3442; x_wconf 80' lang='grc' dir='ltr'>καὶ</span> <span class='ocrx_word' id='word_1_561' title='bbox 2343 3389 2578 3457; x_wconf 74' lang='grc' dir='ltr'>ἐγένετο</span> <span class='ocrx_word' id='word_1_562' title='bbox 2620 3390 2756 3454; x_wconf 77' lang='grc' dir='ltr'><strong>νύξ.</strong></span> <span class='ocrx_word' id='word_1_563' title='bbox 2801 3390 2903 3443; x_wconf 84' lang='grc' dir='ltr'><strong>Ἐν</strong></span> <span class='ocrx_word' id='word_1_564' title='bbox 2941 3389 3096 3458; x_wconf 82' lang='grc' dir='ltr'><strong>αὑτῇ</strong></span> <span class='ocrx_word' id='word_1_565' title='bbox 3134 3392 3553 3447; x_wconf 75' lang='grc' dir='ltr'>διελεύσονται</span> <span class='ocrx_word' id='word_1_566' title='bbox 3595 3389 3754 3444; x_wconf 72' lang='grc' dir='ltr'>πάντα</span> 
     </span>
    </p>
   </div>
   <div class='ocr_carea' id='block_1_81' title="bbox 2207 3480 3752 3554">
    <p class='ocr_par' dir='ltr' id='par_1_81' title="bbox 2207 3480 3752 3554">
     <span class='ocr_line' id='line_1_81' title="bbox 2207 3480 3752 3554; baseline -0.001 -20"><span class='ocrx_word' id='word_1_567' title='bbox 2207 3482 2278 3534; x_wconf 79' lang='grc' dir='ltr'>τὰ</span> <span class='ocrx_word' id='word_1_568' title='bbox 2316 3483 2488 3548; x_wconf 79' lang='grc' dir='ltr'>θηρία</span> <span class='ocrx_word' id='word_1_569' title='bbox 2539 3483 2643 3534; x_wconf 78' lang='grc' dir='ltr'>τοῦ</span> <span class='ocrx_word' id='word_1_570' title='bbox 2692 3481 2947 3551; x_wconf 80' lang='grc' dir='ltr'>δρυμοῦ,</span> <span class='ocrx_word' id='word_1_571' title='bbox 3003 3486 3272 3553; x_wconf 76' lang='grc' dir='ltr'>σκύμνοι</span> <span class='ocrx_word' id='word_1_572' title='bbox 3311 3487 3625 3554; x_wconf 76' lang='grc' dir='ltr'>ὠρυόμενοι</span> <span class='ocrx_word' id='word_1_573' title='bbox 3671 3480 3752 3534; x_wconf 82' lang='grc' dir='ltr'>τοῦ</span> 
     </span>
    </p>
   </div>
   <div class='ocr_carea' id='block_1_82' title="bbox 2205 3572 3754 3647">
    <p class='ocr_par' dir='ltr' id='par_1_82' title="bbox 2205 3572 3754 3647">
     <span class='ocr_line' id='line_1_82' title="bbox 2205 3572 3754 3647; baseline -0.001 -23"><span class='ocrx_word' id='word_1_574' title='bbox 2205 3572 2492 3640; x_wconf 79' lang='grc' dir='ltr'>ἁρπάσαι.</span> <span class='ocrx_word' id='word_1_575' title='bbox 2539 3573 2757 3643; x_wconf 76' lang='grc' dir='ltr'>Ἐπειδὴ</span> <span class='ocrx_word' id='word_1_576' title='bbox 2783 3573 2958 3626; x_wconf 87' lang='grc' dir='ltr'>τοίνυν</span> <span class='ocrx_word' id='word_1_577' title='bbox 2999 3576 3219 3647; x_wconf 77' lang='grc' dir='ltr'>Ἰσραὴλ</span> <span class='ocrx_word' id='word_1_578' title='bbox 3245 3577 3461 3646; x_wconf 86' lang='grc' dir='ltr'>γίνεται</span> <span class='ocrx_word' id='word_1_579' title='bbox 3499 3577 3596 3638; x_wconf 75' lang='grc' dir='ltr'>πᾶς</span> <span class='ocrx_word' id='word_1_580' title='bbox 3623 3577 3647 3626; x_wconf 84' lang='grc' dir='ltr'>ὁ</span> <span class='ocrx_word' id='word_1_581' title='bbox 3673 3589 3754 3624; x_wconf 77' lang='grc' dir='ltr'>σωο</span> 
     </span>
    </p>
   </div>
   <div class='ocr_carea' id='block_1_83' title="bbox 2207 3662 3746 3738">
    <p class='ocr_par' dir='ltr' id='par_1_83' title="bbox 2207 3662 3746 3738">
     <span class='ocr_line' id='line_1_83' title="bbox 2207 3662 3746 3738; baseline 0.002 -24"><span class='ocrx_word' id='word_1_582' title='bbox 2207 3662 2431 3733; x_wconf 81' lang='grc' dir='ltr'>ζὸμενος</span> <span class='ocrx_word' id='word_1_583' title='bbox 2451 3680 2464 3693; x_wconf 81' lang='grc'><em>’</em></span> <span class='ocrx_word' id='word_1_584' title='bbox 2487 3665 2547 3716; x_wconf 81' lang='grc' dir='ltr'><strong>οὐ</strong></span> <span class='ocrx_word' id='word_1_585' title='bbox 2568 3664 2674 3734; x_wconf 84' lang='grc' dir='ltr'>γὰρ</span> <span class='ocrx_word' id='word_1_586' title='bbox 2701 3665 2902 3725; x_wconf 85' lang='grc' dir='ltr'>πάντες</span> <span class='ocrx_word' id='word_1_587' title='bbox 2928 3667 2976 3716; x_wconf 84' lang='grc' dir='ltr'>οἱ</span> <span class='ocrx_word' id='word_1_588' title='bbox 3002 3666 3060 3729; x_wconf 81' lang='grc' dir='ltr'><strong>ἑξ</strong></span> <span class='ocrx_word' id='word_1_589' title='bbox 3095 3665 3342 3738; x_wconf 76' lang='grc' dir='ltr'>Ἰσραὴλ,</span> <span class='ocrx_word' id='word_1_590' title='bbox 3366 3663 3508 3721; x_wconf 74' lang='grc' dir='ltr'>οὗτοι</span> <span class='ocrx_word' id='word_1_591' title='bbox 3539 3662 3746 3734; x_wconf 77' lang='grc' dir='ltr'>Ἰσραήλ·</span> 
     </span>
    </p>
   </div>
   <div class='ocr_carea' id='block_1_84' title="bbox 2204 3755 3753 3828">
    <p class='ocr_par' dir='ltr' id='par_1_84' title="bbox 2204 3755 3753 3828">
     <span class='ocr_line' id='line_1_84' title="bbox 2204 3755 3753 3828; baseline -0.003 -21"><span class='ocrx_word' id='word_1_592' title='bbox 2204 3755 2317 3808; x_wconf 85' lang='grc' dir='ltr'>ἀλλ’</span> <span class='ocrx_word' id='word_1_593' title='bbox 2363 3755 2476 3807; x_wconf 83' lang='grc' dir='ltr'>ὅσοι</span> <span class='ocrx_word' id='word_1_594' title='bbox 2517 3755 2771 3824; x_wconf 83' lang='grc' dir='ltr'>βλέπουσι</span> <span class='ocrx_word' id='word_1_595' title='bbox 2819 3755 2909 3808; x_wconf 78' lang='grc' dir='ltr'>τὸν</span> <span class='ocrx_word' id='word_1_596' title='bbox 2942 3756 3104 3820; x_wconf 79' lang='grc' dir='ltr'>Θεὸν,</span> <span class='ocrx_word' id='word_1_597' title='bbox 3139 3759 3206 3810; x_wconf 85' lang='grc' dir='ltr'><strong>ἑκ</strong></span> <span class='ocrx_word' id='word_1_598' title='bbox 3249 3758 3353 3827; x_wconf 76' lang='grc' dir='ltr'><strong>τῆς</strong></span> <span class='ocrx_word' id='word_1_599' title='bbox 3385 3755 3649 3828; x_wconf 73' lang='grc' dir='ltr'>ἐνεργείας</span> <span class='ocrx_word' id='word_1_600' title='bbox 3677 3769 3753 3803; x_wconf 83' lang='grc' dir='ltr'>κυ-</span> 
     </span>
    </p>
   </div>
   <div class='ocr_carea' id='block_1_85' title="bbox 2206 3842 3757 3919">
    <p class='ocr_par' dir='ltr' id='par_1_85' title="bbox 2206 3842 3757 3919">
     <span class='ocr_line' id='line_1_85' title="bbox 2206 3842 3757 3919; baseline -0.004 -21"><span class='ocrx_word' id='word_1_601' title='bbox 2206 3846 2338 3915; x_wconf 88' lang='grc' dir='ltr'>ρίως</span> <span class='ocrx_word' id='word_1_602' title='bbox 2385 3849 2450 3916; x_wconf 83' lang='grc' dir='ltr'>τῇ</span> <span class='ocrx_word' id='word_1_603' title='bbox 2498 3847 2836 3918; x_wconf 73' lang='grc' dir='ltr'>προσηγορίᾳ</span> <span class='ocrx_word' id='word_1_604' title='bbox 2883 3846 3055 3919; x_wconf 82' lang='grc' dir='ltr'>ταύτῃ</span> <span class='ocrx_word' id='word_1_605' title='bbox 3095 3848 3586 3918; x_wconf 77' lang='grc' dir='ltr'>κατονομάζονται.</span> <span class='ocrx_word' id='word_1_606' title='bbox 3628 3842 3757 3895; x_wconf 78' lang='grc' dir='ltr'>Ἴδιον</span> 
     </span>
    </p>
   </div>
   <div class='ocr_carea' id='block_1_86' title="bbox 2202 3933 3756 4012">
    <p class='ocr_par' dir='ltr' id='par_1_86' title="bbox 2202 3933 3756 4012">
     <span class='ocr_line' id='line_1_86' title="bbox 2202 3933 3756 4012; baseline -0.001 -25"><span class='ocrx_word' id='word_1_607' title='bbox 2202 3935 2256 3988; x_wconf 82' lang='grc' dir='ltr'><strong>δὲ</strong></span> <span class='ocrx_word' id='word_1_608' title='bbox 2287 3935 2379 3988; x_wconf 79' lang='grc' dir='ltr'>τοῦ</span> <span class='ocrx_word' id='word_1_609' title='bbox 2429 3937 2662 4007; x_wconf 76' lang='grc' dir='ltr'>δρῶντός</span> <span class='ocrx_word' id='word_1_610' title='bbox 2692 3939 2807 3991; x_wconf 83' lang='grc' dir='ltr'>ἑστι</span> <span class='ocrx_word' id='word_1_611' title='bbox 2837 3938 2926 3990; x_wconf 83' lang='grc' dir='ltr'><strong>τὸν</strong></span> <span class='ocrx_word' id='word_1_612' title='bbox 2955 3938 3110 3994; x_wconf 82' lang='grc' dir='ltr'>Θεὸν.</span> <span class='ocrx_word' id='word_1_613' title='bbox 3141 3938 3206 3992; x_wconf 83' lang='grc' dir='ltr'><strong>τὸ</strong></span> <span class='ocrx_word' id='word_1_614' title='bbox 3246 3940 3444 4012; x_wconf 74' lang='grc' dir='ltr'>μηδενὶ</span> <span class='ocrx_word' id='word_1_615' title='bbox 3468 3938 3570 3991; x_wconf 85' lang='grc' dir='ltr'><strong>τῶν</strong></span> <span class='ocrx_word' id='word_1_616' title='bbox 3598 3933 3756 4000; x_wconf 76' lang='grc' dir='ltr'>αἰσθη-</span> 
     </span>
    </p>
   </div>
   <div class='ocr_carea' id='block_1_87' title="bbox 2201 4028 3756 4101">
    <p class='ocr_par' dir='ltr' id='par_1_87' title="bbox 2201 4028 3756 4101">
     <span class='ocr_line' id='line_1_87' title="bbox 2201 4028 3756 4101; baseline -0.005 -20"><span class='ocrx_word' id='word_1_617' title='bbox 2201 4028 2405 4098; x_wconf 85' lang='grc' dir='ltr'>τηρίων</span> <span class='ocrx_word' id='word_1_618' title='bbox 2439 4030 2574 4100; x_wconf 82' lang='grc' dir='ltr'>πρὸς</span> <span class='ocrx_word' id='word_1_619' title='bbox 2607 4029 2878 4101; x_wconf 84' lang='grc' dir='ltr'>ἁμαρτίαν</span> <span class='ocrx_word' id='word_1_620' title='bbox 2911 4029 3147 4099; x_wconf 83' lang='grc' dir='ltr'>βλέπειν.</span> <span class='ocrx_word' id='word_1_621' title='bbox 3184 4032 3386 4094; x_wconf 72' lang='grc' dir='ltr'>υὺδεὶς</span> <span class='ocrx_word' id='word_1_622' title='bbox 3419 4030 3526 4101; x_wconf 76' lang='grc' dir='ltr'>γὰρ</span> <span class='ocrx_word' id='word_1_623' title='bbox 3568 4028 3756 4080; x_wconf 77' lang='grc' dir='ltr'>δύναται</span> 
     </span>
    </p>
   </div>
   <div class='ocr_carea' id='block_1_88' title="bbox 2205 4122 3752 4196">
    <p class='ocr_par' dir='ltr' id='par_1_88' title="bbox 2205 4122 3752 4196">
     <span class='ocr_line' id='line_1_88' title="bbox 2205 4122 3752 4196; baseline 0.002 -24"><span class='ocrx_word' id='word_1_624' title='bbox 2205 4122 2342 4191; x_wconf 83' lang='grc' dir='ltr'>πρὸς</span> <span class='ocrx_word' id='word_1_625' title='bbox 2379 4122 2472 4175; x_wconf 83' lang='grc' dir='ltr'><strong>δύο</strong></span> <span class='ocrx_word' id='word_1_626' title='bbox 2525 4124 2744 4193; x_wconf 88' lang='grc' dir='ltr'>κυρίους</span> <span class='ocrx_word' id='word_1_627' title='bbox 2797 4126 2964 4194; x_wconf 71' lang='grc' dir='ltr'>ὁρᾷνο</span> <span class='ocrx_word' id='word_1_628' title='bbox 3019 4124 3156 4178; x_wconf 82' lang='grc' dir='ltr'>ἀλλὰ</span> <span class='ocrx_word' id='word_1_629' title='bbox 3205 4126 3316 4196; x_wconf 82' lang='grc' dir='ltr'><strong>χρὴ</strong></span> <span class='ocrx_word' id='word_1_630' title='bbox 3366 4125 3458 4177; x_wconf 84' lang='grc' dir='ltr'><strong>τὸν</strong></span> <span class='ocrx_word' id='word_1_631' title='bbox 3493 4123 3583 4175; x_wconf 73' lang='grc' dir='ltr'><strong>ἕνα</strong></span> <span class='ocrx_word' id='word_1_632' title='bbox 3623 4131 3752 4188; x_wconf 62' lang='lat' dir='ltr'><strong>utm-</strong></span> 
     </span>
    </p>
   </div>
   <div class='ocr_carea' id='block_1_89' title="bbox 2205 4211 3755 4287">
    <p class='ocr_par' dir='ltr' id='par_1_89' title="bbox 2205 4211 3755 4287">
     <span class='ocr_line' id='line_1_89' title="bbox 2205 4211 3755 4287; baseline -0.002 -22"><span class='ocrx_word' id='word_1_633' title='bbox 2205 4213 2363 4284; x_wconf 82' lang='grc' dir='ltr'>οῆναι</span> <span class='ocrx_word' id='word_1_634' title='bbox 2387 4253 2400 4275; x_wconf 91' lang='grc'><strong>,</strong></span> <span class='ocrx_word' id='word_1_635' title='bbox 2435 4215 2483 4266; x_wconf 79' lang='grc' dir='ltr'><strong>εί</strong></span> <span class='ocrx_word' id='word_1_636' title='bbox 2515 4214 2696 4284; x_wconf 85' lang='grc' dir='ltr'>μέλλει</span> <span class='ocrx_word' id='word_1_637' title='bbox 2735 4216 3048 4283; x_wconf 78' lang='grc' dir='ltr'>ἀγαπᾶσθαι</span> <span class='ocrx_word' id='word_1_638' title='bbox 3077 4217 3106 4268; x_wconf 85' lang='grc' dir='ltr'>δ</span> <span class='ocrx_word' id='word_1_639' title='bbox 3139 4217 3357 4287; x_wconf 76' lang='grc' dir='ltr'>ἕτερος.</span> <span class='ocrx_word' id='word_1_640' title='bbox 3393 4216 3590 4269; x_wconf 83' lang='grc' dir='ltr'>Τούτου</span> <span class='ocrx_word' id='word_1_641' title='bbox 3628 4211 3755 4279; x_wconf 77' lang='grc' dir='ltr'>χάριν</span> 
     </span>
    </p>
   </div>
   <div class='ocr_carea' id='block_1_90' title="bbox 2206 4305 3748 4376">
    <p class='ocr_par' dir='ltr' id='par_1_90' title="bbox 2206 4305 3748 4376">
     <span class='ocr_line' id='line_1_90' title="bbox 2206 4305 3748 4376; baseline -0.001 -19"><span class='ocrx_word' id='word_1_642' title='bbox 2206 4305 2302 4375; x_wconf 87' lang='grc' dir='ltr'><strong>μία</strong></span> <span class='ocrx_word' id='word_1_643' title='bbox 2346 4305 2500 4375; x_wconf 80' lang='grc' dir='ltr'>κλίνη</span> <span class='ocrx_word' id='word_1_644' title='bbox 2536 4306 2627 4359; x_wconf 79' lang='grc' dir='ltr'>τοῦ</span> <span class='ocrx_word' id='word_1_645' title='bbox 2666 4307 2926 4376; x_wconf 88' lang='grc' dir='ltr'>βασιλέως</span> <span class='ocrx_word' id='word_1_646' title='bbox 2974 4309 3182 4376; x_wconf 82' lang='grc' dir='ltr'>γίνεται</span> <span class='ocrx_word' id='word_1_647' title='bbox 3214 4312 3332 4362; x_wconf 75' lang='grc' dir='ltr'><strong>πᾶν</strong></span> <span class='ocrx_word' id='word_1_648' title='bbox 3362 4309 3426 4361; x_wconf 78' lang='grc' dir='ltr'>τὸ</span> <span class='ocrx_word' id='word_1_649' title='bbox 3468 4307 3748 4372; x_wconf 70' lang='grc' dir='ltr'>σωζόμενονι</span> 
     </span>
    </p>
   </div>
   <div class='ocr_carea' id='block_1_91' title="bbox 525 4392 2106 4472">
    <p class='ocr_par' dir='ltr' id='par_1_91' title="bbox 525 4392 2100 4464">
     <span class='ocr_line' id='line_1_91' title="bbox 525 4392 2100 4464; baseline 0.001 -18"><span class='ocrx_word' id='word_1_650' title='bbox 525 4393 617 4463; x_wconf 91' lang='lat' dir='ltr'><strong>qui</strong></span> <span class='ocrx_word' id='word_1_651' title='bbox 668 4400 853 4447; x_wconf 87' lang='lat' dir='ltr'><strong>autem</strong></span> <span class='ocrx_word' id='word_1_652' title='bbox 893 4392 1059 4449; x_wconf 89' lang='lat' dir='ltr'><strong>Deum</strong></span> <span class='ocrx_word' id='word_1_653' title='bbox 1099 4395 1379 4460; x_wconf 86' lang='lat' dir='ltr'><strong>viderunt,</strong></span> <span class='ocrx_word' id='word_1_654' title='bbox 1416 4393 1580 4449; x_wconf 83' lang='lat' dir='ltr'><strong>Israel</strong></span> <span class='ocrx_word' id='word_1_655' title='bbox 1614 4395 1830 4464; x_wconf 88' lang='lat' dir='ltr'><strong>proprie</strong></span> <span class='ocrx_word' id='word_1_656' title='bbox 1871 4393 2007 4447; x_wconf 82' lang='lat' dir='ltr'><strong>ﬁunt</strong></span> <span class='ocrx_word' id='word_1_657' title='bbox 2046 4404 2100 4449; x_wconf 91' lang='lat' dir='ltr'><strong>et</strong></span> 
     </span>
    </p>
   </div>
   <div class='ocr_carea' id='block_1_92' title="bbox 2207 4392 3750 4472">
    <p class='ocr_par' dir='ltr' id='par_1_92' title="bbox 2207 4398 3750 4472">
     <span class='ocr_line' id='line_1_92' title="bbox 2207 4398 3750 4472; baseline -0.003 -19"><span class='ocrx_word' id='word_1_658' title='bbox 2207 4398 2265 4450; x_wconf 81' lang='grc' dir='ltr'><strong>Εἰ</strong></span> <span class='ocrx_word' id='word_1_659' title='bbox 2290 4398 2396 4467; x_wconf 84' lang='grc' dir='ltr'>γὰρ</span> <span class='ocrx_word' id='word_1_660' title='bbox 2436 4399 2636 4462; x_wconf 79' lang='grc' dir='ltr'>πάντες</span> <span class='ocrx_word' id='word_1_661' title='bbox 2660 4398 2878 4467; x_wconf 68' lang='grc' dir='ltr'>ὄψονται</span> <span class='ocrx_word' id='word_1_662' title='bbox 2911 4399 2999 4452; x_wconf 78' lang='grc' dir='ltr'>τὸν</span> <span class='ocrx_word' id='word_1_663' title='bbox 3028 4400 3161 4453; x_wconf 74' lang='grc' dir='ltr'>Θεὸν</span> <span class='ocrx_word' id='word_1_664' title='bbox 3194 4403 3247 4453; x_wconf 77' lang='lat' dir='ltr'><strong>oi</strong></span> <span class='ocrx_word' id='word_1_665' title='bbox 3285 4401 3523 4472; x_wconf 72' lang='grc' dir='ltr'>καθαροὶ</span> <span class='ocrx_word' id='word_1_666' title='bbox 3557 4401 3615 4465; x_wconf 77' lang='grc' dir='ltr'><strong>τῇ</strong></span> <span class='ocrx_word' id='word_1_667' title='bbox 3644 4407 3750 4458; x_wconf 77' lang='grc' dir='ltr'>καρ-</span> 
     </span>
    </p>
   </div>
   <div class='ocr_carea' id='block_1_93' title="bbox 527 4485 2100 4540">
    <p class='ocr_par' dir='ltr' id='par_1_93' title="bbox 527 4485 2100 4540">
     <span class='ocr_line' id='line_1_93' title="bbox 527 4485 2100 4540; baseline 0.001 -3"><span class='ocrx_word' id='word_1_668' title='bbox 527 4485 882 4538; x_wconf 84' lang='lat' dir='ltr'><strong>nominantur</strong></span> <span class='ocrx_word' id='word_1_669' title='bbox 917 4503 930 4540; x_wconf 92' lang='lat'><strong>:</strong></span> <span class='ocrx_word' id='word_1_670' title='bbox 982 4485 1037 4538; x_wconf 89' lang='lat' dir='ltr'><strong>in</strong></span> <span class='ocrx_word' id='word_1_671' title='bbox 1087 4485 1376 4540; x_wconf 90' lang='lat' dir='ltr'><strong>duodecim</strong></span> <span class='ocrx_word' id='word_1_672' title='bbox 1414 4494 1593 4539; x_wconf 89' lang='lat' dir='ltr'><strong>autem</strong></span> <span class='ocrx_word' id='word_1_673' title='bbox 1625 4486 1802 4540; x_wconf 90' lang='lat' dir='ltr'><strong>tribus</strong></span> <span class='ocrx_word' id='word_1_674' title='bbox 1832 4485 2100 4539; x_wconf 78' lang='lat' dir='ltr'><strong>dividitur</strong></span> 
     </span>
    </p>
   </div>
   <div class='ocr_carea' id='block_1_94' title="bbox 525 4575 2098 4646">
    <p class='ocr_par' dir='ltr' id='par_1_94' title="bbox 525 4575 2098 4646">
     <span class='ocr_line' id='line_1_94' title="bbox 525 4575 2098 4646; baseline 0 -18"><span class='ocrx_word' id='word_1_675' title='bbox 525 4575 630 4629; x_wconf 89' lang='lat' dir='ltr'><strong>hoc</strong></span> <span class='ocrx_word' id='word_1_676' title='bbox 672 4591 870 4631; x_wconf 91' lang='lat' dir='ltr'><strong>nomen</strong></span> <span class='ocrx_word' id='word_1_677' title='bbox 915 4593 1118 4632; x_wconf 86' lang='lat' dir='ltr'><strong>arcana</strong></span> <span class='ocrx_word' id='word_1_678' title='bbox 1159 4577 1394 4646; x_wconf 89' lang='lat' dir='ltr'><strong>quadam</strong></span> <span class='ocrx_word' id='word_1_679' title='bbox 1447 4578 1681 4640; x_wconf 82' lang='lat' dir='ltr'><strong>ratione,</strong></span> <span class='ocrx_word' id='word_1_680' title='bbox 1732 4585 1878 4631; x_wconf 89' lang='lat' dir='ltr'><strong>recte</strong></span> <span class='ocrx_word' id='word_1_681' title='bbox 1925 4578 2098 4646; x_wconf 86' lang='lat' dir='ltr'><strong>pleni-</strong></span> 
     </span>
    </p>
   </div>
   <div class='ocr_carea' id='block_1_95' title="bbox 524 4667 2096 4738">
    <p class='ocr_par' dir='ltr' id='par_1_95' title="bbox 524 4667 2096 4738">
     <span class='ocr_line' id='line_1_95' title="bbox 524 4667 2096 4738; baseline 0.002 -19"><span class='ocrx_word' id='word_1_682' title='bbox 524 4667 658 4720; x_wconf 90' lang='lat' dir='ltr'><strong>tudo</strong></span> <span class='ocrx_word' id='word_1_683' title='bbox 701 4685 889 4723; x_wconf 88' lang='lat' dir='ltr'><strong>eorum</strong></span> <span class='ocrx_word' id='word_1_684' title='bbox 943 4671 1036 4738; x_wconf 92' lang='lat' dir='ltr'><strong>qui</strong></span> <span class='ocrx_word' id='word_1_685' title='bbox 1073 4670 1209 4722; x_wconf 79' lang='lat' dir='ltr'><strong>salvi</strong></span> <span class='ocrx_word' id='word_1_686' title='bbox 1263 4669 1420 4735; x_wconf 88' lang='lat' dir='ltr'><strong>liunt,</strong></span> <span class='ocrx_word' id='word_1_687' title='bbox 1457 4684 1684 4722; x_wconf 87' lang='lat' dir='ltr'><strong>numero</strong></span> <span class='ocrx_word' id='word_1_688' title='bbox 1736 4670 2015 4738; x_wconf 56' lang='lat' dir='ltr'><strong>sexaginta</strong></span> <span class='ocrx_word' id='word_1_689' title='bbox 2043 4669 2096 4722; x_wconf 93' lang='lat' dir='ltr'><strong>in</strong></span> 
     </span>
    </p>
   </div>
   <div class='ocr_carea' id='block_1_96' title="bbox 434 4745 2098 4831">
    <p class='ocr_par' dir='ltr' id='par_1_96' title="bbox 434 4745 2098 4831">
     <span class='ocr_line' id='line_1_96' title="bbox 434 4745 2098 4831; baseline 0.001 -19"><span class='ocrx_word' id='word_1_690' title='bbox 434 4745 442 4752; x_wconf 62' lang='grc'><strong>’</strong></span> <span class='ocrx_word' id='word_1_691' title='bbox 523 4772 792 4812; x_wconf 82' lang='lat' dir='ltr'><strong>Summam</strong></span> <span class='ocrx_word' id='word_1_692' title='bbox 850 4761 1146 4831; x_wconf 83' lang='lat' dir='ltr'><strong>redigitur,</strong></span> <span class='ocrx_word' id='word_1_693' title='bbox 1183 4777 1307 4815; x_wconf 93' lang='lat' dir='ltr'><strong>cum</strong></span> <span class='ocrx_word' id='word_1_694' title='bbox 1361 4778 1531 4815; x_wconf 89' lang='lat' dir='ltr'><strong>unum</strong></span> <span class='ocrx_word' id='word_1_695' title='bbox 1571 4762 1792 4830; x_wconf 89' lang='lat' dir='ltr'><strong>quidem</strong></span> <span class='ocrx_word' id='word_1_696' title='bbox 1845 4770 2098 4815; x_wconf 88' lang='lat' dir='ltr'><strong>sumatur</strong></span> 
     </span>
    </p>
   </div>
   <div class='ocr_carea' id='block_1_97' title="bbox 523 4848 2097 4922">
    <p class='ocr_par' dir='ltr' id='par_1_97' title="bbox 523 4848 2097 4922">
     <span class='ocr_line' id='line_1_97' title="bbox 523 4848 2097 4922; baseline 0.005 -21"><span class='ocrx_word' id='word_1_697' title='bbox 523 4848 578 4902; x_wconf 90' lang='lat' dir='ltr'><strong>in</strong></span> <span class='ocrx_word' id='word_1_698' title='bbox 628 4865 956 4919; x_wconf 87' lang='lat' dir='ltr'><strong>unaquaque</strong></span> <span class='ocrx_word' id='word_1_699' title='bbox 999 4861 1174 4922; x_wconf 77' lang='lat' dir='ltr'><strong>parte,</strong></span> <span class='ocrx_word' id='word_1_700' title='bbox 1221 4854 1274 4906; x_wconf 93' lang='lat' dir='ltr'><strong>in</strong></span> <span class='ocrx_word' id='word_1_701' title='bbox 1327 4854 1569 4922; x_wconf 88' lang='lat' dir='ltr'><strong>quinque</strong></span> <span class='ocrx_word' id='word_1_702' title='bbox 1627 4861 1804 4906; x_wconf 87' lang='lat' dir='ltr'><strong>autem</strong></span> <span class='ocrx_word' id='word_1_703' title='bbox 1857 4863 2097 4909; x_wconf 87' lang='lat' dir='ltr'><strong>armatos</strong></span> 
     </span>
    </p>
   </div>
   <div class='ocr_carea' id='block_1_98' title="bbox 524 4942 1888 5009">
    <p class='ocr_par' dir='ltr' id='par_1_98' title="bbox 524 4942 1888 5009">
     <span class='ocr_line' id='line_1_98' title="bbox 524 4942 1888 5009; baseline 0.001 -17"><span class='ocrx_word' id='word_1_704' title='bbox 524 4953 622 5009; x_wconf 90' lang='lat' dir='ltr'><strong>pro</strong></span> <span class='ocrx_word' id='word_1_705' title='bbox 658 4954 886 4995; x_wconf 88' lang='lat' dir='ltr'><strong>numero</strong></span> <span class='ocrx_word' id='word_1_706' title='bbox 925 4957 1190 4996; x_wconf 87' lang='lat' dir='ltr'><strong>sensuum</strong></span> <span class='ocrx_word' id='word_1_707' title='bbox 1221 4943 1325 4997; x_wconf 87' lang='lat' dir='ltr'><strong>hoc</strong></span> <span class='ocrx_word' id='word_1_708' title='bbox 1378 4960 1543 4997; x_wconf 87' lang='lat' dir='ltr'><strong>unum</strong></span> <span class='ocrx_word' id='word_1_709' title='bbox 1593 4942 1888 4996; x_wconf 68' lang='lat' dir='ltr'><strong>dividatur.</strong></span> 
     </span>
    </p>
   </div>
   <div class='ocr_carea' id='block_1_99' title="bbox 590 5223 2087 5295">
    <p class='ocr_par' dir='ltr' id='par_1_99' title="bbox 590 5223 2087 5295">
     <span class='ocr_line' id='line_1_99' title="bbox 590 5223 2087 5295; baseline -0.003 -15"><span class='ocrx_word' id='word_1_710' title='bbox 590 5231 792 5286; x_wconf 82' lang='lat' dir='ltr'><strong>Omnes</strong></span> <span class='ocrx_word' id='word_1_711' title='bbox 832 5239 960 5294; x_wconf 84' lang='lat' dir='ltr'><strong>ergo</strong></span> <span class='ocrx_word' id='word_1_712' title='bbox 1003 5223 1096 5295; x_wconf 83' lang='lat' dir='ltr'><strong>qui</strong></span> <span class='ocrx_word' id='word_1_713' title='bbox 1143 5223 1326 5278; x_wconf 83' lang='lat' dir='ltr'><strong>divina</strong></span> <span class='ocrx_word' id='word_1_714' title='bbox 1381 5225 1560 5279; x_wconf 90' lang='lat' dir='ltr'><strong>induti</strong></span> <span class='ocrx_word' id='word_1_715' title='bbox 1605 5232 1734 5280; x_wconf 92' lang='lat' dir='ltr'><strong>sunt</strong></span> <span class='ocrx_word' id='word_1_716' title='bbox 1784 5232 2087 5288; x_wconf 85' lang='lat' dir='ltr'><strong>armatura,</strong></span> 
     </span>
    </p>
   </div>
   <div class='ocr_carea' id='block_1_100' title="bbox 517 5316 2089 5388">
    <p class='ocr_par' dir='ltr' id='par_1_100' title="bbox 517 5316 2089 5388">
     <span class='ocr_line' id='line_1_100' title="bbox 517 5316 2089 5388; baseline -0.006 -12"><span class='ocrx_word' id='word_1_717' title='bbox 517 5333 686 5376; x_wconf 86' lang='lat' dir='ltr'><strong>unum</strong></span> <span class='ocrx_word' id='word_1_718' title='bbox 725 5316 868 5388; x_wconf 83' lang='lat' dir='ltr'><strong>regis</strong></span> <span class='ocrx_word' id='word_1_719' title='bbox 895 5317 1094 5372; x_wconf 87' lang='lat' dir='ltr'><strong>lectum</strong></span> <span class='ocrx_word' id='word_1_720' title='bbox 1130 5316 1495 5375; x_wconf 86' lang='lat' dir='ltr'><strong>circumdant.</strong></span> <span class='ocrx_word' id='word_1_721' title='bbox 1521 5317 1698 5371; x_wconf 78' lang='lat' dir='ltr'><strong>enecti</strong></span> <span class='ocrx_word' id='word_1_722' title='bbox 1724 5331 1915 5370; x_wconf 90' lang='lat' dir='ltr'><strong>omnes</strong></span> <span class='ocrx_word' id='word_1_723' title='bbox 1947 5330 2089 5369; x_wconf 74' lang='lat' dir='ltr'><strong>unus</strong></span> 
     </span>
    </p>
   </div>
   <div class='ocr_carea' id='block_1_101' title="bbox 513 5408 2089 5480">
    <p class='ocr_par' dir='ltr' id='par_1_101' title="bbox 513 5408 2089 5480">
     <span class='ocr_line' id='line_1_101' title="bbox 513 5408 2089 5480; baseline -0.003 -14"><span class='ocrx_word' id='word_1_724' title='bbox 513 5410 705 5473; x_wconf 85' lang='lat' dir='ltr'><strong>Israel,</strong></span> <span class='ocrx_word' id='word_1_725' title='bbox 729 5418 783 5466; x_wconf 87' lang='lat' dir='ltr'><strong>et</strong></span> <span class='ocrx_word' id='word_1_726' title='bbox 819 5424 943 5463; x_wconf 91' lang='lat' dir='ltr'><strong>cum</strong></span> <span class='ocrx_word' id='word_1_727' title='bbox 975 5425 1072 5480; x_wconf 86' lang='lat' dir='ltr'><strong>per</strong></span> <span class='ocrx_word' id='word_1_728' title='bbox 1094 5408 1383 5465; x_wconf 89' lang='lat' dir='ltr'><strong>duodecim</strong></span> <span class='ocrx_word' id='word_1_729' title='bbox 1411 5410 1587 5463; x_wconf 87' lang='lat' dir='ltr'><strong>tribus</strong></span> <span class='ocrx_word' id='word_1_730' title='bbox 1611 5409 1946 5478; x_wconf 79' lang='lat' dir='ltr'><strong>intelligatur</strong></span> <span class='ocrx_word' id='word_1_731' title='bbox 1969 5424 2089 5477; x_wconf 81' lang='lat' dir='ltr'><strong>quac</strong></span> 
     </span>
    </p>
   </div>
   <div class='ocr_carea' id='block_1_102' title="bbox 513 5497 2084 5570">
    <p class='ocr_par' dir='ltr' id='par_1_102' title="bbox 513 5497 2084 5570">
     <span class='ocr_line' id='line_1_102' title="bbox 513 5497 2084 5570; baseline -0.004 -14"><span class='ocrx_word' id='word_1_732' title='bbox 513 5511 598 5556; x_wconf 85' lang='lat' dir='ltr'><strong>est</strong></span> <span class='ocrx_word' id='word_1_733' title='bbox 647 5500 848 5570; x_wconf 87' lang='lat' dir='ltr'><strong>ubique</strong></span> <span class='ocrx_word' id='word_1_734' title='bbox 897 5497 1220 5568; x_wconf 89' lang='lat' dir='ltr'><strong>optimatum</strong></span> <span class='ocrx_word' id='word_1_735' title='bbox 1290 5509 1342 5554; x_wconf 92' lang='lat' dir='ltr'><strong>et</strong></span> <span class='ocrx_word' id='word_1_736' title='bbox 1396 5516 1454 5554; x_wconf 91' lang='lat' dir='ltr'><strong>se</strong></span> <span class='ocrx_word' id='word_1_737' title='bbox 1517 5497 1732 5552; x_wconf 81' lang='lat' dir='ltr'><strong>fortiter</strong></span> <span class='ocrx_word' id='word_1_738' title='bbox 1787 5498 2084 5568; x_wconf 79' lang='lat' dir='ltr'><strong>gerenlium</strong></span> 
     </span>
    </p>
   </div>
   <div class='ocr_carea' id='block_1_103' title="bbox 586 5676 1859 5751">
    <p class='ocr_par' dir='ltr' id='par_1_103' title="bbox 586 5676 1859 5751">
     <span class='ocr_line' id='line_1_103' title="bbox 586 5676 1859 5751; baseline -0.004 -18"><span class='ocrx_word' id='word_1_739' title='bbox 586 5681 624 5710; x_wconf 84' lang='lat'><strong>&quot;</strong></span> <span class='ocrx_word' id='word_1_740' title='bbox 663 5680 806 5739; x_wconf 84' lang='lat' dir='ltr'><strong>Psal.</strong></span> <span class='ocrx_word' id='word_1_741' title='bbox 835 5699 952 5750; x_wconf 82' lang='lat' dir='ltr'><strong>cm,</strong></span> <span class='ocrx_word' id='word_1_742' title='bbox 990 5683 1072 5748; x_wconf 75' lang='lat'><strong>18,</strong></span> <span class='ocrx_word' id='word_1_743' title='bbox 1103 5684 1194 5751; x_wconf 77' lang='lat'><strong>9.0,</strong></span> <span class='ocrx_word' id='word_1_744' title='bbox 1249 5682 1336 5736; x_wconf 73' lang='lat' dir='ltr'><strong>ill.</strong></span> <span class='ocrx_word' id='word_1_745' title='bbox 1423 5681 1462 5711; x_wconf 81' lang='grc'><strong>¹⁸</strong></span> <span class='ocrx_word' id='word_1_746' title='bbox 1497 5677 1653 5731; x_wconf 77' lang='grc' dir='ltr'>ιιυω.</span> <span class='ocrx_word' id='word_1_747' title='bbox 1702 5693 1775 5742; x_wconf 65' lang='lat' dir='ltr'><strong>it,</strong></span> <span class='ocrx_word' id='word_1_748' title='bbox 1805 5676 1859 5729; x_wconf 86' lang='lat'><strong>6.</strong></span> 
     </span>
    </p>
   </div>
   <div class='ocr_carea' id='block_1_104' title="bbox 2202 4487 3747 4558">
    <p class='ocr_par' dir='ltr' id='par_1_104' title="bbox 2202 4487 3747 4558">
     <span class='ocr_line' id='line_1_104' title="bbox 2202 4487 3747 4558; baseline -0.005 -19"><span class='ocrx_word' id='word_1_749' title='bbox 2202 4487 2289 4558; x_wconf 79' lang='grc' dir='ltr'>δίᾳ</span> <span class='ocrx_word' id='word_1_750' title='bbox 2326 4487 2640 4557; x_wconf 82' lang='grc' dir='ltr'>γενόμενοι·</span> <span class='ocrx_word' id='word_1_751' title='bbox 2681 4490 2730 4540; x_wconf 81' lang='lat' dir='ltr'><strong>oi</strong></span> <span class='ocrx_word' id='word_1_752' title='bbox 2773 4488 2828 4540; x_wconf 87' lang='grc' dir='ltr'>δὲ</span> <span class='ocrx_word' id='word_1_753' title='bbox 2858 4490 2948 4541; x_wconf 88' lang='grc' dir='ltr'><strong>τὸν</strong></span> <span class='ocrx_word' id='word_1_754' title='bbox 2982 4489 3113 4542; x_wconf 79' lang='grc' dir='ltr'>Θεὸν</span> <span class='ocrx_word' id='word_1_755' title='bbox 3149 4491 3364 4545; x_wconf 81' lang='grc' dir='ltr'>ἰδόντες</span> <span class='ocrx_word' id='word_1_756' title='bbox 3386 4530 3402 4554; x_wconf 88' lang='grc'><strong>,</strong></span> <span class='ocrx_word' id='word_1_757' title='bbox 3451 4487 3649 4558; x_wconf 74' lang='grc' dir='ltr'>Ἰσραὴλ</span> <span class='ocrx_word' id='word_1_758' title='bbox 3675 4497 3747 4533; x_wconf 82' lang='grc' dir='ltr'>κν·</span> 
     </span>
    </p>
   </div>
   <div class='ocr_carea' id='block_1_105' title="bbox 2205 4576 3748 4650">
    <p class='ocr_par' dir='ltr' id='par_1_105' title="bbox 2205 4576 3748 4650">
     <span class='ocr_line' id='line_1_105' title="bbox 2205 4576 3748 4650; baseline -0.006 -18"><span class='ocrx_word' id='word_1_759' title='bbox 2205 4580 2335 4650; x_wconf 87' lang='grc' dir='ltr'>ρίως</span> <span class='ocrx_word' id='word_1_760' title='bbox 2375 4579 2614 4647; x_wconf 87' lang='grc' dir='ltr'>γίνονταί</span> <span class='ocrx_word' id='word_1_761' title='bbox 2646 4597 2704 4632; x_wconf 87' lang='grc' dir='ltr'><strong>τε</strong></span> <span class='ocrx_word' id='word_1_762' title='bbox 2741 4580 2834 4632; x_wconf 74' lang='grc' dir='ltr'>καὶ</span> <span class='ocrx_word' id='word_1_763' title='bbox 2878 4579 3271 4650; x_wconf 76' lang='grc' dir='ltr'>ὀνομάζονταιο</span> <span class='ocrx_word' id='word_1_764' title='bbox 3313 4582 3523 4635; x_wconf 82' lang='grc' dir='ltr'>δώδεκα</span> <span class='ocrx_word' id='word_1_765' title='bbox 3558 4580 3607 4632; x_wconf 82' lang='grc' dir='ltr'><strong>δὲ</strong></span> <span class='ocrx_word' id='word_1_766' title='bbox 3642 4576 3748 4628; x_wconf 78' lang='grc' dir='ltr'>διαι-</span> 
     </span>
    </p>
   </div>
   <div class='ocr_carea' id='block_1_106' title="bbox 2205 4663 3744 4744">
    <p class='ocr_par' dir='ltr' id='par_1_106' title="bbox 2205 4663 3744 4744">
     <span class='ocr_line' id='line_1_106' title="bbox 2205 4663 3744 4744; baseline -0.003 -22"><span class='ocrx_word' id='word_1_767' title='bbox 2205 4673 2374 4740; x_wconf 88' lang='grc' dir='ltr'>ρεῖται</span> <span class='ocrx_word' id='word_1_768' title='bbox 2404 4671 2595 4739; x_wconf 81' lang='grc' dir='ltr'>φυλαῖς</span> <span class='ocrx_word' id='word_1_769' title='bbox 2639 4671 2781 4723; x_wconf 85' lang='grc' dir='ltr'>κατά</span> <span class='ocrx_word' id='word_1_770' title='bbox 2819 4689 2939 4723; x_wconf 86' lang='grc' dir='ltr'>τινα</span> <span class='ocrx_word' id='word_1_771' title='bbox 2969 4672 3124 4740; x_wconf 84' lang='grc' dir='ltr'>λόγον</span> <span class='ocrx_word' id='word_1_772' title='bbox 3177 4674 3504 4744; x_wconf 74' lang='grc' dir='ltr'>ἀπόρρητον</span> <span class='ocrx_word' id='word_1_773' title='bbox 3548 4669 3679 4722; x_wconf 76' lang='grc' dir='ltr'>τοῦτο</span> <span class='ocrx_word' id='word_1_774' title='bbox 3702 4663 3744 4713; x_wconf 73' lang='grc' dir='ltr'><strong>τὸ</strong></span> 
     </span>
    </p>
   </div>
   <div class='ocr_carea' id='block_1_107' title="bbox 2201 4760 3744 4837">
    <p class='ocr_par' dir='ltr' id='par_1_107' title="bbox 2201 4760 3744 4837">
     <span class='ocr_line' id='line_1_107' title="bbox 2201 4760 3744 4837; baseline -0.002 -23"><span class='ocrx_word' id='word_1_775' title='bbox 2201 4761 2390 4830; x_wconf 77' lang='grc' dir='ltr'>ὄνομα,</span> <span class='ocrx_word' id='word_1_776' title='bbox 2424 4763 2603 4824; x_wconf 83' lang='grc' dir='ltr'>καλῶς</span> <span class='ocrx_word' id='word_1_777' title='bbox 2649 4763 2708 4814; x_wconf 84' lang='grc' dir='ltr'><strong>τὸ</strong></span> <span class='ocrx_word' id='word_1_778' title='bbox 2746 4763 3016 4832; x_wconf 77' lang='grc' dir='ltr'>πλήρωμα</span> <span class='ocrx_word' id='word_1_779' title='bbox 3043 4764 3147 4816; x_wconf 80' lang='grc' dir='ltr'><strong>τῶν</strong></span> <span class='ocrx_word' id='word_1_780' title='bbox 3185 4767 3523 4837; x_wconf 74' lang='grc' dir='ltr'>σωζομένων</span> <span class='ocrx_word' id='word_1_781' title='bbox 3557 4761 3625 4831; x_wconf 80' lang='grc' dir='ltr'>τῷ</span> <span class='ocrx_word' id='word_1_782' title='bbox 3651 4760 3744 4825; x_wconf 76' lang='grc' dir='ltr'><strong>ἀρε-</strong></span> 
     </span>
    </p>
   </div>
   <div class='ocr_carea' id='block_1_108' title="bbox 2202 4842 3740 4924">
    <p class='ocr_par' dir='ltr' id='par_1_108' title="bbox 2202 4842 3740 4924">
     <span class='ocr_line' id='line_1_108' title="bbox 2202 4842 3740 4924; baseline 0.001 -18"><span class='ocrx_word' id='word_1_783' title='bbox 2202 4852 2324 4922; x_wconf 85' lang='grc' dir='ltr'><strong>Θμῷ</strong></span> <span class='ocrx_word' id='word_1_784' title='bbox 2382 4852 2488 4905; x_wconf 79' lang='grc' dir='ltr'><strong>τῶν</strong></span> <span class='ocrx_word' id='word_1_785' title='bbox 2543 4853 2802 4924; x_wconf 77' lang='grc' dir='ltr'>ἑξήκοντα</span> <span class='ocrx_word' id='word_1_786' title='bbox 2863 4855 3298 4921; x_wconf 60' lang='grc' dir='ltr'>κεφαλαιοῦταιο</span> <span class='ocrx_word' id='word_1_787' title='bbox 3367 4858 3488 4918; x_wconf 80' lang='grc' dir='ltr'>ἑνὸς</span> <span class='ocrx_word' id='word_1_788' title='bbox 3545 4855 3630 4923; x_wconf 72' lang='grc' dir='ltr'>μὲν</span> <span class='ocrx_word' id='word_1_789' title='bbox 3671 4842 3740 4912; x_wconf 71' lang='grc' dir='ltr'><strong>ἀφ’</strong></span> 
     </span>
    </p>
   </div>
   <div class='ocr_carea' id='block_1_109' title="bbox 2200 4942 3743 5016">
    <p class='ocr_par' dir='ltr' id='par_1_109' title="bbox 2200 4942 3743 5016">
     <span class='ocr_line' id='line_1_109' title="bbox 2200 4942 3743 5016; baseline 0.001 -18"><span class='ocrx_word' id='word_1_790' title='bbox 2200 4948 2428 5000; x_wconf 78' lang='grc' dir='ltr'>ἑκάστου</span> <span class='ocrx_word' id='word_1_791' title='bbox 2463 4947 2661 5016; x_wconf 88' lang='grc' dir='ltr'>μέρους</span> <span class='ocrx_word' id='word_1_792' title='bbox 2704 4947 3136 5016; x_wconf 78' lang='grc' dir='ltr'>λαμϐανομένου,</span> <span class='ocrx_word' id='word_1_793' title='bbox 3167 4951 3253 5010; x_wconf 87' lang='grc' dir='ltr'>εἰς</span> <span class='ocrx_word' id='word_1_794' title='bbox 3284 4949 3453 5002; x_wconf 82' lang='grc' dir='ltr'>πέντε</span> <span class='ocrx_word' id='word_1_795' title='bbox 3486 4949 3540 5000; x_wconf 71' lang='grc' dir='ltr'>δὲ</span> <span class='ocrx_word' id='word_1_796' title='bbox 3563 4942 3743 5000; x_wconf 76' lang='grc' dir='ltr'>ὁπλίτας</span> 
     </span>
    </p>
   </div>
   <div class='ocr_carea' id='block_1_110' title="bbox 2200 5034 3740 5109">
    <p class='ocr_par' dir='ltr' id='par_1_110' title="bbox 2200 5034 3740 5109">
     <span class='ocr_line' id='line_1_110' title="bbox 2200 5034 3740 5109; baseline -0.003 -19"><span class='ocrx_word' id='word_1_797' title='bbox 2200 5038 2340 5091; x_wconf 75' lang='grc' dir='ltr'>κατὰ</span> <span class='ocrx_word' id='word_1_798' title='bbox 2385 5037 2471 5090; x_wconf 76' lang='grc' dir='ltr'><strong>τὸν</strong></span> <span class='ocrx_word' id='word_1_799' title='bbox 2514 5038 2743 5108; x_wconf 77' lang='grc' dir='ltr'>ἀριθμὸν</span> <span class='ocrx_word' id='word_1_800' title='bbox 2792 5038 2899 5090; x_wconf 83' lang='grc' dir='ltr'><strong>τῶν</strong></span> <span class='ocrx_word' id='word_1_801' title='bbox 2950 5039 3268 5109; x_wconf 78' lang='grc' dir='ltr'>αἰσθήσεων</span> <span class='ocrx_word' id='word_1_802' title='bbox 3305 5041 3402 5092; x_wconf 77' lang='grc' dir='ltr'>τοῦ</span> <span class='ocrx_word' id='word_1_803' title='bbox 3451 5039 3563 5099; x_wconf 84' lang='grc' dir='ltr'>ἑνὸς</span> <span class='ocrx_word' id='word_1_804' title='bbox 3593 5034 3740 5088; x_wconf 68' lang='grc' dir='ltr'>τοιῖτου</span> 
     </span>
    </p>
   </div>
   <div class='ocr_carea' id='block_1_111' title="bbox 2202 5129 2581 5199">
    <p class='ocr_par' dir='ltr' id='par_1_111' title="bbox 2202 5129 2581 5199">
     <span class='ocr_line' id='line_1_111' title="bbox 2202 5129 2581 5199; baseline 0.003 -19"><span class='ocrx_word' id='word_1_805' title='bbox 2202 5147 2267 5198; x_wconf 89' lang='grc' dir='ltr'><strong>με</strong></span> <span class='ocrx_word' id='word_1_806' title='bbox 2279 5129 2581 5199; x_wconf 79' lang='grc' dir='ltr'>ριζομένου.</span> 
     </span>
    </p>
   </div>
   <div class='ocr_carea' id='block_1_112' title="bbox 2269 5216 3735 5294">
    <p class='ocr_par' dir='ltr' id='par_1_112' title="bbox 2269 5216 3735 5294">
     <span class='ocr_line' id='line_1_112' title="bbox 2269 5216 3735 5294; baseline 0.001 -22"><span class='ocrx_word' id='word_1_807' title='bbox 2269 5219 2476 5273; x_wconf 82' lang='grc' dir='ltr'>Οὐκοῦν</span> <span class='ocrx_word' id='word_1_808' title='bbox 2509 5221 2706 5284; x_wconf 77' lang='grc' dir='ltr'>πάντες</span> <span class='ocrx_word' id='word_1_809' title='bbox 2746 5223 2794 5274; x_wconf 87' lang='grc' dir='ltr'>οἱ</span> <span class='ocrx_word' id='word_1_810' title='bbox 2836 5223 2987 5274; x_wconf 85' lang='grc' dir='ltr'>Θείαν</span> <span class='ocrx_word' id='word_1_811' title='bbox 3026 5223 3398 5294; x_wconf 79' lang='grc' dir='ltr'>ἐνδυσάμενοι</span> <span class='ocrx_word' id='word_1_812' title='bbox 3453 5216 3735 5276; x_wconf 66' lang='grc' dir='ltr'>πανοπλίαν,</span> 
     </span>
    </p>
   </div>
   <div class='ocr_carea' id='block_1_113' title="bbox 2200 5310 3733 5386">
    <p class='ocr_par' dir='ltr' id='par_1_113' title="bbox 2200 5310 3733 5386">
     <span class='ocr_line' id='line_1_113' title="bbox 2200 5310 3733 5386; baseline -0.001 -22"><span class='ocrx_word' id='word_1_813' title='bbox 2200 5312 2328 5380; x_wconf 86' lang='grc' dir='ltr'>μίαν</span> <span class='ocrx_word' id='word_1_814' title='bbox 2361 5311 2617 5366; x_wconf 79' lang='grc' dir='ltr'>κυκλοῦσι</span> <span class='ocrx_word' id='word_1_815' title='bbox 2643 5311 2735 5364; x_wconf 79' lang='grc' dir='ltr'>τοῦ</span> <span class='ocrx_word' id='word_1_816' title='bbox 2777 5312 3036 5382; x_wconf 86' lang='grc' dir='ltr'>βασιλέως</span> <span class='ocrx_word' id='word_1_817' title='bbox 3073 5314 3298 5385; x_wconf 79' lang='grc' dir='ltr'>κλίνην,</span> <span class='ocrx_word' id='word_1_818' title='bbox 3345 5313 3560 5386; x_wconf 78' lang='grc' dir='ltr'>Ἰσραὴλ</span> <span class='ocrx_word' id='word_1_819' title='bbox 3580 5310 3733 5363; x_wconf 59' lang='grc' dir='ltr'>πάντες</span> 
     </span>
    </p>
   </div>
   <div class='ocr_carea' id='block_1_114' title="bbox 2194 5394 3732 5476">
    <p class='ocr_par' dir='ltr' id='par_1_114' title="bbox 2194 5394 3732 5476">
     <span class='ocr_line' id='line_1_114' title="bbox 2194 5394 3732 5476; baseline 0 -21"><span class='ocrx_word' id='word_1_820' title='bbox 2194 5404 2501 5473; x_wconf 77' lang='grc' dir='ltr'>γενόμενοι,</span> <span class='ocrx_word' id='word_1_821' title='bbox 2545 5405 2637 5456; x_wconf 71' lang='grc' dir='ltr'><strong>καὶ</strong></span> <span class='ocrx_word' id='word_1_822' title='bbox 2664 5403 2750 5457; x_wconf 77' lang='grc' dir='ltr'>διὰ</span> <span class='ocrx_word' id='word_1_823' title='bbox 2778 5405 2884 5457; x_wconf 85' lang='grc' dir='ltr'><strong>τῶν</strong></span> <span class='ocrx_word' id='word_1_824' title='bbox 2914 5403 3116 5459; x_wconf 84' lang='grc' dir='ltr'>δώδεκα</span> <span class='ocrx_word' id='word_1_825' title='bbox 3160 5407 3360 5476; x_wconf 76' lang='grc' dir='ltr'>φυλῶν</span> <span class='ocrx_word' id='word_1_826' title='bbox 3397 5408 3498 5475; x_wconf 78' lang='grc' dir='ltr'><strong>τῆς</strong></span> <span class='ocrx_word' id='word_1_827' title='bbox 3530 5394 3732 5464; x_wconf 73' lang='grc' dir='ltr'>πανταχῆ</span> 
     </span>
    </p>
   </div>
   <div class='ocr_carea' id='block_1_115' title="bbox 2193 5493 3739 5570">
    <p class='ocr_par' dir='ltr' id='par_1_115' title="bbox 2193 5493 3739 5570">
     <span class='ocr_line' id='line_1_115' title="bbox 2193 5493 3739 5570; baseline -0.001 -22"><span class='ocrx_word' id='word_1_828' title='bbox 2193 5496 2484 5567; x_wconf 82' lang='grc' dir='ltr'>νοουμένης</span> <span class='ocrx_word' id='word_1_829' title='bbox 2512 5495 2824 5568; x_wconf 83' lang='grc' dir='ltr'>ἀριστείας,</span> <span class='ocrx_word' id='word_1_830' title='bbox 2857 5500 2935 5562; x_wconf 80' lang='grc' dir='ltr'>εἰς</span> <span class='ocrx_word' id='word_1_831' title='bbox 2962 5498 3049 5552; x_wconf 84' lang='grc' dir='ltr'><strong>τὸν</strong></span> <span class='ocrx_word' id='word_1_832' title='bbox 3083 5499 3328 5570; x_wconf 79' lang='grc' dir='ltr'>ἀριθμὸν</span> <span class='ocrx_word' id='word_1_833' title='bbox 3371 5497 3479 5553; x_wconf 79' lang='grc' dir='ltr'>τῶν</span> <span class='ocrx_word' id='word_1_834' title='bbox 3517 5493 3739 5562; x_wconf 56' lang='lat' dir='ltr'><strong>iii;me</strong></span> 
     </span>
    </p>
   </div>
  </div>
