3948 6192
214 308 298 366 905

1191 300 1252 356 IN
1297 292 1590 357 omnes
1634 266 1902 354 omne.
1945 268 2224 356 nonum
2265 301 2373 358 vn.

3305 298 3411 357 9'36

213 419 381 484 παντὸς
415 411 966 484 ἀνακεφαλαιουμένου
1011 406 1104 467 τοῦ
1132 416 1240 495 τῷν
1282 416 1549 487 ἀριστέων
1587 416 1723 486 πλη-

1830 414 2161 481 respublica,
2220 416 2442 468 fortium
2501 413 2739 468 virorum
2794 411 3134 483 plenitudine
3185 412 3402 466 redacta

213 512 452 587 ρώματος,
499 504 591 576 μία
622 506 922 575 παράταξις
952 505 1046 558 καὶ
1081 506 1308 577 στρατὸς
1346 502 1456 569 εἷς,
1502 506 1595 558 καὶ
1633 506 1730 575 μία

210 604 367 670 κλίνη,
395 598 654 652 τουτέστιν
708 594 1004 666 Ἐκκλησία
1035 596 1131 667 μία
1151 636 1165 661 ,
1201 599 1294 649 καὶ
1327 597 1451 660 λαὸς
1483 594 1565 659 εἷς
1585 641 1598 661 ,
1636 598 1728 649 καὶ

208 694 360 763 νύμφη
388 692 474 762 μία
499 691 546 742 oi
592 688 794 751 πάντες
829 690 1184 760 γενήσονται,
1212 689 1303 758 ὑφ’
1334 690 1413 742 ἐνὶ
1449 688 1727 759 ταξιάρχῳ

208 786 282 837 καὶ
318 780 656 850 ἐκκλησιαστῇ
714 772 807 832 καὶ
845 772 1064 855 νυμφίῳ
1116 781 1255 851 πρὸς
1306 782 1423 842 ἑνὸς
1477 780 1727 851 σώματος

204 872 445 929 κοινωνίαν
472 870 995 943 προσαρμοζόμενοι.
1027 870 1102 923 Τὸ
1123 872 1177 924 δὲ
1200 871 1388 940 κλίνην
1420 872 1725 925 ἀνάπαυσιν

203 962 308 1018 εἶναι
348 961 446 1014 τῶν
489 960 839 1032 σωζομένων,
879 961 974 1014 καὶ
1008 963 1071 1014 ὲκ
1117 962 1218 1031 τῆς
1248 960 1341 1014 τοῦ
1373 963 1505 1015 Θεοῦ
1540 964 1723 1032 φωνῆς

200 1052 535 1125 διδασκόμεθα,
571 1054 631 1115 ὃς
653 1068 786 1122 φησι
818 1053 953 1123 πρὸς
984 1034 1081 1105 ’τὸν
1112 1052 1352 1114 ἀναιδῶς
1371 1054 1426 1106 ἐν
1450 1054 1602 1107 νυκτὶ
1631 1053 1731 1129 θυτ

201 1140 580 1215 ροκρουστοῦντα
601 1157 614 1170 °
654 1140 735 1193 ὃτι
768 1140 920 1208 Ἤδη
965 1143 1004 1210 ἠ
1043 1143 1192 1209 οὐρα
1221 1142 1594 1206 κέκλεισται,
1624 1143 1723 1196 καὶ

197 1238 254 1290 τὰ
278 1233 461 1287 παιδία
497 1233 622 1302 μετ’
654 1232 799 1300 ἐμοῦ
833 1233 930 1285 ἐπὶ
974 1232 1083 1300 τῆς
1112 1234 1317 1301 κοίτης
1339 1234 1492 1288 ἐστι.
1524 1234 1724 1296 Καλῶς

196 1330 239 1382 δὲ
274 1330 384 1390 τοὺς
408 1326 488 1380 διὰ
517 1325 624 1379 τῶν
676 1322 855 1378 ὅπλων
902 1327 1001 1397 τῆς
1043 1325 1388 1396 δικαιοσύνης
1419 1326 1480 1377 τὸ
1512 1327 1719 1390 ἀπαθὲς

196 1416 636 1488 κατορθώσαντας,
685 1416 872 1468 παιδία
927 1414 1287 1486 κατονομάζει
1331 1418 1360 1469 ό
1409 1415 1594 1484 λόγος,
1634 1416 1721 1470 διὰ

193 1512 361 1564 τούτων
386 1508 509 1579 ἡμῖν
538 1504 935 1579 ὑφηγούμενος,
964 1509 1045 1561 ὅτι
1071 1508 1132 1560 τὸ
1161 1508 1220 1571 ἐξ
1248 1508 1562 1578 ἐπιμελείας
1590 1509 1720 1579 ἡμῖν

194 1600 575 1671 προσγινόμενον
606 1598 808 1667 ἀγαθὸν
828 1640 840 1661 ,
877 1600 975 1652 οὐκ
1000 1599 1128 1655 ἄλλο
1146 1599 1199 1652 τί
1238 1603 1353 1653 ἐστι
1387 1600 1536 1672 παρὰ
1561 1600 1623 1653 τὸ
1660 1599 1720 1665 ἐξ

190 1691 332 1761 ἀρχῆς
361 1689 678 1743 ἐναποτεθὲν
712 1693 776 1761 τῇ
807 1692 983 1758 φύσει.
1018 1692 1147 1744 Ὅτε
1180 1691 1287 1763 γὰρ
1317 1692 1412 1763 τὴν
1444 1692 1718 1762 ῥομφαίαν

1836 502 1889 555 in
1935 519 2207 559 summam
2253 507 2463 560 muneri
2498 507 2801 576 sexaginta,
2832 521 2937 559 una
2973 506 3141 568 acies,
3173 512 3227 557 et
3262 517 3403 559 unus

1834 598 2131 664 exercitus,
2163 606 2216 650 et
2269 614 2409 653 unus
2443 605 2528 652 est
2577 598 2775 664 lectus,
2831 612 3024 667 nempe
3072 612 3179 650 una
3214 593 3402 651 Eccle-

1834 688 1937 749 sia,
1996 696 2049 741 et
2093 691 2327 757 p0pulus
2373 705 2535 751 unus,
2568 696 2622 743 et
2653 704 2761 742 una
2816 702 3017 757 Sponsa
3056 688 3183 741 [ient
3211 702 3402 740 omnes

1828 777 1939 831 sub
1990 792 2099 831 uno
2149 779 2370 833 tribuno
2440 781 2694 844 militum,
2761 787 2815 834 et
2871 779 3281 839 concionatore,
3350 787 3402 829 et

1832 883 2037 937 sponso
2086 873 2354 938 compacti
2398 879 2451 924 et
2494 871 2805 925 concinnati
2843 872 2896 923 in
2946 884 3106 922 unam
3157 870 3405 935 corporis

1831 958 2295 1026 eonjnnctionem.
2371 960 2525 1027 Quod
2587 972 2769 1016 autem
2831 963 3003 1015 lectus
3061 961 3131 1013 sit
3189 959 3403 1026 requies

1829 1063 2019 1102 eorum
2078 1050 2168 1119 ιιιιί
2230 1051 2364 1104 salvi
2425 1049 2578 1115 fiunt,
2627 1052 2891 1105 docemur
2941 1051 3105 1102 etiam
3157 1065 3223 1102 ex
3272 1062 3405 1101 voce

1833 1138 2068 1201 Domini,
2124 1141 2215 1209 qui
2267 1141 2400 1194 dicit
2449 1142 2499 1196 ei
2548 1143 2639 1209 qni
2683 1149 2845 1195 noctu
2900 1141 3099 1194 ostium
3153 1139 3404 1208 pulsabat

1830 1230 2176 1299 impudenter
2207 1250 2218 1283 :
2255 1231 2513 1285 Clausum
2555 1241 2633 1286 est
2667 1234 2884 1295 ostium,
2922 1243 2969 1285 et
3011 1231 3157 1299 pueri
3204 1245 3403 1282 mecum

1828 1327 1950 1371 sunt
1993 1320 2046 1371 in
2081 1320 2242 1372 cubili
2282 1322 2347 1373 ⁸ο.
2396 1320 2563 1375 Recte
2597 1329 2778 1375 autem
2817 1336 2912 1375 eos
2954 1321 3047 1388 qui
3105 1334 3199 1387 per
3251 1333 3402 1370 arma

1824 1409 2055 1479 justitia:
2103 1412 2208 1466 sibi
2256 1425 2647 1482 compararunt
2678 1413 3157 1482 impatibilitatnm,
3194 1426 3404 1495 pueros

1831 1501 2098 1562 nominat.
2162 1505 2566 1573 esponentibus
2617 1506 2779 1560 nobis
2823 1504 3196 1573 dogmatibus,
3256 1503 3402 1571 quod

1827 1591 2029 1646 bonum
2071 1595 2215 1663 quod
2266 1596 2426 1650 nobis
2476 1595 2684 1650 accedit
2737 1611 2803 1650 ex
2852 1595 3125 1650 industria
3178 1610 3241 1647 ac
3274 1593 3401 1647 dili-

1827 1686 2031 1756 gentia,
2060 1701 2167 1740 non
2200 1695 2284 1742 est
2347 1687 2491 1741 aliud
2528 1688 2731 1742 bonum
2770 1702 2833 1741 ac
2888 1688 3203 1751 honestum,
3238 1701 3401 1755 quam

189 1778 548 1848 διαζωσάμενος
589 1779 679 1833 διὰ
706 1783 977 1852 προσοχῆς
1005 1781 1097 1834 τοῦ
1122 1783 1242 1835 κατ’
1282 1782 1481 1853 ἀρετὴν
1514 1782 1628 1852 βίου
1660 1784 1721 1836 τὸ

1828 1775 1883 1830 id
1930 1778 2076 1846 qu‘od
2138 1778 2206 1832 ab
2258 1779 2416 1833 initio
2477 1788 2674 1834 natura
2723 1788 2809 1836 est
2860 1781 3018 1836 nobis
3066 1781 3399 1851 repositum.

190 1871 331 1934 πάθος
376 1872 820 1934 ἀπεσκευάσατο,
877 1873 995 1925 τότε
1049 1870 1239 1941 νήπιον
1299 1867 1402 1939 τῆς
1472 1873 1723 1943 ἡλικίας,

191 1962 488 2035 tivam-Gigas;
520 1961 639 2032 ἔχει
664 1961 757 2015 τοῦ
785 1961 1025 2015 τοιούτου
1051 1962 1277 2025 πάθους.
1320 1964 1393 2015 υὺ
1425 1962 1534 2033 γὰρ
1562 1966 1730 2034 χωρεῖ

184 2052 233 2104 τὸ
260 2052 411 2113 πάθος
438 2057 468 2122 ἡ
500 2051 686 2122 ἀωρία
712 2051 810 2121 τῆς
836 2051 1072 2123 ἡλικίας.
1113 2051 1321 2106 Οὐκοῦν
1361 2052 1554 2105 ταυτόν
1580 2056 1727 2105 ἐστιν

186 2142 371 2205 ὁπλίτας
400 2148 457 2195 τε
486 2144 623 2214 περὶ
650 2143 750 2213 τὴν
782 2142 969 2213 κλίνην
1004 2138 1140 2196 εἶναι
1169 2143 1379 2213 μαθεῖν,
1427 2145 1523 2197 καὶ
1555 2132 1722 2215 νήπια

186 2233 258 2284 ἐπὶ
286 2233 375 2302 τῆς
412 2234 604 2311 κλίνης
654 2234 1063 2303 ἁναπαυόμενα.
1111 2234 1229 2289 Μία
1277 2234 1387 2306 γὰρ
1420 2236 1506 2287 ἐπ’
1544 2236 1724 2306 ἀμφο-

187 2326 327 2396 τέρων
358 2330 389 2398 ἡ
434 2327 712 2391 ἀπάθεια,
752 2325 861 2379 τῶν
889 2343 948 2379 τε
987 2327 1060 2397 μὴ
1105 2327 1588 2396 παραδεξαμένων,
1622 2330 1725 2385 ,καὶ

183 2419 273 2471 τῶν
322 2421 702 2490 ἀπωσαμὲνων
764 2418 822 2473 τὸ
892 2413 1079 2481 πάθος.
1142 2418 1207 2472 Οί
1268 2417 1367 2488 μὲν
1412 2419 1520 2489 γὰρ
1571 2423 1725 2476 οὔπω

181 2510 422 2575 ἔγνωσανο
466 2511 514 2563 oi
544 2510 617 2563 δὲ
643 2511 779 2581 πρλς
821 2510 918 2580 τὴν
952 2508 1174 2581 πρώτην
1210 2511 1541 2563 κατάστασιν
1602 2512 1726 2563 ἑαυ-

180 2598 282 2659 τοὺς
318 2598 695 2667 ἐπανήγαγον,
734 2588 1064 2668 στραφέντες
1085 2637 1099 2661 ,
1136 2594 1232 2650 καὶ
1257 2596 1442 2649 παιδία
1481 2592 1547 2668 τῇ
1581 2598 1723 2651 ἁπα-

178 2687 275 2754 Beia
306 2689 620 2759 γενόμενοι,
670 2689 746 2752 ὼς
790 2688 1061 2758 μακάριον
1110 2683 1172 2740 τὸ
1212 2688 1270 2741 ὲν
1311 2682 1520 2752 τούτοις
1570 2690 1724 2761 εὑρε-

181 2778 344 2849 θῆναι,
388 2781 419 2849 ῆ
464 2768 708 2845 παιδίον,
759 2780 791 2850 ἢ
838 2779 1104 2847 ὁπλίτην,
1148 2774 1465 2850 aetnam,
1508 2780 1723 2851 Ἰσραη-

88 2926 95 2934 _
177 2870 302 2942 λίτην
356 2875 679 2944 γενόμενον,
738 2875 811 2937 ὡς
856 2870 953 2944 μὲν
1016 2868 1353 2944 Ἰσραηλίτην
1401 2875 1458 2928 ὲν
1508 2871 1725 2949 καθαρᾷ

177 2964 342 3035 καρδία
369 2966 458 3019 τὸν
501 2966 646 3020 Θεὸν
687 2966 931 3037 ὁρῶντα·
990 2963 1065 3030 ὡς
1113 2966 1169 3019 δὲ
1206 2967 1455 3038 ὁπλίτην,
1488 2970 1545 3021 ὲν
1583 2969 1719 3023 ἀπα-

172 3052 271 3125 θείᾳ
333 3058 423 3111 καὶ
472 3056 816 3128 καθαρότητι
880 3048 979 3129 τήν
1025 3058 1118 3111 τοῦ
1187 3059 1452 3129 βασιλέως
1517 3061 1720 3134 κλίνην,

1827 1866 2056 1932 Quando
2106 1870 2252 1924 enim
2296 1871 2389 1940 qui
2447 1870 2644 1926 femori
2699 1872 2937 1926 accinxit
2977 1887 3186 1932 ensem,
3223 1879 3399 1924 atten-

1827 1955 2006 2010 dendo
2052 1957 2178 2012 vita:
2211 1966 2277 2013 ex
2314 1960 2515 2014 virtute
2542 1960 2785 2030 agendze,
2816 1963 3026 2031 expulit
3073 1963 3240 2015 animi
3277 1976 3402 2030 per-

1826 2046 2219 2111 turbationem',
2269 2057 2398 2104 tunc
2431 2050 2616 2106 infans
2653 2060 2813 2107 aetate
2842 2060 2946 2118 est,
2980 2068 3179 2122 expers
3206 2066 3402 2107 senSus

1825 2133 2100 2202 ejusmodi
2138 2137 2302 2190 animi
2335 2139 2780 2207 perturbationis.
2822 2140 2940 2195 Non
2989 2142 3132 2194 enim
3167 2156 3230 2195 ea
3268 2152 3400 2195 aetas

1825 2224 2118 2281 immatura
2149 2243 2318 2298 capax
2347 2238 2432 2285 est
2461 2231 2729 2298 ejusmodi
2769 2233 3217 2300 perturbationis.
3252 2232 3398 2286 Idem

1825 2326 1912 2371 est
1948 2332 2079 2387 ergo
2117 2317 2300 2375 dicere
2351 2329 2404 2375 et
2451 2330 2691 2377 armatos
2733 2338 2857 2378 esse
2903 2325 3052 2378 circa
3089 2325 3309 2388 lectum,
3349 2338 3400 2378 et

1826 2404 2085 2472 infantes,
2122 2423 2230 2463 una
2264 2412 2467 2480 quippe
2499 2421 2583 2467 est
2621 2415 3018 2483 impatibilitas,
3055 2416 3401 2486 quandoqui-

1825 2495 1948 2551 dem
1980 2497 2037 2550 bi
2068 2514 2177 2553 non
2215 2500 2580 2565 admiserunt,
2637 2504 2717 2557 illi
2747 2520 2878 2559 vero
2923 2511 3201 2575 ejecernnt
3230 2508 3398 2561 animi

1825 2589 2316 2656 perturbationem.
2376 2591 2510 2645 Nam
2554 2593 2629 2647 illi
2684 2595 2904 2663 quidem
2960 2599 3204 2652 nondum
3233 2614 3403 2654 nove-

1825 2687 1985 2744 runt;
2040 2680 2096 2733 hi
2145 2694 2277 2735 vero
2313 2682 2377 2734 ad
2420 2683 2656 2752 priorem
2691 2692 2893 2740 statum
2937 2702 2997 2741 se
3044 2689 3395 2758 redegerunt,

1825 2774 2100 2838 conversi,
2148 2782 2203 2829 et
2251 2775 2659 2845 impatibilitate
2709 2777 2885 2851 effecti
2921 2782 3097 2849 pueri,
3146 2782 3283 2836 adeo
3340 2794 3400 2836 ut

1825 2864 2021 2920 beatus
2062 2866 2116 2920 in
2164 2866 2250 2922 bis
2284 2870 2617 2934 inveniatur,
2648 2870 2730 2925 vel
2767 2870 2969 2935 infans,
3011 2873 3093 2927 vel
3132 2882 3398 2940 armatus,

1825 2956 1910 3011 vel
1957 2972 2121 3013 verus
2153 2958 2397 3013 Israelita
2455 2958 2654 3024 factus,
2690 2971 2748 3015 ut
2784 2978 2948 3019 verus
3000 2965 3242 3020 Israelita
3278 2969 3401 3035 qui-

1825 3047 1948 3103 dem
1972 3048 2025 3102 in
2051 3066 2187 3119 puro
2207 3052 2374 3106 corde
2402 3051 2569 3108 Deum
2602 3054 2813 3121 videns,
2847 3065 2904 3110 ut
2930 3065 3173 3114 armatus
3195 3067 3395 3127 autem,

171 3147 383 3200 τουτέστι
421 3149 520 3220 τὴν
573 3148 769 3201 ἑαυτοῦ
824 3148 1049 3220 καρδίαν
1108 3150 1489 3217 φυλάσσοντα·
1544 3152 1619 3215 ὡς
1666 3152 1723 3207 δὲ

1828 3136 1881 3190 in
1922 3137 2326 3207 impatibilitate
2359 3155 2423 3195 ac
2465 3142 2707 3211 puritate.
2765 3145 2906 3215 regis
2945 3144 3167 3210 lectum,
3201 3146 3254 3200 id
3292 3156 3397 3212 est.

170 3239 370 3303 παιδίον,
404 3242 496 3294 ἐπὶ
529 3242 640 3311 τῆς
670 3242 942 3311 μακαρίας
971 3240 1153 3312 κοίτης
1188 3242 1631 3312 ἀναπαυόμενον,
1670 3245 1725 3297 ἑν

171 3327 359 3400 Χριστῷ
403 3332 589 3400 Ἰησοῦ
633 3330 709 3401 τῷ
758 3332 947 3404 Κυρίῳ
990 3331 1166 3403 ἡμῶν,
1195 3325 1240 3401 ᾧ
1280 3332 1460 3404 ήδόξα
1499 3334 1726 3397 είςτοθλς

168 3418 338 3484 αἰῶνας
374 3422 483 3476 τῶν
523 3421 772 3477 αἰώνων.
817 3423 1010 3494 Ἀμήν.

756 3515 995 3569 οΜιΑιΑ
1035 3517 1107 3568 Ζι.
1298 3596 1301 3597 ν
1557 3590 1561 3597 1

220 3606 450 3675 Φορεῖον
494 3607 796 3673 ἐποίησεν
840 3605 1029 3671 ἐαυτῷ
1055 3611 1088 3661 ὁ
1110 3596 1412 3673 βασιλεὺς
1444 3596 1725 3677 Σολομὼν

165 3696 260 3749 ἀπὸ
296 3700 496 3762 ξύλων
534 3699 653 3753 τοῦ
683 3699 959 3760 Λιϐάνου,
998 3700 1267 3765 στύλους
1299 3700 1485 3753 αὑτοῦ
1520 3702 1725 3769 ἐποίη-

162 3798 255 3835 σεν
313 3787 642 3856 ἀργύριον.
706 3786 805 3839 καὶ
872 3785 1196 3841 (ir-ductor
1250 3791 1538 3857 χρυσίον,
1595 3790 1723 3843 ἐπί-

163 3875 309 3942 ϐασις
344 3878 538 3933 αὑτοῦ
589 3871 887 3947 πορφυρᾶ.
928 3878 1135 3944 Ἐντὸς
1174 3881 1363 3935 αὐτοῦ
1405 3883 1724 3950 λιθόστρωσ

163 3977 267 4027 rcr,
308 3966 558 4034 ἀγάπην
610 3965 729 4020 ἀπὸ
776 3966 1111 4035 θυγατέρων
1162 3969 1563 4037 Ἰερουσαλήμ.
1610 3972 1722 4023 Θυ-

162 4054 376 4123 ττιτέρες
402 4060 589 4121 Σιὼν,
636 4057 931 4120 ἐξέλθετε,
966 4058 1062 4112 καὶ
1095 4059 1248 4113 ἴδετε
1279 4061 1349 4113 ἐν
1380 4058 1460 4126 τῷ
1476 4061 1733 4125 βασιλεῖ

159 4144 440 4214 Σολομὼν,
476 4147 554 4200 ἐν
599 4145 681 4211 τῷ
710 4136 1108 4215 στεφάνῳ,ᾧ
1152 4149 1573 4217 ἐστεφάνωσεν
1618 4153 1725 4205 αὺ-

155 4236 247 4287 τὸν
294 4238 328 4303 ἠ
373 4238 589 4307 μήτηρ
628 4237 816 4290 αὑτοῦ
847 4237 916 4290 ἐν
953 4237 1143 4305 ἡμέρᾳ
1186 4242 1576 4307 νυμφεύσεως
1618 4243 1725 4295 αὺ-

155 4326 264 4391 τοῦ,
298 4333 395 4383 καί
444 4332 521 4385 ὲν
570 4329 763 4399 ἡμέρᾳ
795 4332 1177 4400 εὐφροσύνης
1224 4333 1472 4401 καρδίας
1513 4336 1721 4389 αὐτοῦ.

162 4420 300 4473 Ἰδοὺ
353 4422 412 4475 εἷ
469 4421 663 4489 καλὴ,
713 4423 752 4491 ή
795 4425 1060 4491 πλησίον
1092 4441 1244 4492 μου,
1278 4422 1405 4477 ἰδοὺ
1448 4420 1507 4477 εἷ
1542 4424 1719 4493 καλή.

162 4507 469 4580 Dymno!
527 4527 652 4566 σου
708 4512 1074 4581 περιστεραῖ,
1129 4514 1299 4579 ἐκτὸς
1348 4512 1456 4580 τῆς
1503 4514 1725 4579 σιωπή-

147 4602 286 4667 σεώς
335 4605 633 4667 σου,⁶ὠς
680 4604 885 4673 ἀγέλαι
942 4604 1062 4657 τῶν
1113 4603 1331 4673 αῑτῶν,
1394 4605 1455 4658 αἲ
1500 4606 1724 4659 ἀπεκα-

148 4693 465 4760 λύφθησαν
504 4695 633 4749 ἀπὸ
683 4695 788 4749 τοῦ
837 4694 1100 4748 Palatio.
1155 4695 1427 4761 Ὀδόντες
1476 4711 1593 4750 σου
1646 4698 1726 4762 ὠς

143 4775 344 4844 ἀγέλαι
380 4779 511 4834 τῶν
562 4781 962 4849 κεκαρμένων,
1001 4781 1065 4834 αἳ
1110 4782 1419 4849 ἀνέϐησαν
1460 4784 1578 4837 ἀπὸ
1616 4785 1725 4840 τοῦ

142 4864 417 4930 λουτροῦ.
457 4869 525 4919 al
566 4865 757 4921 πᾶσαι
780 4867 1229 4936 διδυμεύουσαι,
1260 4871 1358 4924 καί
1385 4873 1724 4929 ἀτεκνοῦσα

139 4952 240 5006 οὐκ
290 4954 482 5010 ἔστιν
530 4957 606 5009 ἐν
641 4957 868 5023 αὐταῖς.
927 4958 1022 5025 Ὠς
1055 4962 1351 5030 σπαρτίον
1390 4963 1455 5016 τὸ
1485 4965 1726 5020 κόχκιον

139 5047 307 5111 χείλη
361 5061 533 5113 σου,
576 5047 674 5100 καὶ
706 5046 745 5113 ή
789 5047 971 5101 λαλιά
1016 5066 1132 5104 σου
1176 5051 1376 5120 ὡραία.
1430 5056 1514 5120 Ως
1541 5056 1728 5108 λεπυ-

131 5149 237 5200 ρον
283 5135 451 5204 ῥοᾶς
519 5135 729 5206 μῆλόν
799 5154 917 5192 σου
977 5139 1153 5207 ἐκτὸς
1208 5142 1319 5210 τῆς
1369 5145 1725 5215 σιωπήσεώς

135 5236 264 5274 σου.
315 5223 419 5289 Ὠς
468 5224 705 5293 πύργος
749 5226 1259 5305 Δασὶδστράχηλός
1293 5245 1445 5297 σου,
1497 5236 1531 5286 ό
1577 5235 1725 5301 ᾠκο-

134 5307 482 5382 δομημένος
545 5315 633 5377 είς
688 5317 978 5372 Θαλπιώθ.
1033 5320 1223 5375 Χίλιοι
1247 5323 1442 5389 θιφεοὶ
1470 5324 1723 5394 κρέμαν-

132 5413 216 5451 ται
267 5402 368 5454 ἐπ’
418 5403 623 5456 αὑτὸν
641 5443 656 5468 ,
723 5404 911 5461 πᾶσαι
974 5409 1223 5477 ,ϐολίδες
1278 5412 1397 5465 τῶν
1430 5412 1721 5471 δυνατῶν.

130 5491 240 5545 Δύο
274 5486 526 5562 μαστοὶ
569 5511 683 5549 σου
718 5498 799 5561 ὡς
830 5497 939 5552 δύο
966 5503 1155 5569 νεϐροί
1176 5501 1409 5574 δίδυμοι
1432 5506 1723 5576 δορκάδος

1828 3241 1926 3281 cor
1966 3244 2125 3284 suum
2172 3231 2513 3297 custodiens,
2558 3241 2618 3288 ut
2673 3233 2855 3289 infans
2897 3246 3101 3300 autem,
3143 3239 3197 3292 in
3242 3239 3401 3296 beato

1828 3317 1968 3374 lecto
2013 3323 2325 3391 quieScens,
2364 3326 2418 3379 in
2461 3325 2679 3382 Christo
2720 3325 2850 3383 Jesu
2899 3328 3128 3384 Domino
3187 3340 3400 3400 nostro,

1827 3409 1915 3465 cui
1959 3414 2129 3483 gloria
2184 3416 2238 3469 in
2285 3418 2886 3477 smcula'smculorum.
2935 3423 3104 3478 Amen

2384 3509 2669 3566 liOMlLIA
2730 3511 2845 3566 VII.

1896 3592 2027 3647 CAP.
2053 3609 2132 3657 ιιι,
2151 3598 2205 3669 9.
2225 3597 2277 3651 9.
2306 3597 2592 3653 Ferculum
2614 3603 2715 3655 sibi
2735 3604 2861 3671 fecit
2882 3603 3137 3661 Salomon
3159 3624 3224 3661 ea:
3245 3611 3403 3679 lignis

1828 3682 2037 3739 Libani.
2068 3688 2151 3741 iO.
2175 3686 2464 3744 Columnas
2486 3692 2589 3745 sibi
2606 3693 2729 3762 fecit
2748 3708 3043 3765 argenteas,
3065 3712 3114 3752 et
3128 3702 3409 3753 reclinalw

1776 3807 1783 3813 -
1827 3775 1966 3826 rium
1998 3792 2150 3829 suum
2196 3795 2435 3844 aureum,
2475 3795 2720 3836 ascensus
2748 3788 2863 3853 ejus
2888 3803 3203 3854 purpureus.
3250 3789 3407 3844 Intra

1825 3864 1996 3934 ipsum
2023 3878 2100 3919 est
2133 3870 2487 3936 pavimentum
2528 3873 2786 3929 charitate
2825 3885 3057 3931 stratum
3092 3895 3157 3932 ex
3186 3880 3402 3949 ﬁliabus

1823 3954 2141 4014 Jerusalem.
2172 3961 2258 4014 11.
2298 3961 2471 4029 Exite,
2508 3966 2636 4034 ﬁlia:
2662 3965 2813 4028 Sion.
2843 3978 2893 4021 et
2922 3970 3089 4026 videte
3106 3989 3272 4042 regem
3298 3972 3402 4028 Sa-

1827 4049 2084 4104 lomonem
2113 4053 2167 4106 in
2194 4069 2390 4109 corona
2415 4073 2518 4125 qua
2547 4061 2819 4113 coronavit
2844 4076 2963 4114 eum
2993 4074 3163 4117 mater
3189 4064 3324 4133 ejus,
3348 4065 3403 4117 in

1825 4141 1910 4195 die
1932 4142 2357 4218 desponsatiqnis
2388 4164 2519 4212 sum,
2549 4159 2597 4202 et
2639 4150 2691 4203 in
2720 4151 2805 4205 die
2852 4151 3059 4208 lwtitirr
3088 4159 3262 4210 cordis
3295 4159 3380 4210 sui

1826 4228 1955 4283 Car.
1982 4246 2055 4295 ιν,
2080 4234 2132 4303 Ῡ.
2176 4236 2227 4287 1.
2265 4235 2398 4289 Ecce
2425 4237 2645 4305 pulchra
2676 4255 2751 4303 es,
2791 4243 3081 4310 propinqua
3115 4261 3249 4307 mea,
3288 4262 3403 4299 ecce

1823 4319 2043 4385 pulchra
2073 4340 2146 4377 es.
2179 4325 2338 4381 Oculi
2382 4328 2458 4380 tui
2488 4329 2762 4395 columbcc,
2790 4344 2982 4399 pra’ter
3010 4333 3065 4386 id
3101 4336 3242 4404 quod
3269 4337 3321 4389 in
3354 4348 3404 4389 te

1826 4414 2088 4470 reticetur.
2114 4417 2278 4471 Coma
2303 4428 2392 4471 tua
2422 4420 2559 4473 velut
2600 4437 2775 4489 greges
2814 4439 3096 4491 caprarum
3140 4442 3256 4493 quw
3281 4436 3405 4481 sunt

1831 4506 2071 4561 revelata:
2097 4508 2161 4561 de
2185 4519 2357 4562 monte
2387 4507 2618 4566 Galaad.
2652 4512 2708 4564 2.
2742 4512 2936 4566 Dentes
2968 4515 3045 4566 tui
3067 4515 3205 4568 sicut
3225 4533 3401 4588 greges
3424 4510 3437 4521 ’

1834 4604 2109 4650 tonsarum
2177 4589 2693 4668 quw'ascenderunt
2741 4602 2808 4656 de
2851 4602 3087 4667 lauacro,
3134 4613 3185 4659 et
3226 4620 3409 4660 omne:

1830 4688 2062 4755 geminos
2084 4691 2320 4755 pariunt,
2348 4698 2397 4743 et
2423 4691 2620 4744 sterilis
2642 4707 2745 4743 non
2765 4701 2844 4745 est
2865 4693 3005 4746 inter
3018 4708 3128 4747 eas.
3170 4693 3224 4748 5.
3254 4693 3405 4749 Sicut

1831 4780 2102 4848 funiculus
2134 4784 2406 4838 coccineus
2435 4783 2583 4837 labia
2607 4795 2721 4848 tua,
2747 4793 2797 4837 et
2820 4801 2993 4839 sermo
3020 4795 3141 4840 tuus
3166 4787 3401 4855 pulcher.

1835 4870 2111 4941 Tanquam
2141 4883 2319 4927 cortex
2348 4875 2480 4927 mali
2506 4875 2685 4944 punici
2732 4892 2865 4944 gena
2897 4886 3009 4942 tua,
3038 4889 3192 4930 extra
3245 4878 3406 4933 silen—

1834 4964 1964 5016 tium
2000 4975 2168 5017 tuum.
2203 4966 2256 5019 4.
2290 4958 2440 5019 Sicut
2475 4966 2638 5019 turris
2673 4965 2842 5020 David
2864 4968 3059 5021 collum
3093 4978 3262 5035 tuum,
3287 4987 3407 5040 quae

1829 5065 1908 5108 est
1944 5055 2211 5124 adi/irata
2240 5056 2296 5109 in
2323 5054 2628 5124 Thalpioth.
2668 5055 2818 5111 Mille
2850 5059 3019 5129 clypei
3046 5060 3100 5112 in
3138 5060 3255 5128 ipsa
3278 5076 3404 5130 pen-

1829 5145 1974 5208 dent,
2007 5160 2187 5199 omnes
2211 5146 2377 5199 hasta:
2402 5145 2641 5214 fortium.
2667 5147 2724 5201 5.
2775 5148 2894 5203 Duo
2922 5149 3083 5204 ubera
3126 5164 3219 5203 tua
3266 5152 3404 5205 sicut

1829 5236 1934 5290 duo
1966 5236 2172 5290 hinnuli
2192 5251 2394 5305 caprea:
2413 5236 2644 5306 gemelli,
2662 5239 2753 5307 qui
2772 5250 3063 5307 pascuntur
3084 5241 3136 5294 in
3166 5240 3319 5297 liliis.
3345 5241 3399 5295 6.

1835 5325 2008 5380 Donec
2059 5327 2315 5394 perspiret
2365 5327 2548 5381 dieset
2594 5338 2901 5383 moveantur
2946 5331 3167 5386 umbrre.
3204 5331 3298 5385 Ibo
3334 5335 3407 5385 ad

1831 5429 2063 5472 montem
2112 5418 2361 5489 myrrlue,
2426 5426 2475 5471 et
2516 5419 2587 5471 ad
2654 5418 2841 5474 collem
2891 5421 3081 5475 thuris.
3146 5421 3198 5473 7.
3266 5419 3403 5472 Tota

1828 5508 2048 5577 pulchra
2070 5524 2146 5573 es,
2172 5509 2465 5578 propinqua
2489 5523 2627 5572 mea,
2657 5521 2705 5564 et
2736 5511 2947 5564 macula
2977 5526 3083 5565 non
3108 5519 3187 5565 est
3211 5508 3265 5562 in
3294 5516 3366 5563 te.

128 5589 176 5639 ολ
232 5588 585 5659 νεμόμενοι
648 5592 720 5645 ἐν
762 5593 1006 5660 κρίνοις.
1061 5597 1210 5664 Ἕως
1282 5596 1354 5655 οὖ
1401 5599 1735 5673 διαπνεύοῃ
1810 5604 2033 5674 ἡμέρα.
2105 5604 2203 5658 καὶ
2265 5600 2588 5669 κινηθῶσιν
2642 5605 2702 5658 al
2786 5604 2973 5658 σκιαί.
3033 5603 3402 5672 "operiamus

309 5701 363 5735 ³⁰
408 5701 561 5756 Luc.
622 5718 697 5766 ιι,
759 5703 807 5759 7.

493 5792 775 5856 PATROL.
819 5796 936 5857 Gn.
970 5795 1199 5857 XLIV.

3014 5808 3095 5869 29
