3948 6192
259 273 338 332 909

1221 269 1285 324 IN
1323 261 1618 324 CANTICA
1649 261 1917 324 CANTIC.
1959 259 2236 322 llOMlLIA
2283 266 2394 321 VII.

3390 263 3495 324 910

255 405 341 454 ιιως
362 386 463 458 τὴν
494 387 814 443 δεσποτείαν
842 387 960 460 ’ἔχει
984 403 996 420 ·
1027 390 1062 459 ἡ
1085 389 1142 443 δὲ
1175 390 1305 460 περὶ
1327 389 1427 460 τὴν
1451 388 1663 442 δικαίαν
1697 387 1816 458 κρί-

1932 384 2010 453 qui
2058 382 2226 437 dicit:
2293 382 2453 434 Pater
2509 378 2762 433 neminem
2803 379 3037 447 judicat,
3091 380 3183 434 sed
3224 381 3495 449 Judieium

257 498 324 538 σιν
356 481 449 535 τοῦ
479 483 823 553 Σολομῶντος
857 479 1059 551 σπουδὴ
1082 480 1182 533 ’τὸν
1213 480 1466 550 ἀληθινὸν
1494 479 1688 552 κριτὴν
1720 481 1814 534 τοῦ

253 575 430 638 παντὸς
466 574 678 644 κόσμου
703 575 1075 644 διασημαίνει,
1100 574 1159 638 ὃς
1193 587 1357 643 φησιν
1376 589 1388 602 ·
1429 573 1493 625 '0
1519 573 1722 640 Πατὴρ
1743 573 1816 628 οὐ

253 667 417 735 κρίνει
453 666 700 730 οὐδένα,
740 667 903 722 ἀλλὰ
945 667 1062 734 τὴν
1102 666 1308 735 κρίσιν
1353 663 1563 721 πᾶσαν
1597 664 1816 719 δέδωκε

252 753 312 822 τῷ
342 755 487 821 Υίῷ·
517 756 612 810 καὶ
636 755 741 818 ὅτι,
779 756 863 810 Οὐ
899 755 1154 826 δύναμαι
1185 755 1379 811 ποιεῖν
1426 756 1527 811 ἀπ’
1557 751 1817 825 ἐμαυτοῦ

250 849 416 903 οὐδέν
437 864 450 878 ο
483 847 645 902 ἀλλὰ
696 847 894 915 καθὼς,
919 849 1144 912 ἀκούω,
1181 849 1382 917 κρίνω,
1424 849 1523 904 καί
1553 851 1592 918 ’ὴ
1623 850 1819 919 κρίσις

249 943 278 1006 ἡ
301 939 414 1009 ἐμὴ
437 939 642 993 δικαία
685 940 878 993 ἐστίν.
910 931 1079 1003 Οὗτος
1113 939 1221 1010 γὰρ
1241 940 1270 992 ὁ
1292 938 1590 1010 ἀκρότατος
1612 940 1713 1007 τῆς
1744 933 1820 993 δι-

248 1033 392 1094 καίας
443 1030 680 1101 κρίσεως
737 1033 882 1102 ὅρος,
937 1032 999 1084 τὸ
1035 1032 1110 1103 μὴ
1166 1034 1259 1100 ἀφ’
1293 1025 1488 1085 ἑαυτοῦ
1533 1033 1672 1086 κατά
1697 1050 1820 1087 τινα

250 1122 612 1193 προσπάθειαν
671 1121 963 1193 ἀπόκρισιν
1015 1125 1124 1184 τοῖς
1179 1123 1522 1193 κρινομένοις
1594 1123 1815 1194 νέμεινο

246 1213 367 1268 ἀλλά
398 1212 618 1283 πρῶτον
657 1211 880 1266 ἀκούειν
925 1211 1034 1265 τῶν
1070 1212 1342 1266 ὑποδίκων
1382 1215 1450 1283 τῇ
1484 1209 1682 1282 κρίσει,
1719 1207 1818 1264 εἷθ’

244 1301 408 1367 οὕτως
443 1301 544 1372 τὴν
573 1299 660 1355 ἐπ’
689 1302 873 1364 αὐτοῖς
900 1303 1078 1372 ψῆφον
1127 1303 1456 1358 ἐκτίθεσθαι.
1495 1299 1569 1357 Ob
1597 1303 1757 1375 χάριν
1786 1307 1818 1374 ἡ

243 1392 326 1448 τοῦ
350 1393 492 1447 Θεοῦ
527 1392 757 1464 δύναμίς
782 1411 904 1447 τινα
933 1393 1188 1464 ὁμολογεῖ
1207 1396 1281 1465 μὴ
1300 1391 1578 1449 δύνασθαι.
1613 1394 1686 1447 Τὸ
1711 1393 1821 1464 γὰρ

246 1485 339 1550 ἔξω
377 1482 470 1536 τοῦ
526 1483 737 1537 δικαίου
801 1483 1144 1555 παρατρέψαι
1193 1484 1292 1555 τὴν
1341 1485 1522 1556 κρίσιν
1572 1483 1823 1538 ἀδυνατεῖ
1842 1493 1850 1500 "

246 1573 486 1642 ἀλήθεια.
535 1571 693 1624 Ἀλλὰ
721 1570 782 1624 τὸ
811 1572 908 1642 μὲν
933 1572 998 1626 ὲκ
1024 1572 1118 1626 τοῦ
1149 1571 1462 1644 σπέρματος
1492 1571 1655 1626 Δαϐὶδ
1682 1567 1820 1626 εἶναι

249 1664 378 1718 κατὰ
410 1662 590 1733 σάρκα
622 1662 709 1716 τὸν
735 1661 960 1733 Κύριον,
993 1664 1088 1717 καὶ
1139 1663 1289 1733 παρὰ
1319 1661 1413 1716 τοῦ
1447 1662 1730 1731 γεγονότος
1755 1664 1819 1715 ἐκ

1915 493 2066 530 omne
2095 475 2238 530 dedit
2274 473 2420 526 Filio
2444 471 2490 504 "
2520 489 2533 536 ;
2578 478 2652 533 et,
2686 470 2804 524 Non
2851 487 3065 540 possum
3111 486 3178 526 ex
3203 489 3282 527 me
3322 471 3496 541 facere

1915 568 2242 638 quidquam:
2290 565 2380 620 sed
2445 565 2582 617 sicut
2635 560 2816 621 audio.
2870 562 3092 630 judico:
3138 569 3187 617 ei
3231 565 3494 633 judicium

1918 676 2090 714 meum
2135 659 2342 728 justum
2391 665 2467 710 est
2509 655 2575 707 ’⁷.
2627 652 2752 707 llzec
2795 660 2879 706 est
2923 653 3068 706 enim
3115 651 3249 718 justi
3301 652 3495 721 judicii

1919 749 2272 804 exactissima
2304 747 2575 808 deﬁnitio.
2628 761 2735 801 non
2760 762 2823 800 ex
2860 761 2918 802 se
2978 746 3161 814 aliqua
3213 746 3498 801 affectione

1917 838 2049 893 dare
2073 853 2402 908 responsum
2435 837 2503 892 iis
2528 837 2620 906 qui
2653 838 2705 891 in
2731 835 2944 902 judicio
2987 835 3367 902 contendunt;
3399 835 3498 890 sed

1918 929 2152 997 primum
2181 929 2369 984 audire
2399 943 2493 984 eos
2526 927 2619 998 qui
2645 927 2883 983 subeunt
2905 925 3200 994 judicium,
3226 934 3280 981 et
3303 926 3500 980 deinde

1918 1022 1972 1075 in
2006 1034 2102 1076 eos
2135 1020 2278 1076 ferre
2323 1020 2675 1076 sententiam.
2729 1017 3096 1084 Quamobrem
3141 1032 3200 1072 se
3244 1019 3495 1087 quaedam

1920 1126 2026 1166 non
2065 1127 2226 1180 posse
2254 1110 2349 1165 Dei
2380 1110 2585 1164 fatetur
2613 1110 2874 1179 potentia.
2909 1107 3043 1162 Nam
3091 1118 3245 1162 extra
3285 1108 3496 1177 justum

1918 1201 2516 1272 perverterejudicium
2567 1201 2793 1255 minime
2843 1208 3024 1271 potest
3068 1201 3292 1255 veritas.
3341 1199 3498 1267 Quod

1919 1302 2100 1349 autem
2123 1295 2196 1349 sit
2217 1310 2281 1348 ex
2308 1294 2519 1350 semine
2543 1292 2711 1347 David
2735 1294 3037 1348 secundum
3063 1307 3309 1357 carnem,
3339 1294 3501 1362 idque

1920 1384 2260 1454 significetur
2287 1399 2381 1454 per
2407 1400 2530 1439 eum
2556 1385 2649 1454 qui
2683 1394 2846 1440 natus
2874 1394 2958 1440 est
2982 1401 3046 1442 ex
3078 1385 3301 1449 Davide,
3347 1385 3412 1440 de
3436 1401 3508 1444 eo,

1921 1479 2400 1548 praetermittemus
2429 1479 2716 1550 prolixiori
2755 1481 2833 1534 uti
2867 1482 3139 1545 oratione,
3184 1491 3239 1537 ut
3285 1483 3352 1538 de
3391 1497 3502 1552 quo

1921 1571 2058 1625 satis
2085 1578 2322 1625 constet.
2351 1570 2707 1641 Ethiopissw
2737 1580 2919 1627 autem
2944 1575 3284 1643 mysterium,
3311 1589 3504 1644 quem-

1921 1661 2214 1715 admodum
2250 1662 2444 1716 relicto
2503 1677 2670 1733 regno
2722 1662 3063 1733 Etltiopum,
3094 1674 3145 1720 et
3173 1666 3502 1732 transmisso

253 1755 334 1808 τοῦ
360 1730 523 1810 Aath
557 1730 989 1826 προμηνύεσθαι,
1019 1755 1095 1818 ὡς
1123 1730 1552 1826 ὁμολογούμενον
1577 1753 1656 1824 τῷ
1677 1753 1820 1824 λόγῳ

1932 1756 2076 1803 tanto
2106 1749 2253 1818 quod
2287 1730 2658 1804 intercedebat
2689 1751 2889 1820 spatio,
2915 1730 3176 1823 properat
3226 1730 3290 1806 ad
3341 1753 3502 1807 Salo-

260 1849 582 1920 ταρήσομεν.
609 1847 684 1901 Τδ
710 1848 767 1901 δὲ
796 1847 938 1902 κατά
975 1848 1074 1918 τὴν
1105 1847 1461 1902 Δίθιόπισσαν
1494 1847 1820 1918 μυστήριον,

259 1941 363 2004 πῶς
381 1936 754 1995 καταλιποῦσα
801 1938 911 1993 τῶν
961 1935 1236 1994 Αἰθιόπων
1275 1936 1375 2008 τὴν
1407 1937 1704 2009 βασιλείαν,
1731 1937 1826 1991 καὶ

259 2032 490 2086 τοσοῦτον
513 2029 745 2086 διαϐᾶσα
767 2031 858 2084 τὸν
885 2031 944 2084 ἐν
960 2029 1036 2101 τῷ
1061 2030 1209 2100 μέσῳ
1237 2028 1416 2094 τόπον,
1454 2027 1590 2100 πρὸς
1615 2027 1706 2081 τδν
1739 2027 1826 2080 Συ-

262 2123 492 2194 λομῶντα
544 2122 633 2176 διὰ
683 2122 743 2176 τὺ
768 2121 924 2187 κλέος
965 2119 1064 2192 τῆς
1094 2119 1286 2191 σοφίας
1325 2119 1626 2190 ἐπείγεται,
1660 2109 1835 2183 λίθοις

265 2211 444 2280 τιμίοις
475 2212 568 2265 καὶ
594 2211 810 2283 χρυσῷ,
829 2210 929 2264 καί.⁸
946 2212 1058 2274 τοῖς
1088 2209 1195 2263 τῶν
1220 2209 1528 2281 ἀρωμάτων
1556 2207 1827 2279 ἡδύσμασι

266 2303 556 2375 δεξιουμένη
590 2303 683 2357 τδν
706 2302 946 2373 βασιλέα,
982 2302 1140 2374 δῆλον
1163 2301 1230 2356 ἂν
1257 2301 1467 2370 γένοιτο
1495 2300 1574 2371 τῷ
1603 2302 1828 2371 ἐπιστή-

271 2411 407 2450 σαντι
441 2392 576 2467 πρὸς
607 2395 635 2449 ὃ
671 2412 727 2447 τι
757 2390 865 2448 τῶν
895 2391 1263 2461 εὐαγγελικῶν
1291 2391 1473 2460 βλέπει
1513 2391 1824 2460 θαυμάτων.

273 2484 356 2550 Τίς
380 2486 480 2558 γὰρ
505 2487 603 2540 οὐκ
630 2481 769 2538 οἶδεν
791 2485 874 2538 ὅτι
919 2484 1147 2554 μέλαινα
1181 2478 1248 2554 ἦν
1299 2483 1358 2549 ἐξ
1388 2479 1829 2553 είδωλολατρείας

269 2575 321 2629 τὸ
345 2575 608 2646 καταρχὰς
642 2573 675 2645 ἠ
705 2574 764 2641 ἐξ
788 2573 958 2628 ἐθνῶν
991 2573 1307 2644 Ἐκκλησία,
1335 2573 1465 2643 πρὶν
1505 2571 1834 2642 Ἐκκλησίαν

267 2665 517 2732 γενέσθαι,
553 2663 734 2736 πολλῷ
760 2663 964 2735 μεταξὺ
983 2663 1062 2735 τῷ
1092 2664 1194 2734 τῆς
1238 2663 1458 2731 ἀγνοίας
1479 2663 1828 2734 διαστήματι,

267 2757 356 2826 τῆς
385 2757 515 2830 πρὸς
558 2757 651 2811 τὸν
688 2755 941 2826 ἀληθινὸν
979 2754 1114 2811 Θεὸν
1151 2755 1405 2824 γνώσεως
1433 2754 1829 2826 ἀπῳκισμένηέ

262 2844 408 2918 ,Ἀλλ’
437 2847 522 2899 ὅτε
571 2846 819 2915 ἐπεφάνη
867 2848 901 2914 ἡ
943 2845 1104 2917 χάρις
1148 2844 1244 2899 τοῦ
1288 2845 1447 2910 Θεοῦ,
1478 2845 1635 2915 καὶὴ
1672 2845 1834 2913 σοφία

267 2937 536 3009 διέλαμψε,
567 2937 746 2991 καὶτὸ
784 2939 900 3006 φῶς
935 2936 997 2990 τὸ
1029 2937 1280 3008 ἀληθινὸν
1303 2937 1440 3008 πρὸς
1470 2937 1596 3000 τοὺς
1624 2937 1681 2988 ἐν
1709 2935 1832 2989 σκό‹

266 3043 340 3081 τει
387 3031 476 3082 καὶ
520 3029 649 3100 σκιᾷ
699 3027 932 3084 θανάτου
985 3029 1328 3100 καθημένους
1369 3028 1466 3099 τὴν
1496 3030 1688 3082 ἀκτῖνα
1724 3029 1833 3082 διέ-

268 3120 589 3190 aspir-2,1615
621 3121 717 3173 τοῦ
757 3120 974 3190 Ἰσραὴλ
1004 3120 1140 3191 πρὸς
1169 3121 1284 3188 φῶς
1319 3121 1708 3191 ἐπιμύσαντος,
1741 3122 1835 3173 καὶ

267 3209 360 3278 τῆς
400 3209 501 3262 τῶν
538 3209 758 3279 ἀγαθῶν
811 3211 1105 3281 μετουσίας
1157 3210 1348 3265 ἐαυτὸν
1405 3211 1831 3282 ἀποστήσαντος,

273 3299 498 3373 ἔρχονται
531 3304 580 3356 οί
627 3303 904 3366 Αἰθίοπες,
951 3305 1000 3355 oi
1033 3301 1201 3356 ἐθνῶν
1243 3303 1310 3373 τῇ
1357 3303 1538 3356 πίστει
1570 3303 1836 3374 προστρέ-

273 3408 461 3460 χοντες,
491 3393 584 3448 καὶ
634 3391 693 3446 οἵ
732 3411 862 3447 ποτε
915 3393 1067 3457 ὀντες
1105 3393 1343 3464 μακρὰν,
1385 3394 1551 3462 ἐγγὺς
1576 3393 1834 3461 γίνονται,

272 3480 344 3550 τῷ
367 3481 598 3555 μυστικῷ
626 3482 776 3538 ὕδατι
801 3483 901 3552 τὴν
920 3482 1179 3554 μελανίαν
1195 3484 1631 3554 ἀποκλυσάμενοι
1652 3501 1663 3512 ·
1697 3484 1835 3538 ὥστε

1925 1855 2140 1894 monem
2173 1849 2398 1910 propter
2422 1841 2638 1895 laudem
2673 1843 2977 1911 sapientize,
3005 1846 3235 1914 gemmis
3265 1854 3318 1900 ct
3340 1859 3502 1907 auro,

1928 1933 2332 2001 unguentisque
2389 1932 2647 2002 pretiosis
2712 1947 2895 2004 regem
2954 1936 3252 1989 honoriﬁce
3305 1951 3501 2004 prose-

1926 2037 2124 2092 quens,
2177 2022 2534 2078 manil'cstum
2592 2024 2758 2079 fuerit
2805 2026 3049 2079 animum
3101 2026 3400 2082 advertenti
3436 2027 3504 2080 ad

1927 2113 2202 2183 quodnam
2258 2112 2649 2184 Evangelicum
2713 2116 2908 2185 aspicit
2967 2116 3317 2172 miraculum.
3371 2117 3506 2183 Quis

1928 2206 2073 2260 enim
2101 2206 2452 2276 nescit,quod
2476 2221 2598 2276 quae
2614 2221 2682 2262 ex
2705 2206 3018 2262 idololatria
3048 2209 3117 2262 ab
3147 2209 3304 2264 initio
3329 2218 3412 2264 est
3440 2225 3506 2264 ex

1931 2295 2186 2363 gentibus
2209 2295 2481 2360 Ecclesia,
2512 2296 2672 2368 nigra
2705 2305 2842 2359 erat.
2876 2297 3198 2368 priusquam
3235 2299 3379 2354 ﬁeret
3401 2299 3507 2355 Ec-

1929 2386 2094 2442 clesia
2119 2427 2133 2449 ,
2174 2388 2447 2459 longoque
2494 2389 2784 2459 interjecto
2810 2389 3173 2459 ignorationis
3198 2390 3506 2456 intervallo,

1933 2479 2128 2547 procul
2161 2479 2450 2534 habitabat
2473 2494 2503 2532 a
2526 2482 2640 2535 veri
2663 2479 2756 2534 Dei
2781 2480 3134 2550 cognitione?
3162 2481 3268 2536 Sed
3288 2483 3510 2552 quando

1933 2569 2190 2638 apparuit
2223 2570 2400 2639 gratia
2433 2569 2549 2633 Dei,
2583 2579 2639 2624 et
2669 2571 2852 2625 illuxit
2872 2572 3235 2642 sapientia,et
3261 2575 3349 2629 lux
3380 2591 3508 2632 vera

1933 2659 2000 2713 ad
2036 2674 2133 2714 eos
2159 2659 2255 2728 qui
2287 2659 2554 2715 sedebant
2586 2660 2640 2715 in
2686 2661 2930 2716 tenebris
2963 2669 3017 2716 et
3065 2663 3259 2717 umbra
3292 2665 3510 2731 mortis,

1933 2750 2085 2804 misit
2135 2750 2386 2814 radium,
2437 2760 2569 2804 tunc
2627 2750 2825 2806 lsraelc
2880 2753 2945 2807 ad
2990 2753 3168 2809 lucem
3220 2755 3512 2812 claudente

1933 2843 2151 2905 oculos,
2191 2851 2249 2897 et
2276 2843 2517 2913 seipsum
2569 2843 2876 2900 abducenle
2907 2861 2936 2899 a
2969 2847 3239 2902 bonorum
3287 2850 3510 2918 partici-

1935 2935 2182 3004 patione,
2203 2937 2431 2990 veniunt
2459 2933 2749 3006 Ethiopes
2779 2937 2813 2990 ii
2841 2939 2934 3008 qui
2960 2939 3024 2993 ad
3057 2939 3216 2995 ﬁdem
3244 2942 3513 2998 accedunt

1937 3041 2003 3082 ex
2041 3026 2318 3097 gentibus,
2351 3033 2405 3080 et
2437 3027 2531 3096 qui
2567 3027 2864 3096 aliquando
2922 3029 3082 3099 longe
3113 3038 3294 3095 erant,
3344 3049 3512 3105 prope

1939 3117 2232 3182 accedunt,
2287 3119 2509 3188 nigrore
2565 3118 2753 3172 abluto
2790 3134 2929 3187 aqua
2979 3122 3229 3191 mystica.
3267 3123 3402 3179 adeo
3439 3137 3513 3180 -ut

1939 3209 2223 3281 Ethiopian
2237 3210 2282 3242 ’⁸
2307 3211 2617 3280 porrexerit
2636 3225 2833 3266 manus
2852 3213 2982 3275 Deo,
3000 3228 3067 3267 eo
3088 3214 3234 3283 quod
3253 3216 3515 3270 obtulerit

1939 3301 2082 3356 dona
2142 3302 2276 3371 regi,
2309 3302 2533 3371 pietatis
2563 3312 2830 3367 aromata,
2860 3311 2914 3358 et
2953 3317 3146 3357 aurum
3189 3304 3284 3359 Dei
3321 3309 3514 3376 cogni-

1939 3395 2130 3456 tionis,
2153 3401 2207 3450 et
2242 3410 2488 3464 gemmas
2522 3402 2945 3466 praeceptorum.
2986 3404 3040 3452 et
3070 3397 3335 3452 virtutum
3383 3414 3514 3470 ope-

1937 3486 2194 3541 rationis.

273 3569 363 3640 τὴν
390 3572 661 3626 Αἰθιοπίαν
715 3571 1024 3643 προφθάσαι
1061 3575 1220 3644 χεῖρα
1261 3573 1430 3644 αὐτῆς
1452 3571 1530 3644 τῷ
1562 3573 1700 3645 Θεῷ,
1777 3575 1871 3628 καὶ
1909 3575 2204 3646 προσάγειν
2217 3575 2372 3646 δῶρα
2399 3575 2476 3646 τῷ
2509 3577 2736 3646 βασιλεῖ,
2763 3576 2832 3629 τοὶ
2847 3595 2904 3632 τε
2924 3579 3019 3648 τῆς
3039 3580 3316 3644 εὐσεϐείας
3372 3583 3516 3654 ἀρώ-

279 3678 427 3732 ματα,
443 3664 605 3718 καίτδ
625 3665 726 3733 τῆς
750 3663 1082 3732 θεογνωσίας
1101 3667 1344 3736 χρυσίον,
1362 3668 1457 3720 καὶ
1509 3668 1636 3731 τοὺς
1689 3667 1903 3738 τιμίους
1940 3667 2120 3732 λίθους
2168 3669 2266 3737 τῆς
2311 3667 2419 3722 τῶν
2473 3669 2701 3732 ἐντολῶν
2726 3687 2785 3722 τε
2827 3670 2921 3723 καὶ
2961 3671 3068 3724 τῶν
3097 3672 3306 3742 ἀρετῶν
3347 3676 3514 3744 ἐργα-

275 3755 402 3820 σίας.

349 3851 495 3906 Ἀλλά
515 3853 653 3925 πρὸς
675 3853 705 3906 ὃ
733 3869 785 3905 τι
813 3852 1025 3922 βλέπων
1045 3853 1293 3908 ἐντεῦθεν
1308 3854 1546 3926 ἄρχομαι
1575 3855 1672 3919 τῆς
1697 3869 1829 3926 προ-
1880 3875 1885 3879 ·

271 3943 514 4014 κειμένης
561 3945 694 4014 ἡμῖν
731 3944 840 3997 τῶν
874 3943 1054 4014 ῥητῶν
1099 3943 1354 4015 θεωρίας.
1391 3943 1492 4016 ἤδη
1511 3945 1832 4016 διασαφήσω

269 4033 339 4105 τῷ
379 4036 519 4106 λόγῳ
565 4035 737 4104 αὐτὴν
789 4034 1187 4107 προεκθέμενος
1226 4035 1325 4105 τὴν
1349 4036 1492 4101 λέξιν
1527 4035 1636 4089 τῶν
1673 4035 1830 4091 θείων

269 4121 448 4192 λογίων
475 4125 704 4195 ἔχουσαν
751 4123 924 4189 οὕτως
943 4143 955 4156 ·
980 4125 1229 4195 Φορεῒον
1253 4126 1549 4196 ἐποίησεν
1581 4125 1772 4192 ἑαυτῷ
1797 4130 1829 4180 ό

264 4212 547 4280 βασιλεὺς
576 4214 989 4284 Σολομὼν-ἀπὸ
1010 4215 1213 4279 ξύλων
1227 4215 1336 4270 τοῦ
1368 4215 1650 4280 Λιϐάνου,
1687 4217 1834 4270 στύ-

268 4307 407 4370 λους
422 4306 609 4361 αὐτοῦ
629 4306 916 4374 ἐποίησεν
953 4307 1254 4377 ἀργύριον,
1294 4305 1393 4362 καί
1418 4307 1486 4361 τὸ
1509 4307 1838 4363 ἀνάκλιτον

273 4395 445 4450 αὑτοῦ
483 4397 765 4466 γρυσίον,
789 4397 1070 4452 ἐπίϐασιν
1097 4399 1286 4454 αὐτοῦ
1329 4400 1663 4469 πορφύραν.
1705 4400 1836 4454 Ἐν-

2012 3848 2118 3904 Sed
2163 3861 2430 3917 quorsum
2484 3845 2786 3915 aspiciens,
2823 3846 2953 3902 hinc
3010 3848 3218 3920 incipio
3269 3867 3298 3906 a
3355 3855 3515 3913 nobis

1937 3940 2223 4012 proposita
2242 3937 2536 3994 verborum
2558 3939 3168 4012 contemplationejam
3195 3945 3512 4010 declarabo,

1937 4035 1983 4090 si
2017 4034 2174 4103 prius
2206 4045 2446 4102 posuero
2477 4031 2779 4086 dictionem
2803 4032 3113 4089 divinorum
3145 4037 3512 4107 cloquiorum.

1934 4140 2059 4195 qua:
2100 4123 2183 4179 sic
2230 4123 2424 4178 habet:
2469 4121 2752 4177 Ferculum
2797 4124 2898 4178 sibi
2938 4127 3061 4192 fecit
3114 4145 3208 4183 rex
3261 4130 3514 4188 Salomon

1932 4231 1998 4271 ex
2035 4216 2194 4286 lignis
2234 4214 2450 4275 Libani,
2483 4211 2760 4269 columnas
2807 4218 2910 4270 sibi
2953 4217 3078 4287 fecit
3129 4233 3424 4292 argenteas,
3466 4234 3517 4278 et

1933 4306 2334 4361 reclinatorium
2351 4322 2503 4358 suum
2524 4322 2766 4359 aureum.
2786 4307 2823 4359 Α
2835 4324 3049 4362 sceusus
3065 4311 3179 4378 ejus
3197 4328 3513 4381 purpureus.

1938 4397 2094 4452 Intra
2125 4398 2295 4466 ipsum
2339 4406 2417 4451 est
2459 4398 2816 4465 pavimentum
2864 4400 3127 4455 charitale
3175 4412 3404 4457 stratum
3454 4422 3517 4460 ως

275 4486 366 4552 τὸς
411 4488 597 4543 αὑτοῦ
637 4491 1045 4556 λιθόστρωτον
1082 4489 1326 4560 ἀγάπην
1352 4491 1471 4545 ἀπὸ
1502 4490 1830 4560 θυγατέρων

1937 4489 2152 4560 ﬁliabus
2215 4489 2539 4544 Jerusalem.
2612 4489 2899 4557 Quomodo
2952 4494 3005 4552 in
3055 4496 3124 4551 iis
3183 4513 3306 4567 qua:
3366 4501 3517 4569 prius

285 4574 687 4648 Ἰερουσαλήμ.
731 4580 942 4651 Ὥσπερ
970 4581 1150 4635 τοίνυν
1182 4583 1240 4636 ἐν
1284 4584 1398 4647 τοῖς
1429 4583 1830 4654 προεξητασμέ-

1943 4588 2071 4635 sunt
2093 4578 2426 4643 examinata,
2461 4577 2529 4632 de
2563 4577 2860 4635 Salomone
2885 4581 3092 4636 dictum
3121 4564 3227 4648 est,
3265 4564 3517 4657 per-qum

271 4682 370 4733 νοις
400 4671 525 4741 περὶ
581 4671 676 4724 τοῦ
724 4672 1068 4744 Σολομῶντος
1096 4665 1253 4745 εὗρεν
1293 4675 1322 4727 ό
1364 4673 1542 4742 λόγος,
1572 4675 1639 4728 δι’
1667 4669 1744 4730 ὧν
1774 4677 1837 4730 τὸ

272 4759 387 4828 περὶ
434 4759 530 4812 τοῦ
568 4758 698 4814 ναοῦ
750 4762 1047 4833 μυστήριον
1101 4764 1162 4817 ἐν
1213 4763 1406 4834 ἐκείνῳ
1451 4763 1529 4835 τῷ
1559 4763 1836 4835 προσώπῳ

265 4845 616 4923 διαγράφεται
639 4865 654 4880 ·
699 4849 844 4904 οὕτω
875 4851 970 4904 καὶ
1015 4851 1104 4905 διά
1131 4852 1230 4923 τῆς
1270 4851 1365 4906 τοῦ
1411 4853 1628 4923 φορείου
1664 4869 1836 4908 κατα-

269 4943 459 5012 σκευῆς
484 4943 519 5012 ἡ
555 4943 684 5012 περὶ
706 4942 865 5013 ἡμῶν
889 4942 1169 5014 οἰκονομία
1201 4943 1639 5014 διασημαίνεται.
1670 4944 1839 4997 Πολυ-

269 5033 473 5097 τρόπως
525 5032 636 5105 γάρ
668 5033 850 5099 ὀΘεός
892 5036 952 5088 ἐν
983 5031 1096 5100 τοῖς
1142 5035 1313 5100 ἀξίοις
1352 5035 1544 5089 ἐαυτοῦ
1590 5036 1796 5104 γίνεται
1818 5075 1834 5099 ,

266 5124 440 5189 καθὼς
461 5125 690 5188 ἕκαστος
717 5125 784 5179 ἂν
802 5125 898 5198 ἔχῃ
936 5127 1216 5198 δυνάμεώς
1235 5144 1295 5180 τε
1323 5129 1417 5182 καὶ
1451 5125 1628 5192 ἀξίας,
1666 5125 1838 5190 οὓτως

264 5211 316 5266 ἂν
367 5214 584 5284 ἑκάστῳ
621 5215 920 5286 γινόμενος.
961 5215 1018 5268 Ὀ
1064 5217 1162 5286 μὲν
1187 5217 1295 5288 γάρ
1323 5233 1408 5280 τις
1437 5217 1648 5285 γίνεται
1700 5215 1837 5271 Θεοῦ

263 5304 445 5369 mg.
490 5305 521 5357 ὁ
564 5304 622 5358 δέ
667 5301 837 5370 οἶκος,
861 5305 1019 5370 ἄλλος
1047 5307 1104 5361 δὲ
1131 5306 1338 5379 θρόνος,
1373 5307 1468 5361 καὶ
1488 5307 1676 5378 ἕτερος
1707 5306 1837 5360 imo-

262 5393 462 5449 πόδιον.
505 5397 660 5450 Ἐστι
704 5396 762 5451 δέ
804 5414 889 5462 τις
938 5399 1034 5452 καὶ
1085 5400 1240 5470 ἅρμα
1271 5400 1574 5470 γινόμενος,
1605 5399 1638 5469 ἢ
1673 5399 1840 5462 ἵππος

259 5485 497 5556 εὐήνιος,
520 5483 810 5559 δεχόμενος
838 5489 926 5559 ἐφ’
959 5489 1155 5544 ἑαυτοῦ
1197 5491 1288 5545 τὸν
1323 5491 1526 5560 ἀγαθὸν
1553 5490 1838 5561 ἐπιϐάτην,

1935 4669 2072 4724 illud
2103 4669 2171 4724 de
2215 4670 2418 4738 templo
2447 4670 2766 4741 mysterium
2805 4674 2859 4726 in
2903 4674 2995 4726 tali
3035 4691 3270 4745 persona
3307 4678 3510 4732 descri-

1935 4762 2117 4820 bitur:
2165 4761 2247 4816 sic
2277 4761 2441 4815 etiam
2486 4777 2552 4817 ex
2589 4762 2780 4826 ferculi
2823 4769 3236 4823 constructione
3300 4771 3519 4841 signiti-

1935 4861 2096 4908 eatur
2114 4851 2184 4907 de
2214 4853 2375 4908 nobis
2408 4853 2775 4924 dispensatio.
2828 4855 3014 4914 Multis
3045 4859 3190 4914 enim
3223 4862 3403 4916 modis
3434 4871 3520 4918 est

1939 4943 2085 5001 Deus
2128 4944 2184 5000 in
2224 4946 2292 5000 iis
2326 4945 2420 5016 qui
2450 4953 2582 5001 sunt
2611 4962 2671 5003 se
2698 4947 2875 5018 digni,
2908 4959 3070 5019 prout
3113 4950 3220 5006 fert
3253 4954 3519 5009 uniuscu-

1941 5037 2144 5108 jusque
2179 5035 2444 5100 facultas,
2473 5047 2526 5092 et
2554 5038 2636 5095 sic
2684 5056 3016 5110 unoquoque
3064 5050 3148 5098 est
3183 5043 3398 5112 dignus.
3437 5044 3521 5097 Fit

1943 5127 2092 5182 enim
2147 5127 2348 5197 aliquis
2399 5128 2553 5184 locus
2597 5128 2712 5192 Dei,
2757 5131 2899 5186 alius
2953 5146 3082 5186 vero
3129 5131 3351 5197 domus,
3380 5134 3522 5187 alius

1945 5227 2125 5273 autem
2155 5219 2334 5283 sedes,
2362 5227 2415 5275 et
2441 5220 2582 5275 alius
2613 5221 2938 5277 scabellum.
2968 5220 3066 5278 Est
3097 5223 3261 5278 etiam
3295 5225 3518 5293 aliquis,

1945 5311 2039 5380 qui
2072 5310 2302 5367 eﬂ'ectus
2347 5327 2571 5377 currus.
2606 5318 2662 5368 et
2700 5327 2882 5383 equus
2939 5313 3034 5383 qui
3089 5313 3320 5369 habenis
3363 5313 3522 5367 facile

1945 5405 2178 5474 regitur,
2198 5406 2512 5477 suscipiens
2533 5407 2738 5461 bonum
2765 5420 2926 5460 suum
2953 5419 3250 5469 sessorem,
3279 5412 3332 5458 et
3355 5411 3520 5472 prout

1949 5493 2171 5551 videtur
2209 5499 2262 5552 ei
2306 5497 2403 5568 qui
2435 5496 2646 5567 dirigit,
2676 5512 2901 5553 cursum
2947 5511 3110 5552 suum
3164 5495 3402 5552 coniicit.
3449 5491 3523 5546 Ut.

331 5662 380 5696 ⁸³
439 5659 600 5716 Joan.
661 5679 716 5729 ν,
759 5664 850 5719 22.
927 5667 970 5700 "
1018 5665 1150 5724 ibid.
1203 5667 1290 5722 50.
1368 5669 1412 5700 ³⁸
1480 5667 1620 5722 Psal.
1669 5683 1837 5736 ιιι-ιι,
1893 5667 1984 5722 32.
