3948 6192
551 270 648 327 9H

1781 258 1837 311 S.
1865 256 2194 313 GRECORII
2217 254 2302 310 Νἶ
2317 254 2511 311 SSEM

3619 266 3701 326 ιιι

551 389 733 436 autem
787 389 935 429 nunc
985 371 1273 435 docemur,
1332 370 1391 426 fit
1445 368 1608 425 etiam
1666 367 1939 437 quispiam
2003 366 2122 433 ejus

2227 366 2317 416 καὶ
2334 364 2468 435 πρὸς
2492 364 2551 418 τὸ
2580 360 2770 416 δοκοῦν
2793 360 2871 431 τῷ
2900 358 3173 414 εὐθύνοντι
3206 362 3411 419 διανύων
3435 368 3513 421 τὸν
3530 370 3699 444 δρόμον.

554 469 845 530 ferculum,
881 464 976 534 qui
1014 479 1082 518 ex
1109 462 1258 518 illius
1312 459 1582 531 sapientia
1611 472 1719 513 non
1767 458 1948 512 solum
1985 470 2122 510 con-

552 560 785 618 struitur
810 573 878 613 ex
912 555 1078 625 lignis
1103 552 1317 616 Libani,
1352 550 1447 607 sed
1474 551 1638 605 etiam
1669 562 1805 602 auro
1829 557 1882 601 et
1897 553 2124 617 argento

550 662 605 709 et
652 662 895 722 purpura
944 653 998 701 et
1049 643 1283 716 gemmis
1337 641 1731 696 convenienter
1787 645 2021 719 ornatur
2068 638 2123 690 in

552 712 886 814 unaquaque
912 712 1087 808 parte,
1128 750 1226 804 per
1258 749 1379 805 quae
1412 733 1655 787 charitas
1682 732 1803 800 ejus
1829 712 2019 786 efﬁcax
2044 728 2121 793 fit,

550 850 660 889 non
693 832 954 888 omnibus
985 827 1332 898 capientibus
1383 825 1670 880 ebaritatis
1727 822 2121 894 operationem,

549 925 642 982 sed
667 924 714 980 si
735 938 844 993 qua
872 921 982 975 lilia
1004 934 1259 995 supernae
1284 915 1590 971 Jerusalem
1616 930 1738 984 qua:
1763 922 1848 970 est
1871 913 2121 976 libera”,

548 1016 903 1086 cognoscitur
936 1029 1033 1084 per
1059 1012 1252 1066 vitam.
1295 1007 1473 1078 Atque
1504 1007 1653 1079 quod
1687 1008 1734 1062 is
1769 1000 2121 1077 quidemqui

547 1112 603 1164 in
636 1126 695 1165 se
728 1107 832 1163 fert
888 1106 1083 1167 Deum,
1136 1103 1209 1156 sit
1263 1100 1529 1155 ferculum
1592 1100 1714 1168 ejus
1765 1099 1856 1167 qui
1915 1098 1970 1151 in
2005 1097 2123 1165 ipso

548 1199 784 1261 insidet,
838 1195 1196 1251 manifestum
1254 1192 1421 1247 fuerit
1473 1191 1639 1245 etiam
1689 1190 2013 1258 priusquam
2056 1185 2123 1241 de

545 1308 612 1348 eo
648 1292 956 1361 loquamur.
996 1287 1099 1353 Qui
1149 1286 1328 1348 enim,
1376 1283 1534 1352 juxta
1580 1290 1833 1336 sanctum
1870 1280 2119 1338 Paulum.

550 1397 661 1436 non
695 1379 933 1451 amplius
967 1378 1100 1431 vivit
1128 1377 1266 1446 ipse,
1308 1374 1405 1429 sed
1451 1374 1507 1426 in
1554 1387 1612 1426 se
1652 1372 1926 1425 viventem
1962 1370 2124 1424 habet

550 1470 827 1525 Christum
859 1468 924 1532 ³ο,
960 1474 1013 1521 et
1062 1466 1157 1519 dat.
1205 1463 1638 1532 experimentum
1670 1458 1879 1513 Christi
1931 1460 2025 1528 qui
2067 1460 2122 1513 in

548 1564 668 1633 ipso
702 1562 968 1631 loquitur,
1006 1560 1050 1612 is
1089 1555 1294 1611 dicitur
1323 1561 1377 1609 et
1406 1553 1462 1606 fit
1494 1552 1759 1608 ferculum
1788 1551 1908 1620 ejus
1935 1551 2028 1621 qui
2056 1551 2124 1604 ab

549 1656 670 1725 ipso
729 1655 905 1708 fertur
946 1659 1000 1705 et
1052 1656 1321 1719 portatur.
1372 1644 1479 1699 Sed
1526 1660 1636 1699 non
1685 1652 1771 1697 est
1824 1644 1928 1697 hoc
1975 1643 2121 1712 quod

550 1746 831 1816 qureritur.
862 1743 997 1797 Illud
1024 1741 1208 1812 potius
1236 1744 1457 1807 oportet
1487 1734 1782 1806 diligenter
1815 1734 2120 1799 attendere,

547 1839 679 1909 quid
711 1838 816 1894 sibi
852 1836 965 1889 vult
1000 1832 1148 1897 varia
1172 1839 1224 1885 et
1257 1824 1542 1898 multiplex
1573 1829 1823 1881 materia.

620 2118 909 2185 Quomodo
941 2130 1071 2187 ergo
1103 2124 1300 2186 praeter
1325 2128 1544 2178 aurum,
1577 2116 1891 2185 argentum,
1915 2122 1971 2168 et
1995 2129 2124 2184 pur-

551 2225 762 2279 puram,
808 2201 868 2264 et
925 2222 1168 2278 gemmas
1226 2206 1532 2262 assumitur
1594 2204 1730 2275 ligni
1798 2214 1994 2259 natura
2058 2205 2124 2258 ad

552 2301 1027 2357 constructionem
1058 2299 1252 2353 ferculi
1280 2296 1489 2367 ?Atqui
1536 2297 1757 2365 sapiens
1788 2294 2126 2350 architectus

554 2391 754 2448 Paulus
802 2390 1203 2461 repudiandum
1253 2397 1444 2445 censet
1489 2388 1694 2460 lignum
1742 2402 1866 2441 eum
1923 2386 2049 2441 feno
2072 2395 2125 2440 et

555 2475 754 2554 stipula
787 2482 854 2536 ad
885 2481 1081 2547 domus
1130 2479 1573 2543 aedificationem,
1637 2486 1698 2532 ut
1729 2475 1873 2546 quod
1918 2490 2119 2529 consu-

552 2585 736 2629 matur
768 2588 796 2625 a
826 2574 874 2627 vi
914 2571 1056 2641 ignis
1090 2578 1473 2632 consumente,
1516 2585 1637 2640 qua:
1669 2584 1809 2638 opus
1841 2568 2035 2638 probat
2058 2566 2122 2620 ³¹.

553 2665 660 2723 Sed
692 2665 901 2721 scimus
932 2678 1055 2718 esse
1086 2662 1330 2731 aliquam
1365 2661 1499 2733 ligni
1533 2668 1813 2724 naturam,
1840 2673 1961 2729 qua:
1982 2658 2039 2712 in
2062 2672 2126 2712 eo

552 2758 694 2829 quod
763 2765 869 2821 est,
941 2770 1051 2811 non
1123 2762 1451 2824 permanet,
1521 2753 1615 2807 sed
1695 2752 1929 2820 seipsam
2002 2765 2166 2804 mu-.

550 2858 630 2905 tat
666 2850 721 2904 in
771 2862 991 2911 aurum,
1049 2853 1142 2900 aut
1198 2852 1509 2914 argentum,
1574 2849 1670 2896 aut
1726 2841 1935 2911 aliquid
1980 2840 2125 2894 aliud

548 2942 876 3011 pretiosum.
908 2940 965 2994 In
1002 2952 1198 3007 magna
1224 2936 1368 2990 enim
1397 2933 1494 2989 Dei
1520 2932 1687 2988 domo
1722 2936 1798 2987 ait
1827 2931 2123 3001 Apostolus

2236 457 2324 519 Ὠς
2350 456 2406 509 δὲ
2428 457 2523 510 νῦν
2557 454 2938 523 διδασκόμεθα,
2976 454 3071 506 καὶ
3100 458 3305 525 φορεῖον
3333 459 3475 513 αὐτοῦ
3501 479 3571 526 τις
3598 466 3706 533 γίνε-

2223 563 2335 609 ται,
2360 548 2389 596 ὁ
2413 545 2555 598 κατὰ
2587 544 2683 615 τὴν
2710 544 2919 598 ἐκείνου
2967 544 3159 612 σοφίαν
3184 545 3243 597 οὺ
3276 546 3418 616 μόνον
3438 554 3534 615 τοῖς
3560 555 3612 607 ὲκ
3638 557 3705 610 τοῦ

2223 637 2459 690 Λιϐάνου
2503 634 3046 705 κατασκευαζόμενος
3085 633 3274 702 ξύλοις,
3302 637 3423 692 ἀλλὰ
3458 644 3539 695 καὶ
3563 649 3708 718 χρυσῷ

2224 730 2328 782 καὶ.
2356 728 2605 799 ἀργυρίῳ
2638 727 2731 781 καὶ
2768 727 3026 799 πορφύρᾳ
3055 728 3149 779 καὶ
3174 725 3332 791 λίθοις
3356 731 3650 803 καταλλήλως
3668 740 3710 790 ἐν

2225 821 2440 890 ἑκάστῳ
2479 820 2654 893 μέρει,
2675 819 2740 873 δι’
2766 813 2841 873 ὧν
2861 822 2894 889 ὴ
2930 820 3120 889 ἀγάπη
3142 818 3300 874 αὐτοῦ
3317 821 3512 894 ἐνεργὸς
3528 828 3709 892 γίνεται,

2223 914 2283 965 οὐ
2316 912 2533 966 πάντων
2581 912 2900 982 χωρούντων
2933 911 3032 981 τὴν
3071 913 3171 981 τῆς
3206 911 3414 982 ἀγάπης
3456 914 3711 985 ἐνέργειανδ

2223 1005 2338 1058 ἀλλ’
2369 1006 2421 1057 εἴ
2447 1022 2530 1067 τις
2565 1003 2810 1074 Θυγάτηρ
2833 1005 2930 1073 τῆς
2972 1003 3085 1057 ἄνω
3128 1004 3461 1076 Ἰερουσαλὴμ
3487 1008 3575 1075 τῆς
3598 1011 3713 1063 ἐλευ-

2225 1095 2386 1166 Θέρας
2440 1095 2527 1149 διὰ
2570 1095 2661 1148 τοῦ
2695 1095 2808 1167 βίου
2854 1093 3189 1165 γνωρίζοιτο.
3216 1095 3333 1147 ’Ότι
3365 1096 3454 1164 μὲν
3482 1093 3563 1151 οὖν
3598 1102 3621 1152 ὁ
3650 1101 3716 1154 τὸν

2224 1186 2355 1240 Θεὸν
2382 1189 2439 1240 ὲν
2466 1187 2643 1257 ἐαυτῷ
2671 1188 2874 1257 φέρων.
2904 1186 3117 1256 φορεῖον
3144 1188 3257 1239 ἐστι
3278 1186 3368 1239 τοῦ
3390 1189 3443 1240 ὲν
3473 1190 3600 1259 αὐτῷ
3616 1209 3719 1253 κατ-

2223 1276 2497 1339 οικοῦντος
2522 1276 2614 1329 καὶ
2647 1275 3061 1345 καθεδούμενον,
3092 1274 3246 1345 δῆλον
3283 1277 3372 1328 καὶ
3400 1278 3495 1347 πρὸ
3511 1278 3601 1330 τῶν
3625 1282 3725 1349 ἡμε-

2224 1372 2397 1440 τέρων
2426 1371 2598 1439 λόγων
2630 1369 2695 1423 ἂν
2738 1370 2843 1439 είη.
2884 1370 2941 1422 't)
2973 1370 3079 1438 γὰρ
3103 1367 3244 1420 κατὰ
3265 1368 3349 1420 τὸν
3376 1368 3514 1436 ἆγιον
3541 1370 3721 1434 Παῦλον,

2227 1461 2424 1532 μηκέτι
2473 1462 2635 1524 αὐτὸς
2678 1460 2807 1523 ζῶν,
2845 1458 2983 1512 ἀλλὰ
3019 1458 3199 1521 ζῶντα
3248 1458 3380 1528 ἔχων
3411 1461 3464 1512 εν
3496 1461 3726 1529 ὲαυτῷτδν

2224 1554 2478 1625 Χριστὸν,
2507 1554 2600 1606 καὶ
2633 1552 2864 1621 δοκιμὴν
2896 1550 3070 1613 διδοὺς
3117 1549 3211 1602 τοῦ
3257 1551 3312 1601 ἐν
3344 1549 3728 1620 αύτῷλαλοῦιιτος

2225 1648 2483 1718 Χριστοῦ,
2523 1640 2678 1708 οὗτος
2717 1645 2919 1715 κυρίως
2960 1647 3176 1714 φορεῖον
3218 1641 3423 1710 λέγεται
3460 1642 3730 1710 καὶγίνεται

2224 1736 2319 1791 τοῦ
2352 1738 2408 1789 ἐν
2435 1734 2584 1805 αὐτῷ
2608 1735 2907 1806 φερομένου
2932 1731 3025 1786 καὶ
3053 1732 3142 1785 ὑπ’
3176 1731 3337 1785 αὐτοῦ
3370 1731 3727 1800 βασταζομένον.

2241 1828 2379 1880 Ἀλλ’
2402 1828 2461 1879 ού
2493 1825 2650 1880 τοῦτὸ
2692 1829 2806 1879 ἐστι
2854 1825 2915 1877 τὸ
2962 1822 3310 1895 ζητούμενον.
3353 1821 3600 1875 Ἐκεῖνοδὲ
3627 1821 3726 1889 μᾶλ-

2198 1922 2313 1979 ,λον
2335 1921 2602 1991 προσήκει
2634 1919 2701 1972 δι’
2732 1917 3047 1988 ἐπιμελείας
3084 1918 3432 1984 κατανοῆσαι,
3462 1912 3509 1964 τί
3539 1912 3732 1981 βούλεται

2226 2013 2286 2065 τὸ
2313 2014 2410 2081 τῆς
2438 2012 2567 2082 ύλης
2590 2010 2829 2064 ποικίλον
2858 2026 2917 2062 τε
2941 2010 3036 2062 καὶ
3064 2008 3357 2069 πολυειδές.

2298 2091 2422 2164 Πῶς
2451 2098 2546 2154 οῦν
2573 2097 3174 2171 συμπαραλαμϐάνεται
3195 2095 3397 2167 χρυσίῳ
3420 2094 3501 2148 καὶ
3522 2096 3734 2165 ἀργυρίῳ,

2225 2195 2321 2247 καὶ
2349 2193 2625 2263 πορφύρα,
2664 2192 2758 2244 καὶ
2806 2190 2973 2252 λίθοις
3017 2191 3050 2260 ἠ
3095 2189 3194 2241 τοῦ
3228 2188 3380 2251 ξύλου
3407 2185 3554 2255 φύσις
3575 2187 3641 2246 εἰς
3665 2185 3736 2252 τὴν

2226 2284 2569 2353 κατασκευὴν
2589 2282 2683 2334 τοῦ
2711 2281 2930 2353 φορείου
2953 2299 2966 2345 ;
2998 2280 3106 2334 Καί
3133 2282 3217 2331 τοι
3241 2295 3303 2347 γε
3331 2278 3390 2331 τὸ
3408 2277 3551 2343 ξύλον
3573 2280 3595 2328 ὁ
3618 2276 3740 2340 σοφὸς

2224 2376 2558 2448 ἁρχιτέκτων
2593 2372 2828 2438 Παῦλος,
2865 2372 3002 2443 μετὰ
3035 2371 3131 2424 τοῦ
3160 2370 3350 2441 χόρτου
3380 2371 3468 2421 καὶ
3494 2367 3582 2435 τῆς
3612 2364 3741 2418 καλά-

2229 2488 2335 2541 μης
2384 2472 2464 2532 εἰς
2516 2468 2614 2539 τὴν
2642 2465 2928 2537 οἰκοδομὴν
2953 2464 3045 2518 τοῦ
3071 2466 3226 2517 οἴκου
3256 2463 3426 2533 κρίνει
3469 2460 3739 2527 ἀπόϐλητον,

2224 2562 2377 2631 ὼςτῇ
2400 2560 2706 2629 ἀναλωτικῇ
2728 2554 2832 2610 ’τοῦ
2868 2557 3035 2626 πυρὸς
3071 2556 3298 2625 δυνάμει
3325 2557 3389 2624 τῇ
3426 2548 3737 2618 δοκιμαζσίοςῃ

2224 2652 2284 2704 τὸ
2323 2651 2483 2722 ἔργον
2528 2648 2995 2716 ὲνδαπανώμενον.
3053 2644 3197 2697 Ἀλλ’
3232 2644 3447 2711 οίδαμέν
3490 2657 3597 2694 τινα
3625 2639 3767 2709 ξύλου,

2227 2744 2386 2813 φύσιν
2420 2743 2495 2813 μὴ
2524 2741 2882 2812 διαμένουσαν
2913 2741 2972 2791 ὲν
2999 2730 3044 2804 ᾧ
3065 2738 3239 2800 ἐστιν,
3266 2734 3397 2788 ἀλλά
3425 2732 3549 2803 πρὸς
3570 2729 3742 2801 χρυσὸν,
3764 2740 3770 2795 ε

2225 2835 2258 2905 ἢ
2281 2834 2540 2905 ἄργυρον,
2566 2832 2599 2902 ἦ
2627 2831 2755 2886 ἄλλο
2779 2847 2830 2882 τι
2864 2828 2972 2893 τῷν
2996 2827 3198 2897 τιμίων
3213 2826 3410 2895 ἑαυτὴν
3434 2822 3745 2894 μεταϐάλλον·
3770 2838 3773 2847 ι

2226 2934 2347 2978 σαν.
2421 2923 2510 2976 Ἑν
2566 2922 2674 2992 γὰρ
2705 2943 2708 2947 ν
2735 2924 2801 2991 τῇ
2855 2919 3064 2990 μεγάλῃ
3123 2918 3220 2971 τοῦ
3255 2915 3389 2969 Θεοῦ
3414 2914 3550 2983 οἰκία
3581 2910 3752 2979 φησὶνὸ
3853 2914 3855 2973 4

549 3049 673 3090 esse
702 3046 834 3088 vasa
861 3039 1059 3084 natura
1090 3042 1254 3082 aurea
1285 3034 1339 3080 et
1368 3033 1626 3094 argentea
1645 3024 1688 3056 ³³
1708 3067 1722 3089 ,
1755 3038 1950 3093 nempe
1971 3036 2122 3076 crea-

2237 3014 2557 3078 Ἀπόστολος
2579 3014 2646 3067 τὰ
2673 3014 2773 3083 μὲν
2799 3009 3132 3083 εἷναιχρυσᾶ
3161 3013 3227 3082 τῇ
3261 3008 3439 3078 φύσει,
3466 3005 3556 3059 καὶ
3581 3000 3753 3073 ἀργυρᾶ

551 3133 728 3179 turam
754 3123 1134 3189 incorpoream
1169 3125 1225 3171 et
1256 3113 1654 3184 intelligentem
1696 3127 1792 3181 per
1810 3112 1924 3165 haec
1953 3110 2120 3164 tacite

550 3212 867 3285 significans
900 3209 1173 3271 fortasse;
1206 3220 1301 3276 per
1331 3205 1448 3258 hinc
1478 3204 1656 3273 lignea
1687 3217 1815 3256 vero
1841 3211 1895 3256 et
1941 3200 2119 3255 ﬁctilia

551 3319 650 3359 nos
670 3302 906 3356 fortasse
926 3297 1305 3359 subindieans,
1349 3308 1489 3364 quos
1514 3302 1760 3347 terrenos
1781 3290 1908 3346 fecit
1937 3290 2122 3345 inube-

549 3392 755 3449 dientia
826 3397 879 3445 et
922 3388 1121 3442 ﬁctiles
1161 3392 1488 3457 :peccatum
1545 3390 1724 3437 autem
1780 3396 1875 3452 per
1916 3380 2120 3450 lignum

548 3484 912 3540 commissum
958 3496 1061 3536 nos
1097 3479 1228 3534 fecit
1274 3493 1405 3534 vasa
1454 3476 1632 3547 lignea
1675 3491 1742 3530 ex
1785 3473 1988 3529 aureis.
2018 3472 2123 3527 Pro

549 3574 811 3645 dignitate
837 3581 1017 3626 autem
1045 3569 1285 3623 materiae
1305 3567 1518 3622 divisus
1554 3574 1636 3621 est
1663 3564 1827 3619 etiam
1862 3577 1996 3618 usus
2026 3577 2122 3617 va-

549 3680 755 3723 sorum.
778 3662 915 3717 Nam
954 3677 1075 3732 qua:
1102 3667 1231 3715 sunt
1259 3675 1324 3715 ex
1357 3655 1669 3729 pretiosiori
1697 3654 1947 3721 materia,
1981 3652 2125 3708 ordi-

549 3764 677 3811 nata
711 3761 840 3810 sunt
867 3762 920 3808 et
942 3751 1198 3821 deputata
1228 3748 1294 3802 ad
1318 3748 1579 3801 honorem
1604 3763 1618 3810 ;
1652 3745 1755 3798 alia
1784 3750 1969 3798 autem
1996 3752 2125 3797 sunt

549 3846 765 3916 abjecta
795 3843 864 3898 ad
895 3852 1053 3912 turpe
1083 3849 1137 3897 et
1164 3839 1588 3911 ignominiosum
1614 3832 2123 3891 ministerium.Sed

548 3934 681 4006 quid
704 3934 773 4009 de
807 3932 1007 3986 talibus
1028 3928 1161 3983 dicit
1186 3926 1426 3983 Paulus?
1456 3924 1553 3981 Est
1584 3925 1639 3979 in
1661 3926 1808 3979 vasis
1854 3930 2124 3993 potestate

552 4042 618 4083 ex
633 4040 733 4080 sua
749 4023 906 4079 liberi
928 4020 1140 4077 arbitrii
1156 4019 1440 4080 electione,
1461 4017 1545 4071 vel
1571 4031 1797 4071 aureum
1823 4030 1890 4070 ex
1919 4015 2119 4084 ligneo,

540 4117 636 4173 ’νει
665 4123 979 4186 argenteum
1006 4111 1124 4166 fieri
1148 4127 1214 4168 ex
1245 4109 1416 4165 fictili.
1460 4108 1520 4162 Si
1548 4108 1665 4176 quis
1710 4108 1866 4167 enim.
1926 4105 2120 4174 inquit,

553 4210 781 4279 seipsum
819 4203 1200 4267 emundarerit,
1238 4201 1340 4255 erit
1370 4216 1460 4254 vas
1506 4197 1732 4250 Domino
1763 4199 1814 4248 in
1850 4195 2122 4261 honorem,

555 4301 625 4355 ad
652 4314 803 4355 omne
828 4312 956 4366 opus
985 4294 1177 4348 bonum
1205 4290 1538 4362 paratum”.
1569 4287 1733 4343 Forte
1764 4301 1894 4357 ergo
1920 4301 2017 4357 per
2055 4301 2120 4341 ea

2232 3109 2422 3177 σκεύη,
2456 3109 2554 3177 τὴν
2580 3105 2891 3176 ἀσώματον,
2930 3099 3105 3173 οἶμαι,
3149 3102 3249 3156 καὶ
3294 3094 3481 3170 νοερὰν
3509 3095 3663 3147 κτίσιν
3687 3090 3751 3140 διὰ

2226 3203 2431 3254 τούτων
2470 3198 2948 3266 ὑπαινισσόμενος·
2988 3195 3056 3248 τά
3086 3195 3146 3247 δὲ
3170 3192 3360 3260 ξύλινά
3398 3207 3455 3242 τε
3480 3188 3568 3242 καὶ
3594 3183 3752 3254 ὀστρά-

2227 3306 2371 3355 κινα,
2399 3291 2551 3361 ἡμᾶς
2580 3288 2720 3359 τάχα
2748 3287 2834 3340 διὰ
2861 3286 3063 3339 τούτων
3090 3283 3502 3353 ἀποσημαίνων,
3540 3278 3622 3341 οὒς
3646 3277 3752 3329 ἀπε-

2228 3381 2431 3449 γαίωσε
2480 3380 2576 3450 μὲν
2603 3381 2637 3449 ὴ
2676 3376 2928 3448 παρακοὴ
2968 3377 3060 3430 καὶ
3088 3374 3450 3446 ὀστρακίνους
3513 3368 3749 3439 εποίησεν

2202 3452 2260 3545 ’ὴ
2296 3476 2351 3528 δὲ
2368 3474 2453 3528 διὰ
2478 3472 2572 3527 τοῦ
2613 3472 2771 3539 ξύλου
2806 3469 3076 3541 ἁμαρτὰς,
3110 3468 3305 3533 ξύλινα
3337 3469 3482 3538 ἡμᾶς
3506 3459 3753 3531 σκεύηὼιτὶ

2228 3567 2443 3639 χρυσῶν
2479 3567 2869 3636 ἀπειργάσατο.
2898 3563 3254 3633 Μεμέρισται
3286 3561 3341 3614 δὲ
3367 3558 3496 3629 πρὸς
3521 3557 3611 3627 τὴν
3636 3552 3753 3619 ἀξίαν

2229 3661 2324 3730 τῆς
2342 3659 2473 3728 ὕλης
2491 3660 2585 3712 καὶ
2609 3660 2642 3728 ἡ
2664 3658 2771 3711 τῶν
2796 3654 3003 3709 σκευῶν
3028 3654 3250 3727 χρῆσις.
3273 3653 3354 3706 Τὰ
3377 3653 3473 3723 μὲν
3488 3650 3590 3718 γὰρ
3605 3661 3754 3715 τιμιω-

2229 3750 2389 3818 τέρας
2420 3747 2574 3817 ὕλης,
2625 3748 2704 3809 είς
2759 3745 2923 3816 τιμὴν
2954 3743 3334 3797 ἀποτέτακται
3361 3757 3374 3772 ·
3410 3740 3476 3793 τὰ
3501 3740 3554 3792 δὲ
3595 3739 3662 3799 εἰς
3680 3734 3753 3803 τὴν

2227 3841 2419 3910 ἄτιμον
2463 3838 2765 3908 ὑπηρεσίαν
2818 3836 3181 3908 ἀπέρριπται.
3222 3833 3383 3887 Ἀλλὰ
3427 3832 3478 3885 τί
3503 3846 3622 3900 φησι
3660 3824 3755 3893 πρὶ

2228 3925 2335 3977 τῶν
2355 3923 2608 3977 τοιούτων
2631 3926 2658 3976 ὁ
2675 3922 2883 3985 Παῦλος
2910 3939 2925 3987 ;
2964 3923 3086 3974 Ὅτι
3113 3922 3370 3989 ἐξουσίαν
3399 3921 3508 3990 ἔχει
3536 3917 3590 3970 τὺ
3603 3913 3754 3973 σκεῦος

2229 4018 2293 4070 ὲκ
2324 4014 2423 4083 τῆς
2478 4014 2614 4078 ἰδίας
2659 4013 3050 4084 προαιρέσεως,
3082 4013 3115 4083 ἢ
3150 4012 3385 4082 χρύσεον
3432 4010 3534 4063 ἀπὸ
3569 4006 3753 4073 ξυλίνου.

2220 4108 2261 4177 ἢ
2290 4106 2556 4177 ἀργύρεον
2580 4105 2673 4157 ἀπ’
2697 4104 3016 4173 ὀστρακίνου
3062 4101 3346 4171 γενέσθαι.
3390 4100 3524 4155 Ἐὰν
3551 4096 3647 4164 γάρ
3665 4108 3750 4154 τις.

2230 4198 2413 4269 φησὶν,
2437 4196 2735 4266 ἐκκαθάρῃ
2750 4195 2986 4258 ἑαυτὸν,
3005 4194 3181 4248 ἔσται
3196 4192 3423 4258 σκεῦος
3435 4194 3517 4256 εὶς
3530 4186 3683 4258 τιμὴν
3694 4180 3753 4244 τῷ

2230 4289 2524 4358 Δεσπότῃ,
2561 4287 2709 4357 πρὸς
2747 4286 2870 4344 πᾶν
2890 4286 3069 4355 ἔργον
3086 4286 3324 4355 κάγαθὸν
3345 4276 3746 4352 ἡτοιμασμένον.

553 4408 677 4463 qua:
697 4392 841 4446 dicta
866 4394 1013 4453 sunt,
1047 4383 1370 4439 adducimur
1392 4381 1459 4437 ad
1483 4378 1813 4451 propositam
1836 4377 1955 4447 ejus
1976 4377 2121 4448 quod

2229 4382 2382 4454 Τάχα
2405 4382 2583 4436 τοίνυν
2612 4380 2699 4434 διὰ
2717 4380 2825 4433 τῶν
2847 4380 3153 4450 εἰρημένων
3182 4375 3565 4450 προσαγόμεθα
3586 4366 3747 4463 πως

556 4485 753 4538 lectum
784 4489 868 4537 est
898 4476 1433 4546 contemplationem.
1472 4470 1626 4527 Mons
1647 4469 1889 4525 Libanus
1908 4470 1962 4523 in
1985 4470 2124 4523 mul-

556 4575 624 4628 tis
656 4572 793 4627 locis
820 4578 1021 4626 saneta:
1064 4565 1357 4636 Scriptura:
1401 4567 1877 4624 commemoratur,
1925 4558 1989 4614 ad
2043 4561 2125 4613 in-

555 4663 843 4719 dicandum
870 4659 1235 4716 adversariam
1264 4662 1604 4727 potestatem,
1656 4659 1715 4706 ut
1739 4650 1959 4720 quando
1990 4650 2124 4704 dicit

554 4767 652 4822 per
698 4750 1021 4821 Prophetam
1058 4766 1071 4801 :
1105 4745 1350 4801 Conteret
1385 4742 1643 4797 Dominus
1682 4740 1866 4794 cedrus
1908 4738 2121 4804 Libani,

554 4854 604 4897 et
637 4843 952 4896 comminuet
982 4856 1070 4894 eas
1115 4847 1165 4892 et
1215 4836 1473 4889 Libanum
1514 4844 1570 4885 ut
1618 4832 1836 4886 vitulum
1881 4831 2035 4885 illum
2055 4832 2121 4895 3",

554 4935 650 5007 qui
675 4934 882 4989 scilicet
914 4931 1014 4984 fuit
1043 4946 1072 4982 a
1110 4929 1257 4983 Mose
1286 4927 1654 4983 comminutus
1688 4926 1741 4979 in
1782 4924 2022 4987 deserto,
2072 4930 2122 4977 et

554 5035 779 5101 propter
828 5023 1180 5080 subtilitatem
1217 5020 1392 5074 factus
1419 5019 1520 5075 fuit
1547 5018 1802 5089 potabilis
1837 5016 2099 5072 Israelitis

554 5121 655 5175 llic
700 5117 843 5173 enim
879 5114 1219 5185 significatur
1269 5126 1363 5181 per
1411 5110 1772 5182 prophetiam,
1830 5108 1975 5179 quod
2010 5121 2121 5162 non

555 5215 732 5271 solum
765 5210 906 5264 mala
935 5223 1055 5278 quae
1082 5213 1201 5260 orta
1240 5213 1368 5259 sunt
1398 5219 1463 5259 ex
1489 5202 1802 5258 adversaria
1830 5208 2118 5269 potestate.

556 5303 651 5361 sed
685 5305 849 5359 etiam
880 5301 995 5371 ipse
1023 5313 1181 5353 mons
1202 5295 1375 5366 prima
1405 5293 1532 5348 mali
1562 5291 1717 5346 radix
1741 5291 2004 5353 Libanus,
2027 5291 2121 5360 qui

554 5399 695 5452 clam
728 5392 872 5449 fovet
914 5388 1181 5460 ejusmodi
1232 5385 1488 5441 arborum
1542 5383 1758 5446 silvam,
1794 5382 1860 5435 ad
1892 5382 2120 5436 nihilum

555 5489 850 5560 redigetur.
880 5483 991 5539 Nos
1025 5496 1153 5554 ergo
1189 5480 1392 5535 fuimus
1421 5476 1636 5547 quidem
1668 5473 2123 5545 aliquandoligna

627 5605 672 5636 "
726 5602 903 5655 Galat.
969 5616 1006 5662 ι,
1060 5598 1147 5653 ‘20.
1276 5598 1317 5627 ³ο
1374 5594 1416 5648 ll
1464 5594 1589 5649 Cor.
1649 5607 1728 5657 Ill,
1764 5590 1848 5645 1‘2.

562 5674 606 5707 "
637 5673 779 5727 Psal.
817 5686 1009 5734 xxmt,
1053 5670 1083 5723 5
1115 5684 1235 5736 sqq.

1973 5592 2015 5623 ³¹
2055 5591 2219 5647 lCor.
2270 5604 2362 5654 ιιι,
2394 5586 2478 5639 12.

2229 4471 2562 4544 προκειμένῃ
2589 4469 2791 4540 θεωρία
2819 4467 2914 4523 τοῦ
2947 4468 3129 4537 λόγου.
3171 4468 3249 4521 Τὸ
3278 4468 3405 4538 ὅρος
3437 4468 3464 4518 ὁ
3490 4460 3684 4518 Λίϐανος
3702 4454 3745 4505 έν

2226 4562 2438 4625 πολλοῖς
2464 4563 2563 4631 τῆς
2589 4560 2746 4628 ἁγίας
2770 4560 2989 4631 Γραφῆς
3011 4562 3089 4624 εἰς
3113 4558 3342 4623 ἔνδειξιν
3368 4559 3463 4628 τῆς
3493 4544 3744 4617 ἀντικειμέ-

2224 4672 2322 4725 νης
2375 4651 2656 4723 δυνάμεως
2707 4651 3099 4722 μνημονεύεται
3118 4667 3131 4681 ο
3166 4651 3249 4713 ὡς
3276 4651 3403 4703 ὅταν
3430 4647 3566 4713 λέγει
3586 4640 3656 4694 διὰ
3674 4633 3741 4725 τοῦ

2226 4723 2507 4815 Προφήτου
2529 4760 2541 4773 ·
2571 4743 2653 4796 ὅτι
2688 4742 3002 4810 Συντρίψει
3032 4742 3253 4809 Κύριος
3278 4742 3390 4806 τὰς
3424 4736 3647 4806 κέδρους
3663 4723 3742 4780 τοῦ

2229 4832 2506 4896 Λιϐάνου,
2528 4830 2626 4884 καὶ
2640 4816 2923 4884 dextere?
2936 4829 3123 4895 αὑτάς
3132 4847 3201 4882 τε
3217 4829 3316 4883 καὶ
3337 4828 3444 4882 τὸν
3457 4815 3743 4880 Λίϐανονώς

2229 4925 2335 4978 τὸν
2357 4925 2595 4993 μόσχον
2620 4921 2875 4984 ἐκεῖνον,
2911 4920 3111 4991 δηλαδὴ
3145 4920 3241 4973 τὸν
3266 4921 3324 4972 ὲν
3337 4921 3406 4990 τῇ
3429 4916 3602 4988 ἐρήμῳ
3619 4920 3738 4962 κατα-

2227 5014 2519 5068 λεανθέντα
2548 5012 2652 5065 ὑπὸ
2677 5011 2769 5065 τοῦ
2793 5011 3088 5074 Μωῦσέως,
3123 5013 3223 5065 καὶ
3248 5012 3473 5079 πότιμον
3496 5005 3574 5059 διὰ
3596 4994 3741 5079 λεπξά

2226 5122 2367 5177 τητα
2402 5107 2512 5167 τοῖς
2552 5102 2908 5175 Ἰσραηλίταις
2941 5103 3256 5173 γενόμενον.
3283 5075 3537 5173 Δηλοῦται
3557 5094 3645 5164 γὰρ

2226 5175 2314 5253 διὰ
2360 5197 2463 5267 τῆς
2506 5194 2836 5266 προφητείας
2885 5194 2967 5247 ὅτι
2992 5195 3052 5247 ού
3082 5193 3248 5263 μόνον
3271 5193 3340 5246 τὰ
3360 5189 3612 5260 ὲκφυέντα
3632 5175 3741 5267 παρᾷ

2226 5291 2325 5361 τῆς
2356 5263 2732 5358 ἀνέικεέμένής
2777 5285 3060 5356 δυνάμεως
3098 5285 3273 5349 κακὰ,
3304 5282 3441 5339 ἀλλὰ
3465 5279 3553 5334 καὶ
3578 5270 3680 5330 αὐτὸ
3696 5263 3739 5316 τδ

2228 5382 2351 5452 ὅρος
2371 5382 2405 5451 ἡ
2429 5379 2612 5449 πρώτη
2637 5377 2730 5430 τοῦ
2752 5376 2924 5431 κακοῦ
2954 5377 3097 5448 ῥίζα,
3118 5379 3149 5428 ὁ
3166 5375 3419 5438 Δίὸανος,
3436 5376 3463 5426 ιι
3480 5363 3739 5452 ὑποτρέφοιν

2231 5448 2338 5524 τιῖιν
2360 5448 2616 5523 τοιούτων
2636 5467 2867 5537 δένδρων
2886 5467 2984 5538 τὴν
3009 5468 3159 5536 ὓλην,
3189 5468 3274 5529 είς
3290 5465 3350 5519 τὸ
3367 5464 3442 5534 μὴ
3460 5462 3517 5515 δν
3534 5448 3743 5528 περιστή·

2588 5592 2630 5622 ³³
2674 5591 2712 5645 ll
2773 5588 3005 5645 Timotb.
3081 5601 3141 5652 ιι,
3207 5584 3298 5639 20.
3416 5583 3457 5614 ³³
3506 5579 3623 5637 ibid.
3675 5570 3746 5624 9L
