3948 6192
248 297 327 356 9ίὸ
1257 312 1322 366 ΙΝ
1356 312 1651 369 (ΣΛΝΪΙΟᾹ
1680 312 1815 368 CAN

1922 317 1949 373 ἰ.
1996 317 2280 374 HUMILIA
2322 321 2432 377 VII.

3372 325 3478 380 9H

249 435 387 473 σεται.
412 418 625 475 Οὐκοῦν
655 423 814 494 ἡμεῖς
846 424 993 498 ἦμέν
1024 445 1154 483 ποτε
1182 430 1274 484 τοῦ
1298 431 1530 486 Λιϐάνου
1556 432 1621 486 τὰ
1647 433 1798 500 ξύλα,

1922 436 2115 501 .ibani,
2146 446 2204 492 ut
2230 440 2320 510 qui
2352 439 2405 493 in
2438 440 2529 495 illo
2566 440 2778 506 radices
2801 442 3126 511 egissemus,
3155 458 3249 512 per
3279 444 3477 498 malam

248 512 328 574 ἕως
351 514 404 564 ἐν
428 513 626 584 ἐκείνῳ
657 512 800 587 ἦμεν
827 520 1207 592 ἐρριζωμένοι,
1231 522 1320 575 διά
1353 539 1410 574 τε
1440 523 1534 576 τοῦ
1562 525 1795 595 πονηροῦ

247 602 362 671 βίου,
393 605 485 657 καὶ
504 608 607 676 τῆς
625 607 734 660 τῶν
757 609 992 663 εἰδώλων
1022 613 1238 683 ἀπάτης
1259 631 1271 643 ·
1296 614 1409 667 ἀλλ’
1441 615 1628 685 ἐπειδὴ
1659 618 1800 669 ἐκεῖ-

246 693 315 744 θεν
352 694 455 748 ὑπὸ
504 696 868 770 τῆςελογικῆς
916 701 1105 773 ἁξίνης
1147 703 1545 776 ἐξετμήθημεν,
1597 708 1689 760 καὶ
1742 709 1799 759 ἐν

244 787 339 846 ταῖς
375 787 534 856 χερσὶ
571 789 664 841 τοῦ
706 790 947 860 τεχνίτου
999 794 1319 865 ἐγενόμεθα,
1358 800 1573 866 φορεῖον
1606 799 1797 852 ἑαυτοῦ

156 940 159 945 Ι
244 876 368 945 ἡμεῖς
399 878 647 948 ἐποίησε.
681 883 1170 953 μεταστοιχειώσας
1200 885 1291 937 τοῦ
1328 886 1484 952 ξύλου
1516 887 1612 959 τὴν
1642 889 1801 957 φύσιν

240 965 309 1017 διὰ
339 968 436 1038 τῆς
488 970 905 1040 παλιγγενεσίας
942 975 1021 1038 εἰς
1057 976 1321 1047 ἀργύριόν
1350 995 1410 1030 τε
1440 979 1529 1031 καὶ
1560 981 1801 1050 χρυσίον,

241 1057 315 1117 καὶ
343 1059 421 1123 εἰς
450 1059 652 1131 εὐανθῆ
684 1063 989 1133 πορφύραν,
1026 1067 1119 1118 καὶ
1152 1068 1350 1130 εἰςτὰς
1374 1068 1482 1121 τῶν
1514 1069 1676 1123 λίθων
1708 1072 1804 1124 αύ-

238 1145 323 1211 γάς
345 1164 356 1175 ·
388 1148 480 1199 καὶ
506 1146 696 1220 ὥσπερ
726 1153 887 1221 φησὶν
930 1155 959 1206 6
1004 1155 1343 1221 Ἀπόστολος,
1380 1158 1461 1212 ὅτι
1493 1161 1804 1227 Καταλλή-

237 1237 344 1301 ,ζως
369 1237 649 1305 ἐμέρισεν
669 1240 951 1309 ἑκάστῳό
978 1244 1122 1310 θεός
1144 1246 1253 1310 τὰς
1277 1248 1381 1300 τοῦ
1414 1248 1585 1318 ἁγίου
1616 1252 1803 1305 Uret}-

239 1343 409 1395 ματος
441 1328 694 1397 δωρεάς’
754 1334 849 1386 καὶ
874 1328 917 1402 ᾧ
953 1336 1052 1406 μὲν
1089 1337 1271 1392 δίδωσι
1301 1342 1636 1412 προφητείαν
1663 1345 1805 1399 κατὰ

241 1417 325 1488 τὴν
345 1420 634 1489 ἀναλογίαν
684 1424 783 1494 τῆς
824 1426 1089 1492 πίστεως·
1141 1430 1286 1500 ἄλλῳ
1331 1432 1388 1484 δὲ
1441 1432 1568 1486 ἄλλο
1593 1452 1644 1487 τι
1697 1435 1807 1489 τῶν

244 1511 640 1584 ἐνεργημάτων,
694 1517 829 1587 πρὸς
857 1517 886 1570 ὃ
919 1520 1159 1587 πέφυκέν
1205 1538 1263 1576 τε
1297 1524 1390 1577 καὶ
1425 1524 1649 1580 δύναται
1679 1527 1808 1580 ἕκα-

248 1617 356 1666 στος
384 1604 482 1674 τὴν
510 1606 669 1677 χάριν
720 1607 995 1674 δέξασθαι,
1038 1613 1075 1683 ἢ
1100 1613 1375 1685 ὀφθαλμὸς
1414 1616 1509 1669 τοῦ
1560 1619 1808 1691 σώματος

246 1695 333 1765 τῆς
368 1697 689 1767 Ἐκκλησίας
731 1701 1035 1771 γινόμενος,
1084 1704 1116 1773 ἢ
1156 1707 1236 1769 εἰς
1266 1709 1420 1778 χεῖρα
1454 1710 1803 1775 τασσόμενος,

248 1787 279 1858 ἦ
318 1789 429 1841 ἀντὶ
486 1792 645 1855 ποόὸς
704 1795 1118 1866 ὑποστηρίζων·
1178 1798 1320 1852 οὕτω
1360 1801 1455 1853 καὶ
1503 1802 1563 1855 ἐν
1601 1806 1665 1875 τῇ
1716 1804 1809 1857 τοῦ

252 1883 451 1953 σορείου
481 1890 816 1957 κατασκευῇ,
855 1890 884 1940 ὁ
925 1887 1022 1959 μέν
1056 1908 1139 1955 τις
1174 1892 1383 1956 στύλος,
1417 1896 1445 1948 6
1475 1893 1530 1947 δὲ
1560 1895 1812 1960 ὲπίῦασις

255 1974 440 2041 γίνεται
460 1992 472 2005 ·
503 1977 689 2049 ἕτερος
727 1978 785 2032 δὲ
814 1980 875 2033 τὸ
916 1982 1051 2053 πρὸς
1083 1986 1148 2053 τῇ
1184 1985 1390 2056 κεφαλῇ
1430 1986 1592 2058 μέρος
1624 1987 1652 2040 6
1686 1988 1814 2043 άνά-

256 2066 417 2121 κλιτον
470 2070 909 2141 προσηγόρευσεν
932 2089 943 2099 ’
968 2074 1074 2126 εἰσὶ
1120 2074 1177 2127 δέ
1209 2093 1351 2140 τινες
1389 2078 1437 2129 οἱ
1473 2080 1552 2142 εἰς
1580 2079 1639 2131 τὸ
1666 2080 1815 2144 ἐντὸς

253 2160 573 2229 τεταγμένοι.
602 2156 701 2214 ’Ὧν
731 2163 984 2217 ἁπάντων
1004 2166 1147 2219 κατά
1174 2184 1292 2220 τινα
1321 2168 1476 2236 λόγον
1505 2171 1534 2222 6
1563 2171 1814 2243 τεχνίτης

254 2250 307 2302 οὐ
333 2253 569 2324 μονοειδῆ
596 2257 732 2326 πρὸς
756 2257 847 2310 τὸν
871 2259 1261 2332 καλλωπισμὸν
1286 2264 1491 2315 ἐπινοεῖ
1513 2265 1611 2334 τὴν
1633 2265 1766 2336 ὓλην
1797 2284 1809 2296 ο

250 2339 378 2395 ἀλλὰ
406 2343 580 2398 πάντα
619 2347 719 2415 μὲν
748 2348 1177 2420 κατακοσμεῖται
1203 2351 1281 2422 τῷ
1313 2352 1497 2406 κάλλει
1523 2370 1536 2384 ⁸
1559 2355 1814 2427 διάφορος

250 2430 302 2484 δὲ
334 2435 421 2487 καὶ
441 2434 772 2508 κατάλληλος
805 2441 1020 2512 ἑκάστῳ
1053 2443 1257 2497 τούτων
1286 2446 1580 2500 ἐπινοεῖται
1607 2448 1809 2520 ήεῶρα.

253 2523 369 2577 Εἰσὶ
407 2527 582 2582 τοίνυν
618 2531 880 2603 ἀργύριον
926 2534 1023 2603 μὲν
1045 2537 1093 2587 οἱ
1126 2534 1309 2588 στύλοι
1342 2536 1436 2589 τοῦ
1471 2539 1688 2608 φορείου
1712 2555 1724 2567 °
1757 2542 1816 2593 αἱ

250 2615 305 2668 δὲ
324 2616 517 2672 τούτων
548 2622 826 2688 ἐπιϐάσεις
860 2626 1113 2695 πορφύρα
1136 2643 1148 2655 ·
1178 2628 1241 2679 ἐκ
1270 2628 1493 2698 χρυσίου
1519 2629 1576 2682 δὲ
1606 2632 1666 2684 τὸ
1686 2632 1816 2685 ἀνά-

249 2704 423 2760 κλιτον
442 2707 501 2761 τὸ
527 2713 592 2780 τῇ
619 2713 825 2782 κεφαλῇ
854 2715 1165 2779 ύποδαῖνον,
1197 2716 1254 2767 ὲν
1280 2709 1323 2782 ᾧ
1358 2704 1526 2772 κλίνει
1570 2720 1670 2791 τὴν
1687 2722 1812 2774 ἐαυ-

248 2795 344 2849 τοῦ
369 2802 597 2873 κεφαλὴν
614 2805 647 2855 ὁ
668 2821 727 2856 νυ
737 2806 898 2874 μιρίος
915 2823 926 2834 ’
949 2809 1061 2871 τοῖς
1079 2808 1134 2862 δὲ
1163 2811 1364 2881 τιμίοις
1393 2811 1562 2875 λίθοις
1578 2813 1639 2865 τὸ
1668 2813 1815 2868 ἔνδον

246 2887 393 2942 ᾰτταν
422 2896 916 2950 καταποικίλλεται.
942 2900 1153 2954 Οὐκοῦν
1186 2901 1410 2965 στύλους
1439 2903 1537 2971 μὲν
1571 2904 1813 2975 νοητέον,

246 2980 374 3042 τους
409 2983 626 3049 στύλους
656 2985 758 3056 τῆς
800 2988 1143 3058 Ἐκκλησίας,
1174 2985 1255 3055 οἷς
1287 2993 1529 3063 ἀκριϐῶς
1558 2995 1616 3047 τὸ
1648 2995 1817 3065 ἀργύ-

250 3086 368 3136 ριον
390 3074 623 3147 καθαρόν
667 3095 725 3130 τε
752 3072 847 3132 καὶ
883 3082 1277 3153 πεπυρωμένον
1301 3087 1329 3137 6
1357 3084 1512 3155 λόγος
1541 3068 1709 3141 ἐστίν..
1752 3089 1816 3143 Ἠ

246 3162 305 3214 δὲ
343 3168 586 3238 πορφύρα
626 3169 763 3221 εἰσὶν
791 3172 839 3223 οἳ
864 3172 959 3241 τῆς
993 3172 1271 3243 βασιλείας
1295 3175 1351 3227 ἐν
1384 3176 1461 3246 τῷ
1496 3176 1684 3248 ὑψηλῴ
1710 3177 1810 3249 τῆς
1845 3156 1887 3212 C

248 3256 516 3322 πολιτείας
559 3260 972 3332 ἑπιϐεϐήκασιν.
1036 3263 1343 3334 Ἐξαίρετον
1385 3267 1494 3339 γάρ
1532 3270 1820 3342 γνώρισμα

245 3349 350 3414 τῆς
390 3349 656 3419 βασιλείας
686 3354 720 3423 ἠ
752 3354 1004 3425 πορφύρα
1034 3357 1333 3425 νομίζεται.
1375 3360 1448 3413 Τὸ
1477 3360 1534 3413 δὲ
1562 3363 1819 3433 ἡγεμονι-

249 3440 349 3495 κὸν
370 3444 543 3510 αὐτοῦ,
561 3447 619 3497 ἐν
634 3441 681 3514 ᾧ
697 3447 795 3517 τὴν
833 3449 1069 3519 κεφαλὴν
1090 3450 1254 3503 αὐτοῦ
1280 3451 1447 3505 κλίνει
1475 3454 1503 3505 6
1524 3454 1583 3507 τὸ
1610 3458 1823 3526 φορεῖον

250 3537 684 3601 κατασκευάσας,
725 3540 785 3592 τὸ
830 3538 935 3591 τε»)
990 3541 1247 3611 καθαρῶν
1279 3544 1564 3614 δογμάτων
1602 3548 1824 3618 χρυσίον

251 3627 420 3680 ἐστίν.
450 3631 587 3684 Ὀσα
615 3631 673 3683 δὲ
707 3633 883 3702 ἁφανῆ
909 3650 966 3686 τε
994 3636 1087 3687 καὶ
1115 3634 1322 3704 κρύφια
1355 3641 1418 3712 τῇ
1446 3639 1659 3711 καθαρᾷ
1698 3659 1824 3695 συν-

254 3719 455 3789 ειδήσει
481 3722 584 3773 τῶν
618 3722 813 3793 τιμίων
861 3724 1022 3777 λίθων
1064 3727 1436 3797 ἐπιωραῖζεται,
1465 3731 1531 3783 δι’
1552 3724 1625 3783 ὧν
1657 3732 1826 3786 ἁπάν-

256 3825 370 3862 των
397 3812 497 3865 ἀπὸ
538 3814 647 3866 τῶν
680 3814 994 3884 θυγατέρων
1029 3818 1384 3889 Ἰερουσαλὴμ
1415 3822 1447 3891 ἡ
1483 3822 1671 3893 ἀγάπη
1707 3841 1828 3879 συνο

262 3900 481 3957 ίσταται.
517 3905 576 3958 Εἰ
598 3906 656 3958 δὲ
687 3905 927 3975 βούλοιτό
960 3926 1043 3971 τις
1066 3913 1278 3979 φορεῖον
1311 3912 1409 3981 μὲν
1447 3915 1625 3968 πᾶσαν
1648 3915 1827 3985 λέγειν

258 3989 362 4059 τὴν
400 3992 714 4063 Ἐκκλησίαν
735 4012 749 4024 ·
778 3997 1127 4066 καταμερίζοι
1156 3997 1211 4049 δὲ
1238 3999 1377 4052 κατὰ
1409 4000 1506 4064 τὰς
1536 4002 1641 4057 τῶν
1675 4007 1827 4079 ἐνερ-

257 4083 420 4147 γειῶν
460 4085 716 4156 διαφορὰς
770 4090 848 4149 εἰς
895 4088 1163 4158 πρόσωπά
1209 4107 1329 4143 τινα
1372 4092 1463 4144 τοῦ
1503 4096 1719 4164 φορείου
1762 4098 1828 4151 τὰ

259 4172 421 4244 μέρη,
442 4175 516 4238 ὡς
539 4175 604 4245 δὴ
632 4178 758 4246 περὶ
792 4176 982 4230 τούτου
1019 4179 1360 4250 προείρηται,
1392 4182 1591 4254 πολλὴν
1616 4186 1709 4238 καὶ
1736 4185 1830 4239 οὗ·

251 4281 368 4329 τως
388 4268 632 4321 εὐκολίαν
655 4270 683 4321 ὸ
706 4268 859 4337 λόγος
890 4269 1021 4339 ἔχει,
1055 4270 1269 4341 ἑκάστῳ
1291 4272 1532 4342 τάγματι
1562 4274 1669 4328 τῶν
1692 4278 1831 4331 κατά

249 4358 356 4429 τὴν
403 4360 727 4431 Ἐκκλησίαν
767 4362 1113 4432 τεταγμένων
1142 4363 1450 4433 ἐφαρμόσαι
1481 4365 1574 4418 τοῦ
1611 4369 1828 4437 φορείου

250 4452 321 4503 τὰ
349 4453 486 4524 μέρη
506 4469 522 4484 ο
575 4451 758 4515 καθώς
808 4470 972 4524 φησιν
1008 4455 1037 4506 6
1079 4454 1419 4520 ’Λπόστολος,
1450 4458 1533 4509 ὅτι
1563 4461 1770 4514 "Edere
1799 4465 1831 4515 ὁ

252 4544 403 4611 Θεὸς
425 4546 496 4597 ἐν
517 4544 592 4614 τῇ
631 4547 974 4613 Ἐκκλησίᾳ,
998 4546 1234 4614 πρῶτον
1263 4548 1663 4616 ἀποστόλους,
1700 4551 1832 4606 δεύ-

248 4649 426 4700 τερον
450 4636 783 4705 προφήτας,
807 4638 1008 4704 τρίτον
1028 4635 1457 4702 διδασκάλους,
1490 4637 1680 4692 ἔπειτα
1708 4641 1829 4694 καθ’

246 4726 486 4782 ἕκαστον
534 4730 713 4782 πάντα
759 4730 898 4801 πρὸς
940 4730 1031 4784 τον
1079 4730 1450 4801 καταρτισμὸν
1490 4732 1596 4783 τῶν
1637 4733 1828 4802 ἁγίων·

247 4817 327 4880 ὡς
351 4819 440 4873 διὰ
461 4819 575 4872 τῶν
605 4821 881 4890 ὀνομάτων
908 4821 1015 4874 τῶν
1043 4821 1177 4891 πρὸς
1196 4822 1293 4892 τὴν
1307 4820 1404 4874 τοῦ
1421 4823 1638 4892 φορείου
1666 4841 1832 4878 καταο

254 4909 458 4982 σκευὴν
472 4910 871 4965 συντελούντων
885 4912 1065 4983 ἱερέας
1079 4910 1315 4964 νοεῖσθαι
1339 4913 1433 4965 καὶ
1457 4913 1827 4979 διδασκάλους.

254 5001 354 5055 καὶ
409 5001 510 5072 τὴν
564 5003 767 5073 σεμνὴν
818 5002 1115 5073 παρθενίαν
1154 5003 1252 5073 τὴν
1300 5002 1450 5065 ἐντος
1486 5003 1580 5056 τοῦ
1614 5004 1832 5075 φορείου

257 5091 593 5163 καθαρότητι
622 5092 731 5146 τῶν
776 5092 1006 5163 ἀρετῶν,
1040 5088 1152 5145 οἶόν
1181 5110 1287 5145 τισι
1316 5093 1477 5145 λίθων
1517 5094 1714 5163 αὐγαῖς
1753 5097 1835 5149 ἐν·

257 5185 575 5256 αστράπτου
582 5200 699 5238 σαν.

343 5275 507 5330 Ἀλλὰ
548 5277 676 5347 περὶ
737 5275 835 5346 μὲν
895 5274 1097 5329 τούτων
1139 5276 1393 5331 τοσαῦτα.
1443 5277 1501 5327 ’0
1544 5277 1600 5330 δὲ
1638 5278 1834 5349 ἐφεξῆς

262 5370 417 5439 λόγος
443 5368 762 5441 προτροπὴν
781 5369 1023 5439 περιέχει
1041 5368 1176 5439 πρὸς
1198 5368 1296 5433 τὰς
1317 5369 1617 5440 θυγατέρας
1651 5369 1840 5441 Ἰερου·

262 5462 447 5534 σαλὴμ
476 5459 628 5530 παρὰ
659 5459 757 5529 τῆς
790 5458 1010 5529 νύμφης
1030 5458 1326 5528 γινόμενος.
1360 5459 1449 5521 Ὠς
1473 5459 1579 5531 γάρ
1608 5461 1636 5511 6
1664 5461 1837 5530 μέγας

265 5552 477 5617 Παῦλος
505 5551 706 5622 ζημίαν
740 5553 941 5623 ἠγεῖτο,
968 5552 1015 5603 εἰ
1048 5550 1122 5619 μὴ
1152 5550 1285 5602 πᾶσι
1307 5549 1412 5601 τῶν
1442 5550 1581 5602 ἰδίων
1620 5551 1835 5617 ἀγαθῶν

336 5734 377 5766 ³⁵
445 5732 604 5789 Rom.
669 5746 766 5797 xu,
813 5734 845 5788 4
879 5748 1001 5802 sqq.
1055 5732 1098 5765 ³⁵
1136 5731 1177 5785 il
1262 5733 1387 5785 (Lor.
1429 5747 1464 5795 I,
1521 5731 1603 5803 12.,
1639 5733 1727 5789 28.

1908 527 2090 591 vitam,
2122 536 2176 584 et
2220 546 2317 600 per
2373 531 2614 587 fraudem
2656 532 2962 587 daemonum
3000 552 3014 588 :
3049 534 3143 589 seJ
3183 542 3476 605 postquam

1902 618 2053 672 illinc
2087 635 2115 673 a
2153 622 2380 677 rationis
2428 623 2691 693 participe
2732 624 2911 679 securi
2955 623 3125 679 excisi
3171 639 3383 690 sumus,
3424 630 3480 680 et

1908 701 2108 766 fuimus
2133 712 2184 765 in
2219 713 2473 768 manibus
2504 715 2754 782 artificis,
2814 714 2860 771 is
2889 730 2988 770 nos
3016 731 3177 770 suum
3207 715 3335 772 fecit
3374 716 3481 773 fer-

1908 802 2111 867 culum,
2160 812 2523 859 transmutata
2561 802 2691 876 ligni
2734 813 2927 861 natura
2984 822 3081 877 per
3115 807 3483 879 regeneratio-

1909 907 2029 947 nem
2064 895 2115 949 in
2158 903 2443 967 argentum
2501 908 2554 953 et
2596 914 2812 963 aurum,
2864 906 2919 955 et
2963 899 3246 957 ﬂorentem
3286 916 3484 972 purpu-

1909 1001 2047 1048 ram,
2082 993 2135 1041 et
2186 989 2240 1041 in
2279 989 2628 1060 splendorem
2671 1007 3049 1064 gemmarum;
3088 1003 3143 1051 et
3178 995 3321 1051 sicut
3352 994 3486 1051 dicit

1914 1074 2208 1145 Apostolus
2250 1078 2316 1142 ³⁸,
2365 1076 2740 1133 Οοηυεηίυιιιεν
2791 1081 3070 1151 unicuique
3118 1079 3297 1135 divisit
3336 1081 3479 1135 Deus

1914 1166 2061 1218 dona
2105 1166 2277 1219 sancti
2322 1165 2552 1236 Spiritus
2591 1176 2693 1223 :et
2724 1167 2815 1220 alii
2846 1169 3066 1239 quidem
3113 1169 3206 1223 dat
3244 1171 3481 1241 prophe-

1913 1257 2042 1311 tiam
2092 1264 2485 1316 convenienter
2518 1262 2857 1331 pmportioni
2895 1262 3052 1328 ﬁdei;
3096 1262 3186 1316 alii
3214 1277 3345 1316 vero
3385 1261 3487 1316 ali-

1911 1363 2074 1418 quam
2117 1352 2701 1420 aliamloperationem,
2753 1361 2918 1421 prout
2966 1361 3052 1407 est
3110 1353 3488 1423 unusquisque

1913 1447 2073 1509 aptus
2106 1448 2320 1505 natura,
2356 1453 2408 1497 et
2442 1452 2623 1513 potest
2671 1445 2956 1512 suscipere
2984 1446 3236 1514 gratiam,
3282 1451 3342 1497 ut
3393 1443 3486 1514 qui

1914 1533 1997 1586 vel
2044 1534 2327 1589 ordinetur
2368 1536 2562 1588 oculus
2621 1533 2899 1599 Ecclesize,
2963 1535 3045 1587 vel
3090 1534 3264 1589 locum
3309 1542 3485 1589 teneat

1891 1638 2199 1714 ‘manuum,
2245 1626 2325 1679 vel
2382 1625 2505 1679 loco
2570 1625 2721 1695 pedis
2768 1624 2957 1678 fulciat
2992 1641 3055 1679 ac
3095 1625 3334 1680 stabiliat
3366 1642 3380 1680 :
3412 1625 3485 1679 ita

1915 1716 2078 1768 etiam
2122 1717 2172 1769 in
2228 1716 2421 1770 frrculi
2470 1719 2883 1773 constructione
2932 1718 3077 1771 aliud
3136 1717 3352 1787 quidem
3405 1723 3487 1771 est

1915 1808 2189 1871 columna.
2236 1808 2384 1861 aliud
2432 1824 2561 1864 vero
2603 1824 2890 1871 ascensus,
2937 1808 3084 1862 aliud
3122 1823 3250 1863 vero
3294 1814 3379 1863 est
3427 1821 3487 1861 ea

1917 1914 2042 1967 pars
2072 1915 2191 1968 quae
2221 1908 2303 1954 est
2335 1899 2401 1952 ad
2430 1907 2612 1968 caput,
2639 1915 2799 1968 quam
2827 1900 3489 1959 vocavitreclinatorium.

1916 1989 2004 2041 alii
2054 2002 2235 2044 autem
2281 2000 2408 2044 sunt
2447 1990 2701 2043 collocati
2744 1990 2913 2045 intus.
2951 1990 3194 2061 Quorum
3243 1990 3489 2045 omnium

1914 2079 2147 2148 quadam
2181 2079 2393 2134 ratione
2420 2083 2873 2150 compositionem
2908 2080 3104 2134 artifex
3143 2095 3252 2134 non
3282 2079 3490 2134 unifor-

1922 2171 2083 2225 milcr
2113 2172 2385 2241 excogitat
2424 2174 2770 2227 soiumtnodo
2799 2171 2863 2227 ad
2895 2178 3173 2234 ornatum,
3220 2171 3314 2226 sed
3335 2185 3491 2226 exor-

1915 2269 2115 2314 nantur
2146 2261 2365 2330 quidem
2387 2264 2569 2316 omnia
2596 2263 3037 2331 pulchritudine;
3070 2261 3291 2317 diversa
3308 2270 3490 2317 autem

1912 2357 1967 2405 et
2003 2351 2294 2421 unicuique
2317 2368 2505 2407 eorum
2533 2355 2865 2409 conveniens
2896 2354 3240 2424 exc0gitatur
3278 2353 3491 2423 elegan-

1918 2442 1990 2495 tia
2031 2450 2085 2497 et
2134 2442 2319 2499 decor.
2364 2444 2503 2498 Sunt
2547 2460 2678 2514 ergo
2734 2453 3004 2515 argentea:
3049 2443 3268 2514 quidem
3301 2443 3491 2499 ferculi

1914 2535 2200 2597 columnte,
2236 2551 2421 2591 earum
2442 2546 2623 2591 autem
2645 2538 2903 2605 purpurei
2937 2552 3204 2591 ascensus
3230 2554 3243 2590 :
3268 2550 3493 2591 aureum

1917 2633 2097 2679 autem
2130 2635 2214 2681 est
2248 2626 2660 2681 reclinatorium
2706 2626 2849 2697 quod
2886 2634 3161 2681 sustentat
3208 2634 3397 2697 caput,
3439 2627 3493 2680 in

1917 2729 2026 2784 quo
2066 2724 2232 2785 caput
2268 2732 2428 2770 suum
2475 2718 2705 2771 reclinat
2750 2732 3010 2786 sponsus;
3040 2717 3268 2786 gemmis
3314 2724 3494 2771 autem

1917 2813 1971 2859 et
1996 2806 2270 2875 lapidibus
2311 2809 2565 2873 pretiosis
2605 2809 2851 2862 variatur
2889 2807 3156 2878 quidquid
3199 2816 3284 2862 est
3326 2808 3492 2863 intus.

1922 2893 2060 2948 Sunt
2084 2911 2213 2967 ergo
2227 2893 2516 2962 columnte,
2532 2895 2789 2952 Ecclesize
2809 2900 3095 2962 columnae,
3119 2896 3316 2967 quibus
3339 2897 3495 2966 plane

1921 3005 2115 3066 purum
2140 2996 2189 3044 et
2226 2991 2349 3061 igne
2376 2992 2744 3045 examinatum
2775 3002 3058 3060 argentum
3087 3000 3170 3045 est
3197 2989 3492 3059 eloquium.

1920 3080 2168 3152 Purpura
2218 3092 2398 3137 autem
2451 3091 2602 3145 sunt,
2674 3084 2764 3153 qui
2815 3082 2879 3135 ad
2925 3082 3124 3149 regalis
3183 3081 3497 3151 reipublica

1924 3190 2193 3228 summurn
2252 3177 2478 3245 gradum
2522 3176 2909 3231 ascenderunt.
2976 3173 3315 3245 Prcecipuum
3352 3175 3496 3229 enim

1925 3268 2074 3335 regni
2109 3270 2321 3336 signum
2348 3278 2604 3324 censetur
2645 3283 2767 3323 esse
2811 3281 3071 3337 purpura.
3115 3266 3495 3337 Principatum

1923 3363 2102 3411 autem
2145 3356 2397 3413 obtinens
2433 3357 2690 3419 facultas,
2725 3356 2779 3409 in
2810 3370 2919 3425 qua
2943 3362 3111 3425 caput
3139 3370 3301 3409 suum
3336 3352 3500 3408 recli-

1924 3456 2016 3502 net
2043 3447 2089 3502 is
2122 3448 2206 3517 qui
2228 3450 2538 3504 construxit
2568 3449 2959 3513 ferculum,est
2989 3462 3251 3515 purorum
3280 3445 3501 3517 dogma-

1925 3544 2040 3591 tum
2072 3552 2287 3590 aurum.
2324 3537 2675 3609 Qutecunque
2710 3546 2892 3591 autem
2944 3538 3133 3607 latent,
3177 3544 3231 3592 et
3261 3552 3369 3591 non
3402 3551 3501 3606 ap-

1929 3636 2142 3696 parent,
2187 3627 2519 3681 deeorantur
2574 3644 2706 3698 pura
2758 3644 3092 3697 gemmarum
3134 3625 3501 3689 conscientia,

1928 3733 2023 3787 per
2048 3734 2169 3788 quae
2200 3720 2384 3773 omnia
2421 3720 2677 3775 consistit
2712 3721 2954 3775 charitas
2982 3738 3046 3775 ex
3074 3720 3288 3774 filiabus
3312 3717 3500 3773 Israel.

1931 3809 1988 3864 Si
2022 3812 2145 3881 quis
2180 3820 2358 3866 autem
2411 3812 2541 3867 velit
2577 3812 2844 3867 ferculum
2884 3812 3101 3881 quidem
3149 3810 3334 3865 dicere
3374 3808 3501 3861 uni-

1928 3918 2140 3957 versam
2188 3904 2511 3969 Ecclesiam,
2570 3903 2785 3973 dividat,
2831 3914 3012 3959 autem
3075 3918 3143 3959 ex
3186 3899 3507 3957 diﬂ‘crentiis

1932 3996 2315 4066 operationum
2367 3995 2421 4050 in
2463 4011 2730 4066 personas
2782 3997 3015 4066 aliquas,
3068 4001 3249 4066 partes
3288 3992 3503 4057 ferculi,

1933 4096 1991 4141 ut
2022 4089 2136 4156 jam
2162 4089 2228 4143 de
2258 4104 2329 4159 eo,
2354 4090 2563 4144 dictum
2596 4099 2681 4145 est
2712 4098 2895 4154 antea,
2944 4089 3024 4144 sic
3058 4101 3275 4157 quoque
3307 4094 3392 4141 est
3424 4084 3505 4139 fa-

1930 4178 2197 4233 cillimum
2234 4180 2530 4250 unicuique
2560 4180 2740 4235 ordini
2785 4194 2972 4234 eorum
3003 4179 3094 4249 qui
3127 4186 3255 4233 sunt
3302 4176 3356 4230 in
3402 4174 3507 4229 Ec-

1931 4269 2094 4323 clesia
2124 4270 2381 4340 adaptare
2410 4281 2591 4340 partes
2624 4269 2816 4324 ferculi
2849 4283 2863 4321 :
2888 4266 3165 4338 quomodo
3195 4265 3329 4320 dicit
3358 4264 3506 4334 Apoc

1933 4362 2106 4416 stolus
2135 4380 2146 4413 :
2179 4361 2388 4423 Posuit,
2436 4360 2634 4430 inquit,
2692 4360 2832 4413 Deus
2872 4360 2925 4412 in
2970 4357 3232 4420 Ecclesia,
3273 4355 3504 4423 primum

1936 4447 2221 4513 apostolos,
2257 4445 2483 4499 secundo
2529 4447 2832 4516 prophetas,
2886 4446 3041 4500 tertio
3081 4444 3321 4498 doctores
3339 4442 3407 4508 ³⁸,
3452 4450 3507 4497 et

1936 4536 2250 4606 singulatim
2286 4536 2467 4591 omnia
2493 4538 2560 4591 ad
2591 4539 2976 4607 perfectionem
3018 4545 3361 4603 sanctorum,
3430 4537 3503 4591 ita

1929 4636 1989 4680 ut
2020 4642 2117 4695 per
2146 4628 2246 4682 has
2278 4642 2461 4691 voces,
2513 4644 2852 4699 qutecunque
2882 4629 2950 4683 ad
2988 4629 3263 4707 opiﬁcium
3316 4628 3507 4685 ferculi

1927 4717 2569 4787 pertinent,sacerdotes
2621 4734 2686 4774 ac
2734 4719 2991 4776 doctores
3030 4718 3427 4791 intelligantur,
3455 4730 3510 4776 et

1927 4808 2296 4862 venerandam
2333 4809 2697 4879 virginitatem
2735 4824 2861 4865 esse
2909 4817 3238 4874 statuamus,
3289 4824 3411 4880 quae
3451 4809 3507 4863 in

1928 4899 2157 4964 ferculo,
2201 4901 2460 4955 virtutum
2492 4903 2751 4971 puritate,
2779 4908 3037 4975 tanquam
3071 4902 3243 4958 radiis
3276 4902 3508 4971 quihus-

1935 4992 2059 5047 dam
2093 4991 2478 5063 pretiosiorum
2513 4992 2756 5064 lapidum
2790 4993 3019 5064 fulgeat.

2012 5276 2167 5331 Acde
2190 5277 2273 5331 his
2295 5277 2514 5347 quidem
2534 5275 2820 5331 hactenus.
2856 5275 2985 5341 Quae
3000 5282 3304 5344 sequuntur
3323 5271 3507 5333 verba,

1942 5368 2156 5437 prolata
2186 5368 2252 5423 ab
2284 5368 2400 5437 ipsa
2440 5383 2666 5438 sponsa,
2690 5367 3124 5421 exhortationem
3154 5364 3220 5419 ad
3251 5363 3392 5417 ﬁlias
3420 5357 3508 5414 Je-

1940 5459 2176 5511 rusalem
2225 5460 2528 5512 continent.
2591 5456 2724 5511 Nam
2774 5453 3231 5526 quemadmodum
3281 5462 3508 5519 magnus

1939 5551 2028 5603 ille
2059 5548 2319 5601 Paulus"
2359 5563 2455 5618 pro
2482 5547 2683 5603 damno
2704 5546 2957 5613 ducebat,
3003 5546 3050 5601 si
3086 5558 3196 5600 non
3223 5553 3347 5597 cum
3383 5537 3510 5594 unl-

1807 5734 1848 5765 ³ῖ
1904 5731 1923 5786 l
1968 5732 2095 5789 Cor.
2154 5746 2251 5801 vu,
2303 5731 2357 5784 7.
