3948 6192
484 273 585 328 915

1685 267 1742 322 S.
1784 265 2111 322 GREGORII
2137 267 2430 324 NYSSENI

3583 279 3667 335 916

478 387 655 442 versis
695 385 836 440 bona
886 397 984 437 sua
1019 381 1504 448 communicasset,
1549 397 1722 452 eaque
1767 383 1835 438 de
1881 397 2046 438 causa

2186 384 2500 455 κοινώνησε,
2557 386 2638 440 διὸ
2697 387 2764 440 τὰ
2822 385 3043 439 τοιαῦτα
3082 385 3213 454 πρὸς
3259 387 3376 450 τοὺς
3423 388 3670 459 ἀκούοντας

479 477 660 533 verbis
693 476 844 529 hisce
870 473 938 528 ad
957 474 1239 530 audientes
1273 474 1529 531 utebatur
1553 492 1566 528 :
1610 473 1777 532 Velim
1803 490 1892 528 vos
1920 473 2053 528 tales

481 569 601 637 ﬁeri
623 567 799 638 qualis
829 583 921 636 ego
951 582 1091 632 sum,
1146 581 1272 621 cum
1313 574 1367 622 et
1422 558 1542 636 ipse
1591 565 1890 636 aliquando
1927 565 2056 622 talis

483 660 701 724 fuerim,
728 659 918 730 quales
952 673 1047 714 vos
1078 659 1232 715 estis.
1265 656 1396 714 ltem
1424 675 1438 712 :
1475 655 1641 712 Velim
1667 673 1756 712 vos
1787 657 1904 726 fieri
1928 656 2054 711 imi-

483 761 682 806 tatores
717 751 839 817 mei,
865 749 1312 822 quemadmodum
1347 766 1440 820 ego
1471 747 1674 804 Christi
1716 763 1837 804 sum
1877 747 2057 802 imita-

484 853 574 899 tor
597 846 642 883 ³⁸
680 861 692 896 :
721 845 802 899 sic
828 851 882 899 et
925 843 1319 913 benignissima
1365 841 1481 896 haec
1519 855 1721 913 sponsa
1749 839 2056 895 divinorum

485 935 675 1005 sponsi
714 935 1099 1006 mysteriorum
1136 933 1411 1003 particeps
1469 931 1634 996 facta,
1703 942 2055 1001 posteaquam

486 1027 669 1083 cubile
691 1026 1084 1097 conspexit,ac
1115 1026 1259 1099 regis
1306 1024 1570 1080 ferculum
1593 1022 1809 1079 .ell‘ecta
1840 1029 1944 1088 est,
1993 1021 2060 1076 ad

484 1119 808 1189 juvenculas
836 1119 1038 1173 clamat
1079 1119 1153 1188 (et
1190 1117 1395 1172 fuerint
1447 1116 1678 1173 forsitan
1718 1117 1800 1172 hae
1845 1117 2060 1170 illorum

489 1206 684 1261 animae
715 1206 807 1276 qui
841 1206 1073 1262 salutem
1119 1207 1587 1277 consequuntur),
1625 1214 1679 1261 et
1717 1225 1731 1260 :
1765 1205 2063 1276 Quousque

490 1299 845 1366 tandem,ait,
887 1300 1028 1354 intra
1083 1300 1207 1355 vitae
1250 1300 1566 1371 speluncam
1606 1298 1803 1355 abdita:
1846 1297 2065 1352 latetis?

488 1385 888 1460 Progredimini
943 1398 1096 1447 extra
1153 1400 1361 1446 natura:
1407 1391 1730 1454 velamenta,
1798 1389 2064 1458 factaeque

497 1481 621 1536 filiae
650 1480 806 1549 Sion,
835 1482 1212 1539 admirandum
1250 1483 1356 1539 hoc
1397 1483 1768 1554 spectaculum
1812 1481 2060 1551 aspicite.

493 1571 783 1629 Intuemini
809 1573 1252 1629 decentissimam
1295 1574 1348 1628 in
1383 1573 1562 1643 capite
1593 1573 1737 1643 regis
1775 1586 2062 1633 coronam,

493 1681 656 1735 quam
691 1673 865 1720 mater
888 1665 1060 1736 ipsius
1077 1665 1125 1719 ei
1159 1664 1578 1735 circumposuit,
1607 1662 2064 1734 quemadmodum

493 1766 648 1813 vates
683 1757 775 1812 ille
807 1757 1051 1828 loquitur
1084 1772 1100 1813 :
1137 1755 1373 1812 Posuisti
1409 1758 1464 1812 in
1494 1765 1652 1826 caput
1705 1756 1870 1827 ipsius
1913 1770 2064 1809 coro-
2097 1725 2144 1786 Β

496 1867 621 1904 nam
658 1849 722 1904 de
749 1849 922 1919 lapide
961 1849 1192 1918 pretioso
1232 1847 1430 1904 factam
1460 1848 1526 1904 ³³.
1547 1847 1734 1920 Neque
1774 1847 2066 1918 quisquam

479 1958 686 2012 eorum
721 1942 817 2012 qui
841 1942 1026 2013 aliquo
1056 1942 1112 1996 in
1143 1941 1383 1997 oraculis
1408 1939 1610 1995 divinis
1628 1938 1836 2010 judicio
1864 1939 2066 2004 valent,

494 2035 565 2088 de
597 2032 845 2088 vocabuli
884 2032 936 2087 vi
968 2030 1336 2101 argutabitur,
1374 2028 1523 2100 quod
1559 2043 1658 2099 pro
1693 2034 1846 2097 patre
1877 2027 2071 2081 matris

500 2125 587 2180 hic
622 2123 714 2179 fiat
757 2123 982 2188 mentio,
1028 2137 1152 2177 cum
1183 2121 1470 2192 utriusque
1508 2119 1658 2174 vocis
1693 2133 1889 2174 sensus
1927 2118 2070 2174 idem

499 2216 590 2272 sit.
620 2213 755 2268 Nam
789 2228 914 2269 cum
963 2213 1018 2267 in
1049 2219 1242 2266 natura
1293 2210 1477 2265 divina
1535 2223 1716 2278 neque
1768 2206 2069 2272 masculus,

499 2322 675 2378 neque
707 2304 976 2361 femineus
999 2319 1163 2359 sexus
1191 2301 1444 2365 exsistat,
1475 2298 1605 2370 (quo
1644 2298 1786 2353 enim
1818 2305 1978 2368 pacto
2016 2295 2070 2349 iu

499 2399 702 2456 deitate
734 2397 893 2455 nobis
921 2394 1182 2467 quiddam
1207 2392 1482 2464 ejusmodi
1523 2391 1710 2447 venire
1748 2390 1803 2444 in
1836 2398 2072 2444 mentem

500 2493 697 2563 possit,
731 2504 856 2546 cum
887 2501 1052 2546 sexus
1085 2485 1386 2542 discrimen
1430 2499 1500 2540 ne
1547 2482 1767 2558 quidem
1815 2481 1870 2534 in
1913 2479 2073 2535 nobis

500 2582 818 2638 hominibus
843 2591 1110 2652 perpetuo
1141 2579 1469 2636 duraturum
1500 2575 1594 2640 sit,
1651 2573 1852 2644 quippe
1883 2571 1977 2641 qui
2020 2569 2075 2626 id

501 2675 789 2746 temporis,
821 2688 946 2728 cum
986 2686 1181 2727 omnes
1207 2684 1379 2725 unum
1407 2668 1462 2723 in
1495 2665 1718 2723 Christo
1751 2663 2072 2729 etliciemur,

504 2765 661 2836 signa
701 2761 1040 2819 discriminis
1092 2760 1256 2830 hujus
1303 2774 1410 2815 una
1448 2773 1572 2813 eum
1603 2764 1720 2815 toto
1761 2756 1932 2814 veteri
1978 2756 2079 2811 ho-

2159 477 2376 545 ἔλεγεν·
2433 478 2516 530 ὅτι
2566 479 2820 532 Γίνεσθε
2860 477 2941 542 ὠς
2971 475 3103 546 ἐγὼ,
3146 477 3226 531 ὅτι
3268 477 3358 530 καὶ
3383 479 3527 542 αὐτὸς
3552 483 3672 553 ήμην

2159 565 2288 618 ποτὲ
2331 564 2453 618 καθ’
2497 565 2667 636 ὑμᾶς’
2731 566 2826 618 καὶ
2871 566 2952 618 ὅτι
3003 565 3257 634 Mummi
3294 583 3407 634 μου
3449 569 3672 635 γίνεσθε,

2159 659 2354 726 καθὼς
2406 658 2520 728 ἐγὼ
2579 659 2870 727 Χριστοῦ·
2924 657 3066 712 οὕτω
3123 658 3216 712 καὶ
3257 659 3288 729 ή
3343 660 3674 732 φιλάνθρωπος

2160 753 2345 824 νύμφη
2403 751 2542 824 αὕτη
2593 751 2702 806 τῶν
2766 751 2926 806 θείων
2979 750 3072 804 τοῦ
3115 751 3373 806 Δεσπότου
3415 756 3676 824 μυστηρίων

2161 845 2476 910 ἀξιωθεῖσα,
2495 845 2583 897 ὅτε
2615 843 2714 916 τὴν
2750 842 2940 914 κλίνην
2973 843 3068 905 ίδε,
3099 841 3195 895 καὶ
3221 845 3427 913 φορεῖον
3455 844 3677 914 βασιλέως

2161 934 2398 1002 ἐγένετο,
2430 931 2528 1004 βοᾷ
2568 932 2705 1002 πρὸς
2737 931 2837 995 τὰς
2861 933 3107 995 νεάνιδας
3129 947 3143 962 ·
3178 928 3334 985 αὗται
3365 932 3408 986 δ’
3435 932 3495 986 ἂν
3525 931 3618 988 εἶεν
3637 939 3679 992 αι

2161 1027 2270 1080 τῶν
2309 1024 2631 1094 σωζομένων
2679 1024 2874 1096 ψυχαί·
2925 1025 3069 1087 Ἕως
3127 1023 3276 1087 πότε,
3332 1024 3567 1094 λέγουσα,
3621 1028 3682 1098 τῷ

2165 1117 2415 1189 σπηλαίῳ
2435 1116 2528 1170 τοῦ
2560 1116 2676 1187 βίου
2707 1116 3157 1179 ὲναποκλείεσθες
3195 1116 3428 1181 ὲξέλθετε
3460 1118 3556 1171 τῶν
3579 1136 3684 1190 προ-

2163 1209 2532 1281 καλυμμάτων
2587 1209 2685 1278 τῆς
2737 1208 2971 1278 φύσεως,
3017 1209 3112 1262 καὶ
3140 1209 3276 1262 ἴδετε
3314 1210 3372 1262 τὸ
3418 1209 3684 1280 θαυμαστὸν

2165 1302 2371 1372 θέαμα·
2402 1300 2539 1354 Σιὼν
2563 1295 2884 1372 ’θυγατέρες
2934 1300 3246 1371 γενόμεναι,
3277 1300 3528 1356 θεάσασθε
3563 1320 3686 1373 περι-

2163 1391 2430 1463 τρέποντα
2452 1394 2520 1462 τῇ
2562 1391 2768 1463 κεφαλῇ
2790 1390 2884 1444 τοῦ
2917 1391 3178 1461 βασιλέως
3195 1392 3283 1445 τὸν
3310 1391 3571 1462 στέφανον,
3596 1393 3688 1463 ὃνή

2170 1485 2354 1556 μήτηρ
2379 1483 2526 1555 αὐτῷ
2554 1483 2848 1556 περιέθηκε
2895 1483 3035 1537 κατὰ
3061 1483 3162 1554 τὴν
3190 1484 3283 1537 τοῦ
3316 1485 3578 1556 Προφήτου
3603 1502 3690 1552 oui-

2167 1579 2284 1650 νην,
2332 1579 2392 1641 ὃς
2447 1595 2610 1648 φησιν
2630 1592 2642 1606 '
2677 1578 2939 1646 Ἕθηκας
2969 1576 3069 1630 ἐπί
3109 1575 3224 1644 τὴν
3253 1576 3517 1646 κεφαλὴν
3541 1574 3691 1629 αὑτοῦ

2167 1669 2476 1738 στέφανον
2527 1669 2595 1722 ἐκ
2636 1668 2810 1721 λίθου
2838 1655 3049 1736 τιμίου.
3075 1666 3300 1730 Πάντως
3329 1665 3384 1719 δὲ
3413 1666 3573 1729 οὐδεὶς
3607 1664 3693 1717 τῶν

2170 1763 2376 1834 κρίνειν
2395 1761 2519 1824 τοὺς
2539 1759 2664 1830 περὶ
2688 1759 2821 1812 Θεὸν
2846 1758 3034 1826 λόγους
3057 1757 3479 1828 ὲπεσκεμμένων
3511 1755 3696 1826 ἀκριθοο

2169 1853 2409 1922 λογεῖται
2451 1852 2575 1921 περὶ
2607 1851 2704 1921 τὴν
2727 1849 2822 1903 τοῦ
2853 1849 3116 1920 ὀνόματος
3157 1851 3412 1922 ἔμφασιν,
3440 1850 3515 1903 ὃτι
3547 1841 3697 1918 μήτηρ

2171 1944 2293 1997 ἀντὶ
2343 1941 2434 1995 τοῦ
2479 1941 2684 2010 πατρὸς
2715 1940 3136 2012 μνημονεύεται,
3187 1940 3314 2012 μίαν
3351 1939 3440 2009 ἀφ’
3473 1939 3697 2008 ἑκατέρας

2173 2035 2354 2107 φωνῆς
2384 2033 2778 2104 ἀναλαμϐάνων
2816 2033 3074 2088 διάνοιαν.
3118 2032 3337 2103 Ἐπειδὴ
3363 2031 3468 2102 γὰρ
3491 2029 3600 2083 οὔτε
3624 2030 3698 2099 ἄῤ·

2173 2131 2295 2200 ρην,
2325 2125 2448 2180 οὔτε
2481 2126 2612 2196 θῆλυ
2655 2126 2716 2178 τὸ
2756 2126 2910 2180 Θεῖὸν
2947 2127 3064 2178 ἐστι
3085 2142 3098 2156 ·
3151 2122 3270 2187 πῶς
3298 2122 3402 2195 γάρ
3435 2121 3496 2176 ἂν
3520 2121 3601 2174 ἐπὶ
3622 2117 3700 2189 τῆς

2173 2220 2421 2290 θεότητός
2469 2237 2523 2274 τι
2550 2218 2767 2290 νοηθείη
2831 2217 3090 2280 τοιοῦτον,
3123 2213 3287 2270 ὁπότε
3325 2213 3441 2268 οὐδὲ
3475 2215 3590 2283 ήμῖν
3614 2212 3701 2272 τοῖς

2173 2311 2478 2384 ἀνθρώποις
2505 2310 2660 2364 τοῦτο
2692 2299 2772 2373 είς
2796 2309 2855 2362 τὸ
2869 2309 3112 2378 διηνεκὲς
3130 2305 3451 2377 παραμένει,
3481 2303 3582 2357 ἀλλ’
3603 2303 3702 2355 ὅταν

2174 2405 2232 2458 ὲν
2258 2401 2478 2474 Χριστῷ
2505 2401 2563 2456 ἓν
2593 2401 2792 2464 πάντες
2837 2397 3146 2469 γενώμεθα,
3187 2398 3256 2453 τά
3283 2398 3477 2467 σημεῖα
3508 2397 3593 2464 τῆς
3613 2393 3704 2445 διαο

2176 2493 2347 2565 φορᾶς
2377 2491 2578 2562 ταύτης
2611 2490 2748 2562 μετὰ
2772 2489 2892 2543 ὅλου
2924 2488 3019 2542 τοῦ
3040 2486 3274 2541 παλαιοῦ
3307 2484 3575 2557 ἀνθρώπου
3603 2498 3706 2534 συν-

2177 2581 2507 2651 εκδυόμεθα;
2575 2581 2764 2632 τούτου
2804 2577 2963 2649 χάριν
3025 2577 3341 2647 ἰσοδυναμεῖ
3373 2575 3501 2643 πρὸς
3523 2573 3610 2641 τὴν
3637 2570 3704 2623 ἐν·

2177 2673 2340 2740 δειξιν
2392 2673 2492 2742 τῆς
2535 2670 2814 2741 ἀφθάρτου
2877 2668 3091 2738 φύσεως
3140 2668 3251 2721 πᾶν
3280 2665 3341 2720 τδ
3367 2664 3707 2736 εὑρισκόμενον

2177 2765 2350 2836 δνομα
2373 2781 2385 2794 ·
2418 2761 2541 2817 οὕτε
2573 2762 2780 2834 θήλεος,
2819 2759 2944 2814 οὔτε
2971 2760 3199 2832 άρρενος
3231 2760 3330 2829 τὴν
3355 2755 3606 2828 σημασίαν
3629 2753 3708 2819 τῆς

506 2857 652 2911 mine
674 2853 896 2911 exuturi
923 2853 1172 2922 sumus?)
1205 2852 1410 2907 idcirco
1433 2850 1488 2904 in
1519 2858 1729 2905 natura:
1755 2849 1904 2904 illius
1937 2845 2075 2903 inef-

2180 2856 2458 2929 ἀκηράτου
2497 2851 2961 2924 καταμολύνοντος
3004 2851 3244 2921 φύσεως.
3275 2850 3373 2902 Διὰ
3388 2847 3536 2901 τοῦτο
3553 2847 3604 2898 ὲν
3631 2841 3708 2912 μὲν

506 2943 688 3003 ἰιὼίιὶε
711 2944 1044 3000 indicatione
1092 2958 1196 2998 vox
1239 2941 1446 3012 qumvis
1470 2956 1658 3013 parem
1683 2941 1792 2997 vim
1819 2940 2033 2994 obtinet
2060 2954 2076 3005 ;

2181 2949 2259 3020 τῷ
2287 2945 2605 3017 Εὑαγγελίῳ
2628 2945 2657 2998 ὁ
2684 2943 2866 3016 πατὴρ
2895 2942 3112 3013 λέγεται
3151 2943 3328 2994 ποιεῖν
3351 2939 3471 3001 τοὺς
3498 2936 3707 3006 γάμους’

507 3052 684 3107 neque
715 3037 904 3100 maris,
947 3049 1124 3107 neque
1155 3034 1371 3089 femina:
1415 3033 1682 3088 vocabulo
1721 3031 2075 3103 signiﬁcatio-

2185 3039 2214 3092 ὁ
2244 3039 2300 3092 δὲ
2327 3037 2620 3108 Προφήτης
2669 3035 2804 3105 πρὸς
2863 3034 2955 3086 τὸν
3001 3033 3134 3086 Θεὸν
3168 3032 3317 3100 λέγει
3347 3047 3361 3062 ο
3389 3031 3467 3083 ὅτι
3492 3029 3710 3133 Ἐθηκας

507 3143 634 3185 nem
657 3127 807 3183 illius
831 3127 1142 3200 purissima:
1186 3133 1394 3180 natura:
1438 3125 1734 3195 polluente.
1784 3125 2075 3196 Propterea

2186 3128 2282 3185 ἐπὶ
2311 3128 2426 3196 τὴν
2446 3121 2908 3194 κεφαλὴναῠτοῦ
2926 3122 3235 3191 στέφανον
3247 3121 3315 3175 ἐκ
3336 3121 3503 3175 λίθου
3521 3113 3707 3200 τιμίου]

509 3222 565 3275 in
588 3219 883 3289 Evangelio
924 3218 1147 3288 quidam
1181 3225 1338 3287 pater
1375 3217 1485 3274 filio
1519 3219 1740 3288 nuptias
1781 3218 1961 3275 facere
1999 3219 2083 3276 di-

510 3311 660 3366 citur
682 3309 726 3342 “
763 3328 775 3364 :
806 3307 1082 3380 Propheta
1109 3323 1236 3362 vero
1256 3307 1347 3363 ille
1371 3307 1538 3364 Deum
1557 3309 1894 3379 compellans
1923 3329 1938 3367 :
1977 3310 2082 3365 Po-

511 3403 696 3470 suisti,
727 3402 826 3466 ait,
859 3403 915 3456 in
941 3410 1096 3470 caput
1125 3401 1289 3471 ipsius
1327 3416 1580 3456 coronam
1611 3399 1675 3455 de
1715 3403 1947 3471 pretioso
2001 3403 2084 3458 la-

510 3493 631 3564 pide
657 3493 859 3550 factam
893 3508 905 3546 :
941 3493 1056 3548 htec
1082 3492 1316 3562 denique
1346 3506 1550 3548 corona
1586 3506 1793 3563 sponso
1838 3508 1869 3548 a
1911 3501 2086 3548 matre

514 3587 772 3656 imposita
809 3584 1033 3642 dicitur.
1081 3583 1220 3650 Quia
1257 3583 1424 3654 igitur
1458 3597 1581 3638 una:
1615 3590 1829 3644 tantum
1875 3584 2084 3653 nuptias

515 3686 666 3741 sunt,
691 3687 746 3734 et
776 3693 884 3736 una
917 3691 1142 3748 sponsa,
1173 3687 1227 3734 et
1259 3679 1327 3733 ab
1358 3693 1465 3734 uno
1490 3693 1696 3734 corona
1749 3693 1953 3750 sponso
1977 3678 2084 3732 im-

515 3767 1026 3834 poniturzomnino
1086 3767 1220 3843 nihil
1282 3767 1618 3826 discriminis
1643 3775 1747 3833 est,
1807 3768 1924 3822 sive
1961 3767 2087 3838 quis

517 3853 612 3910 Dei
641 3854 840 3912 Filium
877 3857 1168 3927 unigenam
1201 3854 1370 3912 Deum
1401 3863 1581 3922 vocet,
1630 3857 1745 3912 sive
1773 3854 1970 3911 Filium
2002 3856 2088 3912 di-

517 3948 773 4004 lectionis
813 3949 954 4018 ejus,
1019 3947 1481 4020 quemadmodum
1548 3948 1756 4006 Paulus
1815 3949 2083 4019 loquitur,

516 4054 642 4094 cum
685 4038 876 4094 eadem
941 4047 1182 4110 potestas
1232 4048 1463 4110 utroque
1517 4039 1785 4096 vocabulo
1841 4039 2084 4096 indicata

516 4136 749 4185 exornet
803 4129 984 4199 ipsum
1051 4139 1109 4185 ut
1161 4144 1448 4201 sponsum,
1499 4129 1566 4185 ad
1625 4129 2087 4184 cohabitationem

517 4228 786 4276 nostram.
847 4218 1182 4290 Egredimini
1226 4233 1380 4290 ergo,
1431 4219 1609 4290 inquit
1651 4218 1719 4274 ad
1762 4219 2088 4290 juvenculas

517 4329 744 4385 sponsa,
778 4321 832 4370 et
867 4314 988 4369 lilia:
1011 4311 1142 4371 Sion
1177 4311 1508 4380 eliiciamim,
1542 4320 1601 4366 ut
1623 4311 1691 4368 de
1720 4310 1941 4368 sublimi
1966 4326 2088 4384 spe-

517 4405 641 4458 cula
677 4404 805 4474 (hoc
849 4405 996 4460 enim
1043 4419 1148 4460 vox
1190 4403 1324 4460 Sion
1361 4403 1657 4476 significat)
1712 4405 2086 4475 spectacolum

517 4493 905 4549 admirandum
963 4493 1149 4549 videre
1210 4494 1459 4564 possitis,
1495 4493 1751 4550 videlicet
1821 4507 2090 4563 sponsum

518 4598 724 4638 corona
758 4584 1094 4639 redimitum.
1135 4583 1232 4641 Est
1252 4593 1434 4642 autem
1460 4599 1663 4642 corona
1698 4584 1864 4655 hujus
1901 4583 2091 4640 Ecclev

518 4677 624 4739 sia,
650 4692 771 4745 qua:
794 4677 1184 4748 sponsi‘caput
1229 4677 1369 4733 vivis
1412 4684 1467 4732 et
1513 4675 1769 4732 animatis
1815 4673 2090 4746 lapidibus

521 4764 764 4836 undique
793 4767 1118 4823 circumdat.
1159 4769 1336 4838 Atque
1368 4767 1510 4827 hanc
1550 4781 1813 4823 coronam
1845 4766 2087 4826 Charitas

519 4857 838 4915 connexuit.
864 4857 999 4914 Nam
1031 4860 1148 4916 sive
1169 4859 1293 4931 quis
1323 4860 1428 4915 hoc
1456 4859 1643 4926 matri,
1678 4859 1794 4916 sive
1829 4860 2086 4916 charitati

521 4951 747 5016 tribuat,
776 4966 883 5007 non
914 4951 1212 5009 aberrabit.
1264 4951 1481 5008 Etenim
1506 4951 1650 5008 Deus
1687 4960 1772 5009 est
1821 4951 2086 5018 charitas,

522 5044 978 5113 quemadmodum
1005 5043 1247 5100 Joannes
1281 5045 1356 5099 ait
1375 5043 1442 5096 ⁵⁸.
1463 5043 1630 5115 Atqui
1660 5045 1762 5100 hac
1789 5060 1856 5102 ex
1883 5059 2090 5100 corona

524 5136 851 5205 voluptatem
887 5151 1011 5191 eum
1044 5151 1239 5205 capere
1263 5135 1340 5190 ait
1362 5151 1587 5206 sponsa,
1603 5136 1832 5192 mirifice
1848 5136 2092 5207 gauden-

524 5242 634 5281 tem
668 5235 865 5282 ornatu
892 5227 986 5283 illo
1033 5216 1384 5298 sponsalitio.
1433 5225 1645 5285 Revera
1698 5227 1846 5282 enim
1903 5227 2091 5282 laetitia

524 5317 759 5373 aliieitur
791 5319 835 5372 is
870 5318 965 5390 qui
1004 5318 1308 5392 Ecclesium
1345 5318 1634 5390 conjugem
1665 5319 1772 5375 sibi
1806 5317 1960 5383 fecit,
2003 5336 2092 5376 re-

2122 4456 2165 4510 Ι)

2188 3217 2418 3277 ἐνταῦθα
2453 3217 2510 3274 δὲ
2543 3215 2696 3286 παρὰ
2731 3216 2829 3285 τῆς
2879 3213 3082 3284 μητρός
3128 3228 3297 3282 φησιν
3323 3204 3630 3264 ἐπιτίθεσθαι
3652 3196 3711 3266 τῷ

2186 3311 2404 3384 νυμφίῳ
2450 3309 2541 3363 τὸν
2580 3308 2859 3377 στέφανον.
2913 3306 3066 3358 Ἑπεὶ
3104 3300 3199 3358 οὖν
3234 3307 3378 3356 ἐστιν
3406 3298 3480 3364 εἷς
3518 3300 3544 3351 ὁ
3571 3295 3711 3384 rem;

2186 3405 2280 3460 καὶ
2300 3402 2398 3474 μία
2417 3401 2625 3472 νύμφη,
2644 3399 2740 3452 καὶ
2766 3397 2917 3466 παρὰ
2946 3396 3063 3458 ἐνὸς
3080 3394 3430 3448 ἐπιϐάλλεται
3447 3389 3518 3458 τῷ
3535 3383 3713 3477 Vtilitatis)

2187 3498 2215 3550 ὁ
2245 3472 2506 3564 στέφανος
2526 3508 2539 3528 ο
2571 3489 2722 3543 οὐδὲν
2743 3486 2988 3560 διαφέρει
3022 3485 3268 3548 πάντως,
3299 3478 3472 3554 mut
3501 3474 3586 3528 τοῦ
3605 3472 3712 3564 Θεσῦ

2188 3585 2279 3642 τὸν
2317 3560 2576 3656 μονογενῆ
2598 3580 2779 3650 λέγειν
2816 3579 2969 3645 Θεὸν,
3002 3572 3175 3650 aram
3189 3575 3292 3646 τῆς
3319 3572 3528 3640 ἀγάπης
3562 3560 3710 3620 αὐτοῦ,

2188 3655 2330 3732 κατά
2351 3674 2448 3746 τὴν
2468 3671 2679 3727 Παύλου
2714 3671 2920 3741 φωνὴν,
2948 3669 3024 3732 ὡς
3057 3667 3188 3737 μιᾶς
3217 3663 3382 3734 οὔσης
3419 3659 3532 3714 καθ’
3557 3655 3713 3710 ἑκάτε-

2190 3785 2283 3842 ρον
2312 3766 2482 3835 ὄνομα
2539 3765 2637 3836 τῆς
2667 3759 3141 3834 νυμφοστολούσης
3182 3757 3345 3811 αὐτὸν
3372 3754 3460 3842 ἐπὶ
3499 3750 3585 3820 τῆς
3611 3748 3715 3842 illis:

2187 3832 2353 3930 τέρας
2365 3832 2725 3927 συνοικήσεως
2739 3832 3045 3924 δυνάμεως,
3084 3847 3364 3919 Ἐξέλθετε
3385 3841 3494 3906 οὖν,
3523 3838 3662 3930 φησὶῇί
3685 3832 3714 3901 il

2188 3928 2373 4019 νύμφη
2406 3947 2544 4018 πρὸς
2570 3945 2668 4009 τὰς
2698 3944 2964 4007 νεάνιδας,
2990 3943 3082 3998 καὶ
3112 3939 3410 4010 θυγατέρες
3449 3933 3573 3988 Σιὼν
3593 3928 3714 4019 γένε-

2191 4018 2285 4094 σθε
2308 4057 2322 4070 ·
2350 4037 2492 4092 ὥστε
2521 4037 2627 4091 ἀπὸ
2653 4036 2887 4099 σκοπιᾶς
2926 4033 3136 4105 ὑψηλῆς
3171 4031 3336 4102 (οὕτω
3377 4028 3479 4097 γὰρ
3508 4021 3626 4076 Σιὼν
3644 4018 3714 4085 ἑρ-

2193 4130 2503 4204 μηνεύεται)
2529 4125 2895 4200 δυνηθῆναιτδ
2923 4123 3238 4198 θαυμαστὸν
3262 4123 3389 4177 ἰδεῖν
3421 4118 3602 4185 θέαμα.

2189 4198 2604 4296 φανηφοροῧντα
2650 4198 2746 4273 τὸν
2808 4217 3063 4289 νυμφίον.
3116 4215 3390 4284 Στέφανος
3441 4210 3496 4262 δὲ
3537 4198 3708 4271 αὑτῷή

2203 4315 2496 4386 Ἐκκλησία
2507 4313 2734 4383 γίνεται,
2753 4311 2843 4367 διὰ
2870 4309 2978 4364 τῶν
3004 4307 3268 4380 ἐμψύχων
3292 4306 3452 4359 λίθων
3477 4300 3564 4370 τὴν
3581 4307 3710 4388 κεφαὶ

2189 4408 2287 4480 λὴν
2307 4409 2365 4460 ὲν
2391 4403 2577 4476 κύκλῳ
2611 4400 3070 4474 διαλαμϐάνουσα.
3098 4395 3538 4468 Στεφανηπλόκος
3565 4387 3707 4480 eam

2193 4473 2437 4554 τοιούτου
2467 4473 2755 4564 στεφάνου,
2778 4495 2812 4564 ή
2853 4491 3042 4561 ἀγάπη
3067 4489 3237 4555 ἐστὶν,
3263 4489 3349 4560 ἢν,
3387 4473 3705 4573 εἴτεᾼμητέρξιν

2195 4589 2304 4646 εἴτε
2349 4587 2568 4657 ἀγάπην
2602 4601 2687 4648 τις
2722 4583 3024 4654 λέγει,.ούχ
3067 4580 3458 4651 ἁμαρτήσεται,
3485 4569 3599 4630 Θεὸς
3627 4569 3706 4657 vd“?

2194 4681 2341 4736 ἐστιν
2373 4648 2582 4748 άγάπη,
2635 4648 2931 4746 κατὰ-τὴν
2976 4648 3221 4728 animi»
3267 4648 3467 4739 φωνήν.
3494 4648 3704 4724 Τούτῳδὲ

2191 4772 2271 4844 τῷ
2317 4769 2566 4841 στεφάνῳ
2626 4764 3077 4838 ὲνευφραίνεσθαι
3116 4764 3266 4833 λέγει
3310 4750 3699 4852 αύτὸνήνύμφςλι

2189 4864 2279 4941 τῷ.
2295 4859 2550 4935 νυμφικῷ
2601 4861 2791 4932 κόσμῳ
2827 4858 3276 4928 ὲναγαλλόμενον.
3321 4851 3505 4922 Χαίρει
3538 4843 3626 4941 γὰρ
3650 4843 3702 4896 ὡς

2186 4933 2399 5030 άληθῶς
2422 4933 2464 5011 νὸ
2492 4955 2737 5030 σύνοικον
2763 4953 2864 5024 τὴν
2910 4949 3235 5022 Ἐκκλησίαν
3265 4944 3438 5014 ἑαυτῷ
3461 4933 3697 5005 ποιησάμε’

2186 5067 2297 5118 νος,
2328 5050 2448 5113 ταῖς
2477 5047 2694 5118 ἀρεταῖς
2721 5043 2833 5098 τῶν
2881 5039 3291 5113 διαπρεπόντων
3319 5037 3375 5089 ἐν
3397 5031 3523 5100 αὐτῇ
3546 5031 3700 5118 ,στεφτξο

2187 5141 2463 5212 νούμενος.
2493 5117 2753 5209 Κρεῖττον
2787 5135 2834 5188 δ’
2863 5135 2929 5189 ἂν
2970 5132 3056 5204 εἴη
3099 5129 3270 5192 αὐτὰς
3302 5117 3698 5212 napaeas-arras

2194 5204 2344 5297 θείας
2373 5204 2562 5302 φωνὰς.
2591 5229 2683 5282 ἐπὶ
2720 5225 2917 5293 λέξεως
2957 5223 3185 5294 ἐχούσας
3222 5219 3391 5282 οὕτως

2195 5323 2295 5377 καὶ
2323 5290 2517 5385 ⁷ίιέετε,
2535 5290 2550 5294 7
2578 5290 2894 5386 θυγατέρες
2943 5290 3116 5375 Σιὼν,
3149 5311 3273 5365 τὸν·
3292 5290 3698 5386 βασιλέαΣῨλθξ

528 5367 534 5370 ’
561 5367 750 5373 “’⁷“⁷“““
791 5367 832 5372 ⁷-
874 5367 965 5390 Ί“”’
1004 5367 1308 5392 —"'".'"""'
1349 5367 1634 5390 ""J‘-O""
1665 5367 1772 5375 “’“’”“
1806 5367 1960 5383 ’⁷⁷⁵⁷⁷
2005 5367 2062 5376 ’ν

528 5410 748 5466 dimitus
781 5411 998 5465 illorum
1040 5412 1357 5476 virtutibus,
1405 5412 1497 5482 qui
1531 5414 1584 5466 in
1616 5426 1679 5467 ea
1712 5419 1840 5466 sunt
1879 5411 2075 5467 eximii.

2659 5367 2968 5473 Ἑέέὲάὲψ,
2991 5395 3040 5468 ᾧ
3067 5367 3480 5466 ἐστεφᾶκωσεν
3500 5367 3696 5482 “if-‘6'

526 5501 710 5561 Fuerit
745 5510 926 5558 autem
970 5500 1207 5559 fortasse
1239 5502 1434 5558 melius
1467 5507 1580 5558 haec
1631 5502 1747 5573 ipsa
1781 5503 1945 5558 verba
1984 5503 2092 5558 col-

623 5652 672 5688 θ

2432 5459 2636 5564 (tutori,
2661 5459 2758 5551 (ἐν
3006 5459 3400 5562 romae-dcem
3425 5472 3605 5539 αὑτοῦ.
3627 5459 3695 5518 καί

596 5704 644 5742 ⁸⁸
691 5705 714 5762 ι
770 5707 896 5763 Cor.
959 5723 1032 5776 xi,
1082 5709 1131 5762 1.
1173 5709 1216 5740 ³9
1269 5706 1390 5764 Psal
1471 5724 1561 5775 xx,
1643 5710 1694 5763 4.
1779 5711 1820 5741 ἰο
1880 5709 2064 5765 Matth.

2178 5723 2264 5771 ιιι,
2323 5705 2358 5758 2
2413 5715 2531 5774 sqq.
2612 5702 2653 5730 “
2712 5697 2914 5755 lJoau.
2979 5710 3054 5760 tv,
3115 5693 3169 5748 8.
