3948 6192
225 275 302 333 9l7
1258 280 1325 335 IN
1351 279 1651 338 CANTICA
1679 279 1790 337 CA!

1896 280 1950 336 C.
1992 279 2274 340 HOMILIA
2313 285 2424 342 νη.

3347 291 3452 350 918

223 391 275 445 ἐν
300 389 486 460 ἡμέρᾳ
536 393 923 462 εὐφροσύνης
982 394 1228 464 καρδίας
1271 397 1476 452 αὐτοῦ.
1532 396 1645 468 Τὴν
1687 392 1780 450 οὖν

1896 399 2072 462 locari,
2146 414 2267 469 quae
2325 399 2550 472 quidem
2613 401 2928 472 hujusmodi
2987 412 3156 466 sunt:
3240 403 3457 478 Egredi-

222 481 450 552 τοιαύτην
487 484 899 556 φιλανθρωπίαν
934 487 1032 558 τῆς
1069 487 1288 559 νύμφης
1324 491 1353 543 6
1387 488 1559 557 Λόγος
1588 489 1781 542 ἀποδεο

221 575 447 644 ξάμενος,
496 578 578 630 ὅτι
616 578 761 632 κατὰ
806 579 1039 650 μίμησιν
1072 580 1168 633 τοῦ
1220 580 1490 633 Δεσπότου
1528 581 1622 635 καὶ
1644 580 1782 652 αύτὴ

221 667 403 730 πάντας
425 667 570 721 θέλει
589 669 846 740 σωθῆναι,
867 672 962 724 καὶ
983 673 1062 734 είς
1091 670 1384 740 ἐπίγνωσιν
1397 675 1496 744 τῆς
1527 671 1783 742 ἀληθείας

219 758 401 813 ἐλθεῖνο
428 760 764 830 σεμνοτέραν
807 762 980 833 αὐτὴν
1022 762 1393 833 ἀπεργάζεται
1420 765 1448 816 6
1478 763 1650 833 κήρυξ
1687 763 1782 816 τοῦ

220 847 426 912 κάλλους
491 850 660 920 αὐτῆς
698 851 793 904 καὶ
846 849 1136 924 ζωγράφος
1187 853 1489 924 γινόμενος.
1545 853 1620 906 Ού
1674 852 1784 924 γὰρ

221 939 386 1003 ἁπλῶς
418 944 448 993 6
476 940 574 1011 τῆς
600 941 751 1013 ὥρας
802 945 1022 1010 ἔπαινος
1051 945 1299 1014 λέγεται,
1342 945 1638 1017 καθολικὴν
1663 963 1786 1001 τινα

219 1031 478 1102 εὐφημίαν
515 1034 785 1106 περιέχων
838 1037 936 1091 τοῦ
982 1037 1241 1102 κάλλους·
1279 1037 1394 1093 ἀλλ’
1421 1037 1786 1110 ἐμφιλοχωρεῖ

218 1126 282 1196 τῷ
327 1127 473 1199 λόγῳ
512 1131 623 1193 τοῖς
650 1131 771 1184 καθ’
812 1131 1042 1186 ἕκαστον
1099 1131 1343 1204 μέρεσιν,
1389 1130 1520 1186 ι’διον
1567 1131 1784 1202 ἑκάστῳ

221 1215 353 1286 μέλει
380 1218 470 1272 διά
500 1221 848 1293 συγκρίσεως,
870 1240 928 1275 τε
959 1222 1054 1277 καὶ
1087 1221 1399 1293 ὁμοιώσεως
1428 1222 1784 1294 χαριζόμενος

220 1308 270 1362 τὸ
301 1309 602 1381 ἐγκώμιον.

279 1576 440 1644 Λέγει
482 1575 538 1629 δὲ
581 1577 788 1640 οὕτως’
828 1578 980 1633 Ἰδοὺ
1008 1575 1265 1649 εἴκαλὴ,
1295 1581 1341 1649 ἡ
1363 1581 1628 1647 πλησίον
1641 1597 1783 1648 μου,

1884 488 2014 541 mini
2032 498 2081 542 et
2114 490 2301 558 videte,
2332 493 2463 560 ﬁlim
2488 490 2641 556 Sion,
2699 492 3034 550 Salomonem
3067 513 3236 568 regem
3277 499 3332 552 in
3363 515 3452 553 co.

1882 595 2034 646 rana,
2069 596 2174 649 qua
2216 583 2487 637 coronavit
2526 599 2642 638 eum
2677 573 2846 639 mater
2895 587 3060 655 ipsius
3098 587 3193 642 illo
3219 587 3304 642 die
3353 604 3454 659 quo

1883 670 2331 740 despondebatur,
2385 685 2434 729 et
2465 674 2549 729 die
2587 675 2793 730 latitia:
2841 675 3016 732 cordis
3069 679 3258 747 ipsius.
3302 677 3453 734 Hanc

1884 761 2048 833 igitur
2077 780 2291 834 sponsae
2309 766 2701 838 benignitatem
2718 765 2957 823 Verbum
2986 770 3285 840 excipiens,
3306 771 3453 842 quod

1882 870 1945 909 ea
1977 855 2190 912 Domini
2225 858 2291 913 ad
2324 859 2685 916 imitationem
2715 862 2842 917 velit
2871 877 3063 919 omnes
3098 863 3280 920 salvos
3314 863 3453 931 ﬁeri,

1884 958 1937 1002 et
1972 947 2041 1001 ad
2075 947 2444 1018 cognitionem
2481 951 2731 1007 veritatis
2775 955 3061 1024 pervenire
3078 955 3145 1021 δ’,
3177 956 3458 1026 pulchrio-

1884 1055 1995 1094 rem
2046 1039 2192 1094 illam
2231 1041 2420 1106 el‘llcit,
2465 1042 2640 1100 factus
2688 1053 2740 1101 et
2783 1062 2962 1116 praeco
2997 1058 3052 1103 et
3079 1048 3257 1118 pictor
3299 1049 3458 1119 quasi

1883 1131 2102 1201 quidam
2129 1134 2724 1206 venustatisejus.Non
2756 1139 2898 1192 enim
2940 1138 3264 1210 simpliciter
3284 1140 3459 1210 ipsius

1885 1219 2062 1275 forma
2110 1220 2396 1288 laudatur,
2448 1226 2745 1294 generatim
2796 1228 3132 1298 praedicata:
3166 1229 3258 1285 sed
3308 1230 3459 1302 sigil-

1885 1309 2036 1366 latim
2074 1313 2316 1368 membra
2342 1314 2782 1394 considerantur,
2800 1334 2862 1373 ac
2887 1321 3164 1389 peculiare
3183 1320 3456 1390 quoddam

1887 1402 2130 1457 membro
2155 1405 2354 1475 cuique
2380 1421 2476 1476 per
2518 1411 2982 1478 comparationem
3033 1426 3097 1466 ac
3141 1411 3458 1467 similitudi-

1887 1505 2010 1544 nem
2054 1494 2363 1548 encomium
2406 1495 2681 1550 tribuitur.

1961 1580 2098 1637 Sunt
2119 1586 2442 1662 autemhaec
2475 1587 2648 1657 ipsius
2672 1589 2838 1645 verba
2871 1608 2883 1644 :
2914 1589 3088 1655 Quam
3126 1590 3350 1660 pulchra
3381 1607 3456 1655 es,

221 1667 334 1722 ιδοὺ
361 1663 420 1721 εἴ
445 1668 626 1737 καλή.
673 1669 737 1721 Ἦ
771 1669 878 1741 γὰρ
903 1673 1256 1744 μιμησαμένη
1295 1673 1390 1727 τοῦ
1422 1674 1692 1726 Δεσπότου
1726 1673 1786 1726 τὸ

1896 1675 2062 1727 amica
2088 1692 2223 1740 mea,
2254 1693 2412 1746 quam
2434 1679 2653 1746 pulchra
2676 1696 2750 1734 es.
2786 1677 2920 1733 Nam
2956 1689 3312 1752 posteaquam
3337 1682 3459 1736 imi-

222 1758 588 1829 φιλάνθρωπον
621 1758 888 1830 βούλημα,
920 1763 1011 1815 καὶ
1049 1764 1282 1830 ἐξελθεῖν
1340 1765 1780 1837 ἐγκελευσαμένη

1896 1773 1998 1820 Lata
2038 1767 2326 1838 benignam
2364 1771 2488 1826 Heri
2538 1771 2623 1825 sui
2674 1772 3008 1828 voluntatem
3067 1774 3253 1845 egredi
3287 1773 3455 1844 jussit

224 1849 328 1903 καθ’
364 1851 659 1921 ὁμοιότητα
691 1853 784 1905 τοῦ
831 1854 1079 1927 ’Λϐραάμ
1109 1856 1208 1920 τάς
1248 1858 1514 1924 νεάνιδας,
1546 1861 1784 1930 ἑκάστην

224 1942 317 1995 ἀπὸ
339 1943 436 2012 τῆς
457 1943 560 2014 γῆς
583 1946 804 2016 ἑαυτῆς,
842 1948 934 2000 καὶ
949 1947 1058 2002 ἀπὸ
1088 1949 1189 2020 τῆς
1210 1951 1342 2022 περὶ
1368 1951 1436 2004 τὰ
1456 1950 1686 2027 αἰσθητῄ
1696 1969 1786 2022 ρια

227 2034 526 2100 συγγενείας
563 2036 755 2106 αὐτῆς,
783 2036 926 2090 ὥστε
988 2039 1114 2092 ίδεῖν
1153 2041 1245 2094 τὸν
1277 2041 1515 2113 καθαρὸν
1554 2043 1787 2114 νυμφίον

228 2127 722 2196 στεφανηφοροῦντα
773 2129 872 2201 τὴν
911 2129 1239 2202 Ἐκκλησίαν
1264 2150 1277 2163 ·
1314 2133 1530 2205 ἀληθῶς
1560 2134 1788 2204 πλησίον

225 2216 412 2282 γίνεται
439 2221 538 2289 τῆς
557 2220 881 2291 δεσποτικῆς
902 2223 1258 2296 ἀγαθότητος,
1285 2224 1374 2278 διά
1399 2225 1499 2296 τῆς
1533 2225 1672 2297 πρὸς
1695 2227 1787 2280 τὸν

227 2306 432 2378 πλησίον
460 2309 680 2381 ἀγάπης
724 2311 804 2382 τῷ
847 2311 965 2383 Θεῷ
1005 2315 1434 2386 προσεγγίσασα.
1475 2315 1644 2384 Καλὴ
1697 2310 1788 2369 οὖν

225 2393 289 2459 εἶ,
311 2398 436 2470 φησι
463 2402 600 2471 πρὸς
629 2402 799 2474 αὐτὴν
824 2403 853 2455 6
884 2404 1076 2473 Λόγος,
1103 2408 1168 2477 τῇ
1200 2405 1338 2478 καλῇ
1367 2408 1685 2479 προαιρέσει
1711 2407 1790 2479 τῷ

223 2490 399 2560 ἀγαθῴ
432 2491 799 2562 πλησιάσασα.
836 2495 902 2548 Ἠ
953 2496 1010 2549 δὲ
1056 2496 1392 2569 ἐπανάληψις
1432 2498 1523 2552 τοῦ
1566 2499 1788 2552 ἐπαίνου

221 2581 277 2633 τὸ
306 2581 566 2652 ἄψευστον
596 2585 698 2657 τῆς
730 2589 1038 2658 μαρτυρίας
1069 2589 1422 2645 ἐνδείκνυται.
1467 2591 1553 2644 Ἐν
1588 2591 1693 2662 γάρ
1722 2594 1789 2663 τῇ

220 2673 371 2745 διπλῇ
403 2677 678 2750 μαρτυρίᾳ
739 2679 1089 2749 βεϐαιοῦσθαι
1139 2681 1238 2754 τὴν
1288 2681 1542 2752 ἀλήθειαν
1578 2686 1607 2737 6
1647 2683 1790 2746 θεῖος

221 2767 568 2836 ἀποφαίνεται
603 2771 784 2841 νόμος.
811 2773 910 2826 Διὰ
929 2772 1088 2826 τοῦτό
1118 2791 1313 2845 φησιν’
1359 2775 1505 2830 Ἰδοὺ
1531 2770 1590 2828 εἷ
1606 2764 1786 2843 καλὴ,

223 2859 257 2924 ἠ
287 2861 551 2926 πλησίον
572 2879 714 2930 μου,
743 2863 874 2917 ίδοὺ
895 2859 955 2917 εἷ
973 2864 1151 2930 καλή.
1186 2865 1323 2918 Ἀλλ’
1349 2866 1535 2936 ἐπειδὴ
1559 2866 1616 2919 ἓν
1635 2866 1792 2936 σῶμα

222 2947 309 2999 τοῦ
366 2951 598 3020 Χριστοῦ
631 2953 664 3023 ἡ
714 2951 1009 3022 Ἐκκλησία
1065 2955 1238 3020 πᾶσα,
1273 2957 1331 3007 ὲν
1381 2955 1437 3008 δὲ
1464 2954 1543 3026 τῷ
1582 2956 1662 3008 ἐνὶ
1686 2953 1790 3006 σώ-

222 3055 370 3105 ματι,
400 3040 578 3104 καθώς
606 3059 770 3113 φησιν
812 3045 840 3096 6
894 3044 1232 3108 Ἀπόοτολος.
1267 3045 1400 3117 μέλη
1436 3047 1552 3100 ἐστὶ
1579 3044 1782 3099 πολλάο

219 3127 394 3182 πάντα
418 3130 472 3183 δὲ
501 3131 569 3185 τά
621 3131 755 3202 μέλη
787 3133 846 3185 ού
900 3133 999 3206 τὴν
1036 3134 1205 3206 αὐτὴν
1239 3134 1350 3205 ἔχει
1389 3137 1587 3208 πρᾶξιν
1610 3153 1624 3168 ο
1652 3136 1787 3191 ἀλλά

215 3218 307 3270 τὸν
335 3220 427 3290 μὲν
457 3221 733 3292 ὀφθαλμὸν
748 3223 960 3278 ἔκτισεν
995 3227 1024 3279 6
1053 3226 1186 3290 Θεὸς
1218 3228 1276 3280 ἐν
1297 3227 1377 3298 τῷ
1409 3228 1647 3298 σώματι,
1666 3229 1786 3282 ξτε-

219 3322 314 3376 ρος
341 3309 392 3360 δέ
419 3327 500 3374 τις
526 3307 618 3375 οὖς
647 3313 914 3384 ἐφυτεύθη
941 3330 954 3344 ’
986 3316 1092 3368 sici.
1133 3315 1190 3369 δέ
1217 3333 1360 3381 τινες
1390 3317 1478 3370 διὰ
1511 3317 1614 3387 τῆς
1638 3319 1788 3389 ἐνερ-

217 3397 370 3463 γείας
390 3402 494 3453 τῶν
515 3403 799 3474 δυνάμεων
849 3408 1030 3478 χεῖρες
1056 3407 1352 3476 γινόμενοι,
1395 3409 1489 3462 καὶ
1514 3409 1672 3472 πόδες
1699 3409 1787 3462 λέ-

217 3492 401 3556 γονταί
424 3509 568 3557 τινες
617 3497 666 3549 οἱ
699 3497 772 3550 τά
828 3496 969 3568 βάρη
1002 3497 1364 3567 βαστάζοντες
1385 3515 1400 3531 ο
1443 3499 1529 3569 εἴη
1561 3500 1608 3554 δ’
1637 3501 1702 3555 ἄν
1734 3519 1788 3555 τι

219 3581 314 3633 καὶ
343 3583 577 3650 γεύσεως
607 3585 768 3658 ἔργον
795 3588 890 3642 καὶ
917 3587 1260 3658 ὀσφρήσεως,
1294 3590 1390 3644 καὶ
1417 3589 1485 3644 τὰ
1506 3589 1628 3644 καθ’
1660 3590 1791 3644 ἕκα-

222 3688 346 3726 στον
377 3675 570 3740 πάντα,
629 3678 694 3730 δι’
747 3671 823 3734 ὧν
859 3677 1196 3750 ἀνθρώπινον
1244 3680 1558 3735 συνίσταται
1595 3680 1788 3752 σῶμασ

203 3763 316 3815 ’καὶ
353 3766 568 3822 δυνατόν
619 3769 767 3822 ἐστιν
798 3770 980 3839 εὑρεῖν
1021 3770 1080 3824 ἐν
1111 3770 1189 3840 τῷ
1225 3769 1390 3842 κοινῷ
1416 3771 1520 3841 τῆς
1565 3772 1791 3846 Ἐκκλη·

222 3853 346 3919 σίας
377 3855 585 3928 σώματι
618 3858 769 3930 χείλη
795 3876 854 3913 τε
887 3860 982 3913 καὶ
1001 3855 1242 3926 ὀδόντας,
1264 3861 1359 3914 καὶ
1380 3859 1652 3929 γλῶσσαν,
1685 3880 1791 3932 μαο

216 3943 348 4010 ζούς
373 3967 454 4015 τε,
496 3950 591 4004 καὶ
618 3950 846 4020 κοιλίαν,
872 3951 966 4006 καὶ
1009 3943 1278 4025 τράχηλον
1299 3970 1313 3986 ·
1345 3953 1420 4016 ὡς
1444 3953 1502 4006 δὲ
1531 3956 1560 4008 6
1583 3955 1794 4020 Παῦλός

213 4056 380 4110 φησι·
411 4041 524 4096 Καὶ
546 4045 699 4097 αὐτὰ
730 4043 802 4097 τὰ
834 4043 1131 4099 δοκοῦντα
1159 4040 1314 4098 εἶναι
1341 4044 1662 4114 ἀσχήμονα
1685 4047 1793 4102 τοῦ

209 4130 492 4200 σώματος
513 4149 530 4165 ο
556 4133 746 4208 ⁸τούτου
773 4136 934 4206 χάριν
962 4137 992 4188 6
1023 4135 1258 4207 ἀκριϐὴς
1290 4134 1385 4190 τοῦ
1409 4136 1640 4202 κάλλους
1659 4137 1796 4191 δοκιο

209 4224 452 4295 μαστὴς,
514 4223 622 4278 τῶν
676 4227 987 4296 ἀρεσάντων
1029 4225 1178 4298 αὐτῷ
1221 4227 1398 4293 μελῶν
1448 4227 1508 4294 ἐξ
1544 4229 1667 4283 ὅλου
1701 4229 1795 4283 τοῦ

210 4313 494 4385 σώματος,
526 4316 655 4372 ἴδιόν
668 4335 726 4371 τε
757 4317 851 4372 καὶ
879 4317 1188 4389 πρόσφορον
1203 4319 1418 4391 ἑκάστῳ
1441 4321 1796 4375 ποιεῖται-τὸν

207 4402 458 4460 ἕπαινον.

285 4497 553 4568 Ἀρχεται
594 4497 650 4551 δὲ
680 4499 786 4551 τῶν
822 4499 1114 4570 ἐγκωμίων
1161 4500 1268 4554 ἀπὸ
1307 4500 1416 4554 τῶν
1447 4501 1794 4573 κυριωτέρων

208 4588 418 4658 μελῶν.
447 4590 513 4642 Τί
544 4589 652 4662 γάρ
680 4590 976 4662 ὀφθαλμῶν
1016 4595 1075 4646 ἐν
1112 4595 1228 4655 τοῖς
1257 4593 1474 4664 μέλεσιν
1501 4593 1656 4664 ἡμῶν
1681 4597 1797 4647 ἐστι

207 4680 540 4752 τιμιώτερον
566 4700 580 4750 ;
615 4685 692 4735 Δι’
730 4680 806 4739 ὧν
847 4684 880 4754 ἡ
907 4683 1002 4736 τοῦ
1035 4684 1209 4754 φωτὸς
1250 4684 1534 4756 ἀντίληψις
1565 4685 1795 4754 γίνεται,

211 4775 350 4842 παρ’
379 4766 459 4826 ὧν
488 4775 638 4826 ἐστιν
665 4775 699 4844 ἡ
729 4773 836 4826 τῶν
861 4774 1028 4843 φίλων
1058 4776 1152 4829 καὶ
1179 4776 1454 4846 πολεμίων
1482 4776 1796 4846 ἐπίγνωσις,

213 4859 297 4927 οἷς
325 4864 388 4917 τὸ
418 4865 550 4918 ἴδιον
583 4864 679 4918 καὶ
705 4865 768 4918 τὸ
797 4865 1074 4935 ἀλλότριον
1097 4866 1465 4937 διακρίνομεν,
1503 4867 1682 4937 πάσης
1702 4869 1795 4938 ἐρ-

214 4957 413 5022 γασίας
445 4957 722 5026 ύφηγηταὶ
762 4958 859 5012 καὶ
904 4958 1210 5012 διδάσκαλοι
1256 4958 1492 5026 γίνονται
1515 4997 1530 5022 ,
1567 4957 1662 5012 καὶ
1697 4958 1798 5028 τῆς

223 5043 495 5108 ἀπλανοῦς
522 5045 832 5115 ὁδοιπορίας
853 5046 1038 5118 ὁδηγοὶ
1072 5050 1340 5118 συμφυεῖς
1369 5048 1462 5102 καὶ
1481 5045 1798 5118 ἀχώριστοι,

220 5127 294 5187 ὧν
327 5137 360 5206 ἡ
387 5136 536 5200 θέσις
560 5137 666 5191 τῶν
696 5137 873 5192 ἀλλων
900 5138 1269 5211 αίσθητηρίων
1298 5137 1668 5210 ὑπερκειμένη
1692 5179 1706 5201 ,
1741 5138 1802 5190 τὸ

224 5227 619 5297 προτιμότερον
662 5228 764 5298 τῆς
796 5229 890 5282 ἀπ’
934 5229 1112 5282 αὐτῶν
1156 5230 1447 5301 γινομένης
1490 5232 1622 5302 ἡμῖν
1654 5230 1800 5300 ὠφε-

224 5315 372 5380 λείας
427 5316 780 5372 ἐνδείκνυται.
826 5319 1050 5384 Πάντως
1102 5321 1160 5374 δέ
1213 5321 1473 5393 πρόδηλόν
1527 5323 1643 5374 ἐστι
1689 5324 1801 5386 τοῖς

224 5409 548 5474 ἀκούουσιν,
601 5412 680 5474 εἰς
733 5414 859 5466 ποῖα
913 5412 1048 5483 μέλη
1101 5413 1201 5484 τῆς
1255 5412 1574 5484 Ἐκκλησίας
1619 5414 1647 5466 6
1695 5412 1802 5466 τῶν

223 5498 521 5571 ὀφθαλμῶν
555 5500 775 5566 ἔπαινος
806 5502 1010 5573 βλέπει.
1059 5503 1362 5571 Ὀφθαλμὸς
1390 5500 1456 5575 ἧν
1493 5505 1742 5577 Σαμουὴλ
1774 5507 1802 5560 6

294 5681 343 5714 "
399 5680 699 5738 l'l'imotb.
763 5699 822 5750 ιι,
869 5683 921 5737 4.
1001 5682 1047 5717 ⁸³
1105 5679 1122 5734 1
1195 5680 1320 5737 Cor.
1380 5695 1475 5747 xu,
1511 5680 1592 5735 ω.

1889 1859 2121 1929 puellas,
2142 1860 2207 1913 ad
2239 1861 2544 1953 exemplum
2569 1863 2882 1930 Abrahami,
2898 1865 3195 1935 quamlibet
3219 1865 3286 1921 de
3312 1873 3457 1920 terra

1887 1966 1986 2006 sua
2014 1958 2067 2006 et
2101 1952 2434 2023 cognatione
2453 1969 2572 2017 sua,
2603 1968 2765 2023 quam
2794 1970 2917 2010 cum
2960 1971 3218 2011 sensuum
3241 1958 3460 2027 organis

1889 2041 2070 2107 habet,
2091 2049 2150 2095 ut
2182 2056 2376 2112 purum
2415 2042 2563 2096 illum
2597 2058 2860 2113 sponsum
2892 2045 3114 2100 videant
3145 2044 3457 2100 redimitum

1889 2148 2111 2199 corona,
2128 2147 2248 2203 quze
2273 2143 2354 2189 est
2372 2131 2634 2202 Ecclesia;
2648 2136 2824 2205 reipsa
2841 2137 3062 2207 propius
3080 2138 3144 2192 ad
3163 2137 3458 2192 bonitatem

1889 2225 2110 2282 herilem
2127 2225 2356 2292 accedit,
2367 2225 2513 2280 facta
2525 2226 2641 2296 jam
2651 2223 2760 2281 Deo
2773 2227 2992 2297 propior
3006 2243 3101 2297 per
3115 2225 3460 2282 dilectionem

1892 2312 2144 2382 proximi.
2165 2313 2512 2384 Quapropter
2542 2313 2608 2367 ad
2629 2327 2749 2369 eam
2771 2314 2947 2383 inquit
2973 2312 3211 2387 Verbum
3241 2332 3254 2367 :
3291 2316 3461 2380 Quam

1888 2404 2111 2487 pulchra
2157 2421 2241 2468 es,
2283 2413 2641 2476 posteaquam
2681 2406 2826 2461 bono
2880 2407 3045 2460 animi
3099 2405 3355 2462 instituto
3393 2404 3461 2458 ad

1888 2495 2351 2565 pulchritudinem
2392 2495 2695 2551 accessisti.
2730 2495 2934 2552 Laudis
2967 2503 3148 2552 autem
3185 2495 3460 2566 repetitio,

1889 2587 2116 2642 minime
2163 2586 2360 2642 falsum
2408 2587 2510 2641 hoc
2548 2588 2920 2643 testimonium
2953 2602 3075 2643 esse
3099 2587 3459 2644 demonstrat.

1888 2677 2024 2733 Nam
2071 2679 2392 2734 testimonio
2449 2676 2652 2750 duplici
2694 2681 2984 2735 veritatem
3022 2680 3333 2734 conﬁrmari
3380 2679 3464 2738 di-

1889 2770 2014 2826 vina
2044 2770 2131 2825 lex
2160 2771 2501 2841 pronuntiat.
2550 2770 2681 2824 Eam
2732 2770 2804 2824 ob
2863 2784 3087 2824 causam
3135 2771 3250 2824 ait:
3287 2769 3462 2837 Quam

1888 2863 2112 2932 pulchra
2163 2879 2247 2931 es,
2296 2863 2472 2916 amica
2526 2878 2675 2926 mea,
2720 2878 2878 2932 quam
2928 2861 3152 2930 pulchra
3197 2878 3272 2916 es.
3323 2861 3465 2928 Quia

1891 2967 2019 3007 vero
2056 2952 2314 3008 universa
2360 2951 2605 3008 Ecclesia
2643 2967 2811 3006 unum
2845 2951 3048 3007 Christi
3108 2967 3310 3023 corpus
3357 2961 3462 3020 est,

1891 3047 1946 3104 et
1971 3039 2075 3094 boc
2105 3054 2213 3095 uno
2250 3039 2322 3094 in‘
2362 3052 2614 3110 corpore,
2664 3036 3127 3109 quemadmodum
3167 3038 3462 3108 Apostolus

1892 3123 2070 3196 inquit
2087 3124 2151 3189 ⁸³,
2191 3125 2437 3184 membra
2480 3125 2649 3179 multa
2693 3132 2842 3190 sunt,
2881 3139 3002 3195 qua:
3026 3125 3246 3195 quidem
3273 3125 3460 3182 omnia

1892 3231 2003 3272 non
2040 3215 2294 3272 eumdem
2341 3224 2524 3271 actum
2581 3215 2782 3272 habent
2819 3215 3040 3287 (quippe
3089 3215 3234 3286 quod
3295 3216 3463 3270 alium

1895 3305 2041 3362 Deus
2088 3307 2146 3360 in
2194 3307 2299 3362 hoc
2329 3321 2554 3376 corpore
2615 3315 2873 3376 tanquam
2900 3305 3120 3360 oculum
3177 3304 3466 3374 creaverit,

1894 3397 2060 3452 alium
2099 3405 2356 3468 tanquam
2387 3411 2597 3462 aurem,
2644 3398 2770 3454 aliis
2811 3397 3130 3453 facultatum
3170 3396 3469 3462 jeﬂ‘ectione

1896 3505 2158 3545 manuum
2184 3491 2368 3546 locum
2402 3489 2799 3555 obtinentibus,
2839 3490 2963 3545 aliis
2994 3489 3213 3560 pedum,
3244 3489 3339 3560 qui
3385 3489 3467 3544 vl-

1895 3581 2094 3638 delicet
2115 3595 2282 3637 onera
2322 3580 2618 3647 sustinent,
2640 3594 2748 3635 non
2762 3579 2990 3634 omissis
3014 3592 3194 3648 neque
3213 3584 3464 3648 gustatu,

1896 3691 2073 3746 neque
2100 3675 2352 3742 odoratu,
2379 3688 2554 3743 neque
2586 3686 2917 3742 unoquoque
2956 3670 3225 3734 omnium,
3245 3683 3308 3724 ex
3340 3670 3466 3738 qui-

1899 3769 2003 3824 bus
2027 3767 2328 3821 humanum
2367 3780 2569 3835 corpus
2598 3771 2816 3819 constat
2848 3769 2943 3817 :et
2970 3767 3204 3830 possunt
3232 3769 3382 3816 certe
3410 3760 3466 3814 in

1899 3859 2180 3914 communi
2214 3856 2476 3912 Ecclesiae
2521 3868 2752 3927 corpore
2782 3853 2958 3919 labra,
3002 3852 3214 3917 dentes,
3257 3850 3464 3914 lingua,

1900 3950 2092 4011 ubera,
2125 3953 2335 4012 venter,
2379 3946 2579 4001 collum
2612 3944 2864 4015 reperiri,
2913 3950 3097 4015 atque,
3146 3941 3226 3997 uti
3264 3941 3468 3997 Paulus

1892 4031 1994 4096 ait,
2033 4031 2194 4084 etiam
2239 4038 2416 4099 partes
2466 4029 2702 4098 corporis
2741 4045 2831 4084 eas
2872 4046 2989 4100 qua:
3037 4047 3148 4085 esse
3199 4031 3461 4088 indecora:

1896 4121 2153 4189 videntur)
2197 4141 2211 4176 :
2252 4123 2458 4178 idcirco
2485 4123 2707 4188 elegans
2743 4121 2834 4178 ille
2872 4122 3061 4177 formae
3085 4131 3364 4184 spectator
3406 4133 3461 4180 et

1899 4216 2215 4287 explorator
2241 4212 2506 4269 membris
2531 4211 2782 4281 singulis,
2829 4224 2952 4279 qua:
2990 4215 3106 4263 toto
3140 4206 3194 4260 in
3238 4216 3470 4272 corpore

1903 4309 2005 4379 ipsi
2039 4310 2382 4379 placuerunt,
2404 4305 2732 4377 peculiarem
2752 4301 3041 4373 quamdam
3065 4305 3121 4355 et
3139 4293 3466 4352 convenien-

1823 4436 1891 4496 υ,
1905 4411 2012 4458 tem
2047 4398 2262 4455 laudem
2296 4397 2507 4496 tribuit.

1971 4488 2199 4545 Orditur
2224 4494 2407 4541 autem
2455 4484 2572 4538 haec
2607 4482 2856 4537 encomia
2908 4477 2978 4533 de
3023 4473 3282 4531 membris
3327 4487 3470 4542 prae-

1898 4583 2097 4653 cipuis.
2134 4579 2276 4646 Quid
2326 4577 2471 4633 enim
2505 4576 2650 4630 inter
2695 4572 2940 4629 membra
2985 4576 3173 4624 nostra
3203 4573 3470 4637 praestan-

1900 4677 2011 4731 tius
2039 4681 2125 4729 est
2158 4670 2377 4726 oculis?
2428 4683 2524 4739 per
2560 4682 2703 4739 quos
2733 4666 2994 4720 nimirum
3029 4661 3172 4717 lucis
3200 4658 3259 4714 ﬁt
3282 4672 3471 4730 perce-

1900 4768 2036 4839 ptio,
2080 4763 2280 4835 quibus
2321 4771 2376 4817 ct
2416 4761 2592 4815 amica
2625 4765 2680 4814 et
2711 4755 2930 4812 hostilia
2973 4750 3343 4824 agnoscimus,
3375 4762 3472 4839 per

1899 4837 2040 4929 quos
2091 4856 2161 4910 ab
2212 4853 2407 4909 alienis
2476 4857 2664 4906 nostra
2721 4846 3066 4904 seceruimus
3098 4883 3114 4908 ,
3170 4841 3264 4912 qui
3312 4837 3473 4894 nobis

1903 4948 2149 5004 omnium
2181 4960 2406 5016 operum
2464 4942 2711 5014 magistri
2744 4946 2872 4995 sunt
2896 4944 2951 4994 et
2979 4937 3256 4997 doctores,
3285 4929 3468 4986 nobis-

1906 5055 2142 5110 cumque
2172 5039 2285 5093 nati
2317 5051 2383 5092 ac
2424 5033 2822 5105 inseparabiles
2848 5027 3089 5100 expertis
3117 5023 3362 5080 omnium
3387 5035 3472 5076 er-

1907 5146 2092 5190 rorum
2140 5128 2354 5184 itineris
2383 5127 2574 5191 duces,
2619 5137 2854 5194 quorum
2903 5119 3139 5188 denique
3165 5115 3306 5171 situs
3335 5113 3472 5182 ipse,

1908 5223 2301 5278 collocatorum
2331 5219 2586 5276 videlicet
2625 5231 2790 5287 supra
2837 5212 3176 5282 reliquorum
3212 5217 3473 5262 sensuum

1909 5328 2137 5384 organa,
2170 5311 2602 5382 praestantiorem
2640 5309 2693 5363 iu
2740 5306 2850 5362 vita
2901 5301 3064 5358 nobis
3096 5311 3254 5355 usum
3282 5294 3475 5384 horum

1908 5380 2030 5463 esse
2061 5380 2421 5463 demonstrat.
2473 5403 2651 5473 Atque
2695 5399 2810 5452 haec
2840 5394 2933 5465 qui
2969 5391 3217 5454 audiunt,
3252 5380 3474 5473 omnino

1907 5502 2227 5575 perspicere
2265 5499 2419 5556 nullo
2457 5469 2675 5566 negotio
2717 5494 2946 5562 possunt
2989 5484 3058 5542 ad
3092 5490 3339 5554 quaenam
3373 5469 3476 5527 ωας
