3948 6192
483 237 586 295 9h?

1712 231 1768 286 S.
1801 228 2132 287 GREGORII
2153 228 2443 288 NYSSENI
3585 227 3670 286 θ’ἱο

482 354 668 410 etesia:
697 352 939 408 membra
964 350 1080 407 haec
1110 349 1396 406 oculorum
1428 349 1552 404 laus
1582 349 1877 419 pertineat.
1930 350 2061 403 Erat

2189 350 2402 405 ὶλέπων·
2427 352 2569 405 οῦτω
2599 350 2709 421 γὰρ
2734 348 3048 421 ὠνομάζετο
3064 365 3077 377 ·
3104 346 3367 417 ὀφθαλμὸς
3391 347 3417 399 6
3441 344 3674 417 ‘lelztttill,

489 444 709 499 Samuel
744 442 834 497 ille
875 442 1069 497 videns
1106 443 1208 514 (sic
1236 444 1383 498 enim
1414 443 1837 513 appellabatur),
1867 458 2059 498 revera

486 536 681 591 oculus
715 552 727 587 :
760 542 878 589 erat
903 535 1098 589 oculus
1129 533 1399 598 Ezechiel,
1432 535 1526 603 qui
1558 548 1587 587 a
1617 533 1727 593 Deo
1758 535 1813 588 in
1839 535 2060 604 specula

486 624 791 678 collocatus
836 631 956 678 erat
1004 624 1077 679 ob
1125 623 1356 679 salutem
1404 626 1646 688 illorum,
1686 625 1779 695 qui
1830 626 1899 680 ab
1944 626 2064 694 ipso

488 714 941 785 custodiebantur
974 732 989 773 τι
1018 723 1136 770 erat
1182 716 1377 778 oculus
1408 715 1665 777 Michaeas
1711 717 1802 777 ille
1844 716 2058 777 videns,

487 819 541 859 et
589 804 766 861 Moses
822 805 909 875 ille
957 798 1241 876 spéctans,
1285 806 1380 876 qui
1426 807 1648 876 quidem
1700 807 1945 877 eamdem
1995 810 2068 862 ob

489 914 709 953 causam
742 899 907 970 etiam
949 885 1089 953 deus
1116 899 1423 968 appellatus
1459 898 1563 952 fuit
1594 916 1607 951 :
1653 906 1784 953 sunt
1826 898 2066 968 denique

490 988 657 1052 oculi,
691 1003 882 1043 omnes
922 988 999 1041 illi
1028 990 1123 1059 qui
1163 990 1229 1042 ad
1272 990 1529 1060 populum
1578 989 1889 1044 ducendum
1921 988 2065 1042 ordi-

492 1078 605 1132 nati
641 1078 788 1138 sunt,
825 1094 964 1149 quos
991 1080 1154 1149 etiam
1187 1081 1438 1136 homines
1484 1082 1562 1135 illi
1607 1081 1772 1150 prisci
1810 1079 2069 1133 Videntes

495 1169 872 1224 nominabant.
923 1169 1110 1237 Itidem
1161 1171 1263 1227 hoc
1309 1179 1554 1242 tempore.
1578 1179 1847 1243 quotquot
1878 1170 1931 1223 in
1966 1168 2068 1223 Ec-

493 1261 677 1315 clesia:
705 1275 938 1331 corpore
964 1261 1140 1340 locum
1181 1262 1397 1317 illorum
1433 1264 1673 1331 explent,
1707 1271 1760 1317 et
1787 1261 1854 1315 ad
1889 1262 2071 1330 inspe-

495 1352 736 1407 ctioncm
769 1353 1057 1429 constituti
1089 1362 1241 1417 sunt,
1278 1355 1499 1425 proprie
1532 1354 1818 1408 oculorum
1851 1351 2071 1405 nomine

495 1452 791 1499 censentur
820 1463 833 1499 :
865 1445 912 1500 si
943 1445 1162 1514 quidem
1211 1456 1468 1514 accurate
1497 1444 1678 1504 Solem
1724 1444 1954 1513 iustitiae
1987 1443 2072 1496 in-

495 1542 743 1595 tuentur,
792 1548 854 1589 ac
902 1549 1248 1605 nequaquam
1293 1535 1348 1598 in
1402 1535 1661 1605 operibus
1714 1532 2074 1588 tenebricosis

498 1623 815 1689 excutiunt,
878 1623 925 1677 si
981 1623 1050 1677 ab
1096 1624 1279 1678 alieno
1328 1632 1478 1678 recte
1525 1630 1711 1677 nostra
1756 1631 2073 1686 secernunt,

500 1716 631 1767 dum
665 1723 976 1786 agnoscunt
1025 1715 1076 1769 id
1106 1730 1267 1770 omne
1306 1729 1335 1767 a
1372 1722 1568 1770 natura
1614 1721 1803 1768 nostra
1834 1714 2071 1779 alienum
2106 1706 2150 1760 Β

499 1818 623 1861 esse
665 1806 813 1876 quod
857 1808 960 1861 sub
996 1814 1280 1876 aspectum
1318 1805 1486 1870 cadit,
1537 1812 1591 1859 et
1633 1813 2076 1873 momentancum

500 1904 609 1963 est,
663 1897 884 1967 proprie
921 1912 1051 1951 vero
1094 1908 1345 1967 nostrum
1379 1896 1644 1967 quidquid
1674 1911 1770 1966 per
1800 1911 1950 1965 spem
1982 1911 2082 1950 no-

504 1988 589 2043 bis
618 1995 704 2042 est
747 1988 1125 2063 propositum,
1178 1987 1334 2063 cujus
1382 1988 1662 2057 possessio
1710 1988 1869 2042 nobis
1915 1987 2081 2041 adimi

503 2093 782 2153 nunquam
815 2085 1014 2147 potest.
1052 2077 1225 2133 Etiam
1260 2078 1324 2132 ad
1370 2078 1561 2133 oculos
1599 2078 1835 2148 pertinet
1876 2077 2082 2147 agnitio

504 2170 664 2223 amici
693 2170 933 2243 hominis
963 2176 1017 2226 et
1045 2169 1251 2233 infesti,
1285 2177 1346 2223 ut
1373 2185 1560 2224 verum
1593 2171 1811 2240 quidem
1844 2170 2078 2224 amicum

503 2268 620 2314 toto
648 2250 811 2325 corde
839 2269 1003 2330 atque.
1041 2261 1208 2314 animi
1238 2260 1495 2316 facultate
1537 2261 1851 2331 diligamus,
1894 2260 2081 2322 odium

503 2366 633 2406 vero
701 2335 1002 2422 perfectum
1074 2351 1339 2406 adversus
1402 2352 1616 2415 hostem
1683 2352 1807 2406 vita:
1880 2357 2083 2405 nostrae

505 2457 881 2499 exerceamus.
916 2443 1121 2500 Praeter
1152 2445 1268 2499 haec
1296 2432 1549 2514 quisquis
1577 2459 1664 2500 res
1686 2443 1924 2513 agendas
1949 2432 2085 2515 pra:-

506 2535 719 2614 scribit,
760 2542 816 2607 et
864 2550 926 2609 ea
975 2535 1157 2597 docet,
1212 2549 1334 2606 quae
1379 2533 1696 2605 expediunt,
1746 2544 1800 2589 et
1844 2534 1952 2589 dux
1999 2545 2087 2592 est

507 2628 724 2710 itineris
750 2626 816 2681 ad
872 2627 1039 2683 Deum
1074 2647 1086 2682 :
1118 2627 1166 2683 is
1212 2628 1332 2696 puri
1379 2642 1443 2681 ac
1493 2629 1613 2683 sani
1667 2629 1811 2682 oculi
1859 2643 2087 2689 munere

509 2720 767 2796 prmclare
806 2718 1074 2790 fungitur,
1111 2717 1240 2773 dum
1272 2719 1448 2774 instar
1477 2733 1865 2789 corporeorum
1897 2719 2086 2775 oculo-

512 2829 630 2867 rum
667 2802 888 2885 sublimi
926 2814 1163 2883 quadam
1196 2812 1412 2867 vivendi
1445 2810 1661 2866 ratione
1701 2810 1916 2866 creteris
1950 2825 2086 2880 prte-

509 2907 677 2983 lucet.
728 2903 838 2960 llas
877 2904 948 2960 ob
978 2920 1176 2964 causas
1208 2920 1423 2976 sponsae
1455 2903 1917 2976 pulchritudinem
1956 2901 2088 2956 Ver-

510 2982 734 3067 humab
764 2982 865 3052 hac
890 3005 1044 3067 parte
1072 2998 1370 3069 praedicare
1392 2998 1605 3068 incipit,
1633 3012 1757 3051 cum
1786 2996 1861 3049 ait
1887 3014 1899 3049 :
1932 2995 2087 3050 Oculi

512 3090 591 3144 uti
617 3090 894 3151 columba.
943 3091 1080 3148 Cum
1107 3091 1251 3159 enim
1284 3089 1465 3143 videat
1506 3103 1621 3155 eos,
1657 3087 1750 3157 qui
1797 3089 2081 3142 oculorum

513 3195 741 3246 munere
790 3180 1113 3249 funguntur,
1162 3181 1432 3234 innocuos
1485 3180 1538 3233 in
1590 3180 1736 3233 bono
1765 3195 1907 3242 esse,
1967 3194 2085 3233 am-

511 3272 705 3340 plexus
738 3270 956 3331 illorum
1003 3279 1058 3324 et
1085 3270 1491 3340 simplicitatem
1535 3278 1593 3332 et
1625 3271 1996 3325 innocentiam
2032 3272 2086 3325 in

514 3356 764 3419 moribus
794 3357 1078 3415 columbas
1112 3342 1368 3427 appellat.
1404 3356 1613 3412 Etenim
1647 3358 1910 3422 innocens
1937 3374 2088 3429 (μιξε-

512 3451 638 3515 dam
672 3450 996 3520 simplicitas
1024 3450 1293 3513 columbis
1329 3450 1621 3520 peculiaris
1645 3467 1708 3506 ac
1740 3452 1960 3521 prepria
1981 3460 2085 3507 est.

519 3542 612 3599 Vel
649 3541 903 3597 fortassis
931 3542 1096 3597 etiam
1124 3540 1440 3612 huiusmodi
1474 3543 1722 3613 quaedam
1761 3545 1881 3599 laus
1913 3543 2090 3599 oculis

514 3634 795 3689 tribuitur.
844 3632 1113 3689 Nimirum
1145 3649 1269 3690 cum
1304 3633 1570 3704 imagines
1605 3650 1787 3689 rerum
1818 3635 2088 3698 omnium,

514 3739 636 3792 qua:
661 3710 777 3790 sub
809 3731 1087 3795 aspectum
1118 3723 1344 3787 cadunt,
1388 3739 1580 3794 puram
1616 3725 1669 3778 in
1713 3726 1972 3795 pupillam
2005 3726 2090 3779 in-

515 3812 800 3880 cidentes,
849 3813 1065 3879 videndi
1107 3823 1289 3869 actum
1339 3815 1632 3869 absolvunt
1677 3833 1689 3869 :
1738 3831 1964 3872 necesse
2006 3822 2093 3871 est

516 3905 1037 3980 prorsusquidquid
1084 3906 1284 3976 aliquis
1330 3906 1641 3971 intueatur,
1691 3907 1815 3976 ejus
1861 3907 2091 3963 formam

516 4002 698 4065 ipsum
731 3996 974 4065 recipere
1008 4011 1103 4066 per
1131 3997 1349 4051 oculum
1371 4038 1386 4063 ,
1428 3998 1825 4066 exprimentem
1858 3998 1985 4052 visae
2015 3998 2093 4052 rei

519 4086 781 4159 speciem,
808 4087 951 4144 sicut
978 4089 1036 4145 in
1065 4089 1567 4159 speetrlovideinus
1604 4088 1874 4143 accidere.
1913 4088 2095 4153 Quare

517 4195 643 4235 cum
690 4179 738 4235 is
768 4180 861 4249 qui
891 4196 1094 4235 munus
1128 4181 1231 4237 hoc
1275 4180 1491 4237 videndi
1535 4187 1864 4236 consecutus
1909 4188 1993 4235 est
2038 4181 2091 4234 in

517 4271 786 4337 Ecclesia,
824 4272 1031 4328 nullam
1065 4272 1132 4326 ad
1171 4287 1284 4328 rem
1315 4286 1557 4327 crassam
1586 4279 1639 4325 et
1658 4286 1975 4341 corpoream
2010 4288 2097 4326 re-

2166 445 2195 497 6
2229 446 2448 499 σκοπεῖν
2492 442 2596 495 ὑπὸ
2628 442 2724 495 τοῦ
2773 441 2909 495 θεοῦ
2967 439 3294 509 τεταγμένος
3318 479 3332 500 ,
3377 437 3463 489 ἐπὶ
3503 436 3679 506 τῇτιῖιν

2169 534 2585 603 φυλασσομένων
2627 533 2754 605 παρ’
2788 531 2952 585 αὐτοῦ
2986 529 3229 600 σωτηρίᾳ
3251 545 3264 558 ⁸
3316 527 3568 597 ὀφθαλμὸς
3596 529 3682 581 Me

2170 630 2328 700 χαίοις
2347 629 2377 681 6
2402 627 2566 698 ὀρῶν,
2604 626 2700 680 καὶ
2742 625 2984 696 Μωῡσῆς
3013 625 3042 676 ὀ
3073 622 3337 692 θεώμενος
3361 661 3375 685 ,
3404 621 3431 672 6
3458 620 3536 672 διὰ
3557 620 3683 673 τοῦτο

2172 721 2265 773 καί
2295 720 2416 782 θεὸς
2446 718 2830 789 ὠνομασμένος
2854 733 2867 747 ο
2908 714 3173 784 ὀφθαλμοὶ
3210 712 3400 789 πάντες
3424 713 3623 774 ἐκεῖνοι,
3646 713 3684 763 οί

2172 814 2251 875 εἰς
2294 810 2518 879 όδηγίαν
2548 809 2642 863 τοῦ
2679 809 2807 863 λαοῦ
2837 805 3160 877 τεταγμένοι
3182 845 3196 865 ,
3240 803 3332 866 οὓς
3377 801 3466 855 καὶ
3493 802 3687 879 ὁρῶντας

2172 902 2452 973 ὠνόμαζον
2491 903 2541 954 οἱ
2566 900 2689 953 τότε
2733 899 3007 969 ἄνθρωποι
3032 917 3045 929 ·
3078 896 3172 949 καὶ
3206 894 3299 947 νῦν
3343 894 3391 949 οἱ
3417 892 3500 945 τὸν
3526 894 3690 945 ἐκεῖνον

2173 996 2335 1049 τόπον
2384 993 2823 1065 ἀναπληροῦντες
2861 991 2937 1061 τῷ
2988 989 3200 1060 σώματι
3246 988 3343 1058 τῆς
3381 984 3688 1054 Ἐκκλησίας,

2175 1088 2268 1141 καὶ
2292 1087 2610 1139 ἐπισκοπεῖν
2633 1083 2976 1152 τεταγμένοι,
3007 1080 3273 1150 ὀφθαλμοὶ
3298 1077 3489 1147 κυρίως
3514 1092 3693 1155 κατονο-

2180 1175 2478 1249 μάζονται,
2529 1176 2623 1227 ἐὰν
2669 1173 2912 1243 ἀκριϐῶς
2947 1172 3084 1244 πρὸς
3128 1170 3218 1222 τὸν
3262 1168 3361 1236 τῆς
3403 1165 3696 1234 δικαιοσύνης

2176 1269 2326 1339 ἥλιον
2376 1266 2651 1336 βλέπωσι,
2706 1263 2953 1335 μηδαμοῦ
3010 1264 3123 1325 τοῖς
3157 1260 3336 1331 ἔργοις
3385 1256 3471 1309 τοῦ
3515 1256 3697 1317 σκότους
3741 1294 3751 1306 .

2178 1358 2697 1430 ὲναμϐλυωποῦντες
2720 1376 2733 1389 ’
2761 1358 2855 1411 καὶ
2897 1358 2945 1409 εἰ
2978 1355 3303 1427 διακρίνοιεν
3338 1350 3428 1404 τοῦ
3464 1350 3696 1420 ἀλλοτρίου

2179 1450 2239 1505 τὸ
2278 1451 2407 1503 ἴδιον
2431 1489 2447 1513 ,
2480 1450 2538 1502 ὲν
2570 1447 2646 1518 τῷ
2684 1447 2971 1516 γινώσκειν
2996 1487 3011 1507 .
3059 1448 3141 1500 ὃτι
3182 1446 3289 1498 πᾶν
3326 1442 3583 1515 ἀλλότριόν
3610 1443 3700 1493 ἐστι

2179 1542 2281 1613 τῆς
2303 1541 2519 1611 φύσεως
2545 1541 2721 1610 ἡμῶν,
2746 1539 2807 1591 τὸ
2834 1537 3160 1608 φαινόμενόν
3184 1553 3242 1588 τε
3276 1535 3368 1586 καὶ
3396 1532 3699 1603 πρόσκαιρον·

2182 1635 2310 1689 ῐδιον
2329 1634 2387 1686 δὲ
2413 1633 2472 1687 τὸ
2497 1633 2565 1685 δι’
2598 1631 2809 1694 ἐλπίδος
2838 1629 3196 1701 προκείμενον
3226 1669 3240 1685 .
3268 1622 3328 1680 οἶ)
3359 1629 3391 1695 ἡ
3422 1625 3595 1693 κτῆσις
3624 1621 3699 1691 μέ-

2180 1744 2261 1780 νει
2303 1724 2441 1796 πρὺς
2466 1723 2528 1776 τὸ
2551 1721 2795 1794 διηνεκὲς
2823 1720 3204 1789 ἀναφαίρετος.
3251 1714 3552 1785 Ὀφθαλμῶν
3578 1713 3703 1784 ἔργον

2179 1819 2272 1873 καὶ
2300 1818 2360 1872 τὸ
2392 1815 2769 1885 διαγινώσκειν
2786 1813 2889 1865 ’τὸν
2927 1811 3104 1880 φίλιόν
3133 1827 3193 1863 τε
3225 1809 3317 1862 καὶ
3350 1808 3436 1860 τον
3471 1807 3702 1875 πολέμιον,

2180 1908 2320 1962 ὥστε
2353 1906 2571 1977 ἀγαπᾷν
2624 1905 2722 1976 μὲν
2772 1903 2861 1959 τὸν
2907 1901 3160 1971 ἀληθινὸν
3192 1900 3340 1969 φίλον
3383 1897 3439 1962 ἐξ
3464 1896 3578 1964 ὅλης
3603 1912 3705 1963 καρ·

2180 2001 2298 2064 δίας
2336 2017 2395 2052 τε
2434 1999 2529 2052 καὶ
2575 1997 2754 2067 ψυχῆς
2799 1996 2893 2048 καὶ
2924 1994 3244 2063 δυνάμεως,
3272 1991 3468 2044 τέλειον
3498 1988 3548 2041 δὲ
3587 1990 3708 2056 piso;

2183 2092 2322 2148 κατά
2346 2090 2439 2144 τοῦ
2466 2088 2657 2160 ἐχθροῦ
2684 2089 2779 2158 τῆς
2805 2087 2948 2158 ζωῆς
2965 2084 3126 2156 ἡμῶν
3175 2078 3708 2136 ἐπιδείκνυσθαι.’Λλλὰ

2166 2184 2278 2238 -καὶ
2305 2183 2333 2235 ὁ
2365 2181 2473 2234 τῶν
2504 2178 2792 2250 πρακτέων
2825 2176 3116 2247 ὑφηγητὴς
3135 2216 3149 2234 .
3200 2174 3293 2227 καὶ
3321 2172 3423 2225 τῶν
3452 2169 3709 2241 συμφερόν·

2182 2292 2292 2328 των
2311 2272 2626 2333 διδάσκαλος
2648 2312 2661 2333 ,
2697 2270 2791 2321 καὶ
2826 2268 2925 2338 τῆς
2954 2267 3045 2319 ἐπὶ
3078 2266 3173 2319 τὸν
3207 2265 3337 2319 Θεὸν
3387 2263 3590 2332 πορείας
3622 2276 3710 2329 χει-

2191 2367 2433 2438 ραγωγὸς
2457 2407 2472 2429 ,
2504 2362 2597 2417 τοῦ
2626 2358 2867 2430 καθαροῦ
2899 2376 2958 2412 τε
2989 2359 3083 2410 καὶ
3114 2357 3444 2426 ὑγιαίνοντος
3474 2347 3708 2421 ὀφθαλμοῦ

2185 2459 2247 2512 τὸ
2294 2458 2451 2529 ἔργον
2500 2455 2567 2507 δι’
2598 2451 2882 2523 ἀκριϐείας
2933 2451 3115 2513 ποιεῖ,
3141 2438 3276 2501 καθ’
3314 2445 3584 2516 ὁμοιότητα
3625 2438 3710 2493 τῶν

2189 2547 2515 2621 σωματικῶν
2546 2544 2807 2616 ὀμμάτων
2831 2542 2933 2612 τῆς
2968 2540 3183 2611 ὑψηλῆς
3216 2536 3481 2599 πολιτείας
3507 2533 3601 2587 τῶν
3622 2529 3710 2584 λοι-

2187 2640 2303 2693 πῶν
2334 2636 2784 2710 προφαινόμενος.
2814 2632 2912 2686 Διά
2949 2631 3108 2684 τοῦτο
3161 2628 3405 2683 ἐντεῦθεν
3451 2624 3661 2678 ἐπαινεῖν
3691 2623 3715 2673 6

2187 2730 2358 2796 Λόγος
2384 2727 2446 2780 τὸ
2487 2727 2581 2796 τῆς
2635 2724 2852 2794 νύμφης
2880 2723 3105 2793 ἄρχεται
3148 2719 3378 2781 κάλλος,
3418 2715 3502 2769 καί
3542 2728 3711 2783 φησιν·

2200 2818 2516 2887 Ὀφθαλμοί
2561 2829 2675 2869 σου
2706 2811 3077 2881 περιστεραί·
3123 2807 3416 2880 ἀκεραίους
3441 2804 3540 2875 γὰρ
3572 2806 3639 2865 εἰς
3669 2802 3716 2855 τὸ

2189 2912 2361 2967 κακὸν
2383 2910 2507 2970 τοὺς
2528 2908 2584 2958 ὲν
2610 2902 2901 2974 ὀφθαλμῶν
2928 2902 3075 2967 τάξει
3098 2897 3564 2970 προϐεϐλημένους
3582 2892 3712 2964 ὀρῶν,

2189 3005 2287 3076 τὴν
2326 2999 2606 3070 ἀπλότητά
2647 3014 2704 3049 τε
2735 2996 2829 3048 καὶ
2865 2994 2926 3046 τὸ
2966 2994 3228 3063 ἀκέραιον
3260 2989 3352 3043 τοῦ
3386 2989 3539 3059 ἤθους
3573 2982 3717 3076 αὐτῶν

2193 3071 2590 3160 ἀποδεξάμενος
2626 3126 2643 3151 ,
2711 3083 3037 3155 περιστερὰς
3096 3081 3478 3151 κατωνόμασεν
3536 3071 3712 3134 αὐτούς.

2196 3186 2355 3240 Ἴδιον
2401 3183 2508 3253 γάρ
2563 3182 2679 3233 ἐστι
2711 3174 3047 3248 περιστερῶν
3078 3174 3141 3227 τὸ
3198 3173 3469 3244 ἀκέραιον.
3501 3170 3564 3221 Ἢ
3604 3166 3714 3234 τάχα

2193 3271 2429 3328 τοιοῦτόν
2450 3286 2572 3323 τινα
2593 3270 2620 3321 ὀ
2640 3267 2796 3335 λόγος
2827 3266 3092 3336 μαρτυρεῖ
3115 3266 3233 3327 τοῖς
3256 3263 3489 3333 ϐμμασιν
3514 3256 3723 3311 ἔπαινον(

2207 3363 2421 3434 Ἐπειδὴ
2447 3361 2554 3432 γὰρ
2585 3360 2801 3413 πάντων
2828 3356 2936 3410 τῶν
2967 3354 3179 3426 ὁρατῶν
3229 3356 3285 3408 αἱ
3315 3353 3509 3414 εἰκόνες
3545 3348 3613 3418 τῷ
3640 3361 3716 3399 xa-

2196 3454 2346 3526 θαρῷ
2387 3453 2485 3523 τῆς
2518 3452 2686 3521 κόρης
2723 3449 3092 3520 ἐμπίπτουσαι
3119 3487 3134 3512 ,
3187 3448 3286 3516 τὴν
3324 3443 3567 3515 ὁρατικὴν
3595 3438 3717 3508 ἐνέρ-
3806 3518 3807 3523 γ

2194 3564 2348 3616 γειαν
2401 3542 2786 3598 ἀποτελοῦσιν·
2833 3542 3044 3611 ἀνάγκη
3088 3542 3241 3593 πᾶσα
3271 3540 3404 3619 πρὸς
3434 3539 3463 3591 ὃ
3503 3553 3577 3598 τις
3620 3530 3714 3602 ὁρᾷ.

2194 3637 2383 3690 τούτου
2411 3634 2508 3705 τὴν
2534 3632 2746 3704 μορφὴν
2779 3631 3184 3701 ἀναλαμϐάνειν
3228 3630 3316 3683 διὰ
3343 3619 3434 3682 ’τοῦ
3464 3619 3716 3693 ὀφθαλμοῦ.

2196 3727 2501 3795 κατόπτρου
2527 3724 2683 3794 δίκην
2717 3721 2811 3776 τοῦ
2847 3723 3172 3793 φαινομένου
3206 3721 3267 3774 τὸ
3296 3717 3429 3783 εἶδος
3461 3710 3719 3786 ἀναμασσὸι

2200 3836 2377 3889 μενος.
2408 3819 2578 3869 Ὅταν
2620 3814 2800 3868 τοίνυν
2843 3816 2872 3866 ό
2903 3815 3000 3885 τὴν
3033 3814 3268 3884 ὀπτικὴν
3300 3814 3494 3880 ταύτην
3520 3802 3719 3874 ἐξουσίαν

2196 3912 2290 3965 ἐπὶ
2318 3913 2417 3981 τῆς
2457 3905 2779 3976 Ἐκκλησίας
2827 3905 3039 3970 λαϐὼν,
3086 3906 3225 3975 πρὸς
3262 3904 3422 3975 μηδὲν
3447 3899 3621 3959 ὑλῶδες
3647 3891 3718 3946 καὶ

2199 3999 2507 4072 σωματικὸν
2559 3998 2825 4070 βλέπῃνό
2870 3997 3241 4067 πνευματικός
3289 4012 3348 4047 τε
3394 3993 3482 4047 καὶ
3518 3987 3654 4045 άῦλος

2198 4071 2345 4163 αὐτῷ
2390 4089 2749 4161 κατορθοῦται
2780 4087 2912 4158 βίος.
2957 4087 3019 4139 Ἦ
3065 4087 3123 4139 δὲ
3167 4083 3391 4155 τοιαύτη
3432 4082 3535 4149 ζωὴ
3568 4079 3621 4149 τῇ
3645 4071 3716 4126 τοῦ

2201 4184 2357 4252 ἁγίου
2390 4181 2704 4252 Πνεῦματος
2746 4179 2928 4250 χάριτι
2967 4178 3431 4259 καταμορφοῦται.
3478 4166 3718 4259 Οὐκοῦνᾲό

2196 4276 2529 4337 τελειότατος
2558 4273 2666 4331 τῶν
2699 4271 2995 4342 ὀφθαλμῶν
3046 4257 3196 4323 ἐστιν
3252 4270 3499 4331 ἔπαινος,
3528 4263 3581 4316 τὸ
3614 4257 3717 4330 πρὸς

518 4364 684 4432 spicit
716 4382 728 4418 :
764 4351 1046 4433 perficitur
1074 4363 1127 4417 in
1151 4379 1218 4419 eo
1247 4364 1356 4419 vita
1374 4363 1694 4433 spiritualis,
1717 4369 1772 4418 et
1801 4364 1869 4417 ab
1896 4364 2085 4419 exteri:

2200 4368 2298 4437 τὴν
2330 4365 2424 4419 τοῦ
2456 4364 2770 4434 Πνεύματος
2806 4363 2900 4416 τοῦ
2956 4362 3111 4431 ἁγίου
3169 4362 3331 4432 χάριν
3386 4349 3715 4430 μεμορφῶσθαι

518 4456 832 4527 crassisque
863 4458 1031 4512 rebus
1062 4458 1265 4513 aliena.
1309 4456 1383 4510 Ea
1429 4471 1562 4511 vero
1588 4457 1691 4510 vita
1729 4472 1825 4527 per
1860 4457 2100 4526 Spiritus

519 4550 695 4602 sancti
727 4549 956 4619 gratiam
995 4548 1389 4604 conformatur.
1425 4549 1791 4616 Quamobrem
1821 4551 1941 4606 laus
1972 4566 2104 4606 ocu-

520 4640 694 4693 lorum
746 4640 1146 4709 perfectissima
1205 4649 1331 4707 est,
1388 4656 1511 4699 esse
1565 4642 1760 4697 horum
1818 4643 2100 4698 hominum

519 4729 644 4784 vitae
675 4732 910 4798 speciem
953 4731 1351 4786 conformatam
1387 4733 1455 4787 ad
1506 4735 1681 4789 sancti
1716 4733 1951 4803 Spiritus
1980 4748 2103 4804 gra-

523 4821 675 4874 tiam.
709 4820 988 4891 Siquidem
1021 4823 1272 4878 columba
1292 4832 1374 4878 est
1402 4822 1639 4894 Spiritus
1673 4832 1920 4881 sanctus.
1950 4825 2100 4880 Prae-

519 4912 739 4966 dicatur
778 4920 959 4966 autem
995 4921 1226 4983 uterque
1260 4916 1475 4983 oculus,
1506 4924 1565 4970 ut
1602 4926 1752 4973 totus
1781 4919 1944 4993 homo
1977 4920 2099 4974 lau-

526 5002 615 5057 dis
649 5000 741 5053 fiat
772 5003 1069 5073 particeps,
1114 5013 1228 5058 tum
1261 5005 1308 5060 is
1342 5006 1435 5075 qui
1468 5019 1693 5078 apparet
1728 5009 2098 5076 extrinsecus,

522 5104 635 5156 tum
682 5106 843 5161 quem
895 5098 1076 5147 mente
1123 5093 1501 5164 intelligimus.
1569 5095 1780 5151 Etenim
1831 5098 1983 5152 illam
2031 5099 2103 5153 ob

521 5198 746 5257 causam
784 5184 839 5237 in
888 5184 990 5239 hac
1034 5184 1349 5242 laudatione
1392 5187 1723 5244 mentionem
1772 5187 1901 5243 facit
1938 5189 2101 5243 etiam

524 5274 755 5332 alterius
786 5274 1074 5345 cujusdam
1102 5278 1460 5341 excellentim,
1495 5294 1620 5334 cum
1653 5280 1729 5334 ait
1758 5297 1772 5333 :
1818 5280 2024 5334 Praeter
2048 5281 2103 5335 id

522 5369 663 5429 (τέκηαι
689 5368 745 5421 in
770 5376 818 5421 le
838 5367 1104 5423 reticetur.
1134 5367 1269 5423 Nam
1297 5370 1404 5424 vita
1429 5370 1570 5426 bona
1600 5371 1794 5441 partim
1822 5370 2102 5426 hominum

524 5455 702 5512 oculis
733 5458 977 5527 exposita
1009 5466 1092 5513 est
1138 5466 1193 5513 et
1238 5469 1388 5521 nota,
1437 5461 1631 5530 partim
1665 5461 1885 5533 occulta
1922 5470 1977 5519 et
2012 5478 2106 5518 ne-

528 5545 659 5600 mini
696 5548 945 5603 oratione
977 5548 1339 5618 explicabilis,
1373 5548 1483 5604 Deo
1519 5550 1776 5603 nimirum
1822 5551 1940 5606 solo
1981 5568 2098 5606 eam

528 5637 798 5722 intuente.
833 5636 1176 5710 Quapropter
1203 5640 1268 5706 is,
1305 5640 1396 5711 qui
1435 5638 1578 5709 quod
1624 5639 1854 5694 necdum
1895 5640 2098 5697 factum

2198 4458 2376 4512 αὐτῶν
2408 4457 2507 4527 τῆς
2534 4455 2679 4525 ζωῆς
2706 4455 2767 4508 τὸ
2799 4451 2958 4518 εἶδος.
2994 4452 3300 4525 Περιστερά
3327 4454 3430 4520 γὰρ
3456 4449 3510 4502 τὸ
3539 4440 3713 4510 Πνεῦμα

2197 4549 2257 4603 τὸ
2285 4547 2459 4615 ἅγιον.
2505 4543 2570 4598 Ἦ
2598 4544 2655 4597 δὲ
2686 4544 2814 4609 δυὰς
2858 4544 2967 4597 τῶν
2991 4544 3287 4614 ὀφθαλμῶν
3325 4541 3632 4594 ἐπαινεῖται,
3658 4529 3713 4588 ὡς

2201 4640 2266 4692 ἂν
2286 4637 2406 4701 ὅλος
2432 4637 2639 4703 γένοιτο
2662 4635 2721 4688 ὲν
2750 4636 2955 4704 ἐπαίνῳ
2978 4635 3007 4687 ὀ
3036 4626 3323 4705 ἅνθρωπος
3341 4672 3355 4696 ,
3391 4633 3418 4684 ὀ
3451 4615 3713 4698 φαινόμενός

2199 4747 2259 4782 τε
2277 4728 2373 4782 καλ⁵
2398 4725 2708 4796 νοούμενος.
2737 4726 2836 4778 Διὰ
2864 4726 3022 4778 τοῦτο
3045 4725 3156 4796 γὰρ
3186 4723 3485 4796 προσέθηκε
3510 4717 3577 4786 τῷ
3597 4707 3710 4766 ἐπαί-

2198 4820 2275 4890 νῷ
2296 4820 2389 4873 καὶ
2413 4819 2577 4888 ἄλλην
2601 4816 2924 4888 ὑπερϐολὴν,
2948 4809 3139 4869 εἰπώνέ
3169 4818 3251 4869 ὅτι
3291 4813 3482 4878 Ἐκτός
3504 4807 3597 4874 τῆς
3615 4812 3711 4890 σιφ-

2201 4889 2441 4979 πῆσεώς
2461 4909 2705 4964 σουυτοῦ
2724 4908 2833 4978 γὰρ
2848 4907 3053 4973 ἀγαθοῦ
3076 4908 3214 4977 βίου,
3238 4907 3298 4960 τὸ
3318 4904 3484 4976 μέντι
3506 4889 3709 4969 πρόδηλᾶν

2202 5006 2370 5065 ἐστιν,
2403 5002 2477 5065 ὡς
2503 5000 2597 5053 καὶ
2622 5000 2927 5073 ἀνθρώποις
2958 4998 3235 5071 γνώριμον
3260 4992 3395 5050 εἶναι
3417 5012 3429 5025 ·
3458 4992 3513 5046 τὸ
3543 4989 3589 5042 δὲ
3611 4980 3708 5073 ἀρέξ

2204 5093 2322 5163 φιόν
2356 5108 2414 5143 τε
2447 5091 2543 5144 καὶ
2565 5071 2874 5161 ἀπόρρητον
2899 5128 2914 5155 ,
2950 5088 3095 5159 μόνῳ
3118 5088 3239 5156 Θεῷ
3273 5082 3633 5155 καθορώμενον.
3667 5071 3708 5121 ὀ

2207 5184 2381 5238 τοίνυν
2407 5181 2470 5235 τὸ
2495 5181 2900 5252 ἀκατέργαστον
2938 5179 3150 5250 βλέπων
3169 5221 3183 5241 ,
3236 5163 3435 5239 scatet;
3456 5172 3517 5226 τὰ
3552 5164 3706 5259 κρόρια

2210 5272 2458 5346 καθορῶν
2498 5276 2765 5345 μαρτυρεῖ
2806 5274 2897 5326 ἐπὶ
2930 5273 3024 5327 τοῦ
3069 5269 3451 5340 ἐπαινουμένου
3478 5257 3705 5359 προσώπξυ

2210 5363 2370 5415 πλέον
2399 5358 2538 5416 εἷναι
2582 5362 2676 5414 τοῦ
2711 5364 3038 5431 φαινομένου
3075 5363 3135 5416 τὸ
3182 5356 3544 5429 σιωπώμενοὴ
3569 5348 3624 5401 δι’

2212 5473 2374 5527 φησιν
2398 5472 2412 5485 ο
2443 5456 2525 5519 ὅτι
2571 5455 2896 5525 Ὀφθαλμοί
2925 5472 3042 5510 σου
3090 5449 3424 5524 περιστεραὶ
3452 5441 3601 5504 ἐκτὸς

2202 5520 2555 5611 σιωπήσεώς
2587 5520 2723 5600 σου.
2761 5520 3001 5613 ’ἔξωθεν
3036 5546 3144 5617 γάρ
3161 5520 3292 5596 *ἐστι
3330 5539 3419 5594 τοῦ
3450 5520 3707 5626 hac)???

2203 5658 2289 5704 τος
2336 5606 2455 5708 ﬁda.
2572 5638 2655 5692 διὰ
2690 5639 2792 5710 τῆς
2831 5606 3061 5710 σιωπῆς.
3087 5606 3495 5706 θαυμαζόμενον.
3536 5606 3706 5685 Ὀδῴδδ
