3948 6192
243 337 322 400 92i

1249 334 1315 389 IN
1351 333 1647 391 CANTICA
1681 334 1960 396 CAN'IIC.
2009 337 2292 394 HOMIUA
2328 338 2438 393 VII.

3380 338 3486 397 922

240 450 453 522 προάγει
481 445 716 517 καθεξῆς
742 445 803 499 τὸ
847 445 942 500 τοῦ
976 444 1205 512 κάλλους
1235 446 1510 518 ἐγκώμιον
1531 488 1546 512 ,
1589 450 1683 502 ἐπὶ
1704 449 1803 512 τὰς

1910 462 2012 517 est,
2048 453 2213 517 videt,
2258 460 2313 508 et
2347 453 2530 507 abdita
2577 452 2856 521 perspicit,
2890 452 3266 507 testimonium
3301 454 3486 521 perhi-

236 540 408 625 τρίχας
436 538 691 609 μετάγων
714 538 805 591 τὴν
828 538 986 625 λόγον
1005 581 1020 606 ,
1043 539 1137 593 καί
1166 558 1328 610 φησιν
1348 559 1360 574 ·
1394 542 1659 611 Τρίχωμά
1683 559 1799 597 σου

235 633 301 697 ὡς
322 632 533 701 ἀγέλαι
561 630 681 685 τῶν
705 630 908 699 αἰγῶν,
930 624 995 686 ατ
1014 626 1527 703 ἀνεκαλύφθησαν
1546 635 1663 688 ἀπὸ
1691 636 1799 690 τοῦ
1822 692 1827 697 ,

236 721 487 776 Γαλαάδ.

1911 543 2000 599 bet
2031 558 2277 613 personae
2299 544 2401 599 illi.
2428 557 2549 612 qua:
2577 544 3010 606 commendatur,
3036 544 3272 612 amplius
3303 543 3485 599 inesse

1910 635 1961 689 id
1992 633 2136 704 quod
2188 635 2506 699 reticentur,
2545 647 2706 703 quam
2753 633 2897 702 quod
2929 634 3274 688 extrinsecus
3313 648 3482 704 appa-

1899 736 2038 790 reat,
2069 741 2192 781 cum
2234 726 2311 779 ait
2354 745 2368 780 :
2411 725 2565 779 Oculi
2589 726 2666 778 tui
2707 723 2983 787 columbae,
3023 735 3214 793 pyrmter
3247 723 3301 777 id
3339 729 3486 793 quod

235 817 342 871 inte
368 818 639 872 reticetur.
690 816 960 875 Nimirum
1000 817 1053 873 id
1085 818 1232 888 quod
1263 819 1429 875 tacite
1460 820 1517 875 in
1554 820 1972 878 admirationem
2008 821 2176 883 venit,
2245 836 2356 875 non
2390 819 2744 875 continuatur
2790 819 2906 883 illo,
2977 818 3125 888 quod
3196 819 3470 875 hactenus

234 913 556 967 celebratum
586 921 690 968 est.
717 913 987 969 Craterum
1016 914 1277 982 paulatim
1306 916 1537 970 ulterius
1561 917 1991 986 pulchritudinis
2013 915 2325 971 encomium
2350 916 2577 985 profert,
2604 914 2670 967 ad
2728 928 2918 969 comas
2980 928 3237 969 sermone
3298 920 3482 969 trans-

235 1006 344 1079 lato,
368 1020 496 1060 cum
526 1008 707 1076 inquit
738 1025 753 1061 :
786 1006 966 1062 Coma?
994 1017 1099 1061 tua:
1125 1009 1260 1063 sicut
1286 1026 1460 1080 greges
1488 1027 1795 1079 caprarum,
1832 1028 1948 1083 qua
1972 1020 2095 1065 sunt
2123 1010 2367 1065 revelata:
2393 1009 2457 1063 de
2494 1018 2669 1063 monte
2689 1008 2917 1065 Galaad.

287 1097 499 1168 Νοῆσαι
527 1098 586 1152 δὲ
618 1101 889 1171 προσήκει
913 1100 1127 1171 πρῶτον
1151 1104 1251 1172 τῆς
1278 1102 1464 1173 τριχὸς
1491 1104 1589 1175 τὴν
1616 1103 1794 1173 φύσιν·

233 1184 316 1240 εἷθ’
336 1186 512 1252 οὕτως
530 1190 839 1270 θέπιγνῶναι
860 1192 951 1245 τὸν
980 1190 1220 1256 ἔπαινον,
1251 1191 1309 1244 ὃν
1339 1192 1428 1245 διὰ
1459 1194 1568 1247 τῶν
1596 1195 1799 1266 τριχῶν

230 1279 430 1347 ἀλόγος
461 1282 528 1352 τῇ
578 1280 762 1353 νύμφῃ
806 1282 1107 1353 χαρίζεται.
1159 1282 1366 1335 Ούκοῦν
1399 1283 1525 1349 δόξα
1574 1286 1671 1355 μὲν
1700 1302 1800 1354 γυ-

231 1370 402 1434 ναικὸς
426 1371 668 1443 κεφαλῆς
697 1375 731 1443 ἡ
774 1373 895 1443 θρὶξ
927 1374 1077 1445 παρὰ
1105 1373 1196 1427 τοῦ
1226 1374 1435 1427 Παύλου
1465 1375 1795 1446 ὠνόμασται,

228 1462 311 1528 καὶ
338 1462 463 1515 ἀντὶ
498 1460 844 1533 περιϐολαίου
877 1462 1122 1515 δεδόσθαι
1148 1466 1212 1533 τῇ
1252 1464 1472 1531 γυναικὶ
1501 1465 1600 1534 τὴν
1618 1465 1796 1535 κόμην

228 1550 382 1620 λέγει.
414 1552 559 1605 Αἰδὼ
581 1553 637 1606 δὲ
665 1552 761 1606 καὶ
792 1553 1144 1623 σωφροσύνην
1168 1553 1229 1606 τὸ
1258 1554 1466 1626 πρέπον
1499 1553 1638 1609 εἶναί
1664 1573 1796 1626 φησι

227 1645 335 1712 ταῖς
366 1644 586 1712 γυναιξὶ
614 1643 960 1713 περιϐόλαιον
979 1683 992 1706 ,
1030 1644 1172 1697 οὕτω
1200 1644 1417 1716 γράψας
1443 1645 1521 1717 τῷ
1551 1648 1753 1717 ῥήματι
1780 1665 1794 1678 ·

237 1737 322 1802 Ὠς
342 1734 556 1804 πρέπει
585 1735 864 1805 γυναιξὶν
892 1714 1438 1804 ἐπαγγελλομέναις
1469 1714 1792 1803 θεοάὲϐεἷν,
1830 1714 1870 1766 Β

226 1827 360 1895 μετὰ
377 1806 589 1892 αἱδοιῗς
606 1826 706 1882 καὶ
732 1826 1134 1895 σωφροσύνης
1154 1827 1407 1895 κοσμεῖν
1423 1826 1664 1894 ἑαυτάς.
1698 1826 1798 1881 Διὰ

232 1920 421 1973 τούτων
440 1919 543 1981 τὰς
569 1919 663 1971 ἐπὶ
681 1917 780 1986 τῆς
799 1917 1039 1987 κεφαλῆς
1061 1917 1274 1988 τρίχας,
1296 1912 1384 1980 αἷς
1407 1919 1549 1989 κομᾷ
1570 1919 1603 1986 ἡ
1634 1918 1793 1989 γυνὴ,

236 2011 318 2081 τὴν
342 2009 471 2064 αίδὼ
499 2009 595 2063 καὶ
621 2008 976 2079 σωφροσύνην
1005 2007 1094 2060 διὰ
1115 2010 1214 2078 τῆς
1236 2007 1330 2061 τοῦ
1358 2008 1569 2060 Παύλου
1607 2008 1797 2077 σοφίας

240 2099 750 2172 καταλαμϐάνεσθαι.
778 2100 910 2153 Οὐδὲ
938 2098 1047 2170 γὰρ
1073 2097 1239 2168 ἄλλην
1265 2100 1465 2169 πρέπει
1486 2099 1610 2154 τινὰ
1637 2099 1795 2164 δόξαν

242 2192 533 2261 νομίζεσθαι
573 2191 666 2244 ἐπὶ
709 2193 808 2256 τῆς
852 2189 1326 2260 ὲπαγγελλομένης
1356 2189 1667 2243 θεοσέϐειαν
1697 2190 1799 2259 ψυ-

245 2284 354 2354 χῆς,
380 2285 426 2336 εἰ
461 2282 536 2353 μὴ
565 2282 664 2353 τὴν
689 2280 823 2336 αἱδώ
857 2298 917 2334 τε
944 2282 1038 2334 καὶ
1063 2281 1162 2353 τὴν
1193 2280 1548 2352 σωφροσύνην
1565 2322 1580 2347 ,
1611 2282 1677 2352 ἢν
1705 2281 1798 2335 κό-

248 2391 340 2442 μην
358 2374 652 2444 ὠνόμασεν,
681 2373 747 2444 ἢν
768 2368 893 2425 ὅταν
929 2372 1004 2443 μὴ
1029 2372 1128 2445 ἔχῃ
1151 2413 1165 2438 ,
1195 2371 1546 2440 καταισχύνει
1574 2372 1673 2443 τὴν
1703 2390 1798 2425 κε-

246 2464 400 2534 φαλὴν
452 2465 618 2534 αὐτῆς
640 2505 655 2525 ,
707 2463 891 2528 καθώς
941 2480 1106 2533 φησιν
1158 2464 1187 2516 6
1248 2460 1587 2527 Ἀπόστολος.
1619 2464 1682 2516 Εί
1734 2463 1797 2534 δὴ

243 2556 394 2610 ταῦτα
423 2557 547 2629 περὶ
578 2557 688 2611 τῶν
715 2556 915 2629 τριχῶν
941 2556 970 2608 6
993 2554 1204 2619 Παῦλος
1226 2553 1605 2624 ἐφιλοσόφησε,
1637 2571 1800 2626 προσ-

242 2648 415 2711 ακτέον
438 2649 499 2702 ἂν
545 2649 632 2719 εἴη
671 2648 741 2702 τὰ
764 2644 1192 2710 τοῦἋποστόλου
1221 2648 1443 2719 ῥήματα
1485 2646 1563 2716 τῷ
1593 2646 1799 2716 ἐπαίνῳ

241 2740 331 2809 τῆς
362 2740 678 2810 Ἑκκλησίας
696 2780 711 2804 ,
740 2741 798 2794 ἐν
837 2738 915 2809 τῷ
942 2735 1070 2809 περὶ
1120 2738 1215 2792 τοῦ
1243 2740 1589 2810 τριχώματος
1635 2739 1797 2809 λόγῳ,

242 2830 374 2888 κατὰ
388 2829 481 2902 τὴν
501 2830 869 2902 προκειμένην
896 2829 1102 2901 φωνὴν,
1133 2830 1167 2900 ἥ
1204 2847 1368 2899 φησιν
1391 2847 1405 2863 ·
1430 2831 1515 2883 ὅτι
1536 2828 1802 2899 Τρίχωμά

241 2938 349 2975 σου
371 2962 386 2985 ,
421 2923 496 2988 ὠς
521 2922 732 2991 ἀγέλαι
772 2922 891 2977 τῶν
942 2920 1125 2990 αἰγῶν
1152 2961 1168 2986 ,
1197 2922 1257 2974 αἳ
1288 2922 1802 2990 ἀνεκαλύφοησαν

1966 1102 2207 1156 Primum
2254 1111 2435 1156 autem
2481 1100 2943 1155 considerandum
2990 1107 3097 1167 est,
3146 1115 3267 1169 quae
3315 1114 3485 1155 comae

1898 1203 2095 1249 nalura
2128 1195 2201 1248 sit
2236 1212 2248 1247 :
2286 1201 2450 1262 atque
2479 1192 2553 1246 ita
2588 1190 2787 1246 deinde
2814 1192 2934 1245 laus
2969 1191 3087 1245 hate
3118 1191 3479 1262 intelligetur,

1898 1302 2018 1357 qua:
2051 1302 2148 1356 per
2173 1300 2358 1340 comas
2393 1300 2609 1355 sponsae
2640 1283 2921 1338 tribuitur.
2972 1280 3239 1350 Capillum
3272 1281 3480 1337 Paulus

1900 1376 2098 1446 capitis
2144 1374 2429 1429 muliebris
2475 1374 2708 1445 gloriam
2741 1372 2996 1442 appellat,
3041 1377 3096 1424 et
3126 1385 3356 1424 .comam
3384 1386 3485 1441 pro
3540 1389 3545 1395 '

1904 1468 2206 1522 velamento
2238 1467 2450 1522 mulieri
2485 1467 2667 1520 datam
2696 1466 2854 1519 ait“.
2914 1464 3057 1521 Idem
3088 1463 3486 1519 verecundiam

1902 1567 1958 1613 et
2007 1560 2323 1629 pudicitiam
2377 1560 2740 1614 velamentum
2792 1556 3040 1612 mulieris
3095 1554 3297 1610 decens
3358 1569 3484 1609 esse

1904 1650 2087 1717 tradit,
2131 1650 2218 1704 his
2264 1650 2447 1705 verbis
2494 1665 2629 1704 usus
2669 1668 2682 1703 :
2721 1648 3176 1715 Quemadmodum
3219 1648 3362 1700 decet
3404 1646 3484 1715 [e-

1899 1743 2093 1805 miuas,
2141 1759 2257 1813 qua:
2305 1742 2609 1810 religiosam
2664 1757 2788 1810 erga
2844 1740 3010 1794 Deum
3062 1741 3308 1807 pietatem
3354 1754 3481 1807 pro-

1900 1835 2140 1903 ﬁtentur,
2193 1842 2248 1884 ut
2299 1847 2417 1884 cum
2466 1831 2775 1884 verecundia
2826 1839 2875 1884 et
2926 1830 3188 1899 pudicitia
3235 1845 3346 1883 sese
3391 1843 3480 1882 or-

1900 1933 2021 1979 nent
2048 1924 2115 1977 ".
2165 1923 2377 1989 Quibus
2404 1922 2458 1991 in
2489 1923 2672 1977 verbis
2707 1937 2804 1992 per
2831 1922 3060 1992 capillos
3094 1919 3313 1990 capitis,
3341 1934 3482 1989 quos

1899 2015 1995 2068 alit
2029 2014 2253 2075 femina,
2286 2014 2672 2069 verecundiam
2700 2021 2754 2067 et
2796 2012 3116 2082 pudicitiam
3163 2009 3480 2080 accipienda

1899 2119 2044 2171 esse,
2096 2104 2299 2158 Paulus
2338 2119 2439 2173 pro
2473 2103 2741 2174 sapientia
2794 2116 2893 2156 sua
2943 2101 3255 2172 signiﬁcare
3287 2100 3481 2155 voluit.

1899 2192 2011 2250 Nec
2039 2195 2186 2249 enim
2233 2194 2491 2249 convenit
2537 2193 2700 2247 aliam
2748 2190 3041 2262 quamdam
3090 2191 3320 2259 gloriam
3366 2196 3484 2243 sta-

1899 2292 2053 2339 tuere
2084 2286 2137 2339 in
2165 2286 2370 2349 anima,
2397 2299 2518 2354 quae
2542 2282 2853 2353 religiosam
2872 2296 3004 2352 erga
3027 2280 3196 2336 Deum
3223 2264 3483 2355 pietatem

1900 2380 2242 2451 proﬁteatur,
2267 2392 2428 2446 quam
2455 2374 2842 2431 verecundiam
2866 2384 2920 2431 ct
2947 2374 3287 2446 pudicitiam,
3311 2387 3485 2427 coma:

1899 2470 2266 2540 appellatione
2300 2468 2593 2522 indicatam
2631 2485 2645 2521 :
2674 2480 2780 2535 qua
2809 2466 2854 2521 si
2911 2472 3116 2531 careat,
3148 2465 3476 2521 dehonestat

1901 2570 2069 2631 caput
2099 2576 2285 2622 suum,
2321 2569 2382 2613 ut
2422 2559 2565 2613 idem
2616 2558 2912 2626 Apostolus
2956 2557 3220 2626 loquitur.
3268 2555 3381 2609 Hac
3416 2556 3486 2610 de

1900 2653 2113 2722 capillis
2147 2651 2517 2720 disputatione
2550 2648 2698 2702 Pauli
2745 2648 3110 2712 considerata,
3146 2645 3480 2701 conferenda

1898 2746 2002 2801 erit
2034 2744 2260 2799 omnino
2291 2742 2536 2813 Apostoli
2572 2740 2843 2796 sententia
2888 2755 3014 2794 cum
3069 2740 3173 2793 hac
3221 2738 3482 2793 Ecclesia:

1901 2836 2080 2901 laude,
2116 2851 2238 2905 qua:
2264 2834 2373 2890 illis
2406 2834 2591 2888 verbis
2629 2832 2780 2887 hisce
2806 2846 3018 2884 comam
3051 2829 3477 2899 praedicantibus

1900 2929 2185 2987 tribuitur:
2227 2927 2407 2981 Coma:
2442 2936 2547 2981 tum
2604 2924 2744 2979 velut
2791 2940 2967 2994 greges
3019 2939 3327 2991 caprarum,
3368 2938 3485 2991 qua

241 3013 353 3066 ἀπὸ
382 3015 480 3069 τοῦ
501 3014 771 3069 Γαλιιάδ.
796 3014 892 3067 Διὰ
930 3014 1134 3068 τούτων
1161 3016 1269 3085 γὰρ
1291 3014 1388 3084 τὴν
1421 3013 1673 3084 ἐνάρετον
1705 3029 1801 3065 πο-

1910 3021 2151 3075 revelatte
2196 3027 2317 3074 sunt
2352 3020 2415 3073 de
2445 3027 2619 3073 monte
2657 3015 2887 3069 Galaad.
2933 3013 3069 3067 Nam
3102 3030 3197 3082 per
3232 3014 3347 3067 haec
3375 3014 3486 3065 vir-

241 3101 429 3156 λιτείαν
470 3105 527 3158 ὲν
552 3105 759 3175 ἐπαίνῳ
790 3107 1023 3158 ποιεῖται
1073 3106 1101 3156 ὁ
1139 3103 1331 3171 Λόγος.
1379 3102 1537 3156 Ἀλλὰ
1583 3103 1803 3155 κάκεῖνο

243 3197 492 3266 προςήκει
516 3197 877 3269 προστεθῆναι
915 3196 987 3266 τῷ
1015 3196 1158 3267 λόγῳ
1180 3195 1257 3266 τῷ
1292 3195 1422 3267 περὶ
1447 3194 1555 3249 τῶν
1578 3194 1800 3266 τριχῶν,

240 3286 315 3338 ὅτι
341 3287 507 3357 πάσης
536 3288 844 3358 αἰσθήσεως
891 3287 1126 3357 ζωτικῆς
1166 3286 1485 3355 ἀμοιροῦσιν
1516 3288 1570 3338 αἱ
1612 3286 1800 3356 κόμαι.

242 3378 314 3429 Οὐ
349 3379 527 3448 μικρὸν
572 3379 681 3450 γὰρ
719 3380 799 3441 εἰς
828 3376 1129 3447 ἐπαύξησιν
1162 3376 1453 3446 ἐγκωμίων
1500 3377 1596 3429 καὶ
1624 3374 1803 3438 τοῦτο,

242 3468 299 3521 τὸ
331 3472 457 3541 μήτε
479 3472 638 3525 πόνου
660 3509 675 3534 ,
709 3472 845 3541 μήτε
871 3468 1063 3539 ἡδονῆς
1092 3467 1340 3536 αἴσθησιν
1387 3466 1445 3519 ὲν
1479 3467 1597 3529 ταῖς
1631 3464 1805 3536 θριξὶν

244 3557 394 3616 εἶναι.
417 3564 485 3616 Τὸ
512 3564 611 3633 μὲν
642 3561 752 3632 γὰρ
783 3561 943 3631 σῶμα
968 3600 984 3623 ,
1022 3560 1144 3612 ὅθεν
1190 3558 1483 3627 ἐκφύονται
1507 3597 1522 3621 ,
1555 3557 1806 3611 όδυνᾶται

243 3655 686 3725 παρατιλλόμενον
711 3669 726 3683 ·
761 3653 899 3723 αὐτὴ
930 3652 987 3705 δὲ
1023 3654 1056 3722 ἡ
1110 3650 1266 3722 θρὶξ,
1305 3649 1428 3703 οὔτε
1458 3650 1507 3703 εί
1534 3649 1806 3718 τέμνοιτο,

240 3747 358 3801 οὔτε
387 3752 432 3803 εί
460 3750 731 3819 φλέγοιτο,
768 3746 892 3801 οὔτε
918 3748 967 3799 εἰ
1003 3746 1090 3800 διά
1118 3762 1263 3807 τινος
1294 3743 1672 3815 κωμμωτικῆς
1697 3744 1811 3795 ἐπι-

246 3837 450 3905 μελείας
489 3838 894 3893 καταλεαίνοιτο
914 3877 928 3899 ,
956 3837 1035 3908 τῷ
1064 3836 1334 3907 γινομένῳ
1366 3834 1619 3904 αἴσθησιν
1663 3834 1811 3912 δέχε-

243 3946 345 3984 ται.
375 3931 444 3984 Τὸ
474 3932 529 3984 δὲ
559 3932 809 4003 ἀμοιρεῖν
836 3931 936 4000 τῆς
964 3929 1270 4000 αἰσθήσεως
1293 3928 1402 3981 τῶν
1429 3927 1640 3998 νεκρῶν
1661 3927 1810 3978 ἐστιν

247 4021 389 4076 [διον.
429 4023 635 4077 Οὐκοῦν
666 4024 696 4076 6
748 4022 1015 4093 μηδεμίαν
1054 4020 1159 4073 τῶν
1211 4022 1269 4073 ὲν
1310 4020 1389 4091 τῷ
1421 4019 1613 4089 κόσμῳ
1636 4014 1811 4087 τούτῳ

242 4115 682 4186 σπουδαζομένων
728 4113 1168 4185 παραδεχόμενος
1201 4111 1452 4182 αἴσθησιν
1477 4150 1493 4173 ,
1543 4110 1678 4181 μήτε
1707 4107 1814 4177 ὑπὸ

236 4204 390 4276 δόξης
423 4224 483 4259 τε
514 4207 608 4260 καὶ
634 4205 800 4276 τιμῆς
850 4204 1273 4275 ὲξογκούμενος,
1304 4206 1442 4276 μήτε
1488 4203 1555 4257 δι’
1602 4200 1812 4273 ὕϐρεώς

232 4308 288 4345 τε
318 4296 413 4348 καὶ
444 4295 673 4365 ἀτιμίας
696 4293 962 4377 ἀλγεινῶς
988 4292 1391 4364 διατιθέμενοςο
1420 4292 1534 4346 ἀλλ’
1560 4294 1618 4346 ἐν
1641 4291 1812 4361 ὁμοίῳ

1908 3111 2006 3165 tuti
2066 3117 2434 3165 consentanea
2494 3105 2706 3161 vivendi
2763 3105 2903 3159 ratio
2957 3103 3229 3157 laudatur.
3296 3101 3488 3168 Quan-

1905 3217 2069 3273 quam
2109 3210 2164 3255 et
2204 3201 2309 3255 hoc
2355 3200 2479 3254 addi
2532 3200 2598 3252 ad
2641 3199 2755 3253 hinc
2805 3196 2870 3251 de
2918 3195 3130 3265 capillis
3165 3194 3328 3247 verba
3364 3207 3493 3246 con-

1905 3295 2072 3358 venit,
2134 3293 2395 3346 nimirum
2454 3304 2642 3345 comas
2694 3288 2875 3343 omnis
2915 3286 3098 3340 vitalis
3148 3298 3347 3339 sensus
3389 3298 3479 3359 ev-

1906 3392 2088 3456 pertes
2115 3399 2259 3440 esse.
2312 3381 2422 3437 Nec
2450 3381 2597 3436 enim
2630 3394 2823 3451 parum
2863 3377 2967 3432 hoc
3014 3381 3176 3445 auget
3217 3373 3487 3435 encomia,

1907 3478 2053 3547 quod
2089 3476 2143 3529 in
2178 3474 2394 3545 capillis
2432 3487 2608 3542 neque
2650 3471 2932 3531 molestiae,
2979 3482 3157 3537 neque
3190 3466 3488 3535 voluptatis

1911 3567 2051 3625 ullus
2080 3557 2277 3621 sensus
2307 3566 2555 3620 exsistat.
2593 3562 2807 3631 Corpus
2839 3560 3060 3630 quidem
3104 3559 3306 3626 ipsum,
3346 3556 3491 3611 unde

1908 3666 2235 3719 nascuntur,
2288 3657 2333 3711 si
2381 3656 2665 3709 vellicetur
2696 3654 2938 3706 dolorem
2986 3650 3219 3720 percipit
3251 3667 3264 3701 :
3296 3662 3486 3700 verum

1908 3750 2137 3820 capillus
2173 3750 2289 3817 ipse
2318 3762 2493 3815 neque
2525 3747 2572 3800 si
2603 3751 2909 3808 resecetur,
2934 3754 3112 3810 neque
3135 3739 3179 3792 si
3204 3745 3489 3802 exuratur,

1909 3857 2085 3912 neque
2115 3841 2160 3896 si
2194 3855 2292 3910 per
2323 3838 2561 3908 aliquam
2593 3834 2825 3891 ornandi
2859 3832 3110 3901 corporis
3139 3843 3328 3883 curam
3365 3827 3495 3882 levi-

1912 3944 2086 4007 getur,
2131 3931 2427 4002 quidquam
2456 3943 2670 3991 eorum,
2708 3942 2830 3997 quae
2875 3924 3013 3979 ﬁunt
3056 3920 3244 3977 sentit.
3291 3918 3495 3975 Carere

1910 4034 2088 4080 autem
2125 4038 2313 4085 sensu,
2362 4021 2594 4075 mortuis
2638 4027 2723 4074 est
2776 4016 3074 4088 peculiare.
3127 4011 3492 4079 Quamobrem

1911 4120 2225 4189 quicunque.
2252 4115 2390 4169 nihil
2420 4128 2632 4175 eorum,
2677 4126 2799 4182 qua:
2830 4110 2884 4163 in
2938 4098 3042 4162 hoc
3071 4106 3278 4161 mundo
3311 4101 3493 4173 magni

1912 4212 2278 4271 mstimantur,
2306 4208 2498 4274 sentit;
2529 4221 2706 4275 neque
2732 4211 2956 4275 propter
2980 4200 3206 4271 gloriam
3232 4204 3287 4252 et
3319 4195 3493 4249 hono-

1915 4320 2027 4359 rem
2076 4302 2221 4358 fastu
2274 4299 2509 4371 quodam
2566 4300 2767 4362 elatus,
2818 4309 2996 4365 neque
3044 4292 3115 4347 ob
3165 4288 3400 4359 injurias
3440 4293 3497 4342 et

230 4386 354 4439 καθ’
379 4386 639 4457 ἑκάτερον
664 4386 774 4439 τῶν
803 4386 1060 4439 ἐναντίων
1086 4385 1278 4438 ἑαυτὸν
1303 4385 1594 4453 φυλάσσων
1613 4401 1626 4414 ’
1657 4378 1807 4447 οὗτός

1916 4394 2269 4462 ignominiam
2297 4392 2511 4455 dolens,
2543 4390 2640 4446 sed
2687 4391 2740 4443 in
2776 4396 3011 4457 utroque
3055 4385 3254 4438 horum
3302 4379 3496 4435 adver-

233 4475 378 4529 ὲςτιν
405 4480 439 4549 ἡ
479 4476 846 4548 ἐπαινουμένη
891 4478 990 4547 τῆς
1018 4476 1237 4547 νύμφης
1268 4476 1412 4546 κόμη
1433 4516 1447 4538 ,
1497 4476 1689 4545 νεκρὸς
1715 4476 1808 4529 ἆν-

233 4580 421 4641 τικρυς
453 4569 551 4622 καὶ
584 4568 841 4639 ἀκίνητος
877 4569 1015 4639 πρὸς
1045 4569 1113 4621 τὰ
1143 4568 1237 4621 τοῦ
1284 4567 1492 4638 κόσμου
1524 4567 1812 4636 γενόμενος

236 4658 556 4731 πράγματα,
584 4660 696 4713 εἴτε
721 4660 893 4723 οὕτως
917 4701 931 4720 .
962 4659 1072 4712 εἴτε
1095 4659 1170 4723 ὠς
1201 4659 1404 4730 ἑτέρως
1427 4658 1560 4727 ἔχοι.

310 4938 373 4991 Ei
398 4938 455 4992 δὲ
477 4939 539 4991 τὸ
565 4936 950 5006 πλεονέκτημα
995 4935 1103 4988 τῶν
1151 4933 1354 5006 τριχῶν
1402 4932 1622 5001 ἀγέλαις
1646 4932 1817 5002 αἰγῶν

247 5028 642 5100 παραϐάλλεται
668 5068 682 5088 ,
717 5030 838 5090 ταῖς
888 5027 995 5080 ἀπ’)
1031 5024 1126 5079 τοῦ
1156 5025 1371 5078 Γαλαὰδ
1414 5023 1851 5093 ἀνακαλυφθεί-ί

247 5134 364 5184 ταις
382 5137 396 5151 ⁸
423 5121 459 5174 ἀ
491 5122 592 5192 μὲν
615 5119 722 5191 χρὴ
747 5120 815 5172 δι’
837 5118 1123 5191 ἀκριϐείας
1150 5118 1276 5190 περὶ
1301 5117 1505 5171 τούτων
1531 5114 1823 5185 γινώσκειν

245 5208 394 5264 οὔπω
425 5210 753 5265 καταλαϐεῖν
788 5210 1135 5279 ἠδυνήθημεν
1160 5224 1177 5240 θ
1207 5206 1581 5277 στοχαζόμεθα
1614 5206 1692 5267 δὲ.
1716 5207 1819 5259 θὸτι

244 5296 428 5373 ὥσπερ
452 5302 523 5354 τὰ
549 5301 683 5368 ξύλα
708 5300 804 5354 τοῦ
828 5298 1063 5353 Λιϐάνου
1102 5301 1181 5361 εἰς
1202 5298 1404 5371 χρυσόν
1431 5314 1491 5351 τε
1533 5297 1628 5350 καὶ⁵
1647 5297 1820 5369 ἀργυ-

245 5404 340 5457 ρον
360 5394 453 5447 καὶ
487 5392 775 5465 πορφύραν
809 5392 1207 5463 μεταποιήσας,
1248 5392 1462 5462 φορεῖον
1499 5391 1527 5442 6
1569 5388 1821 5459 βασιλεὺς

237 5488 647 5544 ³ιιιτεσκεύασεν
676 5488 855 5561 ἑαυτῷ
883 5504 897 5518 ο
926 5487 1102 5551 οὕτως
1134 5483 1273 5542 οἶδεν
1307 5490 1337 5541 6
1370 5488 1573 5559 ποιμὴν
1598 5488 1627 5542 6
1658 5486 1823 5550 καλὸς

228 5582 417 5652 una»
440 5582 644 5651 ἀγέλας
669 5581 1003 5651 παραλαϐεῖν
1026 5581 1120 5634 καὶ
1145 5582 1225 5643 εἰς
1249 5580 1471 5652 ποίμνια
1501 5579 1822 5651 μεταϐαλεῖν

314 5762 409 5843 “i
450 5762 578 5821 Cor.
628 5778 709 5829 ιι,
747 5762 814 5817 15
908 5764 953 5796 ⁸⁸
988 5759 1268 5816 l'l'imoth.
1317 5775 1376 5827 ιι,
1416 5760 1469 5812 9.

1916 4486 2152 4540 santium
2196 4484 2299 4539 sibi
2347 4485 2459 4552 pati
2506 4481 2741 4552 quadam
2784 4479 3002 4533 ratione
3046 4478 3220 4530 semet
3264 4485 3517 4525 conser~

1915 4592 2086 4642 vans;
2122 4576 2168 4630 is
2200 4588 2330 4628 vero
2361 4581 2445 4628 est
2474 4573 2588 4627 haec
2621 4584 2836 4641 sponsa:
2872 4580 3028 4621 coma
3065 4570 3355 4631 tant0pere
3378 4560 3501 4612 lau-

1917 4668 2065 4731 data,
2097 4666 2257 4736 plane
2282 4664 2484 4719 mortui
2518 4662 2760 4717 hominis
2787 4669 2840 4715 et
2883 4655 3182 4713 immobilis
3207 4652 3280 4729 ad
3307 4648 3500 4705 mundi

1919 4761 2134 4833 negotia
2163 4759 2402 4829 speciem
2443 4771 2554 4827 pra:
2584 4770 2643 4811 se
2674 4752 2879 4815 ferens,
2907 4761 3240 4821 quocunoue
3279 4743 3498 4800 tandem

1915 4861 2080 4926 pacto
2108 4868 2196 4907 res
2224 4850 2400 4920 ipsius
2434 4853 2770 4916 comparatae
2800 4844 2932 4898 sint.

1985 4945 2140 5013 Quod
2185 4951 2364 4998 autem
2407 4940 2728 5009 capillorum
2772 4935 2975 4991 eximia
3010 4928 3361 5003 pulchritudo
3404 4939 3501 4982 ca‘

1917 5047 2140 5105 prarum
2170 5031 2236 5084 ad
2273 5043 2463 5101 greges
2492 5027 2561 5081 de
2587 5024 2792 5080 Galaad
2821 5023 3089 5078 revelatos
3126 5024 3498 5088 comparetur,

1922 5125 1988 5180 de
2037 5125 2140 5179 hoc
2190 5122 2320 5193 quid
2374 5129 2628 5176 accurate
2679 5115 3031 5174 statuendum
3083 5113 3199 5176 sit,
3246 5108 3497 5179 equidem

1924 5216 2100 5271 adhuc
2131 5216 2416 5285 percipere
2442 5225 2552 5266 non
2582 5209 2767 5281 potui:
2802 5205 3009 5261 utimur
3041 5210 3222 5259 tamen
3248 5199 3352 5252 hac
3373 5210 3505 5251 con-

1921 5308 2156 5376 jectura,
2199 5306 2343 5377 quod
2377 5300 2839 5376 quemadmodum
2883 5296 2951 5352 de
2993 5292 3188 5348 Libani
3237 5288 3403 5361 lignis
3446 5286 3503 5339 in

1927 5414 2146 5463 aurum,
2176 5404 2485 5468 argentum,
2504 5406 2803 5465 purpuram
2848 5384 3205 5445 commutatis
3223 5378 3501 5435 ferculum

1926 5491 2029 5547 sibi
2061 5506 2156 5545 rex
2201 5487 2545 5544 confecerit:
2578 5486 2657 5541 sic
2702 5481 3003 5554 praeclarus
3048 5477 3141 5532 ille
3172 5477 3381 5544 pastor,
3409 5478 3505 5554 ac-

1931 5579 2103 5651 ceptis
2130 5593 2417 5649 caprarum
2462 5552 2740 5647 gregibus,
2772 5567 2988 5627 noverit
3022 5562 3253 5637 caprilia
3299 5552 3500 5612 montis
