3948 6192
506 311 618 365 925

1715 310 1773 365 s.
1809 302 2138 366 caecos"
2170 301 2467 358 nvssm
3597 324 3685 378 ,ἓν

507 423 710 480 Galaad
736 421 794 479 in
816 423 978 478 ovilia
1009 430 1366 479 commutare.
1405 424 1584 492 Atque
1610 422 1715 478 hoc
1743 423 1913 478 exteri
1942 435 2089 474 mon-

2201 419 2261 472 τά
2287 419 2507 472 αἰπόλια
2550 419 2641 472 τοῦ
2670 419 2880 473 Γαλαὰδ
2904 421 3083 492 ὄρους.
3129 424 3428 494 Ἀλλοφύλου
3466 431 3514 485 δέ
3551 436 3679 506 ὅρους

507 514 579 570 tis
608 527 808 567 nomen
839 520 946 572 est,
976 513 1069 582 qui
1101 512 1331 582 gratiam
1381 511 1541 565 talem
1584 513 1808 578 revelat,
1839 520 1896 564 ut
1927 511 1961 564 ii
1992 511 2084 579 qui

505 622 572 660 ex
599 605 851 675 gentibus
883 605 1207 675 praclarum
1243 604 1394 658 illum
1427 614 1700 674 pastorem
1728 604 1899 658 secuti
1932 609 2082 663 sunt,

506 698 562 750 in
593 703 790 752 ornatu
823 711 1038 765 sponsa:
1081 695 1407 764 capillorum
1456 696 1679 751 nomine
1731 702 2084 750 censeantur.

505 789 571 842 Et
608 803 706 857 per
750 787 979 857 capillos
1023 786 1363 856 pudicitiam,
1401 797 1456 841 et
1492 786 1779 856 pudorem,
1824 798 1892 841 et
1913 785 2086 840 conti~

507 879 773 942 nentiam,
807 887 864 934 ct
900 878 1377 933 mortiﬁcationem
1407 878 1657 948 corporis
1697 877 1949 948 intelligi,
1975 877 2089 946 jam

507 981 633 1026 ante
662 971 1000 1027 declaratum
1037 979 1142 1026 est.
1182 969 1462 1025 Fortassis
1487 980 1542 1026 et
1576 970 1724 1027 Elias
1755 970 1961 1040 aliquid
1994 985 2093 1024 no-

509 1063 595 1118 bis
636 1063 704 1117 ad
752 1063 891 1117 hanc
933 1077 1220 1133 caprarum
1274 1061 1769 1119 considerationem
1821 1063 2090 1126 conferet,

507 1154 600 1224 qui
631 1155 794 1225 longo
825 1163 1067 1224 tempore
1097 1163 1346 1209 versatus
1392 1155 1446 1209 in
1481 1163 1662 1210 monte
1691 1154 1923 1220 Galaad,
1958 1155 2095 1209 insi-

515 1245 642 1315 gnia
690 1246 816 1300 vita:
859 1246 1193 1301 continentis
1256 1247 1504 1316 exempla
1555 1247 1787 1316 praebuit
1849 1265 1860 1299 :
1916 1245 2094 1299 forma

2187 511 2358 581 ὄνομα
2382 511 2541 564 τοῦτο
2564 511 2658 564 τοῦ
2681 513 2780 582 τὴν
2804 513 3056 582 τοιαύτην
3083 515 3237 585 χάριν
3259 518 3684 593 ἀνακαλύπτοντος,

2187 603 2326 656 ὥστε
2358 605 2484 666 τοὺς
2511 603 2570 668 ἐξ
2596 602 2766 656 ἐθνῶν
2807 603 2882 675 τῷ
2919 605 3070 675 καλῷ
3117 610 3324 678 ποιμένι
3349 611 3686 686 ἀκολουθήσανο

2188 712 2285 757 τας
2323 697 2401 757 είς
2428 695 2488 748 τὸ
2516 696 2765 767 τρίχωμα
2795 697 3114 768 σοντελῆσαι
3145 700 3233 751 τοῦ
3261 703 3354 770 τῆς
3378 702 3570 774 νύμφης
3595 711 3690 762 κάλ.

2189 785 2314 849 λους
2336 802 2350 815 ο
2399 787 2467 839 δι’
2497 780 2571 841 ὧν
2609 788 2930 858 σωφροσύνη
2973 806 3032 842 τε
3069 791 3162 842 καὶ
3202 791 3381 856 αἰδὼς.
3412 796 3495 847 καὶ
3533 799 3691 869 ἐγκρά-

2189 896 2328 943 τεια,
2362 880 2457 934 καὶ
2481 882 2514 950 ἡ
2544 879 2638 932 τοῦ
2671 883 2921 950 σώματος
2949 882 3214 952 νέκρωσις
3240 885 3373 936 κατὰ
3396 886 3477 937 τὸν
3500 888 3694 957 προθεω·

2194 969 2424 1041 ρηθέντα
2449 969 2605 1038 λόγον
2641 971 3076 1042 διασημαίνεται.
3117 975 3185 1026 Ἦ
3227 975 3361 1044 τάχα
3394 978 3696 1046 συμϐάλλεταί

2191 1079 2253 1115 τε
2312 1063 2445 1133 πρὸς
2486 1063 2584 1134 τὴν
2634 1063 2741 1117 τῶν
2781 1063 2951 1131 αἰγῶν
2983 1065 3216 1137 θεωρίαν
3248 1069 3338 1120 καὶ
3368 1070 3395 1119 ὁ
3426 1068 3612 1131 Ἠλίας,
3640 1071 3698 1141 τῷ

2194 1153 2310 1224 ὀρει
2333 1152 2412 1223 τῷ
2445 1153 2654 1207 Γαλαὰδ
2680 1153 3118 1224 ἐμφιλοσοφήσας
3146 1157 3333 1228 χρόνον
3360 1159 3530 1221 πολὺν,
3552 1160 3601 1224 ὃς
3623 1164 3701 1230 μά-

2194 1244 2352 1296 λιστα
2371 1243 2464 1296 τοῦ
2500 1247 2617 1297 κατ’
2645 1247 2969 1316 ἐγκράτειαν
2995 1247 3341 1317 καθηγήσατο
3365 1249 3472 1318 βίου
3494 1291 3506 1313 ,
3535 1253 3702 1322 αὐχμη-

509 1337 815 1406 squalidus,
848 1339 1064 1408 capillis
1109 1339 1392 1403 hirsutus,
1449 1354 1545 1409 pro
1582 1348 1733 1393 veste
1766 1338 1914 1392 molli
1958 1337 2096 1407 pelle

2201 1335 2290 1407 ρος
2319 1335 2380 1388 τὸ
2403 1331 2540 1399 εἶδος
2559 1377 2574 1400 ,
2612 1337 2780 1401 δασὺς
2805 1339 2905 1408 τὴν
2933 1341 3096 1409 τρίχα
3114 1379 3129 1401 ,
3171 1341 3292 1393 ἀντὶ
3340 1342 3566 1411 μαλακῆς
3592 1360 3704 1406 τινος

515 1442 695 1497 ωριτε
737 1437 933 1482 tectus.
989 1427 1172 1498 Itaque
1218 1444 1432 1493 omnes,
1474 1437 1742 1498 quotquot
1797 1428 1865 1482 ad
1914 1441 2096 1482 exem-

2201 1427 2423 1498 ἐσθῆτος
2469 1428 2698 1499 δέρματι
2738 1431 2891 1498 αἰγὸς
2945 1430 3368 1498 σκεπαςόμενος.
3408 1433 3591 1496 Πάντες
3633 1431 3706 1488 οὖν

511 1521 658 1590 plum
695 1521 973 1590 prepheta:
1005 1521 1153 1575 illius
1179 1521 1346 1574 vitam
1377 1537 1531 1576 suam
1569 1521 1885 1583 instituunt,
1928 1533 2097 1573 orna-

511 1623 752 1670 mentum
805 1611 1063 1668 Ecclesiae
1116 1613 1273 1676 ﬁunt,
1323 1613 1588 1684 gregatim
1652 1612 1789 1682 (qui
1854 1611 2099 1680 philoso-

513 1703 716 1773 phandi
746 1719 868 1758 mos
903 1705 1005 1758 hoc
1035 1712 1281 1775 tempore
1311 1706 1365 1758 in
1399 1721 1504 1760 usu
1530 1719 1652 1759 esse
1677 1703 1880 1774 coepit)
1930 1703 2101 1756 virtu-

511 1805 619 1850 tem
649 1795 702 1850 in
732 1797 1153 1851 conversatione
1183 1805 1372 1851 mutua
1407 1796 1671 1852 colentes.
1701 1794 1821 1850 Jam
1855 1794 2001 1864 quod
2030 1793 2097 1848 de

511 1890 713 1944 Galaad
744 1890 1062 1960 hujusmodi
1101 1907 1292 1963 greges
1320 1892 1653 1952 revelentur,
1685 1889 1737 1942 id
1764 1904 1892 1944 vero
1926 1888 2094 1941 mira—

513 1982 700 2036 culum
758 1983 937 2051 ipsum
991 1990 1198 2052 auget:
1255 1983 1512 2036 nimirum
1562 1980 1705 2052 quod
1759 1996 1824 2034 ex
1878 1979 2096 2033 etlmica

511 2071 622 2125 vita
652 2071 718 2125 ad
749 2073 1269 2127 commentationem
1297 2087 1437 2126 vera:
1467 2072 1533 2126 de
1579 2071 1686 2124 Deo
1713 2070 1980 2124 doctrinae
2007 2084 2098 2122 ac-

513 2162 864 2215 cesserimus.
919 2159 1031 2215 Nec
1069 2161 1216 2215 enim
1257 2176 1288 2214 a
1337 2159 1471 2215 Sion
1523 2168 1708 2215 monte
1753 2167 1944 2213 sancto
1976 2160 2097 2228 ejus

513 2251 718 2320 factum
751 2259 835 2306 est
867 2249 1185 2320 hujusmodi
1217 2252 1340 2306 vita:
1370 2251 1608 2318 initium,
1643 2251 1735 2304 sed
1774 2249 1991 2303 addicta
2021 2251 2097 2304 si-

516 2317 771 2396 inulacris
800 2344 951 2395 natio
976 2349 1264 2412 tantopere
1295 2343 1461 2396 vitam
1495 2357 1648 2396 suam
1678 2341 2009 2405 immutavit,
2038 2351 2098 2396 ut

512 2432 792 2500 praeclaris
821 2432 1116 2489 virtutibus
1151 2449 1369 2504 sponsa:
1400 2443 1563 2502 caput
1597 2441 1845 2488 exornet.
1884 2432 2097 2488 Secun-

513 2521 643 2574 dum
685 2522 800 2577 haec
852 2524 909 2577 in
947 2524 1220 2579 laudando
1250 2540 1575 2596 progressus
1623 2525 1690 2578 ad
1731 2526 1920 2580 dentes
1976 2541 2099 2581 sese

513 2611 750 2678 confert,
801 2614 916 2668 oris
967 2630 1031 2670 ac
1081 2616 1354 2670 labiorum
1405 2615 1674 2670 encomiis
1726 2617 1950 2671 omissis
1991 2636 2004 2670 :
2043 2616 2096 2671 id

516 2705 663 2774 quod
693 2706 916 2762 minime
941 2708 1358 2778 relinquendum
1387 2710 1546 2764 nobis
1577 2718 1662 2764 est
1692 2726 1800 2764 non
1831 2709 2097 2780 pervesti-

518 2806 728 2865 gatum.
778 2796 888 2852 Cur
923 2800 1139 2855 tandem
1185 2802 1240 2855 in
1286 2802 1387 2855 hac
1416 2802 1876 2856 commentatione
1904 2801 2096 2858 dentes

516 2887 680 2942 labiis
713 2892 1164 2960 anteponuntur?
1209 2891 1466 2946 Fortasse
1496 2893 1621 2961 quis
1665 2893 1887 2958 dixerit,
1918 2893 1972 2946 in
2003 2891 2099 2948 de-

516 2982 914 3035 monstratione
945 2982 1372 3052 pulchritudinis
1402 2984 1757 3053 elegantioris
1787 2984 1951 3038 etiam
1983 2983 2097 3039 oris

2198 1521 2250 1573 οἱ
2270 1520 2409 1573 κατά
2439 1521 2528 1573 τόν
2569 1523 2851 1592 προφήτην
2890 1523 3094 1575 ἐκεῖνον
3120 1523 3212 1575 τὸν
3241 1525 3411 1577 αὐτῶν
3437 1527 3706 1596 κατορθοῦν-

2201 1630 2290 1676 τες
2325 1613 2456 1682 βίον,
2486 1613 2689 1683 κόσμος
2713 1613 2951 1681 γίνονται
2977 1613 3076 1684 τῆς
3105 1614 3426 1684 Ἐκκλησίας
3443 1656 3455 1676 ,
3477 1615 3708 1686 ἀγεληδὸν,

2204 1703 2342 1757 κατά
2369 1703 2458 1755 τὸν
2487 1703 2580 1756 νῦν
2630 1703 3024 1773 ἐπικρατοῦντα
3049 1701 3167 1772 ¹τῆς
3203 1706 3505 1775 φιλοσοφίας
3532 1708 3709 1778 τρόπον.

2203 1795 2320 1864 μετ’
2342 1794 2584 1864 ἀλλήλων
2610 1793 2707 1864 τὴν
2734 1794 2932 1863 ἀρετὴν
2983 1795 3359 1859 ἐκπονοῦντες.
3375 1799 3443 1850 Τὸ
3468 1798 3518 1850 δὲ
3543 1799 3712 1852 Γαλαὰδ

2195 1886 2294 1948 τάς
2341 1885 2592 1948 τοιαύτας
2641 1885 3088 1953 ἀποκαλυφθῆναι
3147 1885 3383 1953 ἀγέλας,
3422 1887 3618 1956 μείζονα
3644 1887 3713 1940 τοῦ

2197 1975 2470 2046 θαύματος
2498 1974 2596 2044 τὴν
2622 1973 2924 2044 ὑπερϐολὴν
2951 1973 3083 2044 ἔχει,
3100 1974 3179 2027 ’ὁτι
3214 1975 3277 2028 ὲκ
3296 1975 3387 2028 τοῦ
3413 1976 3604 2029 ἐθνικοῦ
3628 1976 3713 2056 βίον

2197 2068 2420 2137 γέγονεν
2464 2069 2594 2137 ἡμῖν
2620 2068 2653 2136 ἡ
2683 2065 2819 2136 πρὸς
2847 2066 2946 2136 τὴν
2978 2065 3123 2119 κατά
3164 2067 3299 2120 Θεὸν
3335 2067 3623 2136 φιλοσοφίαν
3646 2085 3717 2137 με·

2197 2159 2476 2222 τάστασις.
2510 2157 2585 2209 Ού
2633 2157 2740 2226 γάρ
2774 2155 2909 2208 Σιὼν
2961 2157 3088 2226 ὅρος
3143 2157 3208 2210 τὸ
3259 2158 3408 2225 ἅγιον
3454 2157 3600 2211 αὐτοῦ
3641 2157 3717 2226 τῆς

2195 2250 2452 2320 τοιαύτης
2485 2249 2833 2318 καθηγήσατο
2866 2247 3136 2310 πολιτείας
3156 2265 3170 2278 ⁸
3211 2249 3344 2302 ἀλλά
3380 2250 3438 2303 τὸ
3467 2251 3568 2312 τοῖς
3591 2248 3718 2301 εἰδὼ-

2195 2342 2307 2405 λοις
2355 2339 2710 2410 ἀνακείμενον
2761 2338 2913 2402 ἔθνος
2942 2341 3021 2401 εις
3049 2340 3323 2411 τοσαύτην
3374 2337 3497 2411 ἦλθε
3522 2340 3601 2392 τοῦ
3631 2340 3717 2408 βίον

2200 2431 2562 2501 μετάστασιν,
2597 2428 2736 2482 ὥστε
2772 2429 2870 2499 τὴν
2903 2428 3146 2498 κεφαλὴν
3195 2431 3466 2500 κοσμῆσαι
3501 2431 3588 2500 τῆς
3615 2430 3723 2499 νύμ-

2197 2540 2304 2592 φης
2332 2523 2447 2584 τοῖς
2471 2523 2591 2574 κατ’
2631 2521 2833 2592 ἀρετὴν
2860 2522 3298 2591 προτερήμασιν.
3328 2518 3454 2575 Εἶτα
3481 2526 3592 2583 τοὺς
3612 2521 3723 2572 ὀδόν-

2194 2625 2292 2672 τας
2329 2611 2394 2679 τῇ
2422 2607 2710 2679 ἀκολουθίᾳ
2765 2607 2870 2661 τῶν
2908 2609 3148 2663 ἐπαίνων
3194 2614 3225 2664 ὀ
3251 2612 3418 2680 Λόγος
3468 2610 3722 2682 προτίθησι,

2197 2697 2571 2769 παραδραμὼν
2596 2697 2688 2750 τοῦ
2740 2699 3006 2769 στόματός
3052 2719 3111 2755 τε
3165 2702 3403 2755 καὶτῶν
3448 2701 3642 2772 χειλέων
3674 2699 3724 2751 1'1

2196 2789 2466 2860 ἐγκώμια.
2521 2788 2699 2860 Ὅπερ
2740 2790 2887 2856 άξιον
2916 2792 2991 2863 μὴ
3031 2793 3282 2865 παριδεῖν
3314 2795 3652 2858 ἀνεξέταστον.
3678 2789 3726 2843 Τί

2194 2881 2257 2952 δή
2283 2899 2417 2936 ποτε
2443 2881 2551 2936 τῶν
2579 2881 2802 2952 χειλέων
2828 2885 2878 2936 οἱ
2904 2884 3115 2948 ὀδόντες
3148 2887 3213 2939 ἐν
3243 2889 3356 2948 τοῖς
3389 2887 3608 2948 ἐπαίνοις
3630 2900 3729 2953 προ·

2194 2972 2466 3039 τίθενται;
2495 2973 2648 3044 Τάχα
2686 2972 2784 3042 μὲν
2809 2968 2902 3026 οὖν
2952 2976 3095 3027 είποι
3145 2994 3234 3040 τις
3266 2976 3333 3030 ἂν
3363 2975 3731 3047 γλαφυρώτερον

516 3071 690 3125 risum
733 3087 828 3140 per
871 3072 1115 3126 dentium
1161 3073 1585 3141 descriptionem
1625 3075 1788 3128 tacite
1839 3073 2091 3128 indicari.

2201 3064 2257 3118 τὸ
2286 3064 2481 3128 κάλλος
2509 3063 2680 3129 δεῖξαι
2710 3064 3029 3136 βουλόμενος
3047 3109 3061 3132 ,
3095 3067 3365 3138 μειδίαμα
3400 3069 3638 3137 στόματος
3663 3066 3729 3118 διὰ

518 3160 634 3229 Ego
670 3176 796 3214 vero
842 3163 1141 3230 respiciens
1171 3162 1301 3227 alio,
1345 3163 1590 3218 dentium
1625 3166 2092 3234 pulchritudinem

518 3253 624 3304 alia
671 3251 740 3306 de
789 3266 958 3306 causa
1009 3253 1218 3306 laudari
1264 3255 1413 3324 prius
1445 3272 1609 3325 quam
1663 3273 1763 3321 os,
1813 3258 2091 3314 existimo.

517 3341 653 3394 Nam
685 3341 921 3397 laudatis
945 3343 1053 3408 his,
1079 3360 1147 3399 ne
1173 3345 1385 3399 labrum
1417 3346 1637 3415 quidem
1671 3348 1788 3402 sine
1813 3363 2096 3403 commen-

517 3429 741 3485 datione
769 3433 1032 3501 praeterit,
1065 3448 1188 3488 cum
1234 3435 1310 3488 ait
1353 3436 1526 3506 ipsius
1559 3436 1709 3490 lalnra
1754 3454 1876 3494 esse
1921 3439 2097 3494 instar

521 3521 754 3576 funiculi
801 3524 1089 3587 coccinei,
1151 3533 1206 3580 et
1258 3527 1529 3596 loquelam
1593 3527 1716 3596 ejus
1767 3529 2092 3599 elegantem.

519 3610 780 3676 Quanam
810 3621 895 3668 est
929 3613 1096 3680 igitur
1129 3615 1232 3669 hac
1275 3616 1330 3670 in
1371 3626 1522 3686 parte
1571 3618 1888 3686 conjectura
1936 3620 2098 3674 mea?

520 3703 666 3759 Ordo
697 3703 752 3758 in
787 3705 1094 3775 disciplinis
1122 3709 1362 3778 optimus
1393 3715 1497 3772 est,
1532 3709 1767 3778 primum
1799 3710 2004 3774 doceri,
2031 3725 2097 3766 ac

526 3794 718 3850 deinde
757 3795 926 3865 loqui.
975 3796 1303 3868 Disciplinas
1348 3806 1532 3853 autem
1587 3799 1681 3869 qui
1730 3799 1885 3854 cibos
1930 3801 2096 3854 animi

522 3898 646 3938 esse
672 3883 897 3948 dixerit,
936 3899 967 3938 a
1006 3901 1134 3940 vero
1163 3901 1274 3941 non
1304 3887 1600 3940 aberrabit.
1655 3884 1721 3940 Ut
1759 3894 1939 3941 autem
1971 3901 2096 3942 cor-

524 3988 745 4042 poreum
797 3975 1114 4030 alimentum
1173 3977 1430 4032 dentibus
1477 3977 1899 4032 comminuendo
1939 3993 2099 4047 para-

523 4080 669 4128 mus,
693 4065 763 4118 ita
798 4075 856 4118 ut
885 4066 1192 4122 visceribus
1219 4069 1424 4123 nostris
1456 4068 1714 4122 idoneum
1742 4070 1834 4121 ﬁat
1860 4083 1876 4122 :
1906 4068 2096 4124 eodem

524 4154 692 4209 modo
714 4155 948 4210 facultas
975 4158 1221 4226 quaedam
1254 4166 1338 4212 est
1360 4159 1413 4211 in
1441 4158 1644 4220 animo,
1671 4173 1793 4226 qua:
1819 4158 2098 4213 doctrinas

525 4249 871 4314 comminuit,
902 4255 956 4304 et
992 4264 1088 4319 per
1115 4265 1279 4319 quam
1313 4251 1460 4304 utilis
1494 4249 1569 4302 illi
1603 4249 1660 4302 ﬁt
1701 4249 1974 4313 doctrina,
2004 4251 2097 4319 qui

523 4352 644 4391 eam
676 4339 895 4409 recipit.
941 4338 1286 4410 QuaprOpter
1314 4356 1408 4396 eos
1451 4341 1726 4406 doctores,
1771 4343 1863 4411 qui
1897 4342 2102 4396 doctri-

2199 3159 2298 3230 τῆς
2325 3159 2433 3211 τῶν
2460 3157 2683 3210 ὀδόντων
2708 3158 3032 3229 ὑπογραφῆς
3060 3161 3208 3213 κατά
3246 3161 3309 3212 τὺ
3342 3159 3554 3230 λεληθὸς
3580 3175 3727 3212 συνεν-

2200 3249 2536 3304 δείκνυσθαι·
2566 3249 2676 3320 ἐγὼ
2702 3251 2758 3304 δὲ
2787 3251 2922 3323 πρὸς
2948 3251 3133 3322 ἕτερον
3163 3253 3401 3322 βλέπων,
3435 3253 3731 3325 προτερεύειν

2203 3342 2261 3394 ἐν
2284 3343 2396 3404 τοῖς
2440 3340 2681 3404 ἐπαίνοις
2710 3341 2772 3394 τὺ
2799 3341 2906 3396 τῶν
2932 3341 3158 3396 ὀδόντων
3196 3345 3392 3409 κάλλος
3425 3347 3526 3417 πρὸ
3551 3344 3644 3397 τῶν
3662 3341 3729 3394 τοῦ

2204 3433 2468 3504 στόματος
2522 3433 2813 3504 ἐγκωμίων
2859 3432 3166 3504 λογίζομαι.
3219 3436 3377 3490 Μετά
3428 3436 3574 3490 τοῦτο
3617 3433 3731 3502 γὰρ,

2203 3523 2324 3577 ούδὲ
2352 3524 2414 3576 τὸ
2450 3522 2624 3594 χεῖλος
2655 3523 2866 3593 ἀφῆκεν
2895 3526 3350 3596 ἀνεγκωμίαστον
3375 3569 3388 3592 ,
3428 3528 3660 3601 σπαρτίον
3678 3525 3734 3577 εἰσ

2204 3613 2320 3666 πὼν
2346 3613 2595 3667 κόκκινον
2624 3607 2763 3668 εἶναι
2792 3613 2859 3666 τά
2891 3615 3042 3686 χείλη
3067 3615 3245 3685 αὐτῆς
3273 3659 3288 3682 ,
3333 3619 3428 3671 καὶ
3462 3618 3554 3689 τὴν
3585 3613 3734 3668 λαλιάν

2204 3705 2436 3778 ὡραίαν.
2465 3705 2532 3758 Τί
2563 3699 2655 3758 οῦν
2695 3705 2724 3758 ὃ
2755 3706 2885 3775 περὶ
2923 3705 3110 3759 τούτου
3156 3709 3520 3780 στοχάζομαι;
3558 3706 3734 3777 Ἀρίστη

2203 3793 2356 3860 τάξις
2389 3795 2447 3847 ἐν
2478 3796 2590 3856 τοῖς
2652 3793 2966 3869 μαθήμασίν
3010 3795 3126 3846 ἐστι
3177 3795 3400 3866 πρῶτον
3445 3790 3736 3847 διδάσκεσθαι

2206 3887 2301 3938 καὶ
2345 3885 2467 3938 τότε
2524 3885 2858 3954 φθέγγεσθαι
2884 3901 2897 3915 ·
2944 3883 3012 3937 τά
3047 3884 3104 3938 δὲ
3136 3886 3444 3958 μαθήματα
3484 3886 3573 3955 τῆς
3597 3880 3734 3951 ψυχῆς

2209 3975 2474 4048 βρώματά
2505 3993 2587 4040 τις
2622 3974 2791 4029 εἰπὼν
2822 3971 2990 4041 εἶναι,
3023 3977 3119 4030 τοῦ
3145 3978 3363 4042 εἰκότος
3407 3980 3501 4048 οὐχ
3530 3974 3737 4047 ἁμαρτή-

2207 4083 2380 4120 σεται.
2412 4067 2627 4137 Ὥσπερ
2675 4065 2784 4137 γάρ
2829 4066 2893 4137 δὴ
2945 4067 3044 4136 τὴν
3089 4067 3415 4137 σωματικὴν
3443 4065 3627 4138 τροφὴν
3653 4064 3736 4119 τοῖς

2205 4160 2381 4213 ὀδοῦσι
2407 4160 2858 4226 καταλεάναντες,
2885 4158 3226 4229 κατάλληλον
3251 4160 3425 4230 αὐτὴν
3452 4161 3556 4222 τοῖς
3581 4152 3738 4217 σπλάγ-

2207 4270 2354 4324 χνοις
2408 4253 2660 4322 γενέσθαι
2711 4252 3204 4322 παρασκευάζομεν
3232 4271 3248 4285 ο
3291 4252 3434 4306 κατά
3483 4251 3567 4302 τὸν
3611 4244 3736 4299 αὑτὸν

2207 4343 2407 4414 τρόπον
2439 4343 2553 4395 ἐστί
2583 4359 2664 4404 τις
2711 4341 3137 4412 λεπτοποιητικὴ
3164 4343 3280 4396 τῶν
3324 4341 3640 4412 διδαγμάτων
3665 4332 3734 4386 δύ·

527 4442 625 4481 nas
658 4441 782 4481 cum
813 4429 1024 4498 judicio
1049 4429 1274 4484 tradunt
1299 4437 1354 4484 et
1393 4431 1725 4500 partiuntur,
1760 4446 2096 4500 quorumque

2208 4449 2372 4504 ναμις
2400 4435 2456 4486 ὲν
2482 4436 2548 4503 τῇ
2573 4433 2716 4504 ψυχῇ
2737 4475 2752 4498 ,
2779 4433 2845 4486 δι’
2895 4429 2962 4504 ἦς
2989 4433 3250 4503 όφέλιμον
3282 4435 3489 4504 γίνεται
3529 4431 3599 4500 τῷ
3619 4429 3732 4494 5510-

525 4535 691 4589 opera
727 4523 933 4592 percipi
988 4524 1277 4579 commode
1323 4524 1574 4579 doctrina
1619 4533 1819 4594 potest,
1856 4535 1912 4579 et
1951 4525 2102 4581 utilis

525 4617 632 4672 est,
670 4610 900 4681 ﬁgurate
941 4611 1136 4668 dentes
1185 4614 1274 4668 hic
1317 4615 1579 4685 appellari
1626 4615 1770 4670 dico.
1822 4615 2003 4684 anue
2037 4617 2105 4672 de

528 4715 696 4756 causa
758 4706 910 4773 prius
965 4705 1128 4760 etiam
1179 4707 1371 4762 dentes
1425 4706 1759 4772 laudantur,
1814 4715 1977 4778 atque
2031 4710 2104 4763 ita

528 4791 726 4847 deinde
778 4795 1048 4850 labiorum
1107 4799 1414 4853 encomium
1467 4798 1716 4853 infertur.
1787 4799 1898 4854 Nec
1957 4801 2102 4854 enim

530 4881 672 4936 labia
706 4883 810 4937 sita
847 4883 903 4937 in
945 4885 1216 4955 loquendo
1260 4887 1667 4957 pulchritudine
1709 4887 1966 4943 ﬂorerent
2013 4906 2103 4944 or-

532 4981 681 5038 nata,
711 4972 818 5027 nisi
844 4973 1036 5029 dentes
1061 4991 1156 5045 per
1184 4977 1488 5032 studiosam
1523 4977 1936 5048 disciplinarum
1969 4994 2103 5034 con-

531 5063 938 5134 templationem
973 5065 1131 5120 labiis
1177 5065 1317 5122 hanc
1351 5069 1525 5137 ipsam
1563 5069 1618 5124 in
1667 5071 1938 5141 loquendo
1979 5087 2103 5142 gra-

532 5152 662 5207 tiam
689 5153 1022 5211 conferrent.
1071 5155 1220 5210 llanc
1254 5173 1354 5212 nos
1383 5173 1608 5214 causam
1641 5162 1976 5232 proferimus
2008 5165 2106 5218 ob-

533 5247 739 5302 servari
772 5248 829 5303 in
860 5247 947 5304 his
977 5247 1379 5306 laudationibus
1404 5252 1637 5308 ordinis.

603 5521 759 5578 Nunc
787 5530 999 5594 tempus
1029 5523 1212 5594 fuerit,
1247 5535 1306 5580 ut
1334 5524 1390 5580 in
1421 5524 1789 5582 laudationem
1819 5527 1990 5597 ipsam
2023 5529 2104 5581 in-

535 5612 838 5680 quiramus,
873 5613 967 5684 qui
1002 5613 1114 5680 ﬁat,
1140 5623 1199 5669 ut
1222 5614 1469 5671 dentium
1493 5617 1957 5687 pulchritudinem
1984 5634 2107 5672 cum

533 5701 713 5757 tonsis
759 5704 1014 5774 gregibus
1043 5705 1307 5774 conferat,
1357 5723 1478 5780 qua:
1523 5723 1714 5765 recens
1764 5709 1832 5764 de
1890 5709 2108 5766 lavacro

2210 4526 2355 4597 μένῳ
2381 4527 2441 4578 τὺ
2475 4526 2723 4596 μάθημα.
2763 4526 2902 4589 Τοὺς
2923 4526 3104 4580 τοίνυν
3134 4528 3423 4598 κριτικούς
3447 4544 3505 4580 τε
3532 4525 3614 4578 καὶ
3635 4521 3734 4574 6m:-

2209 4617 2454 4686 ρετικοὺς
2476 4615 2584 4668 τῶν
2603 4614 2945 4684 διδαγμάτων
2970 4615 3297 4686 καθηγητὰς
3312 4658 3326 4682 ,
3349 4616 3417 4670 δι’
3432 4609 3504 4669 ὧν
3523 4613 3733 4679 εὔληπτνς

2206 4708 2338 4776 ἡμῖν
2383 4706 2595 4773 γίνεται
2653 4706 2747 4759 καὶ
2790 4705 3080 4777 ὲπωφελὴς
3117 4695 3164 4775 η’
3183 4705 3539 4768 διδασκαλία,
3564 4699 3731 4756 ὀδόντας

2207 4796 2312 4849 ὑπὸ
2335 4795 2428 4848 τοῦ
2454 4795 2611 4864 λόγου
2643 4797 2786 4866 φημὶ
2813 4795 3091 4866 τροπικῶς
3119 4796 3505 4866 ὀνομάζεσθαι.
3528 4787 3593 4846 Οῦ
3613 4788 3732 4857 χάριν

2210 4887 2583 4959 προλαμϐάνει
2614 4887 2723 4940 τῶν
2750 4887 2976 4940 ὀδόντων
3005 4889 3034 4940 ό
3059 4886 3314 4951 ἔπαινος,
3342 4883 3442 4940 εἷθ’
3465 4881 3616 4943 οὕτως
3638 4875 3731 4930 ἐπά-

2210 4996 2366 5048 γεται
2421 4977 2530 5031 τῶν
2562 4977 2784 5047 χειλέων
2816 4977 2877 5029 τὸ
2906 4976 3200 5047 ἐγκώμιον.
3234 4979 3314 5031 οὐ
3357 4979 3464 5048 γάρ
3505 4976 3564 5028 ἂν
3605 4969 3732 5037 ἐπήν·

2212 5071 2362 5123 θιστο
2395 5067 2472 5140 τῷ
2518 5067 2721 5139 λογικῷ
2753 5067 2940 5121 κάλλει
2970 5068 3031 5120 τὸ
3063 5067 3240 5138 χεῖλος
3269 5108 3283 5129 ,
3321 5068 3397 5139 μὴ
3425 5067 3525 5119 τῶν
3557 5061 3731 5115 ὀδόντων

2213 5160 2436 5214 ἐκείνων
2468 5159 2556 5212 διὰ
2589 5159 2688 5230 τῆς
2717 5158 3154 5230 φιλοπονωτέρας
3179 5159 3293 5212 τῶν
3330 5157 3638 5230 μαθημάτων
3657 5164 3730 5202 κα-

2212 5253 2517 5323 τανοήσεως
2545 5252 2642 5322 τὴν
2696 5254 2754 5304 ὲν
2802 5254 2915 5314 τοῖς
2962 5252 3141 5320 λόγοις
3177 5251 3344 5322 χάριν
3396 5244 3732 5303 ἐπιϐαλλόντων

2209 5348 2321 5409 τοῖς
2365 5344 2624 5415 χείλεσιν.
2660 5343 2849 5396 Αἰτίαν
2882 5345 2981 5414 μὲν
3013 5340 3104 5399 οὖν
3151 5345 3211 5396 ὲν
3242 5347 3360 5406 τοῖς
3387 5342 3608 5402 ἐπαίνοις
3631 5335 3726 5387 dm-

2209 5437 2429 5500 λουθίας
2451 5436 2652 5506 ταύτην
2683 5437 2775 5488 ἐπὶ
2795 5435 2905 5490 τῶν
2932 5436 3155 5491 ὀδόντων
3185 5431 3608 5506 κατενοήσαμεν.

2285 5530 2488 5602 Καιρὸς
2518 5529 2560 5582 δ’
2590 5528 2655 5583 ἂν
2687 5529 2772 5600 εῐη
2819 5530 2913 5582 καὶ
2939 5529 3103 5582 αὑτὸν
3136 5527 3392 5591 ἐξετάσαι
3426 5527 3514 5580 τὸν
3541 5523 3736 5576 ἔπαινον»

2215 5622 2330 5684 πῶς
2360 5622 2694 5690 παραὸἀλλει
2716 5621 2777 5674 τὸ
2807 5625 2862 5675 ἐν
2888 5624 3002 5684 τοῖς
3027 5619 3203 5674 ὀδοῦσι
3231 5619 3426 5680 κάλλος
3447 5618 3556 5676 ταῖς
3578 5620 3733 5675 κεκαρ-

2219 5714 2402 5779 μέναις
2437 5712 2658 5780 ἀγέλαις
2679 5753 2691 5777 ,
2717 5714 2771 5766 αἳ
2807 5712 2900 5767 νῦν
2932 5711 3024 5765 τοῦ
3054 5709 3278 5779 λουτροῦ
3309 5707 3601 5765 ἀναδυεῖσαι
3627 5693 3734 5752 διδὺ-
