3948 6192
1209 343 1278 399 ΙΝ
1302 344 1600 401 CANTICA
1624 347 1894 405 CANTIC.
1937 351 2223 407 llOMlLlA
2263 353 2374 408 VII.

3333 362 3438 421 9‘25

231 471 334 526 μοις
361 449 728 519 ὲπαγάλλοντσι
777 449 958 516 τόκοις
1009 454 1149 506 κατὰ
1185 454 1246 508 τὺ
1278 455 1392 509 ἴσον
1437 460 1492 511 αί
1541 461 1712 514 πᾶσαι
1735 478 1749 492 ο

1861 476 2088 532 egressae
2125 464 2372 534 gemellis
2406 463 2608 518 felibus
2648 465 2852 534 pariter
2900 482 3093 526 omnes
3135 473 3431 530 exsultant.

232 547 322 613 ἔχει
357 541 405 594 δὲ
439 539 569 592 κατὰ
597 538 689 609 τὴν
729 539 875 604 λέξιν
907 542 936 594 ὁ
965 541 1190 608 ἔπαινος
1227 545 1402 611 οὕτως
1428 563 1442 578 ·
1486 551 1758 618 Ὄδόντες

231 650 326 687 σου
357 632 430 697 ὡς
475 630 671 698 ἀγέλαι
710 631 830 685 τῶν
869 635 1252 704 κεκαρμένων
1275 677 1290 702 ,
1342 638 1405 692 αῖ
1447 641 1758 709 ἀνέϐησαν

230 725 324 778 ἀπὸ
364 721 458 775 τοῦ
482 722 733 791 λουτροῦ
760 763 774 782 .
807 726 869 778 αἱ
915 725 1108 780 πᾶσαι
1145 726 1575 798 διδ-υμεύουσαι
1601 773 1615 796 ,
1656 733 1754 786 καὶ

229 813 524 868 ἀτεκνοῦσα
550 816 658 869 οὐκ
689 813 864 869 ἐστιν
899 817 994 870 ἐπ’
1025 818 1252 885 αὐταῖς.
1289 821 1460 874 Τοῦτο
1496 823 1676 876 τοίνυν
1707 825 1755 877 εί

229 906 340 976 πρὸς
360 906 414 958 τὸ
437 906 734 976 σωματικὸν
766 908 862 961 τοῦ
901 909 1296 982 ὐποδείγματος
1327 911 1599 984 βλέπομεν
1617 955 1631 980 ,
1655 917 1756 970 οὐκ

228 994 320 1050 οἶδα
348 997 453 1061 πῶς
474 998 536 1053 ἄν
575 1015 654 1063 τις
679 1000 1019 1063 ἐπαινεῖσθαι
1046 1005 1171 1068 τοὺς
1201 1005 1417 1071 ὀδόντας
1443 1009 1618 1074 εἴποι,
1669 1010 1757 1065 διὰ

227 1090 304 1157 τῆς
353 1089 478 1160 πρὸς
521 1090 615 1153 τὰς
673 1091 1074 1161 πολυγονούσας
1129 1096 1334 1164 ἀγέλας
1396 1100 1752 1172 συγκρίσεως.

237 1179 457 1233 Ὀδόντων
485 1181 580 1252 μὲν
613 1182 720 1254 γὰρ
746 1183 964 1251 ἔπαινος
983 1226 998 1251 ,
1030 1189 1062 1258 ή
1096 1188 1392 1260 στερῤότης
1422 1192 1538 1244 ἐστὶ
1583 1193 1678 1246 καὶ
1721 1195 1754 1264 ἡ

225 1270 499 1340 ἐναρμόνιος
525 1271 671 1336 θέσις
697 1313 711 1337 ,
748 1275 844 1328 καὶ
869 1275 932 1329 τὸ
965 1277 1180 1346 παγίως
1211 1277 1279 1332 δι’
1316 1279 1525 1350 ὁμαλῆς
1570 1298 1628 1334 τε
1663 1284 1756 1336 καὶ

223 1363 475 1416 ἀκολούθου
521 1365 619 1434 τῆς
667 1367 934 1438 ἁρμονίας
984 1369 1358 1440 ὲμπεφυκέναι
1403 1375 1518 1436 τοῖς
1552 1373 1752 1438 οὕλοις.

223 1455 273 1506 Δί
295 1453 343 1507 δὲ
372 1454 742 1511 ἀναϐαίνουσαι
767 1457 886 1511 duo
897 1458 991 1512 τοῦ
1019 1460 1245 1531 λουτροῦ
1270 1462 1463 1531 ἀγέλαι
1494 1463 1633 1534 μετὰ
1658 1466 1756 1536 τῆς

221 1545 406 1616 διδύμου
441 1548 595 1618 γονῆς
640 1549 1111 1606 ἐπισκεδασθεῖσαι
1156 1555 1278 1617 ταῖς
1322 1555 1558 1619 νάπαις,
1599 1557 1756 1611 ποίαν

221 1633 412 1686 ὀδόντων
441 1635 844 1706 ὑπογράφουσιν
893 1637 1043 1708 ὥραν
1093 1638 1172 1710 τῷ
1215 1639 1338 1694 καθ’
1388 1640 1586 1703 ἑαυτὰς
1621 1641 1755 1694 ὑπο-

221 1724 467 1794 δείγματι,
503 1727 600 1780 οὐκ
632 1727 777 1781 ἔστιν
807 1730 871 1782 ὲκ
897 1731 993 1784 τοῦ
1043 1731 1334 1802 προχείρου
1382 1734 1711 1802 κατανοῆσαι
1738 1747 1751 1762 ³

221 1806 338 1869 οὗτοι
382 1817 654 1888 στοιχηδὸν
698 1820 1090 1890 συνεστήκασιν
1141 1822 1477 1892 ὲναρμονίως
1516 1822 1757 1894 ἀλλήλων
1790 1813 1830 1867 Β

221 1907 463 1976 ἐχόμενοι·
505 1911 711 1963 ἐκεῖναι
761 1911 821 1964 δὲ
863 1911 957 1965 ἀπ’
983 1912 1226 1984 ἀλλήλων
1275 1913 1754 1969 διασκεδάννυνται

221 1996 330 2068 πρὸς
355 1997 442 2070 τὴν
470 2000 658 2071 χρείαν
699 2002 800 2072 τῆς
842 2003 1013 2074 νομῆς
1054 2004 1429 2075 ἀραιούμεναι.
1467 2005 1626 2060 Ἀλλά
1663 2007 1757 2060 καὶ

221 2091 375 2162 γυμνῷ
402 2093 475 2163 τῷ
518 2094 695 2148 ὀδόντι
729 2096 869 2150 κατὰ
899 2096 1061 2165 φύσιν
1107 2098 1222 2152 ὄντι
1262 2101 1342 2162 είς
1375 2099 1662 2170 σύγκρισιν
1693 2099 1754 2153 τὸ

219 2184 518 2256 ἐρειοφοροῦν
555 2187 664 2241 οὐκ
699 2175 1055 2260 εὐάρμοστον.
1095 2189 1304 2242 Οὐκοῦν
1338 2189 1656 2261 ὲρευνητέον
1679 2189 1754 2248 ἂν

219 2274 313 2344 εἴη,
335 2276 441 2340 πῶς
475 2279 502 2330 6
551 2279 780 2350 κοσμῶν
809 2281 877 2334 δι’
905 2281 1196 2351 ἐγκωμίων
1235 2281 1333 2352 τὴν
1371 2281 1480 2335 τῶν
1528 2281 1756 2336 ὀδόντων

221 2369 565 2439 εὖαρμοστίαν,
598 2377 726 2436 ⁸τ-οιῖς
763 2374 1134 2444 διδυμοτόκοις
1167 2374 1392 2443 ἀγέλαις
1421 2375 1756 2445 παραϐάλλει

224 2459 262 2512 ιδ
281 2461 480 2530 κάλλος,
507 2466 629 2528 ταῖς
661 2464 1128 2536 ἀποκειραμέναις
1150 2466 1213 2519 τὸ
1235 2467 1401 2538 ἔριον,
1425 2467 1520 2520 καὶ
1546 2467 1757 2539 λουτρῷ

221 2548 288 2600 τὸν
308 2552 458 2621 ῥύπον
487 2555 972 2626 άποκλυσαμέναις
995 2557 1090 2610 τοῦ
1119 2556 1389 2629 σώματος.
1415 2556 1480 2611 Τί
1511 2555 1606 2611 οὖν
1627 2560 1754 2627 περὶ

222 2642 384 2698 τούτων
413 2647 788 2718 ἁπονοήσομεν
814 2665 828 2712 ;
863 2650 926 2702 Οἱ
968 2649 1039 2702 τὰ
1085 2648 1204 2702 θεῖα
1233 2651 1506 2722 μυστήρια
1542 2649 1630 2704 διὰ
1658 2667 1754 2702 σα-

219 2734 444 2806 φεστέρας
486 2738 806 2809 ἐξηγήσεως
836 2739 1281 2805 λεπτοποιοῦντες
1305 2783 1319 2807 ,
1351 2741 1427 2804 ὡς
1456 2741 1757 2812 εὐπαρόιδε⁹

217 2843 318 2881 κτον
356 2829 446 2899 τὴν
475 2831 860 2904 πνευματικὴν
903 2832 1109 2906 τροφὴν
1139 2834 1350 2904 ταύτην
1382 2833 1636 2903 γενέσθαι
1680 2832 1758 2904 τῷ

217 2918 395 2990 σώματι
423 2922 518 2994 τῆς
553 2925 891 2996 Ἐκκλησίας
910 2967 924 2993 ,
955 2922 1098 2982 οὗτοι
1127 2929 1189 2981 τὸ
1207 2927 1315 2981 τῶν
1340 2927 1565 2981 ὀδόντων
1597 2925 1757 2998 ἔργον

219 3011 530 3082 ἀποτελοῦσι,
558 3016 746 3088 παχύν
789 3034 847 3071 τε
886 3022 980 3074 καὶ
1013 3019 1324 3074 συνεστῶτα
1351 3020 1444 3074 τοῦ
1484 3020 1643 3090 λόγου
1666 3020 1757 3073 τὸν

219 3101 349 3173 Ξρτον
365 3106 440 3177 τῷ
461 3108 680 3162 ἑαυτῶν
725 3109 1090 3180 λαμϐάνοντες
1120 3111 1384 3183 στόματι,
1415 3112 1510 3166 καὶ
1546 3112 1633 3166 διὰ
1660 3112 1759 3181 τῆς
1787 3139 1829 3196 C

218 3201 688 3272 λεπτομερεστέρας
714 3200 989 3272 εὖϐρωτον
1012 3205 1132 3266 ταῖς
1161 3201 1361 3273 ψυχαῖς
1394 3202 1505 3257 τῶν
1537 3203 1759 3274 δεχομέ-

219 3304 298 3340 νων
327 3291 835 3362 παρασκευάζοντες
854 3334 869 3358 ,
901 3289 1012 3347 οἷον
1054 3293 1334 3365 (κρεῖττον
1359 3294 1488 3366 γὰρ·
1512 3295 1604 3348 ἐπὶ
1633 3296 1764 3350 ὑπο-

215 3376 480 3451 δειγμάτων
508 3386 867 3458 παραστῆσαι
899 3385 960 3438 τὸ
991 3385 1192 3457 νόημα)
1261 3389 1290 3440 ὁ
1315 3387 1586 3458 μακάριος
1615 3387 1762 3442 Παῦ-

215 3469 286 3532 λος
306 3469 390 3526 νῦν
423 3474 519 3544 μὲν
538 3475 735 3540 ἁπλῶς
760 3493 819 3529 τε
847 3476 942 3530 καὶ
963 3475 1356 3541 ἁκατασκεύως
1374 3517 1389 3541 ,
1423 3476 1613 3549 ὥσπερ
1642 3475 1766 3532 τινὰ

213 3559 372 3632 ship/3v
389 3564 804 3639 ἀκατέργαστον
837 3565 1156 3637 προτίθησιν
1190 3567 1324 3638 ἡμῖν
1361 3566 1426 3619 τὸ
1468 3565 1561 3619 τοῦ
1594 3566 1761 3637 νόμου

212 3652 541 3725 παράγγελμα
565 3694 580 3720 ,
627 3655 807 3724 λέγων
827 3671 840 3686 ο
866 3656 948 3710 Οὐ
971 3655 1258 3726 φιμώσεις
1283 3656 1445 3722 ,ϐοῦν
1469 3654 1760 3709 ἀλοῶντα.

213 3743 354 3798 Πάλιν
376 3747 461 3801 διὰ
485 3750 586 3819 τῆς
616 3747 1012 3819 ὲπεξηγήσεως
1034 3748 1336 3815 ἁπαλύνας,
1360 3747 1763 3818 εὐπαράδεκτον

211 3842 329 3890 ποιεῖ
349 3839 408 3893 τὸ
436 3841 530 3894 τοῦ
564 3841 740 3913 νόμου
766 3840 1030 3913 βούλημα,
1062 3839 1236 3908 λέγων
1255 3854 1272 3870 ⁸
1310 3838 1408 3908 Μὴ
1434 3838 1556 3892 τῶν
1595 3837 1765 3903 ,βοῶν

208 3923 350 3993 μέλει
373 3925 450 3995 τῷ
475 3929 597 3997 Θεῷ
621 3971 639 3996 ,
669 3929 709 3998 ἣ
735 3929 809 3983 δι’
836 3928 994 3998 ἡμᾶς
1035 3928 1273 3994 πάντως
1297 3926 1639 3998 ἐγεγράφει;
1669 3925 1763 3980 καὶ

210 4016 322 4071 ἄλλα
343 4021 560 4075 τοιαῦτα
580 4021 758 4075 πολλά
775 4037 789 4051 ο
814 4017 946 4086 οἷον,
977 4019 1223 4089 Ἀϐραὰμ
1241 4019 1350 4073 δύο
1369 4018 1536 4084 υἱοὺς
1555 4017 1760 4086 ἔσχεν,

211 4105 299 4160 ἕνα
317 4109 380 4163 ἐκ
404 4111 516 4179 τῆς
539 4110 902 4179 παιδίσκης,
930 4112 1029 4166 καί
1050 4111 1257 4170 ἐνα.ὲκ
1287 4108 1395 4178 τῆς
1417 4109 1760 4178 ἐλευθέρας.

209 4198 353 4254 Τοῦτο
371 4205 400 4256 ὀ
427 4204 846 4275 ἀητὲργαστος
875 4205 1058 4274 ἄρτος.
1097 4202 1258 4256 Ἀλλὰ
1296 4203 1414 4265 πῶς
1442 4202 1610 4257 αὐτὸν
1645 4202 1765 4255 δια-

210 4285 456 4345 λεπτὺνων
499 4292 761 4363 ἐδώδιμον
808 4296 953 4346 ποιεῖ
993 4295 1103 4355 τοῖς
1137 4293 1494 4363 τρεφομένοις
1517 4333 1532 4357 ,
1561 4293 1640 4356 εἰς
1669 4291 1765 4346 δύο

211 4375 454 4451 Διαθήκας
480 4383 888 4453 μεταλαμϐάνει
933 4383 1033 4453 τὴν
1086 4384 1327 4455 ἱστορίαν
1353 4425 1368 4445 ,
1406 4382 1505 4455 τὴν
1558 4383 1656 4453 μὲν
1683 4385 1762 4447 εἰς

1863 551 2034 608 Verba
2065 554 2299 608 encomii
2350 554 2463 608 haec
2509 562 2675 609 sunt:
2715 555 2906 611 Dentes
2955 561 3033 612 tui
3081 562 3216 616 sicut
3258 580 3435 635 greges

1859 651 2155 706 tonsarum,
2203 659 2320 712 qua:
2367 643 2432 698 de
2468 643 2679 699 lavacro
2730 646 3100 710 ascenderunt,
3159 661 3208 704 et
3258 669 3435 707 omnes
3499 705 3504 714 ,

1854 734 2086 802 geminos
2141 735 2400 801 pariunt,
2474 750 2633 804 neque
2701 736 2901 789 sterilis
2968 738 3106 791 inter
3161 755 3248 793 eas
3298 742 3431 811 ulta.

1855 822 1973 878 Jam
2011 825 2058 879 si
2089 825 2156 879 ad
2197 840 2515 894 corpoream
2553 825 2720 896 hujus
2746 815 2982 895 exempli
3032 831 3302 885 rationem
3349 846 3436 885 re-

1857 915 2176 984 spiciamus,
2221 916 2362 970 haud
2395 918 2509 971 scio
2536 917 2626 987 qui
2658 919 2834 986 possit
2865 919 3066 988 aliquis
3105 919 3288 975 dicere
3317 921 3439 975 lau-

1857 1007 1975 1063 dari
2007 1009 2199 1063 dentes
2245 1024 2340 1078 per
2379 1011 2843 1078 comparationem
2895 1011 3203 1066 institutam
3251 1014 3319 1068 ad
3353 1013 3436 1070 fc-

1857 1100 2068 1154 cundas
2099 1117 2310 1172 greges.
2351 1102 2562 1157 Etenim
2599 1103 2842 1158 dentium
2887 1107 3067 1174 posita
3110 1105 3230 1162 laus
3265 1114 3348 1162 est
3381 1108 3436 1161 iu

1858 1191 2155 1255 soliditate,
2191 1200 2245 1246 et
2288 1193 2340 1246 iu
2380 1195 2486 1249 situ
2520 1202 2646 1263 apto
2689 1205 2852 1265 atque
2878 1196 3160 1266 elegante;
3196 1198 3438 1268 itemque

1857 1285 1912 1338 in
1943 1300 2029 1348 eo,
2066 1295 2124 1338 ut
2155 1286 2384 1340 firmiter
2418 1302 2446 1340 a
2479 1296 2675 1341 natura
2716 1288 2968 1357 aequabili
3001 1289 3235 1358 quadam
3269 1292 3436 1345 seriei

1857 1374 2227 1430 concinnitate
2260 1375 2495 1444 gingivis
2531 1376 2679 1431 inlixi
2714 1377 2844 1432 sint.
2879 1378 2949 1431 At
2971 1393 3098 1433 vero
3130 1394 3320 1450 greges
3371 1381 3438 1436 de

1857 1465 2077 1521 lavacro
2103 1481 2228 1520 cum
2273 1466 2476 1522 fetibus
2509 1469 2753 1538 gemellis
2796 1470 3180 1533 ascendentes,
3234 1487 3440 1542 perque

1860 1556 2035 1610 saltus
2089 1556 2345 1626 dispersi,
2407 1560 2624 1628 qualem
2671 1559 2914 1615 dentium
2973 1561 3434 1629 pulchritudinem

1860 1648 2020 1702 nobis
2051 1647 2369 1718 depingant,
2424 1665 2531 1702 non
2581 1657 2665 1704 est
2713 1647 3038 1719 in'proclivi
3091 1653 3432 1722 perspicere.

1859 1740 1994 1794 Nam
2032 1742 2220 1797 dentes
2253 1749 2401 1796 certa
2443 1743 2584 1797 serie
2612 1742 2948 1806 consistunt,
3002 1743 3270 1797 concinna
3297 1758 3436 1813 qua-

1860 1831 1985 1884 dam
2017 1831 2229 1886 ratione
2264 1832 2369 1887 sibi
2403 1832 2636 1887 invicem
2672 1833 2948 1903 contigui:
2981 1848 3105 1888 cum
3139 1849 3330 1903 greges
3358 1834 3436 1887 illi

1859 1920 2093 1990 Sparsim
2119 1935 2149 1974 a
2170 1935 2229 1975 se
2253 1920 2487 1975 invicem
2511 1920 2820 1985 discedant,
2840 1922 3046 1989 passim
3071 1931 3433 1986 rarescentcs,

1860 2023 1920 2068 ut
1944 2012 2312 2067 necessarium
2349 2012 2453 2066 sibi
2482 2021 2699 2080 pastum
2729 2023 2998 2082 quatrant.
3034 2013 3301 2068 Praeterea
3328 2029 3436 2068 non

1858 2103 2113 2159 convenit
2135 2103 2349 2156 dentem
2381 2117 2410 2155 a
2438 2112 2634 2156 natura
2667 2102 2874 2157 nudum
2902 2117 3026 2158 cum
3059 2103 3164 2156 hoc
3190 2104 3435 2167 animali,

1857 2193 2002 2265 quod
2032 2195 2211 2247 lanam
2250 2194 2410 2264 gerit,
2451 2195 2784 2264 comparari.
2812 2193 3161 2265 Quapropter
3214 2196 3438 2250 investi-

1858 2285 2096 2356 gandum
2129 2285 2290 2340 nobis
2335 2294 2439 2352 est,
2491 2286 2585 2354 qui
2620 2284 2712 2338 fiat
2742 2293 2801 2339 ut
2830 2287 3100 2341 encomiis
3133 2286 3438 2356 pulcherri-

1858 2389 2003 2429 mam
2033 2373 2278 2428 dentium
2309 2375 2740 2430 concinnitatem
2785 2376 3094 2443 celebrans,
3131 2377 3271 2431 hanc
3319 2376 3438 2431 illo-

1859 2482 1978 2521 rum
2005 2467 2327 2537 elegantiam
2352 2481 2476 2521 cum
2497 2467 2755 2537 gregibus
2781 2469 3041 2538 gemellos
3075 2468 3438 2538 parientibus,

1859 2557 2057 2625 quibus
2089 2557 2332 2611 detonsae
2371 2557 2509 2610 lana:
2539 2557 2672 2622 sint,
2720 2573 2952 2627 qumque
2992 2560 3210 2614 lavacro
3243 2559 3438 2613 sordes

1859 2647 2104 2718 corporis
2131 2647 2422 2710 abluerint,
2453 2647 2722 2702 conferat.
2767 2648 2908 2714 Quid
2947 2665 3079 2719 ergo
3107 2651 3176 2705 de
3219 2651 3305 2704 his
3334 2665 3437 2705 nos

1859 2737 2269 2808 indagabimus?
2313 2737 2638 2807 Quicunque
2693 2738 2878 2793 divina
2927 2739 3187 2808 mysteria
3223 2741 3437 2810 perspi-

1857 2845 1960 2886 cua
1989 2830 2222 2901 quadam
2249 2829 2595 2886 enarratione
2626 2831 2786 2900 quasi
2820 2831 3223 2895 comminuunt,
3258 2841 3317 2885 ut
3338 2833 3440 2887 ali-

1859 2931 2102 2978 mentum
2120 2921 2404 2992 spirituale
2420 2921 2635 2976 facilius
2662 2921 2834 2991 accipi
2861 2936 2890 2975 a
2914 2936 3145 2991 corpore.
3175 2921 3440 2978 Ecclesiae

1859 3013 2055 3083 possit,
2093 3011 2147 3066 hi
2179 3011 2425 3068 dentium
2463 3025 2602 3082 Opus
2633 3011 2953 3077 coniiciunt,
2987 3026 3348 3083 crassumque
3384 3023 3441 3069 et

1860 3104 2249 3160 consistentem
2297 3103 2450 3159 verbi
2501 3119 2697 3174 panem
2726 3119 2846 3160 'suo
2901 3118 2997 3160 ore
3038 3115 3337 3171 sumentes,
3385 3113 3440 3160 et

1864 3209 1960 3264 per
1987 3194 2323 3250 subtiliorem
2373 3195 2885 3265 contemplationem
2919 3203 3105 3266 aptum
3146 3196 3266 3252 esui
3310 3196 3440 3252 red-

1863 3286 2056 3342 dentes
2087 3285 2287 3340 animis
2334 3300 2525 3340 eorum
2561 3287 2656 3355 qui
2708 3287 3039 3358 suscipiunt,
3095 3296 3155 3342 ut
3207 3289 3440 3358 exempli

1863 3392 2032 3433 causa
2064 3377 2282 3448 (melius
2310 3387 2395 3433 est
2423 3378 2570 3434 enim
2598 3380 2862 3448 exemplis
2884 3393 3107 3436 sensum
3140 3380 3439 3450 exponere)

1863 3468 2056 3525 beatus
2093 3468 2298 3524 Paulus
2337 3483 2484 3523 nunc
2526 3469 2746 3538 quidem
2787 3469 3113 3539 simpliciter
3148 3480 3202 3526 et
3233 3471 3442 3540 absque

1865 3561 1975 3616 ulla
2012 3560 2431 3630 pratparatione,
2464 3567 2724 3630 tanquam
2754 3559 2992 3616 frustum
3023 3561 3296 3632 quoddam
3328 3578 3440 3618 non

1863 3650 2198 3714 confectum,
2222 3649 2380 3704 nobis
2397 3651 2656 3718 proponit
2682 3650 2816 3721 legis
2840 3661 3192 3720 praeceptum,
3218 3652 3436 3707 dicens:

1866 3742 1988 3796 Non
2011 3741 2285 3796 obturabis
2310 3758 2368 3796 os
2407 3741 2522 3796 bovi
2563 3743 2841 3796 triturauti
2865 3743 2934 3798 “.
2967 3742 3181 3798 Rursus
3213 3759 3334 3797 cum
3385 3744 3440 3798 id

1864 3831 2278 3888 comminuisset
2303 3846 2400 3900 per
2429 3831 2851 3902 expositionem,
2896 3831 3028 3886 facit
3068 3840 3128 3886 ut
3175 3832 3313 3902 legis
3341 3847 3441 3887 vo-

1865 3925 2047 3978 luntas
2075 3922 2235 3978 facile
2264 3921 2434 3992 possit
2455 3921 2648 3992 accipi,
2682 3922 2908 3978 dicens:
2944 3921 3092 3976 Num
3115 3921 3265 3978 boves
3297 3939 3440 3978 cum

1863 4023 1987 4071 sunt
2019 4012 2143 4079 Deo,
2185 4029 2255 4067 an
2295 4021 2508 4082 propter
2536 4029 2630 4068 nos
2670 4014 2885 4068 omnino
2918 4015 3117 4082 scripta
3139 4014 3359 4069 sunt"?
3387 4021 3441 4069 et

1863 4108 1970 4163 alia
2017 4107 2186 4161 multa
2238 4105 2534 4176 ejusmodi,
2588 4114 2668 4173 ut,
2721 4105 2995 4159 Abraham
3039 4106 3174 4160 duos
3217 4105 3442 4160 habebat

1862 4200 2027 4271 ﬁlios,
2085 4215 2246 4252 unum
2288 4213 2354 4254 es
2400 4197 2621 4262 ancilla,
2665 4206 2715 4251 et
2737 4212 2898 4250 unum
2930 4212 2994 4250 ex
3030 4195 3197 4250 libera
3225 4197 3293 4248 ⁸⁸.
3341 4195 3441 4250 llic

1864 4290 2022 4361 panis
2061 4298 2145 4344 est
2173 4303 2280 4342 non
2327 4286 2633 4342 conlectus.
2674 4285 2781 4340 Sed
2811 4285 3034 4356 quando
3082 4301 3206 4340 eum
3245 4284 3459 4340 deinde'

1865 4378 2266 4443 comminuens,
2317 4376 2448 4430 facit
2472 4377 2816 4431 esculentum
2855 4377 2921 4432 iis
2967 4379 3058 4447 qui
3099 4377 3436 4442 nutriuntur,

206 4459 462 4522 δουλείαν
480 4469 804 4540 γεννῶσαν
825 4487 838 4502 ο
865 4471 979 4540 τὴν
1001 4471 1069 4526 δὲ
1089 4472 1199 4541 τῆς
1222 4471 1507 4540 δουλείας
1522 4471 1758 4527 ἐλευθε-

1866 4469 1936 4523 ad
1973 4467 2440 4523 duoTestamenta
2471 4467 2737 4522 transfert
2781 4468 3087 4532 historiam,
3124 4484 3287 4521 unum
3320 4468 3438 4538 qui-

202 4553 434 4620 ροῦσαν.
465 4560 632 4618 υΰτω
658 4564 752 4616 καὶ
778 4567 957 4618 πάντα
981 4563 1071 4619 τὸν
1092 4565 1274 4635 νόμον,
1313 4563 1401 4617 ἵνα
1436 4563 1512 4634 μὴ
1534 4563 1604 4618 τὰ
1636 4562 1756 4618 καθ’

204 4641 410 4705 ἕκαστον
431 4651 687 4724 λέγοντες
709 4656 1093 4728 διατρίϐωμεν,
1128 4653 1444 4728 παχυμερὲς
1472 4653 1633 4725 σῶμα
1659 4653 1758 4707 λα-

203 4732 318 4807 θὼν,
345 4739 698 4800 λεπτύνειδιὰ
723 4748 822 4818 τῆς
843 4746 1093 4820 θεωρίας,
1115 4745 1480 4818 πνευματικὸν
1505 4743 1667 4798 αὑτὸν
1695 4745 1760 4798 ὲκ

209 4837 504 4900 σωματικοῦ
528 4837 897 4910 ἐργαζόμενος
921 4857 935 4872 ο
967 4837 1250 4909 Οἴδαμεν,
1274 4837 1470 4907 λέγων,
1495 4835 1633 4894 ὄτιό
1656 4837 1759 4890 νό-

199 4936 299 4987 μος
321 4927 723 4995 πνευματικός
749 4926 937 4982 ἐστιν.
957 4929 1138 4998 Ὅπερ
1165 4927 1344 4980 τοίνυν
1377 4928 1470 4980 ἐπὶ
1494 4927 1584 4981 τοῦ
1615 4927 1760 4982 Παύ-

201 5010 280 5064 λου
307 5021 744 5090 κατενοήσαμεν,
779 5020 855 5082 ὼς
886 5019 1112 5074 ὀδόντων
1141 5020 1299 5092 χρεία
1329 5023 1395 5091 τῇ
1443 5019 1758 5090 Ἐκκλησίᾳ,

201 5103 536 5176 πληρούντων
581 5113 640 5165 ἐν
671 5113 749 5183 τῷ
780 5112 1149 5166 διαλεπτύνειν
1181 5111 1279 5182 τὴν
1323 5111 1434 5166 τῶν
1477 5111 1762 5182 δογμάτων

202 5200 480 5268 σαφήνειαν
499 5218 514 5232 ο
541 5202 702 5256 τοῦτο
744 5203 840 5256 καὶ
865 5203 958 5257 ἐπὶ
985 5203 1183 5267 παντὸς
1214 5202 1308 5257 τοῦ
1357 5203 1496 5256 κατὰ
1532 5202 1762 5273 μίμησιν

200 5286 392 5342 ἐκείνου
442 5292 840 5364 διασαφοῦντος
891 5298 1021 5368 ἡμῖν
1067 5296 1128 5350 τὸ
1167 5297 1464 5368 μυστήριον
1507 5293 1758 5364 λέγομεν.

199 5379 393 5434 Οὐκοῦν
419 5384 638 5449 ὀδόντες
666 5387 774 5442 εἰσὶ
805 5388 902 5458 τῆς
949 5388 1277 5460 Ἐκκλησίας
1302 5389 1351 5441 οἱ
1385 5386 1484 5458 τὴν
1527 5384 1764 5456 ἀκατέρ-

1864 4559 1981 4614 dem
2005 4575 2258 4629 generans
2287 4557 2357 4610 ad
2393 4559 2711 4624 servitutem,
2745 4559 2972 4613 alterum
3003 4568 3176 4613 autem
3208 4559 3439 4613 liberans

1867 4670 1900 4707 a
1929 4652 2197 4707 servitute.
2229 4647 2321 4705 Sic
2349 4657 2404 4706 et
2442 4651 2754 4706 universam
2789 4651 2984 4720 legem,
3016 4667 3084 4706 ne
3119 4651 3175 4705 in
3209 4650 3440 4721 singulis

1867 4745 2244 4806 immoremur,
2291 4757 2414 4796 cum
2445 4757 2563 4797 eam
2594 4743 2898 4812 accepisset
2935 4757 3185 4798 crassum
3216 4757 3438 4812 corpus,

1867 4835 2193 4891 comminuit
2221 4850 2320 4905 per
2342 4835 2883 4905 contemplationem,
2913 4850 3032 4890 eam
3065 4851 3129 4891 ex
3169 4834 3441 4905 corporali

1865 4929 2104 4985 eﬂiciens
2139 4927 2502 4998 spiritualem,
2547 4927 2771 4982 dicens:
2816 4926 3024 4982 Scimus
3063 4928 3201 4998 quod
3236 4928 3320 4982 lea:
3360 4935 3438 4981 est

1867 5019 2164 5090 spiritualis
2189 5018 2251 5072 θ’.
2287 5017 2442 5084 Quod
2469 5033 2603 5087 ergo
2631 5019 2686 5072 in
2715 5017 2887 5074 Paulo
2931 5019 3438 5084 animadvertimus,

1869 5113 2112 5169 Ecclesia
2158 5126 2297 5181 opus
2325 5111 2489 5167 habet
2531 5111 2790 5169 dentibus
2829 5113 2898 5167 ad
2937 5112 3334 5168 conciliandam
3383 5110 3440 5165 in

1868 5201 2288 5261 comminuendo
2332 5201 2681 5273 dogmatibus
2707 5202 3012 5257 claritatem
3062 5219 3076 5259 :
3127 5202 3231 5256 hoc
3273 5201 3440 5256 etiam

1867 5297 2103 5353 dicimus
2131 5295 2184 5348 in
2213 5295 2327 5361 illo,
2377 5295 2474 5365 qui
2499 5295 2567 5350 ad
2606 5295 2727 5365 ejus
2762 5295 3122 5350 imitationem
3155 5293 3313 5350 nobis
3339 5293 3440 5348 de-

1862 5387 2034 5441 clarat
2063 5385 2342 5457 mysteria.
2373 5383 2513 5439 Sunt
2535 5399 2665 5455 ergo
2691 5384 2885 5440 dentes
2901 5383 3177 5448 Ecclesiae,
3207 5383 3298 5452 qui
3327 5394 3437 5434 non

199 5482 386 5530 γαστον
418 5474 530 5527 τῶν
566 5475 724 5532 θείων
756 5477 954 5546 λογίων
984 5479 1124 5533 πόαν
1155 5477 1604 5542 λεπτοποιοῦντες
1632 5479 1760 5549 ἡμῖν

1862 5478 2168 5534 confectam
2187 5477 2495 5532 divinorum
2513 5477 2855 5546 eloquiorum
2882 5477 3103 5532 herbam
3120 5474 3277 5530 nobis
3293 5487 3438 5527 com-

198 5563 283 5614 καὶ
342 5565 763 5637 μηρυκίζοντες.
813 5570 1027 5640 Ὠσπερ
1081 5571 1262 5624 τοίνυν
1297 5569 1606 5642 ὑπογράφει
1659 5567 1760 5622 τῶν

1866 5572 2120 5626 minuunt
2146 5578 2201 5625 et
2231 5569 2528 5624 ruminant.
2562 5567 2683 5634 Quo
2725 5567 2890 5624 modo
2933 5583 3063 5638 ergo
3105 5577 3295 5622 eorum
3343 5563 3439 5636 qui

266 5743 350 5798 “l
383 5747 516 5805 Cor.
551 5764 630 5813 ix,
666 5750 699 5806 θ
732 5768 887 5821 sqq.;
925 5750 1078 5810 Deut.
1137 5767 1262 5817 xxv,
1301 5753 1346 5806 ί.

1426 5753 1465 5783 π
1503 5749 1634 5806 ibid,
1714 5750 1755 5781 δη
1783 5746 1960 5804 Galat.
2003 5763 2078 5808 tv.
2120 5746 2189 5800 Sit
2238 5762 2360 5817 sfl‘l-

2441 5749 2485 5778 ⁸ο
2543 5745 2696 5800 Rom.
2767 5759 2860 5810 vn,
2913 5743 2997 5799 M.
