3948 6192
501 318 608 375 δεῖ

1701 313 1758 368 S.
1786 312 2114 369 GREGORII
2144 311 2438 367 NYSSENI
3575 316 3659 372 εἶξε

506 439 708 490 bonum
741 448 882 505 Opus
924 432 1274 503 episcopatus
1301 430 1613 488 desiderant
1637 432 1704 495 '°,
1743 432 1958 501 singula
1991 432 2069 485 di-

2203 429 2269 481 ‘0'3
2298 429 2464 482 καλοῦ
2491 427 2653 498 ἔργου
2679 425 2778 495 τῆς
2812 424 3121 493 ἐπισκοπῆς
3151 424 3456 494 ὀρεγομένων
3481 426 3552 478 τὸν
3576 429 3662 497 βίον

504 525 667 580 vinus
699 528 1193 594 describitPaulus,
1210 534 1262 580 et
1281 526 1535 579 convenit
1571 540 1696 579 eum
1748 525 1843 594 qui
1883 538 2082 578 munus

504 617 707 686 accipit
734 617 1106 687 episeogatus,
1149 631 1273 671 cum
1298 610 1555 671 omnibus
1579 615 1779 670 habere
1804 616 1967 669 etiam
1992 615 2085 668 do-

505 709 663 763 eendi
720 709 997 779 gratiam:
1037 709 1117 762 sic
1163 708 1251 762 hic
1298 722 1414 771 eos,
1467 707 1560 777 qui
1598 706 1663 761 ad
1715 706 2081 762 ministerium

509 798 758 853 dentium
789 796 1027 853 ordinati
1063 806 1192 851 sunt
1220 797 1273 851 in
1304 797 1569 862 Ecclesia,
1610 797 1728 851 vult
1765 796 1941 851 oratio
1965 796 2085 865 qui-

505 888 628 942 dem
659 888 892 957 primum
921 903 1047 943 esse
1087 896 1296 950 tensos,
1326 887 1432 944 hoc
1463 896 1548 942 est
1585 886 2086 955 nudatos‘pondere

507 979 807 1044 materiali,
849 978 1044 1033 deinde
1095 979 1313 1034 lavacro
1351 978 1702 1033 conscientiae
1743 991 1870 1032 esse
1917 991 2086 1045 puros

508 1071 578 1125 ab
604 1071 754 1125 omni
788 1070 1205 1141 inquinamento
1235 1070 1418 1126 carnis
1447 1079 1503 1126 et
1531 1070 1795 1139 spiritus:
1824 1074 2085 1138 praeterea
2140 1082 2151 1087 ”

510 1178 727 1232 semper
754 1178 852 1233 per
875 1162 1181 1233 profectum
1215 1162 1512 1219 ascendere
1541 1170 1595 1217 et
1626 1177 1903 1231 nunquam
1941 1168 2088 1217 retro

512 1254 651 1308 trahi
683 1254 749 1309 ad
788 1254 1148 1321 barathrum;
1202 1261 1482 1324 postremo
1526 1262 1708 1308 autem
1744 1253 1947 1323 duplici
1987 1254 2087 1307 bo-

512 1361 704 1403 norum
736 1347 1097 1413 conceptione
1125 1345 1368 1416 proﬁteri
1402 1347 1806 1416 generationem
1848 1347 1903 1400 in
1940 1345 2089 1400 omni

514 1454 714 1507 genere
738 1440 980 1499 virtutis.
1010 1447 1065 1493 et
1104 1438 1157 1492 in
1187 1440 1337 1493 nullo
1368 1439 1600 1494 honesto
1626 1439 1811 1494 studio
1837 1448 1893 1494 et
1929 1455 2090 1495 exer.

511 1530 643 1587 citio
682 1546 806 1587 esse
835 1532 1070 1587 steriles.

580 1715 790 1785 Duplex
833 1726 1013 1771 autem
1058 1726 1357 1785 conceptus
1382 1715 1598 1769 exsistit
1629 1715 1861 1784 aenigma
1893 1729 2093 1784 appro-

511 1807 753 1862 bationis
780 1808 1068 1875 utriusque
1096 1822 1286 1862 eorum
1318 1822 1440 1877 quae
1466 1806 1887 1862 considerantur
1910 1807 1963 1860 in
1994 1823 2092 1861 no-

512 1898 619 1958 bis.
664 1907 725 1953 ut
755 1899 1024 1967 ejusmodi
1057 1899 1249 1954 dentes
1296 1900 1555 1969 gemellos
1604 1899 1841 1968 pariant,
1897 1899 2093 1953 anima!

513 1990 734 2058 quidem
762 1990 1243 2059 impatibilitatem,
1279 1991 1404 2043 vita:
1433 1999 1612 2043 autem
1661 1990 1928 2059 corporali
1965 2005 2093 2059 pro-

516 2089 767 2134 creantes
811 2080 1194 2144 honestatem;
1251 2078 1532 2145 Sllhjllngil
1565 2077 1648 2130 his
1696 2086 2094 2146 consequenter

450 2178 453 2181 '
516 2167 732 2224 laudem
758 2166 931 2225 labris
975 2167 1410 2230 convenientem,
1451 2166 1539 2220 ﬁlo
1580 2169 1843 2221 coccineo
1885 2168 2094 2222 assimi-

516 2259 639 2314 lans
687 2259 1168 2330 pulchritudinem,
1228 2258 1387 2326 cujus
1442 2258 1949 2327 interpretationem
2013 2260 2093 2315 eis

518 2350 826 2418 subjunxit,
884 2350 1175 2417 pulchrum
1225 2363 1533 2405 sermonem
1581 2350 1727 2404 ﬁlum
1779 2350 2090 2404 nominans.

515 2439 629 2493 lloc
658 2448 840 2494 autem
887 2440 942 2493 in
970 2439 1038 2495 iis
1075 2454 1197 2509 qua:
1227 2447 1629 2508 prtecesserunt
1672 2438 1784 2508 jam
1823 2448 1904 2494 est
1939 2442 2093 2509 prius

516 2532 945 2593 consideratum,
1011 2546 1210 2600 nempe
1273 2530 1729 2599 quemadmodum
1791 2530 2094 2585 ministerio

518 2624 788 2687 dentium,
835 2636 956 2691 qua:
999 2630 1080 2675 est
1129 2621 1183 2675 in
1225 2621 1415 2683 labris,
1451 2628 1680 2675 ornatur
1721 2621 2088 2690 pulchritudo.

516 2715 624 2769 Per
662 2715 855 2770 dentes
893 2715 1059 2773 enim.
1095 2714 1198 2769 hoc
1240 2722 1324 2769 est
1361 2729 1456 2785 per
1480 2715 1878 2784 expositionem
1911 2713 2096 2768 docte-

519 2822 664 2871 rum,
698 2807 857 2861 simul
884 2806 1127 2875 loquitur
1156 2820 1218 2859 os
1246 2806 1518 2860 Ecclesiae.
1544 2806 1834 2875 l’rOpterea
1858 2806 2093 2874 primum

521 2901 819 2957 tondentur
854 2902 1064 2963 dentes,
1096 2908 1149 2953 et
1176 2901 1449 2961 lavantur,
1487 2903 1540 2949 et
1568 2912 1675 2949 non
1708 2904 1835 2949 sunt
1859 2896 2094 2959 steriles,

520 3000 574 3046 et
612 2992 859 3061 geminos
910 2992 1151 3059 pariunt,
1195 2998 1249 3043 et
1290 2998 1423 3042 tunc
1462 2987 1655 3041 ﬂorent
1707 2987 1858 3040 labra
1919 2987 2098 3056 specie

523 3082 805 3147 coccinea,
836 3082 1055 3151 quando
1094 3081 1350 3133 universa
1394 3078 1559 3132 fuerit
1588 3078 1826 3133 Ecclesia
1862 3080 1915 3132 in
1963 3080 2092 3133 boni

524 3182 792 3229 concentu
826 3174 1037 3226 labrum
1078 3186 1248 3226 unum
1292 3178 1346 3226 et
1369 3186 1470 3225 vox
1502 3186 1628 3224 una.
1662 3170 1754 3225 Est
1784 3182 1964 3225 autem
1998 3171 2102 3225 du-

523 3265 647 3333 plex
678 3264 919 3318 ostensio
952 3261 1403 3333 pulchritudinis.
1446 3260 1566 3315 Non
1614 3261 1789 3316 solum
1825 3262 1969 3316 enim
2003 3262 2101 3316 ab-

525 3355 701 3408 solute
750 3353 897 3407 ﬁlum
951 3354 1083 3407 dicit
1129 3368 1253 3407 esse
1291 3353 1481 3406 labra:
1535 3352 1627 3407 sed
1688 3351 1894 3406 addidit
1939 3352 2101 3406 etiam

525 3444 712 3499 ﬂorem
744 3444 872 3498 boni
902 3445 1125 3508 coloris,
1173 3445 1309 3499 adeo
1336 3452 1396 3498 ut
1428 3459 1523 3513 per
1553 3452 1847 3514 utrumque
1879 3452 2105 3498 ornetur

526 3552 587 3592 os
618 3536 893 3601 Ecelesim,
934 3551 1129 3607 nempe
1168 3546 1220 3591 et
1268 3553 1364 3607 per
1395 3537 1542 3591 ﬁlum
1571 3544 1624 3591 et
1653 3553 1750 3607 per
1791 3539 2101 3601 coccinum,

524 3627 672 3694 quod
702 3629 755 3682 in
798 3635 1029 3697 utraque
1068 3637 1221 3697 parte
1246 3637 1331 3683 est
1363 3629 1644 3699 preprium
1675 3644 1739 3682 ac
1766 3637 2101 3700 separatum.
2138 3633 2155 3641 ’

526 3716 661 3772 Nam
700 3734 797 3787 per
832 3718 915 3772 ﬁla
943 3720 1161 3788 quidem
1190 3720 1421 3773 docetur
1443 3721 1860 3774 consensionem
1890 3736 1954 3775 ac
1977 3735 2105 3775 con-

530 3810 797 3873 sordium,
833 3817 893 3864 ut
923 3826 985 3865 ea
1016 3820 1129 3864 tota
1164 3811 1215 3864 in
1255 3810 1343 3864 ﬁlo
1379 3812 1450 3866 sit
1479 3826 1587 3865 una
1618 3820 1671 3866 et
1698 3813 1887 3866 eadem
1915 3822 2103 3866 catena

530 3916 591 3955 ex
647 3901 875 3956 diversis
918 3901 1023 3957 ﬁlis
1061 3910 1360 3969 contexta;
1416 3918 1513 3972 per
1556 3904 1845 3957 coccinum
1896 3911 2103 3968 autem,

530 3991 595 4044 ad
629 3992 949 4059 sanguinem
992 4008 1088 4061 per
1115 4008 1273 4061 quem
1326 3993 1589 4061 redempti
1631 4009 1822 4048 sumus
1854 4002 1912 4047 ut
1960 3994 2108 4063 aspi-

528 4080 639 4134 ciat
676 4080 926 4145 docetur,
955 4089 1008 4135 et
1035 4080 1440 4136 confessionem
1474 4084 1647 4149 ipsam
1691 4081 1744 4134 in
1779 4097 1875 4136 ore
1910 4081 2108 4137 habeat

529 4171 673 4242 eius.
705 4173 798 4242 qui
827 4188 928 4227 nos
961 4189 1061 4228 suo
1088 4173 1317 4228 redemit
1358 4173 1647 4243 sanguine.
1680 4172 1816 4227 Nam
1859 4189 1955 4243 per
1994 4174 2108 4228 haec

532 4266 697 4320 ambo
755 4264 922 4319 labris
972 4263 1231 4320 Ecclesia:
1280 4265 1535 4334 impletus
1589 4274 1674 4319 est
1729 4281 1860 4320 suus
1919 4265 2105 4331 decor,

528 4358 757 4427 quando
787 4364 841 4411 et
895 4357 1026 4412 ﬁdes
1066 4358 1323 4428 praelucet
1357 4356 1711 4420 confessioni,
1766 4367 1820 4412 et
1866 4357 2109 4414 charitas

2183 524 2212 574 ὁ
2244 521 2384 583 θεῖος
2426 518 2745 580 Ἀπόστολος
2769 556 2784 579 ,
2832 516 3010 584 λέγων
3056 515 3123 568 τὰ
3165 516 3275 567 καθ’
3313 517 3542 580 ἕκαστον,
3581 515 3663 575 οἷον

2184 610 2323 666 εἶναι
2345 612 2611 682 προσήκει
2642 611 2730 663 τὸν
2762 610 2865 679 τῆς
2896 608 3195 679 ἱερωσύνης
3228 608 3592 677 ἐπειλημμένον,
3611 612 3666 676 ὡς

2188 709 2327 777 μετὰ
2358 705 2573 758 πάντων
2599 704 2693 756 καὶ
2731 701 2829 772 τὴν
2855 700 3167 770 διδακτικὴν
3191 701 3338 770 χάριν
3359 700 3500 769 ἔχειν’
3538 702 3668 766 οὕτως

2186 802 2421 857 ἐνταῦθα
2443 803 2569 863 τοὺς
2599 801 2678 863 είς
2703 799 2930 852 ὀδόντων
2962 795 3255 868 ὑπηρεσίαν
3283 794 3595 864 τεταγμένους
3628 798 3671 848 ὲν

2185 898 2251 966 τῇ
2295 894 2593 965 Ἐκκλησία
2664 892 2917 963 βούλεται
2966 892 2995 944 ὁ
3031 890 3186 957 λόγος
3233 889 3432 959 πρῶτον
3458 889 3675 959 κεκαρμέ-

2187 1007 2312 1053 νους
2336 983 2476 1041 εἶναι
2496 1027 2510 1050 ,
2541 985 2791 1039 τουτέστι
2833 984 3014 1063 πάσης
3047 981 3232 1050 ὑλικῆς
3273 978 3531 1050 ἀχθηδόνος
3556 998 3677 1048 γεγο-

2177 1079 2506 1151 ,μνωμένους
2523 1094 2535 1108 ο
2564 1072 2682 1130 εἶτα
2807 1074 3019 1146 λουτρῷ
3044 1074 3142 1143 τῆς
3182 1072 3507 1143 συνειδήσεως
3528 1072 3680 1135 παντὸς

2193 1171 2467 1243 μολυσμοῦ
2491 1170 2690 1240 σαρκὸς
2715 1170 2809 1222 καὶ
2833 1166 3141 1237 πνεύματος
3165 1165 3531 1233 καθαρεύοντας
3548 1181 3559 1194 ·
3581 1164 3681 1234 πρὸς

2190 1263 2401 1326 τούτοις
2434 1266 2511 1324 εἰς
2532 1263 2619 1315 ἀεὶ
2652 1262 2741 1314 διά
2775 1258 3056 1329 προκοπῆς
3081 1256 3451 1318 ἀναϐαίνοντας
3470 1294 3482 1316 ,
3509 1256 3586 1307 καὶ
3609 1272 3685 1325 μηο

2190 1357 2383 1409 δέποτε
2415 1355 2553 1425 πρὸς
2580 1352 2641 1406 τὸ
2669 1351 2904 1422 ἔμπαλιν
2949 1348 3409 1419 κατασυρομένους
3440 1347 3518 1398 ἐπὶ
3542 1346 3591 1397 τὸ
3613 1346 3685 1414 βάς

2197 1445 2294 1516 ραθ
2305 1462 2391 1516 ρον
2412 1464 2429 1479 ·
2487 1443 2579 1497 ἐπὶ
2613 1444 2746 1495 πᾶσι
2770 1441 2827 1494 δὲ
2856 1438 3070 1501 διπλαῖς
3098 1441 3217 1501 ταῖς
3241 1436 3344 1489 τῶν
3369 1434 3563 1504 ἀγαθῶν
3586 1452 3691 1502 κνη-

2198 1538 2381 1607 μάτων
2406 1536 2593 1603 γοναῖς
2631 1534 2770 1586 κατά
2805 1533 2911 1584 πᾶν
2940 1526 3077 1592 εἶδος
3105 1528 3298 1596 ἀρετῆς
3338 1525 3691 1594 ὲπαγάλλεσθαι,

2195 1629 2287 1681 καὶ
2318 1628 2375 1680 ἐν
2411 1626 2599 1696 μηδενὶ
2631 1625 2737 1677 τῶν
2770 1623 2951 1677 καλῶν
2982 1619 3418 1689 ἐπιτηδευμάτων
3449 1618 3644 1684 ἀγονεῖν.

2266 1720 2341 1773 Τὸ
2370 1719 2426 1771 δὲ
2460 1716 2681 1771 διπλοῦν
2713 1715 2921 1785 κύημα,
2967 1714 3197 1782 αἴνιγμα
3223 1711 3316 1779 τῆς
3348 1709 3461 1762 καθ’
3489 1708 3696 1775 ἑκάτερον

2201 1808 2406 1877 γίνεται
2435 1806 2540 1860 τῶν
2566 1809 2623 1859 ἐν
2655 1808 2787 1875 ἡμῖν
2815 1801 3154 1873 νενοημένων
3180 1799 3568 1867 εύδοκιμήσεως,
3594 1794 3696 1847 ὥστε

2197 1898 2580 1968 διδυμοτόκους
2617 1894 2753 1949 εἶναι
2795 1896 2920 1956 τοῦς
2963 1892 3240 1953 τοιούτους
3281 1890 3482 1950 ὀδόντας
3504 1904 3516 1917 ο
3546 1889 3601 1956 τῇ
3631 1886 3698 1954 μὲν

2196 1992 2340 2061 ψυχῇ
2372 1989 2469 2060 τὴν
2494 1988 2781 2051 ἀπάθειαν,
2808 1986 2883 2055 τῷ
2919 1985 2974 2037 δὲ
3006 1980 3298 2053 σωματικῷ
3329 1979 3421 2049 βίῳ
3449 1978 3536 2047 την
3559 1977 3702 2044 557/3-

2202 2083 2442 2153 μοσύνην
2482 2080 2816 2148 γεννῶντας
2852 2076 3045 2143 ὲπάγει
3084 2073 3294 2132 τούτοις
3333 2070 3420 2122 τὸν
3446 2067 3507 2120 δι’
3532 2062 3704 2119 ἀκολού-

2201 2176 2294 2228 θου
2346 2172 2719 2242 ὲπιπρέποντα
2771 2171 2880 2231 τοῖς
2926 2167 3167 2237 χείλεσιν
3221 2162 3453 2223 ἔπαινον,
3508 2155 3706 2227 σπαρτίῳ

2201 2265 2534 2331 κοκκοδαφεί
2569 2259 2917 2333 παρεικάζων
2948 2258 3007 2311 τὸ
3035 2255 3255 2322 κάλλος,
3276 2246 3333 2306 οὗ
3361 2252 3450 2319 τὴν
3473 2246 3709 2320 ἑρμηνείαν

2202 2357 2363 2417 αὐτὸς
2396 2356 2676 2426 ἐπήγαγεν
2700 2392 2713 2414 ,
2750 2349 2941 2403 λαλιὰν
2997 2347 3211 2419 ὡραίαν
3253 2346 3312 2398 τὸ
3346 2342 3579 2413 σπαρτίον
3611 2354 3709 2390 κατ-

2203 2449 2493 2520 ονομάσας.
2537 2444 2709 2499 Τοῦτο
2734 2443 2791 2496 δὲ
2825 2443 3010 2504 ἐντοῖς
3045 2439 3316 2509 φθάσασιν
3341 2435 3433 2506 ἤδη
3466 2428 3713 2503 προτεθεὼ-

2203 2557 2382 2614 ρηται,
2415 2539 2533 2600 πῶς
2563 2539 2627 2607 τῇ
2658 2535 2766 2587 τῶν
2792 2533 3021 2587 ὀδόντων
3060 2529 3334 2600 ὑπηρεσίᾳ
3358 2527 3414 2579 τὸ
3445 2527 3495 2577 ὲν
3520 2523 3614 2584 τοῖς
3636 2516 3713 2588 χείι

2200 2633 2346 2684 λεσιν
2379 2628 2674 2701 ὡραΐζεται
2706 2626 2920 2688 κάλλος.
2961 2622 3039 2694 Τῇ
3077 2623 3189 2694 γὰρ
3221 2622 3325 2674 τῶν
3362 2619 3585 2680 ὀδόντων,
3623 2631 3717 2667 τον-

2201 2724 2351 2776 τέστι
2394 2721 2499 2775 τῶν
2531 2715 2923 2773 διδασκαλικῶν
2958 2715 3339 2785 ύφηγημέιτων
3371 2712 3425 2764 τὸ
3469 2708 3619 2779 στόμα
3643 2704 3718 2773 τῆς

2214 2812 2539 2881 Ἐκκλησίας
2564 2828 2623 2863 συ
2633 2809 2991 2879 μφθέγγεται.
3019 2806 3120 2858 Διὰ
3141 2804 3298 2858 τοῦτο
3327 2802 3525 2872 πρῶτον
3547 2799 3587 2850 οἱ
3609 2795 3721 2849 ὀδόν-

2202 2924 2291 2971 τες
2328 2907 2600 2976 κείρονται
2637 2903 2729 2955 καὶ
2754 2901 3021 2962 λούονται,
3054 2900 3151 2951 καί
3200 2898 3297 2950 οὑκ
3334 2891 3610 2949 ἀπκνοῧσι,
3650 2884 3722 2938 καὶ

2202 2998 2570 3069 διδυμεύουσι,
2623 2994 2718 3046 καὶ
2748 2992 2868 3045 τότε
2920 2990 2999 3060 τῷ
3049 2988 3290 3057 κοκκίνῳ
3353 2986 3474 3038 εῖδει
3504 2981 3564 3034 τά
3592 2978 3714 3050 χείλη

2206 3087 2631 3161 περιανθίζεται,
2661 3086 2787 3137 ὅταν
2815 3083 3037 3153 γένηται
3070 3083 3224 3134 πᾶσα
3253 3080 3285 3148 ἠ
3319 3074 3591 3144 Ἐκκλησία
3615 3067 3724 3122 κατὰ

2203 3182 2300 3252 τὴν
2330 3179 2422 3234 τοῦ
2450 3177 2652 3246 ἀγαθοῦ
2683 3175 3003 3246 συμφωνίαν
3035 3174 3215 3243 χεῖλος
3250 3170 3309 3222 ’ἐν
3352 3170 3442 3223 καὶ
3472 3163 3605 3236 crevi;
3633 3161 3724 3232 μία.

2205 3251 2433 3327 Διπλοῦν
2459 3270 2514 3323 δὲ
2543 3268 2637 3323 τοῦ
2685 3268 2914 3329 κάλλους
2950 3267 3065 3318 ἐστὶ
3106 3265 3171 3317 τὸ
3205 3262 3518 3329 ὑπόδειγμα.
3546 3257 3610 3309 Oti
3646 3251 3725 3335 γᾶρ

2209 3366 2366 3435 μόνον
2406 3361 2592 3423 ἀπλῶς
2638 3360 2897 3430 σπαρτίον
2931 3358 3092 3426 φησὶν
3143 3350 3282 3407 εἶναι
3314 3352 3381 3404 τὰ
3424 3348 3562 3421 χείλη
3589 3363 3600 3375 ·
3626 3342 3727 3398 ἀλὶὰ

2207 3455 2515 3527 προσέθηκε
2563 3453 2656 3506 καὶ
2691 3451 2790 3520 τῆς
2825 3449 3076 3519 εύχροίας
3103 3446 3169 3498 τὸ
3200 3444 3379 3506 ἄνθος,
3405 3442 3536 3493 ὥστε
3561 3438 3617 3489 δι’
3645 3435 3728 3502 ἁμ-

2207 3546 2447 3618 ιροτέρων
2490 3541 2926 3606 καλλωπίζεσθαι
2963 3541 3061 3609 τῆς
3097 3534 3428 3606 Ἑκκλησίας
3469 3531 3525 3584 τὸ
3561 3526 3725 3594 στόμι’

2206 3640 2295 3693 διά
2328 3655 2386 3691 τε
2424 3635 2519 3690 τοῦ
2566 3634 2830 3706 σπαρτίου
2869 3633 2963 3685 καὶ
3012 3629 3102 3683 τοῦ
3138 3627 3426 3687 κοκκίνου,
3474 3618 3731 3681 ἰδιαξτῖντί’³ἶ

2207 3729 2328 3782 καθ’
2360 3727 2616 3797 ἑκάτερον
2642 3725 2824 3796 μέρος.
2844 3722 2934 3793 Τῷ
2948 3723 3044 3792 μὲν
3068 3721 3302 3792 γὰρσπα
3313 3717 3439 3789 ρτίῳ
3465 3716 3732 3797 ὁμογνωμο-

2209 3822 2373 3890 σύνην
2416 3818 2760 3873 παιδεύεται·
2808 3816 2948 3868 ὥστε
2984 3814 3167 3866 πᾶσαν
3214 3812 3383 3880 αὐτὴν
3416 3808 3471 3860 ἒν
3516 3796 3733 3869 σπαρτίον

2208 3913 2300 3964 καὶ
2360 3911 2487 3981 μίαν
2526 3908 2776 3977 γενέσθαι
2824 3904 3010 3975 σειρὰν
3056 3905 3121 3957 ἐκ
3168 3902 3439 3972 διαφόρων
3496 3890 3733 3981 νοημάἱων

2209 3998 2699 4068 συγκεκλωσμὲνην
2720 4015 2732 4028 ·
2767 3996 2855 4049 διὰ
2884 3995 2940 4047 δὲ
2971 3992 3063 4046 τοῦ
3095 3993 3357 4045 κοκκίνου
3396 3986 3521 4057 πρὸς
3550 3982 3600 4035 τὸ
3626 3975 3734 4045 αἷμα

2206 4090 2272 4143 δι’
2292 4067 2366 4142 οὗ
2397 4067 2779 4159 ἐλυτρώθημεν
2816 4085 3034 4155 βλέπειν
3061 4083 3399 4142 διδάσκεται,
3431 4076 3518 4130 καὶ
3559 4072 3631 4125 ἀεὶ
3655 4067 3731 4136 τὴν

2207 4178 2495 4249 ὁμολογίαν
2536 4177 2624 4230 διὰ
2665 4175 2927 4245 στόματος
2977 4175 3184 4244 φέρειν,
3218 4172 3313 4226 τοῦ
3357 4165 3733 4237 ἐξαγυράσαντπ

2209 4268 2356 4337 ἡμᾶς
2388 4266 2475 4319 διὰ
2509 4264 2604 4318 τοῦ
2653 4265 2903 4335 αἵματος.
2950 4263 3028 4315 Δι’
3067 4262 3398 4333 ἀμφοτέρων
3434 4257 3535 4327 γὰρ
3572 4250 3731 4304 τούτων

2209 4360 2325 4411 ίεστλ⁸
2354 4356 2703 4429 πληρουμένη
2739 4359 2850 4418 τοῖς
2881 4355 2981 4424 τῆς
3016 4354 3348 4423 Ἐκκλησίας
3374 4349 3597 4421 χείλεσιν
3620 4343 3645 4411 ἡ
3668 4337 3732 4390 εὖο

530 4465 654 4503 cum
708 4448 811 4503 ﬁde
860 4451 1190 4504 contexitur.
1242 4448 1376 4503 Cum
1412 4449 1484 4504 sit
1538 4455 1718 4504 autem
1750 4465 1889 4519 opus
1938 4451 2098 4506 veluti

2213 4448 2480 4517 πρέπεια,
2536 4448 2663 4499 ὅταν
2721 4446 2812 4498 καὶ
2852 4447 2884 4513 ἡ
2940 4446 3123 4506 πίστις
3157 4445 3263 4513 τῆς
3307 4439 3577 4512 ὁμολογίας

531 4536 766 4605 quadam
816 4536 1133 4592 deﬁnitione
1163 4537 1628 4606 comprehendere
1670 4539 1999 4607 exemplum,
2051 4541 2103 4593 id

531 4629 677 4697 quod
703 4630 910 4683 dictum
938 4638 1040 4689 est,
1083 4629 1165 4684 sic
1209 4627 1907 4683 deﬁniemus:Coecineum
1955 4628 2102 4683 ﬁlum

532 4726 617 4772 est
657 4719 789 4773 ﬁdes
839 4735 958 4788 qua:
1000 4728 1261 4789 operatur
1289 4734 1383 4788 per
1418 4718 1800 4773 dilectionem:
1856 4719 1991 4774 adeo
2046 4727 2106 4774 ut

535 4808 693 4862 ﬁdem
725 4810 942 4875 quidem
976 4810 1265 4880 signiﬁcet,
1299 4811 1586 4865 coccinum
1641 4810 1961 4867 charitatem
2004 4828 2104 4865 au-

535 4907 644 4954 tem
708 4898 1097 4969 interpretetur
1148 4901 1310 4956 ﬁlum.
1376 4901 1471 4957 His
1525 4909 1717 4956 ornata
1777 4918 1899 4958 esse
1953 4905 2103 4958 labra

536 5004 751 5059 sponsae
783 4996 1011 5045 testatur
1037 4991 1261 5044 veritas.
1295 4991 1529 5047 Pulcher
1551 5000 1732 5048 autem
1767 5010 1948 5049 sermo
1974 4997 2107 5050 sub-

534 5079 700 5133 tiliori
719 5078 898 5161 aliqua
916 5080 1390 5148 contemplatione,
1416 5089 1511 5135 aut
1527 5084 1633 5136 alia
1658 5084 2106 5155 interpretatione

537 5185 647 5225 non
694 5170 918 5240 indiget.
978 5170 1154 5225 Antea
1211 5170 1356 5225 enim
1422 5171 1719 5227 declaravit
1778 5178 2102 5246 Apostolus,

536 5261 683 5333 quod
710 5262 801 5317 hic
828 5277 1009 5320 sermo
1031 5269 1116 5318 est
1146 5262 1372 5317 verbum
1399 5261 1520 5317 ﬁdei
1558 5266 1702 5334 quod
1727 5269 2104 5335 prmdicamus,

542 5355 784 5412 dicens"
804 5374 817 5411 :
837 5353 900 5411 Si
920 5354 1188 5423 confessus
1207 5353 1371 5423 fuerit
1389 5364 1578 5409 oretuo
1596 5355 1881 5412 Dominum
1900 5358 2103 5425 Iesum,

534 5461 589 5498 et
613 5444 900 5500 credideris
926 5444 981 5497 in
1018 5442 1176 5497 corde
1202 5454 1313 5507 tuo,
1341 5443 1480 5514 quod
1518 5443 1657 5499 Deus
1687 5447 1859 5516 ipsum
1887 5451 2108 5504 suscita-

537 5536 611 5592 νει
640 5538 940 5603 amortuis,
989 5536 1167 5591 salvus
1206 5536 1331 5591 erit.
1378 5534 1551 5591 Corde
1592 5539 1731 5592 enim
1771 5539 2003 5593 creditur
2038 5544 2106 5595 ad

605 5707 652 5741 ”
703 5709 726 5763 ι
793 5710 1031 5769 Τὶιιιοιιιι
1073 5728 1154 5782 tu,
1190 5713 1242 5770 1.
1311 5711 1352 5744 ⁵³
1421 5712 1575 5768 Rom.
1621 5731 1675 5782 ι,
1710 5714 1760 5775 9.
1805 5715 1884 5769 10.

2214 4536 2403 4606 λάμπῃ
2422 4574 2436 4594 .
2466 4537 2613 4606 καὶὴ
2644 4536 2832 4605 ἀγάπη
2861 4538 2925 4604 τῇ
2960 4534 3139 4586 πίστει
3179 4533 3561 4603 συμπλέκηται.
3594 4517 3733 4577 Καὶεί

2212 4627 2317 4699 χρὴ
2359 4627 2545 4698 ῶσπερ
2585 4627 2798 4699 ὁρισμῴ
2848 4644 2953 4679 τινι
3000 4627 3318 4697 περιλαϐεῖν
3358 4626 3419 4677 τὸ
3450 4610 3728 4684 ὑπόδειγμαΪ·

2210 4719 2352 4771 οὕτω
2394 4719 2455 4770 τὸ
2491 4719 2653 4789 ῥηθὲν
2682 4717 2975 4791 ὁριούμεθα
3005 4731 3019 4745 ⁹
3067 4717 3323 4771 κόκκινον
3366 4714 3607 4785 σπαρτίον
3645 4701 3729 4758 ἐπὶ

2211 4812 2393 4875 πίστις
2433 4812 2500 4865 δι’
2533 4814 2754 4881 ἀγάπης
2787 4811 3149 4882 ἐνεργουμένη
3174 4854 3188 4874 ,
3234 4810 3311 4873 ὡς
3347 4812 3412 4880 τῇ
3461 4808 3619 4858 πίστει
3656 4795 3729 4865 μὲν

2208 4901 2496 4971 δηλοῦσθαι
2535 4903 2598 4955 τὸ
2642 4902 2927 4955 κόκκινονο
2964 4904 3029 4971 τῇ
3073 4900 3129 4953 δὲ
3177 4900 3372 4971 ἀγάπῃ
3421 4897 3479 4950 τ),
3519 4885 3727 4960 σπαρτίοί

2209 4991 2679 5064 διερμηνεύεσθαι.
2716 4992 2937 5054 Τούτοις
2983 4990 3364 5060 κεκοσμῆσθαι
3391 4985 3459 5040 τά
3489 4982 3621 5054 χείλη

2211 5059 2429 5153 νύμιρηνς
2482 5084 2748 5153 μαρτυρεῖ
2787 5083 2820 5151 ἡ
2872 5079 3121 5150 ἀλήθεια.
3175 5059 3241 5132 Ἡ
3293 5078 3349 5131 δὲ
3400 5074 3565 5145 ὡραία
3608 5059 3729 5120 λαλά

2212 5174 2442 5245 θεωρίας
2487 5172 2630 5236 τινὸς
2678 5171 3005 5244 λεπτοτέρας
3047 5172 3080 5242 ἢ
3123 5170 3426 5241 ἑρμηνείας
3473 5164 3619 5232 ἄλλης
3653 5154 3727 5207 οὒκ

2212 5267 2500 5321 ἐπιδέεται.
2523 5267 2737 5329 Φθάσας
2763 5265 2869 5336 γάρ
2894 5263 3222 5333 διεσάφησεν
3252 5264 3280 5315 ὁ
3323 5254 3638 5313 Ἀπόστολος,

2213 5359 2426 5429 ἠλαλιά
2465 5358 2603 5429 αὕτη
2640 5358 2699 5411 τὸ
2734 5335 2883 5429 ῥῆμα
2922 5358 3020 5427 τῆς
3050 5353 3290 5416 πίστεώς
3319 5354 3480 5414 ἐστιν,
3518 5346 3544 5399 δ
3568 5335 3728 5410 11:953-

2216 5469 2400 5521 σομεν,
2443 5449 2582 5505 Ἐὰν
2610 5449 2993 5521 ὁμολογήσῃς
3015 5445 3091 5512 τῷ
3125 5444 3384 5514 στόματί
3418 5455 3528 5496 σου
3556 5432 3730 5521 Κύριυνς

2228 5543 2489 5605 Ἰησοῦν,
2526 5542 2618 5595 καὶ
2657 5543 2992 5608 πιστεύσῃς
3023 5540 3090 5593 ἐν
3114 5536 3189 5607 τῇ
3223 5535 3434 5603 καρδίᾳ
3459 5545 3592 5593 σου,
3619 5512 3737 5574 δτιδ
