3948 6192
270 204 350 279 9'29
1297 223 1361 276 ιε
1398 220 1699 277 CANTICA
1732 218 2002 278 casm.
2048 220 2333 277 uouth
2374 222 2483 278 vu.

3401 222 3506 279 930

269 339 387 403 θεὸς
412 336 604 392 αὐτὸν
636 338 872 409 ἤγειρεν
902 339 972 393 ἐκ
1003 338 1254 408 νεκρῶν,
1297 340 1572 409 σωθήσῃ.
1604 338 1825 409 Καρδίᾳ

1928 341 2216 410 justitiam,
2260 358 2352 394 ore
2401 349 2574 393 autem
2622 342 2878 409 confessio
2920 342 2981 410 ﬁt
3021 340 3092 396 ad
3122 342 3365 396 salutem.
3404 340 3506 397 Hic

270 432 359 501 τὰρ
371 431 720 485 πιστεύεται
734 434 823 498 εις
837 431 1254 497 δικαιοσύνην,
1270 432 1519 500 στόματι
1532 430 1598 484 δὲ
1618 435 1823 487 duale-

268 522 429 591 γεῖται
458 525 548 588 είς
567 523 888 591 σωτηρίαν.
924 522 1077 593 Αῢτη
1109 522 1167 576 δέ
1196 524 1344 575 ἐστιν
1376 525 1409 593 ἡ
1433 523 1613 594 ὡραία
1642 522 1821 589 λαλιὰ,

265 613 323 666 δι’
356 608 424 684 ἦς
471 613 538 666 τά
580 612 733 685 χείλη
772 612 873 682 τῆς
910 614 1235 685 Ἐκκλησίας
1280 615 1422 669 κατά
1466 615 1527 667 τὸ
1574 616 1824 670 κόκκινον

263 706 424 758 ἐκεῖνο
454 706 718 776 σπαρτίον
760 705 1051 775 εὐπρεπῶς
1086 706 1458 771 ὲπανθίζεται.
1507 707 1823 778 Ἀρέσκεται

257 792 306 845 δὲ
333 792 470 862 μετά
499 793 597 863 τὴν
638 792 733 846 τοῦ
764 794 1033 864 στόματος
1064 795 1212 864 ὤραν
1241 799 1269 849 ὁ
1310 797 1541 866 νυμφίος
1560 838 1574 862 ,
1614 798 1708 850 καὶ
1746 798 1825 869 τῷ

255 887 342 954 τῆς
370 888 605 955 παρειᾶς
634 885 963 956 ἐρυθήματι.
988 887 1176 957 Μῆλον
1212 888 1266 941 δὲ
1294 889 1452 942 τοῦτο
1484 889 1580 942 τοῦ
1608 888 1824 960 προσώ-

251 992 345 1027 που
391 976 449 1029 τὸ
501 977 665 1047 μέρος
708 979 774 1030 ὲκ
806 978 1199 1047 καταχρήσεως
1245 980 1402 1032 καλεῖ
1459 982 1491 1051 ή
1542 981 1819 1051 συνήθεια.

250 1069 603 1138 Προσεικάζει
629 1070 806 1122 τοίνυν
834 1071 896 1122 τὸ
927 1070 1028 1139 τῆς
1055 1074 1287 1141 παρειᾶς
1315 1073 1483 1143 μῆλον
1508 1073 1585 1143 τῷ
1605 1073 1824 1144 λεπύρῳ

248 1161 339 1230 τῆς
360 1160 493 1230 ῥόας
507 1199 523 1223 ,
544 1159 761 1232 γράψας
789 1160 933 1213 οὕτω
953 1161 1044 1213 τὸν
1065 1161 1283 1216 ἔπαινον
1298 1163 1463 1216 αὐτοῦ
1485 1165 1577 1217 ἐπὶ
1594 1164 1788 1230 λέξεως
1805 1180 1819 1194 ’

257 1250 348 1315 Ὠς
371 1250 644 1317 λέπυρον
664 1251 814 1317 ῥόας
833 1249 1032 1319 μῆλόν
1061 1266 1211 1317 σου,
1244 1252 1417 1317 ἐκτὸς
1450 1251 1561 1321 τῆς
1598 1254 1824 1316 σιωπή-

248 1341 559 1407 σεὼςσου.

316 1431 439 1483 Ὅτι
489 1430 587 1500 μὲν
628 1425 721 1483 οὖν
760 1428 923 1492 αἰδώς
954 1431 1071 1482 ἐστι
1110 1432 1172 1483 τὸ
1213 1432 1623 1502 ἐπαινούμενον,
1658 1432 1822 1484 παντὶ

244 1522 430 1595 -ρᾁιον
463 1524 527 1574 ὲκ
557 1522 661 1590 τῆς
699 1521 1019 1585 ἀκολουθίας
1069 1522 1177 1575 τῶν
1215 1521 1638 1593 τεθεωρημένων
1676 1522 1821 1589 λογί-

261 1613 460 1667 σασθαι.
500 1614 964 1684 Σωματσποιήσας
1000 1613 1109 1683 γὰρ
1153 1614 1252 1684 τὴν
1301 1612 1626 1683 Ἐκκλησίαν
1657 1615 1685 1665 ὁ
1728 1612 1824 1666 Λό-

272 1723 345 1774 (ος
377 1708 454 1767 είς
481 1705 543 1757 τὸ
572 1706 674 1774 τῆς
714 1703 933 1775 νύμφης
960 1701 1099 1767 εἶδος
1118 1742 1133 1767 ,
1173 1705 1268 1757 καὶ
1311 1705 1412 1767 τὰς
1443 1703 1561 1757 καθ’
1592 1703 1819 1757 ἕκαστον

265 1797 444 1867 ἀρετὰς
464 1795 811 1867 καταλλήλως
838 1798 902 1866 τῇ
931 1780 1225 1871 ’ὑπογραφῇ
1259 1794 1357 1864 τῆς
1387 1794 1528 1847 κατὰ
1563 1794 1624 1847 τὸ
1647 1794 1817 1865 πρὸσ-

265 1907 394 1942 ωπον
464 1889 615 1960 ὥρας
653 1888 1009 1959 ὲκιμερίσας·
1062 1886 1157 1940 νῦν
1202 1886 1290 1940 διὰ
1334 1886 1428 1939 τοῦ
1477 1886 1819 1956 ἐρυθήματος

266 1979 345 2032 τοῦ
363 1983 475 2042 ταῖς
495 1981 749 2049 παρειαῖς
779 1978 1105 2042 ὲπιζέοντος,
1137 1978 1460 2046 προσφόρως
1492 1978 1703 2030 ἐπαινεῖ
1722 1976 1818 2047 τὴν

266 2069 630 2142 σωφροσύνην,
681 2068 818 2122 αἰδοῖ
868 2068 1291 2137 κατακοσμήσεις
1325 2069 1382 2120 ὲν
1417 2066 1493 2137 τῷ
1539 2068 1637 2136 τῆς
1691 2068 1821 2138 ῥόας

263 2163 542 2232 αἰνίγματι.
578 2162 636 2213 Ὀ
661 2162 769 2232 γὰρ
787 2160 996 2231 καρπὸς
1014 2154 1168 2223 οὗτος
1191 2159 1379 2228 στύφει
1396 2176 1453 2212 τε
1478 2160 1570 2213 καὶ
1589 2158 1820 2231 ἀϐρώτῳ

263 2256 320 2323 τῇ
346 2252 627 2322 ἐπιφανείᾳ
654 2252 992 2322 ὲντρέφεται.
1042 2252 1135 2305 Διὸ
1174 2252 1353 2314 καλῶς
1385 2268 1443 2305 τε
1472 2252 1565 2307 καὶ
1605 2252 1821 2314 οἰκείως

260 2345 335 2405 είς
360 2342 420 2395 τὸ
447 2344 561 2412 τῆς·
582 2342 934 2413 σωφροσύνης
967 2343 1298 2413 κατόρθωμα
1336 2343 1425 2397 διὰ
1458 2344 1559 2409 τῆς
1590 2342 1821 2413 θεωρίας

265 2433 743 2503 μεταλαμϐάνεται.
793 2434 878 2496 Ὠς
902 2434 1012 2504 γάρ
1040 2436 1074 2505 ἡ
1107 2434 1300 2503 στύψις
1320 2434 1412 2487 τοῦ
1440 2434 1538 2505 τῆς
1570 2433 1699 2504 ῥόας
1736 2434 1822 2486 λε-

267 2526 431 2596 πύρυυ
464 2525 652 2596 τρέφει
682 2542 741 2578 τε
789 2527 883 2578 καὶ
927 2524 1188 2594 φυλάσσει
1219 2525 1315 2578 τοῦ
1358 2525 1820 2596 ἐμπεριεχομένου

260 2615 465 2685 καρποῦ
521 2614 618 2685 τὴν
662 2614 1010 2685 γλυκύτηταο
1061 2614 1233 2677 οὕτως
1276 2617 1305 2668 ὁ
1355 2615 1570 2683 στύφων
1616 2632 1675 2667 τε
1728 2615 1822 2667 καὶ

258 2692 518 2778 ἐγκρατὴς
549 2707 644 2759 καὶ
686 2705 1075 2777 κατεσκληκὼς
1122 2706 1236 2775 βίος
1264 2706 1439 2775 φύλαξ
1474 2705 1822 2774 γίνεται,τῶν

258 2797 354 2865 τῆς
380 2796 728 2867 σωφροσύνης
755 2796 955 2851 καλῶν.
990 2796 1221 2860 Διπλοῦς
1245 2796 1303 2850 δὲ
1325 2798 1419 2850 καὶ
1451 2796 1685 2849 ἐνταῦθα
1721 2798 1822 2865 τῆς

256 2888 451 2957 ἀρετῆς
492 2886 694 2958 ταύτης
725 2889 753 2940 ὁ
783 2886 1003 2950 ἔπαινος
1036 2887 1265 2955 γίνεται,
1296 2887 1386 2941 διά
1429 2904 1488 2939 τε
1535 2886 1645 2939 τῶν
1685 2897 1822 2955 προ-

258 2980 586 3049 φαινομένων
619 2978 763 3033 κατὰ
805 2980 896 3033 τὸν
940 2980 1250 3049 εὐσχήμονα
1279 2979 1414 3049 βίον,
1458 2980 1551 3032 καὶ
1583 2978 1671 3032 διά
1712 2978 1821 3031 τῶν

256 3071 317 3123 ἐν
342 3073 402 3139 τῇ
421 3071 589 3141 ψυχῆς
613 3069 852 3140 ἀπαθείᾳ
872 3068 1338 3141 κατορθουμένων.
1360 3062 1471 3121 Ὧν
1494 3072 1527 3122 ό
1556 3070 1821 3133 ἔπαινος,

256 3164 430 3227 καθώς
457 3181 618 3233 φησιν
638 3165 668 3217 ὁ
708 3161 1052 3225 Ἀπόστολος,
1071 3162 1183 3215 οὐκ
1202 3160 1272 3225 ἐξ
1296 3159 1623 3227 ἀνθρώπων
1640 3200 1655 3225 ,
1688 3160 1825 3214 ἀλλ’

251 3255 325 3307 ἐκ
352 3255 449 3309 τοῦ
479 3253 649 3309 Θεοῦ.
705 3256 769 3306 Ἠ
802 3254 911 3323 γὰρ
952 3253 1335 3323 ἐπιλάμπουσα
1375 3254 1487 3314 τοῖς
1523 3251 1828 3321 γινομένοις

252 3346 432 3410 αἰδὼς,
462 3348 589 3400 [διον
623 3346 722 3415 μὲν
747 3347 813 3398 ὲκ
846 3346 956 3398 τῶν
984 3344 1267 3416 προδήλων
1298 3343 1408 3413 ἔχει
1446 3342 1537 3396 τὸν
1569 3342 1788 3395 ἔπαινον
1809 3358 1826 3374 ·

247 3438 408 3499 ἐκτὸς
448 3437 504 3490 δὲ
548 3435 660 3489 τῶν
713 3434 1086 3504 σιωπωμένων
1125 3434 1241 3487 ἐστὶ
1279 3434 1373 3487 καὶ
1405 3429 1828 3502 ὑποκεκρυμμέ-

251 3543 360 3580 νων
414 3526 705 3596 θαυμάτων
728 3566 742 3591 ,
797 3525 834 3579 ἃ.
879 3525 1024 3594 μόνῳ
1081 3523 1379 3594 καθορᾶται
1432 3522 1513 3592 τῷ
1566 3520 1829 3591 ὀφθαλμῷ

250 3619 445 3689 ἐκείνῳ
492 3617 571 3687 τῷ
612 3616 682 3669 τά
724 3616 932 3688 κρύφια
979 3615 1248 3685 βλέποντι.
1297 3614 1396 3669 Διά
1434 3614 1498 3667 δὲ
1533 3612 1641 3667 τῶν
1691 3613 1829 3683 μετά

251 3708 423 3762 ταῦτα
457 3709 822 3780 μανθάνομεν,
853 3709 934 3761 ὅτι
971 3709 1079 3761 πᾶν
1114 3706 1175 3760 τὺ
1224 3706 1376 3775 παρὰ
1411 3705 1520 3757 τῶν
1557 3704 1828 3775 θεοφόρων

254 3799 428 3865 ἁγίων
463 3799 770 3869 γινόμενον,
805 3796 975 3861 τύπος
1011 3813 1095 3859 τις
1135 3796 1231 3849 καὶ
1257 3793 1577 3848 διδασκαλία
1610 3794 1717 3847 τῶν
1749 3794 1830 3856 εἰς

258 3889 457 3960 ἀρετὴν
488 3888 938 3960 κατορθουμένων
965 3887 1195 3955 ἐγίνετο.
1239 3884 1529 3959 Οίχάμοι,
1570 3885 1627 3938 αἱ
1670 3885 1830 3938 ἀποι-

259 3977 396 4043 κίαι,
419 3980 467 4032 οἱ
501 3979 747 4051 πόλεμοι,
780 3973 963 4032 αἰτῶν
982 3974 1430 4046 οἰκοδομημάτων
1466 3974 1827 4039 κατασκευαὶ,

264 4070 439 4124 πάντα
465 4064 605 4124 κατά
638 4087 763 4124 τινα
799 4069 955 4138 λόγον
988 4069 1067 4132 είς
1086 4067 1368 4121 νουθεσίαν
1402 4067 1479 4137 τῷ
1505 4068 1641 4137 μετά
1659 4066 1830 4121 ταῦτα

265 4162 630 4229 προετυποῦτο
664 4160 781 4232 βίῳ.
829 4159 1087 4230 Ἐκοήερη
1118 4160 1225 4230 γὰρ
1248 4158 1455 4223 ταῦτα,
1490 4160 1645 4228 φησὶ,
1681 4157 1831 4226 πρὸς

262 4252 583 4305 νουθεσίαν
626 4249 814 4320 ἡμῶν,
856 4252 944 4316 είς
995 4249 1102 4316 οὓς
1145 4249 1219 4304 τὰ
1262 4249 1408 4318 τέλη
1443 4248 1564 4303 τῶν
1603 4252 1831 4305 αἰώνων

1923 442 2008 488 est
2024 443 2203 488 autem
2229 432 2454 502 pulcher
2483 447 2683 495 sermo,
2727 448 2823 502 per
2855 449 3016 504 quem
3049 433 3203 489 labra
3244 433 3505 490 Ecclesiae

1925 524 2121 578 decore
2155 532 2280 578 sunt
2311 521 2504 577 florida
2546 522 2633 578 ﬁlo
2671 524 2761 579 illo
2792 540 3106 595 purpureo;
3160 526 3277 581 oris
3322 535 3504 581 autem

1925 614 2159 681 speciem
2191 628 2256 668 ac
2279 613 2528 667 decorem
2553 621 2721 677 amat,
2750 614 3048 670 delectatur
3073 617 3238 670 etiam
3267 632 3505 687 sponsus

1924 705 2124 760 rubore
2154 721 2325 775 genae.
2378 705 2529 759 Illam
2568 692 2748 760 autem
2788 713 2994 776 partem
3046 706 3204 762 faciei
3236 723 3333 776 per
3367 709 3501 763 abu-

1925 809 2045 848 sum
2077 803 2238 849 vocat
2273 796 2459 866 μῆλον,
2508 795 2561 849 id
2587 805 2689 859 est,
2732 795 2934 848 malum
2967 786 3069 851 seu
3098 811 3340 865 pomum,
3371 812 3505 851 con-

1925 882 2178 936 suetudo.
2222 885 2504 939 Assimilat
2550 900 2682 956 ergo
2713 900 2863 955 gena:
2893 886 3094 940 malum
3127 887 3319 941 cortici
3372 889 3503 941 mali

1927 972 2138 1041 punici,
2165 973 2286 1043 ejus
2323 975 2537 1029 laudem
2567 976 2815 1032 scribens
2846 977 2932 1031 his
2972 977 3188 1033 verbis:
3225 977 3502 1047 Tanquam

1923 1073 2106 1118 cortex
2174 1067 2303 1119 mali
2378 1068 2554 1136 punici
2638 1083 2767 1139 gena
2844 1078 2935 1122 tua
3014 1079 3172 1124 extra
3235 1070 3525 1125 silentium-

1925 1167 2093 1212 tuum.

1995 1434 2172 1504 Atque
2201 1436 2344 1505 quod
2389 1435 2567 1507 pudor
2595 1435 2814 1507 quidem
2848 1438 2919 1493 sit
2958 1438 3009 1492 id
3035 1436 3179 1507 quod
3228 1440 3501 1504 laudatur,

1924 1525 2098 1579 cuivis
2132 1525 2291 1580 facile
2316 1535 2400 1581 est
2427 1528 2776 1582 considerare
2794 1543 2857 1581 ex
2886 1529 3276 1597 consequentia
3314 1545 3502 1585 eorum

1925 1630 2048 1684 qua:
2085 1625 2214 1671 sunt
2239 1619 2602 1673 considerata.
2630 1620 2763 1673 Nam
2793 1636 2916 1674 cum
2949 1619 3187 1675 Verbum
3223 1636 3506 1691 corporas-

1852 1698 1893 1752 Β
1922 1718 2004 1762 set
2043 1706 2346 1761 Ec’clesiam
2392 1709 2448 1762 in
2495 1708 2727 1763 formam
2781 1726 3018 1779 sponsaa,
3060 1719 3116 1765 et
3153 1711 3494 1780 singularum

1921 1812 2113 1851 curam
2144 1799 2409 1868 gessisset
2438 1801 2701 1854 virtutum
2734 1802 3127 1861 convenienter
3146 1802 3502 1871 descriptioni

1922 1889 2104 1944 vultus
2129 1890 2579 1960 pulchritudinis,
2611 1909 2758 1949 nunc
2790 1910 2887 1964 per
2912 1896 3169 1949 ruborem
3201 1897 3296 1964 qui
3331 1911 3500 1965 genas

1921 1980 2269 2047 condecorat,
2306 1983 2490 2037 laudat
2519 1987 2961 2055 temperantiam,
2992 2000 3113 2039 eam
3149 2001 3355 2041 ornans
3396 2003 3500 2056 pu-

1921 2071 2049 2127 dore
2084 2073 2188 2127 sub
2214 2074 2503 2142 aenigmate
2543 2077 2671 2128 mali
2720 2076 2930 2145 punici.
2978 2075 3080 2129 llic
3109 2078 3254 2131 enim
3292 2076 3505 2132 fructus

1922 2162 2195 2232 a'stﬂngit,
2256 2173 2311 2219 et
2360 2163 2481 2219 esui
2527 2179 2638 2218 non
2699 2175 2824 2235 apta
2887 2167 3134 2220 nutritur
3194 2167 3501 2236 superﬁcie.

1921 2249 2290 2316 Quamobrem
2345 2253 2574 2322 pulchre
2619 2262 2673 2309 ct
2715 2256 3107 2310 convenienter
3134 2258 3372 2311 sumitur
3411 2273 3507 2327 per

1922 2344 2438 2413 contemplationem
2507 2354 2657 2399 recta
2717 2347 2863 2401 actio
2932 2347 3329 2416 temperantiae.
3387 2347 3508 2413 Quo

1922 2432 2086 2487 modo
2129 2434 2273 2488 enim
2330 2435 2505 2488 nutrit
2561 2437 2810 2489 astrictio
2863 2438 3088 2492 corticis
3128 2438 3256 2491 mali
3296 2438 3504 2506 punici,

1921 2530 1976 2578 et
2013 2531 2302 2578 conservat
2324 2523 2664 2578 dulcedinem
2706 2524 2922 2580 fructus
2950 2527 3043 2595 qui
3075 2527 3129 2579 in
3164 2541 3230 2579 eo
3258 2528 3508 2581 contine—

1922 2621 2034 2677 tur,
2076 2614 2149 2667 ita
2188 2621 2407 2668 austera
2438 2615 2838 2682 continensque
2862 2624 2916 2669 ct
2943 2631 3134 2684 aspera
3174 2618 3283 2670 vita
3317 2616 3375 2670 lit
3411 2633 3510 2671 cu-

1923 2714 2040 2761 stos
2077 2705 2346 2759 bonorum
2388 2707 2780 2775 temperantiae.
2814 2705 2919 2762 'Est
2965 2708 3052 2761 hic
3080 2716 3261 2761 autem
3297 2706 3504 2776 duplex

1924 2796 2046 2850 laus
2077 2797 2314 2863 virtutis,
2348 2812 2541 2866 nempe
2576 2804 2628 2851 ct
2654 2812 2750 2866 per
2772 2812 2834 2851 ca
2865 2813 2986 2867 quae
3012 2806 3277 2866 apparent
3307 2798 3359 2850 in
3390 2798 3503 2850 vita

1925 2887 2176 2951 honeSta,
2225 2898 2278 2944 et
2329 2905 2427 2958 per
2452 2904 2517 2943 ea
2561 2904 2682 2958 qua:
2730 2897 2878 2944 recte
2907 2899 3175 2959 geruntur
3219 2892 3272 2943 in
3304 2890 3506 2943 anima:

1925 2979 2326 3047 impatihilitate
2352 2996 2366 3031 :
2395 2968 2562 3048 Cujus
2591 2980 2708 3033 laus
2724 2988 2839 3045 est,
2866 2980 3007 3034 sicut
3033 2981 3167 3035 dicit
3186 2980 3505 3049 Apostolus,

1926 3084 2028 3122 non
2053 3084 2118 3122 ea;
2146 3069 2466 3134 hominibus,
2496 3070 2587 3125 sed
2616 3087 2682 3124 ea:
2710 3070 2818 3125 Deo
2839 3072 2908 3124 ⁸³.
2939 3071 3074 3125 Nam
3102 3074 3194 3141 qui
3223 3072 3429 3125 relucet
3448 3071 3504 3125 in

1923 3159 2012 3223 iis,
2046 3174 2168 3229 quae
2192 3161 2349 3225 liunt,
2388 3160 2584 3229 pudor,
2628 3162 2906 3231 propriam
2933 3160 3154 3231 quidem
3194 3160 3354 3215 habet
3382 3160 3505 3215 Ian-

1924 3247 2047 3304 dem
2102 3264 2169 3304 ex
2227 3248 2296 3304 iis
2350 3263 2471 3318 qua:
2539 3258 2670 3304 sunt
2734 3249 3067 3316 manifesta;
3135 3257 3263 3304 sunt
3323 3257 3509 3305 autem

1925 3351 2076 3395 extra
2115 3356 2202 3403 ea,
2241 3356 2363 3410 qum
2401 3350 2674 3403 tacentur,
2713 3351 2768 3396 et
2795 3351 2925 3397 sunt
2960 3342 3179 3396 occulta
3219 3341 3509 3409 miracula,

1925 3445 2047 3499 quae
2080 3431 2258 3486 solum
2298 3439 2602 3485 cernuntur
2636 3432 2730 3486 illo
2762 3433 2923 3487 oculo
2954 3434 3049 3502 qui
3089 3433 3304 3487 occulta
3354 3435 3508 3503 aspi-

1927 3523 2027 3580 cit.
2063 3520 2170 3576 Per
2192 3537 2256 3577 ea
2286 3530 2468 3577 autem
2495 3537 2617 3591 quae
2642 3533 2829 3592 poslea
2870 3532 3193 3593 sequuntur,
3224 3523 3510 3589 discimus,

1928 3608 2077 3679 quod
2108 3623 2449 3678 quaecunque
2493 3607 2698 3664 ﬁebant
2724 3609 2793 3663 ab
2830 3609 2898 3664 iis
2941 3611 3153 3664 sanctis
3186 3611 3277 3679 qui
3321 3625 3352 3663 ιι
3402 3610 3514 3666 Deo

1930 3708 2089 3758 erant
2123 3700 2408 3771 inspirati,
2457 3698 2680 3754 fuerunt
2719 3699 2942 3769 quidam
2975 3709 3134 3769 typus
3166 3708 3219 3754 et
3260 3700 3513 3755 doctrina

1929 3806 2124 3847 eorum
2157 3806 2280 3862 qua:
2316 3799 2464 3845 recte
2509 3790 2645 3843 ﬁunt
2677 3804 2747 3845 ex
2781 3789 3004 3844 virtute.
3035 3788 3267 3859 Nuptias,
3306 3790 3512 3860 migra-

1931 3884 2128 3947 tiones,
2172 3882 2334 3949 bella,
2385 3880 2744 3936 aediﬁciorum
2794 3881 3222 3947 exstructioues,
3270 3880 3517 3952 praefigu-

1928 3976 2125 4031 rabant
2171 3976 2355 4030 omnia
2406 3973 2836 4028 admonitionem
2886 3972 3011 4027 vitae
3057 3980 3245 4043 postea
3291 3973 3509 4029 futurae.

1930 4067 2146 4136 Scripta
2179 4076 2300 4120 sunt
2331 4066 2495 4131 enim,
2545 4064 2746 4135 inquit,
2801 4066 2912 4118 lucc
2938 4063 3008 4116 ad
3051 4073 3289 4118 nostram
3335 4063 3517 4120 admo-

1930 4161 2206 4223 nitionem,
2251 4158 2320 4212 ad
2366 4174 2496 4228 quos
2539 4157 2670 4226 ﬁnes
2718 4155 3038 4211 swculorum
3075 4156 3510 4224 pervenerunt”.

1930 4247 2065 4304 Nam
2094 4249 2293 4305 bellum
2322 4248 2539 4317 quidem
2567 4246 2711 4318 quod
2740 4254 2952 4317 gestum
2974 4253 3059 4301 est
3088 4246 3351 4301 adversus
3383 4246 3516 4302 alie-

260 4345 650 4413 κατήντηκεν.
694 4345 752 4396 '0
799 4344 897 4413 μὲν
927 4342 1038 4413 γὰρ
1078 4343 1218 4398 κατὰ
1241 4342 1348 4396 τῶν
1387 4343 1701 4414 ἀλλοφύλων
1731 4344 1824 4398 πόα

1937 4342 2183 4410 nigenas,
2224 4340 2467 4395 consulit
2501 4348 2556 4393 ut
2589 4355 2690 4394 nos
2721 4338 2935 4394 fortiter
2962 4353 3217 4409 geramus
3251 4339 3515 4395 adversus

253 4428 444 4499 ὶεμος,
473 4428 830 4500 συμϐουλεύει
859 4433 1003 4483 κατὰ
1031 4430 1130 4498 τῆς
1165 4429 1366 4491 κακίας
1396 4431 1545 4499 ἡμᾶς
1583 4431 1827 4501 ἀνδρίζε-

248 4520 401 4573 σθαι.
444 4520 507 4572 Ἦ
535 4519 592 4572 δὲ
628 4518 767 4571 κατὰ
791 4518 916 4579 τοὺς
951 4516 1163 4587 γάμους
1200 4506 1405 4589 σπουδὴ
1432 4519 1530 4588 τὴν
1565 4518 1674 4572 τῶν
1701 4521 1826 4592 ἀρε.

242 4612 383 4666 τῶν-
432 4610 740 4680 συνοίκησιν
789 4608 857 4662 δι’
905 4609 1243 4678 αἰνιγμάτων
1304 4610 1437 4680 ἡμῖν
1496 4610 1826 4667 ὑποτίθεται.

251 4702 545 4764 Ὡσαύτως
584 4700 641 4753 δὲ
681 4701 775 4753 καὶ¹
806 4703 838 4765 ἡ
885 4698 1112 4754 ἀποικία
1152 4700 1246 4754 τοῦ
1279 4700 1534 4772 ἐναρέτου
1578 4701 1696 4773 βίου
1737 4702 1828 4756 τὸν

232 4792 505 4861 οίκισμὸν
533 4790 842 4843 ὑποϐάλλει·
881 4789 949 4843 τά
980 4789 1023 4841 δ’
1054 4790 1156 4845 ὅσα
1194 4792 1323 4861 περὶ
1347 4791 1445 4855 τὰς
1484 4792 1829 4857 κατασκευὰς

241 4886 357 4937 τῶν
412 4868 864 4953 οἰκοδομημάτων
903 4882 1032 4952 παρ’
1076 4882 1256 4936 αὐτῶν
1294 4884 1672 4950 ἐσπουδάζετο,
1720 4886 1859 4940 τῶν*

238 4972 543 5044 ἡμετέρων
572 4972 735 5026 οἴκων
756 4971 865 5026 τῶν
895 4971 962 5025 δι’
992 4974 1190 5043 ἀρετῆς
1217 4974 1683 5045 οἰκοδομουμένων
1716 4978 1832 5030 ὲπι-

248 5063 482 5133 μέλειαν
530 5062 801 5114 ποιεῖσθαι
842 5060 1232 5115 διακελεύεται.
1273 5063 1367 5116 Διό
1414 5080 1504 5133 μοι
1550 5065 1697 5118 δοκεῖ
1738 5066 1830 5119 τὸν

248 5154 535 5225 περιφανῆ
562 5151 771 5222 πύργον
801 5153 1024 5213 ἐκεῖνον,
1049 5144 1094 5220 ᾧ
1118 5152 1185 5204 τά
1216 5152 1501 5223 ἀκροθίνια
1530 5154 1637 5207 τῶν
1657 5155 1855 5225 λαφύ-·

256 5261 369 5313 ρων
400 5244 664 5313 ἀνέθηκεν
696 5243 725 5294 ὁ
747 5243 929 5307 Δαὸὶδ,
952 5242 1090 5313 πρὸς
1122 5243 1218 5313 τὴν
1239 5245 1521 5315 προκοπὴν
1557 5246 1657 5315 τῆς
1707 5248 1832 5302 Ἐκ..

256 5334 490 5404 κλησίας
527 5333 759 5403 βλέπων,
786 5333 894 5388 τῶν
931 5351 984 5387 τι
1010 5334 1128 5387 κατ’
1159 5334 1359 5406 ἀρετὴν
1388 5336 1832 5408 σπουδαζομένων

256 5423 706 5494 προδιατυπῶσαι
764 5422 937 5494 τούτῳ
994 5422 1072 5494 τῷ
1115 5423 1291 5496 ἔργῳ·
1341 5424 1401 5488 ὃς
1442 5426 1833 5498 ὑπερφαίνεται

331 5599 382 5633 ³³
432 5597 600 5653 Rom.
648 5615 708 5665 tt,
762 5599 851 5658 29.
918 5601 961 5632 ⁸³
991 5598 1147 5656 Rom.
1191 5616 1277 5666 xv,
1331 5574 1413 5655 «ιδ

1933 4431 2087 4485 vitia.
2128 4428 2379 4483 Studium
2407 4435 2588 4483 autem
2618 4427 2982 4482 contrahendi
3017 4427 3378 4493 matrimonii,
3418 4443 3517 4498 per

1933 4521 2218 4589 aenigmata
2254 4533 2357 4575 nos
2382 4518 2642 4573 admonet
2674 4525 2734 4573 ut
2771 4516 3159 4573 cdhabitemus
3186 4533 3312 4573 cum
3339 4519 3514 4574 virtu-

1936 4614 2104 4668 tibus.
2137 4610 2402 4666 Similiter
2448 4617 2629 4665 aulem
2678 4610 2935 4681 migratio
2966 4610 3193 4665 denotat
3233 4610 3521 4682 migratio-

1935 4719 2059 4759 nem
2108 4702 2176 4756 ad
2214 4702 2381 4756 vitam
2413 4716 2478 4757 ex
2515 4702 2715 4756 virtute
2752 4701 3055 4772 agendam;
3088 4716 3188 4772 per
3226 4699 3516 4758 domorum

1935 4804 2115 4850 autem
2153 4794 2555 4850 exstructiones
2603 4794 2658 4847 in
2688 4808 2828 4863 quas
2857 4793 2927 4849 ab
2956 4794 3039 4849 eis
3087 4794 3372 4850 confertur
3399 4806 3522 4852 stu-

1934 4885 2110 4947 dium,
2135 4886 2392 4955 juhemur
2420 4900 2608 4939 curam
2650 4900 2843 4955 gerere
2869 4893 3188 4942 nostrarum
3223 4886 3515 4942 domorum

1936 4991 2059 5045 quae
2107 4975 2449 5030 aediﬁcantur
2497 4991 2595 5045 per
2634 4976 2915 5031 virtutem.
2965 4976 3334 5044 Quamobrem
3382 4978 3515 5033 mihi

1938 5066 2153 5122 videtur
2190 5065 2427 5135 insignis
2477 5065 2568 5118 illa
2620 5066 2810 5132 turris,
2856 5067 2911 5122 in
2947 5083 3057 5137 qua
3101 5069 3309 5138 optima
3339 5068 3517 5139 spolia

1939 5156 2228 5228 suspendit
2261 5156 2427 5212 David
2465 5157 2739 5226 aspiciens
2772 5157 2839 5212 ad
2880 5159 3188 5227 profectum
3231 5157 3515 5222 Ecclesiae,

1939 5249 2291 5321 prazﬁgurare
2322 5265 2460 5319 opus
2505 5265 2696 5305 eorum
2744 5251 2838 5321 qui
2878 5250 3121 5306 studium
3172 5250 3228 5305 in
3263 5250 3517 5306 virtutem

1939 5341 2421 5410 conferuntzquze
2471 5341 2693 5409 quidem
2739 5348 2964 5413 apparet
3011 5350 3239 5397 extensa
3295 5341 3351 5394 in
3392 5338 3518 5391 alti-

1941 5433 2186 5489 tudinem
2216 5432 2454 5503 alicujus
2477 5433 2859 5503 promontorii,
2891 5439 3019 5503 apta
3049 5441 3230 5489 autem
3259 5430 3351 5484 illo
3374 5437 3517 5484 tem-
