3948 6192
475 199 572 257 951
1717 196 1774 247 8.
1805 195 2132 250 GREGORII
2163 195 2452 251 ﬁiSSENI
3569 219 3651 276 θεῖ
3696 181 3698 183 ’

481 326 617 385 pore
670 308 773 364 fuit
809 310 1120 366 existimata
1171 309 1239 365 ad
1288 311 1650 367 custodienda
1700 313 1895 382 spolia,
1937 330 2058 384 qua:

2164 315 2262 408 μὲν
2289 317 2593 408 ἀκρωρείας
2618 320 2759 384 τινὸς
2786 321 2866 384 εἰς
2911 321 3043 393 ὕψος
3068 322 3446 397 ἀνατεινόμενος
3466 344 3478 358 ⁸
3503 333 3655 408 ἐπιτή-

479 402 787 472 subjugatis
835 412 888 456 ct
938 403 991 456 in
1041 403 1358 458 servitutem
1424 404 1661 459 redactis
1710 405 2063 475 alienigenis,

479 509 606 546 cum
639 493 854 547 castoris
882 494 1040 548 bonis
1072 509 1167 548 rex
1198 494 1302 549 sibi
1333 494 1628 550 lucrifecit.
1654 493 1908 551 Ostendit
1931 511 2063 566 ergo

478 599 576 644 rex
625 599 724 653 per
777 599 931 638 suam
993 584 1358 653 sapientiam,
1413 587 1480 639 ad
1524 585 1798 656 quodnam
1856 587 2060 641 bonum

481 675 761 744 aspiciens
804 675 971 728 David
1027 677 1279 730 humana:
1308 676 1451 740 vitaz,
1494 676 1692 733 futura:
1739 678 1859 732 vitae
1894 679 2060 733 veluti

485 763 766 832 quoddam
816 764 1110 819 consilium
1159 767 1312 834 prius
1365 767 1682 836 exposuerit
1743 782 1838 836 per
1895 768 2063 822 turris

481 857 976 912 constructionem.
1020 856 1154 910 Nam
1179 857 1348 912 totius
1370 860 1620 928 corporis
1651 858 1910 915 Ecclesiae
1943 862 2062 915 sin-

486 949 740 1018 gulorum
777 949 1170 1014 membrorum,
1203 966 1298 1019 per
1326 951 1791 1021 comparationem
1830 953 2064 1022 alicujus

484 1056 609 1094 cum
645 1041 836 1111 aliquo
862 1050 916 1096 et
943 1042 1378 1102 similitudinem,
1413 1043 1736 1098 laudaturus
1759 1045 2063 1114 pulchritu-

481 1132 692 1196 dinem,
731 1133 1051 1188 describens
1087 1134 1277 1203 quales
1303 1149 1426 1188 csse
1465 1141 1715 1202 Oporteat
1755 1148 1851 1188 eos
1884 1135 1976 1204 qui
2009 1135 2063 1190 in

482 1225 686 1293 populo
730 1232 915 1278 tenent
967 1225 1146 1278 locum
1198 1225 1345 1289 colli,
1381 1225 1628 1279 meminit
1681 1225 1842 1292 hujus
1871 1227 2060 1292 turris,

479 1328 602 1380 qua:
634 1314 854 1382 quidem
904 1314 1223 1368 nominatur
1264 1313 1453 1378 David,
1499 1316 1851 1384 cognoscitur
1880 1325 2062 1371 autem

484 1403 650 1458 etiam
683 1421 748 1459 ex
783 1407 1233 1475 propugnaculis.
1259 1405 1626 1462 Nominantur
1657 1415 1837 1463 autem
1868 1423 2064 1478 propu-

482 1499 714 1567 gnacula
743 1498 1061 1569 Tltalpiotb.
1683 1491 1686 1502 ’

508 1795 511 1797 ·
550 1773 627 1828 Ita
661 1782 841 1829 autem
877 1773 1042 1829 habet
1081 1781 1373 1830 contextus
1414 1774 1722 1831 orationis:
1758 1773 1907 1830 Sicut
1948 1784 2060 1828 tur-

479 1867 553 1920 ris
593 1865 763 1920 David
791 1865 985 1920 callum
1032 1875 1200 1930 tuum,
1245 1883 1363 1934 qua:
1403 1877 1480 1921 est
1513 1867 1782 1936 wdiﬁcata
1817 1868 1869 1919 in
1906 1866 2062 1920 Thal-

477 1957 646 2028 pt'otlt,
687 1959 831 2012 mille
854 1958 1021 2026 είς]ρεὶ
1053 1958 1104 2010 in
1131 1960 1249 2028 ipsa
1280 1957 1523 2026 pendent,
1549 1973 1726 2012 omnes
1756 1959 1926 2011 hastw
1950 1958 2060 2025 [or-

480 2055 631 2102 n‘um.
692 2048 1006 2117 Corporalis
1061 2063 1192 2117 ergo
1245 2050 1415 2103 turris
1458 2050 1801 2104 constructio
1847 2064 1914 2104 ex
1960 2049 2062 2103 hoc

478 2150 565 2196 est
619 2140 850 2210 insignis
893 2149 948 2194 et
994 2140 1369 2210 suspicienda,
1421 2140 1565 2208 quod
1622 2142 1693 2196 sit
1739 2157 1878 2211 opus
1915 2141 2062 2211 regis

482 2230 673 2293 David,
709 2239 760 2284 ct
789 2245 855 2284 ex
898 2230 1003 2284 loci
1034 2231 1313 2299 superbia,
1355 2239 1408 2285 et
1451 2246 1516 2285 ex
1553 2231 1724 2286 armis
1755 2233 1810 2286 in
1840 2247 1902 2287 ea
1935 2248 2061 2288 sus-

451 2347 453 2350 t
481 2322 688 2390 pensis,
733 2336 924 2390 nempe
953 2321 1164 2391 ciypeis
1215 2331 1268 2376 et
1300 2321 1498 2378 hastis.
1532 2337 1764 2392 quarum
1813 2325 2060 2379 multitu—

478 2414 663 2468 dinem
709 2413 955 2466 ostendit
1007 2420 1297 2467 contextus
1343 2413 1562 2467 nomine
1610 2415 1924 2470 millenarii.
1968 2416 2064 2471 Est

479 2516 660 2559 autem
692 2512 872 2558 noster
919 2520 1117 2574 scopus
1164 2505 1518 2559 considerare
1556 2505 1664 2558 vim
1697 2506 1896 2561 divinae
1937 2523 2062 2561 ora-

487 2595 656 2650 tionis
684 2613 696 2647 :
733 2595 1194 2664 quemadmodum
1227 2596 1356 2651 huic
1388 2595 1524 2650 turri
1553 2607 1907 2666 comparatur
1937 2614 2065 2668 pars

483 2692 576 2743 illa
610 2687 868 2744 Ecclesia:
901 2690 988 2743 cu'i
1023 2704 1219 2745 nomen
1262 2697 1347 2745 est
1385 2690 1610 2744 collum.
1653 2689 1894 2745 Primum
1931 2707 2064 2762 ergo

486 2781 743 2834 convenit
781 2780 1121 2843 examinare,
1158 2796 1409 2850 quamam
1452 2796 1582 2850 pars
1625 2782 1680 2835 in
1714 2792 1904 2837 nostro
1942 2797 2065 2836 cor-

487 2885 624 2941 pore
659 2871 966 2941 appelletur
999 2872 1125 2925 colli
1170 2872 1410 2934 nomine,
1461 2871 1656 2926 deinde
1687 2873 1931 2926 membro
1970 2871 2068 2925 Ec-

480 2964 665 3019 clesia:
690 2979 889 3018 nomm
917 2965 1355 3018 accommodare.
1393 2963 1548 3028 Quod
1583 2978 1712 3032 ergo
1741 2963 1937 3020 mediis
1965 2965 2065 3018 lin-

478 3055 649 3110 meris
695 3055 1029 3120 immittitur,
1066 3055 1122 3108 in
1171 3070 1230 3108 se
1281 3063 1461 3108 autem
1509 3062 1674 3123 caput
1709 3057 1966 3118 sustinet,
2009 3065 2065 3111 et

483 3145 540 3198 ﬁt
569 3160 666 3214 pro
696 3134 813 3200 basi
848 3144 970 3213 ejus
999 3146 1141 3214 quod
1175 3145 1248 3198 illi
1283 3146 1601 3214 imponitur,
1639 3147 1838 3200 collum
1891 3149 2067 3203 nomi-

482 3244 667 3295 natur,
708 3234 869 3302 cujus
900 3235 951 3288 id
985 3234 1204 3304 quidem
1233 3236 1378 3303 quod
1418 3244 1503 3289 est
1531 3249 1679 3289 retro
1706 3236 1930 3290 fulcitur
1968 3252 2064 3292 os-

486 3325 683 3388 sibus;
726 3323 873 3391 quod
920 3330 1100 3376 autem
1155 3323 1399 3378 anterius
1452 3329 1555 3388 est,
1603 3323 1834 3378 liberant
1878 3332 1963 3379 est
1995 3326 2064 3379 ab

481 3415 687 3468 ambitu
728 3415 960 3468 ossium.
1001 3410 1158 3470 Ossis
1193 3421 1375 3469 autem
1421 3423 1618 3467 natura
1665 3429 1774 3468 non
1824 3423 1908 3470 est
1958 3417 2061 3471 sibi

483 3507 586 3576 ipsi
624 3505 917 3560 continens
965 3513 1019 3560 ct
1067 3504 1368 3569 individua,
1405 3507 1550 3560 sicut
1581 3505 1752 3560 cubiti
1792 3514 1847 3561 et
1893 3507 2058 3574 tibiae,

487 3596 583 3652 sed
621 3596 771 3652 dorsi
808 3597 1076 3652 vertebris
1108 3596 1464 3650 multifariam
1514 3597 1685 3667 figura
1717 3597 1929 3665 divisis,
1965 3614 2062 3669 per

483 3703 686 3744 nervos
725 3697 780 3743 et
813 3687 1082 3744 medullas
1112 3697 1166 3743 et
1199 3690 1487 3759 ligamenta
1523 3688 1605 3744 eis
1641 3689 1864 3754 adnata,
1914 3691 2060 3760 ipsa-

483 3797 604 3835 rum
645 3780 712 3834 ad
752 3797 810 3836 se
855 3781 1088 3834 invicem
1123 3780 1182 3834 ﬁt
1236 3781 1368 3834 unio
1401 3798 1415 3841 ;
1445 3789 1500 3836 et
1533 3796 1634 3854 per
1665 3781 1958 3835 medullam
1991 3782 2060 3834 ti-

481 3874 586 3928 bia:
616 3874 849 3928 similem
881 3890 976 3944 per
1005 3874 1242 3928 medium
1279 3873 1686 3944 pervadentem,
1726 3889 1848 3943 qua:
1881 3874 2056 3929 conti-

483 3974 646 4018 netur
677 3965 898 4033 quidem
931 3964 1293 4032 membranis,
1328 3965 1382 4019 id
1410 3974 1590 4021 autem
1623 3966 1768 4035 quod
1795 3971 1881 4022 est
1910 3965 2059 4021 intus

485 4056 697 4110 unitum
733 4065 817 4110 est
868 4055 1094 4110 cerebro
1127 4074 1140 4110 :
1174 4066 1302 4111 ante
1332 4065 1511 4111 autem
1565 4057 1812 4111 continet
1855 4057 2056 4111 collum

484 4161 734 4217 asperam
763 4147 1042 4210 arteriam,
1078 4154 1239 4202 etest
1268 4147 1669 4217 receptaculum
1705 4146 1933 4216 spiritus
1965 4148 2056 4219 qui

494 4239 641 4292 intro
678 4236 991 4291 admittitur
1019 4245 1073 4293 et
1120 4237 1329 4301 inﬂuit,
1365 4252 1459 4306 per
1489 4253 1649 4306 quem
1698 4237 1840 4308 ignis
1871 4238 2056 4291 cordis

2165 404 2306 469 δειος
2327 407 2385 460 δὲ
2415 407 2552 461 κατὰ
2578 409 2670 462 τὸν
2698 412 2888 481 χρόνον
2918 413 3125 466 ἐκεῖνον
3151 415 3278 485 πρὸς
3301 416 3496 488 τὴντῶν
3522 404 3659 491 λαφυ-

2169 514 2278 568 ρων
2324 499 2569 571 φυλακὴν
2600 500 2879 574 ἐνομίσθη,
2917 504 3018 558 ὅσα
3048 505 3430 578 δουλωσάμενος
3457 513 3564 575 τοὺς
3589 516 3660 568 ἁ).-

2164 590 2428 659 λοφύλους
2459 594 2596 662 μετά
2619 593 2726 648 τῶν
2754 595 2957 648 λοιπῶν
2998 614 3100 668 χρη
3111 597 3286 667 μάτων
3323 599 3440 652 ἴδιον
3465 603 3661 673 κέρδοςό

2167 683 2417 752 βασιλεὺς
2447 686 2763 756 ἐποιήσατο.
2814 680 3050 752 Ἐδειξεν
3077 685 3170 741 οῦν
3198 689 3280 744 διὰ
3305 691 3396 760 τῆς
3424 693 3564 747 αὐτοῦ
3593 713 3665 748 σο-

2167 775 2294 845 φίας
2314 778 2343 829 ό
2374 776 2642 845 βασιλεὺς,
2679 777 2813 848 πρὸς
2843 779 2872 831 ὃ
2893 796 2946 831 τι
2977 779 3185 846 βλέπων
3207 781 3236 832 ὁ
3255 781 3407 834 Δαϐὶδ
3423 783 3596 850 ἀγαθὸν
3614 790 3664 857 τῇ

2166 867 2272 919 τῶν
2299 867 2598 938 ἀνθρώπων
2631 868 2766 940 ζωῇ,
2800 869 2986 941 ὥσπερ
3009 870 3132 924 τινὰ
3162 873 3450 944 συμϐουλὴν
3475 876 3541 946 τῷ
3562 879 3668 946 μετὰ

2165 959 2336 1014 ταῦτα
2376 960 2475 1030 βίῳ
2504 960 2590 1013 διὰ
2619 963 2718 1031 τῆς
2751 961 2845 1014 τοῦ
2877 962 3085 1032 πύργου
3111 965 3441 1034 κατασκευῆς
3470 968 3668 1036 προαπέο

2168 1051 2307 1105 θετο.
2338 1051 2544 1112 Παντὸς
2567 1052 2676 1122 γὰρ
2699 1052 2791 1105 τοῦ
2821 1052 3068 1122 σώματος
3093 1054 3193 1123 τῆς
3240 1055 3556 1125 Ἐκκλησίας,
3585 1057 3670 1108 τῶν

2169 1141 2290 1194 καθ’
2334 1143 2558 1195 ἕκαστον
2589 1142 2763 1212 μελῶν
2790 1143 2875 1196 διὰ
2905 1144 3004 1213 τῆς
3046 1145 3183 1214 πρός
3210 1162 3260 1197 τι
3294 1145 3606 1217 παραθέσεώς
3625 1165 3671 1199 τε

2168 1234 2262 1286 καὶ
2306 1232 2617 1302 ὁμοιώσεως
2655 1233 3020 1303 ἐγκωμιάζειν
3063 1235 3127 1287 τὸ
3159 1236 3347 1298 κάλλος
3385 1236 3588 1306 μέλλων,
3620 1237 3672 1288 δι’

2167 1325 2462 1379 ἀκολούθου
2510 1328 2634 1388 τοὺς
2665 1326 2722 1378 ἐν
2750 1325 2825 1395 τῷ
2853 1325 2966 1396 λαῷ
2998 1327 3090 1380 τὸν
3120 1326 3213 1380 τοῦ
3258 1327 3508 1398 τραχήλου
3544 1328 3672 1380 τόπον

2167 1418 2480 1486 ἐπέχοντας,
2503 1417 2645 1478 οἴους
2668 1416 2817 1480 τινὰς
2838 1415 2975 1469 εἶναι
3003 1417 3287 1488 προσήκει,
3309 1417 3593 1487 διαγράφων
3617 1416 3676 1487 τῷ

2167 1507 2330 1578 λόγῳ,
2364 1506 2457 1559 τοῦ
2491 1505 2698 1578 πύργου
2735 1507 3004 1576 μέμνηται
3026 1505 3240 1569 τούτου,
3264 1499 3308 1574 ᾧ
3336 1505 3678 1576 ἐπονομάζεται

2173 1599 2270 1668 μὲν
2295 1599 2323 1651 ὁ
2354 1596 2535 1661 Δαϐὶδ,
2582 1597 2694 1666 ἔχει
2718 1597 2773 1648 δὲ
2809 1595 2901 1648 καὶ
2939 1594 3046 1649 άπὸ
3075 1596 3184 1648 τῶν
3213 1595 3475 1659 ἐπάλξεων
3497 1595 3550 1647 τὸ
3568 1595 3680 1662 γνὼο

2087 1663 2132 1722 Β
2170 1707 2346 1760 ριμον.
2380 1686 2633 1741 Θαλπιὼθ
2661 1687 2767 1755 γὰρ
2796 1688 2850 1740 αἱ
2886 1686 3139 1753 ἐπάλξεις
3173 1687 3626 1756 κατονομάζονται.

2240 1780 2398 1834 Οὕτω
2431 1780 2539 1848 δέή
2566 1778 2706 1842 λέξις
2743 1778 2851 1847 ἔχει
2875 1794 2886 1805 ·
2930 1778 3023 1844 Ὠς
3067 1779 3294 1847 πύργος
3322 1778 3487 1831 Δτιόὶδ
3512 1778 3683 1845 τράχηο

2165 1875 2276 1938 λός
2311 1890 2460 1936 σου,
2497 1874 2529 1925 ὁ
2581 1870 3029 1938 ᾠκοδομημένος
3073 1871 3146 1923 ἐν
3192 1870 3488 1934 Θαλπιὼθ,
3538 1871 3683 1938 χίλιοι

2167 1967 2362 2034 Ovpsoi
2404 1965 2715 2033 κρέμανται
2746 1963 2849 2016 ἐπ’
2869 1963 3060 2028 αὐτῷ,
3109 1963 3298 2017 πᾶσαι
3325 1963 3557 2027 ,βολίὸες
3589 1959 3682 2014 τῶν

2167 2057 2454 2111 δυνατῶν.
2497 2057 2562 2110 Ἡ
2595 2057 2690 2127 μὲν
2719 2051 2811 2110 οὖν
2852 2058 3140 2126 σωματικὴ
3186 2055 3278 2110 τοῦ
3311 2056 3510 2126 πύργου
3551 2070 3687 2107 κατα·

2170 2148 2336 2219 σκευὴ
2359 2147 2420 2201 τὸ
2443 2163 2507 2200 πε
2516 2148 2794 2219 ρίϐλεπτον
2828 2145 2941 2216 ἔχει
2959 2187 2972 2208 ,
2996 2146 3060 2199 ἐκ
3087 2162 3150 2200 τε
3179 2148 3274 2200 τοῦ
3305 2147 3456 2218 ἔργον
3474 2144 3595 2200 εἶναι
3613 2147 3686 2198 τοῦ

2170 2239 2432 2310 βασιλέως
2456 2240 2634 2302 Δασιδ,
2683 2240 2776 2292 καὶ
2799 2239 2865 2291 ὲκ
2899 2239 2997 2306 τῆς
3021 2240 3380 2309 περιφανείας
3407 2240 3495 2292 τοῦ
3531 2239 3686 2303 τόπου,

2169 2333 2262 2386 καὶ
2302 2335 2366 2386 ἐκ
2387 2332 2496 2385 τῶν
2522 2331 2886 2385 ἀνατεθέντων
2914 2330 3096 2383 ὃπλων
3129 2332 3189 2383 ἐν
3222 2331 3366 2400 αύτῷ
3386 2369 3400 2394 ,
3437 2330 3619 2402 θυρεῶν
3644 2345 3689 2381 τε

2170 2425 2262 2478 καὶ
2296 2423 2406 2476 τῶν
2445 2423 2681 2494 βολίδων,
2713 2416 2787 2476 ὧν
2814 2423 2874 2474 τὸ
2908 2421 3115 2492 πλῆθος
3145 2422 3468 2476 ἐνδείκνυται
3505 2423 3532 2474 ὁ
3565 2422 3692 2489 λόγος

2169 2516 2245 2586 τῷ
2271 2515 2371 2585 τῆς
2410 2515 2643 2584 χιλιάδος
2685 2514 2926 2584 ὀνόματι.
2970 2513 3136 2584 Ἡμῖν
3172 2515 3230 2569 δὲ
3261 2515 3453 2575 σκοπός
3490 2516 3589 2565 ἐστι
3615 2528 3692 2563 κα-

2169 2604 2424 2674 τανοῆσαι
2469 2603 2562 2656 τοῦ
2607 2603 2750 2656 θείου
2781 2601 2938 2670 λόγου
2978 2604 3078 2674 τὴν
3125 2602 3382 2674 δύναμινθ
3414 2600 3522 2665 πῶς
3548 2617 3694 2672 παρα·

2169 2694 2419 2748 ϐάλλεται
2441 2693 2517 2764 τῷ
2543 2693 2736 2764 πύργῳ
2761 2691 2936 2763 τούτῳ
2962 2693 3024 2746 τὸ
3059 2694 3230 2764 μέρος
3257 2695 3430 2750 ἐκεῖνο
3461 2693 3552 2759 τῆς
3594 2691 3692 2742 Ἐκ-

2170 2783 2412 2855 κλησίας,
2443 2775 2487 2850 ᾧ
2520 2781 2786 2853 τράχηλός
2829 2782 2946 2834 ἐστι
2975 2781 3036 2835 τὸ
3078 2783 3276 2852 ὄνομα.
3306 2781 3520 2851 Πρῶτον
3548 2779 3696 2831 τοίνυν

2170 2866 2416 2932 ἐξετάσαι
2462 2867 2725 2938 προσήκει
2777 2868 2927 2920 ποῖον
2971 2867 3028 2918 ἐν
3050 2865 3132 2937 τῷ
3180 2867 3302 2921 καθ’
3349 2867 3489 2938 ἡμᾶς
3523 2864 3698 2934 σώματι

2173 2958 2334 3028 μέρος
2359 2997 2375 3021 ,
2414 2957 2492 3026 τῷ
2520 2957 2738 3027 ὀνόματι
2777 2955 2869 3008 τοῦ
2894 2957 3196 3027 πραχήλου
3254 2954 3695 3028 προσαγορεύεται,

2168 3047 2264 3104 εἷθ’
2310 3049 2482 3111 οὕτως
2527 3048 2834 3118 ἐφαρμόσαι
2867 3047 2945 3117 τῷ
2971 3047 3074 3117 τῆς
3121 3047 3446 3120 Ἐκκλησίας
3489 3045 3619 3116 μέλει
3649 3042 3696 3094 τὸ

2165 3147 2352 3216 ὄνομα.
2385 3144 2591 3198 Οὐκοῦν
2632 3143 2693 3196 τὸ
2718 3142 3087 3216 ἐρῥιζωμένον
3129 3144 3190 3196 ἐν
3239 3144 3387 3216 μέσῳ
3411 3143 3510 3197 τῶν
3539 3141 3695 3211 ὤμων,

2166 3239 2370 3308 ἀνέχων
2401 3236 2457 3290 δὲ
2487 3236 2585 3307 τὴν
2608 3235 2848 3306 κεφαλὴν
2875 3235 2961 3304 ἐφ’
3001 3237 3224 3298 ἑαυτοῦ,
3260 3237 3354 3290 καὶ
3381 3237 3495 3290 ἀντὶ
3525 3234 3693 3303 βάσεως

2162 3329 2256 3382 τοῦ
2287 3327 2685 3397 ὑπερκειμένου
2724 3326 3030 3396 γινόμενον,
3067 3326 3343 3398 τράχηλος
3377 3324 3692 3396 όνομάζεταισ

2161 3415 2222 3472 οὗ
2246 3417 2304 3471 τὸ
2331 3417 2558 3470 κατόπιν
2605 3415 2723 3486 μὲν,
2760 3416 2969 3479 ὀστέοις
3003 3417 3282 3487 ἐρείδεται
3303 3435 3314 3447 ·
3349 3417 3409 3470 τὸ
3442 3417 3497 3469 δὲ
3535 3413 3695 3483 προϐε-

2162 3509 2427 3580 ϐλημένον
2453 3506 2734 3577 ἐλεύθερόν
2772 3506 2888 3558 ἐστι
2919 3505 3018 3576 τῆς
3057 3507 3171 3560 τῶν
3198 3507 3399 3560 ὀστέων
3427 3501 3694 3576 περιϐολῆς.

2171 3602 2235 3653 Ἡ
2259 3601 2315 3654 δέ
2356 3598 2449 3652 τοῦ
2484 3597 2665 3652 ὀστέου
2708 3595 2869 3665 φύσις
2894 3635 2908 3659 ,
2938 3597 3000 3649 οὐ
3027 3597 3156 3650 καθ’
3181 3599 3473 3669 ὁμοιότητα
3508 3595 3591 3648 τοῦ
3613 3594 3700 3661 πή-

2159 3690 2355 3762 χεωςῆ
2397 3691 2495 3760 τῆς
2534 3690 2747 3759 κνήμης
2795 3688 3029 3759 συνεχής
3069 3690 3190 3742 ἐστι
3223 3691 3360 3761 πρὸς
3405 3685 3585 3757 ἑαυτὴν
3624 3683 3698 3736 καὶ

2158 3784 2479 3856 ἀδιαίρετος,
2518 3780 2651 3834 ἀλλὰ
2681 3780 2948 3850 πολλαχοῦ
2973 3780 3080 3834 τῶν
3125 3781 3335 3836 ὀστέων
3361 3783 3417 3835 ἐν
3437 3778 3698 3832 σπονδύλων

2160 3875 2398 3946 σχήματι
2423 3872 2785 3945 διῃρημένων,
2816 3871 2904 3924 διὰ
2931 3871 3041 3926 τῶν
3063 3873 3389 3941 πεφυκότων
3419 3872 3584 3932 αὐτοῖς
3601 3868 3695 3921 veti-

2161 3983 2268 4035 ρων
2298 3965 2392 4018 καὶ
2433 3963 2642 4035 μυελῶν
2677 3963 2772 4016 καὶ
2808 3963 3121 4035 συνδέσμων
3149 3966 3185 4036 ἡ
3224 3966 3419 4029 ἐνωσις
3441 3965 3567 4032 αὕτῇ
3589 3960 3696 4031 πρὸς

2157 4059 2364 4130 ἄλληλα
2392 4057 2622 4127 γίνεται,
2657 4056 2753 4110 καὶ
2784 4055 2875 4109 διά
2917 4054 3012 4108 τοῦ
3048 4056 3255 4126 μυελοῦ
3296 4054 3391 4110 τοῦ
3431 4051 3695 4112 αὑλοειδοῦς

2157 4151 2294 4205 κατὰ
2318 4151 2380 4204 τὸ
2410 4150 2573 4221 μέσον
2607 4149 2907 4219 διήκοντος,
2941 4141 3002 4202 οὗ
3025 4149 3058 4217 ή
3087 4147 3322 4219 περιοχὴ
3358 4149 3453 4219 μὲν
3485 4145 3603 4217 πρὸς
3619 4141 3697 4202 τὰς

2161 4244 2452 4314 μήνιγγας,
2474 4241 2607 4295 αὐτὸ
2633 4240 2689 4293 δὲ
2727 4239 2788 4293 τὸ
2817 4239 3138 4311 ἐγκείμενον
3163 4241 3302 4312 πρὸς
3326 4239 3416 4294 τὸν
3439 4235 3694 4306 ἐγκέφαλον

484 4328 781 4382 ventilatur
821 4336 874 4381 et
908 4327 1190 4382 reducitur
1234 4326 1300 4380 ad
1347 4326 1720 4396 operationem
1753 4327 2053 4381 secundum

2163 4335 2361 4404 ἥνωται
2385 4347 2398 4365 ⁸
2433 4336 2490 4387 ἐν
2525 4331 2581 4386 δὲ
2611 4333 2722 4395 τοῖς
2754 4330 3062 4402 ἔμπροσθεν
3092 4332 3345 4402 πριέχει
3386 4331 3481 4401 μὲν
3507 4329 3594 4399 τὴν
3616 4326 3693 4394 ἀρ’

486 4426 760 4474 naturam.
791 4417 1047 4474 Continet
1077 4429 1257 4473 autem
1293 4418 1402 4472 cibi
1445 4431 1665 4487 quoque
1698 4425 1934 4479 meatus,
1963 4432 2060 4487 per

484 4513 666 4580 gulam
729 4517 784 4565 et
845 4510 1053 4575 fauces,
1110 4510 1376 4580 quidquid
1424 4523 1521 4579 per
1573 4523 1637 4564 os
1697 4509 2064 4564 introducitur

483 4605 868 4658 transmittens
914 4603 982 4658 ad
1015 4603 1412 4658 eoncavitatem
1452 4615 1573 4674 quae
1609 4608 1694 4656 est
1726 4615 1915 4656 eorum
1969 4615 2059 4655 ca-

487 4707 615 4761 pax.
653 4692 829 4747 Habet
864 4702 1042 4748 autem
1074 4693 1275 4748 collum
1311 4692 1591 4764 quidpiam
1619 4693 1878 4747 eximium
1919 4708 2064 4763 pra:-

487 4793 568 4836 ter
619 4789 814 4836 cmtera
860 4784 1124 4840 membra.
1176 4784 1234 4838 In
1291 4783 1564 4853 superiori
1613 4783 1758 4838 enim
1811 4784 2055 4853 positura

486 4888 694 4943 asperae
741 4875 977 4940 arterizc,
1029 4883 1114 4930 est
1162 4875 1217 4930 in
1257 4892 1324 4931 eo
1369 4875 1582 4931 oliicina
1622 4874 1795 4937 vocis,
1853 4875 1906 4929 in
1949 4891 2056 4945 qua

487 4973 619 5022 sunt
658 4974 962 5037 praeparata
993 4968 1176 5022 omnia
1210 4968 1362 5024 vocis
1394 4971 1780 5031 instrumenta,
1812 4982 1909 5036 per
1937 4982 2058 5036 qua:

487 5067 777 5128 generatur
823 5074 992 5115 sonus
1039 5058 1260 5129 spiritu,
1312 5061 1404 5129 qui
1444 5060 1712 5120 redditur,
1765 5057 1819 5112 itt
1869 5057 2056 5112 orbem

485 5147 824 5203 circumacta
864 5149 1086 5203 arteria.
1126 5147 1223 5204 Sic
1271 5159 1448 5205 autem
1502 5165 1532 5205 a
1581 5149 1739 5206 nobis
1783 5149 2059 5219 descripto

487 5240 736 5297 membro
768 5241 1038 5311 corporis,
1071 5240 1229 5298 facile
1264 5242 1428 5297 fuerit
1466 5258 1535 5298 ex
1565 5243 1634 5299 iis
1664 5256 1784 5313 quae
1819 5241 1908 5294 hic
1931 5249 2058 5295 sunt

487 5334 859 5400 considerata,
894 5335 1249 5391 considerare
1277 5336 1478 5392 collum
1518 5334 1772 5405 corporis
1795 5333 2057 5387 ecclesia-

487 5422 612 5478 stici
647 5443 660 5480 :
703 5423 969 5495 quidnam
1019 5427 1091 5482 sit
1139 5442 1238 5497 per
1275 5427 1667 5482 convenientes
1712 5424 2057 5494 operationcs

487 5515 632 5584 quod
659 5516 764 5572 hoc
790 5533 991 5574 nomen
1029 5519 1247 5588 proprie
1275 5519 1528 5587 suscipit,
1557 5524 1612 5572 et
1647 5515 1844 5571 collum
1875 5515 2052 5570 nomi-

487 5615 670 5676 natur,
700 5617 754 5664 et
783 5610 923 5666 turri
955 5610 1122 5665 David
1154 5609 1524 5666 assimilatur-

2158 4426 2352 4498 τηρίαν
2399 4426 2427 4477 ό
2473 4424 2772 4495 τράχηλος,
2809 4424 2843 4494 ἢ
2877 4423 3081 4493 δοχεῖόν
3121 4424 3243 4477 ἐστι
3292 4424 3386 4478 τοῦ
3430 4422 3693 4491 πνεύματος

2168 4517 2250 4570 δοῦ
2287 4515 2484 4580 ἔξωθεν
2516 4516 2649 4584 ἡμῖν
2691 4513 3121 4584 είσοικιζομένου
3163 4531 3226 4567 τε
3276 4513 3373 4568 καὶ
3403 4511 3690 4584 είσρέοντος.

2157 4606 2223 4659 δι’
2268 4599 2329 4660 οὗ
2363 4605 2427 4658 τὸ
2462 4604 2751 4676 ἐγκάρδιον
2796 4605 2908 4676 πῦρ
2945 4604 3082 4676 πρὸς
3123 4605 3227 4676 τὴν
3265 4607 3540 4677 ἐνέργειαν
3563 4599 3691 4656 αὐτοῦ

2157 4699 2258 4768 τὴν
2303 4697 2445 4752 κατὰ
2474 4697 2634 4766 φύσιν
2671 4696 3108 4770 ἀναρριπίζεται.
3141 4697 3400 4769 Περιέχει
3423 4697 3477 4750 δὲ
3517 4693 3599 4749 καὶ
3617 4691 3690 4757 τῆς

2159 4787 2365 4861 τροφῆς
2400 4787 2499 4852 τὰς
2539 4787 2798 4851 εἰσόδους,
2840 4785 2932 4841 διὰ
2955 4785 3050 4841 τοῦ
3075 4787 3281 4859 λαιμοῦ
3313 4806 3371 4841 τε
3399 4787 3488 4842 καὶ
3521 4783 3601 4838 τοῦ
3622 4781 3691 4833 λά-

2166 4898 2386 4953 ρυγγος,
2428 4882 2536 4934 πᾶν
2573 4879 2636 4934 τὺ
2662 4879 2752 4934 διά
2785 4879 2880 4933 τοῦ
2917 4879 3187 4950 στόματος
3226 4880 3566 4950 εἰσαγόμενον
3588 4871 3692 4942 πρὸς

2161 4974 2260 5043 τὴν
2297 4971 2586 5041 κοιλότητα
2632 4969 2730 5041 τὴν
2758 4969 3013 5039 δεκτικὴν
3048 4969 3260 5024 τούτων
3304 4963 3687 5038 διαπορθμεύων.

2165 5067 2318 5136 Ἔχει
2337 5065 2394 5118 δὲ
2417 5064 2512 5118 καὶ
2536 5062 2665 5117 ἄλλο
2685 5061 2836 5133 παρὰ
2851 5061 2920 5116 τὰ
2947 5063 3108 5116 λοιπά
3134 5063 3250 5116 τῶν
3273 5063 3445 5135 μελῶν
3465 5053 3691 5131 ἐξαίρετόν

2160 5173 2213 5208 τι
2261 5157 2290 5208 ὁ
2331 5155 2621 5226 τράχηλος.
2664 5152 2838 5223 Κατὰῖ
2863 5153 2972 5220 γὰρ
3009 5153 3108 5223 τὴν
3155 5152 3272 5208 ἄνω
3333 5153 3434 5223 τῆς
3471 5145 3688 5222 ἀρτηρίας

2164 5242 2336 5307 θέσιν,
2373 5242 2521 5295 ἐστὶν
2554 5243 2612 5294 ἐν
2647 5239 2795 5311 αὐτῷ
2825 5241 2922 5312 τῆς
2968 5241 3152 5312 φωνῆς
3185 5243 3248 5296 τὸ
3271 5243 3619 5314 ἐργαστήριον,
3645 5231 3689 5285 ὲν

2163 5328 2208 5401 ᾧ
2235 5335 2303 5388 τὰ
2326 5332 2610 5404 φωνητικὰ
2631 5332 3290 5405 πάνταοπαρεσκεύασται
3315 5335 3530 5406 ὄργανα,
3557 5328 3615 5383 δι’
3631 5317 3687 5378 ὧν

2163 5426 2526 5493 ἀπογεννᾶται
2553 5425 2582 5478 ό
2606 5419 2740 5496 ἦχος
2755 5465 2770 5490 ,
2796 5423 2874 5495 τῷ
2896 5424 3266 5497 άναδιδομένῳ
3287 5424 3546 5496 πνεύματι
3565 5431 3688 5486 περι·

2167 5517 2491 5587 δονουμένης
2515 5519 2572 5570 ἐν
2602 5516 2786 5587 κύκλῳ
2803 5517 2908 5588 ⁴τῆς
2939 5517 3227 5590 ἀρτηρίας.
3259 5517 3414 5571 Οὕτω
3431 5517 3484 5570 δὲ
3503 5511 3585 5568 τοῦ
3606 5525 3686 5562 σω-

2165 5605 2395 5675 ματικοῦ
2429 5605 2622 5676 μέλους
2665 5607 2796 5675 ἡμῖν
2842 5605 3235 5677 διαγραφέντος
3258 5648 3272 5670 ,
3299 5603 3507 5657 εὔκολον
3533 5599 3590 5652 ἂν
3621 5593 3687 5657 ειη

3849 3041 3851 3056 ί
