3948 6192
253 221 353 278 933

1295 211 1358 268 ΙΝ
1383 208 1684 270 CANTICA
1713 203 1987 262 CANTIC.
2031 203 2319 261 llOMllJA
2358 205 2465 260 Vll.

3397 206 3506 262 9313

261 331 338 386 διὰ
369 328 468 384 τῶν
494 326 728 382 ἐνταῦθα
765 326 1153 399 θεωρηθέντων
1181 299 1384 380 καὶτὸν
1407 323 1502 379 τοῦ
1535 309 1994 392 ἐκκλησιαστικοῦ
2031 318 2282 390 σώματος
2317 316 2590 390 τράχηλον
2651 319 3012 392 κατανοῆσαν
3081 319 3227 383 ὅστις
3292 320 3439 375 ἐστὶν
3471 322 3506 373 ὁ

255 421 337 477 διὰ
359 419 456 474 τῶν
485 418 834 490 καταλλήλων
856 417 1149 490 ἐνεργειῶν
1177 418 1236 472 τὸ
1267 419 1439 490 ὄνομα
1474 415 1636 470 τοῦτο
1671 413 1881 485 κυρίως
1959 411 2380 484 ἀναλαμϐάνων,
2428 411 2700 483 τράχηλός
2735 431 2792 467 τε
2838 413 3259 485 ὀνομαζόμενος,
3288 416 3382 468 καὶ
3427 415 3503 485 τῷ

262 515 431 586 πύργῳ
461 512 550 567 τοῦ
578 504 746 567 Δαῖἢδ
768 511 1155 584 ὁμοιούμενος.

319 573 525 678 ίίρίῦτον
552 605 652 676 μὲν
680 573 852 670 cum-8
879 605 942 676 δὴ
966 573 1062 658 καὶ
1087 573 1305 677 πρῶτόν
1331 606 1500 668 ἐστιν,
1532 602 1691 667 εἴτις
1717 601 1801 675 τὴη

1992 592 2236 647 Primum
2272 606 2402 663 ergo
2434 591 2579 663 quod
2618 599 2673 647 et
2705 573 3038 662 praecipuum
3067 601 3174 660 est,
3210 597 3255 651 si
3289 601 3413 670 quis
3447 600 3500 653 in

233 696 489 769 ,ἀληθινὴν
518 694 613 748 τοῦ
643 693 851 758 παντὸς
893 694 1139 765 κεφαλὴν
1166 693 1250 764 ἐφ’
1292 695 1488 749 ἐαυτοῦ
1534 694 1814 765 βαστάζοι,

1918 697 1977 739 se
2011 690 2195 753 portat
2219 696 2407 738 verum
2435 690 2603 754 caput
2623 683 2892 750 universi,
2922 683 3055 738 illud
3082 685 3302 758 inquam
3336 698 3502 761 caput

255 789 443 858 ἐκείνην
467 786 610 854 λέγω
645 785 742 858 τὴν
771 785 1037 858 κεφαλὴν,
1068 787 1192 857 ἣτις
1235 787 1390 841 ἐστὶν
1415 788 1442 840 ὁ
1475 785 1729 856 Χριστὸς,
1756 784 1801 848 ἐξ

1917 775 2064 845 quod
2091 782 2177 830 est
2209 773 2489 840 Christus,
2521 790 2590 830 ex
2625 788 2734 844 quo
2756 788 2918 829 omne
2951 788 3156 844 corpus
3192 779 3501 850 compingi-

251 877 304 936 οὐ
333 880 432 933 πᾶν
461 879 522 932 τὸ
547 879 706 949 σῶμα
743 878 1234 949 συναρμολογεῖται
1270 881 1367 933 καὶ
1397 876 1812 948 συμϐιϐάζεται,

247 966 386 1033 οὗτος
422 971 624 1042 κυρίως
667 969 826 1041 φέρει
858 971 942 1040 ἐφ’
969 971 1150 1043 ἐαυτῷ
1179 971 1340 1025 τοῦτο
1370 971 1430 1025 τὸ
1451 971 1640 1042 ὄνομα.
1672 971 1814 1042 Πρὸς

248 1061 436 1124 τούτοις
469 1061 518 1111 εί
551 1059 645 1113 τοῦ
672 1060 982 1132 πνεύματός
1013 1062 1412 1126 ἐστιδεκτικὸς,
1446 1063 1538 1116 τοῦ
1567 1063 1666 1134 τὴν
1689 1079 1815 1133 καρ-

249 1153 351 1205 δίαν
377 1150 532 1221 ἡμῶν
564 1151 824 1222 πυροειδῆ
865 1151 1152 1216 ποιοῦντος
1196 1153 1293 1208 καὶ
1325 1153 1807 1225 ἐκθερμαίνοντος,

248 1242 330 1293 καὶ
349 1241 393 1293 εί
416 1238 503 1292 διὰ
530 1239 629 1309 τῆς
659 1239 856 1310 εὐήχου
890 1243 1076 1313 φωνῆς
1103 1242 1370 1314 ὑπηρετεῖ
1396 1242 1474 1314 τῷ
1497 1243 1658 1314 λόγῳ.
1677 1243 1810 1296 Οὐδὲ

246 1331 338 1400 γάρ
364 1329 518 1384 ἄλλου
549 1333 693 1396 τινὸς
712 1331 898 1385 ἐνεκεν
919 1331 1018 1403 τὴν
1046 1333 1395 1402 ἀνθρωπίνην
1417 1333 1599 1404 φωνὴν
1629 1336 1656 1387 ὁ
1677 1334 1809 1398 Θεὸς

243 1422 618 1497 τῇάνθρωπίνῃ
663 1424 822 1493 φύσει
854 1425 1247 1496 ἐνετεκτήσατο
1267 1464 1281 1488 ,
1318 1425 1350 1497 ἢ
1382 1426 1468 1478 ἵνα
1504 1425 1732 1496 ὄργανον

245 1509 322 1561 τοῦ
365 1509 553 1578 λόγου,
587 1510 922 1582 διαρθροῦσα
970 1510 1037 1564 δι’
1073 1511 1276 1582 ἑαυτῆς
1320 1510 1388 1566 τὰ
1439 1509 1540 1582 τῆς
1580 1513 1805 1583 καρδίας

243 1601 510 1672 κινήματα.
557 1602 759 1672 Ἐχέτω
784 1601 839 1656 δὲ
870 1596 1025 1664 οὗτος
1060 1603 1088 1654 ό
1128 1601 1401 1674 τράχηλος
1436 1603 1529 1655 καὶ
1553 1602 1651 1673 τὴν
1683 1603 1807 1672 θρε-

242 1692 414 1762 πτικὴν
434 1693 742 1765 ἐνέργειαν,
773 1693 870 1764 τὴν
895 1693 1246 1748 διδασκαλίαν
1271 1696 1434 1764 λέγω,
1463 1695 1529 1748 δι’
1551 1691 1616 1767 ἧς
1641 1697 1805 1750 παντὶ

232 1783 305 1852 ’τῷ
326 1782 546 1854 «σώματι
588 1784 689 1855 τῆς
730 1783 1058 1855 Ἐκκλησίας
1099 1786 1504 1857 συντηρεῖταιὴ
1545 1785 1799 1855 δύναμις.

251 1873 624 1946 Ἐπιρῤεούοης
657 1873 766 1947 γὰρ
809 1875 898 1928 ἀεὶ
929 1877 1029 1947 τῆς
1055 1877 1280 1948 τροφῆς,
1324 1878 1382 1930 ἐν
1414 1875 1495 1948 τῷ
1528 1873 1664 1930 εἶναι
1687 1877 1801 1930 δια·

1923 874 2014 921 ιιιι·
2037 873 2092 922 et
2125 867 2506 937 conjungitur,
2556 867 2604 923 is
2649 867 2706 921 in
2753 881 2812 921 se
2861 867 3085 936 proprie
3121 867 3226 922 fert
3267 870 3370 924 hoc
3403 886 3501 925 no-

1914 974 2064 1015 men.
2098 957 2369 1014 Praeterea
2416 967 2597 1015 autem
2629 960 2675 1017 si
2706 967 2792 1016 est
2816 973 2988 1030 capax
3029 960 3261 1032 spiritus
3283 962 3374 1032 qui
3403 977 3501 1017 cor

1913 1060 2162 1107 nostrum
2196 1051 2376 1107 reddit
2405 1051 2624 1122 igneum
2647 1060 2702 1106 et
2736 1050 3008 1115 calefacit,
3038 1061 3093 1106 et
3123 1053 3169 1110 si
3210 1068 3306 1121 per
3334 1068 3500 1107 sono-

1914 1157 2033 1196 ram
2074 1157 2264 1197 vocem
2315 1143 2560 1198 deservit
2603 1144 2863 1198 orationi.
2911 1143 3030 1198 Non
3071 1144 3218 1198 enim
3279 1144 3385 1198 alia
3431 1145 3501 1199 de

1917 1247 2084 1288 causa
2117 1232 2260 1289 Deus
2290 1234 2588 1289 humanam
2616 1250 2806 1290 vocem
2842 1243 3053 1290 naturae
3095 1236 3378 1290 hominum
3413 1245 3500 1292 cst

1914 1323 2238 1392 fabricatus,
2279 1342 2445 1397 quam
2477 1336 2536 1382 ut
2565 1337 2712 1384 esset
2743 1329 3172 1384 instrumentum
3204 1329 3495 1389 orationis,

1909 1430 2008 1485 per
2039 1431 2098 1472 se
2138 1417 2324 1474 cordis
2354 1427 2538 1474 motus
2563 1420 2847 1489 explicans
2889 1427 2945 1474 et
2974 1419 3345 1490 distinguens.
3390 1418 3499 1472 lla—

1907 1509 2033 1564 hcat
2061 1518 2242 1564 autem
2271 1512 2376 1565 hoc
2417 1527 2638 1582 quoque
2662 1511 2864 1566 collum
2905 1512 3184 1565 nutriendi
3212 1511 3494 1580 operatio-

1906 1616 2051 1666 nem,
2101 1603 2434 1670 doctrinam,
2484 1603 2730 1673 inquam,
2778 1617 2875 1672 per
2914 1617 3079 1673 quam
3133 1602 3231 1658 loti
3275 1605 3492 1672 corpori

1907 1687 2172 1746 Ecclesia:
2214 1699 2580 1746 conservatur
2601 1692 2798 1747 virtus.
2827 1692 3166 1747 Adveniente
3203 1693 3349 1748 enim
3399 1708 3496 1745 nu-

1904 1780 2164 1835 trimento
2193 1792 2553 1837 conservatur
2600 1797 2802 1853 corpus
2845 1783 2902 1836 in
2943 1783 3206 1838 essentia.
3245 1782 3340 1836 Sin
3389 1797 3491 1836 au-

1903 1879 2011 1927 tem
2046 1872 2292 1938 deficiat,
2342 1873 2601 1936 tabescit,
2652 1883 2707 1930 et
2759 1874 2970 1930 interit.
3010 1874 3258 1930 Imitetur
3306 1883 3488 1929 autem

235 1943 368 2034 μένει
393 1943 451 2018 τὸ
482 1964 648 2036 σῶμα
669 1982 684 1997 ⁸
719 1943 1110 2040 ἐπιλειπούσης
1131 1943 1229 2033 δέ,
1252 1967 1430 2037 φθίνει
1458 1943 1552 2020 καὶ
1586 1966 1801 2038 φθείρε-

1911 1972 1966 2018 et
2020 1965 2351 2019 concinnam
2415 1965 2796 2020 vertebrarum
2848 1966 3178 2034 posituram,
3228 1978 3296 2018 co
3344 1964 3491 2032 quod

236 2075 332 2113 ται.
362 2059 654 2129 Μιμείσθω
681 2061 739 2114 δὲ
764 2063 858 2116 καὶ
882 2062 981 2133 τὴν
1007 2063 1328 2134 ἐναρμόνιον
1351 2063 1460 2116 τῶν
1497 2061 1803 2116 σπονδύλων

239 2149 390 2213 θέσιν,
429 2153 488 2204 ἐν
521 2152 604 2223 τῷ
645 2153 775 2217 τούς
815 2154 940 2207 καθ’
987 2154 1220 2208 ἕκαστον
1254 2155 1313 2208 ἐν
1353 2154 1430 2225 τῷ
1460 2153 1572 2224 λαῷ
1620 2170 1804 2207 συντε-

236 2240 434 2306 λοῦντας
460 2242 558 2297 διὰ
595 2244 688 2297 τοῦ
726 2245 1027 2316 συνδέσμου
1060 2245 1160 2316 τῆς
1187 2245 1429 2316 εἰρήνης,
1470 2244 1527 2297 ἐν
1557 2243 1802 2314 ἀπεργά-

235 2333 397 2397 ζεσθαι
425 2333 626 2406 μέλος,
660 2338 973 2409 κλινόμενόν
1005 2355 1066 2391 τε
1100 2338 1194 2392 καὶ
1242 2337 1667 2411 άνορθούμενον,
1707 2337 1802 2391 καὶ

227 2425 340 2478 καθ’
369 2428 636 2500 ἑκάτερον
663 2428 774 2483 τῶν
816 2429 1063 2498 πλαγίων
1094 2430 1392 2501 εὐκινήτως
1425 2429 1802 2500 μεταστρεφό-

234 2536 391 2588 μενον.
436 2522 700 2586 Τοιοῦτος
732 2523 1004 2594 τράχηλος
1041 2525 1070 2578 ό
1111 2523 1324 2588 Παῦλος
1365 2519 1455 2596 ἦν,
1491 2523 1586 2577 καὶ
1631 2523 1686 2576 εί
1713 2540 1798 2586 τις

227 2611 368 2676 ἄλλος
391 2614 541 2668 κατὰ
573 2613 804 2685 μίμησιν
833 2615 1043 2668 ἐκείνου
1071 2615 1164 2669 τὸν
1196 2615 1310 2686 βίον
1332 2614 1714 2688 κατώρθωσεν,
1743 2615 1803 2679 ὃς

227 2702 483 2758 ἐϐάστασε
527 2706 628 2776 μὲν
669 2705 731 2758 τὸ
762 2707 934 2777 ὖνομα
976 2707 1212 2780 Κυρίου,
1249 2706 1441 2770 σκεῦος
1469 2707 1698 2778 ἐκλογῆς
1724 2705 1804 2776 τῷ

224 2795 444 2870 Δεσπάτῃ
490 2798 782 2868 γενόμενος
802 2814 817 2829 ο
848 2798 944 2852 καὶ
975 2797 1149 2862 οὕτως
1180 2797 1330 2870 αὐτῷ
1360 2799 1428 2852 δι’
1452 2798 1734 2868 ἀκρίϐειαν
1766 2797 1800 2868 ἡ

225 2888 410 2960 κεφαλὴ
452 2877 576 2942 ’τῶν
602 2889 740 2942 ὅλων
779 2890 1118 2961 ἐφήρμοστο,
1158 2889 1300 2944 ὥστε
1330 2890 1425 2945 καὶ
1467 2891 1568 2945 ὅσα
1598 2889 1800 2957 ἐλάλει,

221 2978 403 3047 μηκέτι
438 2979 615 3032 αὐτὸν
664 2975 806 3033 εἶναι
841 2981 931 3033 τὸν
988 2981 1288 3045 λαλοῦντα,
1321 2981 1456 3034 ἀλλὰ
1491 2981 1592 3053 τὴν
1635 2998 1804 3051 κεφα-

224 3067 308 3138 λὴν
337 3069 874 3140 αὐτοῦ’φθέγγεσθαι
901 3088 918 3104 ο
956 3070 1142 3136 καθὼς
1191 3071 1435 3138 ἐπέδειξε
1469 3074 1582 3136 τοῖς
1608 3073 1802 3144 Κοριν-

221 3155 348 3222 θίοις
375 3161 466 3214 τὸν
496 3163 742 3231 Χριστὸν
788 3163 847 3215 ἐν
876 3163 1025 3233 αὐτῷ
1053 3161 1322 3217 λαλοῦντά
1355 3181 1417 3220 τε
1450 3163 1545 3216 καὶ
1571 3163 1803 3232 φθεγγό-

233 3266 392 3318 μενον.
425 3253 620 3316 Οῦτως
652 3252 800 3324 αὐτῷ
827 3252 1070 3323 εῦφωνός
1095 3271 1154 3307 τε
1190 3254 1285 3307 καὶ
1329 3252 1524 3324 εὐηχος
1547 3249 1615 3324 ἦν
1648 3255 1682 3325 ἡ
1710 3254 1804 3325 ἀρ-

227 3343 388 3413 τηρία,
418 3344 510 3398 διὰ
531 3343 630 3397 τοῦ
656 3344 812 3413 ἁγίου
836 3344 1151 3414 Πνεύματος
1176 3343 1506 3416 διαρθροῦσα
1534 3345 1633 3414 τῆς
1663 3344 1798 3415 άλη-

225 3430 358 3499 θείας
397 3436 491 3489 τὸν
538 3435 698 3504 λόγον
725 3452 738 3467 ο
785 3435 961 3498 οὕτως
1003 3434 1153 3506 αὐτῷ
1193 3435 1423 3490 πάντοτε
1472 3437 1588 3498 τοῖς
1635 3434 1800 3498 θείοις

225 3521 404 3591 λογίοις
451 3527 482 3579 ὁ
529 3523 745 3595 λάρυγξ
784 3523 1262 3592 κατεγλυκαίνετο,
1308 3524 1522 3596 τρέφων
1564 3523 1688 3576 ὅλον
1729 3523 1798 3576 δι’

223 3614 404 3668 ἑαυτοῦ
428 3617 490 3669 τὸ
519 3615 685 3686 σῶμα
714 3617 828 3678 τοῖς
871 3613 1158 3678 ζωοποιοῖς
1193 3614 1423 3677 ἐκείνοις
1452 3613 1795 3684 διδάγμασιν.

225 3703 281 3756 El
312 3705 366 3759 δὲ
387 3705 483 3759 καὶ
507 3705 574 3758 τὸ
600 3705 708 3758 τῶν
743 3702 1051 3757 σπονδύλων
1070 3701 1272 3773 ζητεῖς,
1299 3703 1382 3765 τίς
1410 3702 1552 3756 οὕτω
1588 3702 1797 3766 πάντας

218 3794 292 3857 τίς
318 3794 373 3848 ἓν
396 3796 563 3866 σῶμα
588 3796 894 3866 συνήρμοσε
921 3792 1000 3863 τῷ
1031 3794 1313 3864 συνδέσμῳ
1335 3793 1434 3864 τῆς
1458 3793 1681 3864 εἰρήνης
1701 3793 1797 3846 καὶ

222 3884 310 3955 τῆς
333 3886 594 3958 ἀγάπης;
630 3887 728 3949 Τίς
757 3886 930 3950 οῦτως
962 3885 1169 3952 ἐδίδαξε
1201 3885 1294 3938 τὸν
1323 3883 1593 3955 τράχηλον
1621 3883 1798 3936 κλίνε-

223 3974 335 4028 σθαι
400 3977 460 4029 ἐν
491 3978 609 4039 τοῖς
646 3979 946 4041 ταπεινοῖς,
973 3977 1067 4030 καὶ
1102 3974 1608 4046 συμπεριφέρεσθαι
1637 3975 1800 4028 πάλιν

222 4065 272 4116 ὲν
297 4064 372 4136 τῷ
392 4066 462 4120 τὰ
488 4067 607 4121 ἄνω
636 4070 873 4138 φρονεῖν,
903 4067 998 4120 καὶ
1029 4065 1167 4136 πρὸς
1197 4064 1268 4119 τὰ
1306 4065 1512 4134 πλάγια
1541 4082 1800 4137 περισκο-

223 4157 336 4208 πεῖν
358 4156 680 4228 εὐστρόφως
711 4174 771 4210 τε
811 4158 904 4213 καὶ
936 4159 1256 4229 εὐκινήτως,
1293 4156 1352 4210 ἐν
1375 4156 1455 4227 τῷ
1492 4155 1589 4219 τὰς
1618 4156 1798 4209 ποικί-

1905 2053 2216 2124 singulares
2249 2053 2344 2125 qui
2381 2061 2512 2108 sunt
2542 2054 2598 2108 in
2625 2053 2852 2124 populo,
2894 2067 2991 2122 per
3030 2052 3387 2122 ligamentum
3427 2066 3492 2103 ac

1904 2139 2183 2194 vinculum
2234 2140 2404 2209 pacis,
2459 2156 2629 2194 unum
2683 2137 2922 2194 efﬁciant
2969 2139 3304 2203 membrum,
3345 2138 3490 2211 quod

1903 2231 2202 2288 inclinetur
2248 2241 2415 2303 atque
2449 2232 2713 2304 erigatur,
2755 2238 2809 2286 et
2841 2230 2983 2284 facili
3023 2237 3178 2284 motu
3210 2230 3267 2284 in
3314 2228 3491 2299 quod-

1903 2331 2122 2390 cunque
2175 2319 2321 2374 lalus
2363 2327 2732 2373 convertatur.
2777 2315 2910 2373 Tale
2941 2317 3142 2372 collum
3183 2324 3303 2371 erat
3343 2315 3488 2370 Pau-

1907 2410 2014 2473 lus,
2047 2418 2101 2465 et
2139 2410 2184 2465 si
2214 2409 2339 2480 quis
2371 2410 2512 2464 alius
2552 2409 2730 2479 ipsum
2768 2409 2991 2464 imitans
3019 2416 3171 2462 recte
3199 2408 3366 2462 vitam
3403 2408 3486 2462 in-

1905 2499 2108 2562 stituit,
2142 2499 2234 2568 qui
2259 2497 2499 2568 portavit
2543 2497 2763 2567 quidem
2801 2512 2998 2550 nomen
3031 2495 3272 2562 Domini,
3308 2496 3488 2551 factus

1904 2588 2136 2644 Domino
2185 2603 2282 2643 vas
2322 2587 2654 2653 electionis;
2696 2595 2749 2642 et
2781 2587 2831 2641 ei
2877 2588 3014 2642 adeo
3059 2596 3318 2642 accurate
3357 2588 3488 2642 ada-

1902 2687 2113 2753 ptatum
2154 2678 2256 2732 fuit
2303 2686 2490 2748 caput,
2540 2685 2599 2732 ut
2631 2684 2686 2732 et
2735 2691 3079 2746 quascunque
3121 2675 3332 2732 diceret
3377 2691 3486 2731 non

1903 2769 2139 2840 amplius
2181 2765 2326 2824 esset
2371 2769 2485 2837 ipse
2513 2767 2764 2836 loquens.
2797 2767 2892 2822 sed
2937 2773 3102 2836 caput
3135 2765 3257 2834 ejus
3299 2766 3484 2836 loqueo

1901 2869 2076 2925 retur,
2108 2859 2383 2932 quomodo
2420 2858 2680 2913 indicavit
2703 2857 3007 2913 Corinthiis
3045 2857 3325 2913 Christum
3359 2873 3486 2914 esse

1903 2953 1996 3024 qui
2048 2952 2103 3007 in
2153 2953 2274 3022 ipso
2315 2951 2642 3020 loquebatur
2691 2957 2746 3004 et
2779 2947 3186 3004 enuntiabat”.
3243 2947 3322 3003 Ita
3371 2949 3484 3004 elo-

1907 3060 2083 3115 quens
2102 3050 2155 3098 et
2187 3042 2325 3097 bene
2356 3056 2561 3096 sonans
2586 3041 2692 3110 ipsi
2721 3048 2840 3095 erat
2871 3040 3100 3102 arteria,
3129 3055 3249 3110 qua:
3275 3039 3484 3110 Spiritu

1909 3133 2134 3190 verbum
2196 3132 2462 3204 dirigebat
2518 3131 2790 3189 veritatis.
2854 3130 2932 3187 Ita
2992 3131 3192 3187 divinis
3253 3132 3486 3203 eloquiis

1904 3226 2128 3280 omnino
2166 3222 2356 3278 dulces
2405 3221 2609 3276 ﬁebant
2645 3219 2832 3277 fauces
2860 3221 3004 3291 ejus,
3057 3229 3120 3276 ut
3163 3221 3255 3291 qui
3298 3237 3394 3292 per
3428 3237 3490 3279 se

1906 3323 2079 3370 totum
2135 3316 2372 3368 nutriret
2427 3326 2629 3381 corpus
2674 3311 2908 3368 vivificis
2956 3312 3066 3369 illis
3114 3310 3482 3367 documentis.

1907 3403 2062 3471 Quod
2087 3404 2134 3460 si
2172 3403 2337 3459 etiam
2375 3402 2580 3472 quaeris
2609 3401 2678 3456 de
2709 3401 3002 3466 vertebris,
3035 3403 3163 3472 quis
3194 3401 3265 3456 ita
3293 3416 3488 3458 omnes

1906 3493 2182 3564 compegit
2216 3493 2272 3547 in
2312 3507 2481 3546 unum
2517 3505 2719 3559 corpus
2764 3490 2984 3546 vinculo
3014 3491 3170 3561 pacis
3204 3499 3259 3546 et
3301 3491 3489 3546 chari-

1907 3587 2069 3642 tatis?
2097 3585 2234 3651 Quis
2274 3583 2357 3640 sic
2395 3581 2584 3637 docuit
2614 3581 2816 3636 collum
2854 3581 3122 3636 inclinare
3171 3582 3224 3635 in
3267 3582 3334 3637 iis
3367 3598 3488 3653 quae

1904 3688 2035 3736 sunt
2090 3675 2317 3732 humilia
2366 3681 2421 3729 et
2467 3673 2701 3743 abjecta,
2747 3680 2803 3728 et
2852 3686 2912 3727 se
2957 3673 3019 3726 in
3059 3686 3275 3726 omnem
3322 3675 3484 3729 simul

1902 3779 2113 3844 partem
2149 3781 2392 3831 versare,
2424 3775 2480 3821 οι
2520 3777 2742 3820 rursum
2781 3761 3016 3834 erigere,
3063 3777 3127 3817 ea
3167 3778 3288 3832 qua:
3319 3779 3483 3833 supra

1902 3871 2034 3920 sunt
2060 3857 2375 3930 cogitando,
2409 3865 2464 3912 et
2491 3857 2546 3910 in
2587 3853 2869 3924 obliquum
2900 3852 3396 3923 circumspiciendo
3426 3869 3486 3908 se

1907 3952 2184 4008 mobiliter
2229 3956 2572 4012 convertere,
2628 3945 2683 4001 in
2731 3943 3078 4000 declinandis
3124 3951 3179 3999 et
3226 3943 3484 4000 cavendis

1905 4043 2074 4097 variis
2110 4037 2315 4093 diaboli
2346 4035 2605 4094 insidiis?
2630 4033 2765 4090 Tale
2795 4047 2928 4104 ergo
2950 4033 3152 4090 collum
3184 4032 3285 4088 fuit
3309 4033 3480 4089 aadilt-

1898 4164 2081 4213 catum
2109 4167 2139 4206 a
2171 4150 2396 4206 Davide.

218 4259 308 4325 λας
331 4244 425 4299 τοῦ
455 4245 704 4300 διαϐόλου
755 4247 1030 4317 μεθοδείας
1064 4247 1331 4302 ἐκκλίνειν
1368 4247 1464 4301 καὶ
1495 4246 1928 4317 ἀσφαλίζεσθαις
1965 4248 2023 4302 '0
2051 4242 2291 4305 τοιοῦτος
2321 4235 2414 4294 οὖν
2447 4238 2711 4311 τράχηλος
2777 4239 2942 4302 δντως
3011 4240 3162 4310 παρὰ
3227 4237 3321 4292 τοῦ
3381 4237 3483 4289 Δα-

219 4332 298 4400 ζῆἂ
327 4333 694 4404 ᾠκοδόμηται.

282 4423 410 4478 Νόει
441 4424 502 4478 δὲ
534 4422 624 4477 διὰ
653 4422 748 4476 τοῦ
794 4423 958 4476 Δαϐὶδ
988 4424 1081 4478 τὸν
1125 4424 1348 4495 βασιλέα
1379 4425 1471 4480 τὸν
1501 4425 1597 4480 τοῦ
1638 4425 1793 4496 βασι-

218 4512 345 4580 λέως
369 4515 607 4587 πατέρα,
630 4514 689 4578 ὃς
714 4511 774 4578 ἐξ
798 4514 974 4586 ἀρχῆς
1001 4515 1092 4569 τὸν
1113 4517 1399 4586 ἄνθρωπον
1421 4516 1792 4570 κατεσκεύασε

1970 4418 2215 4489 Intellige
2243 4423 2426 4470 autem
2456 4426 2555 4483 per
2588 4410 2760 4468 David
2791 4425 2972 4481 regem
2995 4451 3012 4478 ,
3049 4418 3260 4481 patrem
3297 4415 3476 4486 regis.

1901 4511 1992 4582 qui
2023 4509 2092 4564 ab
2117 4505 2275 4563 initio
2301 4502 2589 4560 constituit
2619 4501 2896 4556 hominem
2928 4509 2988 4555 ut
3015 4511 3162 4558 esset
3191 4504 3362 4559 turris
3383 4543 3398 4570 ,
3429 4516 3484 4560 et

220 4603 424 4674 πύργον
452 4601 617 4669 εἶναι,
650 4593 746 4658 κάι
776 4604 899 4675 οὐχὶ
930 4605 1268 4676 σύμπτωμα,
1318 4606 1414 4660 καὶ
1447 4605 1537 4659 διὰ
1562 4607 1661 4676 τῆς
1697 4607 1794 4678 χά-

1906 4618 2008 4658 ηοη
2037 4609 2097 4657 ut
2137 4597 2393 4663 caderet,
2435 4604 2490 4652 et
2527 4609 2626 4667 per
2657 4595 2890 4666 gratiam
2920 4609 3044 4650 cum
3081 4610 3277 4650 rursus
3307 4597 3481 4652 aedili-

218 4711 357 4764 ριτος
379 4695 547 4751 αὐτὸν
575 4695 736 4750 πάλιν
757 4695 1191 4767 ἀνῳκοδόμησεν,
1222 4697 1660 4768 ἀσφαλισάμενος
1687 4701 1798 4762 τοῖς

216 4787 428 4853 πολλοῖς
467 4787 681 4859 θυρεοῖς
701 4827 716 4852 ,
750 4785 892 4840 ὥστε
926 4787 1122 4858 μηκέτι
1153 4787 1315 4842 αὐτὸν
1356 4789 1475 4852 ταῖς
1502 4787 1612 4842 τῶν
1641 4788 1798 4842 πολε-

221 4877 358 4947 μίων
403 4878 618 4948 ἐφόδοις
661 4877 984 4940 εὐεπίϐατον
1021 4874 1182 4934 εἶναι.
1226 4873 1294 4932 υἱ
1319 4878 1428 4951 γὰρ
1460 4879 1797 4952 κρεμάμενοι

220 4968 441 5040 θυρεοὶ,
471 4970 574 5023 οὐκ
617 4969 711 5024 ἐπὶ
744 4969 847 5042 γῆς
891 4970 1174 5042 κείμενοι,
1213 4971 1349 5026 ἀλλὰ
1396 4972 1626 5043 διαέριοι
1669 4975 1797 5042 περὶ

217 5061 377 5116 αὐτὸν
420 5061 784 5134 θεωρούμενοι
807 5100 824 5128 ,
852 5063 948 5116 καὶ
977 5062 1116 5134 μετὰ
1153 5062 1263 5117 τῶν
1301 5063 1508 5135 θυρεῶν
1530 5103 1546 5130 ,
1587 5064 1644 5119 αἱ
1685 5064 1794 5118 τῶν

216 5153 464 5208 δυνατῶν
501 5155 703 5225 βολίδες
726 5196 741 5220 ,
771 5141 943 5225 φόόον
985 5156 1274 5227 ἐμποιοῦσι
1313 5159 1425 5220 τοῖς
1456 5156 1796 5227 πολεμουμέ-

216 5262 327 5310 νοις
350 5263 366 5277 ·
400 5246 546 5300 ὥστε
577 5249 714 5319 μήτε
745 5247 846 5318 τὴν
882 5247 1056 5320 ἀρχὴν
1079 5249 1397 5321 ἐγχειρῆσαι
1425 5249 1795 5320 καταδραμεῖν

213 5338 310 5392 τοῦ
363 5337 601 5412 πύργου.
652 5335 822 5410 Οἶμαι
869 5340 926 5394 δὲ
981 5341 1081 5412 τὴν
1121 5340 1420 5412 ἀγγελικὴν
1459 5339 1699 5411 φρουράν
1734 5339 1794 5392 ἐν

217 5429 408 5501 κύκλῳ
454 5432 994 5504 περιτετειχισμένην
1038 5434 1129 5488 τὸν
1177 5433 1418 5488 τοιοῦτον
1468 5431 1677 5504 πύργον
1713 5429 1794 5503 τῷ

213 5521 417 5594 πλήθει
456 5523 563 5577 τῶν
603 5523 811 5596 θυρεῶν
862 5525 992 5596 ἡμῖν
1033 5525 1508 5599 διασημαίνεσθαι.
1545 5520 1794 5578 Δείκνυσι

289 5636 342 5669 ⁵⁸
394 5634 446 5691 ll
483 5636 603 5694 Cor.
657 5653 776 5704 xnt,
817 5639 872 5694 5.

1902 4693 2048 4749 cavit
2086 4690 2272 4745 multis
2301 4688 2577 4742 munitum
2614 4685 2854 4757 clypeis,
2889 4695 2950 4740 ut
2992 4678 3344 4741 inimicorum
3395 4689 3484 4743 in-

1903 4785 2139 4843 sultibus
2188 4796 2299 4837 non
2353 4779 2519 4834 facile
2567 4776 2805 4847 amplius
2848 4783 3036 4846 posset
3085 4773 3308 4831 invadi.’
3342 4775 3479 4832 Nam

1905 4877 2212 4950 pendentes
2263 4870 2441 4944 clypei
2463 4909 2478 4934 ,
2524 4884 2635 4924 non
2674 4869 2727 4922 in
2761 4874 2905 4924 terra
2935 4866 3066 4932 siti,
3096 4866 3191 4922 sed
3221 4867 3390 4932 aerii,
3423 4868 3479 4922 in

1901 4970 2022 5038 ipso
2053 4962 2388 5022 considerati
2414 5003 2430 5027 ,
2466 4967 2676 5014 etcum
2733 4955 2816 5012 eis
2863 4955 3030 5011 etiam
3074 4953 3248 5009 hastae
3284 4961 3480 5024 poten-

1901 5060 2036 5115 tium
2071 5056 2306 5111 afferunt
2339 5061 2608 5108 terrorem
2655 5046 2950 5104 hostibus:
2985 5045 3122 5100 adeo
3161 5051 3222 5100 ut
3258 5059 3328 5100 ne
3359 5058 3480 5099 om-

1904 5151 2036 5206 nino
2083 5146 2308 5219 quidem
2359 5143 2598 5199 audeant
2638 5139 2835 5194 turrim
2886 5136 3162 5192 invadere.
3210 5135 3479 5192 Existimo

1901 5251 2086 5300 autem
2116 5254 2238 5296 eam
2269 5235 2469 5294 turrim
2496 5235 2816 5307 clypeorum
2847 5228 3234 5295 multitudine,
3266 5226 3476 5298 siguiti«

1899 5349 2030 5390 care
2057 5331 2363 5404 angelicum
2394 5324 2709 5398 praesidium
2737 5337 2848 5394 quo
2877 5319 3230 5388 circumsepti
3259 5330 3472 5374 sumus.

1899 5424 2154 5482 Ostendit
2187 5430 2370 5478 autem
2396 5418 2565 5476 etiam
2608 5416 2892 5470 hastarum
2935 5410 3144 5465 mentio
3183 5421 3309 5463 eum
3342 5419 3472 5460 sen—

1887 5513 2044 5576 sum.
2086 5514 2208 5573 Non
2243 5514 2392 5572 enim
2423 5507 2670 5566 absolute
2702 5505 2842 5562 dixit
2873 5503 3091 5566 hastas,
3122 5497 3216 5556 scd
3249 5496 3319 5552 l'o;
3333 5497 3470 5551 tium
