3948 6192
499 196 601 253 955

1792 204 1855 259 S.
1885 200 2214 260 CREGORII
2251 204 2539 261 NYSSENI

3576 219 3662 273 936

498 283 806 386 adjectione
835 315 1080 369 ostendit
1106 331 1204 373 eos
1236 319 1330 387 qui
1368 334 1470 390 pro
1505 321 1669 377 nobis
1703 322 2019 398 deppgnant
2047 343 2059 377 :

2168 325 2223 377 δὲ
2259 328 2355 379 καὶ
2390 330 2424 395 ἡ
2456 327 2563 379 τῶν
2598 325 2817 397 βολίδων
2851 326 3038 396 μνήμη
3068 326 3164 396 τὴν
3192 324 3423 398 τοιαύτην
3450 327 3661 390 διάνοιαν.

498 404 635 459 adeo
670 413 730 457 ut
782 406 928 473 quod
981 407 1203 472 dicitur,
1261 413 1555 467 conveniat
1583 414 1634 468 ei
1680 415 1827 483 quod
1874 425 1960 469 est
2012 418 2065 470 in

499 491 774 548 Psalmis:
820 494 1014 548 Castra
1052 499 1336 552 metabitur
1373 503 1589 571 angelus
1624 504 1675 556 in
1725 506 1950 559 circuitu
2002 508 2072 559 ti-

499 585 753 636 mentium
780 601 931 650 eum,
961 595 1011 639 et
1053 587 1296 642 liberabit
1336 608 1423 645 eos
1457 593 1524 645 ⁵⁸.
1573 592 1846 650 Numerus
1889 596 2069 650 autem

498 674 647 727 mille
678 689 788 727 non
819 674 1034 729 videtur
1065 678 1226 746 plane
1264 681 1576 750 signiﬁcare
1615 684 1900 739 denarium
1944 696 2074 742 Cen-

497 764 836 818 tcnariorum
860 806 874 831 ,
912 766 1008 820 sed
1041 778 1304 840 acceptus
1335 772 1438 825 fuit
1474 788 1503 825 a
1538 772 1823 844 Scriptura
1871 777 1939 831 ad
1986 779 2070 833 in-

497 854 787 907 dicandam
840 856 1271 913 multitudinem.
1327 860 1476 915 Solet
1517 865 1666 918 enim
1712 883 1808 935 per
1838 868 2070 924 abusum

499 945 800 1015 Scriptum:
837 948 939 1002 hoc
971 965 1200 1005 numero
1234 953 1536 1022 significari
1568 958 1891 1025 multitudo,
1928 962 2071 1016 sicut

502 1038 668 1091 David
698 1040 831 1093 dicit
858 1056 957 1110 pro
986 1042 1370 1109 multitudine,
1393 1044 1569 1099 Millia
1591 1048 1978 1105 abundantiam
2001 1053 2068 1119 “,

494 1127 751 1196 el,Super
781 1126 954 1183 millia
985 1132 1108 1184 auri
1130 1141 1180 1185 et
1213 1137 1496 1203 argenti".
1531 1136 1624 1191 Sic
1655 1139 1840 1208 itaque
1869 1141 2069 1195 collum

496 1220 989 1277 animadvertimus
1018 1223 1232 1277 radices
1260 1239 1420 1295 agere
1450 1243 1617 1297 super
1646 1230 1942 1298 humeros;
1975 1247 2072 1302 per

498 1310 760 1365 humeros
789 1321 971 1367 autem
1006 1316 1209 1384 quibus
1240 1318 1439 1372 collum
1469 1329 1554 1375 est
1580 1322 1838 1376 adnatum
1859 1364 1875 1390 ,
1908 1324 2070 1379 intel-

499 1399 720 1469 ligimus
747 1402 929 1456 studia
958 1405 1151 1474 agendi
1182 1414 1236 1460 et
1266 1408 1565 1476 operandi,
1600 1426 1697 1479 per
1726 1427 1849 1480 qua:
1879 1421 2071 1467 nostra

499 1488 724 1542 brachia
777 1480 949 1544 suam.
988 1503 1287 1562 operantur
1330 1496 1584 1551 salutem.
1625 1498 1728 1563 Qui
1772 1516 1899 1554 vero
1944 1500 2072 1553 dili-

494 1591 688 1651 genter
710 1597 771 1635 ea
801 1599 922 1653 qua)
952 1594 1081 1639 sunt
1112 1587 1259 1642 dicta
1286 1589 1572 1659 perpemlit
1592 1628 1606 1653 .
1635 1607 1699 1645 ex
1746 1589 1815 1645 iis
1868 1589 2075 1662 colligit

496 1684 846 1741 augmentum
877 1677 1076 1732 animae
1107 1694 1230 1748 qua:
1256 1682 1310 1734 in
1341 1682 1513 1735 altum
1546 1682 1797 1753 erigitur,
1833 1692 2074 1753 quando-

495 1765 717 1833 quidem
756 1768 907 1836 prius
953 1779 1212 1824 contenta
1249 1780 1404 1836 erat,
1452 1783 1512 1826 ut
1557 1774 1755 1829 similis
1796 1776 2073 1830 diceretur

493 1855 651 1923 equis
674 1856 767 1923 qui
792 1864 1089 1926 tyrannum
1112 1870 1499 1929 expugnarunt
1522 1862 1837 1933 Egyptium
1860 1905 1873 1928 ,
1906 1873 2074 1934 utque

495 1946 622 1998 colli
652 1946 817 2000 decor
842 1961 967 2000 cum
1002 1950 1300 2006 monilibus
1325 1963 1777 2022 compararetur:
1803 1955 1917 2022 jam
1942 1969 2073 2009 vero

493 2046 755 2104 quantam
804 2039 1067 2094 bonitatis
1119 2041 1515 2109 perfectionem
1547 2044 1695 2097 illam
1739 2045 1846 2099 sibi
1886 2045 2074 2100 conci-

494 2125 662 2180 liasse
700 2136 949 2189 testatur,
986 2130 1116 2183 dum
1153 2146 1261 2184 non
1299 2132 1578 2201 aliquibus
1611 2135 1737 2189 colli
1775 2136 2073 2189 monilibus

491 2232 548 2273 et
601 2219 889 2289 torquibus
930 2221 1201 2276 assimilat
1251 2223 1378 2277 colli
1420 2224 1927 2294 pulchritudinem:
1974 2227 2073 2282 sed

495 2310 666 2364 turris
698 2326 820 2365 esse
852 2306 1061 2364 dicitur
1102 2322 1325 2383 prOpter
1371 2318 1806 2386 magnitudinem
1837 2336 1850 2373 :
1905 2334 2071 2389 quam

494 2401 805 2470 insignem,
866 2410 920 2455 ct
972 2405 1328 2473 conspicuam
1387 2407 1551 2473 facit,
1609 2409 1678 2464 iis
1730 2412 1824 2479 qui
1880 2410 2072 2480 procul

494 2493 696 2546 absunt
734 2493 1252 2562 considerantibus,
1300 2512 1411 2550 non
1457 2499 1633 2553 solum
1678 2501 1896 2556 aedilicii
1952 2517 2070 2556 ma-

494 2583 845 2652 gniﬁcentia,
882 2593 935 2639 et
964 2586 1112 2654 quod
1151 2587 1205 2640 in
1253 2590 1548 2644 maximam
1591 2594 1830 2647 exr-itata
1870 2595 1943 2649 sit
1987 2596 2071 2649 al-

494 2674 820 2739 titudinem,
856 2675 949 2728 sed
994 2685 1050 2730 et
1101 2678 1204 2731 loci
1252 2682 1534 2749 positura,
1585 2698 1706 2751 quae
1748 2686 2073 2741 naturaliter

493 2765 735 2835 assurgit
793 2778 962 2835 supra
1013 2768 1129 2821 loca
1192 2770 1415 2823 vicina?
1470 2771 1704 2836 Quando
1752 2790 1882 2846 ergo
1929 2777 2072 2847 regis

494 2857 716 2925 quidem
750 2873 891 2927 opus
926 2868 1010 2913 est
1063 2862 1269 2924 turris,
1321 2861 1628 2932 ingreditur
1672 2874 1855 2920 autem
1907 2882 2073 2937 super

492 2949 764 3003 excelsam
816 2942 940 3004 vita:
990 2953 1213 3021 agenda:
1248 2952 1552 3019 rationem,
1591 2965 1721 3011 tunc
1758 2957 1970 3012 ﬁrmum
2007 2975 2071 3015 ac

494 3041 690 3094 stabile
739 3056 862 3095 esse
907 3042 1219 3095 ostenditur
1265 3043 1410 3111 quod
1458 3058 1489 3096 a
1536 3044 1770 3099 Domino
1828 3047 2064 3114 dicitur,

498 3129 620 3183 Non
648 3140 816 3198 potest
850 3130 1111 3185 absconsa
1143 3150 1255 3187 esse
1285 3134 1470 3189 civitas
1501 3152 1620 3205 qua:
1649 3138 1757 3190 sita
1797 3148 1875 3191 est
1906 3154 2068 3209 supra

495 3234 667 3285 ptuttte
695 3224 761 3275 ⁸⁸.
799 3223 1044 3294 lntellige
1076 3232 1258 3280 autem
1288 3233 1497 3283 turrem
1531 3243 1631 3298 pro
1662 3229 1898 3286 civitate.

564 3496 802 3565 Tempus
826 3503 1006 3551 autem
1035 3498 1201 3554 fuerit
1224 3500 1388 3554 etiam
1414 3501 1555 3557 duos’
1579 3508 1791 3572 caprea:
1812 3502 2069 3559 binnulos

493 3588 883 3649 considerare.
925 3588 1019 3658 qui
1075 3598 1343 3644 vocantur
1391 3606 1422 3644 a
1472 3590 1655 3647 Verbo
1710 3593 1909 3658 ubera,
1947 3607 2069 3662 quae

496 3686 780 3732 morantur
809 3680 956 3735 circa
989 3696 1084 3735 cor
1113 3696 1331 3751 sponsae
1350 3722 1364 3745 ,
1403 3682 1541 3736 sicut
1573 3682 1737 3747 dicit,
1767 3683 1885 3736 Duo
1911 3684 2069 3737 ubera

497 3779 588 3825 tua
622 3774 756 3825 sicut
790 3772 894 3825 duo
928 3772 1136 3826 liinnuli
1165 3788 1367 3840 caprea:
1397 3774 1604 3843 gemelli
1647 3776 1735 3844 qui
1775 3784 2068 3843 pascuntur

496 3863 549 3913 in
600 3860 1076 3931 tiliiszpropterca
1095 3864 1239 3931 quod
1292 3864 1434 3916 intra
1478 3862 1595 3918 haec
1643 3863 1753 3918 duo
1807 3864 1881 3918 sit
1928 3865 2070 3920 situs

495 3952 681 4005 cordis
702 3993 717 4016 ,
748 3967 984 4021 quorum
1022 3968 1228 4022 pascua
1261 3968 1369 4007 non
1403 3962 1531 4007 sunt
1564 3954 1749 4009 fenum
1785 3964 1839 4008 et
1869 3956 2026 4025 spina
2049 3994 2065 4021 ,

418 4040 425 4045 ’
496 4040 591 4095 sed
627 4041 739 4093 lilia
777 4056 900 4110 qua:
938 4049 1053 4096 toto
1088 4043 1344 4111 pascendi
1389 4052 1635 4111 tempore
1676 4042 1837 4100 ﬂores
1886 4036 2068 4115 porri-

412 4164 419 4172 ι
495 4143 661 4203 gnnt,
698 4142 753 4189 et
779 4150 891 4189 non
923 4142 1077 4209 certo
1106 4144 1350 4205 tempore
1379 4134 1608 4201 ﬂorent,
1653 4144 1707 4191 et
1750 4146 1901 4192 certo
1931 4146 2070 4194 tem-

496 4242 627 4296 pore
656 4235 1004 4281 marcescunt
1026 4267 1040 4292 ,
1074 4227 1170 4282 sed
1204 4231 1544 4297 perpetuunr
1568 4227 1654 4282 bis
1690 4228 1936 4285 binnulis
1972 4246 2068 4300 per

496 4334 556 4371 se
609 4318 852 4386 prmbcnt
900 4317 1333 4382 nutrimentum,
1379 4328 1437 4372 ut
1470 4335 1580 4373 non
1618 4320 1856 4388 amplius
1890 4319 2067 4375 domi-

497 4420 694 4462 nentur
725 4409 931 4463 umbra:
964 4409 1172 4464 erroris
1194 4447 1208 4472 ,
1241 4409 1402 4477 cujus
1436 4409 1491 4463 in
1540 4410 1681 4464 banc
1724 4411 1892 4465 vitam
1935 4426 2068 4468 con-

496 4500 671 4554 fertur
702 4501 987 4567 studium;
1022 4501 1117 4555 sed
1151 4515 1276 4555 cum
1331 4501 1424 4555 lux
1462 4500 1575 4571 jam
1616 4503 1767 4557 omni
1805 4518 1871 4558 ex
1915 4517 2067 4574 parte

494 4591 738 4645 illuxerit
759 4629 774 4653 ,
807 4593 1154 4645 illustrentur
1189 4591 1369 4645 omnia
1400 4607 1497 4661 per
1540 4593 1683 4648 diem
1705 4633 1721 4657 ,
1753 4594 1847 4663 qui
1888 4594 2065 4650 lucem

497 4683 587 4735 ubi
631 4683 745 4734 vnlt
779 4681 1039 4752 spirando
1089 4682 1373 4735 dill'undat.
1431 4682 1522 4737 Sic
1565 4684 1711 4737 enim
1757 4686 1892 4739 dicit
1924 4683 2064 4739 Ver-

497 4774 623 4827 bum
653 4791 665 4826 :
701 4772 869 4826 Donec
892 4773 1260 4841 perspiraverit
1285 4772 1396 4827 dies
1419 4812 1435 4840 ,
1459 4783 1511 4827 et
1540 4784 1697 4829 matw
1722 4775 1920 4845 fuerint
1949 4793 2065 4829 um-

494 4865 622 4916 brw.
662 4861 785 4917 Scis
818 4873 998 4918 autem
1032 4863 1258 4917 omnino
1298 4871 1351 4918 te
1395 4863 1656 4921 didicisse
1703 4880 1769 4920 ex
1821 4865 2065 4936 Evange-

495 4956 590 5020 lio,
637 4955 782 5022 quod
811 4961 895 5008 est
938 4953 1183 5021 Spiritus
1239 4962 1497 5021 sanctus,
1547 4958 1641 5027 qui
1680 4972 1776 5027 per
1817 4956 1873 5011 id
1919 4957 2067 5028 quod

493 5045 667 5114 spirat
696 5044 786 5097 ubi
822 5043 971 5108 vult,
1002 5043 1177 5098 lucem
1219 5043 1376 5098 allert
1421 5046 1489 5101 iis
1526 5046 1620 5116 qui
1664 5048 1882 5113 sciunt,
1918 5047 2066 5103 unde

492 5138 671 5190 veniat
694 5175 707 5198 ,
738 5145 791 5189 et
816 5150 926 5205 quo
955 5136 1115 5189 valat
1143 5153 1155 5188 :
1192 5135 1260 5190 de
1287 5150 1397 5205 quo
1448 5152 1598 5191 nunc
1648 5139 1889 5207 loquitur
1933 5153 2065 5193 con-

493 5235 675 5282 textus
721 5227 888 5296 bujus
933 5226 1235 5294 orationis,
1290 5226 1483 5283 dicens
1526 5246 1539 5281 :
1593 5227 1711 5281 Duo
1756 5228 1921 5283 ubera
1968 5240 2063 5282 tua

496 5321 629 5375 sicut
660 5318 764 5371 duo
794 5317 999 5371 hinnuli
1034 5319 1239 5388 gemelli
1273 5336 1511 5389 capreis,
1551 5320 1641 5389 qui
1683 5330 1976 5387 pascuntur
2008 5321 2063 5372 in

495 5406 659 5471 (:ltis,
691 5407 853 5459 donec
879 5406 1130 5474 perspiret
1159 5407 1271 5461 dies
1297 5416 1346 5461 et
1377 5418 1681 5461 moveantur
1696 5409 1922 5462 unabraz.
1956 5407 2060 5463 Sed

566 5586 609 5617 ⁵³
655 5586 793 5641 l‘sal.
832 5601 1021 5650 χχχιιι,
1062 5584 1146 5639 l8.

1256 5586 1301 5616 ⁸⁸
1328 5583 1469 5639 l’sal.
1508 5600 1672 5649 van,
1708 5583 1792 5637 18.
1863 5582 1906 5613 δτ
1950 5579 2095 5634 Psal.

2172 416 2246 467 Ού
2280 414 2390 484 γὰρ
2418 415 2604 478 ἁπλῶς
2626 413 2800 477 εἷπεν,
2838 414 3070 483 βολίδας,
3104 414 3234 466 ἀλλά
3263 418 3324 486 τῇ
3354 417 3449 469 τῶν
3471 418 3667 473 δυνατῶν

2176 504 2459 576 προσθήκῃ
2483 506 2609 568 τοὺς
2636 504 3085 577 ῦπερμαχοῦντας
3106 507 3233 574 ἡμῖν
3254 507 3534 574 ἐνεδείξατο·
3558 511 3670 565 ὥστε

2174 594 2495 663 συμϐαίνειν
2542 596 2605 649 τὸ
2660 596 2990 665 λεγόμενον,
3032 596 3113 648 ὃτι
3163 598 3502 664 Πάρεμϐαλεῖ
3534 601 3673 669 ἀγγε-

2169 688 2279 750 λος
2331 686 2551 753 Kvplov
2590 688 2796 751 κύκλῳ
2820 686 2952 739 ’τῶν
2989 688 3362 754 φοϐουμένων
3389 690 3569 750 αὑτὸν,
3597 695 3672 746 καὶ

2165 776 2417 842 ῥύσεται
2461 777 2704 842 αὐτούς.
2752 776 2815 829 '0
2841 776 2896 829 δὲ
2927 776 3036 828 τῶν
3075 776 3256 847 χιλίων
3285 778 3495 848 ἀριθμὸς
3520 780 3572 832 ού
3606 800 3676 846 μοι

2171 865 2319 918 δοκεῖ
2341 866 2408 919 δι’
2439 867 2727 937 ἀκριϐείας
2760 866 3048 937 σημαίνειν
3080 867 3177 936 τήν
3213 867 3316 919 τῶν
3362 869 3679 924 ὲκατοντάδων

2170 956 2368 1010 δεκάδα
2386 973 2400 985 ·
2426 957 2540 1010 ἀλλ’
2575 959 2656 1020 εἰς
2680 956 2914 1028 πλήθους
2938 955 3160 1021 ἔνδειξιν
3177 957 3479 1027 παρελήφθη
3502 959 3589 1011 ὑπὸ
3605 961 3678 1012 τοῦ

2175 1046 2360 1115 λόγου.
2392 1048 2632 1118 Σύνηθες
2666 1048 2777 1119 γάρ
2805 1049 2950 1101 ἐστιν
2983 1050 3045 1100 ὲκ
3085 1048 3184 1117 τῆς
3227 1051 3582 1119 καταχρήσεως
3605 1052 3682 1121 τῆς

2171 1138 2394 1209 Γραφῆς
2417 1180 2431 1203 ,
2462 1139 2541 1208 τῷ
2570 1138 2789 1208 ἀριθμῷ
2816 1138 2990 1208 τούτῳ
3017 1138 3079 1190 τὸ
3110 1138 3308 1209 πλῆθος
3331 1140 3650 1193 ἐνδείκνυσθαι
3668 1183 3680 1205 ,

2171 1226 2248 1289 ῶς
2278 1243 2445 1298 φησιν
2471 1229 2499 1279 ό
2524 1226 2688 1281 Δαὸὶδ
2724 1227 2843 1279 ἀντὶ
2872 1225 2967 1278 τοῦ
3016 1226 3250 1296 πλήθους
3274 1267 3289 1290 ,
3335 1229 3410 1280 ὅτι
3459 1230 3686 1294 Χιλιάἔες

2169 1315 2914 1385 εὐθηνούντων,καὶ,’Υπὲρ
2934 1317 3209 1385 χιλιάδας
3234 1320 3473 1385 χρυσίου
3501 1322 3583 1372 καὶ
3606 1322 3687 1387 ἀρα

2171 1406 2402 1474 τυρίον.
2461 1405 2619 1459 Οὕτω
2662 1407 2757 1477 μὲν
2801 1402 2895 1459 οῦν
2934 1406 3023 1459 τὸν
3072 1407 3337 1479 τράχηλον
3383 1409 3468 1460 τὸν
3497 1412 3577 1463 ἐπὶ
3602 1411 3687 1461 τῶν

2172 1494 2338 1567 ὤμων
2387 1497 2752 1567 ἑρῤιζωμένον
2785 1500 3213 1568 κατενοήσαμεν.
3257 1502 3449 1568 "Quae;
3478 1500 3528 1551 δὲ
3569 1502 3689 1553 νοοῦ-

2177 1603 2275 1656 μεν
2294 1627 2308 1652 ,
2343 1582 2423 1652 οἷς
2458 1588 2761 1656 ἐπιπέφυκε
2782 1626 2798 1652 ,
2827 1588 2923 1652 τὰς
2957 1589 3263 1660 πρακτικάς
3292 1585 3347 1641 τε
3377 1592 3463 1642 καὶ
3505 1593 3691 1661 ἐνεργη-

2104 1662 2146 1715 B
2174 1678 2333 1741 τικάς
2362 1678 2599 1741 σπουδὰς
2619 1719 2633 1742 ,
2658 1678 2722 1731 δι’
2765 1673 2839 1733 ὧν
2862 1680 2909 1731 οί
2940 1678 3220 1749 βραχίονες
3248 1681 3395 1749 ἡμῶν
3430 1680 3519 1751 τήν
3546 1698 3691 1751 σωτη-

2178 1768 2300 1838 ρίαν
2344 1768 2551 1822 ἑαυτῶν
2592 1769 3038 1839 κατεργάζονται.
3075 1770 3185 1840 Τὴν
3217 1771 3271 1823 δὲ
3297 1772 3425 1841 πρὸς
3462 1772 3516 1823 τὸ
3547 1772 3692 1842 μεῖζον

2174 1859 2474 1930 ἐπαύξησιν
2504 1860 2603 1930 τῆς
2639 1861 2778 1914 κατά
2807 1860 2938 1913 Θεὸν
2970 1861 3280 1930 ὑψουμένης
3321 1862 3487 1931 ψυχῆς
3524 1879 3579 1914 συ
3592 1864 3692 1914 ,εἶδε

2173 1950 2392 2013 πάντως
2439 1952 2467 2003 ὁ
2508 1951 2873 2015 ἑπιστατικῶς
2910 1955 3020 2014 τοῖς
3056 1952 3364 2022 λεγομένοις
3396 1951 3693 2017 ἀκολουθῶν,

2172 2041 2254 2094 ὃτι
2283 2041 2547 2112 πρότερον
2575 2043 2672 2112 μὲν
2693 2042 2972 2113 ἀγαπητὸν
2990 2038 3057 2112 ἦν
3077 2046 3145 2113 τῇ
3175 2042 3358 2113 νύμφῃ
3381 2044 3523 2111 ἵππῳ
3541 2045 3700 2112 ὁμοιω-

2174 2134 2333 2204 θῆναι
2363 2128 2428 2205 τῇ
2469 2135 2963 2207 καταγωνισαμένῃ
3007 2134 3099 2187 τὸν
3141 2135 3432 2202 Αἰγύπτιον
3460 2134 3696 2202 τύραννον,

2173 2225 2267 2278 καὶ
2299 2225 2436 2295 πρὸς
2472 2227 2598 2288 τοὺς
2622 2214 2921 2295 ὁρμίσκους
2947 2226 3206 2297 ἐμφερῶς
3236 2226 3376 2295 ἔχειν
3402 2224 3496 2293 τὴν
3522 2225 3603 2277 ἐπὶ
3624 2222 3698 2275 τοῦ

2170 2318 2444 2388 τραχήλου
2473 2317 2835 2387 εὐπρέπειαν·
2865 2317 2981 2369 νυνὶ
3017 2318 3073 2370 δὲ
3111 2317 3285 2387 πόσην
3317 2317 3448 2385 αὐτῇ
3477 2315 3701 2384 μαρτυρεί

2173 2410 2274 2480 τὴν
2321 2400 2458 2479 πρὸς
2501 2409 2564 2461 τὸ
2602 2408 2806 2477 ἀγαθὸν
2848 2409 3193 2479 τελειότητα,
3227 2409 3308 2461 ὅτι
3336 2408 3430 2476 ούχ
3461 2406 3702 2476 ὁρμίσκοις

2172 2502 2284 2554 τισὶ
2302 2501 2669 2573 περιδεραίοις
2686 2501 3032 2573 προσεικάζει
3052 2500 3148 2553 τοῦ
3171 2499 3434 2571 τραχήλου
3453 2498 3541 2567 τὴν
3562 2496 3701 2565 ὤραν,

2172 2590 2307 2644 ἀλλά
2347 2590 2556 2661 πύργος
2585 2587 2725 2643 εἶναι
2753 2590 2840 2644 διὰ
2872 2593 2933 2643 τδ
2965 2590 3197 2659 μέγεοος
3226 2586 3438 2656 λέγεταί
3460 2627 3475 2651 ,
3502 2585 3554 2639 δν
3578 2584 3704 2654 περί-

2174 2682 2402 2735 6λεπτον
2439 2685 2583 2736 ποιεῖ
2615 2682 2711 2735 καὶ
2752 2685 2865 2745 τοῖς
2901 2681 3186 2753 πόρρωθεν
3229 2679 3573 2749 ἀφεστηκόσιν
3597 2677 3705 2728 ἀπο-

2177 2774 2570 2845 σκοπούμενον,
2594 2775 2655 2827 οὺ
2682 2774 2841 2844 μόνον
2883 2775 2917 2843 ή
2958 2774 3084 2843 περὶ
3119 2773 3219 2843 τὴν
3243 2771 3517 2841 οἰκοδομὴν
3545 2768 3707 2837 φιλοτι-

2178 2863 2307 2934 μία,
2337 2865 2423 2931 ἐφ’
2466 2864 2547 2917 ὅτι
2589 2865 2850 2934 μήκιστον
2877 2862 2937 2915 τὸ
2968 2861 3101 2931 ὕψος
3127 2862 3413 2932 ἐγείρουσα
3436 2870 3450 2888 ⁸
3480 2856 3600 2912 ἀλλά
3630 2850 3704 2908 καὶ

2099 2998 2140 3054 Γ
2174 2957 2208 3026 ὴ
2241 2954 2333 3008 τοῦ
2357 2955 2522 3008 τόπου
2553 2955 2700 3018 θέσις
2718 2994 2733 3020 ,
2758 2953 2999 3022 φυσικῶς
3029 2952 3447 3022 ὑπερανιστῶσα
3466 2950 3563 3005 τῶν
3590 2964 3707 3017 γειτ-

2125 3037 2141 3055 ⁴
2172 3045 2439 3110 νιώντων;
2472 3046 2639 3098 Ὅταν
2674 3044 2860 3113 τοίνυν,
2885 3043 3149 3114 βασιλέως
3173 3044 3273 3114 μὲν
3304 3044 3458 3113 ἔργον
3485 3043 3512 3093 ὀ
3535 3038 3709 3110 πύργος

2171 3134 2259 3208 ἦν,
2292 3138 2386 3189 ἐπὶ
2413 3137 2469 3190 δὲ
2493 3139 2592 3213 τῆς
2622 3136 2833 3207 ὑψηλῆς
2861 3134 3136 3197 πολιτείας
3168 3132 3416 3205 βεϐηκὼς
3442 3130 3588 3203 τύχῃ,
3611 3127 3707 3182 τότε

2170 3227 2368 3298 ἀληθὲς
2393 3227 2762 3283 ἐπιδείκνυται
2782 3228 2842 3281 τὸ
2868 3226 3017 3298 παρά
3042 3225 3141 3278 τοῦ
3181 3226 3386 3296 Κυρίου
3424 3223 3678 3292 λεγόμενον
3694 3233 3706 3249 ’

2170 3321 2252 3374 ὃτι
2283 3322 2364 3374 Οὐ
2390 3320 2638 3373 δύναται
2671 3320 2848 3384 πόλις
2886 3316 3179 3385 κρυϐῆναι
3203 3316 3404 3369 ἐπάνω
3430 3316 3592 3383 ὅρους
3616 3326 3709 3364 κει-

2165 3410 2341 3477 μένη.
2372 3409 2501 3462 Νόει
2536 3408 2593 3460 δέ
2623 3424 2712 3477 μοι
2746 3406 2955 3477 πύργον
2986 3406 3107 3459 ἀντὶ
3144 3405 3250 3475 τῆς
3278 3405 3501 3468 πόλεως.

2242 3500 2444 3570 Καιρὸς
2486 3500 2531 3553 δ’
2560 3498 2627 3553 ἂν
2660 3500 2744 3568 εἴη
2776 3498 2871 3551 καὶ⁵
2898 3497 3024 3561 τοὺς
3054 3496 3150 3549 δύο
3174 3495 3400 3567 νεὸροὺς
3426 3494 3523 3563 τῆς
3551 3487 3709 3562 δορκά-

2170 3592 2257 3652 δος
2304 3590 2662 3659 κατανοῆσαι,
2707 3588 2757 3642 οἳ
2808 3588 2935 3658 περὶ
2976 3587 3075 3657 τὴν
3121 3586 3357 3658 καρδίαν
3397 3588 3493 3657 τῆς
3530 3583 3709 3653 νύμφης

2171 3680 2501 3743 αὐλίζονται,
2536 3678 2729 3748 μαστοὶ
2750 3676 3038 3748 κληθέντες
3065 3676 3222 3747 παρά
3246 3674 3541 3743 τοῦΛόγου,
3563 3670 3708 3732 καθώς

2172 3784 2339 3840 φησι”
2379 3771 2494 3823 Δύο
2540 3770 2764 3838 μαστοι
2800 3784 2916 3822 σου
2973 3766 3054 3832 ὡς
3103 3766 3217 3821 δύο
3270 3764 3463 3833 νεϐροὶ
3515 3761 3711 3829 δίδυμοι

2170 3858 2484 3927 δορκάδος,
2524 3862 2581 3912 οἱ
2627 3859 2936 3927 νεμόμενοι
2983 3856 3053 3909 ἐν
3095 3855 3224 3922 τοῖς
3251 3857 3504 3924 κρίνας’
3550 3852 3625 3904 διὰ
3662 3848 3709 3900 τὸ

2174 3951 2376 4023 μεταξὺ
2422 3951 2624 4004 τούτων
2675 3946 2812 4002 εἶναι
2866 3949 2964 4018 τῆς
2997 3948 3228 4017 καρδίας
3260 3946 3359 4018 τὴν
3392 3944 3550 4008 θέσιν,
3582 3936 3645 3997 ὧν
3679 3940 3706 4009 ὴ

2170 4044 2308 4115 νομὴ
2341 4045 2402 4096 ού
2436 4044 2626 4114 χόρτος
2672 4042 2877 4113 ἐστὶνῆ
2926 4039 3159 4104 ἄκανθα,
3206 4041 3345 4094 ἀλλά
3392 4040 3544 4109 κρίνα
3577 4033 3707 4089 παντὶ

2168 4135 2247 4203 τῷ
2271 4137 2367 4205 τῆς
2392 4136 2560 4206 νομῆς
2588 4133 2764 4205 χρόνῳ
2798 4133 2860 4186 τὸ
2888 4132 3046 4196 ἄνθος
3091 4133 3306 4186 ἑαυτῶν
3337 4130 3705 4200 παρατείνοντα,

2169 4226 2262 4280 καὶ
2293 4226 2353 4278 ού
2390 4226 2529 4277 κατά
2569 4225 2759 4294 καιρὸν
2804 4223 3088 4289 ἀνθοῦντα,
3128 4223 3254 4281 οὐδὲ
3297 4223 3390 4275 ὲπὶ
3419 4219 3592 4292 καιροῦ
3626 4232 3707 4286 μα·-

2099 4359 2142 4413 D
2172 4318 2495 4391 ραινόμεναο
2550 4317 2685 4370 ἀλλά
2736 4317 2930 4413 διαρκῆ
2980 4318 3362 4413 παρεχόμενα*
3382 4318 3490 4379 τοῖς
3533 4310 3703 4413 νεϐροίξ

2170 4406 2378 4468 τούτοις
2426 4406 2492 4459 δι’
2543 4405 2749 4459 ἑαυτῶν
2793 4405 2889 4475 τὴν
2931 4404 3156 4475 τροφήν,
3207 4405 3286 4469 ὡς
3336 4404 3401 4458 ἂν
3449 4402 3624 4474 μηκέτι
3658 4397 3700 4450 al

2172 4500 2321 4553 σκιαὶ
2374 4498 2616 4569 κρατῶσι
2661 4498 2755 4568 τῆς
2812 4497 3258 4569 σπουδαζομένης
3313 4498 3442 4569 περὶ
3486 4495 3566 4549 τὸν
3613 4490 3700 4562 βίον

2169 4593 2382 4662 ἀπάτης
2400 4608 2415 4624 ⁸
2451 4590 2564 4643 ἀλλ’
2595 4589 2696 4659 ἤδη
2719 4588 2813 4641 τοῦ
2845 4587 3020 4657 φωτὸς
3051 4590 3303 4659 πανταχῆ
3332 4585 3695 4656 διαλάμψαντος,

2168 4680 2518 4751 καταυγασθῇ
2552 4680 2619 4734 τὰ
2644 4666 2820 4732 πάντα
2844 4678 2934 4732 διὰ
2960 4680 3057 4748 τῆς
3095 4679 3335 4750 ἡμέρας,
3366 4678 3461 4748 τῆς
3496 4676 3611 4727 ὅπου
3631 4668 3695 4722 θέ-

2165 4775 2247 4829 λει
2278 4773 2632 4842 διαπνεούσης
2673 4772 2735 4824 τὸ
2779 4772 2913 4839 φῶς.
2946 4770 3103 4824 Οὕτω
3141 4772 3254 4841 γάρ
3288 4788 3449 4841 φησιν
3478 4771 3505 4821 ὁ
3529 4766 3690 4830 Λόγος·

2170 4867 2319 4932 Ἕως
2361 4860 2433 4921 οὗ
2466 4863 2803 4930 διαπνεύσῃ
2841 4863 2880 4931 ἠ
2910 4861 3118 4931 ἡμέρα,
3174 4862 3276 4914 καὶ
3313 4855 3615 4928 κινηθῶσιν
3645 4850 3689 4903 a1

2162 4956 2349 5011 σκιαί.
2373 4953 2533 5018 Οἶδας
2552 4954 2609 5007 δὲ
2638 4954 2853 5016 πάντως
2880 4951 3030 5024 παρὰ
3049 4950 3144 5005 τοῦ
3172 4950 3503 5020 Εύαγγελίου
3524 4943 3685 5018 μαθὼν.

2161 5048 2243 5100 ὅτι
2271 5047 2333 5099 τὸ
2376 5044 2603 5116 Πνεῦμα
2629 5045 2745 5098 ἑστι
2789 5044 2849 5097 τὸ
2877 5045 3052 5112 ἅγιον,
3083 5043 3144 5095 τὸ
3173 5042 3264 5096 διά
3291 5041 3385 5095 τοῦ
3416 5041 3554 5092 πνεῖν
3584 5036 3684 5087 ὅπου

2161 5136 2406 5205 βούλεται
2452 5134 2567 5204 φῶς
2622 5134 2884 5205 ἐμποιοῦν
2942 5136 3053 5198 τοῖς
3111 5131 3554 5202 ἑπανισταμὲνοις
3595 5123 3684 5177 ὅθεν

2157 5227 2372 5298 ἔρχεται
2394 5268 2409 5292 ,
2438 5229 2531 5283 καὶ
2559 5228 2661 5281 ποῦ
2686 5227 2884 5296 ὑπάγει
2906 5244 2919 5256 ·
2945 5225 3073 5297 περὶ
3114 5217 3178 5278 οὗ
3208 5225 3305 5278 νῦν
3331 5226 3359 5276 ό
3384 5222 3528 5290 λόγος
3551 5216 3681 5271 οὕτως

2157 5320 2504 5390 διεξέρχεται·
2535 5322 2649 5374 Δύο
2681 5318 2904 5388 μασποί
2935 5332 3051 5370 σου
3091 5316 3174 5381 ὡς
3200 5315 3314 5370 δύο
3346 5310 3529 5380 νεϐροί
3558 5303 3681 5360 didu-

2154 5425 2255 5474 μοι
2288 5408 2600 5475 δορκάδος,
2646 5411 2699 5463 ol
2728 5407 3037 5477 νεμόμενοι
3069 5406 3138 5459 ἐν
3175 5405 3302 5470 τοῖς
3345 5403 3573 5472 κρίνοις,
3598 5391 3679 5453 ἕως

2127 5596 2313 5648 cxvm,
2350 5581 2437 5635 72.
2516 5582 2561 5613 ⁵⁸
2592 5578 2777 5633 Mattb.
2841 5577 3014 5649 vt“.
