3948 6192
271 268 363 325 9'57
1295 273 1362 328 ΙΝ
1393 273 1689 329 CANTICA
1743 272 2012 329 CANTIC.
2053 274 2336 331 llOMlLlA
2375 277 2487 333 VII.
3421 278 3522 332 9'58

271 378 333 440 (γῦ
362 382 706 451 διαπνεϋσῃ
744 385 781 451 ἡ
816 386 951 454 misy
970 404 1028 450 α,
1067 389 1165 440 καὶ
1203 389 1531 457 κινηθῶσιν
1566 394 1622 444 αἱ
1657 390 1839 443 σκιαί.

1951 393 2091 455 quod
2129 394 2247 448 dies
2282 394 2501 463 quidem
2538 394 2754 449 dicatur
2791 394 3030 466 Spiritus
3062 409 3289 451 sanctus
3316 437 3328 457 .
3368 395 3434 450 iis
3471 396 3523 449 in

281 472 433 527 Ἀλλὰ
460 476 522 526 τὸ
568 475 666 543 μὲν
699 476 915 545 ἡμέραν
961 476 1211 545 λέγεσθαι
1242 480 1302 532 τὸ
1329 481 1552 551 Πνεῦμα
1581 482 1639 533 τὸ
1671 482 1842 550 ἅγιον,

269 564 372 631 φῶς
402 564 564 616 πνέον
603 559 685 627 οἷς
715 567 781 618 ἂν
800 567 1113 636 ἐγγένηται,
1143 571 1241 622 οὐκ
1265 567 1417 641 οἶμαί
1448 590 1567 626 τινα
1592 574 1697 625 τῶν
1722 575 1846 626 νοῦν

269 655 490 725 ἑχόντων
538 656 881 709 ἑπιδιστάσαι
928 658 1007 727 τῷ
1055 659 1216 730 λόγῳ.
1261 663 1320 714 Ei.
1371 664 1478 734 γάρ
1514 665 1619 717 υἱοὶ
1672 667 1845 733 φωτὸς

267 745 354 797 καὶ
401 745 509 797 υἱοὶ
538 747 748 815 ἡμέρας
795 747 1034 815 γίνονται
1086 752 1134 802 οἱ
1179 752 1529 822 γεννηθέντες
1577 754 1725 826 παρὰ
1752 756 1843 807 τοῦ

265 837 594 908 ὶινεύματος,
623 839 676 890 τί
711 840 838 892 ἄλλο
870 840 976 910 χρὴ
1006 845 1146 895 νοεῖν
1172 844 1233 895 τὸ
1264 844 1489 915 Πνεῦμα
1514 844 1575 897 τὸ
1604 847 1775 914 ἅγιον,
1812 848 1843 917 ἦ

262 927 371 995 φῶς
399 929 495 980 καὶ
525 929 759 1000 ἡμέραν,
788 926 856 1000 ἧς
888 933 919 1001 ἡ
952 932 1087 1004 πνοὴ
1117 935 1484 1006 φυγαδευτικὴ
1530 936 1637 989 τῶν
1676 938 1844 991 σκιῶν

258 1017 355 1086 τῆς
408 1020 769 1088 ματαιότητος
824 1022 1066 1088 vivam;
1131 1024 1367 1092 Ἀνάγκη
1398 1025 1505 1094 γάρ
1555 1027 1703 1077 πᾶσα
1750 1026 1842 1078 τοῦ

260 1113 406 1181 ἡλίου
439 1115 698 1182 φανέντος
724 1115 823 1178 τὰς
870 1117 1026 1180 σκιὰς
1063 1117 1137 1187 μὴ
1186 1120 1386 1187 μένειν,
1422 1119 1556 1172 ἀλλὰ
1603 1138 1846 1190 μεταχωο

263 1207 372 1273 ρείν
403 1222 463 1257 τε
508 1206 601 1258 καὶ
634 1207 1078 1275 μετανίστασθαι.
1118 1208 1189 1261 Τὸ
1229 1210 1282 1261 δὲ
1331 1213 1458 1277 περὶ
1491 1211 1598 1263 τῶν
1640 1213 1731 1265 δύο
1758 1231 1844 1266 νε-

260 1291 405 1360 ϐρῶν
433 1291 536 1355 τῆς
563 1292 821 1363 δορκάδος
852 1297 1148 1366 μυστήριον
1185 1296 1437 1369 εὔκαιρον
1466 1300 1531 1353 ἂν
1554 1303 1635 1371 εἴη
1682 1321 1847 1372 προσ-

263 1383 430 1435 θεῖναι
494 1387 561 1454 τῇ
593 1385 833 1448 ἐξετάαει
865 1387 957 1439 τοῦ
1003 1388 1183 1454 λόγου,
1214 1383 1288 1442 ὧν
1314 1390 1530 1460 δίδυμος
1569 1394 1668 1461 μέν
1700 1397 1843 1447 ἐστιν

265 1476 558 1542 ἠγένεσις,
609 1477 782 1547 τροφὴ
827 1478 883 1530 δὲ
915 1479 976 1530 τὸ
1014 1480 1228 1549 κρίνον’
1265 1483 1427 1545 τόπος
1473 1484 1529 1536 δὲ
1577 1487 1767 1556 νομῆς,
1810 1489 1842 1556 ἡ

267 1566 436 1637 ἀγαθή
488 1583 546 1618 τε
596 1567 690 1619 καὶ
733 1569 906 1639 πιαρὰ
958 1571 1049 1641 γῆ.
1081 1572 1226 1643 Αὐτὴ
1272 1574 1329 1626 δέ
1370 1577 1516 1628 ἐστιν
1558 1580 1590 1647 ἡ
1626 1580 1841 1648 καρδία.

272 1656 400 1709 κατὰ
433 1657 525 1708 τὸν
551 1658 651 1727 τῆς
681 1659 996 1730 παραϐολῆς
1029 1661 1121 1714 τοῦ
1162 1663 1367 1733 Κυρίου
1398 1664 1585 1733 λόγον’
1622 1670 1678 1719 ὲν
1708 1670 1839 1739 αὑτῇ

1948 483 2153 548 quibus
2185 482 2351 539 fuerit
2384 485 2560 539 lucem
2597 486 2847 555 spirans,
2888 487 3162 551 neminem
3205 501 3329 543 esse
3372 486 3523 542 arbi-

1950 582 2064 626 ιι·οΓ
2090 590 2153 628 ex
2190 577 2257 631 iis
2285 581 2377 646 qui
2415 578 2634 647 sapiunt
2675 580 2771 649 qui
2818 580 3050 635 dubitet.
3096 580 3152 634 Si
3196 581 3342 635 enim
3388 580 3524 635 ﬁunt

1952 666 2041 719 lilii
2082 668 2218 722 lucis
2247 680 2300 721 et
2331 670 2424 723 ﬁlii
2457 672 2563 724 diei
2598 672 2689 739 qui
2721 680 3056 741 generantur
3086 689 3150 727 ex
3180 684 3371 728 sancto
3400 672 3521 741 Spi-

1948 761 2055 809 ritu
2089 774 2101 809 :
2151 760 2282 826 quid
2331 762 2475 815 aliud
2515 763 2817 831 intelligere
2853 771 3067 831 oportet
3096 762 3361 832 Spiritum
3396 780 3523 819 san-

1948 858 2132 908 ctum,
2166 866 2327 917 quam
2358 852 2534 906 lucem
2564 860 2616 905 et
2647 853 2823 913 (lieni,
2855 852 3013 921 cujus
3068 854 3297 922 spiratio
3334 854 3521 923 expel-

1950 935 2009 986 lit
2044 938 2267 992 umbras
2309 941 2618 993 vanitatis?
2662 940 2899 995 Omnino
2943 942 3087 996 enim
3134 957 3358 997 necesse
3405 954 3521 1008 est,

1950 1031 2007 1073 ut
2040 1039 2161 1089 cum
2209 1027 2287 1079 sol
2318 1030 2675 1096 apparuerit,
2715 1032 2924 1084 umbra:
2954 1045 3062 1084 non
3092 1041 3385 1095 maneant,
3430 1032 3525 1088 sed

1948 1123 2230 1168 transeant
2256 1128 2307 1171 et
2337 1120 2641 1174 discedant.
2666 1120 2981 1192 Mysterium
3015 1134 3193 1176 autem
3223 1123 3289 1178 de
3314 1123 3526 1178 duobus

1949 1220 2160 1272 caprea:
2212 1209 2455 1265 hinnulis
2500 1221 2870 1281 opportunum
2927 1215 3091 1269 fuerit
3128 1217 3368 1283 adjicere
3402 1233 3526 1271 ver-

1949 1296 2140 1349 borum
2188 1311 2478 1356 contextus
2514 1304 2949 1361 examinationi.
2986 1321 3221 1374 quorum
3268 1305 3525 1375 geminus

1948 1388 2166 1451 quidem
2204 1389 2301 1443 fuit
2337 1400 2568 1460 partus,
2621 1397 3024 1451 nutrimentum
3080 1406 3262 1452 autem
3309 1398 3522 1459 lilium,

1948 1494 2164 1547 pascuae
2195 1490 2375 1537 autem
2412 1494 2557 1539 terra
2589 1487 2732 1541 bona
2765 1498 2819 1543 et
2850 1490 3089 1561 pinguis.
3120 1490 3194 1544 Ea
3225 1499 3409 1544 autem
3441 1498 3524 1546 est

1914 1594 1920 1599 ·
1951 1586 2066 1630 cor,
2093 1575 2485 1629 convenienter
2505 1578 2554 1630 ci
2577 1580 2724 1647 quod
2751 1580 2885 1634 dicit
2908 1581 3121 1635 Domini
3150 1583 3407 1651 parabola
3434 1584 3480 1614 ”
3507 1602 3521 1637 :
3552 1588 3559 1593 “

1950 1661 1999 1711 iu
2048 1676 2112 1714 eo
2160 1674 2451 1731 pascentes
2478 1706 2492 1727 ,
2528 1678 2577 1720 et
2625 1684 2886 1736 purarum
2922 1670 3317 1738 cogitationum
3358 1686 3425 1725 ex
3458 1686 3525 1722 eo

270 1747 643 1817 δὲνεμὸμενοι,
676 1726 772 1801 και
793 1750 919 1813 τοὺς
956 1726 1232 1821 ⁷καθαροὺς
1254 1726 1321 1816 ’ἐξ
1349 1726 1519 1822 αὐτηῖξς
1556 1726 1839 1826 λογισμοὺς

1948 1753 2109 1804 ﬂores
2140 1754 2411 1824 legentes,
2441 1759 2833 1828 pinguescunt.
2866 1760 2993 1817 Elos
3023 1771 3203 1817 autem
3233 1762 3328 1815 lilii
3361 1762 3525 1817 habet

272 1836 692 1904 ἁνθολογοῦντες,
725 1840 1050 1895 πιαίνονται.
1087 1843 1159 1895 Τὸ
1188 1842 1243 1896 δὲ
1273 1844 1432 1907 ἄνθος
1466 1846 1525 1898 τὸ
1554 1848 1734 1916 κρίνον
1769 1849 1846 1901 δι-

273 1929 400 1999 πλῆν
432 1929 545 1999 ἔχει
582 1930 679 2001 τὴν
705 1932 865 2002 χάριν
907 1934 1057 2004 παρὰ
1086 1935 1183 2004 τῆς
1215 1935 1449 2004 φύσεως,
1482 1938 1734 2001 εὐπνοίας
1777 1945 1841 2011 τῇ

269 2021 478 2090 εὐχροίᾳ
505 2023 988 2094 συμμεμιγμένης,
1023 2024 1097 2088 ὡς
1128 2027 1249 2079 καθ’
1284 2029 1544 2099 ἑκάτερον
1570 2025 1707 2082 εἶναι
1733 2035 1843 2094 τοῖς

268 2112 609 2181 ἓρεπομένοις
651 2114 933 2184 ἐράσμιον,
967 2118 1074 2170 εἴτε
1106 2121 1170 2188 τῇ
1201 2119 1465 2189 ὀσφρήσει
1498 2121 1841 2191 προσάγοιεν,

269 2204 370 2254 εἴτε
407 2206 515 2265 τοῖς
549 2203 845 2274 ὀφθαλμοῖς
885 2207 976 2259 τοῦ
1008 2208 1236 2272 κάλλους
1276 2211 1373 2279 τῆς
1399 2210 1547 2282 ὥρας
1578 2230 1846 2284 κατατρυ-

273 2293 424 2361 etim.
471 2295 536 2347 Ἡ
570 2294 670 2363 μὲν
699 2296 807 2367 γάρ
840 2296 1105 2367 ὄσφρησις
1127 2300 1225 2368 τῆς
1251 2299 1342 2352 τοῦ
1367 2301 1597 2370 Χριστοῦ
1623 2304 1845 2366 εὐωδίας

272 2383 476 2454 πλήρης
523 2386 765 2454 γίνεται·
811 2387 897 2440 διὰ
943 2389 999 2442 δὲ
1052 2390 1146 2443 τοῦ
1196 2391 1369 2455 εἴδους
1411 2392 1738 2446 ἐνδείκνυται
1787 2395 1845 2447 τὸ

276 2474 501 2545 καθαρόν
527 2494 587 2528 τε
621 2478 714 2530 καὶ
741 2478 1092 2547 ἁκηλίδωτον.

341 2565 484 2635 Τάχα
508 2566 689 2619 τοίνυν
716 2568 816 2638 ἤδη
848 2568 935 2621 διὰ
967 2570 1074 2621 τῶν
1107 2573 1409 2642 εἰρημένων
1455 2577 1844 2647 σεσαφήνισται

279 2657 398 2722 ἡμῖν
420 2657 476 2708 τὸ
497 2656 603 2709 ὑπὸ
635 2657 727 2710 τοῦ
758 2658 917 2726 λόγου
941 2660 1289 2730 δηλούμενον,
1313 2665 1393 2716 ὅτι
1418 2663 1512 2717 δύο
1541 2666 1843 2737 ἀνθρώπων

280 2746 332 2795 ὲν
362 2749 465 2809 τοῖς
500 2746 620 2800 καθ’
649 2748 877 2802 ἕκαστον
918 2749 1326 2822 θεωρουμένων,
1355 2755 1447 2808 τοῦ
1475 2758 1573 2826 μὲν
1606 2776 1845 2828 σωματι-

279 2836 369 2889 κοῦ
413 2855 467 2891 τε
511 2841 605 2893 καὶ
628 2843 991 2912 Αφπινομένου,
1029 2844 1122 2896 τοῦ
1159 2846 1213 2897 δὲ
1251 2848 1437 2914 νοητοῦ
1466 2866 1523 2900 τε
1558 2850 1653 2903 καὶ
1679 2853 1844 2923 ἀορά-

277 2945 383 2991 του,
424 2930 640 3002 δίδυμος
685 2936 782 3004 μὲν
809 2936 1115 3006 ἁμιρότερός
1160 2939 1308 2990 ἐστιν
1348 2941 1379 3009 ὴ
1423 2942 1653 3009 γένεσις,
1702 2945 1842 2997 κατὰ

1944 1846 2214 1913 duplicem
2249 1864 2277 1900 a
2308 1858 2505 1903 natura
2537 1853 2769 1921 gratiam
2793 1893 2808 1911 ,
2843 1861 3029 1923 utpote
3059 1855 3213 1909 suavi
3243 1854 3413 1910 odore
3444 1857 3523 1924 si:

1948 1939 2057 1988 mul
2109 1939 2273 1993 misto
2316 1955 2440 1993 cum
2496 1942 2682 1996 colore
2712 1962 2724 1997 :
2765 1945 2898 1997 adeo
2929 1952 2988 1997 ut
3020 1945 3066 1999 is
3102 1945 3153 1997 in
3189 1952 3421 2014 utroque
3452 1945 3524 1999 sit

1945 2037 2134 2093 gratus
2190 2037 2245 2082 et
2290 2031 2544 2086 amabilis
2592 2032 2941 2097 hominibus,
2982 2044 3041 2087 ut
3079 2036 3204 2104 qui,
3256 2036 3372 2090 sive
3408 2052 3527 2090 mo-

1947 2127 2175 2172 reantur
2198 2119 2403 2174 olfactu
2425 2162 2437 2181 ,
2468 2124 2583 2177 sive
2610 2127 2810 2189 oculis,
2840 2126 2961 2194 ejus
2988 2143 3047 2181 se
3070 2129 3287 2197 possint
3310 2130 3527 2185 abunde

1944 2210 2208 2264 ablectari
2246 2213 2677 2280 pulchritudine.
2714 2215 2994 2273 Odoratus
3025 2220 3245 2288 quidem
3284 2222 3526 2291 repletur

1947 2301 2088 2353 bono
2120 2302 2289 2357 odore
2320 2302 2524 2357 Christi
2549 2347 2563 2370 ,
2584 2298 2698 2375 per
2730 2307 2958 2363 formam
2996 2319 3179 2364 autem
3215 2313 3526 2368 ostenditur

1945 2394 2157 2462 puritas
2188 2397 2416 2463 etxnulla
2444 2413 2567 2454 esse
2595 2399 2938 2469 inquinatum
2970 2404 3207 2459 macula.

2020 2583 2179 2638 Forte
2211 2593 2391 2639 autem
2422 2601 2608 2639 eorum
2643 2603 2763 2657 quae
2798 2589 2942 2642 dicta
2985 2599 3117 2645 sunt
3155 2592 3524 2647 declarabitur

1944 2676 2258 2729 obscuritas
2279 2718 2293 2740 ,
2322 2678 2367 2731 si
2400 2679 2801 2748 hocsigniﬁcet
2833 2682 3012 2734 oratio
3035 2720 3049 2743 ,
3079 2682 3225 2751 quod
3257 2699 3381 2737 cum
3414 2688 3525 2739 duo

1944 2767 2196 2821 homines
2227 2767 2653 2823 considerentur
2696 2772 2749 2824 in
2793 2772 3062 2841 singulis,
3116 2790 3260 2828 unus
3302 2776 3520 2844 quidem

1944 2859 2250 2928 corporalis
2279 2872 2330 2912 et
2360 2875 2662 2929 apparens,
2699 2864 2839 2918 alter
2868 2880 3000 2919 vero
3036 2866 3128 2932 qui
3165 2866 3523 2937 intelligentia

1948 2951 2269 3021 percipitur,
2300 2961 2355 3006 et
2383 2968 2490 3006 non
2536 2962 2620 3009 est
2668 2956 3052 3024 aSpeetabilis,
3104 2957 3356 3027 geminus
3401 2959 3525 3029 qui-

280 3019 457 3073 ςαῦτὸν
482 3023 733 3095 ἀλλήλοις
772 3027 1280 3098 συνεπιδημούντων
1306 3031 1385 3101 τῷ
1419 3032 1538 3103 βίῳ.
1571 3034 1705 3088 Οὔτε
1733 3038 1839 3107 γάρ

1947 3041 2070 3096 dem
2100 3053 2184 3096 est
2209 3044 2498 3098 amborum
2529 3053 2721 3101 ortus:
2753 3061 2878 3100 cum
2909 3047 3013 3117 ipsi
3059 3049 3224 3103 simul
3270 3050 3417 3106 inter
3467 3064 3524 3103 se

283 3114 604 3186 προῦπάρχει
654 3117 746 3169 τοῦ
796 3118 1046 3188 σώματος
1089 3122 1121 3192 ἡ
1166 3123 1346 3194 ψυχή’
1395 3124 1518 3179 οὔτε
1568 3145 1841 3197 προκατα-

286 3203 584 3267 σκευάζεται
624 3207 726 3277 τῆς
763 3208 940 3280 ψυχῆς
968 3211 1030 3264 τὸ
1059 3212 1219 3283 σῶμα
1240 3230 1254 3244 ·
1294 3215 1409 3268 ἀλλ’
1446 3219 1755 3287 ὀμοχρόνως
1785 3222 1841 3272 ὲν

285 3294 344 3361 τῇ
375 3291 476 3365 ζωῇ
508 3297 766 3363 γίνονται.
803 3300 990 3371 Τροφὴ
1030 3302 1087 3355 δὲ
1129 3304 1341 3368 τούτοις
1373 3306 1513 3360 κατὰ
1547 3309 1709 3377 φύσιν
1742 3313 1841 3380 μέν

284 3383 487 3456 smmi,
513 3389 823 3460 καθαρότης
843 3392 935 3444 καὶ
962 3393 1181 3459 εὐωδία,
1201 3396 1295 3448 καὶ
1325 3399 1502 3451 πάντα
1520 3400 1586 3452 τά
1615 3403 1841 3456 τοιαῦτα

280 3465 349 3525 ὧν
382 3477 694 3549 εὖφοροῦσιν
718 3482 774 3533 αἱ
806 3482 1014 3552 ἀρεταί.
1052 3486 1207 3538 Ἐστι
1235 3486 1290 3540 δὲ
1328 3489 1417 3542 ὅτε
1438 3489 1499 3542 τὸ
1519 3491 1842 3563 δηλητήριον

279 3579 407 3617 τιςιν
447 3568 565 3620 ἀντὶ
607 3572 877 3651 τροφίμου
928 3576 1302 3641 σπουδάζεται,
1346 3578 1398 3631 οἳ
1445 3583 1565 3653 οὐχὶ
1605 3583 1673 3636 τὰ
1704 3586 1838 3654 άνθη

278 3655 376 3707 τῶν
412 3660 616 3729 ἀρετῶν
644 3663 1047 3732 ἐπιϐόσκονται,
1097 3669 1212 3721 ἀλλ’
1240 3670 1502 3737 ἀκάνθαις
1531 3676 1842 3747 ἐπιτέρπον-

275 3760 359 3798 ται
400 3750 488 3801 καὶ
530 3752 817 3821 τριϐὁλοις.
883 3756 1038 3810 Οὕτω
1086 3759 1193 3831 γὰρ
1239 3760 1339 3829 τῆς
1389 3765 1703 3836 παραϐολῆς
1746 3769 1838 3822 τοῦ

276 3834 589 3929 Euandria»
635 3845 1009 3918 δνομαζούσης
1046 3851 1141 3914 τὰς
1185 3853 1456 3923 ἁμαρτίας
1502 3857 1837 3929 ἡκούςαμεν,

275 3916 346 3977 ὧν
384 3930 414 3997 ἡ
456 3931 669 4002 κατάρα
711 3934 806 3987 τοῦ
854 3936 1031 4004 ὄφεως
1077 3941 1175 4011 τὴν
1219 3943 1395 4015 κακὴν
1445 3945 1680 4018 βλάστην
1714 3951 1838 4023 ἐδη-

278 4019 616 4092 μιούργησεν.
683 4026 898 4099 Ἐπειδὴ
938 4029 1119 4084 τοίνυν
1152 4033 1503 4106 διακριτικὼν
1547 4041 1839 4111 ὀφθαλμῶν

278 4112 382 4165 ἐπι
410 4115 582 4183 χρεία,
618 4117 723 4170 τῶν
746 4118 1058 4191 δυναμένων
1086 4126 1143 4176 ἐν
1171 4127 1427 4201 ἀκριϐείᾳ
1462 4131 1751 4200 διαγνῶναι
1778 4137 1839 4189 τὸ

278 4199 444 4269 κρίνον
487 4221 546 4257 τε
593 4208 686 4259 καὶ
728 4207 827 4278 τὴν
867 4211 1127 4276 ἄκανθαν,
1168 4216 1260 4269 καὶ
1313 4218 1372 4271 τὺ
1424 4222 1522 4291 μὲν
1576 4226 1838 4296 σωτήριον

278 4294 609 4383 προελέσθαι,
655 4298 717 4352 τὸ
759 4299 817 4353 δὲ
872 4303 1193 4376 φθοροποιὸν
1240 4310 1700 4383 ἀποπέμψασθαι·
1728 4294 1838 4371 διὰ

272 4382 418 4465 τοῦτο
444 4387 534 4441 τὸν
564 4388 685 4442 καθ’
711 4393 1002 4467 ὁμοιότητα
1027 4398 1120 4451 τοῦ
1154 4402 1387 4470 μεγάλου
1424 4405 1637 4459 Παύλου
1666 4408 1836 4479 μαζὸν

273 4477 373 4539 τοῖς
404 4481 615 4547 νηπίοις
661 4484 972 4554 γενόμενον,
1010 4491 1104 4542 καὶ
1137 4493 1681 4568 γαλακτοτροφοῦντα
1711 4505 1836 4566 τοὺς

268 4570 556 4639 ἁρτιγενεῖς
602 4576 729 4645 τῆς
758 4578 1100 4649 Ἐκκλησίας,
1146 4584 1311 4639 δυάδα
1362 4588 1548 4657 μαζῶν
1587 4592 1836 4664 ἀλλήλοις

266 4662 726 4733 συγγεννηθέντων
750 4667 856 4719 τῶν
885 4672 994 4732 τοῖς
1030 4674 1239 4743 νεϐροῖς
1262 4676 1359 4746 τῆς
1397 4678 1652 4750 δορκάδος
1679 4685 1835 4739 ἀπεί-

260 4753 543 4824 καςμὲνων
597 4759 915 4828 ὠνόμασεν,
972 4764 1061 4817 διὰ
1120 4768 1337 4822 πάντων
1402 4778 1695 4846 μαρτυρῶν
1756 4781 1833 4852 τῷ

256 4846 479 4918 τοιούτῳ
527 4850 678 4916 μέλει
723 4851 823 4921 τῆς
866 4854 1192 4926 Ἐκκλησίας
1235 4860 1293 4912 τὸ
1341 4863 1597 4935 δόκιμον·
1650 4871 1731 4924 ὅτι
1775 4891 1833 4926 τε

256 4936 375 4990 καθ’
407 4939 668 5011 ἑκάτερον
700 4943 975 4999 εὐοδοῦται
1017 4948 1151 5020 πρὸς
1173 4952 1271 5019 τὴν
1299 4954 1406 5007 τῶν
1438 4958 1691 5031 καθαρῶν
1718 4966 1835 5033 κρί-

251 5043 355 5079 νων
401 5029 593 5099 νομὴν,
631 5032 935 5105 ὀξυδερκῶς
973 5037 1247 5111 διακρίνον
1293 5045 1387 5098 τοῦ
1432 5052 1696 5121 τροφίμου
1736 5056 1832 5126 τὴν

252 5114 489 5169 ἄκανθαν
509 5134 522 5148 ’
554 5121 646 5172 καὶ
684 5122 765 5176 ὅτι
807 5127 937 5195 περὶ
960 5126 1020 5179 τὸ
1049 5129 1372 5200 ἡγεμονικὸν
1411 5114 1826 5211 ἁναστρέφεταί,

258 5201 309 5259 οὗ
345 5208 616 5279 σύμϐολον
646 5215 678 5284 ή
724 5217 921 5287 καρδία
943 5221 1125 5283 εστὶν,
1163 5225 1194 5294 ἡ
1236 5225 1302 5278 δι’
1338 5228 1535 5299 ἑαυτῆς
1566 5236 1687 5297 τοὺς
1726 5254 1831 5306 μα-

262 5295 375 5362 ζοὺς
407 5300 856 5373 ὑποστρέφουσαο
892 5310 986 5361 καὶ
1032 5310 1112 5363 ἔτι
1157 5314 1292 5384 πρὸς
1325 5318 1554 5384 τούτοις,
1606 5324 1687 5377 ὅτι
1726 5295 1829 5382 οὐκ

261 5385 305 5440 ἐν
334 5391 515 5461 ἑαυτῷ
543 5395 853 5450 κατακλείει
876 5399 973 5469 τὴν
998 5402 1178 5473 χάριν,
1207 5406 1321 5459 ἀλλ’
1355 5411 1543 5481 ἐπέχει
1569 5418 1678 5480 τοῖς
1715 5418 1827 5472 δεο-

264 5479 432 5543 μένοις
458 5483 553 5536 τοῦ
585 5484 744 5540 λόγου
770 5490 869 5541 civ
898 5490 1086 5563 θηλὴν,
1116 5494 1192 5559 ὼς
1215 5497 1281 5551 ἂν
1313 5479 1509 5573 τροφὸς
1538 5479 1731 5563 θάλπει
1761 5512 1829 5567 τὰ

315 5658 365 5690 ⁵⁹
400 5658 596 5715 Matth.
626 5680 746 5729 xm,
788 5666 822 5720 '5
847 5683 968 5740 sqq.

493 5759 764 5823 ΡΑτιιοι.
805 5765 896 5824 Gn
963 5767 1013 5827 X
1028 5767 1176 5830 1.1V.

1945 3135 2224 3203 conjuncti
2261 3135 2481 3190 veniant
2509 3136 2565 3189 in
2597 3137 2788 3190 vitam.
2824 3136 2957 3191 Nam
2994 3155 3172 3209 neque
3215 3141 3399 3195 anima
3442 3148 3522 3196 est

1932 3230 2071 3280 ‘aute
2101 3242 2304 3295 corpus
2330 3245 2343 3291 ;
2381 3242 2557 3297 neque
2598 3236 2725 3283 ante
2755 3229 2994 3283 animam
3024 3233 3373 3289 construitur
3399 3248 3522 3288 cor-

1948 3335 2048 3387 pws
2070 3360 2086 3383 ,
2124 3321 2216 3374 sed
2249 3320 2439 3377 eodem
2491 3328 2736 3390 tempore
2767 3322 2820 3374 in
2855 3322 2963 3375 vita
2996 3322 3159 3377 simul
3191 3326 3524 3379 conveniunt

1943 3428 2008 3465 ac
2052 3414 2424 3467 consentiunt.
2483 3412 2815 3466 Alimentum
2867 3424 3046 3468 autem
3097 3414 3177 3469 eis
3220 3415 3524 3470 secundum

1944 3508 2195 3556 naturam
2225 3504 2443 3572 quidem
2471 3512 2557 3558 est
2585 3504 2797 3572 puritas
2824 3513 2875 3558 et
2905 3505 3085 3560 bonus
3110 3506 3270 3571 odor,
3299 3515 3353 3561 et
3379 3523 3525 3577 qua:-

1943 3610 2160 3665 cmtque
2205 3604 2335 3651 sunt
2366 3597 2909 3667 ejusmodi,quorum
2946 3597 3155 3654 fertiles
3190 3610 3321 3654 sunt
3352 3600 3525 3655 virtu-

1951 3697 2054 3743 tes.
2081 3686 2312 3753 Quidam
2369 3698 2549 3742 autem
2580 3703 2976 3758 nonnunquam
3009 3696 3266 3743 tenentur
3315 3690 3525 3759 majore

1943 3780 2124 3833 studio
2157 3781 2349 3833 veneni
2382 3794 2547 3848 quam
2580 3779 2904 3833 nutrimenti
2929 3818 2943 3844 ,
2978 3780 3071 3849 qui
3108 3780 3374 3833 virtutum
3422 3779 3523 3836 llo-

1942 3871 2096 3923 ribus
2126 3885 2237 3923 non
2269 3879 2594 3936 pascuntur,
2632 3869 2726 3924 sed
2759 3870 2935 3938 spinis
2970 3870 3313 3924 delectantur
3336 3878 3392 3926 et
3423 3872 3523 3925 tri-

1943 3962 2111 4014 bulis.
2142 3958 2275 4012 Nam
2308 3960 2624 4028 parabolam
2661 3958 2941 4029 Evangelii
2971 3959 3281 4014 audivimus
3307 3959 3388 4014 sic
3418 3975 3521 4015 no-

1942 4054 2237 4105 minautem
2261 4058 2504 4121 peccata,
2526 4067 2757 4120 quorum
2784 4052 2984 4105 malum
3005 4066 3227 4122 germen
3250 4054 3521 4122 serpentis

1943 4145 2206 4199 fabricata
2251 4153 2336 4200 est
2371 4145 2700 4199 maledictio.
2734 4144 2871 4199 Cum
2910 4160 3041 4215 ergo
3081 4144 3427 4199 discernendi
3468 4145 3519 4199 vi

1944 4236 2154 4306 praditi
2180 4236 2325 4289 oculi
2358 4244 2615 4290 accurate
2640 4244 2939 4307 exacteque
2966 4237 3178 4307 possint
3206 4236 3522 4292 discernere

1942 4329 2119 4382 lilium
2168 4336 2222 4380 et
2267 4327 2516 4396 spinam,
2553 4335 2610 4381 et
2652 4328 2851 4397 eligere
2878 4326 3098 4397 quidem
3142 4327 3195 4381 id
3241 4327 3387 4397 quod
3436 4334 3520 4382 est

1945 4421 2220 4484 salutare,
2268 4420 2564 4474 amandare
2609 4428 2791 4473 autem
2845 4420 2896 4473 id
2941 4420 3085 4489 quod
3130 4428 3215 4472 est
3256 4419 3517 4486 exitiale;

1948 4518 2237 4575 propterea
2267 4522 2390 4561 eum
2424 4507 2516 4577 qui
2566 4508 2762 4562 similis
2800 4522 2996 4578 magno
3028 4506 3198 4561 Paulo
3230 4515 3314 4562 est
3347 4508 3521 4562 instar

1943 4598 2174 4652 nutricis
2214 4598 2519 4654 infantibus
2543 4641 2555 4663 ,
2590 4607 2643 4653 et
2688 4600 2823 4654 lacte
2861 4598 3034 4652 nutrit
3075 4614 3171 4653 eos
3199 4599 3291 4668 qui
3329 4613 3520 4655 recens

1943 4692 2057 4745 nati
2091 4700 2221 4746 sunt
2253 4694 2306 4745 in
2352 4692 2626 4755 Ecclesia,
2660 4693 2772 4747 duo
2812 4693 2981 4748 ubera
3022 4692 3185 4748 simul
3225 4692 3516 4763 eongenita

1942 4786 2245 4838 nominavit
2265 4827 2280 4849 ,
2310 4802 2430 4855 quae
2458 4787 2761 4841 assimilata
2808 4798 2939 4841 sunt
2989 4787 3231 4842 hinnulis
3262 4801 3477 4857 caprea:
3499 4830 3515 4855 ,

1942 4892 2037 4945 per
2065 4878 2247 4929 omnia
2290 4878 2594 4933 testilicans
2638 4879 2909 4947 ejusmodi
2960 4880 3206 4933 membro
3257 4879 3516 4937 Ecclesia:

1941 4969 2310 5033 praestantiam
2341 4970 2523 5024 inesse
2549 4971 2627 5024 illi
2656 4987 2670 5024 :
2697 4971 2841 5040 quod
2868 4978 3015 5025 recte
3041 4970 3348 5026 deducatur
3372 4984 3522 5027 utra-

1938 5074 2044 5128 que
2073 5073 2138 5113 ex
2184 5069 2337 5129 parte
2380 5061 2445 5114 ad
2490 5076 2693 5131 pascua
2732 5078 2993 5132 purorum
3038 5064 3313 5126 liliorum,
3353 5072 3518 5120 acute

1937 5168 2169 5208 cernens
2208 5166 2262 5208 et
2302 5154 2624 5211 discernens
2665 5158 2878 5227 spinam
2924 5158 2991 5211 ab
3019 5173 3085 5213 eo
3116 5158 3258 5228 quod
3291 5158 3387 5211 alit
3419 5177 3433 5212 :
3462 5168 3516 5212 et

1938 5245 2085 5315 quod
2128 5254 2378 5301 versatur
2422 5248 2476 5302 in
2521 5264 2584 5303 ea
2631 5250 2827 5304 animae
2858 5249 3120 5305 facultate
3144 5264 3266 5320 qua:
3294 5249 3509 5303 obtinet

1938 5336 2303 5407 principatum
2326 5378 2340 5403 ,
2386 5340 2546 5409 cujus
2582 5354 2682 5394 cor
2723 5348 2809 5394 est
2852 5341 3065 5410 Signum
3091 5380 3107 5406 ,
3151 5339 3296 5411 quod
3328 5353 3424 5407 per
3454 5351 3512 5390 se

1940 5425 2038 5481 alit
2067 5426 2235 5482 ubera
2262 5446 2275 5482 :
2305 5437 2359 5483 et
2388 5428 2536 5499 quod
2580 5430 2637 5483 in
2676 5428 2761 5484 eis
2798 5444 2907 5483 non
2940 5429 2995 5483 in
3026 5445 3085 5484 se
3116 5427 3345 5482 includit
3370 5437 3504 5494 gra—

1938 5517 2111 5586 tiam,
2158 5518 2254 5575 sed
2302 5520 2505 5582 praebet
2548 5520 2837 5591 egentibus
2884 5520 3037 5577 verbi
3081 5517 3409 5581 mamillam,
3454 5523 3510 5571 et

3194 5798 3276 5864 30
