3948 6192
493 260 596 315 959

1788 253 1844 307 S.
1878 251 2204 308 GREGORII
2244 251 2529 306 NYSSENI
3561 267 3641 322 9m

492 387 752 448 tanquam
788 376 972 430 nutrix
1007 390 1138 430 suos
1172 374 1317 432 l‘ovct
1349 375 1488 431 ﬁlios
1511 414 1525 438 ,
1570 376 1712 429 sicut
1752 373 1985 428 laeiebat
2009 381 2062 428 ct

2175 373 2363 442 ἑαυτῆς
2396 375 2580 439 τέκνα,
2622 375 2799 438 καθὼς
2834 377 3001 429 ἐποίει
3051 394 3109 429 τε
3159 378 3249 431 καὶ
3278 378 3433 448 ἔλεγεν
3467 383 3492 434 ὁ
3521 384 3644 438 Ἀπόη

492 467 707 523 dicebat
734 465 1117 536 Apostolus“.
1147 464 1285 521 Cum
1315 474 1493 521 autem
1524 465 1807 534 hucusque
1825 462 2063 517 Verbum

494 558 709 613 laudem
759 557 1113 628 produxisset
1156 559 1529 614 membrorum
1575 556 1867 619 Ecclesiae,
1900 556 1954 609 in
2001 556 2066 608 iis

493 668 615 723 qure
640 650 898 723 deinceps
927 658 1256 721 sequuntur,
1286 650 1455 705 totius
1480 648 1600 718 ejus
1628 649 1877 719 corporis
1904 648 2065 702 simul

496 742 998 805 facitcncomium,
1031 740 1252 811 quando
1304 756 1401 811 per
1451 747 1681 794 mortem
1735 739 2067 794 destruxerit

494 849 618 888 eum
688 833 783 904 qui
831 832 1028 887 mortis
1076 832 1309 887 habebat
1350 832 1639 900 imperium
1674 831 1739 896 εί,
1773 838 1827 886 et
1870 830 2065 883 iterum

495 928 738 996 seipsum
791 924 1075 979 reduxerit
1122 923 1191 978 ad
1240 939 1395 979 suam
1444 924 1671 994 gloriam
1724 922 2065 985 divinitatis,

496 1031 659 1086 quam
706 1015 898 1069 habuit
943 1014 1011 1068 ab
1064 1013 1243 1079 initio,
1266 1014 1585 1084 priusquam
1624 1024 1771 1069 esset
1812 1013 2066 1068 mundus.

498 1106 630 1160 Nam
670 1121 793 1161 cum
826 1104 1094 1161 dixisset:
1149 1103 1246 1158 Ibo
1278 1105 1409 1175 mihi
1448 1105 1516 1159 ad
1547 1116 1769 1160 montem
1818 1103 2067 1174 myrrhae,

496 1208 545 1253 et
570 1198 639 1251 ad
678 1196 865 1251 collem
894 1196 1085 1261 thuris,
1113 1195 1314 1266 adjecit
1353 1197 1657 1252 divinitatis
1687 1198 1914 1268 gloriam
1952 1211 2071 1266 qua:

498 1290 774 1345 indicatur
808 1306 820 1340 :
857 1288 990 1342 Tota
1021 1288 1243 1358 pulchra
1274 1306 1350 1354 es,
1381 1289 1673 1360 propinqua
1702 1305 1837 1354 mea,
1882 1298 1930 1342 et
1966 1305 2073 1341 ma-

497 1383 620 1435 cula
649 1398 751 1435 non
777 1389 854 1434 est
889 1381 941 1433 in
1000 1392 1069 1448 te,
1103 1381 1301 1436 docens
1334 1395 1428 1450 per
1455 1395 1515 1434 ea
1550 1394 1667 1448 quae
1737 1380 1877 1433 dicta
1921 1387 2067 1442 sunt,

498 1473 736 1544 primum
776 1472 923 1543 quod
986 1486 1145 1526 nemo
1184 1472 1251 1526 ab
1301 1472 1421 1541 ipso
1462 1470 1603 1525 tollit
1655 1470 1913 1536 animam,
1977 1470 2071 1525 sed

498 1562 661 1616 habet
703 1568 1025 1630 potestatem
1067 1559 1303 1629 ponendi
1334 1574 1479 1625 eam,
1540 1565 1593 1613 ct
1632 1558 1794 1614 habet
1829 1566 2072 1629 potesta-

500 1662 606 1707 tem
671 1668 866 1708 rursus
907 1651 1207 1721 accipiendi
1262 1663 1410 1717 eam,
1465 1651 1569 1706 sibi
1626 1652 1981 1720 proficiscens
2006 1652 2073 1706 ad

499 1753 739 1798 montem
783 1744 1037 1814 myrrhae,
1086 1758 1193 1797 non
1225 1758 1293 1799 ex
1333 1742 1599 1813 operibus
1639 1743 1863 1808 nostris,
1897 1753 1957 1797 ut
2004 1759 2072 1799 ne

499 1836 765 1906 glorietur
786 1836 955 1899 ullus,
988 1834 1081 1889 sed
1111 1850 1177 1889 ex
1206 1848 1304 1889 sua
1342 1834 1538 1904 gratia,
1572 1834 1882 1904 suscipiens
1934 1850 2072 1889 mor-

500 1938 608 1981 tem
659 1941 758 1997 pro
798 1925 1210 1995 peccatoribus;
1246 1922 1440 1978 deinde
1460 1923 1605 1993 quod
1637 1939 1744 1978 non
1770 1925 1925 1978 aliter
1949 1924 2071 1977 licet

499 2018 754 2071 humanae
788 2029 1005 2070 natura!
1037 2014 1258 2085 purgari
1295 2029 1325 2067 a
1348 2013 1583 2075 macula,
1612 2029 1775 2083 quam
1817 2014 1862 2067 si
1899 2028 2072 2082 agnus

497 2110 589 2179 qui
618 2108 758 2160 tollit
790 2116 1072 2177 peccatum
1108 2104 1319 2167 mundi,
1360 2120 1455 2174 per
1489 2118 1547 2158 se
1576 2104 1887 2157 universum
1928 2104 2073 2158 dele-

497 2200 635 2253 verit
674 2199 886 2251 vitium.
928 2196 1031 2262 Qui
1070 2210 1199 2265 ergo
1228 2195 1366 2248 dixit
1393 2213 1405 2247 :
1434 2193 1565 2246 Tota
1599 2192 1819 2260 pulchra
1850 2210 1925 2255 es,
1952 2204 2073 2262 pro-

497 2287 697 2356 pinqua
730 2300 868 2349 mea,
895 2293 943 2337 et
974 2283 1185 2335 macula
1217 2297 1319 2335 non
1359 2290 1435 2333 est
1482 2279 1537 2332 in
1574 2289 1643 2343 te,
1678 2285 1732 2331 et
1787 2279 2073 2349 subjunxit

500 2376 823 2448 mysterium
863 2373 1012 2444 quod
1077 2379 1157 2427 est
1199 2372 1250 2426 in
1293 2371 1572 2441 passione,
1613 2385 1679 2425 ex
1739 2385 1806 2425 eo
1838 2370 1982 2441 quod
2020 2379 2073 2425 et

502 2467 739 2538 myrrha:
775 2464 1112 2535 :enigmatis,
1148 2471 1211 2535 _ct
1271 2462 1467 2517 deinde
1517 2461 1695 2515 thuris
1744 2463 2069 2524 meminerit,

498 2572 596 2627 per
633 2555 779 2627 quod
808 2555 1117 2611 ostenditur
1148 2554 1443 2620 divinitas;
1486 2568 1551 2608 eo
1579 2568 1683 2609 uos
1709 2553 1887 2620 docet,
1926 2553 2068 2624 quod

497 2651 739 2721 quicum
766 2651 886 2720 ipso
920 2648 1083 2703 fuerit
1124 2647 1357 2718 myrrha:
1384 2647 1679 2716 particeps,
1718 2646 1942 2700 omnino
1970 2645 2073 2700 erit

497 2742 660 2798 etiam
690 2741 966 2811 particeps
993 2738 1192 2793 thuris.
1221 2735 1352 2790 Nam
1385 2737 1477 2805 qui
1510 2736 1671 2790 fuerit
1697 2751 1818 2789 cum
1857 2750 1922 2790 eo
1950 2750 2072 2805 pas-

499 2847 615 2899 sus,
641 2832 802 2887 simul
829 2831 993 2886 etiam
1021 2826 1541 2899 congloriﬁcahitur.
1569 2825 1673 2891 Qui
1705 2834 1884 2879 autem
1907 2826 2071 2880 semel

500 2898 664 2979 luerit
695 2924 750 2978 in
792 2923 963 2993 gloria
1017 2898 1221 2985 divina,
1278 2926 1427 2972 totus
1468 2916 1525 2970 tit
1554 2917 1798 2985 pulcher,
1832 2924 2071 2971 remotus

498 3016 567 3069 ab
593 3014 740 3069 omni
771 3013 984 3069 macula
1027 3012 1275 3066 adversa.
1322 3009 1367 3061 A
1396 3023 1502 3077 qua
1535 3022 1635 3062 nos
1665 3023 1881 3077 quoque
1912 3022 2070 3077 sepa-

499 3121 703 3168 remur,
776 3119 872 3173 per
926 3117 1051 3157 eum
1101 3102 1194 3171 qui
1252 3114 1350 3168 pro
1396 3098 1557 3153 nobis
1607 3099 1991 3154 mortuusl‘uit
2021 3108 2074 3153 et

505 3196 825 3258 resurrexit,
874 3193 1058 3247 Iesum
1118 3192 1394 3245 Christum
1452 3188 1736 3242 Dominum
1799 3198 2070 3252 nostrum,

514 3285 603 3340 cui
660 3285 912 3338 convenit
948 3283 1116 3353 gloria
1150 3292 1201 3336 et
1235 3281 1522 3343 imperium
1576 3280 1629 3334 in
1665 3284 1859 3336 sweula
1898 3300 2064 3337 sareu-

510 3380 702 3433 torum.
732 3376 923 3429 Amen.

1045 3545 1328 3613 ttoutLtA
1370 3559 1505 3615 vut.

568 3653 699 3707 CAP.
731 3668 803 3713 tv,
836 3668 888 3702 ν.
919 3651 974 3704 8.
1026 3650 1150 3703 Veni
1180 3669 1211 3703 α
1240 3651 1462 3716 Libano,
1502 3667 1714 3719 sponsa,
1755 3652 1867 3705 seni
1906 3667 1937 3702 a
1975 3647 2069 3701 Li-

507 3750 673 3801 bano:
710 3744 898 3803 venies.
948 3750 998 3796 et
1041 3741 1292 3796 transibis
1340 3743 1402 3796 ab
1446 3743 1595 3799 initio
1624 3740 1767 3811 ﬁdei,
1815 3758 1845 3793 α
1906 3740 2070 3807 capite

497 3837 659 3892 Sanir
694 3847 744 3891 et
799 3835 1051 3902 llernwn,
1087 3853 1115 3889 e
1159 3836 1418 3905 speluncis
1456 3837 1687 3900 leonum,
1733 3851 1761 3889 e
1807 3834 2066 3891 montibus

494 3929 802 3998 pardorum.
829 3927 881 3982 9.
907 3927 1011 3982 Cor
1038 3927 1281 3981 indidisti
1298 3926 1465 3996 nobis,
1483 3944 1634 3982 soror
1656 3920 1837 3981 nostra
1853 3944 2064 3996 sponsa.

496 4021 601 4074 Cor
636 4019 877 4073 indidisti
907 4019 1053 4073 nobis
1092 4035 1194 4073 uno
1220 4034 1284 4073 ea:
1314 4020 1477 4073 oculis
1508 4020 1634 4081 tuis,
1667 4028 1715 4072 et
1739 4019 1789 4071 in
1826 4035 1931 4072 una
1958 4028 2065 4073 toro

492 4129 590 4184 que
616 4112 736 4166 colli
766 4112 862 4166 tui.

564 4205 789 4277 Magnus
825 4205 1135 4275 Apostolus,
1187 4203 1278 4273 qui
1336 4217 1557 4272 magnas
1618 4202 1682 4256 ad
1746 4201 2064 4259 Corinthios

492 4297 769 4352 recensuit
794 4297 1050 4358 visiones,
1080 4296 1148 4349 de
1175 4309 1274 4350 sua
1306 4300 1498 4348 natura
1524 4293 1656 4347 dicit
1688 4309 1747 4349 se
1790 4294 2060 4359 dubitare,
2090 4286 2095 4293 ”

2171 464 2372 526 στολος.
2425 465 2575 517 Μετὰ
2608 466 2663 518 δὲ
2695 467 2895 521 τούτων
2921 468 3027 521 τῶν
3070 468 3242 538 μελῶν
3267 472 3349 541 τῆς
3393 471 3651 543 Ἐκκληοίας

2171 553 2499 624 προαγαγὼν
2516 557 2543 608 ό
2571 556 2741 623 Λόγος
2755 558 2843 610 τὺν
2860 557 3095 620 ἔπαινον,
3111 561 3168 611 ὲν
3184 560 3287 623 τοῖς
3310 561 3478 633 ἐφεξῆς
3501 562 3654 617 ὁλοσιδ-

2172 663 2339 714 ματον
2367 649 2595 699 ποιεῖται
2625 648 2792 719 αὐτῆς
2828 650 2888 701 τὸ
2920 649 3213 720 ἐγκώμιον,
3240 652 3355 706 ὅταν
3376 652 3451 707 διά
3476 655 3554 707 τοῦ
3578 654 3654 710 θα-

2168 737 2326 788 νάτου
2360 739 2676 808 καταργήσῃ
2707 738 2796 790 τὸν
2823 738 2883 791 τὸ
2907 742 3105 810 κράτος
3130 740 3310 812 ἔχοντα
3338 742 3420 796 τοῦ
3444 743 3657 798 θανάτοιν

2170 828 2264 879 καὶ
2294 827 2454 880 πάλιν
2495 830 2813 902 ἐπαναγάγῃ
2855 830 3044 883 ἑαυτὸν
3087 831 3223 901 πρὸς
3261 832 3349 903 τὴν
3390 833 3506 886 ἰδίαν
3537 835 3660 902 δόξαν

2168 918 2267 989 τῆς
2306 917 2577 988 θεότητος,
2613 919 2680 989 ἢν
2731 917 2876 991 εἶχεν
2913 923 3008 973 ἀπ’
3038 922 3217 993 ἀρχῆς
3262 924 3359 993 πρὸ
3390 924 3472 977 τοῦ
3507 927 3666 998 κόσμον

2170 1008 2325 1065 εἶναι.
2379 1012 2562 1065 Εἰπὼν
2593 1013 2809 1084 γὰρ,ὅτι
2854 1016 3226 1083 Πορεὺσομαι
3261 1015 3470 1082 ἐμαυτῷ
3508 1019 3581 1083 εις
3614 1020 3665 1072 τὸ

2171 1102 2307 1170 ὄρος
2345 1102 2455 1172 τῆς
2488 1105 2781 1172 σμύρνης,
2838 1107 2936 1158 καὶ
2973 1108 3061 1171 εἰς
3103 1105 3212 1160 τόν
3233 1106 3448 1171 ,ϐουνὸν
3472 1108 3563 1162 τοῦ
3598 1097 3695 1163 ,ιμ’

2172 1193 2376 1260 ϐάν-ου,
2413 1196 2510 1267 τὴν
2547 1194 2704 1259 δόξαν
2732 1195 2831 1264 τῆς
2865 1196 3115 1267 θεότητος
3147 1197 3493 1268 ἐνδειξάμενος
3512 1198 3672 1269 προσέ-

2171 1285 2367 1355 Οηκεν·
2400 1286 2548 1352 Ὄλη
2602 1283 2758 1352 καλὴ
2806 1282 2880 1349 εἷ,
2923 1288 3192 1353 πλησίον
3231 1287 3362 1356 μοῦ,
3400 1287 3487 1342 καὶ
3514 1287 3678 1357 μῶμος

2171 1378 2280 1430 οὐκ
2315 1377 2485 1430 ἔστιν
2533 1379 2603 1438 ἐν
2654 1379 2771 1439 σοὶ,
2814 1378 3078 1432 διδάσκων
3128 1380 3217 1433 διὰ
3259 1379 3361 1433 τῶν
3402 1380 3701 1451 είρημὲνων,’

2173 1470 2386 1538 πρῶτον
2442 1469 2536 1538 μὲν
2586 1470 2666 1521 ὅτι
2694 1469 2866 1531 οὐδεὶς
2909 1470 3052 1541 αἴρει
3095 1470 3193 1542 τὴν
3232 1470 3398 1543 ψυχὴν
3439 1471 3581 1524 αὐτοῦ
3608 1473 3679 1526 ἀπ’

2172 1559 2356 1623 αὑτοῦ,
2411 1560 2525 1612 ἀλλ’
2578 1560 2821 1624 ἐξουσίαν
2861 1561 2971 1632 ἔχει
3012 1562 3178 1615 θεῖναι
3219 1561 3397 1634 αὐτὴν,
3435 1563 3518 1616 καὶ
3562 1562 3680 1630 {Eou-

2176 1650 2293 1701 σίαν
2338 1649 2450 1719 ἔχει
2482 1651 2642 1703 πάλιν
2685 1650 2867 1704 λαϐεῖν
2911 1652 3098 1724 αὐτὴν,
3150 1653 3495 1724 πορευόμενος
3541 1653 3687 1725 ἐαυτῷ

2177 1739 2268 1792 ἐπὶ
2297 1740 2356 1792 τὸ
2389 1739 2511 1810 ὄρος
2547 1741 2645 1811 τῆς
2674 1740 2937 1811 σμύρνης,
2967 1743 3067 1795 οὐκ
3098 1743 3164 1797 ὲκ
3191 1742 3299 1797 τῶν
3331 1745 3591 1814 ἡμετέρων
3614 1743 3688 1816 ερ-

2177 1846 2308 1898 γων,
2341 1831 2428 1884 ἵνα
2455 1832 2528 1902 μή
2561 1849 2644 1895 τις
2685 1834 3049 1903 καυχήσηται,
3091 1833 3206 1887 ἀλλ’
3240 1834 3298 1899 ἐξ
3337 1835 3464 1898 ἰδίας
3488 1836 3688 1907 χάριτος,

2176 1924 2266 1975 τὸν
2320 1923 2459 1993 ὑπὲρ
2508 1923 2615 1976 τῶν
2663 1924 2997 1995 ἁμαρτωλῶν
3048 1925 3434 1997 ἀναδεξάμενος
3484 1926 3692 1980 θάνατον·

2176 2015 2359 2071 ἔπειτα
2452 2012 2507 2066 δὲ
2555 2014 2635 2066 ὄτι
2699 2014 2798 2066 οὐκ
2845 2014 2989 2065 ἐστιν
3041 2014 3218 2078 ἄλλως
3262 2016 3576 2088 καθαρθῆναι
3619 2012 3694 2067 τοῦ

2182 2101 2370 2172 μώμου
2399 2102 2495 2174 τὴν
2537 2104 2878 2175 ἀνθρωπίνην
2926 2104 3105 2172 φύσιν,
3163 2107 3238 2178 μὴ
3282 2106 3372 2159 τοῦ
3424 2101 3580 2176 ἀμνοῦ
3620 2104 3695 2157 τοῦ

2179 2192 2420 2261 αἴροντος
2444 2193 2538 2261 τὴν
2563 2193 2834 2263 ἁμαρτίαν
2873 2192 2966 2245 τοῦ
2999 2193 3210 2265 κόσμου
3234 2197 3407 2249 πᾶσαν
3448 2196 3508 2247 δι’
3534 2197 3696 2264 ἑαυτῆς

2177 2284 2275 2353 τὴν
2320 2285 2515 2338 κακίαν
2560 2284 2993 2353 ὲξαφανίσαντος.
3027 2286 3221 2339 Τοίνυν
3260 2287 3445 2349 εἰπὼν,
3473 2289 3545 2340 ὅτι
3575 2287 3700 2352 Ὂλη

2179 2373 2335 2442 καλὴ
2368 2371 2441 2439 εἶ,
2477 2376 2740 2442 πλησίον
2772 2375 2911 2445 μοῦ,
2950 2376 3049 2430 καὶ
3093 2375 3302 2447 μῶμος
3332 2379 3437 2432 οὐκ
3467 2378 3619 2432 ἐστιν
3646 2377 3701 2429 ἐν

2178 2466 2279 2519 σοι
2301 2484 2314 2496 ·
2359 2467 2449 2519 καὶ
2480 2464 2772 2535 ἐπαγαγὼν
2806 2466 2866 2520 τὸ
2909 2468 3049 2521 κατὰ
3097 2468 3161 2521 τὸ
3211 2469 3378 2533 πάθος
3426 2470 3705 2539 μυστήριον,

2178 2554 2266 2608 διὰ
2308 2554 2399 2609 τοῦ
2446 2557 2587 2609 κατὰ
2639 2555 2736 2627 τὴν
2786 2554 3032 2626 σμύρναν
3084 2558 3439 2629 αἰνίγματος,
3494 2556 3601 2610 εἶτα
3631 2555 3705 2608 τοῦ

2177 2639 2390 2694 λιϐάνου
2448 2641 2738 2711 μνησθεὶς,
2807 2642 2874 2694 δι’
2934 2637 2994 2697 οὗ
3050 2643 3111 2697 τὸ
3173 2645 3319 2699 θεῖον
3384 2646 3708 2699 ἐνδείκνυται*

2175 2732 2347 2803 τούτῳ
2403 2732 2640 2786 παιδεύει
2682 2737 2860 2805 ἡμᾶς,
2918 2735 3001 2789 ὅτι
3044 2738 3072 2789 ὁ
3123 2737 3520 2808 συμμετασχὼν
3586 2736 3709 2805 αὐτῷ

2176 2826 2275 2894 τῆς
2324 2824 2583 2895 σμύρνης,
2635 2826 2963 2896 συμμεθέξει
3013 2830 3235 2894 πάντως
3300 2830 3397 2884 καὶ
3447 2829 3534 2883 τοῦ
3583 2829 3714 2882 λιϐά-

2177 2931 2288 2968 νου.
2345 2915 2403 2968 '0
2448 2914 2555 2985 γάρ
2616 2916 2913 2986 συμπαθὼν
2957 2919 3048 2971 καὶ
3077 2921 3458 2988 συνδοξάζεται
3507 2923 3708 2983 πάντως,

2189 3006 2248 3057 ’0
2275 3005 2331 3059 δὲ
2362 3006 2507 3070 ἅπαξ
2535 3009 2592 3059 ὲν
2628 3010 2693 3078 τῇ
2725 3007 2843 3079 θείᾳ
2877 3009 3001 3082 δόξῃ
3038 3014 3360 3084 γενόμενος,
3390 3013 3505 3078 ὅλος
3539 3013 3715 3081 γίνεται

2177 3098 2368 3163 καλὸς,
2422 3098 2526 3165 ἔξω
2580 3098 2675 3152 τοῦ
2734 3101 3109 3175 ἀντικειμένου
3179 3106 3376 3177 μώμου
3442 3106 3714 3175 γενόμενος.

2174 3186 2247 3244 Οὔ
2308 3191 2398 3243 κα)⁵
2457 3193 2616 3261 ἡμεῖς
2664 3194 3062 3267 χωρισθείημεν
3116 3199 3210 3251 διὰ
3252 3199 3349 3252 τοῦ
3407 3199 3546 3270 ὑπὲρ
3588 3195 3718 3267 ἡμῶν

2174 3280 2531 3345 ἀποθανόντος
2554 3284 2647 3337 καὶ
2673 3285 2992 3356 ὲγερθέντος
3032 3290 3277 3359 Χριστοῦ
3321 3290 3495 3361 Ἰησοῦ
3521 3288 3606 3342 τοῦ
3630 3289 3721 3340 Κν-

2177 3375 2292 3443 ρῐου
2322 3372 2499 3443 ἡμῶν,
2602 3375 2805 3445 πρέπει
2837 3377 2869 3446 ἠ
2911 3377 3037 3441 δόξα
3063 3380 3158 3432 καὶ
3193 3382 3255 3434 τδ
3295 3381 3495 3451 κράτος
3524 3382 3595 3443 εἰς
3618 3376 3720 3440 τοὺς

2173 3463 2371 3526 αἰῶνας
2399 3465 2506 3517 τῶν
2531 3465 2759 3521 αἰώνων.
2811 3469 3002 3539 Ἀμήν.

2772 3561 3013 3613 ΟΜΙΛΙΑ
3065 3562 3146 3614 lI'.

2240 3647 2421 3716 Δεῦρο
2464 3649 2580 3702 ἀπὸ
2616 3649 2898 3713 Λιϐάνου,
2933 3654 3158 3724 νύμφη,
3197 3655 3384 3724 δεῦρο
3431 3654 3543 3709 ἀπὸ
3582 3650 3725 3706 M66-

2168 3755 2313 3791 νων
2347 3739 2594 3807 ἐλεύσῃ,
2629 3741 2725 3794 καὶ
2760 3741 3043 3814 διελεύσῃ
3086 3726 3193 3799 ἀπ’
3240 3745 3441 3815 ἀρχῆς
3479 3744 3723 3803 πίστεως,

2170 3828 2288 3881 ἀπὸ
2328 3828 2600 3898 κεφαλῆς
2643 3832 2845 3900 Sari“)
2878 3834 2977 3887 καὶ
3015 3823 3283 3903 Ἕρμὼν,
3334 3835 3455 3890 ἀπὸ
3486 3829 3728 3905 parde

2168 3920 2463 3983 λεόντων,
2506 3921 2625 3974 ἀπὸ
2675 3922 2860 3989 ὀρέων
2915 3924 3296 3994 παρδάλεων.
3366 3923 3726 3992 Ἐκαρδίωσας

2169 4010 2353 4078 mlde
2387 4012 2620 4083 ἀδελφή
2661 4032 2777 4083 μου
2805 4017 3008 4085 νύμφη
3030 4033 3044 4047 ³
3075 4017 3464 4087 ἐκαρδίωσας
3492 4015 3635 4085 ἡμᾶς
3655 4012 3727 4066 ἐνὶ

2168 4104 2285 4158 ἀπὸ
2307 4104 2628 4174 ὀφθαλμῶν
2647 4107 2858 4169 σου,ἐν
2871 4106 2977 4175 μιᾷ
2987 4106 3271 4176 ἀνθέμιῖτι
3299 4106 3599 4176 τραχήλου
3612 4118 3724 4156 σου.

2250 4198 2307 4250 Ὀ
2360 4197 2459 4259 τὰς
2509 4198 2749 4267 μεγάλας
2793 4198 3058 4261 ὀπτασίας
3106 4198 3411 4263 διεξελθὼν
3464 4196 3593 4268 πρὸς
3628 4193 3731 4253 τοὺς

2169 4284 2507 4354 Κορινθίους,
2555 4289 2582 4339 ὁ
2619 4286 2790 4357 μέγας
2830 4288 3173 4352 Ἀπόστολος,
3212 4291 3308 4342 ὅτε
3342 4289 3439 4341 καὶ
3468 4282 3728 4356 ἀμφίϐολος

492 4396 709 4444 essetne
763 4403 963 4457 corpus
1012 4402 1079 4440 an
1131 4386 1502 4456 intelligentia,
1549 4393 1792 4455 tempore
1851 4387 2064 4442 tradita:

2175 4380 2297 4448 περὶ
2328 4377 2427 4447 τῆς
2461 4379 2654 4432 ἑαυτοῦ
2687 4380 2899 4447 φύσεως
2926 4381 3124 4451 ἔφησεν
3142 4379 3316 4447 εἶναι,
3347 4383 3460 4436 εἴτε
3496 4379 3641 4449 σῶμα
3659 4370 3728 4445 ἦν,

495 4475 641 4529 illius
674 4475 738 4528 ad
768 4475 1023 4546 mysteria
1054 4468 1472 4530 introductionis
1504 4474 1688 4538 :llaec,
1724 4475 1921 4545 inquit,
1980 4487 2061 4532 te-

494 4565 721 4628 stiﬁcor,
751 4566 894 4636 quod
922 4581 1007 4619 me
1028 4565 1268 4620 nondum
1300 4565 1535 4621 arbitror
1562 4567 2061 4636 comprehendisse,

493 4656 588 4711 sed
621 4656 687 4710 ad
709 4672 773 4711 ea
800 4672 920 4727 qua:
941 4665 1069 4712 sunt
1098 4656 1371 4711 anteriora
1404 4658 1691 4719 extendor,
1730 4674 1919 4713 eorum
1944 4676 2063 4726 qua}

491 4751 646 4821 prius
710 4762 926 4820 peracta
964 4759 1093 4806 sunt
1155 4749 1593 4818 ohliviscens";
1630 4749 1841 4805 scilicet
1899 4752 2061 4807 etiam

490 4847 615 4911 post
651 4841 868 4893 tertium
900 4839 1034 4893 illud
1073 4839 1272 4894 caelum
1319 4837 1466 4909 quod
1505 4838 1621 4906 ipse
1689 4841 1840 4894 solus
1907 4842 2060 4895 novit

492 4931 706 5001 (neque
734 4929 878 4984 enim
894 4931 1115 5000 Moyses
1142 4929 1210 4983 de
1238 4945 1302 4985 eo
1329 4930 1571 4984 narravit
1604 4930 1657 4984 in
1690 4931 1876 4986 mundi
1909 4947 2061 4987 crea-

489 5023 719 5092 tione);
751 5028 806 5077 et
836 5028 1122 5092 postquam
1160 5022 1365 5075 audivit
1396 5037 1593 5076 arcana
1637 5024 1915 5094 mysteria,
1957 5024 2057 5077 ad-

487 5117 596 5170 huc
626 5112 789 5169 altius
817 5114 1013 5183 pergit,
1044 5120 1099 5167 et
1132 5128 1239 5168 non
1271 5122 1449 5169 cessat
1487 5114 1808 5179 ascendere,
1852 5114 2054 5168 bonum

483 5204 627 5274 quod
659 5202 1137 5273 comprehenditur
1167 5218 1445 5274 nunquam
1474 5219 1597 5260 esse
1622 5203 1830 5259 ducens
1867 5205 2059 5259 termi—

484 5312 612 5350 num
648 5294 1002 5366 cupiditatis:
1040 5311 1134 5365 per
1165 5295 1300 5359 haec,
1336 5305 1393 5350 ut
1422 5295 1639 5365 opinor,
1693 5310 1793 5350 nos
1825 5294 2051 5359 docens,

480 5387 626 5458 quod
664 5388 839 5445 beata:
864 5389 1012 5446 illius
1036 5390 1304 5446 bonorum
1334 5397 1541 5443 naturae
1569 5387 1800 5441 multum
1830 5386 2048 5457 quidem

2165 4470 2273 4523 εἴτε
2305 4470 2504 4540 νόημα,
2527 4473 2582 4522 ἐν
2604 4470 2679 4541 τῷ
2699 4472 2876 4543 καιρῷ
2905 4473 3002 4543 τῆς
3027 4476 3083 4525 ἐν
3114 4476 3197 4544 τῷ
3216 4475 3538 4547 παραδείσῳ
3561 4486 3727 4542 μυστα-

2165 4562 2371 4630 γιυγίας
2392 4599 2407 4625 ,
2435 4558 2603 4613 ταῦτα
2640 4557 3136 4631 διαμαρτυρόμενος
3183 4562 3366 4634 λέγει,
3395 4566 3476 4619 ὅτι
3510 4562 3730 4636 Ἐμαντδν

2165 4653 2318 4707 οὔπω
2346 4654 2632 4724 λογίζομαι
2659 4655 3061 4726 κατειληφέναι,
3080 4657 3201 4710 ἀλλ’
3217 4658 3306 4711 ἔτι
3327 4662 3446 4722 τοῖς
3462 4653 3727 4729 ἔμπροσθεν

2166 4743 2568 4815 ὲπεκτείνομαι,
2586 4745 2694 4798 τῶν
2723 4746 3206 4818 προδιηνυσμένων
3224 4748 3410 4820 λήθην
3427 4742 3725 4816 ποιούμενος.

2170 4836 2326 4906 δῆλον
2372 4837 2450 4889 ὅτι
2501 4838 2593 4891 καὶ
2625 4839 2760 4907 μετὰ
2797 4837 2886 4890 τὸν
2926 4838 3109 4910 τρίτον
3155 4820 3409 4911 οὐρανὸν
3450 4840 3655 4897 ἐκεῖνον,
3680 4830 3726 4882 ὃν

2169 4929 2330 4993 αὐτὸς
2367 4928 2508 4999 ἔγνω
2560 4930 2718 5005 μόνος
2741 4948 2756 4962 ·
2790 4932 2850 4984 ού
2885 4933 2994 5004 γάρ
3033 4950 3082 4985 τι
3126 4934 3392 5007 Μωῡσῆς
3444 4933 3569 5004 περὶ
3594 4923 3725 4984 αὐτοῦ

2168 5021 2226 5074 ὲν
2252 5024 2317 5092 τῇ
2350 5021 2704 5093 κοσμογενείᾳ
2723 5022 3047 5094 διηγήσατο·
3077 5027 3176 5077 καὶ
3214 5027 3365 5096 μετὰ
3393 5026 3494 5098 τὴν
3528 5024 3724 5093 ἄρρητον

2166 5112 2273 5165 τῶν
2300 5112 2392 5166 τοῦ
2424 5114 2750 5184 παραδείσου
2785 5114 3097 5185 μυστηρίων
3126 5117 3437 5186 ἀκρόασιν,
3480 5115 3555 5169 ἔτι
3582 5109 3659 5165 ἐπὶ
3677 5104 3723 5159 τὸ

2165 5203 2435 5273 ἀνώτερον
2468 5204 2621 5269 ἵεται,
2659 5207 2751 5258 καὶ
2795 5206 2854 5258 ού
2902 5206 3061 5277 λήγει
3088 5208 3196 5277 τῆς
3230 5208 3574 5269 ἀναϐάσεως,
3603 5199 3721 5254 0-3551.

2164 5310 2291 5346 ποτε
2334 5294 2395 5370 τὸ
2436 5295 2982 5365 καταλαμϐανόμενον
3023 5297 3238 5365 ἀγαθὸν
3273 5301 3406 5370 ὅρον
3440 5298 3538 5368 τῆς
3569 5288 3720 5348 ἐπιθυ·

2161 5387 2288 5457 μίας
2323 5388 2660 5458 ποιούμενος,
2699 5386 2984 5449 διδάσκων,
3015 5382 3197 5457 οἶμαι,
3233 5389 3329 5443 διὰ
3354 5388 3558 5443 τούτων
3586 5379 3716 5452 inde,

485 5488 567 5532 est
597 5480 742 5549 quod
780 5482 1095 5548 invenitur;
1149 5480 1377 5536 infinitis
1439 5486 1620 5533 autem
1678 5478 1928 5548 partibus
1968 5487 2051 5534 est

2175 5482 2236 5532 ἱτι
2270 5480 2369 5550 τῆς
2404 5480 2678 5551 μακαρίας
2711 5479 2925 5549 ἐκείνης
2953 5480 3058 5533 τῶν
3081 5481 3321 5550 ἀγαθῶν
3369 5479 3580 5551 φύσεως
3611 5462 3719 5527 “Ni

555 5660 598 5689 ⁶⁰
624 5664 641 5715 ι
672 5662 860 5718 Thess.
908 5683 968 5728 ιι,
1003 5666 1051 5718 7.
1133 5665 1173 5696 ⁶¹
1213 5662 1253 5716 ll
1285 5663 1412 5717 Cur.
1447 5677 1544 5725 xu,
1577 5662 1592 5713 l
1636 5676 1787 5729 seqq.

1867 5661 1910 5691 δ’
1945 5658 2180 5730 Philipp.
2215 5674 2297 5727 ιιι,
2330 5660 2409 5714 15.
