3948 6192
236 318 315 375 θιι

1214 311 1277 364 IN
1302 294 1594 367 ὁΑΝΤιιᾺ
1629 311 1901 367 CANTIC.
1944 311 2231 364 "mnus
2269 311 2406 365 vm.

3336 313 3437 368 949

238 427 324 501 μέν
365 426 468 478 ἐστι
514 423 570 475 16
619 423 702 474 ἀεὶ
755 422 1169 494 εὑρισκόμενον·
1230 424 1651 496 ἀπειροπλάσιον
1709 425 1764 476 δὲ

1886 425 2048 494 najus
2073 424 2217 493 quod
2249 429 2420 478 restat
2457 420 2699 491 quolibet
2727 422 2871 492 quod
2931 420 3438 492 comprehenditur,

234 516 313 571 τοῦ
363 515 570 566 πάντοτε
627 512 1178 584 καταλαμϐανομένου
1229 513 1289 566 τὸ
1353 515 1765 584 ὑπερκείμενον,

237 610 312 663 καὶ
342 605 481 659 τοῦτο
511 607 588 667 εἰς
618 604 676 656 16
722 605 970 675 διηνεκὲς
1017 606 1226 674 γίνεται
1255 607 1333 676 τῷ
1373 606 1671 677 μετέχοντι,
1708 606 1766 658 ἐν

235 702 356 768 πάσῃ
386 701 446 766 τῇ
477 697 579 748 τῶν
610 694 821 750 αἰώνων
850 697 1114 768 ἀῖδιότητι
1133 697 1221 750 διὰ
1253 697 1360 750 τῶν
1383 698 1470 750 ἀεὶ
1507 694 1767 766 μειζόνων

233 792 313 861 τῆς
349 787 678 858 ὲπαυξήσεως
731 791 843 852 τοῖς
892 789 1180 861 μετέχουσι
1215 790 1522 860 γινομένης.
1577 789 1633 842 '0
1669 788 1766 858 μὲν

231 882 318 950 γὰρ
364 879 590 949 καθαρὸς
639 879 740 950 τὴν
784 879 1028 949 καρδίαν,
1079 880 1218 933 κατὰ
1261 881 1360 950 τὴν
1415 878 1620 948 ἀψευδῆ
1672 876 1764 930 τοῦ

228 972 462 1025 Δεσπότου
501 970 701 1041 φωνὴν,
737 972 838 1042 ὁρᾷ
874 971 965 1024 τὸν
1009 971 1160 1025 Θεὸν.
1206 972 1294 1025 ἀεὶ
1325 971 1466 1024 κατά
1511 970 1609 1039 τὴν
1638 970 1765 1022 ἀνα-

225 1061 385 1128 λογίαν
409 1062 503 1129 τῆς
529 1059 830 1129 δυνάμεως,
871 1061 993 1112 ὅσον
1026 1060 1272 1131 χωρῆσαι
1299 1061 1541 1122 δύναται,
1581 1057 1766 1112 τοσοῦ-

223 1170 298 1205 τον
319 1152 409 1221 τὴν
436 1150 757 1220 κατανόησιν
784 1151 1088 1221 δεχόμενος.
1133 1152 1206 1204 Τὸ
1253 1152 1350 1222 μέν
1393 1169 1474 1203 τοι
1518 1150 1766 1221 ἀόριστόν

222 1261 268 1296 τε
309 1244 392 1295 καὶ
423 1241 788 1312 ἀπερίληπτον
835 1243 934 1310 τῆς
981 1243 1235 1314 θεότητος
1281 1243 1542 1296 ἐπέκεινα
1587 1242 1766 1311 πάσης

222 1334 544 1403 καταλήψεως
584 1333 848 1404 διαμένει.
896 1329 972 1390 Οὗ
1005 1335 1115 1408 γὰρ
1153 1337 1252 1406 τῆς
1297 1334 1767 1406 μεγαλοπρεπείας

221 1424 302 1494 τῆς
336 1423 482 1493 δόξης
508 1424 609 1476 οὑκ
637 1423 751 1476 ἐστι
790 1425 984 1496 πέρας,
1031 1424 1215 1488 καθὼς
1242 1427 1270 1478 6
1299 1427 1590 1494 Προφήτης
1627 1440 1764 1494 μαρ-

217 1514 426 1584 τύρεται,
462 1513 621 1566 τοῦτο
659 1514 888 1566 πάντοτε
935 1515 1196 1578 ὡσαύτως
1228 1515 1360 1585 ἔχει,
1410 1517 1467 1568 ὲν
1512 1514 1588 1584 τῷ
1620 1513 1766 1583 αὑτῴ

219 1605 321 1673 ὕψει
346 1604 629 1666 διαπαντὸς
658 1604 1048 1675 θεωρούμενον.
1085 1607 1296 1677 Ὥσπερ
1336 1606 1393 1658 δὲ
1421 1607 1514 1659 καὶ
1536 1608 1564 1659 6
1596 1607 1766 1675 μέγας

215 1695 353 1746 Δαϐὶδ
373 1697 400 1746 6
430 1695 523 1758 τὰς
547 1694 721 1756 καλὰς
752 1695 1045 1758 ἀναϐάσεις
1069 1698 1126 1748 ἐν
1147 1698 1212 1766 τῇ
1246 1696 1442 1766 καρδίᾳ
1460 1695 1762 1764 τιθέμενος,

1866 517 2044 570 ethoc
2082 516 2141 568 ﬁt
2177 521 2436 585 perpetuo
2461 515 2509 568 ei
2543 513 2636 583 qui
2668 520 2753 567 est
2783 514 2931 570 illius
2975 516 3270 585 particeps,
3311 530 3435 569 cum

1869 607 1920 659 in
1955 607 2207 660 universa
2240 605 2563 659 szeculorum
2595 605 2903 659 aeternitate
2941 620 3040 674 per
3063 621 3125 660 ea
3161 619 3284 674 quae
3311 612 3433 661 unt

1867 696 2074 764 majora
2137 711 2351 765 semper
2419 694 2927 764 ﬁat-augmentum
3002 694 3069 748 iis
3134 699 3228 764 qui
3312 701 3438 750 sunt

1867 789 2180 857 participes.
2213 786 2346 840 Nam
2379 788 2467 841 ille
2501 787 2718 856 quidem
2753 786 2962 840 mundo
2989 789 3154 841 corde
3177 787 3242 850 ⁸³,
3309 802 3439 841 con-

1866 888 2126 948 gruenter
2154 880 2269 932 voci
2299 878 2533 943 Domini,
2591 877 2760 934 Deum
2827 894 3045 948 semper
3081 879 3248 941 videt,
3307 893 3440 932 con-

1867 967 2145 1020 venienter
2175 966 2372 1019 virium
2420 968 2789 1036 proportioni,
2833 977 3093 1036 quantum
3142 974 3320 1036 potest
3353 981 3442 1020 ca-

1867 1073 2016 1127 pere,
2055 1066 2261 1112 tantum
2291 1059 2596 1127 suscipiens
2637 1059 2806 1113 animi
2851 1061 3180 1129 cognitione.
3237 1058 3292 1114 Id
3321 1057 3443 1128 qui?

1867 1149 1989 1203 dem
2019 1156 2163 1203 certe
2200 1149 2504 1203 divinitatis
2541 1150 2687 1218 quod
2735 1151 2970 1204 termino
3023 1157 3196 1211 caret,
3244 1159 3298 1205 et
3357 1157 3442 1205 est

1869 1239 2442 1308 incomprehensibile,
2503 1248 2687 1294 manet
2754 1242 2896 1294 ultra
2956 1255 3172 1294 omnem
3244 1239 3442 1295 mentis

1870 1334 2304 1400 conceptionem.
2347 1333 2402 1386 id
2447 1335 2628 1399 enim,
2667 1335 2826 1400 cujus
2881 1333 3293 1404 magniﬁcentiae
3322 1333 3441 1404 glo-

1871 1421 1964 1474 ria:
1993 1436 2102 1474 non
2153 1430 2239 1475 est
2281 1421 2424 1486 ﬁnis,
2466 1422 2605 1475 sicut
2649 1431 2884 1478 testatur
2923 1422 3197 1491 Pr0pheta
3221 1421 3288 1485 “,
3338 1421 3480 1488 hoc,

1869 1513 2092 1567 omnino
2126 1513 2378 1569 similiter
2409 1531 2466 1569 se
2528 1515 2688 1568 habet
2722 1524 2982 1584 perpetuo
3033 1513 3444 1568 consideratum

1869 1601 1921 1655 in
1957 1603 2143 1656 eadem
2169 1604 2476 1659 altitudine.
2514 1605 2794 1670 Quomodo
2825 1605 2988 1659 etiam
3017 1619 3248 1674 magnus
3275 1602 3444 1658 David

1871 1693 1925 1747 in
1959 1695 2122 1748 corde
2151 1695 2406 1763 pulchras
2435 1695 2732 1766 disponens
2761 1696 3132 1761 ascensiones,
3171 1703 3227 1750 et
3267 1710 3298 1750 a
3332 1695 3447 1751 vir-

216 1785 294 1836 καὶ
319 1787 376 1836 ἐκ
405 1785 690 1853 δυνάμεως
715 1787 793 1848 εἰς
825 1783 1053 1856 δύναμιν
1082 1787 1168 1839 ἀεὶ
1204 1786 1584 1856 πορευόμενος,
1613 1785 1770 1838 τοῦτο

1886 1794 1990 1839 .ute
2029 1787 2316 1842 ambulans
2343 1788 2395 1841 in
2425 1789 2681 1842 virtutem
2704 1789 2772 1852 ⁸⁵,
2809 1789 2911 1842 hoc
2947 1789 3013 1842 ad
3055 1788 3224 1844 Deum
3256 1789 3445 1844 excla-

213 1874 328 1941 πρὸς
353 1873 438 1925 τὸν
468 1873 603 1926 θεὸν
634 1873 896 1944 ἀνεϐόησε
917 1889 931 1902 ⁸
953 1875 1128 1932 τὸυΣὺ
1159 1873 1228 1926 δὲ
1264 1875 1523 1943 ὕψιστος
1555 1877 1641 1938 εἰς
1664 1875 1772 1927 τὸν

213 1962 390 2026 αἰῶνα,
423 1963 606 2030 Κύριε
627 1978 641 1992 '
680 1963 855 2026 τοῦτο,
894 1959 1066 2034 οἶμαι,
1101 1963 1191 2018 διὰ
1226 1965 1327 2034 τῆς
1357 1967 1537 2034 φωνῆς
1571 1965 1774 2034 ταύτης

212 2055 483 2124 σημαίνων,
515 2055 602 2107 ὅτι
636 2055 693 2106 έν
731 2055 880 2125 πασῃ
906 2057 972 2124 τῇ
1005 2055 1362 2126 ἀτελευτήτου
1391 2057 1585 2119 αἰῶνος
1610 2056 1772 2109 ἀΐδιό-

209 2161 332 2212 τητι,
360 2145 387 2196 6
429 2145 527 2214 μὲν
577 2145 722 2214 πρὸς
761 2146 820 2198 σὲ
849 2145 1056 2216 τρέχων
1085 2147 1277 2199 ἑαυτοῦ
1313 2147 1510 2217 μείζων
1543 2147 1770 2200 πάντοτε

208 2236 285 2290 καὶ
309 2235 577 2305 ἀνώτερος
615 2237 846 2305 γίνεται,
883 2238 971 2291 ἀεὶ
1000 2237 1088 2289 διὰ
1125 2238 1224 2309 τῆς
1251 2238 1358 2290 τῶν
1394 2239 1614 2307 ἀγαθῶν
1639 2240 1769 2292 ἀνα-

207 2326 394 2390 ϐάσεως
443 2327 732 2398 ἀναλόγως
780 2329 1161 2400 αὐξανόμενος.
1217 2331 1287 2383 Σὺ
1340 2330 1395 2383 δὲ
1448 2333 1476 2382 6
1526 2331 1686 2392 αὑτὸς
1726 2326 1777 2382 εἴ

206 2417 424 2488 ὕψιστος,
456 2423 537 2483 είς
581 2420 684 2472 τὸν
717 2419 890 2473 αἰῶνα
920 2422 1122 2490 μένων,
1149 2421 1396 2473 οὐδέποτε
1427 2418 1776 2490 χθαμαλώτε-

208 2527 283 2579 po;
325 2515 433 2575 τοῖς
485 2511 705 2566 ἀνιοῦσι
758 2512 989 2581 φανῆναι
1036 2511 1356 2582 δυνάμενος,
1407 2511 1484 2580 τῷ
1533 2510 1674 2563 κατά
1717 2510 1776 2562 16

204 2605 303 2657 ἴσον
325 2605 597 2676 ἀνώτερος
637 2604 867 2658 πάντοτε
894 2606 986 2657 καὶ
1014 2604 1342 2675 ὑψηλότερος
1375 2599 1511 2656 εἶναι
1544 2604 1641 2673 τῆς
1668 2602 1776 2654 τῶν

203 2694 499 2765 ὑψουμένων
529 2682 844 2766 δυνάμεως.
877 2696 1060 2748 Ταῦτα
1082 2695 1255 2748 τοίνυν
1283 2696 1409 2764 περὶ
1442 2695 1538 2762 τῆς
1567 2694 1777 2760 φύσεως

202 2785 294 2836 τῶν
324 2788 634 2858 ἀφράστων
672 2787 893 2856 ἀγαθῶν
939 2787 1288 2857 δογματίζειν
1333 2787 1422 2839 τὸν
1463 2778 1777 2838 Ἀπόστολον

201 2875 568 2947 ὑπειλήφαμεν
615 2879 868 2945 λέγοντα,
902 2879 984 2931 ὃτι
1031 2879 1092 2930 16
1136 2877 1339 2944 ἀγαθὸν
1370 2878 1544 2929 έκεῖνο
1571 2874 1778 2942 ὀφθαλ-

202 2966 291 3033 μὸς
315 2969 412 3020 οὑκ
439 2965 573 3029 οἶδε.
609 2970 720 3022 κᾶν
750 2970 838 3022 ἀεὶ
872 2968 1061 3040 βλέπῃ.
1097 2969 1169 3022 Οὐ
1219 2969 1325 3038 γὰρ
1358 2968 1480 3020 ὅσον
1517 2966 1633 3018 ἐστὶ
1659 2965 1777 3034 βλέ-

200 3073 298 3116 πει,
328 3058 440 3110 ἀλλ’
480 3060 616 3113 ὅσον
654 3058 734 3128 τῷ
782 3058 1044 3127 ὀφθαλμῷ
1077 3058 1300 3110 δυνατόν
1349 3059 1464 3109 ἐστι
1500 3055 1773 3120 δέξασθαι.

1873 1877 2077 1931 mavit:
2115 1883 2186 1933 Tu
2239 1891 2412 1934 autem
2469 1883 2752 1936 altissimus
2802 1884 2854 1936 in
2906 1892 3154 1936 wternum
3208 1897 3280 1943 es,
3339 1879 3448 1933 Do-

1870 1968 2042 2020 mine:
2099 1980 2195 2034 per
2222 1964 2365 2019 hanc
2394 1981 2601 2030 vocem,
2636 1976 2695 2020 ut
2723 1966 2977 2032 arbitror,
3014 1967 3353 2038 signiﬁcans,
3389 1968 3446 2021 in

1874 2053 2128 2108 universa
2156 2056 2342 2110 saeculi
2377 2055 2521 2123 quod
2553 2071 2836 2124 nunquam
2875 2057 3072 2112 desinit
3122 2059 3446 2118 aeternitate,

1875 2145 1967 2213 qui
2011 2146 2076 2198 ad
2139 2153 2190 2200 te
2217 2146 2435 2215 quidem
2465 2146 2662 2210 currit,
2693 2162 2913 2216 semper
2943 2149 3126 2216 seipso
3165 2148 3343 2216 major
3391 2149 3448 2202 ﬁt

1873 2245 1927 2290 et
1951 2235 2241 2298 excelsior,
2274 2251 2369 2304 per
2427 2237 2695 2290 bonorum
2741 2250 3028 2291 ascensum
3061 2237 3452 2292 convenienter

1874 2341 1986 2381 suae
2021 2327 2356 2396 preportioni
2399 2341 2616 2396 semper
2649 2341 2928 2382 crescens.
2978 2326 3059 2381 'l‘u
3091 2335 3272 2383 autem
3304 2325 3448 2382 idem

1875 2434 1934 2474 es
1969 2420 2290 2485 altissimus,
2355 2420 2409 2473 in
2473 2427 2738 2474 aeternum
2779 2436 3028 2485 manens,
3081 2436 3259 2491 neque
3297 2427 3453 2490 potes

1877 2511 1964 2566 his
2020 2511 2115 2580 qui
2169 2510 2475 2565 ascendunt
2513 2509 2742 2564 inferior
2774 2511 2967 2576 videri,
3026 2527 3093 2566 eo
3126 2512 3272 2581 quod
3332 2512 3452 2582 pari

1879 2601 2087 2654 ratione
2135 2616 2352 2669 semper
2385 2602 2656 2655 excelsior
2713 2603 2791 2657 sis
2846 2617 3036 2656 eorum
3075 2603 3299 2665 virtute,
3355 2602 3451 2672 qui

1877 2693 2207 2746 exaltantur.
2243 2691 2368 2746 Hzec
2397 2707 2528 2762 ergo
2561 2692 2627 2747 de
2655 2692 3006 2746 ineffabilium
3043 2693 3311 2747 bonorum
3358 2709 3454 2748 na-

1880 2793 2000 2838 tura
2048 2793 2290 2839 statuere
2339 2784 2719 2839 existimamus
2778 2785 3097 2854 Apostolum
3159 2785 3452 2850 dicentem,

1883 2876 2081 2928 bonum
2121 2874 2252 2927 illud
2289 2874 2436 2944 quod
2476 2876 2668 2931 oculus
2716 2890 2826 2930 non
2872 2876 3043 2939 vidit,
3073 2877 3285 2931 etiamsi
3314 2891 3457 2932 sem—

1882 2980 1975 3034 per
2029 2966 2231 3020 videat.
2300 2965 2416 3020 Non
2479 2966 2632 3032 enim
2687 2967 2836 3022 videt
2878 2978 3140 3038 quantum
3201 2975 3308 3031 est,
3357 2966 3455 3022 sed

1880 3067 2142 3127 quantum
2169 3071 2364 3126 capere
2395 3065 2574 3127 potest
2606 3059 2817 3112 oculus.
2853 3057 2916 3111 Et
2946 3058 3096 3114 auris
3134 3074 3243 3113 non
3285 3058 3458 3113 audi-

201 3145 296 3199 Καὶ
320 3144 411 3212 οὖς
439 3151 543 3202 οὑκ
575 3152 808 3222 ἤκουσε,
857 3151 980 3202 καθ’
1011 3151 1134 3202 ὅσον
1173 3151 1288 3202 ἐστὶ
1335 3149 1395 3202 τὸ
1431 3149 1778 3219 δηλούμενον,

1886 3149 1979 3209 vit,
2021 3149 2145 3204 licet
2181 3150 2368 3203 audiat
2403 3159 2664 3219 quantum
2696 3150 2748 3204 id
2785 3150 2932 3220 quod
2987 3151 3350 3220 signiﬁcatur,
3404 3159 3459 3206 et

197 3237 286 3288 κάν
333 3241 569 3294 πάντοτε
629 3241 851 3311 δέχηται
889 3245 954 3312 τῇ
1005 3243 1138 3312 ἀκοῇ
1175 3241 1265 3294 16v
1307 3241 1492 3310 λόγον·
1547 3243 1641 3295 καὶ
1685 3242 1776 3294 ἐπὶ

197 3330 407 3398 καρδίαν
448 3333 548 3386 τοῦ
593 3333 890 3402 ἀνθρώπου
924 3335 1024 3386 οὑκ
1055 3334 1241 3402 ἀνέϐη,
1275 3333 1380 3387 κᾶν
1419 3333 1706 3396 διαπαντὸς
1751 3333 1779 3384 6

193 3420 417 3492 καθαρὸς
446 3428 517 3495 τῇ
560 3424 776 3494 καρδία
820 3425 943 3476 ὅσον
971 3424 1191 3477 δύναται
1222 3425 1392 3497 βλέπῃ
1412 3441 1424 3452 ·
1459 3424 1521 3476 τὸ
1552 3424 1660 3492 γὰρ
1695 3423 1780 3474 ἀεὶ

195 3512 755 3585 καταλαμϐανόμενον
785 3514 892 3568 τῶν
923 3516 1022 3586 μὲν
1057 3516 1616 3586 προκαταληφθέντων
1650 3515 1782 3568 πάν-

190 3619 288 3658 των
315 3607 507 3675 μεῖζόν
537 3609 722 3667 ἐστιν,
748 3607 808 3658 οὑ
840 3607 945 3677 μὴν
976 3606 1147 3677 ὁρίζει
1187 3608 1245 3659 ἐν
1285 3606 1461 3676 ἑαυτῷ
1501 3606 1560 3658 τὸ
1592 3605 1783 3676 ζητού-

197 3711 377 3761 μενον·
413 3698 562 3752 ἀλλά
613 3699 680 3750 τὸ
719 3698 892 3767 πέρας
936 3697 1030 3750 τοῦ
1075 3697 1406 3770 εὑρεθέντος,
1453 3699 1594 3769 ἀρχὴ
1648 3697 1784 3767 πρὸς

189 3783 277 3854 τὴν
305 3786 417 3838 τῶν
449 3787 820 3858 ὑψηλοτέρων
864 3786 1082 3858 εὕρεσιν
1114 3791 1226 3849 τοῖς
1266 3788 1610 3842 ἀναϐαίνουσι
1642 3789 1785 3855 γίνε-

191 3890 290 3930 ται.
316 3877 432 3931 Καὶ
462 3878 601 3931 οὔτε
643 3880 674 3930 6
701 3877 866 3931 ἀνιῶν
896 3895 1027 3931 ποτε
1059 3879 1292 3943 ἵσταται,
1320 3879 1492 3949 ἀρχὴν
1522 3877 1582 3942 ἐξ
1612 3879 1786 3949 ἀρχῆς

191 3966 673 4037 μεταλαμϐάνων,
697 3967 818 4020 οὔτε
853 3968 1087 4021 τελεῖται
1115 3969 1242 4039 περὶ
1271 3969 1466 4038 ἑαυτὴν
1497 3970 1528 4037 ἡ
1566 3968 1675 4020 τῶν
1701 3968 1786 4020 ἀεὶ

192 4056 455 4125 μειζόνων
489 4062 673 4131 ἀρχή.
717 4060 984 4113 Οὐδέποτε
1016 4061 1123 4131 γὰρ
1148 4061 1272 4132 περὶ
1298 4061 1404 4112 τῶν
1430 4059 1786 4130 ἐγνωσμένων

189 4148 335 4216 ήτοῦ
375 4150 644 4213 ἀνιόντος
673 4150 936 4219 ἐπιθυμία
979 4151 1213 4214 ἵσταται,
1247 4151 1380 4203 ἀλλά
1415 4150 1502 4204 διὰ
1545 4149 1789 4220 μείζονος

187 4239 345 4293 πάλιν
383 4243 600 4312 ἐτέρας
654 4241 944 4312 ἐπιθυμίας
983 4242 1118 4312 πρὸς
1148 4242 1339 4312 ἑτέραν
1386 4240 1789 4311 ὑπερκειμένην

188 4333 322 4385 κατά
361 4334 426 4386 τὸ
456 4333 677 4403 ἐφεξῆς
708 4333 850 4403 ψυχὴ
876 4333 1120 4396 ἀνιοῦσα,
1150 4333 1378 4386 πάντοτε
1402 4332 1490 4386 διὰ
1514 4333 1621 4386 τῶν
1649 4333 1791 4386 ἀνω-

183 4424 353 4493 τέρων
383 4427 584 4479 ὁδεύει
627 4425 763 4495 πρὸς
797 4426 857 4477 16
888 4426 1154 4492 ἀόριστον.

254 4605 491 4657 Τούτων
524 4604 591 4656 δὲ
645 4603 775 4672 ἡμῖν
807 4602 949 4654 οὑτω
980 4601 1344 4672 διῃρημένων,
1381 4599 1569 4670 καιρὸς
1613 4601 1679 4653 ἂν
1709 4603 1796 4670 εἰη

183 4695 523 4766 προσθεῖναι
573 4695 688 4746 τῶν
742 4694 900 4746 θείων
936 4693 1129 4760 λογίων
1169 4691 1266 4763 τὴν
1317 4691 1568 4762 θεωρίαν.
1618 4691 1797 4758 Δεῦρο

178 4785 299 4840 ἀπὸ
329 4785 645 4847 Λιϐάνου,
669 4784 892 4851 νύμφη,
916 4781 1090 4848 δεῦρο
1117 4780 1236 4834 ἀπὸ
1264 4779 1539 4844 Λιϐάνου,
1571 4779 1796 4845 ἐλεύσῃ

181 4877 280 4930 καὶ
313 4877 637 4941 ὄιεοιεύσῃ
677 4876 774 4928 ἀπ’
809 4872 1005 4941 ἀρχῆς
1044 4874 1321 4936 πίστεως,
1379 4870 1496 4924 ἀπὸ
1531 4867 1798 4938 κεφαλῆς

177 4969 406 5036 Σανείρ
440 4967 557 5020 καὶ
605 4965 850 5034 Ἑρμῶν,
899 4963 1016 5018 ἀπὸ
1053 4961 1334 5032 μην-δρῶν
1359 4962 1640 5024 λεόντων,
1678 4959 1796 5013 ἀπὸ

178 5059 375 5125 ὀρέων
425 5055 827 5125 παρδάλεων.
864 5055 928 5107 Τί
966 5055 1146 5108 τοίνυν
1176 5054 1234 5106 ὲν
1261 5053 1470 5115 τούτοις
1497 5053 1798 5121 ὑπενοήσα-

177 5167 318 5218 μενς
392 5149 519 5202 Ἀεὶ
579 5147 690 5199 τῶν
733 5145 953 5215 ἀγαθῶν
1000 5148 1034 5216 ἡ
1085 5145 1234 5216 πηγὴ
1281 5144 1418 5215 πρὸς
1448 5144 1645 5214 ἑαυτὴν
1674 5144 1799 5206 τοὺς

173 5239 471 5309 διψῶντας
502 5235 825 5304 ἐφέλκεται,
859 5235 1037 5298 καθὼς
1069 5235 1126 5287 ὲν
1153 5233 1234 5304 τῷ
1279 5233 1592 5302 Εὑαγγελίῳ
1636 5234 1799 5302 φησιν

171 5331 207 5403 ﬂ
255 5330 422 5400 πηγή
449 5346 466 5359 ⁹
528 5329 621 5384 ὅτι
655 5328 728 5382 El
757 5344 846 5392 τις
886 5324 1053 5394 διψᾷ,
1095 5311 1359 5394 ἐρχέσθω
1408 5323 1557 5392 πρὸς
1595 5325 1673 5393 μὲ
1701 5324 1802 5378 καὶ

169 5421 438 5477 κενέ-τω.
511 5420 619 5471 Ἐν
647 5419 855 5481 τούτοις
895 5418 1003 5488 γὰρ
1045 5416 1167 5469 οὗτε
1196 5417 1293 5488 τῆς
1322 5416 1496 5486 δίψης,
1537 5414 1660 5468 οὑτε
1705 5415 1804 5486 τῆς

171 5513 323 5588 πρὸς
378 5511 578 5567 αὐτὸν
614 5510 807 5580 ὁρμῆς,
849 5509 972 5562 οὔτε
1015 5507 1115 5578 τῆς
1151 5510 1207 5560 ἐν
1233 5507 1312 5578 τῷ
1350 5508 1525 5561 πίνειν
1571 5506 1806 5561 ἀπολαύς-

256 5694 307 5725 ⁸³
353 5685 590 5741 Matth.
629 5703 674 5749 v,
708 5688 760 5742 8.

459 5802 492 5818 θ

853 5693 894 5724 ⁸³
921 5689 1059 5745 Psal.
1084 5707 1254 5755 cxuv,
1437 5687 1478 5718 "
1505 5686 1646 5742 Psal.
1677 5699 1904 5752 sxum,
1949 5685 2001 5752 6,
2035 5687 2088 5743 8.

1891 3241 2171 3296 auditione
2212 3240 2440 3297 verbum
2495 3250 2673 3311 potest
2704 3244 2928 3296 omnino
2972 3242 3457 3312 comprehendere.

1893 3334 1957 3386 Et
1984 3333 2038 3387 in
2073 3348 2170 3388 cor
2213 3334 2453 3389 hominis
2499 3351 2605 3389 non
2661 3335 2930 3398 ascendit,
2965 3333 3180 3390 tametsi
3220 3349 3459 3403 semper,

1889 3426 1980 3492 qni
2013 3426 2216 3480 mundo
2243 3436 2326 3480 est
2358 3427 2543 3487 corde.
2572 3427 2738 3487 videt,
2766 3436 3032 3495 quantum
3062 3434 3242 3496 potest
3277 3444 3290 3480 :
3335 3439 3460 3479 nam

1889 3515 2036 3584 quod
2075 3531 2292 3585 semper
2337 3518 2844 3585 comprehenditur,
2898 3527 2982 3571 est
3016 3518 3195 3586 majus
3235 3519 3302 3573 iis
3341 3533 3464 3586 qua:

1890 3614 2022 3662 sunt
2066 3607 2484 3674 comprehensa,
2541 3622 2649 3659 non
2691 3617 2872 3659 tamen
2911 3607 2963 3659 in
3019 3621 3079 3660 se
3116 3607 3370 3660 terminat
3407 3605 3462 3660 id

1891 3695 2036 3765 quod
2067 3695 2368 3764 quarritur:
2412 3697 2505 3750 sed
2549 3696 2671 3749 ﬁnis
2701 3696 2821 3764 ejus
2858 3695 3002 3765 quod
3044 3705 3130 3751 est
3156 3699 3464 3763 inventum,

1895 3784 1952 3838 ﬁt
1977 3785 2304 3854 principium
2335 3785 2763 3840 ascendentibus
2786 3785 2854 3838 ad
2881 3787 3248 3840 inventionem
3271 3802 3462 3841 eorum

1893 3892 2014 3945 quas
2043 3885 2171 3932 sunt
2198 3878 2412 3930 altiora.
2471 3876 2658 3946 Neque
2692 3893 2934 3946 unquam
2969 3892 3028 3931 se
3077 3877 3225 3931 sistit
3276 3891 3470 3931 ascen-

1893 3969 2050 4032 dens,
2083 3984 2148 4022 ex
2188 3968 2454 4038 principio
2507 3984 2732 4024 sumens
2783 3968 3133 4037 principium,
3172 3983 3348 4037 neque
3413 3966 3467 4020 in

1896 4075 1954 4114 se
1982 4059 2261 4130 perﬁcitur
2295 4074 2486 4113 eorum
2516 4075 2638 4128 quze
2665 4070 2792 4113 sunt
2815 4075 3030 4128 semper
3066 4058 3299 4128 majora,
3321 4058 3471 4126 prin-

1896 4151 2117 4220 cipium.
2169 4149 2227 4202 In
2284 4150 2350 4204 iis
2381 4151 2522 4204 enim
2564 4166 2684 4218 quae
2737 4159 2866 4203 sunt
2913 4149 3150 4219 cognita,
3190 4161 3468 4218 nunquam

1899 4243 2244 4297 ascendentis
2308 4242 2522 4296 sistitur
2580 4241 2933 4305 desiderium,
2995 4241 3090 4296 sed
3139 4257 3234 4310 per
3293 4241 3471 4313 majus

1899 4346 2096 4386 rursus
2144 4330 2473 4385 desiderium
2527 4329 2592 4382 ad
2650 4331 2795 4383 aliud
2861 4331 3165 4399 subjectum
3211 4332 3472 4402 deinceps

1901 4424 2207 4478 ascendens
2241 4422 2442 4485 anima,
2473 4423 2697 4475 omnino
2729 4422 2977 4477 ascendit
3031 4437 3128 4492 per
3165 4424 3364 4478 altiora
3401 4423 3471 4478 ad

1827 4499 1870 4554 ο
1901 4515 1952 4570 id
1993 4514 2139 4584 quod
2180 4521 2266 4567 est
2295 4511 2658 4568 indeﬁnitum.

1972 4604 2067 4659 liis
2090 4611 2268 4658 autem
2301 4604 2460 4658 nobis
2489 4605 2568 4659 sic
2600 4604 2874 4660 distinctis
2907 4619 2970 4658 ac
3003 4603 3216 4672 divisis,
3250 4613 3476 4678 tempus

1899 4703 1984 4750 est
2017 4703 2074 4748 ut
2098 4696 2611 4764 contemplationem
2646 4696 2956 4751 divinorum
3001 4696 3345 4763 eloquiorum
3389 4699 3478 4751 ad-

1896 4783 2155 4852 jiciamus
2189 4800 2203 4837 :
2267 4782 2393 4836 Veni
2433 4801 2464 4835 a
2505 4783 2730 4849 Libano,
2765 4802 2975 4854 sponsa,
3034 4786 3149 4838 veni
3180 4802 3212 4838 a
3248 4785 3474 4849 Libano,
3503 4801 3508 4806 ‘

1902 4874 2070 4928 venies
2103 4883 2151 4926 et
2199 4875 2450 4928 transibis
2499 4874 2562 4926 ab
2598 4875 2747 4928 initio
2776 4877 2920 4945 ﬁdei,
2958 4893 2990 4929 a
3029 4877 3199 4944 capite
3236 4875 3400 4930 Sanir
3429 4887 3478 4930 ct

1907 4962 2160 5026 Hermon,
2215 4981 2248 5016 a
2284 4964 2466 5018 lustris
2511 4965 2738 5027 leonum,
2773 4983 2806 5019 a
2850 4967 3112 5021 montibus
3161 4966 3476 5034 pardormn.

1905 5053 2046 5120 Quid
2085 5069 2216 5125 ergo
2248 5055 2303 5108 in
2335 5056 2420 5110 his
2464 5057 2626 5112 nobis
2657 5058 2803 5112 venit
2837 5059 2891 5112 in
2939 5059 3218 5113 mentem?
3255 5055 3480 5127 Semper

1909 5147 2028 5203 fons
2059 5148 2328 5202 bonorum
2355 5164 2450 5205 eos
2481 5150 2575 5220 qui
2611 5151 2802 5206 sitiunt
2833 5151 2900 5206 ad
2942 5167 3000 5205 se
3039 5150 3284 5210 attrahit,
3337 5150 3480 5204 sicut

1913 5235 2036 5292 fons
2069 5237 2201 5291 dicit
2226 5238 2281 5291 in
2317 5237 2611 5309 Evangelio
2640 5255 2654 5292 :
2693 5239 2753 5294 Si
2781 5241 2898 5310 quis
2933 5241 3067 5301 sitit,
3098 5240 3268 5293 veniat
3308 5237 3378 5291 ad
3402 5254 3480 5290 me

1909 5338 1958 5383 et
1980 5329 2124 5382 bibat
2148 5329 2214 5382 “.
2239 5329 2296 5383 in
2321 5329 2406 5383 his
2424 5331 2567 5384 enim
2587 5345 2762 5399 neque
2785 5331 2924 5394 sitis,
2946 5346 3122 5400 neque
3145 5329 3481 5384 vehementis

1911 5419 2088 5488 ipsius
2116 5419 2487 5488 appetitionis,
2514 5436 2689 5491 neque
2731 5421 2850 5490 ejus
2882 5436 3003 5490 qua:
3040 5421 3092 5474 in
3121 5417 3354 5474 bibendo
3387 5430 3483 5470 ea-

1911 5511 2058 5580 pitur
2079 5511 2456 5567 delectationis
2485 5510 2634 5566 dedit
2681 5511 2991 5575 terminum,
3037 5511 3131 5567 sed
3164 5506 3484 5565 extensione

2172 5689 2216 5719 “
2244 5686 2403 5742 Joan.
2435 5701 2533 5754 vn,
2562 5685 2654 5742 '57.
