3948 6192
512 304 618 358 953

1782 293 1839 346 S.
1881 292 2207 347 GREGONII
2273 294 2559 350 NYSSENI
3578 303 3658 358 ιιι

514 416 769 488 praecepti
813 414 863 465 in
903 410 1241 480 perpetuum,
1294 410 1421 462 facit
1456 408 1889 461 adhortationem
1921 416 1973 460 et
2003 409 2075 457 si-

2183 424 2315 473 σεως
2349 412 2543 465 ἔδωκεν
2591 411 2733 480 ὅρον,
2784 404 2919 460 ἀλλά
2951 403 3026 474 τῷ
3075 401 3399 473 παρατατικῷ
3426 403 3502 457 τοῦ
3527 423 3657 477 προσ.

514 506 682 562 tiendi
725 511 781 558 et
820 500 1060 562 bibendi,
1106 508 1159 553 et
1205 498 1409 568 impetu
1441 497 1506 550 ad
1538 513 1662 550 cum
1693 494 2076 551 contendendi.

514 600 585 653 lis
614 605 794 651 autem
843 596 935 663 qui
971 595 1082 662 jam
1125 599 1436 662 gustarunt,
1488 599 1541 643 et
1574 588 1909 657 experientia
1941 586 2075 639 didiv

512 697 705 744 cerunt
731 686 875 756 quod
912 685 1087 738 bonus
1111 681 1483 742 sitDominus,
1517 688 1708 749 gustus
1741 679 1798 732 fit
1833 677 2077 747 quaedam

512 779 681 836 veluti
710 776 1021 831 adhortatio
1040 776 1105 828 ad
1136 774 1414 843 amplioris
1438 772 1566 826 boni
1586 769 2077 841 participationem.

515 870 801 940 Propterea
832 867 1148 923 ascendenti
1181 879 1458 934 nunquam
1504 861 1685 917 deficit
1724 876 1842 930 qum
1874 858 1976 928 ipsi
2025 858 2082 927 fit

514 960 838 1021 adhortatio,
858 958 924 1011 ad
957 956 1009 1010 id
1041 956 1183 1026 quod
1209 962 1293 1011 est
1313 954 1488 1021 majus
1521 953 1745 1006 omnino
1776 950 2075 1004 attrahens.

511 1052 852 1107 Revocemus
892 1049 1036 1103 enim
1081 1048 1133 1101 in
1180 1046 1495 1101 memoriam
1534 1044 1646 1113 jam
1692 1058 1835 1113 saepe
1865 1056 2080 1112 sponsa

514 1144 711 1197 factam
736 1142 788 1195 in
810 1142 875 1195 iis
887 1141 1423 1210 qutc’prteccsserunt
1440 1136 1603 1190 Verbi
1624 1137 2077 1196 adhortationem,

510 1234 747 1287 dicentis
783 1252 798 1286 :
827 1232 971 1294 Veni,
990 1231 1279 1299 propinqua
1302 1246 1433 1282 mea.
1457 1228 1520 1280 Et
1550 1242 1775 1281 rursus:
1808 1225 1933 1278 Veni
1958 1225 2077 1289 huc,

512 1323 751 1378 columba
782 1339 916 1384 mea,
974 1328 1026 1375 et
1061 1337 1071 1371 :
1117 1320 1242 1373 Veni
1290 1319 1389 1372 huc
1428 1322 1482 1372 in
1523 1328 1869 1387 legumentum
1899 1330 2078 1383 petrae.

511 1416 755 1485 Cumque
793 1414 892 1468 has
917 1421 969 1467 et
996 1410 1264 1480 ejusmodi
1294 1412 1427 1465 alias
1460 1410 1813 1463 adhortantes
1841 1412 1893 1461 et
1922 1415 2082 1459 attra-

512 1507 707 1561 hentes
756 1505 821 1557 ad
870 1504 1135 1571 majorum
1169 1501 1498 1557 desiderium
1543 1499 1610 1553 ad
1657 1500 1893 1553 animam
1920 1512 2081 1552 voces

510 1597 784 1654 emisisset
813 1595 1073 1657 Verbum,
1116 1600 1169 1648 et
1209 1593 1262 1648 ci
1291 1593 1404 1662 jam
1440 1592 1505 1645 ad
1547 1593 1721 1661 ipsum
1763 1589 2081 1645 ascendenti

512 1688 841 1743 testificatus
874 1694 1041 1748 esset,
1080 1683 1226 1753 quod
1267 1691 1414 1736 esset
1453 1681 1677 1734 omnino
1708 1679 2076 1741 immaculata,

2180 502 2450 570 τάγματος
2504 499 2637 570 πρὸς
2684 498 2742 549 τὸ
2804 493 3048 564 διηνεκὲς
3114 493 3253 543 ποιεῖ
3289 490 3375 560 τὴν
3411 495 3664 564 προτροπὴν

2182 592 2273 643 καὶ
2302 590 2395 643 τοῦ
2429 588 2587 658 atem
2630 591 2722 642 καὶ
2762 586 2853 639 τοῦ
2902 584 3095 647 πίνειν,
3136 584 3226 635 καὶ
3268 583 3353 634 τοῦ
3393 583 3507 653 πρὸς
3538 586 3665 640 αὑτὸν

2180 681 2277 750 τὴν
2305 681 2479 752 ὁρμὴν
2527 679 2685 748 ἔχειν.
2737 680 2859 741 Τοῖς
2907 678 2964 729 δὲ
3006 674 3349 743 γευσαμένοις
3376 674 3484 743 ἤδη,
3521 676 3669 745 καὶτῇ

2183 774 2346 844 πείρα
2381 772 2639 843 μαθοῦσιν
2666 773 2746 824 ὅτι
2793 769 3023 841 χρηστὸς
3050 769 3077 819 ὁ
3106 766 3319 836 Κύριος,
3346 760 3442 817 οἶόν
3475 782 3544 827 τις
3570 783 3671 835 προσ

2181 864 2353 933 τροπὴ
2387 863 2519 932 πρὸς
2561 862 2656 932 τὴν
2708 860 2802 914 τοῦ
2852 860 3095 921 πλείονος
3149 856 3416 926 μετουσίαν
3453 857 3483 923 η
3523 855 3671 921 γεῦσις

2181 955 2410 1022 γίνεται.
2447 955 2545 1006 Διά
2591 953 2748 1005 τοῦτο
2792 951 3043 1003 οὐδέποτε
3076 948 3247 1000 λείπει
3282 946 3353 1014 τῷ
3393 944 3673 998 ἀναϐαίνοντι
3702 974 3711 1019 ί

2182 1021 2213 1114 ἧ
2261 1046 2515 1115 γινομένη
2547 1044 2682 1114 πρὸς
2711 1043 2871 1096 αὑτὸν
2921 1039 3202 1111 προτροπὴ
3253 1040 3283 1107 ἡ
3326 1038 3528 1089 πάντοτε
3570 1021 3711 1105 πρδςί

2180 1138 2239 1189 τὸ
2292 1137 2470 1206 μεῖζον
2532 1136 2888 1205 ἐφελκομένη.
2960 1129 3410 1201 ’Υπομνησθῶμεν
3456 1127 3548 1196 γάρ
3602 1125 3680 1194 τῆς

2184 1228 2438 1290 πολλάκις
2468 1230 2523 1279 ἐν
2554 1230 2666 1289 τοῖς
2705 1225 2970 1294 φθάσασιν
3003 1223 3100 1294 ἤδη
3133 1219 3480 1289 γεγενημένης
3513 1231 3681 1288 παρορ-

2185 1323 2401 1389 μήσεως
2431 1319 2578 1388 παρὰ
2605 1317 2697 1371 τοῦ
2723 1316 2894 1384 Λόγου
2923 1318 2990 1387 τῇ
3041 1315 3228 1385 νύμφῃ
3246 1329 3258 1340 ’
3304 1310 3479 1375 Ἐλθὲ,
3506 1311 3539 1375 ἠ
3564 1313 3687 1375 πλη-

2182 1414 2319 1465 σίον
2345 1412 2483 1479 μοῦ,
2514 1411 2657 1478 λέγει
2679 1428 2692 1440 ο
2723 1413 2817 1462 καὶ
2843 1409 3021 1472 πάλιν,
3051 1406 3251 1473 Δεῦρο,
3271 1402 3556 1472 περιστερά
3575 1421 3683 1470 μου·

2181 1500 2294 1564 καὶ,
2342 1500 2521 1568 Δεῦρο
2575 1500 2843 1565 σεαυτὴν
2883 1500 2951 1552 ἐν
2982 1497 3177 1566 σκέπῃ
3227 1495 3299 1565 τῇ
3347 1494 3563 1560 πέτρας.
3604 1495 3690 1546 Καὶ

2181 1593 2342 1655 ἄλλας
2367 1594 2617 1656 τοιαύτας
2644 1593 2827 1660 φωνὰς
2860 1590 3257 1662 προτρεπτικάς
3289 1606 3345 1641 τε
3374 1588 3459 1640 καὶ
3482 1584 3691 1645 ἐλκτικὶς

2180 1681 2278 1749 τῆς
2307 1682 2411 1734 τῶν
2442 1680 2699 1750 μειζόνων
2728 1680 3019 1748 ἐπιθυμίας
3043 1682 3070 1731 ὁ
3098 1679 3269 1745 Λὸγος
3298 1678 3425 1747 πρὸς
3446 1675 3696 1745 τὴνψυχὴν

511 1780 733 1834 dicens:
772 1779 907 1833 Tota
952 1776 1171 1843 pulchra
1210 1792 1284 1836 es,
1336 1783 1383 1827 et
1426 1773 1634 1826 macula
1681 1788 1785 1826 non
1823 1781 1899 1825 est
1928 1772 1982 1824 in
2016 1780 2079 1837 te,

2185 1772 2570 1841 ποιησάμενος,
2616 1770 2709 1824 καὶ
2757 1771 3107 1851 μαρτυρήσας
3151 1769 3253 1839 ήδη
3294 1772 3358 1837 τῇ
3406 1768 3527 1835 πρὸς
3567 1765 3697 1817 αὐτὸν

510 1886 580 1925 ne
620 1872 719 1924 hoc
754 1868 1068 1923 testimonio
1106 1867 1247 1920 elata
1293 1873 1347 1919 et
1382 1865 1523 1919 facta
1557 1864 1883 1918 insolentior
1914 1864 2081 1931 impe-

511 1961 739 2024 diretttr,
771 1973 881 2027 quo
917 1958 1097 2011 minus
1122 1957 1441 2011 ascenderet
1480 1954 1545 2007 ad
1573 1955 1789 2017 altiora,
1821 1969 1917 2023 per
1941 1954 2082 2007 hanc

511 2047 838 2100 adhortandi
873 2061 1056 2099 vocem
1088 2060 1282 2098 rursus
1309 2044 1635 2097 adhortatur
1657 2043 1721 2096 ad
1748 2043 2080 2097 desiderium

513 2154 692 2194 rermn
724 2152 1104 2206 superoarum,
1149 2135 1371 2190 dicens:
1422 2134 1536 2188 Huc
1567 2152 1599 2187 a
1638 2134 2077 2203 Libano,sponsa.

512 2229 626 2284 Hoc
650 2237 833 2283 autem
864 2228 1008 2298 quod
1039 2227 1241 2281 dicitur
1271 2234 1353 2280 est
1384 2225 1648 2295 ejusmodi
1673 2223 1870 2279 :Recte
1893 2233 2081 2279 secuta

511 2336 592 2386 es,
637 2320 812 2389 inquit
878 2319 935 2372 in
991 2316 1441 2388 praecedentibus,
1498 2316 1697 2371 venisti
1750 2330 1962 2371 mecum
2024 2318 2079 2370 in

512 2420 748 2466 montem
793 2411 1044 2481 myrrhae.
1087 2409 1416 2478 Consepulta
1474 2408 1617 2462 enim
1668 2407 1817 2461 fuisti
1871 2423 2080 2462 mecum

490 2488 610 2574 per
651 2502 976 2572 baptismum
1024 2503 1080 2555 in
1116 2509 1379 2554 mortem.~
1420 2498 1592 2553 Simul
1647 2515 1857 2553 mecum
1917 2501 2081 2554 etiam

513 2589 807 2645 ascendisti
852 2590 903 2642 in
933 2588 1124 2643 collem
1158 2588 1357 2641 thuris.
1391 2586 1525 2640 Nam
1561 2588 1978 2653 consurrexisti,
2030 2597 2084 2643 et

512 2681 568 2734 in
597 2680 764 2734 altum
810 2680 961 2735 fuisti
994 2680 1205 2733 sublata
1249 2681 1303 2733 in
1335 2680 1717 2735 communione
1756 2680 2081 2743 divinitatis,

514 2786 675 2841 quam
710 2771 951 2826 ostendit
999 2784 1199 2824 nomen
1235 2770 1434 2825 thuris.
1473 2770 1722 2824 Ascende
1774 2785 1902 2840 ergo
1950 2769 2081 2843 mihi

514 2863 678 2918 etiam
709 2864 779 2917 ab
809 2862 894 2916 his
922 2862 1199 2917 montibus
1240 2861 1292 2914 in
1325 2862 1461 2916 alios
1506 2870 1739 2924 montes,
1791 2863 2082 2930 proficiens

514 2962 570 3008 et
615 2953 672 3007 in
724 2954 891 3006 altum
944 2960 1130 3007 evecta
1185 2967 1280 3021 per
1331 2949 1635 3005 evidentem
1689 2953 2078 3021 cognitionem.

472 3070 477 3073 ι
516 3044 654 3108 Huc,
696 3044 893 3114 inquit,
928 3024 979 3096 ὀ
1030 3036 1260 3103 Libano,
1316 3055 1426 3094 non
1469 3042 1705 3110 amplius
1744 3042 1811 3095 ad
1864 3044 2082 3112 nuptias

512 3137 704 3205 petita,
743 3136 839 3189 sed
867 3148 1066 3203 sponsa
1097 3132 1280 3202 potius
1307 3132 1393 3185 vel
1419 3140 1607 3201 nupta.
1649 3131 1764 3186 Non
1789 3134 1933 3187 enim
1966 3133 2082 3187 fieri

515 3231 715 3291 potest,
746 3231 801 3275 ut
825 3236 1037 3275 mecum
1085 3220 1207 3273 vita:
1250 3218 1703 3274 consuetudinem
1758 3220 1952 3275 habeat
1982 3222 2082 3275 ali-

513 3313 661 3382 quis,
709 3312 814 3366 nisi
865 3327 961 3381 per
1006 3311 1200 3366 mortis
1252 3310 1529 3380 myrrham
1586 3317 1984 3367 transmutetur
2017 3312 2084 3366 ad

514 3403 693 3459 thuris
714 3402 1073 3457 divinitatem.
1101 3402 1368 3468 Quoniam
1395 3403 1507 3471 jam
1533 3403 1598 3456 ad
1622 3402 1762 3457 hanc
1790 3405 2085 3474 pervenisti

516 3493 876 3557 altitudinem,
930 3509 999 3548 ne
1038 3501 1150 3548 stes
1179 3492 1502 3559 ascendens,
1546 3500 1607 3547 ut
1640 3509 1760 3564 quae
1800 3496 1913 3563 jam
1960 3511 2086 3565 pro-

516 3591 701 3653 pterea
771 3583 1082 3652 perveneris
1136 3581 1204 3636 ad
1263 3582 1672 3652 perfectionem.
1733 3583 1884 3641 Fidei
1940 3586 2082 3641 enim

517 3675 843 3745 principium
877 3675 977 3729 tibi
1004 3682 1089 3731 est
1136 3674 1240 3729 hoc
1262 3674 1410 3739 thus,
1442 3678 1600 3745 cujus
1635 3676 1785 3732 fuisti
1814 3679 2085 3748 particeps

444 3774 453 3787 '
520 3782 617 3835 per
641 3768 1119 3830 resurrectionem,
1154 3765 1482 3836 principium
1513 3777 1596 3823 est
1619 3781 1799 3823 autem
1832 3784 2085 3839 progres-

522 3856 605 3911 sui
665 3855 731 3910 ad
788 3856 926 3910 bona
973 3856 1296 3910 excelsiora.
1349 3856 1432 3910 Ab
1468 3857 1571 3911 hoc
1616 3873 1747 3929 ergo
1790 3859 2080 3928 principio,

517 3947 661 4015 quod
700 3952 783 3999 est
837 3946 989 4007 fides,
1025 3946 1213 3999 venies
1261 3952 1315 4000 et
1362 3947 1625 4002 transibis
1671 3965 1681 3998 :
1720 3948 1823 4004 hoc
1869 3957 1971 4009 est,
2023 3947 2084 4000 Et

521 4050 665 4091 nunc
698 4035 900 4100 venies,
951 4043 1006 4089 et
1055 4051 1164 4089 non
1197 4036 1440 4092 cessabis
1469 4052 1681 4107 semper
1710 4039 1948 4094 transire
1992 4054 2084 4108 per

519 4122 834 4195 hujusmodi
865 4125 1230 4182 ascensiones.

591 4305 683 4360 Sic
718 4313 896 4361 autem
931 4305 1090 4360 habet
1122 4305 1409 4361 verborum
1450 4316 1738 4364 contextus
1771 4328 1783 4363 :
1827 4310 2004 4363 Venias
2034 4320 2081 4364 et

519 4397 768 4451 transibis
804 4397 867 4449 ab
898 4398 1047 4451 initio
1091 4397 1235 4466 ﬁdei,
1285 4416 1314 4450 (ι
1353 4400 1521 4466 capite
1562 4398 1724 4453 Sanir
1746 4412 1793 4453 et
1829 4400 2076 4455 llermon.

518 4488 620 4544 Per
651 4488 754 4543 hoc
781 4496 961 4544 autem
1000 4489 1310 4544 subindieat
1341 4491 1657 4560 mysterium
1693 4494 1944 4547 secundm
1988 4510 2082 4546 na-

517 4579 766 4635 tivitatis.
797 4578 935 4633 Hinc
958 4580 1102 4633 enim
1127 4580 1315 4633 dicunt
1345 4595 1567 4635 manare
1596 4582 1772 4636 fontes
1802 4582 2079 4647 Iordanis,

518 4684 682 4739 supra
713 4686 851 4740 quos
876 4672 1014 4725 situs
1043 4680 1126 4725 est.
1156 4671 1241 4725 hic
1278 4687 1432 4726 mons
1465 4671 1556 4740 qui
1588 4671 1848 4726 dividitur
1888 4676 1939 4726 in
1972 4674 2080 4728 duo

518 4761 820 4824 cacumina,
848 4762 1049 4830 quibus
1080 4762 1329 4831 imposita
1369 4769 1496 4837 sunt
1530 4762 1641 4816 haec
1668 4765 1887 4817 nomina
1922 4764 2083 4818 Sanir

517 4861 571 4903 et
597 4849 849 4906 Ilermon.
892 4851 1159 4917 Quoniam
1210 4869 1339 4923 ergo
1390 4853 1534 4924 quod
1583 4869 1648 4908 ex
1702 4855 1787 4908 his
1835 4856 2076 4911 fontibus

464 4967 471 4974 -
518 4950 703 4993 manat
752 4939 1036 5003 ﬂuentum,
1101 4943 1199 4995 fuit
1252 4945 1405 4999 nobis
1452 4944 1787 5013 principium
1825 4947 1875 4999 in
1911 4947 2075 5002 Deum

519 5030 1037 5095 transformationis,
1098 5046 1160 5085 ea
1218 5031 1285 5086 de
1334 5049 1497 5087 causa
1550 5036 1701 5087 audit
1742 5051 1924 5090 vocem
1963 5038 2082 5104 ejus

517 5120 609 5188 qui
637 5126 796 5173 vocat
827 5118 893 5172 ad
923 5120 1123 5188 ipsum,
1155 5121 1343 5177 dicens
1371 5139 1383 5175 :
1425 5122 1557 5177 Veni
1590 5140 1616 5175 ιι
1648 5123 1877 5189 Libano,
1926 5140 1979 5181 et.
2015 5130 2083 5183 ab

516 5212 671 5266 initio
702 5210 843 5274 lidei,
874 5219 927 5265 et
958 5226 987 5264 a
1017 5212 1192 5282 capite
1228 5211 1388 5266 Sanir
1428 5222 1482 5268 et
1511 5213 1747 5267 llcrmon
1782 5234 1793 5268 :
1829 5231 1855 5266 a
1886 5219 2081 5285 capite,

517 5300 758 5369 inquam,
794 5299 986 5355 horum
1017 5301 1281 5356 montium
1310 5301 1451 5355 unde
1478 5302 1572 5354 tibi
1605 5303 1710 5355 orti
1742 5313 1870 5358 sunt
1901 5304 2077 5362 fontes

513 5390 780 5460 mysterii.
823 5389 1056 5444 Pulchre
1083 5400 1263 5446 autem
1300 5392 1450 5446 addit
1489 5392 1817 5447 mentionem
1861 5396 2075 5455 leonum

513 5491 567 5534 et
595 5480 906 5550 pardorum,
949 5490 1008 5536 ut
1056 5498 1151 5553 per
1180 5482 1506 5539 additionem
1547 5503 1736 5542 eorum
1786 5504 1905 5558 quae
1950 5500 2078 5545 sunt

515 5573 767 5635 molesta,
803 5574 1107 5628 suaviorem
1137 5575 1328 5629 reddat
1363 5591 1484 5643 quae
1519 5592 1583 5631 ex
1614 5580 1777 5635 rebus
1801 5581 2076 5636 delectau-

513 5661 659 5717 tibus
690 5664 1005 5735 percipitur,
1041 5665 1394 5737 voluptatem.
1429 5665 1696 5732 Quoniam
1725 5671 1870 5725 enim
1911 5672 2075 5729 homo

2185 1863 2407 1933 ἀνιούσῃ
2454 1862 2515 1914 τὸ
2553 1862 2640 1914 διὰ
2670 1861 2885 1915 πάντων
2915 1860 3235 1930 ἀμώμητον,
3267 1858 3448 1920 εἰπὼν,
3481 1859 3551 1910 ὅτι
3581 1858 3698 1919 Ὄλη

2185 1950 2364 2017 καλὴ,
2401 1951 2495 2003 καὶ
2536 1948 2737 2019 μῶμος
2766 1952 2876 2002 οὐκ
2899 1952 3071 2003 ἔστιν
3098 1949 3167 2001 ἐν
3193 1948 3311 2011 σοὶ,
3342 1950 3412 2011 ὡς
3445 1947 3504 1999 ἂν
3550 1947 3613 2014 μὴ
3649 1949 3698 2015 τῇ

2188 2041 2460 2112 μαρτυρία
2492 2049 2661 2115 ταύτῃ
2712 2042 3132 2111 ἐγχαυνωθεῖσα,
3172 2041 3309 2110 πρὸς
3344 2041 3437 2114 τὴν
3472 2039 3570 2090 τῶν
3607 2054 3700 2108 μει·

2184 2133 2349 2197 ζόνων
2381 2132 2561 2187 ἄνοδον
2591 2132 2936 2203 ὲμποδισθείη
2974 2131 3131 2184 πάλιν
3164 2131 3253 2182 διὰ
3280 2132 3373 2200 τῆς
3425 2144 3704 2200 προτρεπτι-

2184 2224 2287 2292 κῆς
2316 2224 2514 2294 ταύτης
2561 2225 2742 2294 φωνῆς
2772 2223 2863 2275 ἐπὶ
2893 2222 2991 2292 τὴν
3035 2222 3142 2273 τῶν
3193 2222 3581 2292 ὑπερκειμένων
3609 2221 3705 2271 ἑπι-

2185 2312 2384 2382 θυμίαν
2413 2312 2672 2383 ἀναϐῆναι
2702 2312 3150 2382 παρακελεύεται,
3182 2312 3385 2379 λέγων·
3419 2310 3584 2375 Δεῦρο
3615 2308 3709 2360 ἀπὸ

2184 2403 2462 2466 Λιϐάνου,
2503 2406 2725 2472 νύμφη.
2773 2404 2845 2456 Τὸ
2892 2404 2947 2455 δὲ
2994 2403 3287 2472 λεγόμενον
3333 2401 3556 2455 τοιοῦτόν
3584 2402 3707 2451 ἐστι’

2181 2495 2391 2559 Καλῶς,
2419 2497 2600 2565 φησὶν,
2632 2498 2687 2548 ἐν
2722 2499 2837 2557 τοῖς
2875 2494 3141 2562 φθάσασιν
3169 2493 3550 2564 ἠκολούθησας.
3582 2486 3715 2560 ἦλθες

2189 2587 2303 2655 μετ’
2332 2588 2465 2655 ἐμοῦ
2506 2587 2636 2657 πρὸς
2664 2588 2723 2639 τὸ
2748 2588 2868 2658 ὅρος
2888 2588 2986 2657 τῆς
3015 2587 3284 2657 σμύρνης.
3317 2585 3608 2652 Συνετάφης
3627 2582 3715 2655 γάρ

2189 2695 2275 2747 μοι
2299 2678 2499 2732 διὰτῖοῦ
2540 2679 2910 2749 βαπτίσματος
2955 2681 3030 2742 είς
3068 2679 3159 2731 τὸν
3199 2680 3445 2732 θάνατον.
3491 2673 3718 2743 Συνῆλϐἐς

2189 2770 2401 2838 μοικαὶ
2445 2771 2534 2821 ἐπὶ
2587 2770 2674 2821 τὸν
2730 2770 2914 2840 βουνὸν
2963 2769 3056 2823 τοῦ
3125 2768 3373 2825 λιϐάνου.
3428 2766 3717 2830 Συνανέστης

2185 2861 2293 2929 γὰρ
2337 2862 2427 2912 καὶ
2479 2859 2696 2931 aethon;
2744 2864 2799 2914 ὲν
2834 2856 2900 2932 τῇ
2941 2862 3039 2931 τῆς
3093 2861 3350 2932 θεότητος
3392 2859 3639 2925 κοινωνίᾳ,
3670 2856 3721 2924 ἦν

2186 2950 2515 3003 ἐνδείκνυται
2566 2950 2659 3004 τοῦ
2727 2952 2942 3005 λιϐάνου
3003 2952 3061 3004 τὸ
3106 2952 3305 3022 ὄνομα.
3372 2949 3614 3019 ’Λνάϐηθὲ
3651 2963 3721 3016 μοι

2185 3038 2292 3091 ἀπὸ
2325 3040 2528 3091 τούτων
2557 3041 2649 3093 καὶ
2686 3042 2777 3093 ἐπὶ
2809 3041 2968 3108 ἕτερα
2999 3041 3119 3110 ὅρη,
3157 3038 3542 3110 προκόπτουσά
3571 3055 3619 3089 τε
3652 3035 3727 3087 καὶ

2188 3127 2459 3199 ὑψουμένη
2508 3130 2594 3182 διὰ
2625 3130 2723 3199 τῆς
2755 3131 3009 3201 ἐνεργοῦς
3046 3131 3328 3199 γνώσεως.
3384 3131 3544 3198 Δεῦρο
3579 3128 3725 3180 τοίνυν

2186 3221 2292 3273 ἀπὸ
2330 3222 2583 3288 Λιϐάνου,
2632 3226 2815 3293 φησιν,
2859 3223 3041 3279 οὐκέτι
3092 3224 3341 3295 μνηστὴ.
3380 3222 3510 3275 ἀλλὰ
3551 3219 3725 3287 νύμφη.

2186 3309 2259 3361 Οὐ
2290 3310 2396 3380 γάρ
2440 3315 2554 3364 ἐστι
2597 3312 2815 3364 δυνατὸν
2865 3313 2988 3383 ἐμοὶ
3023 3314 3257 3382 συζῆσαι
3291 3314 3380 3365 τὸν
3432 3311 3505 3385 μὴ
3545 3309 3727 3362 ἀλλοιω-

2187 3401 2344 3455 θέντα
2375 3403 2461 3455 διὰ
2493 3403 2591 3474 τῆς
2621 3404 2715 3457 τοῦ
2764 3405 2991 3459 θανάτου
3043 3404 3299 3476 σμύρνης
3351 3403 3488 3475 πρὸς
3529 3399 3618 3469 τὴν
3655 3395 3729 3449 τοῦ

2202 3491 2418 3544 λιϐάνου
2450 3491 2698 3562 θεότητα.
2745 3493 2963 3563 Ἐπειδὴ
2989 3493 3046 3546 ἐν
3072 3493 3257 3564 τούτῳ
3282 3493 3512 3561 γέγονας
3547 3489 3633 3560 ἥδη
3670 3484 3729 3553 τῷ

2190 3582 2331 3651 ὕψει,
2366 3583 2439 3654 μὴ
2479 3587 2606 3655 στῆς
2640 3584 2883 3649 ἀνιοῦσα,
2912 3585 2988 3648 ὡς
3014 3586 3111 3657 ἤδη
3146 3585 3243 3639 διὰ
3289 3585 3495 3639 τούτων
3536 3579 3733 3634 ἐπιϐᾶσα

2185 3675 2285 3743 τῆς
2324 3674 2672 3747 τελειότητος.
2718 3675 2881 3746 Ἀρχὴ
2928 3677 3033 3746 γάρ
3068 3692 3149 3728 σοι
3196 3676 3438 3738 πίστεως
3475 3674 3503 3725 ὁ
3555 3662 3732 3728 nam

2184 3760 2336 3827 οὗτος
2382 3765 2610 3833 γίνεται,
2659 3759 2720 3819 οὗ
2770 3767 3028 3837 μετέσχες
3082 3767 3174 3821 διὰ
3236 3768 3339 3837 τῆς
3390 3763 3731 3820 ἀναστάσεως·

2186 3854 2328 3925 ἁρχὴ
2363 3853 2418 3907 δὲ
2449 3856 2542 3907 καὶ
2572 3858 2638 3926 τῇ
2673 3855 2764 3908 ἐπὶ
2809 3854 2876 3907 τὰ
2919 3854 3235 3925 ὑψηλότερα
3274 3853 3387 3907 τῶν
3427 3848 3633 3918 ἀγαθῶν
3658 3861 3737 3896 πο·

2188 3944 2329 4013 ρείᾳ.
2379 3944 2508 3997 Ἀπὸ
2537 3944 2711 3997 τοίνυν
2742 3945 2840 4014 τῆς
2883 3944 3056 4014 ἀρχῆς
3089 3944 3328 4014 ταύτης,
3402 3942 3521 4012 ἥτις
3552 3935 3678 3990 ἐστὶν
3707 3932 3736 3999 ἢ

2187 4039 2388 4102 πίστις,
2420 4036 2609 4107 ἐλεύσῃ
2640 4037 2732 4089 καὶ⁸
2759 4035 3001 4106 διελεύσῃ
3024 4052 3037 4065 ’
3066 4035 3346 4099 τουτέστι,
3367 4033 3479 4087 Καὶ
3495 4027 3735 4098 νῦνῆξειςι

2189 4131 2279 4182 καὶ
2314 4131 2481 4182 εἰσαεὶ
2512 4129 2827 4199 διερχομένη
2873 4127 2961 4181 διὰ
2994 4127 3100 4180 τῶν
3131 4128 3401 4180 τοιούτων
3439 4122 3625 4177 ἀνόδων
3654 4117 3735 4170 οὐκ

2186 4220 2493 4290 ἀπολήξεις,

2260 4314 2410 4382 Ἔχει
2440 4313 2496 4365 δὲ
2535 4314 2567 4382 ἡ
2600 4313 2739 4379 λέξις
2776 4312 2980 4377 οὕτως’
3024 4314 3293 4381 Ἑλεύσῃ
3333 4312 3435 4365 καὶ
3464 4305 3732 4368 διελεύσῃ.

2114 4441 2157 4494 Ι)
2185 4404 2286 4458 ἀπ’
2335 4403 2524 4472 ἀρχῆς
2577 4405 2849 4471 πίστεως,
2904 4407 3022 4459 ἀπὸ
3073 4406 3362 4475 κεφαλῆς
3408 4401 3611 4467 Σανείρ
3656 4393 3734 4449 καὶ

2202 4492 2445 4562 Ἑρμῶν.
2478 4495 2574 4548 Διὰ
2619 4499 2818 4549 τούτων
2857 4498 2912 4549 δὲ
2963 4498 3024 4549 τὸ
3071 4497 3171 4566 τῆς
3226 4496 3441 4550 ἄνωθεν
3471 4491 3733 4562 γεννήσεως

2190 4586 2475 4653 ὑποφαίνει
2549 4589 2861 4657 μυστήριον.
2932 4587 3212 4640 Ἐντεῦθεν
3276 4588 3393 4657 γὰρ
3459 4573 3734 4655 προχεῖσθαί

2188 4692 2320 4745 φησι
2353 4676 2449 4739 τὰς
2474 4677 2565 4729 τοῦ
2609 4678 2868 4748 Ἰορδάνου
2901 4678 3101 4747 πηγάς,
3138 4672 3219 4731 ὧν
3285 4679 3601 4748 ὑπέρκειται
3638 4665 3732 4719 τοῦο

2187 4785 2246 4820 το
2269 4768 2411 4837 ὄρος,
2442 4768 2532 4819 δύο
2564 4769 2770 4836 λοφιαῖς
2812 4770 3185 4839 μεριζόμενον,
3230 4766 3326 4834 αἷς
3374 4770 3546 4823 ταῦτα
3573 4763 3737 4819 ἐπίχει·

2185 4874 2272 4909 ται
2298 4856 2365 4909 τὰ
2398 4857 2633 4926 ὀνόματα
2663 4858 2854 4927 Σανεὶρ
2883 4859 2975 4911 καὶ
3007 4858 3253 4927 Ἑρμῶν.
3307 4860 3468 4911 Ἐπεὶ
3510 4852 3595 4908 οὖν
3617 4851 3664 4903 τὸ
3685 4850 3731 4897 ἐκ

2181 4944 2289 4996 τῶν
2319 4945 2509 5013 πηγῶν
2552 4944 2753 4997 τούτων
2800 4945 3011 5017 ῥεῖθρον
3035 4948 3180 5017 ἀρχὴ
3226 4948 3462 5016 γέγονεν
3508 4946 3627 5016 ἡμῖν
3656 4938 3732 5003 τὶς

2183 5035 2320 5104 πρὸς
2367 5034 2426 5087 τὸ
2459 5036 2611 5088 Θεῖον
2646 5038 3070 5107 μεταποιήσεως,
3124 5040 3336 5092 τούτου
3385 5041 3542 5109 χάριν
3583 5029 3730 5087 ἀκούει

2164 5124 2271 5191 ⁷τοῦ
2316 5126 2449 5192 πρὸς
2476 5125 2666 5179 ἑαυτὸν
2696 5126 2983 5191 καλοῦντος
3012 5130 3208 5198 αὑτήν.
3247 5132 3353 5194 ’⁷ος
3382 5148 3547 5199 φησιν
3568 5143 3579 5154 ⁸
3600 5120 3732 5189 Δεῦιω

2181 5214 2289 5266 ἀπὸ
2316 5214 2546 5268 Λιϐάνου
2574 5217 2668 5268 καὶ
2700 5217 2806 5270 ἀπὸ
2832 5218 3002 5288 ἀρχῆς
3031 5219 3299 5282 πίστεως,
3336 5221 3434 5272 καὶ
3462 5217 3567 5271 ἀπὸ
3600 5224 3729 5276 κεφα·

2182 5307 2281 5377 λῆς
2329 5308 2437 5361 τῶν
2484 5308 2652 5380 ὀρέων
2697 5309 2922 5372 τούτων,
2963 5309 3084 5364 ὅθεν
3133 5312 3226 5363 σοὶ
3264 5312 3556 5380 γεγόνασιν
3586 5305 3634 5357 αἱ
3659 5294 3730 5352 τοῦ

2187 5400 2486 5469 μυστηρίου
2537 5400 2741 5470 πηγαί·
2800 5400 2980 5464 καλῶς
3022 5401 3077 5455 δὲ
3130 5403 3479 5472 προστίθησι
3524 5397 3615 5466 τὴν
3651 5388 3730 5442 τῶν

2184 5488 2409 5543 λεόντων
2434 5508 2494 5543 τε
2538 5493 2629 5543 καὶ
2663 5491 2979 5563 παρδάλεων
3014 5493 3269 5566 μνήμην,
3315 5496 3406 5548 ἵνα
3430 5491 3519 5547 διὰ
3542 5489 3629 5558 τῆς
3652 5480 3734 5535 τείν

2183 5577 2439 5648 λυπηρῶν
2474 5579 2849 5650 παραθέσεως,
2898 5582 3246 5650 γλυκυτέραν
3295 5586 3501 5656 ποιήσῃ
3540 5581 3629 5648 τὴν
3652 5572 3738 5627 τέῖιν

2184 5670 2576 5740 εύφραινόντων
2621 5674 2936 5729 ἀπόλαυσιν.
3004 5675 3229 5746 Ἐπειδὴ
3271 5676 3385 5745 γὰρ
3441 5662 3741 5737 ἀποθέμενός
