3948 6192
266 325 361 387 945

1245 325 1311 380 IN
1342 325 1637 385 CANTICA
1661 318 2259 387 CANth.'n0MILIA
2300 329 2435 385 vm.

3363 331 3466 388 946

268 455 379 493 ποτε
398 438 452 493 τὸ
479 436 609 490 θεῖον
641 430 776 500 εἶδος
799 436 830 489 ὀ
866 435 1170 510 ἄνθρωπος,
1209 441 1344 511 πρὸς
1374 443 1471 514 τὴν
1507 446 1791 518 ὁμοιότητα

1898 446 1986 516 qui
2018 455 2234 502 creatus
2285 446 2460 501 fuerat
2505 445 2570 500 ad
2605 445 2766 501 Verbi
2816 445 3129 516 imaginem,
3182 460 3306 498 cum
3360 448 3462 499 ali-

264 530 347 600 τῆς
386 527 565 596 ἀλόγου
610 525 821 596 φύσεως
871 529 1168 601 ὲθηριώθη,
1216 534 1481 603 πάρδαλις
1522 538 1616 590 καὶ
1660 538 1794 591 λέων

265 618 337 672 διὰ
364 618 460 671 τῶν
502 616 743 687 πονηρῶν
774 620 1220 690 ἐπιτηδευμάτων
1248 627 1552 697 γενόμενος.
1599 630 1655 682 Ὀ
1690 631 1797 701 γὰρ

264 709 352 762 ὕπὸ
390 708 474 761 τοῦ
522 708 727 772 λέοντος
772 710 1052 776 ὲλκυσθεὶς
1100 713 1195 766 τοῦ
1241 716 1608 787 ἐνεδρεύοντος
1643 724 1699 773 ἐν
1729 726 1794 792 τῇ

264 798 462 869 μάνδρᾳ,
494 796 670 860 καθώς
698 816 860 868 φησιν
893 804 920 853 ὁ
950 804 1261 873 Προφήτης,
1299 806 1393 859 καὶ
1428 809 1486 859 ὲν
1513 812 1578 880 τῇ
1612 809 1796 877 παγίδι

258 889 400 941 αὑτοῦ
446 888 809 952 ταπεινωθεὶς,
857 892 992 962 πρὸς
1035 894 1134 963 τὴν
1178 895 1383 948 ἐκείνου
1419 898 1576 965 φύσιν
1630 917 1794 968 μετα-

261 979 545 1048 μορφοῦται,
576 982 1084 1051 κατακρατήσαντος
1106 985 1199 1037 τοῦ
1229 984 1415 1056 θηρίου
1439 989 1534 1058 τῆς
1560 990 1789 1058 φύσεως.

258 1068 455 1137 Ὅμοιοι
485 1069 587 1140 γὰρ
617 1071 821 1137 αὐτοῖς
860 1072 1127 1141 γένοιντο
1166 1079 1219 1129 οἱ
1255 1078 1566 1145 ποιοῦντες
1610 1083 1793 1150 αὐτὰ,

256 1160 389 1228 φησὶ,
418 1162 505 1214 καὶ
529 1160 747 1227 πάντες
767 1166 820 1216 οἱ
839 1166 1185 1231 πεποιθότες
1204 1167 1296 1219 ἐπ’
1313 1168 1534 1237 αὐτοῖς.
1566 1174 1796 1242 Ὁμοίως

257 1250 305 1302 δὲ
331 1252 415 1303 καὶ
443 1251 702 1322 πάρδαλις
727 1255 932 1321 γίνεται
990 1257 1018 1308 ὁ
1041 1256 1128 1309 διὰ
1157 1257 1264 1310 τῶν
1290 1259 1383 1311 τοῦ
1416 1260 1530 1330 βίου
1564 1264 1795 1333 κηλίδων

251 1340 338 1408 τὴν
362 1340 526 1410 ψυχὴν
567 1344 944 1411 στιγματὶσας.
990 1345 1141 1398 Ἐπεὶ
1181 1344 1273 1401 οὖν
1315 1344 1382 1419 ἦν
1434 1367 1563 1404 ποτε
1604 1354 1691 1406 ὅτε
1737 1357 1793 1408 ὲν

252 1432 403 1484 τοῖσδε
425 1428 489 1501 ἦν
513 1432 572 1484 τὸ
597 1432 957 1504 ἀνθρώπινον.
987 1434 1074 1489 διὰ
1097 1437 1196 1506 τῆς
1236 1439 1676 1511 εὶδωλολατρείας
1700 1446 1794 1497 καὶ

249 1519 335 1588 τῆς
370 1520 656 1590 Ἰουδαϊκῆς
689 1522 925 1592 ἀπάτης,
958 1524 1050 1576 καλ⁸
1081 1524 1179 1593 τῆς
1204 1526 1452 1596 ποικίλης
1475 1529 1584 1582 τῶν
1612 1531 1794 1602 ἀμαρ-

249 1610 413 1663 τωλῶν
444 1614 641 1677 κακίας
674 1614 1023 1683 πλανώμενον
1043 1634 1055 1649 ο
1091 1619 1228 1687 μετά
1270 1619 1438 1673 ταῦτα
1462 1621 1535 1693 ,δὲ
1579 1624 1667 1677 διὰ
1699 1624 1791 1677 τοῦ

260 1699 496 1770 Ἰορδάνου
543 1705 640 1756 καὶ
684 1704 784 1774 τῆς
835 1706 1080 1777 σμύρνης
1123 1709 1216 1762 καὶ
1264 1710 1358 1763 τοῦ
1391 1712 1623 1766 Λιϐάνου
1659 1714 1795 1785 πρὸς

246 1791 469 1845 τοσοῦτον
492 1793 704 1865 ὑψώθη,
741 1795 882 1849 ὥστε
916 1797 1079 1850 αὑτὸν
1106 1798 1206 1870 ἤδη
1245 1807 1793 1876 συμμετεωροπορεῖν

244 1880 313 1950 τῷ
357 1882 501 1953 Θεῷ·
555 1885 751 1938 τούτου
805 1886 963 1957 χάριν
1017 1888 1299 1955 πλεονάζει
1346 1892 1456 1945 τῶν
1510 1894 1793 1966 παρόντων

244 1970 442 2038 ἀγαθῶν
466 1973 562 2045 τὴν
594 1976 934 2048 εὐφροσύνην
959 1981 989 2031 ὁ
1023 1978 1199 2047 λόγος.
1240 1982 1337 2035 Διά
1381 1983 1478 2053 τῆς
1515 1984 1622 2037 τῶν
1664 2002 1793 2039 ποτε

241 2065 602 2137 γεγενημένων
660 2068 899 2138 ἀνιαρῶν
959 2071 1315 2139 παραθέσεως
1402 2074 1691 2147 προφέρων
1737 2081 1793 2131 ἐν

238 2153 362 2208 τίσιν
387 2151 452 2226 ἦν
480 2158 512 2227 ή
541 2156 695 2230 ψυχὴ
743 2160 848 2230 πρὸ
870 2159 965 2213 τοῦ
999 2161 1229 2217 Λιϐάνου
1260 2166 1354 2218 καὶ
1379 2166 1479 2236 τῆς
1505 2168 1678 2239 ἀρχῆς
1695 2170 1794 2240 τῆς

239 2246 469 2311 πίστεως,
500 2250 599 2303 καὶ
636 2250 741 2320 πρὸ
761 2252 870 2306 τῶν
906 2254 998 2306 ἐπὶ
1036 2254 1126 2307 τοῦ
1177 2256 1438 2326 Ἰορδάνου
1468 2260 1793 2331 γνωρισθέν-

237 2352 329 2427 των
366 2339 490 2409 ἡμῖν
522 2342 864 2411 μυστηρίων.
909 2344 997 2407 Ὠς
1036 2345 1145 2417 γὰρ
1188 2349 1220 2418 ὴ
1264 2351 1384 2402 κατ’
1414 2352 1636 2424 είρήνην
1682 2354 1795 2427 ζωὴ

235 2426 517 2504 γλυκυτέρα
550 2432 697 2502 μετά
742 2433 833 2486 τὸν
868 2434 1103 2506 πόλεμον
1140 2439 1370 2507 γίνεται,
1398 2444 1511 2507 τοῖς
1546 2426 1792 2517 σκυθρωέ

237 2522 343 2580 τοῖς
362 2519 700 2592 διηγήμασιν
725 2524 1026 2597 ήδυνομένη
1045 2544 1060 2557 ο
1090 2529 1183 2582 καὶ
1220 2529 1282 2583 τὸ
1320 2532 1418 2603 τῆς
1447 2534 1635 2603 ὑγείας
1661 2538 1795 2605 ἀγα-

233 2607 331 2672 θὸν,
375 2612 571 2681 μᾶλλον
626 2615 1047 2693 καταγλυκαίνει
1090 2620 1158 2674 τά
1205 2620 1300 2675 τοῦ
1348 2624 1596 2695 σώματος
1640 2630 1795 2700 ἡμῶν

234 2701 558 2775 αἰσθητήρια,
600 2707 654 2758 εἰ
680 2705 745 2759 ἐκ
771 2723 916 2768 τινος
941 2710 1389 2784 ἀρρωστημάτων
1432 2717 1623 2787 ἀηδίας
1662 2722 1796 2792 πρὸς

233 2792 412 2865 ἑαυτὴν
438 2796 734 2852 ἐπανέλθοι
778 2801 939 2854 πάλιν
986 2804 1240 2873 ήφὺσις’
1281 2808 1372 2863 τὸν
1412 2792 1795 2884 αὐτὸντρόπον

231 2884 455 2939 ἐπίτασιν
490 2905 623 2943 τινα
673 2891 767 2943 καὶ
809 2893 1147 2966 πλεονασμὸν
1178 2898 1279 2968 τῆς
1321 2901 1378 2952 ὲν
1416 2906 1527 2966 τοῖς
1570 2907 1794 2973 ἀγαθοῖς

229 2975 544 3068 εὑφροσύνης
602 2983 903 3052 οἰκονομῶν
947 2988 975 3039 ὁ
1022 2987 1226 3055 ἀγαθὸς
1270 2992 1502 3061 νυμφίος
1547 2998 1610 3066 τῇ
1664 3000 1796 3068 πρὸς

227 3062 368 3118 αὑτὸν
397 3068 633 3143 ἀνιοὺσῃ
663 3071 829 3141 ψυχῇ,
880 3075 940 3125 οὑ
979 3076 1139 3143 μόνον
1176 3077 1237 3130 τὸ
1271 3081 1461 3134 ἑαυτοῦ
1506 3062 1757 3148 κάλλος-τ

229 3152 392 3228 νύμφῃ
440 3162 860 3232 προδείκνυσιν·
911 3166 1043 3219 ἀλλά
1082 3170 1176 3222 καὶ
1218 3169 1311 3223 τοῦ
1356 3152 1791 3243 φρικωδεστάτον]

128 3244 135 3250 ’
223 3244 318 3336 τῶν
342 3248 543 3321 θηρίων
564 3253 747 3316 εἴδους
770 3256 1172 3329 ὑπομιμνήσκει
1187 3260 1264 3331 τῷ
1291 3263 1454 3333 λόγῳ.
1487 3265 1572 3319 ἵνα
1596 3268 1795 3336 μᾶλλον

222 3333 489 3412 ἐντρυφῴη
529 3346 674 3430 τοῖς,
701 3345 933 3417 παροῦσι
978 3351 1180 3415 καλοῖς.
1220 3355 1562 3423 μανθάνουσα
1587 3360 1673 3412 διὰ
1700 3361 1794 3430 τῆς

222 3429 581 3497 παραθέσεως,
613 3428 706 3487 οἷα
735 3435 853 3490 ἀνθ’
886 3438 1013 3492 οἴων
1041 3440 1326 3509 ἠλλάξατο.
1360 3446 1509 3514 Τάχα
1535 3448 1590 3501 δέ
1626 3467 1674 3501 τι
1705 3428 1796 3504 καὶ

220 3515 391 3589 ἕτερον
442 3523 531 3577 διὰ
589 3524 801 3587 τούτων
848 3529 914 3581 ὲκ
963 3532 1216 3599 προνοίας
1260 3535 1462 3603 ἀγαθὸν
1513 3543 1578 3611 τῇ
1612 3541 1796 3614 νύμφῃ

217 3615 708 3680 κατασκευάζεται.
745 3619 961 3691 Ἐπειδὴ
996 3621 1103 3693 γὰρ
1137 3601 1382 3692 βούλεται
1407 3601 1613 3699 ἡμᾶςηὸ
1644 3601 1795 3702 1876';

216 3705 466 3787 τρεπτοὺς
514 3706 685 3770 ὄντας
727 3708 867 3761 κατά
910 3709 1012 3780 τὴν
1046 3711 1225 3779 φύσιν,
1265 3714 1339 3786 μὴ
1371 3719 1508 3787 πρὸς
1539 3720 1598 3772 τὸ
1631 3723 1795 3775 κακὸν

214 3785 293 3841 διὰ
334 3792 434 3863 τῆς
490 3798 711 3869 τροπῆς
745 3798 1068 3869 ἀπορρέων
1112 3803 1245 3858 ἀλλά
1295 3785 1384 3859 eis
1417 3785 1517 3879 τῆς
1563 3812 1698 3881 πρὸς
1738 3814 1796 3865 τὸ

217 3884 451 3972 κρεῖττον
481 3889 571 3941 ἀεὶ
596 3890 893 3962 γινομένης
925 3893 1222 3963 αὐξήσεως,
1261 3900 1517 3970 συνεργὸν
1545 3902 1645 3971 τὴν
1677 3921 1797 3972 τρο-

219 3969 315 4037 πὴν
365 3976 505 4046 πρὸς
533 3979 641 4050 τὴν
672 3981 779 4034 τῶν
826 3981 1173 4055 ὑψηλοτέρων
1214 3987 1397 4039 ἄνοδον
1447 3969 1609 4059 ἔχειν,
1654 3969 1793 4047 ὥστε

213 4065 627 4139 κατορθωθῆναι
670 4070 758 4126 διὰ
792 4072 887 4126 τοῦ
925 4075 1159 4146 τρεπτοῦ
1185 4078 1283 4147 τῆς
1322 4080 1534 4148 φύσεως
1557 4083 1712 4153 ἡμῶν
1735 4088 1795 4139 τὸ

212 4153 340 4250 προς
371 4158 434 4211 τὸ
482 4162 666 4216 κακὸν
716 4165 1105 4220 ἀναλλοίωτον·
1158 4168 1346 4223 τούτου
1405 4174 1561 4243 χάριν
1609 4176 1795 4250 ὥσπερ

205 4245 319 4298 τινὰ
369 4252 733 4321 παιδαγωγὸν
778 4257 875 4310 καὶ
915 4257 1130 4327 φύλακα
1166 4260 1302 4328 πρὸς
1330 4261 1429 4331 τὴν
1458 4263 1567 4316 τῶν
1611 4245 1793 4320 κακῶν

207 4332 588 4427 ἀλλοτρίωσιν,
626 4344 728 4415 τὴν
762 4348 980 4418 μνήμην
1021 4349 1131 4403 τῶν
1171 4368 1300 4404 ποτε
1347 4360 1795 4427 κατακρατησάν-

1760 3091 1861 3182 ἦε

1900 539 2117 607 quando
2163 538 2391 591 formam
2451 538 2685 591 divinam
2724 538 2989 597 exuisset,
3045 536 3144 589 fuit
3185 535 3461 598 ell'eratus,

1902 628 2058 681 malis
2098 628 2295 682 studiis
2329 627 2553 682 ell‘ectus
2586 636 2669 681 est
2695 627 2896 697 pardus
2926 634 2978 681 et
3024 628 3125 681 leo.
3167 626 3268 692 Qui
3318 629 3462 682 enim

1901 727 2165 773 attractus
2221 718 2320 772 fuit
2359 736 2386 772 a
2436 720 2588 774 leone
2623 718 2713 788 qui
2752 717 3041 772 insidiatur
3090 718 3142 770 in
3184 718 3463 786 spelunca.

1900 810 2039 863 sicut
2072 808 2202 863 dicit
2227 809 2495 879 Propheta
2520 810 2585 872 ⁸⁷,
2629 817 2681 864 et
2709 815 2791 863 est
2817 809 2935 876 ejus
2969 808 3161 876 laqueo
3197 807 3464 871 irretitus,

1901 900 2323 954 transl’ormatur
2350 902 2400 953 in
2436 901 2579 955 illius
2612 908 2885 961 naturam,
2913 900 3056 968 quod
3095 913 3123 950 a
3161 898 3339 952 bellua
3371 914 3469 953 na-

1899 1000 2020 1043 tura
2062 1000 2366 1060 superetur.
2415 991 2626 1046 Similes
2665 991 2842 1053 enim,
2883 989 3086 1059 inquit,
3123 989 3196 1043 eis
3226 989 3359 1058 ﬁant
3382 991 3470 1058 qui

1900 1081 2098 1151 faciunt
2128 1098 2210 1144 ea,
2233 1092 2279 1135 et
2314 1098 2489 1135 omnes
2518 1082 2607 1152 qui
2634 1080 2904 1148 conﬁdunt
2935 1079 2987 1131 in
3019 1079 3093 1132 eis
3117 1079 3182 1131 “.
3208 1079 3472 1132 Similiter

1899 1184 2076 1225 autem
2112 1172 2165 1225 lit
2196 1173 2355 1227 etiam
2397 1172 2618 1242 pardus,
2662 1172 2754 1241 qui
2801 1185 2895 1240 per
2934 1170 3055 1223 vita:
3089 1170 3332 1223 maculas
3373 1185 3471 1223 no-

1898 1261 2032 1314 tavit
2066 1271 2119 1315 et
2169 1264 2488 1332 compunxit
2537 1262 2794 1317 animam.
2840 1261 2974 1314 Cum
3015 1275 3140 1329 ergo
3180 1261 3472 1329 aliquando

1898 1350 1951 1404 in
1986 1352 2070 1407 his
2099 1353 2292 1407 fuisset
2316 1353 2499 1415 homo,
2528 1365 2721 1404 errans
2752 1365 2846 1420 per
2890 1348 3253 1402 idololatrian!
3284 1357 3338 1403 et
3376 1346 3473 1401 «ιιι--

1897 1441 2114 1498 daicum
2161 1457 2422 1508 errorem,
2476 1452 2532 1497 ct
2576 1440 2786 1496 varium
2842 1448 3191 1509 peccatorum
3246 1439 3468 1502 vitium;
3564 1446 3565 1449 ‘

1898 1540 2086 1602 postea
2132 1542 2312 1588 autem
2350 1548 2446 1602 per
2476 1531 2766 1587 Jordanem
2798 1538 2851 1585 et
2894 1532 3168 1601 myrrham
3218 1539 3271 1585 et
3308 1529 3473 1585 Liba—

1896 1637 2026 1675 num
2057 1622 2193 1676 adeo
2226 1622 2281 1675 in
2312 1622 2477 1675 altum
2501 1628 2649 1677 esset
2678 1629 2913 1685 erectus,
2956 1628 3012 1672 ut
3034 1620 3148 1688 jam
3179 1634 3303 1672 cum
3354 1620 3473 1689 ipso

1898 1710 2005 1766 Deo
2029 1711 2280 1766 sublimis
2310 1710 2623 1767 incederet:
2656 1710 2778 1765 ideo
2805 1710 3090 1779 Scriptura
3120 1710 3468 1779 praesentium

1827 1795 1868 1848 Β
1898 1803 2167 1857 bonorum
2221 1801 2545 1871 multiplicat
2600 1801 2864 1862 laetitiam,
2902 1799 3152 1853 adductis
3186 1814 3305 1868 qua:
3339 1798 3469 1852 olim

1896 1892 2115 1949 fuerunt
2145 1892 2407 1955 molestis,
2438 1889 2670 1947 aﬂ‘erens
2695 1891 2749 1945 in
2771 1891 3096 1961 quibusnam
3125 1898 3267 1947 esset
3292 1890 3471 1943 anima

1896 1991 2020 2039 ante
2048 1982 2314 2038 Libanum
2341 1990 2395 2038 et
2435 1983 2651 2036 initium
2701 1982 2846 2047 ﬁdei,
2889 1990 2945 2038 et
2975 1989 3101 2037 ante
3129 1996 3159 2035 a
3186 1982 3346 2036 nobis
3373 1996 3468 2036 co-

1894 2077 2044 2145 gnita
2073 2076 2126 2129 in
2159 2073 2397 2130 Jordane
2424 2074 2703 2144 mysteria.
2754 2073 3041 2138 Quomodo
3078 2074 3226 2128 enim
3260 2086 3381 2143 qua:
3415 2074 3471 2125 in

1895 2182 2028 2238 pace
2074 2167 2255 2238 agitur
2287 2167 2419 2228 vita,
2456 2173 2581 2235 post
2627 2164 2828 2220 bellum
2870 2164 2932 2219 ﬁt
2973 2166 3207 2228 dulcior,
3243 2163 3467 2220 suavior

1891 2256 2104 2314 reddita
2138 2256 2391 2313 tristibus
2423 2255 2866 2311 narrationibus:
2898 2262 2952 2310 et
2977 2256 3181 2311 bonum
3216 2255 3471 2311 sanitatis

1894 2348 2090 2419 majori
2119 2347 2282 2403 allicit
2313 2347 2605 2404 dulcedine
2644 2332 2866 2404 nostros
2895 2362 3110 2413 sensus,
3152 2347 3197 2402 si
3236 2362 3303 2400 ex
3326 2347 3470 2402 tristi

1894 2440 2074 2511 aliqua
2094 2439 2416 2512 aegritudine
2438 2438 2505 2493 ad
2528 2454 2588 2495 se
2614 2437 2801 2494 redeat
2828 2448 3021 2493 natura
3056 2457 3068 2492 :
3097 2436 3285 2493 eodem
3310 2437 3471 2492 modo

1895 2539 2244 2603 augmentum
2273 2539 2327 2585 et
2359 2527 2871 2599 multiplicationem
2903 2527 3104 2582 lzetitiaa
3141 2540 3263 2595 quae
3299 2532 3384 2579 est
3418 2525 3473 2579 in

1895 2623 2074 2688 bonis,
2104 2612 2433 2693 dispensans
2460 2621 2638 2675 bonus
2674 2634 2912 2690 sponsus
2956 2618 3154 2671 anima:
3193 2616 3260 2670 ad
3293 2616 3472 2686 ipsum

1896 2714 2231 2777 ascendenti,
2276 2726 2384 2766 non
2420 2711 2596 2765 solum
2629 2723 2845 2779 sponsa:
2882 2721 3037 2763 suam
3077 2706 3319 2761 ostendit
3352 2705 3473 2775 pul-

1895 2808 2281 2870 chritudinem,
2326 2804 2421 2860 sed
2470 2804 2652 2859 verbis
2676 2803 2837 2856 etiam
2879 2816 3000 2856 eam
3046 2801 3302 2854 admonet
3346 2799 3472 2852 lior~

1896 2897 2077 2953 rendte
2114 2895 2301 2951 formae
2353 2896 2614 2956 ferarum,
2676 2900 2733 2946 ut
2789 2893 2845 2945 in
2899 2889 3261 2961 praesentibus
3315 2888 3472 2943 bonis

1896 2987 2154 3056 majorem
2181 2986 2362 3055 capiat
2402 2986 2759 3054 voluptatem,
2799 2982 3019 3037 discens
3052 2995 3146 3049 per
3190 2994 3470 3048 compara~

1898 3079 2123 3141 tionem,
2151 3090 2399 3147 quaenam
2434 3075 2761 3145 quibusnam
2792 3071 3038 3126 nnuavit.
3086 3070 3341 3125 Fortasse
3377 3085 3473 3122 au-

1898 3178 2003 3226 tem
2038 3169 2199 3225 etiam
2248 3169 2467 3237 aliqum]
2519 3166 2667 3220 aliud
2700 3166 2901 3220 bonum
2955 3179 3050 3235 per
3095 3163 3213 3217 lucc
3261 3178 3472 3232 sponszr

1896 3262 2155 3317 conciliat
2182 3275 2246 3316 ex
2292 3249 2652 3331 providentia.
2690 3256 2958 3323 Quoniam
3002 3257 3148 3311 enim
3192 3254 3471 3326 Scriptura

1896 3352 2012 3407 vult
2047 3367 2146 3407 nos
2177 3352 2269 3421 qui
2312 3366 2502 3406 sumus
2539 3350 2829 3404 mutabiles
2863 3348 3165 3404 secundum
3199 3354 3471 3411 naturam,

1899 3441 2121 3495 minime
2155 3440 2389 3495 deﬂuere
2438 3439 2503 3495 ad
2537 3440 2740 3494 malum
2788 3455 2882 3510 per
2922 3438 3320 3492 mutationem:
3379 3437 3471 3491 sed

1894 3548 1992 3601 per
2018 3533 2415 3593 incrementum
2456 3531 2601 3601 quod
2629 3546 2846 3599 semper
2883 3530 2974 3584 liat
3008 3530 3075 3584 ad
3108 3529 3324 3592 melius,
3380 3528 3472 3583 ad-

1894 3624 2150 3694 jutricem
2183 3624 2384 3679 habere
2411 3622 2825 3678 conversionem
2879 3621 2948 3675 ad
2976 3634 3267 3676 ascensum
3289 3621 3356 3674 ad
3388 3635 3473 3676 res

1897 3715 2248 3781 excelsiores,
2298 3724 2361 3769 ut
2395 3729 2495 3770 nos
2525 3721 2674 3768 recte
2714 3727 2968 3781 geramus
3007 3725 3104 3781 per
3139 3718 3349 3764 naturae
3376 3725 3471 3765 no-

1898 3815 2025 3863 strae
2066 3808 2483 3861 conversionem
2525 3821 2554 3858 a
2589 3806 2888 3859 mutatione
2926 3803 2991 3856 ad
3029 3802 3264 3855 malum:
3315 3816 3378 3855 ea
3407 3801 3471 3855 de

1898 3913 2085 3960 causa,
2141 3906 2397 3967 tanquam
2444 3886 2772 3967 paedagogus
2823 3894 3095 3963 quispiam
3141 3900 3196 3947 et
3242 3892 3471 3954 amicus,

1900 3990 1964 4045 ad
1998 4004 2099 4045 nos
2126 4005 2156 4043 a
2191 3990 2349 4045 malis
2381 3989 2724 4052 alienandos,
2759 3985 2984 4041 adduxit
3017 3982 3298 4053 Scriptura
3323 3997 3467 4037 men-

1899 4081 2099 4135 tionem
2132 4080 2367 4135 ferarum
2387 4095 2507 4150 qure
2540 4078 2833 4149 aliquando
2856 4074 3197 4130 dominatum
3224 4072 3468 4127 obtinue-

1898 4182 2049 4234 runt,
2090 4178 2147 4223 ut
2178 4186 2273 4240 per
2306 4169 2647 4225 aversionem
2677 4166 2745 4221 ab
2780 4164 2847 4219 iis
2874 4178 2995 4233 quae
3026 4169 3154 4217 sunt
3176 4159 3469 4217 deteriora,

1898 4264 2124 4318 stabiles
2153 4276 2472 4316 maneamus
2513 4261 2567 4313 in
2599 4259 2780 4321 bonis,
2820 4269 2997 4324 neque
3022 4253 3279 4307 sistentes
3308 4247 3374 4301 ad
3418 4249 3468 4301 id

1898 4356 2042 4424 quod
2091 4361 2175 4409 est
2214 4353 2410 4406 melius
2454 4350 2832 4411 mutationem,
2889 4359 3064 4415 neque
3097 4356 3197 4397 nos
3238 4354 3466 4395 conver-

204 4437 307 4521 των
336 4415 556 4500 θηρίων
620 4435 650 4484 ὁ
700 4415 861 4503 λόγος
876 4415 1249 4508 προήνεγκεν,
1283 4444 1366 4495 ἵνα
1412 4448 1476 4515 τῇ
1512 4415 1790 4521 ἀποτροπῇ

1900 4453 2075 4499 tentes
2105 4443 2169 4497 ad
2209 4442 2433 4496 malum.
2466 4440 2759 4509 Propterea
2804 4437 2958 4506 jubet
2995 4447 3253 4504 sponsam
3286 4432 3468 4485 venire

205 4514 307 4567 τῶν
352 4521 628 4591 χειρόνων
660 4525 720 4576 τὸ
752 4526 968 4591 ἀκλινές
1018 4547 1072 4581 τε
1126 4533 1218 4584 καὶ
1265 4514 1685 4606 ἀπαράτρεπτον
1733 4514 1788 4591 ἐν

201 4610 307 4698 τοῖς
336 4613 577 4680 ἀγαθοῖς
606 4617 1063 4691 κατορθώσωμεν,
1094 4622 1215 4675 οὔτε
1247 4627 1521 4695 ἱστάμενοι
1567 4629 1665 4698 τῆς
1698 4632 1790 4682 ἐπὶ

201 4696 259 4749 τὸ
298 4706 555 4771 κρεῖττον
598 4709 824 4778 τροπῆς,
854 4708 976 4763 οὔτε
1025 4714 1162 4783 πρὸς
1191 4717 1250 4767 τὸ
1279 4718 1444 4770 κακὸν
1474 4719 1786 4791 ἀλλοιούμε-

195 4800 295 4841 νοι.
331 4794 436 4846 Διὰ
485 4796 667 4850 ταῦτα
691 4799 785 4850 καὶ
824 4799 996 4852 ἐλθεῖν
1019 4804 1361 4869 ἐγκελεύεται
1405 4810 1511 4861 ἀπὸ
1545 4810 1638 4863 τοῦ
1687 4815 1786 4864 Λι-

1897 4550 1924 4586 a
1971 4532 2198 4595 Libano,
2251 4539 2305 4584 et
2344 4531 2390 4584 ei
2428 4530 2480 4583 in
2519 4528 2836 4583 memoriam
2889 4533 3105 4579 revocat
3155 4520 3467 4588 speluncam

1897 4626 2113 4679 leonum
2147 4624 2200 4676 in
2232 4636 2337 4691 qua
2370 4621 2660 4675 stationem
2690 4619 2923 4673 habebat
2954 4634 2966 4669 :
3004 4623 3057 4669 et
3086 4618 3298 4665 montes
3337 4624 3466 4677 par—

1896 4719 2090 4771 dorum
2133 4715 2180 4770 ei
2210 4713 2449 4777 adducit,
2504 4713 2557 4766 in
2598 4711 2797 4781 quibus
2852 4706 3192 4766 versabatur,
3249 4700 3468 4771 quando

1894 4811 2058 4862 vitam
2089 4805 2317 4876 degebat
2344 4806 2505 4861 simul
2542 4820 2666 4859 cum
2691 4804 2904 4859 bestiis.

197 4877 357 4972 θάνω
386 4885 493 4952 τὴν
542 4886 785 4957 νύμφην,
836 4891 928 4941 καὶ
980 4891 1079 4961 τῆς
1123 4893 1362 4965 μάνδρας
1406 4900 1514 4950 τῶν
1563 4899 1788 4953 λεόντων
1829 4898 2229 4967 ὑπομιμνήσκει
2268 4891 2385 4969 ἐνῇ
2425 4892 2693 4965 ηὐλίζετο,
2731 4896 2822 4948 καὶ
2884 4895 2949 4949 τὰ
2983 4898 3090 4951 τῶν
3156 4903 3469 4972 παροάλεων

190 4969 289 5041 ὄρη
320 4976 605 5047 προφέρει
643 4978 723 5048 τῷ
761 4980 920 5050 λόγῳ,
945 4977 1026 5042 οἷς
1056 4984 1380 5052 ἐνδιέτριϐεν
1423 4992 1508 5044 ὅτε
1535 4994 1647 5053 τοῖς
1680 4990 1887 5060 θηρίοις
1912 4986 2214 5059 ὁμοδίαιτος
2241 4984 2329 5061 ἦν·

276 5066 420 5116 Ἀλλ’
478 5067 672 5136 ἐπειδὴ
714 5070 945 5123 πάντοτε
983 5074 1017 5142 ἡ
1043 5072 1137 5125 τοῦ
1170 5076 1339 5142 Λόγου
1384 5081 1568 5150 φωνὴ,
1625 5083 1787 5137 δυνά-

192 5151 337 5221 μεώς
386 5158 513 5209 ἐστι
567 5162 750 5229 φωνήο
809 5162 904 5212 καὶ
950 5161 1203 5235 καθάπερ
1260 5168 1349 5218 ἐπὶ
1403 5170 1503 5237 τῆς
1559 5174 1789 5237 κτίσεως

1960 5076 2067 5133 Sed
2098 5080 2224 5148 quia
2266 5094 2365 5133 vox
2412 5078 2570 5134 Verbi
2593 5089 2677 5135 est
2702 5080 2927 5134 omnino
2964 5095 3065 5134 vox
3099 5082 3318 5137 virtutis
3344 5123 3358 5145 ,
3410 5092 3465 5136 et

1886 5171 2162 5241 quomodo
2197 5174 2251 5225 in
2279 5172 2454 5241 prima
2481 5171 2758 5227 creatione
2800 5173 2893 5225 lux
2934 5172 3115 5227 illuxit
3142 5173 3304 5228 simul
3336 5188 3460 5227 cum

190 5243 584 5314 συνεξέλαμψε
609 5247 667 5298 τὸ
694 5248 810 5316 φῶς
830 5247 907 5317 τῷ
933 5252 1335 5321 προστάγματι,
1361 5258 1453 5308 καὶ
1485 5260 1784 5330 συνεπέστη

1907 5277 2061 5326 ussu,
2116 5270 2168 5317 et
2213 5279 2408 5319 rursus
2440 5262 2622 5319 Verbo
2661 5265 2960 5333 imperante
2988 5265 3234 5321 constitit
3276 5262 3461 5318 firma-

186 5332 351 5385 πάλιν
395 5335 482 5406 τῷ
528 5341 915 5411 προστακτικῷ
953 5343 1156 5412 ῥήματι
1187 5346 1247 5397 τὸ
1292 5348 1596 5418 στερέωμα,
1628 5353 1780 5422 καὶὴ

185 5423 347 5493 Mitti}
378 5427 545 5478 πᾶσα
577 5429 748 5492 κτίσις
770 5430 1030 5494 ὡσαύτως
1056 5432 1132 5502 τῷ
1166 5437 1432 5506 ποιητικῷ
1466 5443 1782 5509 συνανεφαί-

186 5528 305 5566 νετο
354 5516 529 5585 Λόγῳ
553 5534 567 5545 ·
614 5519 699 5570 τὸν
737 5517 898 5571 αὑτὸν
948 5524 1144 5579 τρόπον
1198 5526 1291 5578 καὶ
1330 5528 1446 5593 νῦν,
1480 5530 1572 5582 τοῦ
1610 5532 1780 5600 Λόγου

290 5690 335 5718 ⁵⁷
380 5689 544 5746 Psal.
592 5708 642 5758 ι,
682 5695 734 5750 9.
812 5698 855 5727 ⁶⁴
899 5696 1045 5751 Ρδςιι,
1094 5714 1245 5761 cxm.
1307 5704 1353 5757 8.

1885 5362 2148 5420 mentum,
2181 5362 2234 5410 et
2257 5356 2504 5411 similiter
2535 5359 2784 5410 universa
2812 5364 3064 5408 m'eatura
3099 5355 3262 5409 simul
3300 5369 3460 5421 appa-

1889 5447 1999 5501 ruit
2036 5462 2160 5500 cum
2197 5446 2375 5502 Verbo
2401 5447 2680 5512 ellicienti;
2734 5447 2923 5500 eodem
2959 5446 3119 5498 modo
3151 5457 3291 5497 nunc
3324 5455 3460 5509 quo-

1892 5553 1996 5607 que
2034 5554 2154 5592 cum
2190 5537 2424 5593 Verbum
2474 5540 2727 5607 jussisset
2780 5538 2843 5591 ad
2877 5551 2935 5590 se
2966 5536 3147 5589 venire
3199 5532 3458 5589 animam.
