3948 6192
537 257 638 313 947

1761 276 1818 334 s.
1861 279 2186 338 caecout"
2223 283 2516 339 NYSSENI
3610 309 3686 367 94,

535 371 740 438 absque
774 373 880 426 ulla
909 374 1250 437 dubitatione
1277 382 1437 452 jussu
1465 391 1786 447 conﬁrmata
1821 410 1884 450 ac
1917 412 2092 454 corro‘

2207 401 2304 471 τὴν
2332 400 2507 472 ψυχὴν
2551 402 2832 472 κρείττονα
2878 403 3178 475 γενομένην
3220 405 3347 476 πρὸς
3371 409 3527 468 ἑαυτὸν
3558 417 3687 476 ἐλθεῖν

534 460 744 524 borata,
782 463 904 518 talis
933 465 988 517 ﬁt
1011 469 1224 537 qualem
1255 488 1372 550 eam
1409 478 1522 532 vult
1563 495 1818 550 sponsus,
1858 488 2106 541 traducta

533 547 600 601 ad
641 549 694 602 id
725 552 869 620 quod
897 563 980 610 est
1005 556 1266 624 divinius,
1301 549 1353 618 et
1385 580 1414 618 a
1443 547 1614 637 gloria
1661 573 1715 625 in
1741 547 1848 642 qua
1887 587 2005 631 erat
2039 579 2106 633 ad

532 643 819 709 superiore
843 665 871 696 ιι
942 652 1331 708 transformata
1386 659 1614 728 gloriam
1675 680 1770 733 per
1822 668 2104 736 pulchram

532 732 927 788 mutationem:
965 739 1101 794 adeo
1149 751 1205 794 ut
1239 755 1384 801 esset
1430 732 1774 807 admirationi
1803 756 1970 811 choro
2009 773 2106 811 an-

530 821 774 890 gelorum
807 827 899 895 qui
925 838 1009 882 est
1035 830 1180 885 circa
1207 850 1493 905 sponsum,
1520 851 1573 895 et
1597 845 1778 899 omnis
1807 846 1963 902 bonis
1993 866 2107 904 ver-

531 911 616 966 bis
663 927 726 967 ac
779 915 1034 973 laudibus
1084 936 1203 975 eam
1258 940 1674 998 prosequentes,
1729 935 1867 989 banc
1919 953 2103 994 vocem

529 1003 838 1060 emitterent
863 1008 1313 1068 admirabundam
1337 1035 1349 1070 :
1372 1017 1478 1072 Cor
1498 1020 1740 1076 indidisti
1763 1026 1932 1092 nobis,
1954 1046 2104 1082 soror

529 1102 714 1147 nostra
755 1113 968 1165 sponsa.
1001 1100 1137 1157 Nam
1172 1106 1458 1164 character
1500 1114 1918 1184 impatibilitatis
1945 1123 1996 1175 ei
2028 1122 2104 1177 si-

529 1183 731 1239 militer
761 1188 1092 1249 illucescens
1127 1204 1290 1266 atque
1327 1204 1556 1272 angelis,
1583 1183 1701 1261 eam
1734 1209 1886 1264 ducit
1914 1211 1981 1265 ad
2012 1227 2104 1267 ro-

527 1279 841 1345 gnationem
886 1293 938 1338 et
969 1282 1368 1346 fraternitatem
1414 1310 1597 1351 rerum
1635 1299 2100 1370 incorporearum,

529 1374 588 1418 ut
616 1382 737 1436 qua“:
773 1370 825 1425 in
860 1388 1026 1430 carne
1059 1391 1118 1430 sc
1163 1380 1236 1434 ita
1272 1389 1526 1452 gesserit,
1572 1396 1631 1442 ut
1671 1392 1835 1447 nullis
1863 1393 2101 1450 allicere-

529 1465 619 1512 tur
663 1461 830 1516 animi
879 1469 1406 1534 perturbationibus.
1450 1475 1744 1549 Propterea
1791 1485 1980 1539 dicunt
2007 1487 2097 1541 ei:

529 1547 637 1602 Cor
685 1552 929 1608 indidisti
975 1560 1147 1626 nobis,
1201 1579 1352 1617 soror
1395 1547 1578 1622 nostra
1611 1588 1826 1640 sponsa.
1875 1573 2100 1646 Proprie

2209 491 2692 562 ἐγκελευσαμένου,
2735 492 3071 556 ἀδιαστὰτως
3101 492 3452 564 δυναμωθείσα
3478 503 3541 572 τῷ
3569 524 3693 576 προσ-

2206 583 2464 652 τάγματι,
2511 582 2733 653 τοιαύτη
2781 583 3113 654 γεγένηται,
3149 585 3268 638 οἵαν
3299 588 3328 639 ὁ
3364 592 3557 659 νυμφίος
3578 596 3690 651 ὲσού.

2207 672 2347 737 λετο,
2379 673 2803 743 μετα-ποιηθεῖσα
2842 674 2977 745 πρὸς
3009 674 3070 727 τὸ
3100 674 3380 748 θειότερον,
3406 681 3488 734 καὶ
3517 685 3604 738 ἀπὸ
3626 690 3696 758 τῆς

2205 764 2365 834 δόξης
2396 765 2451 817 ὲν
2540 760 2627 834 ἦν,
2661 763 2795 835 πρὸς
2815 765 2913 835 τὴν
2935 767 3212 837 ἀνωτέραν
3237 767 3382 833 δόξαν
3409 789 3696 846 μεταμορφω-

2207 854 2362 907 θεῖσα
2393 855 2481 907 διὰ
2526 855 2626 923 τῆς
2665 856 2875 925 ἀγαθῆς
2919 857 3286 922 ἀλλοιώσεως·
3333 860 3400 923 ὡς
3441 863 3598 935 θαῦμα
3631 885 3701 933 γε-

2205 945 2392 998 νέσθαι
2421 944 2498 1016 τῷ
2537 946 2662 1017 περὶ
2695 947 2784 1000 τὸν
2815 949 3046 1019 νυμφίον
3079 950 3185 1003 τῶν
3220 951 3451 1019 ἀγγέλων
3472 957 3612 1026 χορῷ,
3635 961 3702 1011 καὶ

2206 1034 2414 1097 πάντας
2440 1034 2700 1105 εὐφήμως
2729 1037 2864 1106 πρὸς
2910 1037 3076 1108 αὐτὴν
3098 1040 3197 1110 τὴν
3236 1039 3576 1115 θαυμαστικην
3601 1066 3703 1116 προ-

2205 1126 2359 1182 έσθαι
2417 1129 2632 1198 φωνήνο
2687 1129 2770 1182 ὅτι
2838 1130 3240 1198 Ἐκαρδίωσας
3296 1134 3470 1202 ἡμᾶς,
3520 1138 3704 1208 ἀδελφὴ

2201 1221 2373 1290 ἡμῶν
2396 1223 2620 1292 νύμφη.
2656 1222 2713 1275 Ὀ
2735 1221 2842 1294 γὰρ
2860 1224 2962 1291 τῆς
2984 1224 3248 1288 ἀπαθείας
3267 1228 3528 1300 χαρακτὴρ
3550 1233 3706 1301 ὁμοίως

2204 1309 2527 1380 ὲπιλάμπων
2555 1310 2692 1380 αὐτῇ
2739 1327 2798 1362 τε
2831 1311 2923 1364 καὶ
2965 1313 3075 1374 τοῖς
3119 1313 3384 1381 ἀγγέλοις,
3415 1319 3488 1380 είς
3513 1317 3596 1388 τὴν
3629 1320 3710 1372 τῶν

2202 1401 2506 1472 ἀσωμάτων
2561 1400 2729 1471 αὐτὴν
2765 1402 2958 1468 ἀνάγει
2992 1402 3310 1470 συγγένειάν
3335 1423 3390 1457 τε
3420 1408 3505 1459 καὶ
3531 1409 3709 1478 ἁδελφό-

2200 1509 2360 1562 τητα,
2394 1492 2492 1560 τὴν
2542 1493 2598 1543 ὲν
2638 1492 2798 1562 σαρκὶ
2844 1492 2906 1545 τὸ
2948 1492 3155 1556 ἀπαθὲς
3201 1495 3614 1566 κατορθώσασαν.
3640 1501 3714 1552 Διὰ

2201 1582 2357 1635 τοῦτό
2398 1597 2528 1650 φασι
2582 1583 2715 1652 πρὸς
2758 1583 2963 1653 αὑτήνο
3011 1585 3090 1636 ὅτι
3142 1586 3528 1654 Ἐκαρδίωσας
3573 1589 3714 1658 ἡμᾶς,

529 1647 762 1710 utroque
796 1645 1018 1701 nomine
1066 1651 1331 1718 glorians.
1371 1655 1588 1714 Sororis
1614 1662 1833 1730 quidem
1875 1676 2092 1731 nostrae,

2199 1645 2432 1740 ἀδελφῆ
2692 1645 2912 1741 νύμφη.
2956 1675 3171 1745 Κυρίως
3221 1645 3459 1748 ἐκυατὲρῳ
3493 1645 3718 1736 enim?»

525 1737 748 1797 propter
773 1730 1188 1802 impatibilitatis
1211 1745 1590 1813 cognationem
1613 1767 1626 1804 :
1655 1766 1871 1820 sponsa:
1897 1730 2099 1820 autem,

524 1831 746 1893 propter
789 1840 914 1880 cum
968 1829 1148 1887 Verbo
1192 1838 1662 1906 conjunctionem.
1699 1847 1874 1916 Hujus
1920 1859 2098 1905 autem

525 1916 796 1982 vocabuli,
828 1918 1188 1992 Cordi/icasti,
1215 1931 1375 1985 talem
1399 1935 1777 1993 existimamus
1799 1957 1921 1996 esse
1941 1943 2103 2012 signi-

524 2007 869 2066 ﬁcationem:
918 2014 1211 2082 Animasti,
1257 2023 1483 2090 perinde
1531 2042 1594 2080 ac
1628 2029 1674 2083 si
1705 2031 1780 2082 illi
1820 2007 2095 2088 dicerent:

522 2097 632 2154 Cor
658 2102 814 2156 nobis
845 2105 1112 2162 indidisti.
1146 2109 1562 2182 Perspicuitatis
1595 2129 1776 2174 autem
1806 2123 2003 2192 gratia,
2043 2136 2100 2178 ut

522 2192 672 2261 quod
705 2193 908 2250 dicitur
933 2200 1004 2252 sit
1034 2202 1192 2255 nobis
1227 2204 1544 2274 dilucidius,
1573 2224 1916 2268 assumemus
1961 2215 2101 2269 divi-

522 2372 614 2430 llle
642 2378 784 2431 enim
819 2379 953 2434 dicit
979 2383 1197 2451 alicubi,
1228 2386 1296 2441 de
1324 2391 1506 2459 seipse
1535 2394 1783 2450 scribens
1817 2372 1885 2449 ad
1922 2395 2098 2467 Ephe-

521 2464 654 2529 sios,
679 2470 898 2536 quando
931 2473 1090 2528 nobis
1121 2477 1366 2531 narravit
1387 2494 1636 2550 magnam
1671 2483 1819 2537 illam
1853 2502 1973 2555 quae
2004 2504 2098 2557 per

521 2569 741 2608 carnem
771 2560 978 2614 exstitit
1005 2560 1096 2616 Dei
1133 2567 1548 2633 apparitioncm,
1588 2571 1730 2639 quod
1774 2589 1878 2625 non
1921 2577 2094 2629 solum

523 2644 774 2702 humanae
804 2658 1032 2714 naturae,
1083 2656 1175 2709 secl
1211 2658 1375 2712 etiam
1414 2659 1810 2729 principatibus
1855 2670 1907 2716 et
1943 2681 2092 2732 pote-

522 2738 757 2793 statibus
789 2757 909 2808 qute
947 2753 1074 2796 sunt
1124 2745 1180 2798 in
1219 2747 1397 2810 caelis,
1431 2757 1559 2801 nota
1589 2753 1762 2804 evasit
1813 2757 2090 2824 multiplex

521 2837 572 2882 et
605 2830 756 2882 varia
780 2829 872 2884 Dei
906 2834 1195 2901 sapientia,
1231 2838 1576 2892 manifestata
1608 2856 1704 2908 per
1729 2842 2094 2912 dispensatio-

520 2936 644 2975 nem
693 2922 896 2978 Christi
945 2925 1086 2980 inter
1115 2927 1384 2984 homines.
1435 2929 1510 2983 lta
1549 2941 1727 2986 autem
1769 2935 1930 2990 habet
1955 2953 2089 2992 con-

2207 1764 2396 1833 μάτων
2435 1763 2826 1832 σεμνυνομένη.
2873 1763 3098 1833 Ἀδελφὴ
3137 1765 3230 1834 μὲν
3264 1767 3497 1838 ἡμετέρα
3537 1769 3610 1821 διὰ
3645 1772 3718 1840 τὴν

2201 1853 2301 1922 τῆς
2325 1851 2593 1914 ἀπαθείας
2632 1852 2978 1920 συγγένειανο
3029 1855 3209 1925 νύμφη
3256 1855 3336 1917 δὲ,
3382 1857 3463 1909 διὰ.
3504 1859 3590 1928 τὴν
3618 1862 3720 1931 προς

2202 1943 2291 1995 τὸν
2319 1941 2489 2011 Λόγον
2525 1943 2835 2009 συνάφειαν.
2873 1942 2978 1995 Τοῦ
3003 1944 3060 1996 δὲ
3090 1946 3456 2014 ἐκαρδίωσας
3480 1949 3536 2001 τὸ
3559 1968 3719 2020 σημαι-

2201 2034 2421 2104 νόμενον
2450 2033 2685 2086 τοιοῦτον
2707 2029 2843 2086 εἶναι
2864 2034 3174 2104 νομίζομεν,
3207 2030 3320 2088 οἶόν
3348 2038 3458 2089 ἐστι
3485 2039 3556 2103 τὸ,

2200 2140 2422 2194 χωσας,
2457 2125 2587 2177 ὡσεὶ
2633 2125 2816 2192 ἔλεγον
2845 2125 2978 2194 πρὸς
3009 2126 3197 2196 αὐτὴν,
3234 2129 3320 2180 ὅτι
3390 2130 3720 2200 Καρδίανήμῶ

2200 2217 2478 2287 ἐνέθηκας.
2542 2215 2845 2285 Σαφηνείας
2876 2216 2933 2268 δὲ
2978 2218 3156 2287 χάριν,
3190 2219 3269 2282 ὡς
3304 2217 3368 2272 ἂν
3401 2219 3591 2286 γένοιτο
3617 2220 3723 2289 p.51-

2197 2306 2288 2360 λον
2336 2309 2645 2374 καταφανὲς
2677 2308 2810 2377 ἡμῖν
2843 2307 2903 2359 τὸ
2951 2307 3266 2377 λεγόμενον,
3317 2311 3408 2363 τὸν
3442 2309 3570 2362 θεῖον
3604 2311 3724 2362 Ἀπό-

2199 2397 2383 2450 στολον
2431 2398 2565 2466 πρὸς
2610 2395 2707 2466 τὴν
2741 2396 2845 2449 τῶν
2895 2397 3208 2466 μυστηρίων
3243 2398 3450 2453 τούτων
3479 2398 3725 2470 ἑρμηνείαν

2198 2487 2650 2559 παραληψόμεθα.
2702 2487 2837 2556 Φησὶ
2884 2487 2992 2558 γάρ
3047 2506 3150 2541 που
3197 2490 3311 2542 τῶν
3367 2491 3550 2544 ἑαυτοῦ
3588 2490 3727 2556 λόγων

2197 2581 2400 2641 ἐκεῖνος
2447 2578 2582 2646 πρὸς
2641 2578 2916 2646 Ἐφεσίους
2967 2581 3214 2649 γράφων,
3269 2583 3355 2635 ὅτε
3407 2582 3496 2652 τὴν
3529 2582 3726 2651 μεγάλην

2194 2672 2502 2740 οἰκονομίαν
2541 2671 2642 2740 τῆς
2685 2670 2771 2724 διὰ
2818 2672 3016 2741 σαρκὸς
3050 2675 3426 2746 γεγενημένης
3460 2673 3731 2742 θεόφανείας

2194 2764 2328 2833 ἡμῖν
2375 2763 2705 2833 διηγήσατο·
2748 2763 2828 2814 ὅτι
2875 2763 2936 2814 οὐ
2979 2763 3136 2832 μόνον
3184 2769 3216 2835 ἡ
3263 2765 3562 2836 ἀνθρωπίνη
3603 2763 3729 2832 φύσις

2195 2853 2484 2923 ἐπαιδεύθη
2509 2853 2576 2905 τὰ
2609 2853 2724 2906 θεῖα
2748 2852 2834 2905 διὰ
2856 2854 2956 2921 τῆς
2986 2855 3206 2924 χάριτος
3234 2857 3444 2924 ταύτης
3471 2858 3729 2926 μυστήρια*

2193 2943 2330 2997 ἀλλὰ
2378 2945 2470 2997 καὶ
2517 2946 2636 3007 ταῖς
2680 2944 2871 3013 ἀρχαῖς
2921 2945 3016 2996 καὶ
3062 2947 3180 3008 ταῖς
3231 2947 3504 3011 ἐξουσίαις
3552 2950 3602 2999 ὲν
3645 2945 3730 3005 τοίς

517 3018 738 3069 textus:
773 3013 839 3068 Ut
867 3017 1155 3070 innotescat
1179 3021 1560 3088 principatibus
1591 3034 1638 3077 et
1664 3030 2010 3094 potestatibus
2038 3032 2090 3083 in

2198 3036 2538 3107 ἐπουρανίοις
2589 3035 2891 3104 ἐγνωρίσθη
2942 3039 2974 3105 ἡ
3034 3037 3424 3102 πολυποίκιλος
3474 3038 3620 3105 σοφία
3661 3033 3732 3086 τοῦ

519 3104 814 3159 οωίεειίίηιε
845 3123 936 3176 per
974 3107 1270 3163 Ecclesium
1308 3115 1652 3182 multiformis
1685 3121 1947 3186 sapientia
1977 3121 2092 3185 Dei,

519 3193 805 3247 secundum
847 3198 1252 3265 prwﬁnitionem
1299 3207 1637 3269 sa'cnlorunt,
1685 3227 1842 3278 quam
1885 3212 2007 3280 fecit
2040 3215 2092 3267 in

519 3282 730 3338 Christo
753 3285 882 3339 Iesu
907 3287 1130 3346 Domino
1150 3303 1326 3347 nostra
1353 3296 1415 3348 ".
1451 3297 1504 3350 ln
1528 3315 1634 3368 quo
1663 3301 1922 3360 habemus
1958 3305 2096 3361 ﬁdu-

519 3375 660 3428 ciam
711 3385 764 3431 et
813 3393 1094 3434 accessum
1150 3383 1202 3436 in
1244 3386 1571 3442 conﬁdentia
1619 3408 1713 3460 per
1748 3394 1905 3449 fidem
1950 3398 2090 3467 ejus.

519 3465 730 3522 Revera
765 3470 910 3522 enim
962 3487 1056 3540 per
1090 3473 1388 3531 Ecclesiam
1441 3481 1734 3538 innotcscit
1765 3503 2092 3556 supermun-

519 3558 677 3614 danis
707 3563 1071 3628 potestatibus
1099 3568 1243 3620 varia
1271 3576 1324 3622 et
1358 3572 1640 3642 multiplex
1676 3575 1766 3630 Dei
1801 3581 2088 3648 sapientia,

517 3667 638 3718 qua:
669 3668 764 3720 per
797 3657 1071 3710 contraria
1124 3675 1212 3714 res
1246 3659 1406 3716 eilicit
1442 3680 1668 3736 magnas
1695 3677 1747 3722 et
1794 3669 2089 3725 admirabi-

516 3741 615 3796 les.
664 3742 950 3808 Quomodo
991 3748 1134 3800 enim
1168 3748 1306 3804 facta
1336 3751 1438 3806 fuit
1483 3756 1590 3807 vita
1625 3772 1720 3826 per
1753 3769 2000 3821 mortem,
2039 3771 2092 3814 ct

515 3847 614 3901 per
657 3844 937 3902 peccatmn
969 3837 1208 3906 justitia,
1237 3848 1290 3896 et
1322 3859 1419 3912 per
1459 3845 1894 3902 maledictionem
1921 3850 2086 3906 bene-

513 3923 701 3988 dictio,
741 3934 793 3978 et
844 3942 938 3995 per
986 3928 1340 3998 ignominiam
1402 3935 1597 4004 gloria,
1655 3947 1708 3991 et
1763 3943 1936 3994 virtus
1991 3957 2086 4009 per

514 4012 982 4071 imbecillitatem?
1025 4019 1158 4074 Nam
1216 4023 1269 4076 in
1310 4025 1587 4093 prioribus
1625 4032 1960 4098 temporibus
2001 4047 2088 4085 so-

514 4104 618 4157 lam
651 4106 956 4176 simpliccm
996 4119 1049 4165 et
1082 4113 1410 4169 nniformem
1454 4117 1544 4171 Dei
1572 4119 1894 4187 sapientiam
1931 4139 2092 4176 nove-

511 4203 636 4250 rant
678 4202 1136 4267 supramundantn
1181 4215 1500 4274 potestates,
1560 4222 1923 4280 congruenter
1975 4233 2087 4271 sua:

510 4301 722 4344 natura:
751 4290 1038 4350 facientem
1075 4299 1358 4354 miracula.
1390 4298 1499 4355 Nec
1534 4302 1600 4356 iis
1645 4320 1765 4373 quae
1796 4309 2088 4364 cerneban-

512 4391 600 4435 tur
631 4391 749 4438 erat
779 4387 1077 4457 quidquam
1121 4392 1353 4459 varium,
1406 4394 1458 4447 in
1499 4410 1565 4448 eo
1609 4396 1754 4465 quod
1786 4412 1908 4451 cum
1943 4415 2085 4456 esset

507 4471 686 4528 virtus
743 4490 805 4530 ac
857 4485 1100 4546 potestas
1151 4490 1347 4535 natura
1382 4484 1586 4549 divina,
1647 4487 1815 4542 libere
1868 4504 2083 4545 onmem

509 4561 717 4618 faceret
744 4575 1052 4624 creaturam
1086 4572 1202 4626 solo
1230 4582 1378 4629 motu
1414 4585 1468 4631 et
1494 4578 1729 4648 impulsu
1764 4583 2081 4651 voluntatis,

506 4661 562 4707 ct
597 4671 781 4711 rerum
833 4668 1087 4714 naturam
1131 4662 1407 4721 deducens
1440 4668 1506 4720 ad
1550 4671 1978 4739 generationem,
2031 4685 2085 4727 ct

507 4746 690 4799 omnia
719 4747 922 4805 faceret
953 4752 1112 4808 valde
1139 4755 1368 4823 pulchra
1393 4760 1670 4813 manantia
1695 4776 1758 4814 ex
1789 4761 1935 4816 fonte
1966 4764 2084 4832 pul-

506 4834 856 4892 chritudinis.
890 4839 1114 4895 Varium
1149 4851 1326 4899 autem
1376 4846 1478 4901 hoc
1510 4864 1573 4901 ac
1605 4851 1882 4920 multiplex
1914 4867 2084 4921 genus

506 4927 807 4995 sapientiw,
859 4932 1004 4998 quod
1045 4943 1262 4989 constat
1293 4953 1358 4991 ex
1402 4941 1741 4996 connexionc
1791 4958 1916 4996 cum
1952 4960 2082 4999 con-

505 5020 712 5081 trariis,
773 5037 918 5076 nunc
975 5035 1162 5094 aperte
1217 5028 1396 5083 edocti
1442 5043 1570 5084 sunt
1617 5048 1713 5101 per
1756 5033 2082 5102 Ecclesium,

505 5128 699 5183 nempe
747 5117 1202 5185 quemadmodum
1235 5119 1470 5176 Verbum
1515 5140 1645 5179 caro
1687 5126 1765 5190 ﬁt,
1822 5131 2079 5197 quemad-

505 5203 724 5258 modum
777 5211 940 5262 morti
987 5211 1096 5264 vita
1157 5213 1441 5279 miscetur,
1489 5217 1946 5285 quemadmodum
1981 5237 2081 5275 suo

505 5295 677 5352 livore
739 5301 960 5369 suisque
1023 5304 1296 5361 vibicibus
1364 5316 1550 5361 nostra
1598 5319 1754 5362 sanat
1814 5311 2077 5365 vulnera:

505 5389 964 5456 quemadmodum
1011 5392 1386 5450 imbecillitate
1419 5399 1601 5452 crucis
1634 5399 1776 5452 vires
1807 5415 2079 5470 expugnat

503 5481 844 5538 adversarii:
896 5484 1354 5553 quemadmodum
1394 5489 1447 5543 in
1498 5505 1663 5545 carne
1703 5491 2084 5548 manifestatur

577 5655 622 5689 ⁶⁹
660 5655 861 5714 Enhes.
924 5675 1006 5722 ιιι,
1047 5659 1245 5717 10—12-

2195 3126 2350 3191 Θεοῦ,
2382 3125 2469 3178 διὰ
2489 3127 2586 3195 τῆς
2615 3126 2756 3178 κατὰ
2788 3127 3020 3196 Χριστὸν
3050 3128 3107 3178 ὲν
3147 3131 3264 3191 τοῖς
3299 3129 3592 3199 evomam;
3619 3129 3729 3178 οἰκο-

2196 3218 2385 3288 νομίας
2430 3216 2821 3288 φανερωθεῖσα.
2855 3214 3010 3287 Ἔχει
3059 3218 3117 3271 δὲ
3161 3221 3195 3289 ἡ
3230 3219 3378 3284 λέξις
3406 3219 3595 3280 οὕτως·
3627 3218 3732 3270 Ἵνα

2193 3306 2492 3378 γνωρισθῇ
2522 3307 2648 3372 ταῖς
2677 3307 2890 3376 ἀρχατς
2920 3310 3018 3363 καὶ
3045 3309 3174 3374 ταῖς
3206 3311 3517 3374 ἐξουσίαις
3543 3310 3606 3361 ἐν
3641 3305 3732 3370 τοῖς

2193 3399 2569 3467 ἐπουρανίοις
2597 3398 2693 3452 διὰ
2720 3399 2830 3468 τῆς
2868 3401 3232 3468 Ἑκκλησίας
3259 3402 3297 3468 ἢ
3339 3399 3733 3458 πολυποίκιλος

2193 3492 2378 3560 σοφία
2404 3490 2508 3544 τοῦ
2549 3490 2718 3554 Θεοῦ,
2755 3490 2904 3544 κατὰ
2939 3492 3228 3558 πρόθεσιν
3259 3490 3380 3544 τῶν
3419 3489 3647 3551 αἰώνων,
3674 3483 3734 3552 ἦν

2193 3584 2480 3650 ἐποίησεν
2506 3582 2576 3635 ἐν
2603 3580 2836 3649 Χριστῷ
2869 3581 3068 3648 Ἰησοῦ
3095 3581 3174 3646 τῷ
3212 3583 3408 3650 Kvpltp
3441 3578 3616 3649 ἡμῶν.
3667 3575 3733 3629 Ἐν

2191 3667 2236 3741 ᾧ
2275 3674 2471 3744 ἔχομεν
2499 3673 2597 3742 τὴν
2632 3671 2942 3743 παρρησίαν
2973 3674 3064 3724 καὶ
3097 3673 3469 3742 προσαγωγὴν
3503 3672 3734 3765 sarrano-:-

2193 3767 2346 3837 θήσει
2379 3764 2466 3817 διὰ
2496 3764 2594 3834 τῆς
2643 3765 2877 3826 πίστεως
2923 3763 3106 3816 αὐτοῦ.
3151 3765 3244 3834 Τῷ
3270 3764 3388 3817 ὄντι
3418 3762 3522 3833 γὰρ
3546 3758 3625 3813 διᾶ
3659 3758 3734 3822 τῆς

2204 3855 2526 3924 Ἐκκλησίας
2557 3854 2879 3925 γνωρίζεται
2907 3855 3022 3917 ταῖς
3059 3854 3460 3924 ὑπερκοσμίοις
3486 3851 3737 3938 δυνάμεσιν

2190 3947 2224 4016 ἡ
2254 3946 2466 4016 ποικίλη
2514 3943 2605 3998 τοῦ
2637 3944 2769 3997 Θεοῦ
2807 3944 2986 4012 σοφία,
3019 3946 3050 4014 ὴ
3080 3944 3169 3996 διὰ
3214 3945 3326 3997 τῶν
3367 3942 3612 3996 ἐναντίων
3637 3939 3736 3990 θαυ·

2194 4037 2622 4109 ματουργήσασα
2669 4032 2734 4085 τὰ
2786 4033 2994 4103 μεγάλα
3027 4031 3312 4103 θαυμάσια
3332 4053 3344 4064 ·
3400 4034 3515 4095 πῶς
3543 4030 3637 4099 γὰρ
3661 4026 3734 4095 γέ·

2189 4142 2311 4194 γονε
2339 4125 2425 4178 διὰ
2460 4124 2688 4177 θανάτου
2721 4124 2852 4193 ζωὴ,
2889 4124 2982 4177 καὶ
3007 4124 3326 4196 δικαιοσύνη
3361 4126 3447 4178 διὰ
3475 4125 3566 4216 τῆς

2187 4219 2328 4280 τίας,
2360 4217 2452 4269 καί⁸
2495 4216 2581 4268 διὰ
2635 4217 2876 4285 κατάρας
2921 4216 3158 4282 εὐλογία,
3212 4218 3312 4269 καὶ
3359 4217 3486 4281 δόξα
3530 4214 3607 4265 διὰ
3657 4214 3735 4274 τῆς

2190 4307 2430 4378 ἀτιμίαςν
2480 4307 2572 4359 καὶ
2612 4305 2698 4358 διὰ
2751 4307 2844 4376 τῆς
2889 4306 3166 4369 ἀσθενείας
3208 4309 3243 4376 ἡ
3284 4307 3539 4375 δύναμιςς
3584 4301 3732 4364 Μὸνην

2191 4401 2298 4472 γὰρ
2337 4403 2393 4453 ὲν
2439 4403 2551 4462 τοῖς
2583 4399 2688 4466 πρὸ
2720 4399 2904 4451 τούτου
2938 4398 3147 4469 χρόνοις
3197 4400 3303 4470 τὴν
3357 4398 3534 4466 ἁπλῆν
3571 4412 3620 4446 τε
3661 4393 3731 4442 καὶ

2191 4493 2432 4562 μονοειδῆ
2462 4491 2555 4543 τοῦ
2599 4490 2731 4543 Θεοῦ
2766 4491 2954 4560 σοφίαν
2998 4492 3050 4542 αἱ
3101 4492 3471 4562 ὑπερκόσμιοι
3514 4485 3729 4586 esui/51*“?

2188 4587 2513 4654 ἐγίνωσκον,
2577 4584 2921 4653 καταλλήλως
2973 4583 3310 4653 ἐνεργοῦσαν
3360 4587 3426 4653 τῇ
3495 4581 3727 4682 φύεεξῃτπ

2188 4676 2439 4744 θαύματα
2461 4693 2472 4706 ·
2519 4676 2611 4726 καὶ
2650 4674 2889 4726 ποικίλον
2923 4670 2987 4743 ἦν
3022 4675 3077 4725 ἐν
3110 4676 3222 4736 τοῖς
3254 4674 3553 4743 ὁρωμένοις
3589 4670 3722 4765 ὑπῗή

2186 4769 2242 4819 ἐν
2288 4765 2364 4834 τῷ
2394 4764 2618 4832 δύναμιν
2663 4763 2888 4832 ἔχουσαν
2919 4763 3018 4832 τὴν
3054 4763 3203 4816 θείαν
3243 4764 3434 4830 φύσιν.
3469 4763 3629 4812 πεῖσαν
3655 4763 3725 4817 τὴν

2188 4857 2362 4909 κτίσιν
2397 4855 2515 4908 κατ’
2565 4854 2810 4920 ἐξουσίαν
2853 4853 3199 4922 ἐργάζεσθαι,
3258 4857 3317 4906 ἐν
3360 4854 3493 4922 μὸνῃ
3527 4852 3583 4917 τῇ
3613 4849 3720 4910 ὀρξιῃ

2187 4947 2278 5000 τοῦ
2299 4947 2598 5015 θελήματος
2618 4946 2712 5015 τὴν
2742 4943 2848 4996 τῶν
2867 4944 3034 4997 ὄντων
3065 4944 3227 5012 φύσιν
3265 4947 3349 5008 εἰς
3377 4945 3579 5013 γένεσιν
3602 4939 3724 5033 5703'

2188 5055 2305 5097 σαν,
2342 5040 2434 5088 καὶ
2481 5038 2648 5088 ποιεῖν
2697 5037 2764 5087 τὰ
2815 5035 2989 5088 πάντα
3039 5035 3176 5088 καλὰ
3227 5036 3375 5098 λίαν,
3421 5035 3486 5086 τὰ
3532 5030 3624 5082 ἀπὸ
3650 5041 3717 5089 της

2183 5130 2275 5180 τοῦ
2308 5128 2470 5180 καλοῦ
2507 5128 2686 5196 πηγῆς
2725 5127 3078 5196 ἁναϐρύοντα.
3115 5128 3184 5180 Τὸ
3231 5128 3287 5180 δὲ
3337 5127 3567 5181 ποικίλον
3600 5133 3719 5172 tanta

2186 5220 2282 5288 τῆς
2318 5221 2506 5286 σοφίας
2533 5215 2688 5279 εἶδος,
2719 5219 2777 5269 τὸ
2807 5219 2870 5269 ἐκ
2899 5218 2993 5284 τῆς
3031 5219 3162 5288 προς
3193 5219 3264 5270 τα
3293 5218 3510 5271 ἐναντία
3545 5215 3714 5306 Statu-9'

2189 5311 2287 5372 κῆς
2339 5309 2740 5377 συνιστάμενον,
2775 5308 2868 5360 νῦν
2924 5307 3012 5360 διὰ
3059 5310 3154 5376 τῆς
3197 5307 3522 5378 Ἐκκλησίας
3573 5311 3715 5396 casn;

3477 5397 3498 5408 ,ο
3635 5390 3654 5406 ν
3691 5390 3710 5415 _'.

2189 5401 2524 5470 ἐδείχθησαν,
2562 5400 2672 5461 πῶς
2719 5403 2742 5451 ὁ
2789 5400 2955 5467 Λόγος
2987 5399 3120 5468 σὰρξ
3149 5400 3384 5465 γίνεται,
3421 5415 3534 5458 πως
3574 5398 3601 5461 ἡ
3631 5403 3707 5503 ίαζι.

2317 5459 2329 5469 ι
2803 5491 2826 5501 ιν
2937 5491 2960 5501 η-
3011 5491 3073 5503 es:
3216 5489 3261 5503 οε
3463 5489 3475 5503 \
3569 5486 3668 5503 (η--

2190 5493 2403 5563 Οανατῳ
2435 5494 2707 5562 μίγνυται,
2753 5491 2866 5553 πῶς
2896 5491 2971 5560 τῷ
3010 5491 3120 5560 ἰδίῳ
3154 5489 3387 5560 μώλωπι
3426 5489 3520 5559 τὴν
3559 5486 3710 5555 ἡμετὲ
