3948 6192
268 331 377 393 ωε

1289 339 1354 392 ΙΝ
1384 339 1678 396 CANTICA
1701 340 1969 398 CANTIC.
2006 341 2294 398 HOMILIA
2330 342 2464 397 VIII.

3416 347 3520 399 950

275 465 372 522 ραν
402 448 615 515 ὲξιᾶται
651 451 865 520 πληγήν
885 465 898 479 ·
949 450 1065 514 πῶς
1094 456 1158 523 τῇ
1188 454 1439 528 ἀσθενείᾳ
1473 458 1565 511 τοῦ
1618 460 1836 531 σταυροῐ

1955 461 2008 516 id
2036 460 2183 532 quod
2227 474 2339 516 non
2373 457 2520 514 cadit
2556 458 2659 511 sub
2702 467 3006 529 aspectum,
3062 456 3517 527 quemadmodum

272 538 639 595 καταπαλαίει
692 540 788 593 τοῦ
818 541 1194 613 ἀντικειμένου
1218 545 1314 616 τὴν
1345 546 1574 618 δύναμιν
1594 567 1607 580 ·
1650 550 1766 615 πῶς
1792 552 1853 605 τὸ

271 631 501 701 ἀόρατον
529 631 587 684 ἐν
618 630 782 700 σαρκὶ
828 631 1187 703 φανεροῦται·
1236 636 1353 700 πῶς
1403 638 1679 704 ὲξωνεῖται
1729 644 1853 706 τοὺς

272 719 673 791 αἰχμαλώτους.
713 721 874 784 αὐτός
920 739 979 774 τε
1025 722 1103 776 ῶν
1133 726 1162 778 ό
1209 725 1532 793 ὠνούμενος,
1569 732 1660 783 καὶ
1692 732 1851 795 αὐτὸς

271 810 459 881 χρῆμα
500 810 815 880 γινόμενος·
861 811 1051 865 ἑαυτὸν
1096 813 1205 885 γὰρ
1265 815 1430 869 ἔδωκε
1465 816 1657 889 λύτρον
1713 822 1851 892 ὑπὲρ

271 899 426 969 ἡμῶν
474 899 555 969 τῷ
590 900 836 981 θανάτῳ·
869 902 987 965 πῶς
1036 904 1128 957 καὶ
1174 908 1230 958 ἐν
1256 905 1332 978 τῷ
1363 907 1579 981 θανάτῳ
1625 912 1846 979 γίνεται.

269 966 363 1041 καὶ
392 988 494 1058 τῆς
520 966 665 1057 Qui};
705 966 804 1042 οὐκ
838 988 1111 1055 ἐξίσταται
1131 1009 1144 1023 ·
1171 966 1412 1057 πῶς’καὶ
1445 1000 1503 1051 ὲν
1534 966 1599 1071 τῇ
1635 966 1848 1073 δουλεία

270 1078 691 1148 καταμίγνυται,
731 1082 824 1134 καὶ
853 1083 908 1134 ὲν
938 1084 1003 1153 τῇ
1052 1082 1294 1157 βασιλείᾳ
1329 1087 1495 1157 μένει.
1530 1091 1714 1145 Πάντα
1743 1094 1848 1164 γάρ

267 1168 440 1233 ταῦτα
477 1171 571 1225 καὶ
613 1171 682 1225 τά
721 1172 942 1226 τοιαῦτα
991 1175 1211 1229 ποικίλα
1258 1177 1385 1231 όντα
1414 1180 1508 1234 καὶ
1555 1184 1653 1254 οὐχ
1703 1184 1847 1237 ἁπλᾶ

267 1262 368 1331 τῆς
400 1262 594 1331 σοφίας
630 1263 786 1334 ἔργα,
829 1265 918 1317 διὰ
958 1266 1057 1335 τῆς
1115 1267 1435 1341 Ἐκκλησίας
1469 1274 1518 1325 οί
1567 1273 1706 1341 φίλοι
1753 1274 1844 1328 τοῦ

270 1352 506 1424 νυμφίου
539 1354 816 1423 μαθόντες,
869 1356 1294 1428 ὲκαρδιώθησαν,
1329 1360 1486 1415 ἄλλον
1521 1368 1846 1437 χαρακτῆρα

267 1447 367 1515 τῆς
392 1443 543 1507 θείας
567 1444 756 1512 σοφίας
787 1447 844 1498 ὲν
868 1445 945 1516 τῷ
993 1449 1272 1519 μυστηρίῳ
1302 1456 1731 1523 κατανοήσαντες
1752 1474 1763 1485 ·
1795 1460 1844 1510 εί

265 1535 325 1588 δὲ
365 1534 442 1606 μὴ
485 1534 880 1607 τολμηρότερόν
908 1538 1054 1590 ἐστιν
1083 1541 1274 1607 εἰπεῖν,
1305 1543 1442 1613 τάχα
1477 1545 1719 1599 κάκεῖνοι
1757 1548 1842 1601 διὰ

266 1624 368 1694 τῆς
388 1624 606 1693 νύμφης
633 1624 694 1677 τὸ
713 1626 804 1677 τοῦ
828 1628 1059 1697 νυμφίου
1084 1628 1276 1694 κάλλος
1305 1630 1501 1697 ίδόντες
1524 1634 1841 1705 ἐθαύμασαν

267 1715 328 1768 τὸ
360 1717 494 1768 πᾶσι
526 1719 637 1778 τοῖς
660 1712 809 1770 οὖσιν
834 1718 1061 1789 ἀόρατόν
1086 1738 1144 1773 τε
1185 1723 1277 1775 καὶ¹
1305 1724 1706 1796 ἀκατάληπτον.
1746 1730 1840 1781 Ὃν

1953 553 2171 609 redimit
2196 553 2460 622 captivos,
2498 563 2622 605 cum
2654 550 2770 620 ipse
2795 550 2864 605 sit
2887 550 2979 621 qui
3018 560 3183 613 emat,
3214 558 3268 604 et
3306 551 3378 606 sit
3404 551 3553 629 ipse.

1953 644 2221 715 pretium:
2249 643 2491 713 seipsum
2523 640 2670 696 enim
2709 640 2857 695 dedit
2885 656 2982 711 pro
3017 641 3176 696 nobis
3212 641 3372 695 morti
3398 657 3521 710 pre-

1953 734 2087 788 tium
2118 733 2531 803 redemptionis:
2560 730 3015 802 quemadmodum
3042 739 3095 785 et
3122 741 3207 784 est
3240 731 3291 785 in
3324 742 3517 796 morte,

1953 832 2006 879 et
2034 839 2064 878 a
2094 824 2204 879 vita
2236 840 2343 878 non
2373 824 2614 878 recedit:
2662 821 3121 894 quemadmodum
3158 831 3211 874 et
3255 823 3518 877 miscetur

1952 916 2200 971 servituti
2235 925 2287 971 et
2314 923 2493 970 manet
2523 915 2576 969 in
2616 921 2819 984 regno:
2846 911 2981 967 Nam
3014 927 3138 967 cum
3170 913 3281 967 haec
3313 914 3516 975 omnia,

1949 1011 2002 1058 et
2030 1018 2150 1074 qua:
2195 1011 2323 1059 sunt
2378 1002 2712 1074 hujusmodi,
2761 1018 2884 1057 cum
2926 1002 3036 1057 sint
3067 1003 3212 1056 varia
3240 1009 3292 1056 et
3338 1002 3518 1056 multi-

1952 1096 2132 1165 plicia,
2159 1112 2253 1165 per
2277 1094 2576 1151 Ecclesiam
2599 1094 3097 1150 didicissentamici
3128 1094 3337 1163 sponsi,
3355 1091 3521 1148 corde

1949 1187 2135 1241 donati
2176 1195 2323 1250 sunt,
2362 1196 2419 1242 ut
2447 1187 2537 1257 qui
2570 1187 2733 1240 alium
2777 1185 2976 1239 divinae
3006 1186 3283 1255 sapientia:
3323 1185 3517 1238 chara-

1947 1284 2152 1331 cterem
2186 1276 2672 1331 animadverterint
2700 1276 2754 1329 in
2786 1276 3071 1346 mysterio:
3120 1284 3171 1329 et
3216 1276 3261 1329 si
3297 1290 3401 1329 non
3445 1275 3518 1329 sit

1946 1368 2174 1421 nimium
2209 1367 2434 1422 audacis
2464 1368 2665 1429 dicere,
2711 1367 2785 1419 illi
2822 1367 2960 1421 forte
2979 1381 3103 1420 cum
3134 1381 3229 1435 per
3260 1382 3513 1435 sponsam

1947 1460 2133 1529 sponsi
2178 1459 2441 1514 vidissent
2492 1458 2977 1527 pulchritudinem,
3010 1456 3262 1511 admirati
3305 1465 3433 1511 sunt
3462 1456 3513 1508 id
3576 1516 3585 1519 _

1945 1550 2089 1619 quod
2115 1550 2370 1605 omnibus
2396 1565 2516 1619 quae
2543 1555 2692 1615 sunt,
2717 1557 2801 1604 est
2832 1547 3221 1616 inaspectabile
3239 1556 3294 1603 et
3314 1548 3516 1602 incom-

1945 1642 2326 1711 prehensibile.
2378 1642 2518 1695 Deus
2568 1643 2747 1703 enim,
2805 1654 2962 1709 quem
3014 1654 3173 1694 nemo
3223 1640 3355 1693 vidit
3406 1654 3511 1692 un-

1942 1744 2126 1801 quam,
2161 1738 2220 1784 ut
2242 1729 2712 1792 dieitJoannes",
2746 1744 2844 1784 nec
2872 1736 3050 1798 potest
3076 1728 3273 1798 aliquis
3307 1729 3509 1790 videre,

265 1804 374 1876 γάρ
422 1805 597 1870 οὐδεὶς
630 1807 842 1879 ἑώρακε
875 1806 1107 1875 πώποτε,
1138 1813 1321 1876 καθώς
1364 1831 1525 1886 φησιν
1568 1818 1836 1890 Ἰωάννης,

1942 1821 2084 1876 sicut
2107 1828 2334 1874 testatur
2355 1817 2633 1883 Paulus“,
2652 1833 2850 1886 corpus
2867 1833 3024 1873 suum
3049 1817 3176 1874 fecit
3192 1816 3508 1882 Ecclesium,

263 1898 384 1981 οῦδὲ
414 1898 544 1951 ίδεῖν
568 1916 653 1963 τις
680 1900 921 1963 δύναται,
950 1901 1131 1966 καθὼς
1160 1905 1189 1957 ὁ
1222 1904 1433 1970 Παῦλος
1464 1913 1835 1981 μαρτυρεῖται,

260 1980 418 2052 οὗτος
450 1989 609 2059 σῶμα
639 1990 830 2043 ἑαυτοῦ
867 1992 963 2062 τὴν
1001 1992 1326 2065 Ἐκκλησίαν
1360 1998 1603 2069 ἐποίησε,
1631 1980 1722 2052 καὶ
1753 2001 1839 2054 διὰ

260 2080 360 2151 τῆς
383 2082 702 2154 προσθήκης
731 2083 839 2136 τῶν
877 2083 1219 2155 σωζομένων,
1269 2088 1541 2158 οἰκοδομεῖ
1573 2092 1743 2161 αὐτὴν
1780 2095 1837 2146 ὲν

260 2172 478 2246 ἀγάπῃ,
513 2174 704 2244 μέχρις
728 2175 793 2228 ἂν
823 2178 1242 2247 καταντήσωμεν
1261 2180 1311 2231 οί
1346 2179 1545 2245 πάντες
1575 2184 1654 2246 είς
1671 2183 1837 2253 ἄνδρα

259 2264 499 2329 τέλειον,
540 2268 619 2328 είς
680 2266 877 2337 μέτρον
934 2266 1149 2338 ἡλικίας
1201 2269 1293 2321 τοῦ
1334 2270 1693 2343 πληρώματος
1743 2274 1836 2327 τοῦ

259 2355 523 2426 Χριστοῦ.
559 2355 621 2409 EE
664 2353 756 2411 οῦν
803 2356 959 2428 σῶμα
1006 2358 1099 2411 τοῦ
1152 2361 1387 2431 Χριστοῦ
1426 2365 1458 2432 ή
1525 2364 1835 2433 Ἐκκλησία.

258 2445 476 2517 κεφαλὴ
518 2446 577 2500 δὲ
629 2446 724 2501 τοῦ
777 2447 1027 2519 σώματος
1072 2451 1101 2503 ό
1155 2450 1406 2521 Χριστὸς,
1456 2452 1531 2523 τῷ
1584 2455 1700 2525 ίδίῳ
1734 2473 1836 2525 χα-

261 2538 501 2610 ρακτῆρι
563 2538 789 2609 μορφῶν
847 2539 947 2608 τῆς
1011 2539 1337 2610 Ἐκκλησίας
1392 2542 1452 2594 τὸ
1506 2544 1832 2614 πρόσωπον·

257 2629 400 2698 τάχα
429 2627 518 2682 διὰ
544 2629 748 2683 τούτων
781 2630 917 2700 πρὸς
949 2630 1121 2686 ταῦτα
1156 2632 1441 2703 βλέποντες
1477 2639 1524 2689 οί
1554 2637 1695 2705 φίλοι
1741 2637 1834 2690 τοῦ

256 2717 516 2786 νυμφίου,
547 2720 955 2791 ὲκαρδιώθησαν
974 2737 989 2751 ·
1021 2723 1104 2777 ὅτι
1133 2724 1467 2797 τρανὼτερον
1496 2729 1552 2780 ὲν
1586 2729 1718 2798 αὐτῇ
1746 2730 1834 2782 τὸν

255 2806 492 2876 ἀόρατον
537 2807 813 2876 βλέπουσι.
844 2810 1108 2881 Καθάπερ
1144 2814 1193 2865 οί
1237 2814 1399 2867 αὐτὸν
1443 2816 1534 2869 τοῦ
1568 2816 1718 2883 ἡλίου
1747 2818 1835 2869 τὸν

256 2897 461 2950 κύκλον
510 2898 636 2951 ίδεῖν
667 2900 1087 2965 ἀδυνατοῦντες·
1136 2903 1223 2957 διὰ
1272 2904 1328 2958 δὲ
1367 2905 1464 2975 τῆς
1510 2907 1601 2959 τοῦ
1648 2907 1836 2972 ὓδατος

255 2988 436 3057 αὐγῆς
465 2992 545 3052 είς
570 2992 730 3045 αὑτὸν
768 2994 1002 3065 δρῶντες
1021 3011 1034 3025 ·
1067 2994 1209 3048 οὕτω
1247 2997 1486 3050 κάκεῖνοι
1514 2998 1587 3061 ὡς
1620 3001 1674 3050 ὲν
1704 3017 1835 3052 κατ-

1942 1915 1995 1961 et
2025 1922 2121 1976 per
2169 1908 2534 1962 accessionem
2572 1921 2760 1962 eorum
2809 1908 2900 1977 qui
2933 1907 3068 1961 salvi
3123 1907 3278 1972 (lunt,
3335 1907 3508 1976 ipsam

1942 1996 2173 2052 aediﬁcat
2213 1999 2266 2051 in
2304 1998 2591 2061 charitate,
2631 1998 2805 2053 donec
2840 2010 3197 2053 occurramus
3229 2013 3419 2055 omnes
3454 1998 3510 2053 in

1896 2087 1903 2096 '
1942 2090 2118 2142 virum
2160 2087 2482 2158 perfectum,
2520 2090 2573 2143 in
2605 2103 2918 2144 mensuram
2949 2090 3126 2145 aztatis
3161 2089 3510 2159 plenitudinis

1940 2179 2144 2233 Christi
2166 2180 2233 2231 τ’.
2271 2177 2325 2231 Si
2349 2193 2480 2249 ergo
2498 2178 2739 2234 Ecclesia
2764 2190 2846 2233 est
2874 2194 3075 2249 corpus
3097 2178 3324 2245 Christi,
3356 2179 3510 2235 Chri-

1945 2277 2063 2325 stus
2088 2276 2266 2322 autem
2303 2278 2385 2324 est
2420 2279 2580 2338 caput
2612 2270 2882 2338 corporis,
2925 2285 3026 2324 suo
3059 2271 3372 2326 charactere
3400 2270 3512 2326 for-

1944 2375 2100 2414 mans
2144 2359 2336 2415 faciem
2367 2360 2642 2423 Ecclesiae,
2698 2362 2836 2415 forte
2882 2377 2976 2430 per
3014 2362 3113 2414 hoc
3151 2359 3215 2413 ad
3255 2376 3318 2415 ea
3366 2362 3512 2431 aspi-

1898 2478 1915 2492 ο
1936 2450 2150 2505 cientes
2181 2450 2341 2504 amici
2376 2451 2585 2519 sponsi,
2632 2450 2798 2505 corde
2826 2450 3009 2506 donati
3042 2459 3203 2506 sunt:
3249 2451 3510 2524 quoniam

1941 2555 2038 2609 per
2076 2543 2246 2609 ipsam
2283 2540 2486 2594 clarius
2531 2540 2803 2609 aspiciunt
2852 2557 3111 2611 sponsum
3151 2544 3245 2612 qui
3280 2558 3388 2597 non
3421 2557 3513 2605 ca-

1940 2631 2018 2685 dit
2052 2632 2154 2687 sub
2182 2638 2485 2699 aspectum.
2522 2628 2586 2684 Et
2608 2630 2885 2700 quomodo
2927 2632 2964 2685 ii
2995 2634 3088 2703 qui
3122 2635 3298 2702 ipsum
3321 2635 3510 2690 orbem

1941 2723 2073 2778 solis
2135 2738 2242 2776 non
2297 2731 2525 2792 possunt
2565 2721 2777 2785 videre,
2834 2738 2928 2791 per
2968 2738 3121 2793 aqua:
3170 2725 3508 2793 splendorem

1941 2815 2118 2884 ipsum
2147 2812 2370 2869 vident:
2407 2814 2479 2866 ita
2531 2814 2605 2867 illi
2661 2828 2879 2884 quoque
2921 2814 2972 2867 in
3015 2817 3218 2868 mundo
3264 2816 3507 2884 speculo,

1944 2920 2138 2975 nempe
2186 2905 2325 2960 facie
2356 2904 2645 2968 Ecclesiae,
2694 2904 2882 2960 vident
2923 2906 3091 2961 solem
3129 2906 3374 2975 iustitiae,
3413 2907 3506 2976 qui

1944 3012 2040 3068 per
2074 2996 2126 3050 id
2154 2996 2299 3066 quod
2329 3006 2574 3065 apparet,
2608 3005 2787 3051 mente
2818 2998 3312 3067 comprehenditur.

252 3077 445 3151 ὄπτρῳ
479 3081 818 3152 καθορῶντες
849 3085 1092 3156 καθαρῷ,
1124 3087 1201 3158 τῷ
1248 3089 1520 3159 προσώπῳ
1562 3091 1658 3160 τῆς
1702 3089 2043 3161 Ἐκκλησίας,
2084 3090 2174 3141 τὸν
2204 3088 2303 3157 τῆς
2334 3088 2672 3158 δικαιοσύνης
2731 3089 2879 3158 ἥλιον
2946 3089 3217 3158 βλέπουσι,
3274 3093 3362 3143 τὸν
3420 3090 3508 3145 διὰ

256 3171 350 3226 τοῦ
379 3174 707 3245 φαινομένου
739 3177 1185 3248 κατανοούμενον.

326 3266 535 3321 Τούτου
584 3268 742 3340 χάριν
787 3270 885 3340 οὐχ
908 3268 1054 3335 ἅπαξ
1095 3272 1304 3343 εἴρηται
1355 3275 1420 3342 τῇ
1472 3273 1656 3345 νύμφῃ
1685 3274 1833 3345 παρὰ

2018 3271 2086 3324 Ea
2118 3271 2185 3324 de
2204 3285 2367 3325 causa
2391 3285 2499 3324 non
2524 3269 2692 3325 semel
2725 3276 2937 3324 tantum
2962 3269 3165 3324 dictum
3184 3280 3267 3326 est
3295 3288 3509 3343 sponsa:

253 3356 369 3409 τῶν
395 3356 588 3425 φίλων,
621 3357 704 3419 τὸ,
748 3358 1161 3427 Ἐκαρδίωσας,
1189 3362 1324 3431 ὅπερ
1351 3363 1520 3427 ἐστὶν,
1547 3364 1627 3416 ὄτι
1645 3362 1835 3433 Ψυχὴν

252 3464 380 3499 τινα
407 3448 504 3501 καί
523 3447 763 3502 διάνοιαν
789 3450 923 3519 πρὸς
950 3451 1049 3519 τὴν
1084 3452 1178 3505 τοῦ
1216 3453 1390 3522 φωτὸς
1424 3456 1745 3524 κατανόησιν
1768 3454 1833 3506 δι’

255 3536 459 3606 ἑαυτῆς
487 3539 617 3607 ἡμῖν
650 3538 968 3609 ἐνεποίησας
990 3556 1002 3568 ·
1038 3540 1172 3595 ἀλλὰ
1216 3544 1310 3595 καὶ
1359 3543 1519 3597 πάλιν
1545 3544 1634 3597 τὸν
1677 3545 1835 3596 αὐτὸν

254 3625 774 3695 ἐπαναλαμϐάνουσι
821 3627 1014 3696 λόγον.
1070 3630 1407 3694 ἀξιοπιστίαν
1460 3632 1836 3703 προστιθέντες

252 3718 333 3786 τῷ
358 3716 659 3788 λεγομένῳ,
708 3717 796 3771 διὰ
842 3718 942 3788 τῆς
999 3719 1391 3793 δευτερὼσεως.
1446 3724 1676 3791 Λέγουσι
1727 3722 1837 3792 γάρ

253 3807 800 3878 ἐπαναλαμϐάνοντες
819 3826 833 3840 ·
865 3810 945 3863 ὅτι
993 3811 1383 3880 Ἑκαρδίωσας
1416 3811 1571 3882 ἡμᾶς
1598 3813 1685 3866 ἐνὶ
1716 3813 1834 3866 ἀπὸ

259 3899 593 3970 ὀφθαιμῶν
631 3916 767 3956 σου.
804 3901 972 3955 Τοῦτό
1000 3905 1115 3955 ἐστι
1164 3904 1395 3974 μάλιστα
1440 3904 1470 3957 ὃ
1499 3905 1596 3976 τὴν
1632 3904 1837 3974 θαυμα⁹

260 3991 461 4060 στικὴν
489 3989 769 4061 ἐνεποίησε
815 3994 925 4056 τοῖς
955 3992 1128 4061 φίλοις
1173 3996 1300 4065 περὶ
1343 3994 1440 4065 τῆς
1470 3994 1685 4065 νύμφης
1719 3994 1834 4048 διά-

253 4083 430 4137 θεσιν.
462 4082 665 4153 Διπλῆς
688 4083 796 4155 γὰρ
823 4084 988 4156 υῦσης
1014 4083 1080 4161 τῇ
1113 4086 1258 4157 ψυχῇ
1288 4085 1388 4155 τῆς
1417 4086 1646 4156 ὀπτικῆς
1688 4089 1836 4157 ἐνερ-

253 4176 454 4244 γείας·
506 4178 601 4230 καὶ
639 4177 737 4248 τῆς
787 4177 887 4248 μὲν
932 4177 1030 4249 τὴν
1062 4176 1318 4247 ἀλήθειαν
1368 4177 1601 4247 ὁρώσης,
1637 4179 1732 4246 τῆς
1778 4178 1833 4231 δὲ

252 4266 454 4337 ἑτέρας
502 4267 630 4338 περὶ
680 4265 748 4319 τὰ
801 4266 1005 4337 μάταια
1060 4266 1441 4337 πλανωμένης·
1488 4268 1673 4337 ἐπειδὴ
1711 4270 1835 4338 περὶ

253 4362 433 4431 μόνην
455 4359 551 4413 τοῦ
578 4359 783 4429 ἀγαθοῦ
810 4361 909 4432 τὴν
943 4360 1103 4430 φύσιν
1136 4361 1405 4431 ἀνέῳκται
1435 4361 1535 4431 τῆς
1565 4362 1781 4432 νύμφης
1808 4363 1835 4413 ὁ

250 4451 500 4523 καθαρὸς
522 4451 798 4523 ὀφθαλμός
819 4467 834 4483 ·
866 4454 1027 4523 ἀργεῖ
1053 4451 1107 4504 δὲ
1132 4452 1347 4515 πάντως
1380 4454 1408 4504 ὁ
1438 4452 1834 4523 ἓτερος,τούτου

246 4545 418 4616 χάριν
461 4541 540 4613 τῷ
585 4545 664 4596 ἑνὶ
690 4544 799 4596 τῶν
841 4543 1133 4612 ὀφθαλμῶν
1182 4546 1548 4612 προσάγουσιν
1598 4546 1646 4595 oi
1691 4544 1833 4611 φίλοι

1934 3359 2005 3414 ab
2036 3358 2228 3413 amicis
2282 3357 2498 3428 sponsi,
2562 3354 2665 3412 Cor
2712 3356 2944 3412 indidisti
2996 3356 3159 3421 nobis,
3223 3362 3369 3431 quod
3401 3375 3504 3428 est,

1935 3453 2179 3507 Animam
2222 3452 2503 3523 quamdam
2544 3462 2598 3507 et
2638 3452 3045 3519 cogitationem,
3082 3452 3148 3506 ad
3193 3453 3329 3509 lucis
3354 3470 3505 3510 com-

1936 3540 2377 3611 prehensionem,
2411 3555 2504 3609 per
2550 3542 2779 3610 teipsam
2832 3542 2989 3605 nobis
3042 3544 3284 3599 indidisii
3336 3562 3349 3598 :
3412 3549 3504 3603 sed

1935 3646 2127 3687 rursus
2145 3629 2390 3685 eamdem
2423 3638 2673 3712 repetunt
2699 3634 3027 3698 orationem,
3058 3649 3151 3701 per
3172 3650 3358 3689 eorum
3388 3654 3509 3706 qua:

1935 3724 2195 3777 dicuntur
2237 3720 2578 3775 iterationem
2636 3721 2686 3774 id
2726 3723 2871 3792 quod
2904 3723 3105 3777 dicitur
3146 3724 3249 3780 [ide
3281 3726 3503 3796 dignum

1938 3813 2215 3868 facientes.
2272 3810 2467 3866 Dicunt
2518 3812 2666 3865 enim
2726 3822 3031 3883 repetentes
3066 3833 3078 3867 :
3112 3816 3219 3869 Cor
3265 3816 3507 3873 indidisu’

1938 3905 2087 3958 nobis
2118 3919 2221 3957 uno
2254 3918 2320 3957 ex
2347 3901 2514 3956 oculis
2541 3902 2665 3956 luis.
2702 3901 2815 3957 Hoc
2855 3914 2939 3959 est
2982 3905 3127 3974 quod
3171 3906 3364 3962 amicis
3409 3909 3504 3962 ad-

1937 3995 2245 4049 mirationis
2266 3993 2320 4048 in
2341 4007 2599 4064 sponsam
2626 3995 2917 4048 maximam
2937 3997 3116 4050 attulit
3141 3996 3503 4054 aﬂ'ectionem.

1936 4082 2068 4138 Nam
2111 4099 2233 4138 cum
2285 4086 2356 4139 sit
2396 4083 2593 4153 duplex
2625 4084 2820 4138 anima:
2861 4086 3076 4141 videndi
3116 4090 3398 4157 operatio,
3453 4099 3505 4145 et

1937 4172 2105 4227 altera
2132 4174 2349 4242 quidem
2375 4171 2556 4225 videat
2580 4173 2886 4237 veritatem,
2915 4175 3083 4230 altera
3107 4192 3237 4232 vero
3262 4170 3506 4233 versetur

1938 4265 1993 4317 in
2026 4264 2190 4318 rebus
2217 4264 2369 4318 vanis
2410 4283 2423 4319 :
2478 4264 2919 4336 quandoquidem
2967 4267 3115 4321 circa
3150 4269 3321 4322 solam
3379 4270 3505 4324 boni

1939 4364 2187 4409 naturam
2241 4364 2593 4426 apertuseest
2643 4371 2812 4425 purus
2860 4371 3075 4426 sponsae
3105 4358 3319 4422 oculus,
3374 4361 3508 4415 alter

1938 4455 2116 4501 autem
2144 4444 2303 4515 plane
2343 4446 2554 4500 otiosus
2589 4453 2708 4511 est;
2741 4447 2831 4501 uni
2873 4462 2939 4502 ex
2970 4448 3143 4504 oculis
3178 4448 3335 4505 amici
3390 4452 3507 4504 lau-

1936 4538 2057 4592 dem
2090 4536 2362 4600 tribuunt,
2392 4550 2490 4606 per
2519 4551 2680 4606 quem
2715 4537 2889 4592 solum
2915 4537 3064 4591 illum
3086 4539 3504 4609 contemplatur,

245 4635 345 4689 τὸν
374 4635 619 4694 ἔπαινον,
653 4635 719 4688 δι’
747 4626 808 4688 οὗ
845 4634 1005 4705 μόνου
1033 4634 1227 4706 θεωρεῖ
1261 4635 1352 4687 τὸν
1402 4635 1581 4705 μόνον,
1630 4637 1832 4687 ἐκεῖνον

1938 4629 2113 4692 illum,
2159 4627 2403 4697 inquam,
2450 4627 2625 4682 solum
2654 4628 2748 4698 qui
2793 4629 3273 4698 comprehenditur
3309 4631 3361 4683 in
3404 4631 3496 4684 im-

242 4726 400 4796 λέγω
429 4726 521 4779 τὸν
548 4727 728 4795 μόνον,
759 4726 849 4779 τὸν
877 4728 933 4778 ὲν
960 4728 1025 4796 τῇ
1050 4727 1306 4796 ἀτρέπτῳ
1338 4742 1396 4778 τε
1431 4727 1522 4778 καὶ
1558 4725 1713 4792 άῖὸίῳ
1738 4743 1832 4778 και

237 4817 737 4888 τὼμὸανόμενον
766 4816 946 4886 φύσει,
980 4818 1071 4869 τόν
1099 4834 1156 4870 τε
1183 4816 1433 4887 ἀληθινὸν
1474 4817 1709 4887 Πατέρα,
1740 4816 1833 4869 καὶ

238 4909 341 4964 τὸν
372 4908 636 4978 μονογενῆ
680 4908 828 4971 Υἱὺν,
858 4908 951 4960 καὶ
978 4907 1040 4961 τὸ
1068 4908 1220 4975 ἆγιον
1254 4908 1495 4977 Πνεῦμα.
1527 4908 1702 4961 Μόνον
1728 4909 1832 4978 γάρ

236 5000 402 5051 ἐστιν
438 4996 517 5059 ὡς
545 4996 776 5066 άληθῶς.
810 4996 871 5047 τὸ
897 4998 954 5048 ὲν
987 4998 1085 5066 μιᾷ
1110 4996 1479 5068 θεωρούμενον
1508 4996 1687 5065 φύσει,
1732 5014 1833 5066 μη-

233 5089 377 5143 δένα
405 5088 684 5159 χωρισμὸν
713 5088 745 5158 ἢ
776 5087 1126 5156 ἀλλοτρίωσιν
1154 5088 1250 5159 τῆς
1284 5089 1424 5142 κατά
1458 5089 1558 5153 τὰς
1587 5089 1825 5142 ὑποστά-

236 5198 366 5244 σεις
393 5180 655 5251 διαφορᾶς
688 5180 1036 5251 ἐμποιούσης.
1088 5179 1206 5233 Εἰσὶ
1251 5180 1358 5250 γάρ
1387 5197 1529 5244 τινες
1555 5182 1605 5234 οἳ
1645 5180 1827 5249 διαφό-

233 5288 369 5344 ροις
398 5270 694 5341 ὀφθαλμοῖς
715 5270 900 5332 κακῶς
929 5272 1056 5338 περὶ
1080 5271 1170 5323 τὸν
1192 5270 1529 5341 ἀνύπαρκτον
1553 5270 1825 5334 όξυωποῦ-

234 5380 359 5425 σιν,
412 5362 492 5423 εἰς
535 5360 733 5424 πολλάς
778 5360 967 5428 φύσεις
1010 5361 1070 5412 τὸ
1090 5360 1151 5413 ἓν
1188 5363 1308 5425 ταῖς
1352 5360 1459 5413 τῶν
1491 5359 1827 5429 διαστρόφων

227 5451 548 5525 ὀφθαλμῶν
598 5452 917 5522 φαντασίαις
969 5453 1451 5521 καταμερίξοντες·
1498 5445 1641 5504 οὗτοί
1693 5454 1828 5503 εἰσιν

226 5543 291 5598 οἱ
328 5541 613 5611 λεγόμενοι
654 5543 789 5596 πολὺ
816 5542 1122 5613 βλέποντες,
1154 5544 1203 5594 οἱ
1241 5543 1327 5595 διὰ
1370 5543 1460 5595 τοῦ
1503 5543 1669 5596 πολλὰ
1704 5542 1822 5611 βλέ-

1936 4719 2181 4773 mutabili
2212 4727 2267 4775 et
2302 4713 2505 4773 aeterna
2554 4726 2772 4783 natura,
2817 4734 3012 4790 nempe
3040 4736 3228 4773 verum
3266 4719 3502 4784 Patrem,

1932 4816 1984 4862 et
2011 4808 2348 4878 unigenitum
2374 4806 2595 4872 Filium,
2621 4815 2677 4861 et
2708 4815 2958 4863 sanctum
3000 4808 3285 4879 Spiritum.
3314 4808 3503 4863 Solum

1931 4900 2074 4953 enim
2110 4914 2235 4955 vere
2259 4906 2343 4954 est
2376 4899 2423 4952 id
2460 4898 2605 4968 quod
2636 4906 2742 4962 est,
2782 4899 2927 4969 quod
2968 4900 3023 4953 in
3056 4916 3161 4953 una
3193 4890 3505 4954 considera-

1932 4998 2019 5044 tur
2053 4998 2266 5055 natura,
2301 4990 2503 5043 nullam
2532 4987 2788 5044 aﬂ‘crente
2818 4991 3216 5061 separationem
3248 4999 3342 5045 aut
3374 4992 3501 5046 alic-

1936 5082 2212 5136 nationem
2246 5080 2549 5135 diﬂ‘crentia
2578 5095 2697 5149 qua:
2731 5087 2815 5134 est
2850 5080 2902 5133 in
2933 5080 3339 5151 hypostasibus.
3368 5079 3505 5133 Sunt

1934 5177 2077 5231 enim
2102 5175 2348 5230 nonnulli
2376 5175 2468 5246 qui
2504 5176 2556 5228 in
2584 5174 2813 5229 diversis
2837 5174 3013 5228 oculis
3041 5174 3181 5229 male
3207 5183 3334 5227 sunt
3361 5173 3503 5226 acris

1936 5270 2086 5323 visus
2127 5270 2182 5320 in
2231 5267 2284 5321 id
2321 5265 2467 5337 quod
2503 5282 2607 5320 non
2640 5273 2812 5334 potest
2847 5264 3168 5329 consistere,
3221 5265 3275 5317 in
3305 5265 3501 5317 multas

1934 5359 2317 5428 dispertientes
2341 5370 2564 5412 naturas
2584 5358 2634 5410 id
2662 5356 2806 5426 quod
2828 5371 2993 5409 unum
3014 5362 3096 5411 est
3121 5369 3498 5425 perversorum

1934 5452 2215 5506 oculorum
2274 5451 2594 5506 visionibus.
2643 5448 2681 5501 Ii
2725 5457 2853 5503 sunt
2894 5447 2989 5517 qui
3039 5449 3296 5502 dicuntur
3336 5445 3501 5498 multa

1935 5543 2200 5604 videntes,
2228 5542 2320 5612 qui
2347 5548 2627 5611 propterea
2655 5539 2798 5608 quod
2834 5538 3002 5592 multa
3038 5537 3329 5607 aspiciunt,
3366 5533 3501 5589 nihil

316 5721 372 5754 ⁷⁸
410 5716 617 5775 IJoan.
660 5736 733 5788 tv,
772 5721 857 5774 1‘2.
934 5722 975 5751 τί
1014 5720 1029 5772 |
1069 5717 1303 5772 Titnotlt.
1340 5735 1412 5785 νι,
1459 5719 1541 5772 I6.
1619 5718 1664 5748 ”
1701 5715 1836 5785 Epht

1942 5731 2013 5771 tv.
2062 5716 2146 5769 15.
