3948 6192
458 308 576 368 955

1682 308 1741 365 S.
1772 308 2102 365 GREGOBII
2139 310 2432 367 NYSSENI
3566 315 3648 372 956
3708 358 3719 369 .

466 440 610 497 quos
639 426 890 480 nominat
918 426 1085 479 ubera
1117 441 1215 495 per
1247 426 1515 497 tropicam
1571 427 2023 497 significationem

2152 429 2533 500 κατονομάζει,
2565 430 2613 481 εί
2644 427 2719 499 μὴ
2752 428 2968 498 πρῶτον
2997 426 3227 498 ἀδελφὴν
3251 426 3430 500 ἑαυτὴν
3462 429 3538 482 τοῦ
3564 432 3648 483 Ka-

468 518 578 573 nisi
611 517 727 587 ipsa
760 516 997 587 primum
1035 515 1250 571 Domini
1298 532 1545 573 sororem
1604 535 1663 575 se
1720 519 2050 576 reddidisset

465 622 566 677 per
596 606 867 661 bonorum
899 622 1127 678 operum
1160 607 1523 673 etl‘cctionem,
1565 618 1618 665 et
1667 619 1927 665 renovata
1980 611 2047 665 ad

466 695 841 766 virginitatem
897 710 995 765 per
1046 696 1345 751 secundam
1398 700 1844 768 generationem,
1906 700 2047 754 facta

464 795 614 844 esset
641 803 843 857 sponsa
873 789 994 858 ejus
1050 789 1143 859 qui
1173 789 1345 859 ipsam
1403 792 1713 862 despondit.
1757 795 1859 859 Qui
1916 811 2047 866 ergo

467 894 587 934 eam
619 880 923 935 nominavit
954 896 1201 935 sororem
1232 890 1286 936 et
1314 898 1571 952 sponsam
1606 899 1782 950 suam,
1821 901 2041 941 causam

465 968 600 1025 dicit
624 969 745 1040 ejus
775 970 1005 1025 uberum
1035 971 1353 1027 mutationis
1384 976 1451 1027 ad
1488 974 1539 1027 id
1566 976 1710 1046 quod
1734 986 1818 1032 est
1848 979 2045 1035 melius

465 1069 522 1118 et
562 1062 882 1132 perfectius,
922 1079 987 1118 ex
1026 1063 1227 1133 quibus
1282 1065 1365 1118 lac
1428 1081 1535 1120 non
1592 1068 1825 1137 amplius
1858 1078 2043 1124 manat
2082 1090 2094 1108 ι

464 1153 863 1209 nutrimentum
897 1153 1211 1223 infantium,
1242 1156 1335 1212 sed
1369 1157 1553 1212 vinum
1594 1158 2041 1217 ﬂuitimmortalc

464 1246 531 1300 ad
565 1245 809 1300 lmtitiam
860 1245 1273 1315 perfectiorum,
1308 1248 1467 1318 cujus
1510 1252 1742 1320 gratiam
1784 1267 1889 1305 non
1923 1267 2045 1306 cor-

461 1335 611 1405 rupit
639 1350 779 1404 aqua
808 1344 1263 1404 cauponatorum.
1287 1336 1546 1391 Servatur
1575 1347 1756 1393 autem
1777 1341 2041 1409 quodam-

460 1425 623 1481 modo
687 1426 741 1480 in
804 1426 872 1482 iis
914 1443 1033 1497 quae
1084 1427 1364 1490 dicuntur,
1403 1437 1661 1498 tauquam
1723 1431 1776 1484 in
1810 1432 2039 1501 nuptiali

460 1517 672 1585 laetitia,
708 1520 956 1588 quaedam
993 1519 1280 1575 charitatis
1313 1520 1642 1589 benignitas,
1682 1521 1751 1574 ab
1793 1522 2042 1591 utrisque

460 1609 565 1665 sibi
618 1610 855 1665 invicem
898 1612 1220 1666 amatoriam
1271 1612 1630 1682 largientibus
1674 1612 2036 1669 allectionem.

464 1699 747 1757 Similibus
785 1704 930 1757 enim
971 1703 1201 1757 vocib'us
1250 1703 1494 1757 vicissim
1558 1719 1796 1774 sponsus
1836 1707 2038 1776 excipit

2155 523 2270 592 ρίου
2305 523 2394 574 διὰ
2418 520 2524 574 τῶν
2572 520 2793 590 ἀγαθῶν
2825 521 3001 592 ἔργων
3054 522 3267 590 ἐποίησε
3288 560 3303 585 ,
3329 521 3417 573 καὶ
3448 522 3515 585 είς
3542 540 3652 595 παρ-

2149 611 2329 664 θενίαν
2346 610 2433 665 διὰ
2456 612 2555 682 τῆς
2577 611 2780 665 ἄνωθεν
2792 613 3093 681 γεννήσεως
3109 610 3532 677 ἀνακαινισθείσα,
3550 630 3653 684 μνη-

2150 700 2249 770 στὴ
2279 700 2371 753 καὶ
2402 699 2590 771 νύμφη
2632 700 2725 753 τοῦ
2764 698 3151 769 ἁρμοσαμένου
3179 700 3402 767 ἐγένετο.
3436 701 3489 753 '0
3517 701 3655 755 τοίνυν

2147 787 2383 859 ἀδελφὴν
2410 787 2600 841 ἑαυτοῦ
2628 790 2719 842 καὶ
2749 788 2966 857 νύμφην
3003 787 3174 858 αὐτὴν
3199 791 3560 860 κατονομάσας,
3584 788 3655 862 τὴν

2146 880 2325 934 αίτίαν
2356 880 2503 949 λέγει
2532 883 2629 952 τῆς
2654 880 2790 951 πρὸς
2811 881 2872 933 τὸ
2902 882 3147 952 κρεῖττόν
3177 899 3235 934 τε
3264 884 3357 934 καὶ
3380 883 3659 953 τελειότερον

2143 968 2253 1022 τῶν
2275 971 2463 1040 μαζῶν
2485 970 2657 1041 αὐτῆς
2678 970 3033 1037 ἀλλοιώσεως,
3051 971 3101 1025 οἶ
3125 974 3305 1026 οὐκέτι
3330 973 3461 1042 γάλα
3481 974 3659 1044 βρύουσι

2144 1056 2241 1128 τὴν
2276 1057 2384 1110 τῶν
2431 1058 2638 1129 νηπίων
2671 1059 2906 1129 τροφὴν,
2937 1059 3074 1113 ἀλλὰ
3109 1061 3200 1113 τὸν
3257 1063 3511 1132 ἀκήρατον
3551 1058 3661 1117 οἶνον

2143 1148 2237 1201 ἐπὶ
2269 1149 2575 1221 εὐφροσύνῃ
2601 1150 2711 1203 τῶν
2757 1150 3105 1223 τελειοτέρων
3140 1152 3484 1221 πηγάζουσιν,
3511 1147 3563 1207 οὗ
3586 1158 3661 1226 τὴν

2142 1240 2303 1310 χάριν
2328 1242 2390 1295 τὸ
2429 1243 2537 1296 τῶν
2571 1226 2833 1315 καπήλων
2873 1246 3016 1317 ὕδωρ
3055 1246 3156 1299 οὐκ
3189 1246 3498 1317 ἐλυμήνατο.
3525 1247 3663 1313 Σικε-

2140 1351 2231 1386 ται
2259 1335 2313 1387 δέ
2353 1354 2466 1399 πως
2496 1338 2552 1388 ἐν
2585 1340 2696 1400 τοῖς
2745 1339 3058 1409 λεγομένοις
3095 1339 3171 1402 ὡς
3213 1340 3272 1393 ἐν
3302 1344 3496 1411 γαμικῇ
3528 1341 3664 1413 θυμη-

2140 1424 2260 1495 δία,
2296 1427 2327 1495 ἡ
2383 1429 2703 1501 ἁγαπητικὴ
2743 1430 3133 1501 φιλοφροσύνη,
3176 1430 3246 1484 δι’
3301 1432 3521 1503 ἀμοιδῆς
3562 1435 3665 1503 παρ’

2140 1517 2465 1588 ἀμφοτέρων
2495 1521 2747 1591 ἀλλήλοις
2788 1523 2886 1594 τὴν
2918 1523 3184 1594 ἐρωτικὴν
3217 1524 3667 1596 ἀντιχαριζομένων

2139 1607 2396 1664 διάθεσιν.
2431 1612 2560 1675 Ταῖς
2610 1613 2718 1683 γὰρ
2763 1614 2978 1683 ὁμοίαις
3025 1620 3231 1682 φωναῖς
3263 1616 3667 1681 ἀντιδεξιοιὴαιό

2140 1684 2371 1768 νυμφίος
2412 1703 2510 1771 τὴν
2562 1704 2909 1773 Ἐκκλησίαν,
2938 1699 3019 1769 οἷς
3049 1707 3234 1777 ἐκείνη
3276 1707 3595 1778 προλαόοὖσα
3624 1710 3670 1761 τὸ

458 1793 803 1859 Ecclesiam,
859 1796 1063 1865 quibus
1120 1796 1210 1849 illa
1243 1803 1401 1848 antea
1453 1796 1600 1849 illius
1655 1797 1709 1850 in
1754 1799 2026 1867 procemiis

2138 1791 2347 1845 ἐκείνου
2377 1793 2571 1857 κάλλος
2593 1796 2650 1846 ὲν
2679 1798 2789 1858 τοῖς
2832 1798 3139 1868 προοιμίοις
3170 1775 3491 1869 ἀνύμνησεν.
3528 1800 3670 1862 Εὐθὺς

459 1884 699 1953 laudavit
738 1887 1223 1956 pulchritudinem.
1281 1886 1475 1940 Statim
1530 1887 1679 1942 enim
1735 1889 1788 1943 in
1846 1892 2036 1960 primis

455 1978 706 2045 vocibus,
739 1981 961 2050 quando
997 1981 1237 2035 Verbum
1266 1980 1412 2049 quod
1449 1980 1693 2049 procedit
1728 1997 1793 2035 ex
1826 1997 1921 2036 ore
1948 1981 2032 2036 di-

457 2071 604 2138 vino,
638 2071 968 2129 desideravit
1004 2089 1128 2128 csse
1161 2073 1214 2127 in
1245 2088 1341 2127 ore
1364 2072 1526 2141 ejus;
1581 2073 1682 2127 hoc
1716 2074 2035 2143 signiﬁcans

453 2179 551 2231 per
586 2164 818 2236 aenigma
845 2167 1042 2230 osculi,
1073 2166 1211 2220 dixit
1249 2180 1472 2220 causam
1541 2166 1707 2234 hujus
1737 2168 2030 2233 desiderii,

453 2269 649 2324 nempe
688 2254 832 2325 quod
890 2255 1031 2309 bona
1088 2255 1208 2325 ejus
1276 2256 1389 2309 sint
1419 2255 1536 2325 ipsa
1572 2256 1762 2320 ubera,
1822 2256 2031 2312 liberali

450 2344 573 2412 ejus
610 2345 1051 2415 suppeditatione
1084 2347 1360 2402 vincentia
1387 2346 1500 2400 vini
1531 2353 1807 2413 naturam,
1852 2354 1905 2402 et
1936 2364 2032 2403 su-

452 2437 703 2503 perantia
741 2451 958 2491 omnem
993 2437 1199 2492 bonum
1246 2436 1476 2492 odorem
1523 2448 1928 2507 unguentorum
1980 2450 2034 2493 et

455 2536 785 2592 aromatum,
816 2528 930 2583 haec
956 2508 1043 2587 his
1078 2528 1265 2584 verbis
1285 2528 1510 2585 dicens:
1539 2528 1690 2583 Bona
1719 2540 1841 2583 sunt
1872 2530 2031 2584 ubera

455 2630 549 2672 tua
580 2634 736 2687 super
764 2620 964 2682 vinum,
990 2628 1040 2673 et
1059 2620 1191 2673 odor
1219 2629 1605 2691 unguentorum
1638 2630 1846 2674 tuorum
1871 2638 2032 2690 supra

454 2708 634 2762 omnia
657 2718 920 2763 aromata.
946 2708 1217 2776 Quoniam
1253 2726 1383 2781 ergo
1407 2714 1461 2766 in
1497 2712 1620 2769 aliis
1647 2713 1906 2768 omnibus
1929 2714 2030 2768 hoc

452 2798 650 2869 dogma
684 2800 952 2855 discimus
987 2815 1017 2854 a
1058 2801 1242 2855 divina
1302 2804 1667 2872 philosophia,
1720 2804 1865 2874 quod
1908 2805 2030 2860 talis

450 2890 510 2944 lit
540 2892 698 2947 nobis
729 2891 896 2955 Deus,
943 2893 1132 2960 quales
1166 2907 1266 2947 nos
1318 2893 1425 2947 Deo
1480 2896 1885 2951 ostenderimus
1935 2912 2030 2965 per

449 2981 676 3037 liberam
706 2984 917 3037 arbitrii
952 2984 1126 3038 nostri
1151 2983 1467 3039 electionem
1493 3003 1508 3050 ;
1545 3000 1668 3039 eum
1691 2987 1837 3039 enim
1868 2988 2027 3041 bonis

445 3088 570 3129 esse
600 3073 806 3129 bonum
852 3082 1087 3129 testatur
1134 3074 1305 3129 David
1342 3076 1395 3129 in
1448 3092 1546 3131 sua
1588 3079 1873 3147 prophetia
1903 3098 1916 3132 :
1948 3082 2028 3132 eis

445 3170 630 3219 autem
664 3165 757 3234 qui
812 3167 920 3218 vita
957 3174 1087 3219 sunt
1138 3165 1372 3231 ell‘erati,
1412 3167 1555 3222 alius
1618 3183 1682 3221 ex
1747 3170 2025 3238 pr0pbctis

448 3269 636 3308 ursum
663 3256 796 3310 dicit
822 3265 876 3310 et
917 3256 1166 3324 pardum,
1206 3272 1302 3326 per
1345 3258 1636 3328 aenigmata
1684 3262 1856 3313 multo
1900 3270 2026 3315 ante

444 3344 733 3416 proferens
763 3348 1079 3416 evangelica
1107 3348 1460 3412 documenta,
1491 3349 1545 3402 in
1582 3350 1785 3418 quibus
1817 3351 1958 3407 alius
1994 3369 2024 3406 a

443 3436 654 3491 dextris
678 3439 942 3499 cernitur,
983 3438 1127 3493 alius
1158 3455 1188 3493 a
1230 3439 1473 3495 sinistris
1509 3440 1797 3496 character
1829 3443 2023 3497 verbo-

443 3544 567 3584 rum
605 3530 751 3599 regis
778 3549 791 3584 :
823 3530 948 3585 aliis
968 3532 1187 3601 quidem
1225 3533 1407 3588 bonus.
1435 3541 1489 3587 et
1516 3533 1721 3599 suavis,
1746 3535 1867 3591 aliis
1894 3553 2024 3591 vero

444 3622 708 3678 terribilis
741 3631 795 3678 et
849 3625 1135 3690 insuavis,
1190 3627 1436 3697 seipsum
1494 3638 1865 3697 congruenter
1928 3630 2023 3683 ad-

444 3725 642 3784 aptaus
683 3715 840 3770 liberi
874 3717 1086 3771 arbitrii
1126 3718 1379 3772 cleclioni
1426 3733 1616 3773 eorum
1648 3720 1741 3790 qui
1767 3720 2023 3789 judican-

443 3812 552 3857 tur.
578 3801 648 3855 Ea
679 3804 746 3858 de
774 3820 940 3860 causa
973 3820 1122 3859 nunc
1153 3822 1373 3877 quoque
1407 3822 1437 3860 a
1469 3806 1750 3878 Scriptura
1806 3825 2023 3880 sponsae

442 3908 544 3962 par
580 3892 834 3959 refertur,
862 3895 953 3948 ubi
986 3894 1198 3950 Domini
1248 3897 1548 3951 celebravit
1593 3898 1850 3954 laudibus
1885 3902 2018 3970 pul-

440 3984 837 4050 chritudinem,
880 4003 1002 4039 cum
1035 3988 1140 4057 ipsi
1170 3990 1224 4042 in
1255 3989 1525 4044 similibus
1556 3987 1821 4046 Dominus
1856 3992 2021 4047 vicis-

440 4074 544 4128 sim
580 4074 794 4130 laudem
828 4075 1166 4146 rependerit.
1209 4076 1342 4131 Nam
1377 4078 1492 4147 ipse
1518 4093 1735 4147 quoque
1767 4080 1887 4149 ejus
1919 4080 2017 4135 ad—

438 4167 608 4222 mittit
657 4183 975 4233 mammam,
1028 4184 1223 4238 nempe
1252 4184 1392 4233 eam,
1449 4185 1571 4240 qua:
1611 4187 1707 4241 per
1741 4173 2018 4240 Operatio-

436 4274 562 4315 nem
632 4260 700 4314 ad
755 4262 950 4317 melius
988 4260 1129 4315 facta
1181 4271 1285 4323 est,
1336 4263 1713 4325 mutationem,
1756 4264 2015 4332 quoniam

438 4362 727 4410 cessantes
751 4356 891 4409 lacte
918 4356 1151 4419 nutrire,
1179 4358 1362 4408 vinum
1424 4361 1478 4409 et
1507 4370 1612 4408 non
1667 4355 1749 4409 lac
1787 4354 2011 4426 profun-

2139 1880 2245 1952 γὰρ
2269 1883 2327 1935 ἐν
2374 1888 2493 1948 ταῖς
2543 1884 2787 1957 πρώταις
2817 1891 3040 1956 φωναῖς,
3073 1890 3161 1942 ὅτε
3189 1893 3285 1943 τὸν
3316 1891 3421 1944 ἀπὸ
3445 1891 3533 1944 τοῦ
3553 1891 3673 1943 θείιυ

2138 1976 2405 2047 στόματος
2448 1978 2619 2047 Λόγον
2647 1978 2726 2050 τῷ
2758 1981 2986 2051 στόματι
3034 1983 3205 2053 αὐτῆς
3242 1983 3546 2052 ἐγγενέσθαι
3570 1984 3673 2035 ὲπό-

2138 2064 2269 2136 θησε
2290 2085 2302 2097 ·
2321 2067 2399 2137 τῷ
2421 2068 2514 2120 τοῦ
2538 2068 2838 2139 φιλήματος
2862 2071 3144 2140 αἰνίγματι
3173 2072 3335 2124 τοῦτο
3354 2072 3677 2141 διασημᾶναξ.

2135 2157 2232 2228 τὴν
2250 2159 2428 2211 αἰτίαν
2452 2160 2551 2230 τῆς
2582 2160 2876 2231 ἐπιθυμίας
2900 2157 3041 2213 εἷπε.
3073 2162 3146 2213 Τὸ
3180 2162 3422 2229 ἀγαθοὺς
3448 2159 3572 2215 εἶναι
3597 2162 3677 2213 αὐ-

2133 2249 2229 2303 τοῦ
2254 2252 2381 2314 τοὺς
2416 2254 2675 2321 μαστοὺς,
2695 2253 2961 2317 νικῶντας
2991 2256 3057 2324 τῇ
3090 2254 3222 2325 παρ’
3248 2255 3456 2307 ἑαυτῶν
3480 2258 3678 2325 χορηγία

2132 2342 2231 2413 τὴν
2285 2341 2377 2394 τοῦ
2429 2344 2573 2396 οἴνου
2609 2343 2802 2412 φύσιν,
2836 2346 2931 2397 καὶ
2973 2344 3277 2416 παριόντας
3308 2348 3482 2398 πᾶσαν
3521 2346 3677 2415 μύρων

2132 2448 2191 2483 τε
2225 2433 2317 2484 καὶ
2356 2433 2661 2503 ἀρωμάτων
2702 2434 2952 2497 εὐωδίαν,
2975 2433 3146 2497 οὓτως
3172 2436 3408 2489 εἰποῦσα
3438 2436 3510 2506 τῷ
3535 2436 3677 2505 λόγῳ·

2133 2522 2213 2575 ὅτι
2260 2524 2478 2590 Ἀγαθοὶ
2502 2525 2723 2591 pacto!
2750 2541 2865 2577 σου
2888 2524 3038 2590 ὑπὲρ
3068 2522 3263 2591 οἶνον,
3288 2527 3387 2580 καί
3414 2526 3561 2595 ὀσμὴ
3590 2528 3678 2594 μύ-

2126 2628 2252 2679 ρων
2275 2625 2389 2665 σου
2417 2612 2567 2679 ὑπὲρ
2604 2613 2800 2666 πάντα
2827 2619 2900 2668 τὰ
2944 2616 3249 2687 ἀρώματα.
3291 2619 3503 2689 Ἐπειδὴ
3531 2619 3683 2672 τοίνυν

2133 2703 2226 2754 καὶ
2260 2704 2317 2756 ἐν
2348 2705 2459 2765 τοῖς
2491 2702 2669 2766 ἄλλοις
2711 2707 2843 2758 πᾶσι
2872 2707 3031 2760 τοῦτο
3064 2710 3214 2778 παρά
3246 2710 3351 2780 τῆς
3391 2710 3533 2774 θείας
3559 2710 3686 2780 φιλο-

2134 2792 2324 2857 σοφίας
2355 2792 2412 2843 τδ
2442 2792 2613 2862 δόγμα
2643 2794 3004 2863 μανθάνομεν,
3037 2797 3118 2848 ὅτι
3160 2799 3407 2852 τοιοῦτον
3448 2801 3529 2853 ἀεὶ
3556 2801 3681 2869 γίνε-

2131 2899 2221 2935 ται
2247 2881 2304 2936 τὸ
2328 2880 2480 2936 Θείον
2505 2886 2656 2955 ἡμῖν,
2689 2884 2833 2947 οἴους
2857 2887 2922 2939 ἂν
2946 2888 3170 2952 ἑαυτοὺς
3202 2891 3288 2962 τῷ
3311 2892 3431 2963 Θεῷ
3461 2893 3543 2946 διὰ
3576 2910 3681 2963 προ·

2134 2973 2399 3047 ἆιρέσεως
2427 2977 2709 3046 δείξωμεν.
2743 2978 2969 3046 Ἀγαθὸν
2998 2982 3095 3050 μὲν
3117 2983 3228 3055 γὰρ
3263 2985 3425 3039 αὐτὸν
3451 2982 3685 3049 εἶναιτοῖς

2057 3106 2097 3161 C
2133 3068 2354 3134 ἀγαθοῖς
2395 3070 2424 3119 ὁ
2461 3068 2621 3121 Δαὸὶδ
2653 3070 2709 3120 ἐν
2753 3072 2817 3140 τῇ
2864 3074 3169 3145 προφητείᾳ
3203 3078 3569 3149 μαρτύρεται·
3596 3082 3687 3139 τοῖς

2131 3158 2186 3209 δὲ
2222 3157 2531 3228 θηριωθεῑσι
2568 3159 2656 3211 διὰ
2688 3159 2780 3212 τοῦ
2832 3161 2977 3230 βίου,
3018 3166 3204 3236 ἕτερός
3253 3186 3340 3232 τις
3377 3169 3483 3221 τῶν
3514 3184 3687 3240 7:90:91;-

2128 3245 2237 3299 τῶν
2262 3247 2461 3318 ἄρκτον
2490 3248 2653 3302 αὐτὸν
2680 3250 2827 3316 λέγει
2851 3254 2943 3305 καὶ
2977 3255 3270 3326 πάρδαλιν,
3295 3259 3365 3312 δι’
3383 3260 3687 3328 αἰνιγμάτων

2127 3339 2194 3391 τὰ
2220 3341 2551 3409 εὐαγγελικά
2600 3345 3050 3416 προεκτιθέμενος
3076 3348 3352 3419 δόγματα,
3367 3354 3425 3404 ἐν
3453 3347 3530 3414 οἷς
3554 3350 3686 3412 ἄλλος

2125 3432 2238 3493 τοῖς
2276 3431 2490 3497 δεξιοῖς,
2538 3434 2632 3487 καὶ
2664 3434 2850 3505 ἕτερος
2879 3440 2989 3500 τοῖς
3019 3439 3332 3511 εὐωνύμοις
3354 3445 3382 3495 ὁ
3405 3443 3512 3495 τῶν
3538 3443 3687 3523 λέγων

2126 3522 2218 3575 τοῦ
2258 3522 2522 3592 βασιλέως
2558 3528 2843 3599 χαρακτὴρ
2874 3529 3174 3601 καθορᾶται
3194 3550 3208 3564 °
3227 3538 3348 3599 τοῖς
3388 3536 3484 3606 μὲν
3510 3522 3687 3603 ἀγαθός

2125 3632 2183 3667 τε
2205 3617 2299 3669 καί⁸
2330 3617 2592 3688 μείλιχος,
2608 3623 2720 3683 τοῖς
2746 3620 2803 3673 δὲ
2827 3622 3055 3694 φοϐερὸς
3088 3626 3180 3678 καὶ
3208 3626 3556 3697 ἀμείλικτος,
3580 3632 3687 3678 κατ’

2123 3705 2372 3777 αλλήλως
2434 3712 2500 3780 τῇ
2562 3712 2881 3781 προαιρέσει
2938 3714 3049 3767 τῶν
3113 3719 3459 3786 κρινομένων
3519 3717 3687 3771 ἑαυτὸν

2126 3798 2512 3871 μεθαρμύζων.
2563 3802 2765 3859 Τούτου
2798 3807 2956 3879 χάριν
3006 3810 3099 3862 καὶ
3140 3809 3239 3864 νῦν
3286 3813 3587 3884 πρόσφορος
3629 3813 3685 3879 τῇ

2123 3891 2308 3963 νύμφῃ
2351 3892 2503 3963 παρά
2544 3895 2637 3948 τοῦ
2681 3896 2840 3966 λόγου
2892 3900 2923 3970 ή
2958 3900 3224 3965 ἀντίδοσις
3266 3904 3510 3971 γίνεται.
3539 3907 3591 3956 ἐν
3617 3897 3683 3965 οἷς

2124 3982 2332 4054 ὕμνησε
2362 3985 2457 4038 τοῦ
2490 3987 2759 4042 Δεσπὸτου
2790 3990 2849 4043 τὸ
2870 3991 3085 4057 κάλλος,
3111 3995 3171 4047 ἐν
3196 3999 3318 4060 τοῖς
3337 3998 3539 4068 ὁμοίοις
3568 3997 3682 4064 αὐτῇ

2120 4079 2214 4132 τοῦ
2242 4082 2447 4152 Κυρίου
2482 4085 2974 4158 ἀντιχαρισαμένου
3006 4089 3094 4142 τὸν
3126 4090 3378 4146 ἔπαινον.
3425 4092 3683 4157 Utar/3s]:-

2118 4189 2210 4225 ται
2236 4173 2345 4245 γὰρ
2402 4175 2497 4228 καὶ
2542 4177 2701 4242 αὐτὸς
2742 4178 2848 4231 τῶν
2900 4181 3087 4249 μαζῶν
3134 4184 3311 4254 αὐτῆς
3348 4186 3449 4256 τὴν
3490 4184 3571 4236 διὰ
3602 4182 3684 4249 τῆς

2120 4264 2402 4335 ἐνεργείας
2440 4268 2577 4341 πρὸς
2605 4270 2666 4323 τὸ
2703 4274 2949 4341 κρεῖττον
2986 4278 3367 4346 γεγενημένην
3406 4276 3680 4332 ἀλλοίωσιν,

2118 4355 2201 4408 ὅτι
2241 4358 2335 4411 τοῦ
2386 4360 2814 4433 γαλακτοφορείν
2841 4366 3176 4435 παυσάμενοι
3201 4407 3215 4427 ,
3250 4365 3400 4421 οἶνον
3438 4368 3531 4421 καὶ
3582 4365 3683 4433 οὐχὶ

438 4444 597 4511 dunt,
632 4446 791 4516 cujus
828 4463 994 4517 opera
1039 4446 1461 4517 perfectioribus
1516 4447 1779 4502 cordibus
1836 4449 2014 4501 oritur

2128 4447 2259 4515 γάλα
2310 4450 2640 4521 προχέουσι,
2675 4452 2740 4506 δι’
2779 4447 2839 4506 οὗ
2873 4456 2993 4517 ταῖς
3040 4455 3414 4528 τελειοτέραις
3460 4455 3683 4515 καρδίαις

437 4535 644 4602 laetitia,
685 4555 806 4607 quae
848 4539 1155 4607 juventutis
1188 4552 1296 4592 non
1344 4538 1581 4608 amplius
1629 4546 1865 4609 aguntur
1905 4538 2009 4594 llu-

438 4626 641 4691 ctibus,
662 4628 755 4682 sed
790 4638 1019 4699 possunt
1057 4645 1154 4683 ore
1196 4629 1408 4700 impleri
1438 4644 1503 4684 ex
1539 4641 1751 4685 cratere
1793 4631 2012 4701 sapien-

435 4716 545 4778 tiaa,
575 4726 627 4769 et
656 4718 794 4772 bona
829 4719 1122 4775 attrahere.

504 4890 799 4962 Postquam
860 4896 1023 4965 igitur
1082 4896 1325 4950 laudavit
1381 4898 1547 4952 ubera
1635 4909 1857 4969 pr0pter
1896 4902 2009 4955 vini

432 4982 850 5048 abundantiam,
903 4986 1053 5040 addit
1097 4989 1262 5041 etiam
1324 4990 1541 5045 laudem
1592 4991 1720 5045 boni
1772 4992 1960 5047 odoris
1993 5034 2006 5056 ,

432 5074 655 5129 dicens:
692 5074 758 5128 Et
782 5076 915 5129 odor
953 5077 1382 5131 restimentorum
1416 5091 1625 5134 tuorum
1649 5099 1807 5151 super
1831 5085 2011 5139 omnia

431 5177 699 5222 aromata.
749 5167 976 5239 Oportet
1034 5178 1215 5223 autem
1260 5171 1401 5225 hanc
1456 5174 1665 5229 laudem
1709 5178 2010 5249 intelligere

429 5270 549 5323 eos,
592 5259 684 5330 qui
724 5258 1017 5315 didicerint
1079 5275 1148 5316 ex
1200 5276 1359 5316 sacra
1402 5259 1719 5333 Scriptura.
1749 5279 2002 5323 naturam

429 5363 622 5405 corum
667 5367 787 5422 qua:
836 5351 1193 5406 nominantur
1241 5359 1505 5406 aromata.
1562 5352 1803 5419 Quodvis
1871 5359 2006 5412 bene

430 5441 649 5512 spirans
678 5458 865 5497 aroma
897 5442 955 5497 lit
993 5445 1241 5515 voluptas
1274 5462 1470 5502 sensus
1506 5447 1795 5506 odoratus.
1838 5450 2000 5503 Intel-

430 5531 658 5601 ligamus
679 5550 810 5606 ergo
846 5536 935 5589 illa
990 5535 1094 5592 dici
1172 5549 1437 5602 aromata,
1460 5557 1581 5608 quae
1618 5542 1759 5598 bene
1790 5544 2001 5613 spirare

402 5622 783 5703 ‘di-licimusa
841 5626 1121 5697 Scriptura
1184 5644 1359 5684 sacra.
1418 5629 1486 5685 Ut
1542 5630 1653 5687 Noe
1685 5635 1845 5688 olTert
1891 5634 1998 5689 Deo

444 5711 786 5775 sacriﬁcium,
820 5724 874 5770 et
910 5717 1169 5773 odoratus
1207 5727 1288 5772 est
1348 5717 1487 5774 Deus
1547 5721 1770 5775 odorem
1826 5726 1999 5777 suavi-

2120 4542 2485 4614 ἠεύφροσύνη
2538 4526 2766 4611 γίνεται,
2810 4545 2915 4599 τῶν
2963 4548 3155 4616 μηκέτι
3208 4526 3319 4601 ύπδ
3385 4548 3681 4616 νηπιότητος

2121 4633 2618 4705 κλυδωνιζομένων,
2653 4636 2764 4689 ἀλλ’
2799 4638 2864 4689 ἐκ
2906 4636 3025 4690 τοῦι
3047 4639 3331 4710 κρατῆρος
3371 4640 3471 4708 τῆς
3514 4639 3681 4705 σοφίας

2120 4725 2475 4795 ἐμφορεῖσθαι
2525 4726 2836 4798 δυναμένων
2875 4730 2953 4799 τῷ
2995 4729 3223 4799 στόματι
3268 4733 3367 4785 καὶ
3408 4732 3478 4784 τὰ
3525 4726 3679 4797 ἀγαθὰ

2120 4816 2459 4884 ἐφέλκεσθαι.

2206 4909 2529 4973 Ἐπαινέσας
2560 4911 2738 4964 τοίνυν
2784 4913 2910 4973 τοὺς
2954 4910 3161 4980 μαζοὺς
3185 4913 3270 4965 διὰ
3309 4914 3412 4984 τὴν
3434 4914 3527 4967 τοῦ
3552 4912 3672 4965 οἴνου

2118 4998 2307 5069 φορὰν,
2335 4997 2657 5069 προστίθησι
2689 4999 2782 5051 καὶ
2810 5000 2911 5068 τῆς
2951 5000 3207 5069 εὐοδμίας
3228 5002 3324 5053 τὸν
3355 5003 3585 5060 ἔπαινον,
3611 5000 3672 5051 εί·

2117 5087 2261 5139 πὼνο
2285 5088 2365 5139 ὅτι
2401 5086 2507 5139 Καὶ
2541 5086 2701 5155 ὀσμὴ
2727 5085 2843 5138 τῶν
2867 5089 3111 5155 ἱματίων
3138 5104 3256 5141 σου
3325 5088 3479 5156 ὑπὲρ
3501 5086 3669 5139 πάντα

2115 5179 2185 5231 τὰ
2223 5175 2516 5245 ἀρώματα.
2551 5177 2756 5247 Νοῆσαι
2794 5176 2850 5229 δέ
2897 5177 3000 5247 χρὴ
3048 5177 3140 5230 τὸν
3171 5176 3415 5231 τοιοῦτον
3454 5178 3668 5231 ἔπαινον.

2116 5271 2181 5321 ἐκ
2220 5270 2317 5338 τῆς
2362 5268 2521 5336 ἁγίας
2554 5269 2774 5339 Γραφῆς
2803 5268 2909 5321 τῶν
2932 5268 3341 5337 ὀνομασθέντων
3386 5268 3669 5339 ἀρωμάτων

2117 5348 2460 5432 διδαχθέντας
2504 5361 2601 5431 τὴν
2644 5361 2822 5429 φύσιν.
2876 5362 2992 5413 Πᾶν
3025 5362 3084 5414 τὸ
3106 5360 3337 5414 εὔπνουν
3369 5364 3562 5433 ἄρωμα
3591 5356 3671 5425 τῆς

2117 5453 2482 5523 ὁσφραντικῆς
2514 5450 2814 5522 αἰσθήσεως
2836 5451 2996 5522 ἡδονὴ
3022 5452 3226 5519 γίνεται
3265 5451 3480 5504 υύκοῦν
3510 5450 3668 5501 ἐκεῖνα

2117 5544 2293 5613 λέγειν
2338 5543 2604 5614 ἀρώματα
2640 5543 2731 5595 τὸν
2770 5541 2925 5610 λόγον
2953 5544 3372 5613 νοήσωμεν,ὅσα
3410 5540 3552 5612 παρὰ
3586 5536 3669 5605 τῆς

2116 5635 2335 5704 Γραφῆς
2376 5635 2620 5687 εὐπνοεῖν
2667 5633 3041 5704 ἐδιδάχθημεν.
3079 5629 3201 5687 Οἷον
3248 5632 3512 5701 προσάγει
3560 5625 3666 5679 Νῶε

2115 5725 2189 5789 τῷ
2235 5726 2354 5791 Θεῷ
2403 5726 2498 5793 τὴν
2540 5725 2750 5789 θυσίαν,
2795 5727 2886 5777 καὶ
2946 5724 3235 5793 ὼσφράνθη
3269 5722 3472 5791 Κύριος
3508 5716 3666 5786 ἀτμῆν
