3948 6192
266 311 358 365 961
1332 310 1396 364 ΙΝ
1432 311 1727 368 CANTICA
1754 310 1852 367 CA]

1960 311 2019 364 C.
2064 309 2346 364 HOMIIJA
2387 308 2478 363 1X.

3420 317 3525 373 962

267 423 423 494 ρέτου
450 421 598 491 ζωῆς
626 425 657 492 ἡ
690 423 825 492 πρὸς
851 424 912 476 τὸ
932 424 1083 477 Θεῖόν
1108 426 1254 477 ἐστιν
1278 426 1536 494 ὁμοίωσις
1557 468 1572 491 ,
1604 428 1693 480 καὶ
1723 428 1841 483 τού⁶

1956 424 2063 479 Deo
2090 425 2406 492 assimilari,
2436 433 2489 481 et
2526 440 2589 480 ea
2623 427 2701 493 de,
2739 442 2904 483 causa
2939 427 3134 483 anima:
3187 429 3421 499 puritas,
3470 445 3525 488 et

266 526 357 564 του
385 510 548 580 χάριν
572 512 606 582 ἦ
626 527 684 563 τε
720 514 814 583 τῆς
851 512 1032 583 ψυχῆς
1065 513 1402 584 καθαρότης,
1442 517 1535 569 καὶ
1565 518 1626 570 τὸ
1667 518 1842 586 πάσης

268 602 551 674 ἑμπαθοῦς
576 603 867 667 διαθέσεως
896 606 1278 675 ἀνεπίμικτον,
1309 606 1374 658 δι’
1405 608 1715 678 ἐπιμελείας
1748 626 1844 662 κα·

266 692 551 764 τορθοῦται
582 696 695 756 τοῖς
729 681 1021 765 ἒναρέτοις,
1057 696 1197 748 ῶστε
1230 695 1353 749 τινὰ
1387 696 1710 768 χαρακτῆρα
1751 700 1845 768 τῆς

266 783 671 855 ὑπερκειμένης
704 786 919 853 φύσεως
948 785 1037 839 διὰ
1073 787 1176 856 τῆς
1203 789 1552 860 ἀστειοτέρας
1575 788 1726 860 ζωῆς
1756 791 1846 843 καὶ

266 877 322 927 ὲν
356 876 544 939 αὐτοῖς
575 875 847 943 γενέσθαι.
897 876 1117 948 Ἐπειδὴ
1150 879 1328 931 τοίνυν
1356 881 1417 933 ού
1457 879 1731 949 μονοειδής
1764 882 1846 942 τίς

266 969 436 1030 ἐστιν,
471 967 592 1021 οὐδὲ
625 968 957 1038 μονότροπος
986 969 1017 1037 ή
1056 971 1174 1022 κατ’
1207 970 1406 1042 ἀρετὴν
1438 971 1697 1032 πολιτεία,
1732 972 1845 1024 ἀλλ’

266 1058 457 1129 ὥσπερ
484 1059 577 1111 ὲπί
602 1059 698 1127 τῆς
724 1057 832 1110 τῶν
860 1058 1199 1128 ὑφασμάτων
1230 1064 1570 1131 κατασκευῆς
1602 1062 1688 1114 διὰ
1718 1062 1846 1114 πολ-

265 1148 372 1201 λῶν
418 1151 675 1219 νημάτων
715 1150 824 1202 τῶν
868 1150 968 1220 μὲν
1019 1153 1106 1203 ἐπ’
1157 1152 1372 1215 εὐθείας
1408 1153 1844 1222 ἀνατεταμένων,

264 1241 374 1293 τῶν
423 1241 481 1293 δὲ
524 1240 665 1293 κατὰ
708 1241 769 1292 τὸ
813 1241 1042 1307 πλάγιον
1088 1241 1458 1313 διῃρημένων,
1509 1245 1540 1312 ἡ
1581 1244 1845 1313 ὑφαντικὴ

264 1332 427 1402 τέχνη
454 1331 552 1401 τὴν
576 1330 778 1399 ἐσθῆτα
818 1334 994 1383 ποιεῖ’
1037 1330 1179 1383 οὕτω
1209 1332 1303 1383 καὶ
1340 1333 1430 1384 ἐπὶ
1464 1334 1561 1401 τῆς
1593 1334 1845 1403 ἐναρέτου

266 1419 414 1489 ζωῆς
448 1419 616 1472 πολλά
656 1423 759 1489 χρὴ
802 1420 1161 1490 συνδραμεῖν.
1195 1421 1259 1473 δι’
1290 1418 1364 1474 ὧν
1398 1424 1425 1475 ὁ
1474 1424 1686 1485 ἀστεῖος
1725 1422 1847 1487 ἐξυ-

267 1510 519 1577 φαίνεται
549 1510 695 1579 βίος,
728 1510 911 1572 καθὼς
945 1512 1341 1582 ἀπαριθμεῖται
1383 1512 1451 1565 τά
1498 1513 1717 1566 τοιαῦτα
1757 1516 1850 1583 νή-

268 1616 421 1669 ματα
465 1601 494 1652 ὁ
543 1600 684 1662 θεῖος
745 1601 1101 1664 Ἀπόστολος,
1133 1602 1200 1654 δι’
1247 1597 1320 1654 ὧν
1368 1604 1399 1672 ἡ
1440 1602 1547 1654 τῶν
1597 1603 1848 1673 καθαρῶν

265 1691 447 1761 ἔργων
480 1690 761 1759 ἱστουργία
796 1692 1142 1745 συνίσταται’
1172 1693 1391 1763 ἀγάπην
1425 1692 1597 1760 λέγων
1634 1696 1725 1746 καὶ
1751 1712 1846 1763 χα-

1948 515 2080 567 nihil
2114 517 2314 571 habere
2346 516 2916 570 admistum-omnium
2949 517 3117 571 animi
3172 527 3420 574 motuum
3458 536 3523 575 ac

1948 606 2446 672 perturbationum,
2478 620 2507 657 a
2530 604 2670 658 viris
2702 605 2863 658 bonis
2891 606 3184 675 diligenter
3207 618 3519 674 exercetur,

1949 706 2005 747 ut
2031 712 2125 765 per
2151 698 2428 750 meliorem
2462 697 2632 750 vitam’
2663 697 2735 749 sit
2764 698 2817 749 in
2853 698 2932 751 eis
2968 698 3211 766 quoniam
3248 698 3419 768 ﬁgura
3468 708 3523 755 ct

1948 790 2232 844 character
2278 798 2485 842 natura:
2526 790 3012 858 suncreniinentis.
3072 788 3343 853 Quoniam
3391 808 3523 861 ergo

1949 897 2055 943 non
2080 888 2165 934 est
2199 880 2517 943 uniformis,
2550 896 2728 947 neque
2763 880 2928 931 unius
2964 878 3108 930 modi
3146 879 3255 931 vita
3305 895 3427 948 qua:
3459 896 3523 934 ex

1951 973 2149 1025 virtute
2207 972 2411 1040 agitur,
2468 971 2563 1023 sed
2618 969 2896 1039 quomodo
2947 969 3000 1022 in
3046 970 3150 1021 tela
3214 978 3307 1022 aut
3360 971 3523 1039 panni

1952 1071 2185 1127 textura,
2235 1078 2332 1133 per
2383 1063 2558 1115 multa
2619 1062 2726 1122 lila,
2786 1078 3014 1129 quorum
3051 1062 3155 1114 alia
3212 1061 3431 1131 quidem
3470 1063 3526 1115 in

1949 1162 2158 1206 rectum
2195 1163 2323 1207 sunt
2360 1161 2609 1218 extensa,
2639 1153 2743 1204 alia
2776 1162 2957 1205 autem
2999 1167 3094 1220 per
3146 1160 3525 1206 transversum

1948 1245 2143 1307 divisa,
2181 1259 2270 1299 ars
2307 1244 2526 1297 texendi
2563 1243 2692 1295 facit
2735 1251 2939 1295 vestem
2973 1261 2985 1295 :
3030 1243 3101 1294 ita
3128 1244 3288 1296 etiam
3324 1242 3376 1295 in
3420 1243 3525 1295 vita

1909 1337 2070 1402 ’quae
2102 1350 2166 1387 ex
2221 1334 2425 1386 virtute
2473 1333 2676 1402 agitur,
2722 1333 2889 1384 multa
2956 1339 3169 1400 oportet
3229 1347 3528 1386 concurre-

1953 1439 2030 1485 re,
2066 1439 2161 1491 per
2211 1438 2331 1490 qua:
2390 1423 2528 1475 bona
2593 1421 2797 1474 texitur
2856 1421 2965 1473 vita
3018 1440 3030 1474 :
3103 1422 3246 1475 sicut
3306 1422 3529 1477 divinus

1949 1513 2153 1567 Paulus
2241 1515 2351 1567 luet:
2444 1514 2530 1566 illa
2601 1522 2929 1574 enumerat,
2996 1529 3093 1582 per
3178 1530 3299 1583 qua:
3395 1530 3530 1569 con-

1951 1604 2095 1655 sistit
2173 1610 2388 1655 textura
2480 1601 2751 1653 bonorum
2840 1616 3111 1679 operum,
3203 1604 3527 1659 charitatem

1951 1694 2164 1758 dicens,
2203 1702 2255 1747 et
2283 1692 2566 1763 gaudium,
2608 1700 2659 1746 et
2688 1705 2901 1761 pacem;
2953 1694 3442 1762 longanimitatem,
3476 1704 3530 1750 et

268 1781 372 1851 ράν
402 1782 500 1834 καὶ
534 1783 777 1853 εἰρήνην,
826 1778 1212 1853 μακροθυμίαν
1254 1800 1313 1834 τε
1356 1783 1448 1835 καὶ
1484 1784 1846 1854 χρηστότητα,

1956 1785 2363 1853 benignitatem,
2419 1793 2474 1837 et
2538 1799 2881 1852 qurecunque
2940 1792 3069 1837 sunt
3122 1786 3527 1853 hujusmodi",

266 1875 362 1926 καὶ
394 1874 574 1928 πάντα
601 1875 669 1927 τά
699 1873 943 1939 τοιαῦτα,
970 1869 1050 1938 οἷς
1080 1876 1505 1943 κατακοσμεῐται
1534 1878 1561 1928 ὁ
1586 1878 1649 1927 ἐκ
1676 1876 1849 1950 φθαρ-

263 1963 364 2017 τοῦ
389 1983 450 2017 τε
485 1967 578 2018 καὶ
610 1967 798 2035 γηΐνου
844 1965 958 2035 βίου
1002 1967 1099 2037 τὴν
1140 1967 1386 2037 οὐράνιον
1420 1967 1723 2037 ἀφθαρσίαν
1758 1986 1850 2037 με-

264 2055 640 2124 τεειδυόμενος.
695 2055 896 2108 Τούτου
955 2057 1114 2125 χάριν
1164 2055 1488 2124 ἀποδέχεται
1534 2058 1624 2107 τὸν
1675 2058 1728 2106 ἐν
1783 2060 1847 2126 τῇ

263 2146 453 2216 ἐσθῆτι
485 2147 685 2217 κόσμον
717 2148 815 2217 τῆς
844 2146 1084 2218 νύμφης,
1113 2148 1188 2209 ὡς
1222 2146 1299 2217 τῷ
1333 2146 1535 2217 λιϐάνῳ
1578 2148 1719 2199 κατά
1752 2149 1850 2217 τὴν

261 2236 443 2305 ὀσμὴν
490 2237 866 2306 ὁμοιούμενον.
924 2237 1186 2304 Καίτοιγε
1245 2238 1349 2306 πρὸ
1398 2234 1585 2288 τούτου
1635 2236 1851 2289 πάντων

260 2322 422 2378 εἶπεν
463 2326 571 2378 τῶν
620 2328 927 2398 ἀρωμάτων
973 2328 1223 2397 προέχειν
1259 2329 1356 2396 τὴν
1386 2327 1477 2379 τοῦ
1534 2326 1704 2397 μύρου
1756 2328 1852 2396 τῆς

262 2416 487 2487 νύμφης
516 2417 853 2485 εὐωδίαν,ιῦς
874 2419 1050 2471 δοκεῖν
1082 2420 1136 2472 ἐν
1164 2418 1335 2487 τούτῳ
1361 2418 1682 2488 καθαίρεσιν
1714 2413 1851 2470 εἶναι

262 2509 373 2561 τῶν
410 2509 732 2582 ἐγκωμίων,
767 2512 924 2580 εἴπερ
965 2512 997 2579 ἡ
1047 2509 1245 2571 παντὸς
1289 2508 1578 2597 ἀρώματος
1623 2509 1851 2579 ὑπερτε-

262 2597 441 2661 θεῖσα,
501 2599 596 2651 νῦν
651 2599 785 2666 πρὸς
827 2597 884 2650 ἓν
927 2599 1034 2651 τῶν
1080 2599 1386 2668 ἀρωμάτων
1442 2598 1718 2668 ὁμοιοῦται
1766 2598 1852 2650 διὰ

262 2690 645 2760 συγκρίσεως,
699 2688 870 2752 οὕτως
914 2690 1158 2751 εἰπόντος
1200 2688 1291 2741 τοῦ
1332 2688 1503 2757 Λόγου
1529 2704 1541 2718 ·
1580 2691 1659 2741 ὅτι
1698 2688 1852 2741 Κατά

263 2780 362 2849 τὴν
404 2779 582 2850 ὀσμὴν
612 2779 703 2832 τοῦ
736 2778 955 2832 λιϐάνου
986 2779 1093 2831 τῶν
1129 2779 1357 2849 ἱματίων
1392 2778 1484 2831 σού
1523 2768 1668 2831 ἐστιν
1699 2780 1731 2848 ἡ
1765 2778 1853 2829 εύ-

263 2874 421 2926 ωδία.
467 2874 608 2925 Ἀλλ’
654 2873 841 2943 ἐπειδὴ
877 2873 1182 2936 ἰδιαζόντως
1224 2873 1366 2925 κατά
1409 2889 1531 2925 τινα
1570 2872 1727 2938 λόγον
1772 2873 1851 2934 εἰς

270 2968 361 3021 τὴν
391 2965 489 3020 τοῦ
522 2965 678 3019 Θείου
724 2964 888 3036 τιμὴν
932 2964 1373 3033 ἀποτεταγμένον
1418 2959 1486 3033 ἦν
1537 2963 1598 3015 τὸ
1634 2962 1727 3015 τοῦ
1766 2962 1850 3015 λι-

263 3059 431 3113 ϐάνου
455 3056 729 3128 θυμίαμα,
760 3056 945 3108 τούτου
975 3056 1133 3126 χάριν
1168 3059 1200 3124 ἡ
1230 3055 1369 3126 ὑπὲρ
1402 3056 1578 3108 πάντα
1610 3055 1675 3108 τὰ
1707 3054 1852 3125 ἀρῶ-

266 3168 415 3221 ματα
444 3145 585 3201 εἶναι
622 3148 868 3218 κριθεῖσα
894 3146 1138 3210 ἀξιοῦται
1166 3147 1263 3216 τῆς
1308 3146 1444 3217 πρὸς
1477 3146 1536 3198 τὸ
1566 3146 1622 3200 ἒν
1655 3146 1851 3216 ἀρωμα

265 3242 602 3312 ὁμοιώσεως,
638 3241 699 3293 τὸ
722 3239 801 3310 τῷ
827 3238 943 3309 Θεῷ
968 3238 1344 3309 ἀνακείμενον,
1371 3238 1445 3301 ὡς
1474 3240 1533 3292 τὸ
1558 3239 1733 3311 νόημα
1760 3238 1851 3291 τοῦ

266 3332 591 3401 αἰνίγματος
628 3329 865 3385 τοιοῦτον
908 3323 1077 3382 εἶναι·
1122 3330 1204 3382 ὅτι
1256 3322 1431 3391 Σοὶ,ὧ
1492 3328 1700 3399 νύμφη,
1747 3327 1853 3381 τῶν

266 3424 480 3495 ἀρετῶν
503 3426 538 3492 ὴ
567 3422 828 3493 περιϐολὴ
856 3422 954 3492 τὴν
993 3419 1142 3473 θείαν
1177 3421 1422 3491 μιμεῖται
1455 3419 1851 3491 μακαριότητα,

266 3515 355 3568 διὰ
385 3512 756 3583 καθαρότητός
786 3530 844 3565 τε
867 3514 959 3566 καὶ
984 3511 1275 3577 ἀπαθείας,
1303 3516 1370 3585 τῇ
1393 3512 1669 3581 ἀπροσίτῳ
1697 3509 1852 3578 φύσει

265 3609 627 3681 ὁμοιουμένη.
648 3606 881 3678 Τοιαύτη
910 3606 1018 3677 γὰρ
1046 3608 1079 3676 ἡ
1108 3606 1215 3658 τῶν
1246 3606 1403 3659 θείων
1437 3605 1662 3675 ἱματίων
1691 3601 1853 3672 ὀσμὴ,

265 3703 349 3764 ὡς
388 3701 525 3772 πρὸς
562 3699 654 3752 τὸν
687 3698 901 3751 λίϐανον
930 3694 1184 3767 ἐμφερῶς
1213 3694 1358 3765 ἔχειν
1385 3690 1475 3748 τιν
1504 3693 1854 3761 ἀνακείμενον

266 3795 352 3857 εἰς
378 3791 477 3861 τὴν
506 3789 598 3842 τοῦ
631 3789 765 3843 Θεοῦ
790 3789 975 3859 τιμήν.

344 3884 514 3937 Πάλιν
556 3880 891 3952 μανθάνομεν
927 3879 1014 3932 διά
1050 3877 1157 3931 τῶν
1200 3878 1395 3949 ἐφεξῆς
1434 3878 1689 3940 ἐπαίνων,
1742 3877 1857 3939 πῶς

270 3975 341 4028 ἀν
369 3993 453 4038 τις
479 3975 689 4043 γένοιτο
712 3971 807 4025 τοῦ
850 3972 1056 4041 Κυρίου
1096 3971 1299 4043 ἀδελφὴ
1341 3970 1434 4022 καὶ
1467 3969 1751 4037 ὁμόζυγος,
1790 3968 1855 4020 δι’

266 4060 349 4120 ὧν
390 4082 576 4135 φησιν,
607 4065 688 4117 ὅτι
728 4061 932 4131 Κῆπος
975 4060 1422 4130 κεκλεισμένος,
1473 4059 1703 4128 ἀδελφή
1737 4078 1856 4129 μου

268 4158 501 4224 νύμφη.
539 4151 747 4208 Οὐκοῦν
781 4152 942 4215 εἴτις
982 4154 1371 4221 μεταποιεῖται,
1409 4148 1591 4219 νύμφη
1631 4149 1727 4219 μὲν
1772 4148 1858 4201 διὰ

269 4248 370 4302 τοῦ
405 4245 875 4318 προσκολληθῆναι
915 4242 992 4313 τῷ
1029 4242 1219 4312 Κυρίῳ
1250 4240 1531 4310 γενέσθαι·
1571 4240 1773 4311 ἀδελφὴ
1802 4238 1858 4291 δὲ

268 4340 364 4394 διὰ
393 4338 489 4392 τοῦ
520 4338 580 4392 τὸ
610 4336 821 4408 θέλημα
846 4335 1009 4390 αὐτοῦ
1031 4333 1484 4406 κατεργάζεσθαι,
1507 4332 1687 4396 καθὼς
1714 4332 1858 4400 λέγει

1950 1876 2147 1942 quibus
2199 1884 2428 1927 ornatur
2484 1875 2577 1942 qui
2638 1876 2919 1928 caelestem
2977 1877 3225 1929 induitur
3276 1878 3529 1933 incorru-

1950 1968 2210 2035 ptionem,
2246 1982 2308 2018 ex
2350 1967 2457 2018 vita
2498 1975 2715 2019 terrena
2764 1966 2817 2018 in
2859 1982 3023 2035 quam
3065 1968 3214 2019 cadit
3251 1969 3527 2025 interitus.

1948 2055 2245 2125 Propterea
2277 2056 2482 2124 accipit
2517 2056 2607 2124 qui
2651 2056 2702 2108 in
2737 2066 2889 2109 veste
2917 2066 2999 2110 est
3052 2066 3305 2110 ornatum
3364 2075 3532 2127 sport-

1949 2161 2040 2209 sre,
2081 2153 2139 2199 ut
2175 2146 2268 2215 qui
2325 2145 2495 2200 odore
2554 2145 2625 2199 sit
2675 2146 2874 2201 similis
2925 2146 3097 2201 thuri.
3150 2147 3316 2217 Atqui
3378 2151 3531 2217 prius

1950 2237 2087 2290 dixit
2141 2238 2402 2291 omnibus
2460 2238 2801 2292 aromatibus
2868 2239 3197 2293 antecellere
3263 2241 3531 2309 unguenti

1950 2343 2165 2397 spousre
2199 2328 2401 2381 bonum
2437 2328 2660 2382 odorem
2696 2346 2709 2380 :
2746 2327 2882 2381 adeo
2926 2337 2983 2381 ut
3027 2329 3082 2382 in
3113 2329 3217 2384 hoc
3276 2331 3529 2385 videatur

1949 2416 2129 2469 omnia
2161 2417 2352 2470 tollere
2386 2417 2664 2479 encomia,
2700 2418 2971 2487 siquidem
3014 2436 3134 2489 qure
3182 2421 3357 2475 cuivis
3394 2436 3533 2491 prm-

1951 2507 2058 2557 lata
2099 2504 2201 2557 fuit
2255 2506 2515 2570 aromati,
2576 2523 2723 2561 nunc
2763 2524 2861 2577 per
2915 2513 3382 2577 comparationem
3437 2514 3534 2565 uni

1952 2595 2293 2649 assimilatur
2346 2597 2608 2659 aromati,
2662 2613 2787 2651 eum
2839 2599 2918 2652 sic
2966 2599 3164 2654 dixerit
3199 2602 3530 2672 Scriptura:

1954 2684 2107 2739 Sicut
2137 2687 2274 2739 odor
2306 2688 2482 2741 thuris
2514 2696 2597 2741 est
2634 2690 2811 2743 bonus
2845 2690 2982 2744 odor
3022 2701 3238 2746 tuaruu
3274 2696 3532 2749 vestium.

1954 2777 2056 2831 Sed
2088 2779 2344 2847 quoniam
2375 2779 2640 2849 peculiari
2694 2782 2931 2849 quadarn
2969 2782 3182 2837 ratione
3218 2783 3308 2837 Dei
3340 2786 3534 2842 honori

1952 2871 2249 2938 deputatus
2280 2878 2397 2923 erat
2430 2871 2605 2925 thuris
2635 2871 2871 2934 sumtus,
2903 2887 2964 2925 ea
2989 2871 3055 2926 de
3087 2889 3252 2928 causa
3284 2891 3403 2944 qua:
3435 2875 3537 2929 fuit

1952 2962 2175 3029 praelata
2208 2961 2463 3015 ou'tnihus
2500 2962 2864 3025 aromatihus,
2895 2962 3059 3031 digna
3102 2976 3359 3018 censetur
3416 2982 3537 3035 qua:

1954 3053 2290 3107 assimiletur
2320 3054 2413 3106 uni
2443 3044 2696 3118 arbmati,
2735 3054 2881 3124 quod
2916 3053 3023 3109 Deo
3053 3055 3387 3110 dedicatum.
3417 3059 3536 3123 Quo

1908 3142 1923 3159 ‘
1958 3144 2013 3196 ﬁt
2052 3152 2110 3196 ut
2143 3144 2215 3195 sit
2248 3144 2337 3198 hic
2397 3160 2593 3198 sensus
2624 3144 3188 3213 azuigmatis:Tuum,
3246 3162 3278 3199 ο
3312 3163 3535 3216 sponsa,

1956 3235 2221 3289 vit-tutum
2261 3235 2642 3289 indumentum
2699 3237 2947 3290 imitatur
2979 3238 3216 3291 divinant
3249 3238 3531 3294 beatitudi-

1956 3339 2119 3387 nem,
2167 3339 2262 3393 per
2331 3324 2623 3393 puritatem
2680 3333 2733 3379 et
2808 3325 3268 3397 impatihilitalem
3319 3329 3538 3382 assimi~

1955 3414 2066 3467 lata‘
2127 3425 2337 3469 natura:
2392 3415 2457 3468 ad
2513 3432 2676 3484 quam
2738 3431 2846 3470 non
2906 3424 3056 3485 patet
3122 3417 3326 3472 aditus.
3390 3418 3540 3473 Talis

1955 3514 2038 3558 est
2099 3507 2289 3570 enim,
2353 3506 2580 3575 inquit,
2641 3506 2782 3560 odor
2875 3514 3097 3560 tuorum
3180 3509 3539 3562 vestimento-

1958 3610 2116 3655 rum,
2176 3605 2235 3648 ut
2280 3596 2354 3648 sit
2412 3594 2608 3649 similis
2652 3595 2821 3656 thuri,
2876 3594 3019 3663 quod
3072 3592 3163 3648 Dei
3216 3594 3409 3648 honori
3455 3602 3539 3648 est

1957 3678 2222 3733 dicatum.

2031 3863 2242 3915 Rursus
2302 3876 2397 3929 per
2475 3859 2666 3914 laudes
2722 3874 2844 3928 qum
2918 3858 3180 3928 deinceps
3232 3871 3541 3930 sequuntur

1958 3952 2244 4011 discimus,
2278 3951 2744 4021 quemadmodum
2794 3950 2887 4005 ﬁat
2938 3951 3215 4021 quispiam
3274 3967 3434 4007 soror
3486 3963 3543 4008 et

1958 4043 2160 4110 coujux
2199 4042 2413 4095 Domini
2453 4058 2548 4112 per
2588 4043 2690 4096 hoc
2726 4042 2870 4112 quod
2924 4041 3081 4109 dicit,
3116 4041 3186 4097 Es
3215 4044 3394 4099 hortus
3419 4060 3543 4098 con-

1959 4135 2160 4200 clusus,
2190 4150 2341 4187 soror
2376 4150 2489 4187 mea
2527 4151 2741 4202 sponsa.
2774 4131 2831 4187 Si
2863 4134 3133 4204 quispiam
3160 4150 3290 4204 ergo
3312 4135 3416 4188 hoc
3438 4135 3545 4190 sibi

1961 4224 2222 4287 vindicat,
2270 4234 2327 4279 ut
2379 4225 2450 4279 sit
2500 4225 2719 4295 quidem
2785 4240 3011 4294 sponsa,
3060 4234 3348 4295 propterea
3397 4227 3542 4292 quod

1961 4318 2331 4387 coniungatur
2362 4316 2614 4381 Domino,
2646 4331 2807 4371 soror
2839 4324 3043 4378 autem,
3076 4324 3362 4385 prOpterea
3395 4316 3540 4385 quod

271 4433 337 4484 τὸ
367 4428 693 4498 Εὑαγγέλιον
710 4445 723 4458 ·
750 4407 933 4493 κῆπος
959 4424 1186 4496 εὐανθὴς
1215 4423 1455 4493 γενέσθω
1481 4426 1695 4476 πάντων
1723 4420 1852 4492 ἔχων

1965 4411 2086 4481 ejus
2117 4410 2278 4463 faciat
2313 4409 2675 4471 voluntatem,
2706 4407 2851 4461 sicut
2878 4407 3012 4461 dicit
3048 4407 3424 4476 Evangelium,
3448 4407 3544 4461 {lat

273 4525 333 4574 ἐν
373 4520 551 4590 ἐαυτῷ
575 4520 683 4572 τῶν
722 4517 899 4587 φυτῶν
928 4516 1024 4587 τὴν
1062 4516 1230 4587 ὥραν,
1260 4516 1359 4585 τήν
1388 4531 1447 4566 τε
1483 4512 1738 4580 γλυκεῖαν
1768 4528 1859 4563 συ-

276 4613 405 4680 κῆν,
441 4612 535 4664 καὶ
565 4609 663 4680 τὴν
703 4608 1051 4678 κατάκαρπον
1095 4607 1297 4667 ἐλαίαν,
1336 4604 1430 4657 καὶ
1470 4604 1557 4656 τὸν
1596 4604 1860 4673 ὑψίκομον

275 4703 521 4771 φοίνικα,
565 4702 661 4754 καὶ
703 4700 801 4769 τὴν
844 4698 1172 4767 εὐθηνοῦσαν
1217 4695 1478 4767 ἄμπελον,
1531 4695 1605 4764 μὴ
1656 4693 1859 4764 θάμνον

277 4792 572 4858 ἀκανθῶδη
608 4790 750 4856 τινὰ,
783 4789 916 4861 μηδὲ
945 4788 1193 4851 κόνυζαν,
1219 4786 1353 4840 ἀλλὰ
1379 4785 1713 4856 κυπάρισσον
1744 4783 1859 4837 ἀντ’

279 4881 460 4935 αὐτῶν
495 4882 588 4934 καὶ
639 4879 922 4952 μυρσίνην.
970 4877 1124 4931 Οὕτω
1165 4875 1271 4946 γὰρ
1302 4874 1391 4927 τὸν
1423 4874 1657 4928 τοιοῦτον
1688 4874 1859 4943 κῆπον

282 4967 421 5023 οἶδεν
450 4970 706 5041 ὼραῖζειν
735 4970 763 5021 ὁ
802 4968 977 5038 μέγας
1007 4964 1185 5028 Δαϐὶδ,
1208 4966 1301 5017 καὶ
1326 4965 1353 5015 ὁ
1380 4962 1578 5033 ὑψηλὸς
1604 4956 1856 5024 Ἠσαῖας·

283 5064 317 5117 ὁ
341 5063 438 5133 μὲν
455 5063 632 5130 λέγων
651 5077 664 5090 ·
697 5059 932 5126 Δίκαιος
949 5059 1029 5124 ὡς
1051 5055 1249 5126 φοῖνιξ
1270 5053 1537 5121 ἀνθήσει·
1562 5052 1673 5113 καὶ,
1716 5051 1862 5121 Ἐγὼ

283 5153 356 5207 δὲ
386 5155 464 5219 ὡς
488 5152 663 5206 ἐλαιά
688 5150 1080 5217 κατάκαρπος·
1108 5148 1220 5211 καὶ,
1241 5146 1310 5199 Ἡ
1330 5143 1481 5214 γυνή
1508 5160 1622 5197 σου
1651 5143 1731 5209 ὡς
1757 5143 1863 5213 ἅμ-

282 5247 473 5309 πελος
517 5240 892 5308 εὐθηνοῦσα’
936 5238 1029 5291 καὶ⁹
1076 5238 1204 5306 παρ’
1257 5235 1426 5305 ἑτέρῳ
1472 5233 1578 5285 τινὶ
1612 5233 1863 5304 προφήτῃ

290 5335 651 5407 μακαρίζεται
678 5335 707 5386 ὁ
731 5332 985 5385 ὑποκάτω
1014 5330 1111 5399 τῆς
1143 5327 1311 5398 συκῆς
1338 5327 1433 5396 τῆς
1465 5326 1599 5386 ίδίας
1622 5327 1863 5378 ἀναπαυ-

284 5427 498 5498 όμενος.
547 5426 606 5479 '0
629 5426 685 5479 δὲ
725 5422 950 5487 Ἡσαΐας
975 5422 1094 5475 ἀντὶ
1138 5419 1340 5491 θάμνου
1385 5417 1503 5487 μὲν,
1539 5417 1637 5485 τὴν
1684 5414 1861 5469 κυττά-

294 5535 474 5587 ρισσον
497 5535 511 5548 ·
550 5517 669 5571 ἀντὶ⁵
692 5517 747 5570 δὲ
781 5514 1013 5584 κονύζης
1042 5513 1138 5578 τὴν
1173 5509 1433 5583 μυρτίνην
1465 5508 1627 5579 φησιν
1659 5507 1862 5578 ἀναϐή-

364 5689 409 5720 ει
445 5690 617 5745 σειιοι.
651 5708 701 5757 v,
734 5690 822 5746 οε.

909 5689 952 5721 ⁸³
994 5686 1136 5741 Psal.
1176 5701 1282 5748 vel,
1332 5683 1410 5736 15.

1496 5682 1540 5712 ’δ
1582 5679 1727 5735 Psal.
1754 5694 1955 5744 τιτι-ιι,
1984 5678 2071 5732 it'.

1965 4500 2157 4553 hortus
2189 4497 2417 4551 ﬂoridus
2446 4505 2495 4551 et
2523 4498 2659 4551 bene
2691 4497 3031 4566 germinans,
3058 4496 3300 4550 omnium
3331 4496 3545 4553 habens

1966 4595 2021 4646 in
2057 4608 2115 4646 se
2156 4593 2413 4645 arborum
2445 4589 2935 4659 pulchritudinem,
2995 4605 3189 4657 nempe
3230 4596 3284 4644 et
3328 4589 3545 4644 dulcem

1968 4688 2150 4749 ίίιυιιι,
2210 4696 2263 4739 et
2305 4683 2536 4738 fertilem
2586 4686 2784 4745 oleam,
2819 4691 2875 4735 et
2920 4683 3228 4735 alticomam
3280 4682 3542 4753 palmam,

1967 4788 2021 4834 ct
2071 4777 2441 4831 abundantem
2496 4775 2688 4839 vitem,
2724 4791 2830 4828 non
2894 4774 3177 4843 spinosum
3229 4774 3541 4843 quempiam

1969 4870 2190 4933 rubum,
2248 4883 2426 4936 neque
2478 4881 2742 4937 couyzam
2778 4881 2872 4920 seu
2923 4864 3268 4933 pulicariam,
3319 4866 3411 4920 scd
3447 4881 3544 4933 pro

1967 4965 2048 5018 eis
2074 4976 2400 5031 cupressum
2437 4968 2491 5013 et
2526 4969 2786 5029 myrtum.
2820 4957 2910 5011 Sic
2947 4957 3091 5011 enim
3125 4956 3288 5009 talem
3327 4957 3543 5009 hortum

1968 5058 2230 5108 decorare
2276 5053 2470 5114 novit,
2533 5058 2586 5105 et
2642 5064 2874 5119 magnus
2930 5047 3142 5106 David,
3193 5055 3244 5100 et
3298 5046 3549 5103 suhlimis

1970 5143 2154 5199 Isaias.
2193 5142 2285 5197 llic
2324 5141 2542 5211 quidem
2582 5139 2772 5194 dicens
2806 5158 2819 5194 ι
2853 5137 3041 5191 Justus
3076 5147 3129 5188 ut
3174 5137 3349 5205 palma
3390 5136 3551 5204 ﬂore-

1971 5237 2043 5289 bit
2074 5237 2156 5299 “3;
2198 5243 2252 5289 et
2288 5255 2299 5290 :
2332 5234 2440 5305 Ego
2468 5242 2642 5286 autem
2680 5242 2929 5301 tanquam
2972 5231 3110 5283 oliva
3141 5228 3331 5297 fe'tilis
3352 5227 3436 5289 ⁸⁵ς
3470 5235 3545 5286 ct,

1976 5327 2120 5381 Uxor
2152 5338 2240 5381 tua
2278 5328 2411 5379 sicut
2439 5326 2557 5379 vitis
2599 5321 2881 5376 abundans
2906 5321 2972 5373 ⁸⁸.
3009 5318 3143 5372 Nam
3181 5326 3234 5371 et
3264 5316 3331 5369 ah
3364 5315 3549 5384 aliquo

1970 5419 2077 5472 alio
2120 5418 2383 5488 propheta
2437 5417 2633 5471 beatus
2676 5413 2962 5482 judicatur
3007 5408 3097 5478 qui
3136 5406 3389 5473 sub_sua
3443 5403 3547 5457 ﬁcu

1978 5508 2205 5573 quiescit
2234 5508 2300 5559 ““.
2334 5506 2500 5559 Isaias
2544 5511 2724 5558 autem
2754 5501 2887 5555 dicit
2922 5499 3163 5551 futurum
3196 5501 3252 5547 ut
3278 5506 3379 5562 pro
3410 5494 3551 5549 ruho

2116 5678 2192 5744 ,⁸⁵
2219 5676 2352 5731 ibid.
2382 5677 2431 5729 ὖ.
2508 5677 2551 5707 ³³
2581 5671 2745 5729 Mich.
2791 5687 2862 5736 tv,
2892 5670 2946 5724 4.
