3948 6192
513 313 618 367 963
1778 312 1833 365 s.
1877 309 2200 366 cneoonu
2241 309 2531 365 NYSSENI
3594 325 3675 381 tot

513 429 734 502 quidem
768 440 1088 497 cupressus,
1127 440 1227 495 pro
1257 441 1460 496 conyza
1497 436 1676 481 autem
1727 427 1914 482 ﬂoreat
1948 443 2072 498 myr'

2121 431 2165 486 Α
2201 426 2401 478 σεσθαι.
2436 428 2514 480 Τά
2547 428 2600 480 δὲ
2631 427 2748 480 καθ’
2774 427 2997 480 ἕκαστον
3029 429 3150 499 περὶ
3177 430 3272 483 τῶν
3299 431 3496 502 δένδρων
3517 439 3678 496 τούτων

512 537 600 578 tus
627 523 693 574 ".
729 521 954 590 Singula
998 527 1178 573 autem
1221 519 1286 571 de
1318 517 1402 573 his
1455 513 1745 577 arboribus
1776 522 2063 591 aenigmata

2197 521 2512 588 αἰνίγματα,
2537 520 2644 572 τῶν
2675 521 2776 572 ὑπὸ
2797 520 2892 590 τῆς
2918 523 3240 591 προφητείας
3262 527 3379 594 ἡμῖν
3400 526 3679 598 ύποδειχθέν-

512 630 632 684 quae
667 613 827 667 nobis
859 620 1078 664 ostensa
1134 609 1336 664 fuerint
1380 627 1410 664 a
1444 611 1748 680 prophetia,
1786 611 1951 666 fuerit
1991 627 2071 666 su«

2190 630 2296 663 των
2332 613 2602 682 παρέλκον
2640 614 2702 666 ἂν
2745 613 2828 682 εἴη
2860 614 2928 666 δι’
2957 615 3232 684 ἀκριϐείας
3262 617 3550 682 ἐκτίθεσθαι,
3575 637 3681 691 προ-

513 717 912 773 pervacaneum
949 706 1204 753 accurate
1235 714 1524 767 exponere,
1556 714 1679 752 cum
1731 700 1803 752 sit
1833 699 2072 752 omnibus

2189 701 2348 770 δήλου
2386 703 2546 754 πᾶσιν
2576 700 2741 764 ὄντος,
2781 702 2863 764 τίς
2897 703 2993 770 μὲν
3033 704 3060 755 6
3087 701 3281 770 γλυκὺς
3312 703 3401 772 τῆς
3428 705 3572 774 συκῆς
3599 707 3686 760 ἐστι

515 797 891 862 perspicuum,
916 790 1042 858 quis
1077 789 1147 842 sit
1183 789 1368 842 suavis
1395 790 1606 843 fructus
1641 789 1798 850 licus,
1829 805 1894 843 ex
1923 805 2074 844 succr

2192 792 2420 861 καρπὸς,
2465 793 2493 842 6
2531 793 2594 844 ἐκ
2627 792 2719 844 τοῦ
2749 792 3076 862 δριμυτάτου
3111 791 3240 845 ὀποῦ
3274 796 3687 865 πεπαινόμενος,ὁ

511 885 782 939 acerrimo
834 888 1165 943 maturatus,
1225 881 1316 948 qui
1382 881 1448 933 ab
1513 880 1670 933 initio
1723 882 1940 950 quidem
2007 897 2070 935 es

2191 885 2309 935 κατ’
2354 883 2527 953 ἀρχάς
2567 883 2664 953 μὲν
2697 883 2890 953 πικρός
2925 900 2983 934 τε
3019 884 3115 936 καὶ
3153 883 3399 953 ἀὸρωτος,
3427 885 3619 958 ὕστερον
3648 890 3689 943 α

511 992 736 1030 amarus
767 983 821 1028 et
853 972 1075 1027 minime
1101 973 1436 1036 esculentus,
1472 983 1659 1042 postea
1701 984 1880 1028 autem
1910 974 2070 1028 dulci!

2192 970 2400 1040 καρπὸς
2432 972 2550 1040 είρη
2569 971 2702 1034 θικδς
2739 972 3050 1042 γινόμενος,
3095 973 3186 1024 καὶ
3214 974 3616 1041 καταγλυκαίνων
3644 981 3691 1033 τὰ

510 1067 724 1122 fructus
771 1063 1033 1128 eii‘ectus,
1081 1079 1276 1118 sensus
1329 1066 1522 1118 anima:
1569 1063 1732 1119 allicit
1776 1065 2064 1120 dulcedine

2190 1067 2286 1137 τῆς
2321 1067 2497 1136 ψυχῆς
2533 1068 2881 1138 αἰσθητήρια.
2911 1067 2975 1119 Τί
3004 1067 3059 1120 δὲ
3098 1070 3227 1137 ἡμῖν
3253 1070 3341 1122 καί⁵
3375 1070 3406 1140 ἠ
3433 1071 3522 1140 τῆς
3548 1072 3692 1138 ἐλαίας

510 1159 651 1226 Quid
680 1168 859 1212 autem
890 1157 1050 1211 nobis
1090 1157 1301 1210 confert
1332 1160 1640 1225 procreatio
1687 1157 1897 1214 fructus
1957 1158 2069 1212 alea

2191 1159 2522 1227 καρπογονία
2554 1157 2832 1228 χαρίζεται
2867 1159 2953 1212 διὰ
2979 1159 3071 1212 τοῦ
3100 1160 3412 1230 δριμυτάτου
3446 1179 3498 1214 τε
3527 1164 3606 1216 καὶ
3628 1183 3691 1217 πι-

511 1267 610 1319 per
649 1251 979 1304 acerrimum
1015 1256 1069 1302 et
1123 1248 1530 1302 amarissimum
1586 1265 1834 1312 succum,
1872 1249 1974 1318 qui
2022 1251 2070 1302 al

2190 1247 2450 1315 κροτάτου
2506 1247 2704 1316 χυμοῦ,
2753 1247 2847 1300 τοῦ
2881 1250 3000 1300 κατ’
3044 1250 3214 1318 ἀρχὰς
3259 1251 3612 1321 ἐντρεφομένου
3645 1259 3695 1325 τῇ

510 1340 667 1393 initio
699 1339 751 1392 in
785 1355 850 1393 eo
876 1338 1061 1402 alitur,
1094 1349 1281 1408 postea
1323 1348 1502 1394 autem
1541 1355 1638 1408 per
1669 1339 2069 1394 convenienten

2188 1335 2396 1406 ὀπώρα,
2437 1337 2569 1405 μετὰ
2607 1336 2779 1389 ταῦτα
2818 1337 2906 1391 διὰ
2941 1340 3040 1408 τῆς
3084 1339 3403 1409 καταλλήλου
3433 1343 3697 1406 πεπάνσεὼς

511 1432 933 1484 maturationem
989 1440 1042 1484 ct
1101 1431 1372 1484 culturam
1431 1440 1674 1484 mutatur
1726 1431 1781 1485 in
1839 1443 2070 1485 natura"

2189 1440 2244 1474 τε
2288 1425 2381 1474 καὶ
2414 1425 2682 1492 γεωργίας
2728 1427 2807 1486 είς
2852 1425 3033 1478 ἐλαίου
3082 1427 3473 1495 μεταϐάλλουσα
3504 1429 3699 1497 φύσιν,ὂ

513 1523 664 1576 olei?
693 1523 839 1592 quod
886 1522 941 1574 lit
978 1523 1118 1575 lucis
1151 1523 1400 1584 materia,
1439 1531 1649 1576 recreat
1681 1521 2072 1577 lassitudinem.

2187 1513 2280 1565 τοῦ
2315 1515 2489 1582 φωτὸς
2521 1515 2724 1582 γίνεται
2758 1514 2855 1586 ὕλη
2883 1557 2896 1576 ,
2939 1517 3032 1569 καὶ
3059 1518 3315 1586 καμάτων
3345 1518 3591 1590 λυτήριον,
3629 1523 3699 1574 καὶ

511 1616 720 1670 relaxat
752 1615 1015 1679 laborem,
1043 1624 1207 1682 caput
1269 1614 1562 1676 exbilarat,
1590 1622 1644 1667 et
1677 1615 1742 1667 ad
1787 1614 2070 1669 certamin:

2188 1605 2364 1657 πόνων
2392 1605 2590 1667 ἄνεσις,
2629 1608 2720 1658 καὶ
2751 1607 2990 1677 κεφαλῆς
3017 1608 3322 1679 φαιδρότης,
3354 1612 3441 1662 καὶ
3465 1611 3583 1681 πρὸς
3607 1611 3701 1675 τοὺς

508 1721 666 1773 opem
699 1705 802 1758 fert
835 1706 900 1758 iis
927 1705 1018 1774 qui
1048 1712 1262 1759 certant
1289 1705 1572 1774 legitime?
1594 1703 1878 1770 Quomodo
1905 1713 2066 1758 auten

2145 1769 2153 1774 _
2186 1697 2400 1763 ἀγῶνας
2432 1699 2542 1759 τοῖς
2572 1698 2814 1767 νομίμως
2843 1698 3058 1751 ἁθλοῦσι
3095 1701 3378 1770 συνεργία;
3406 1702 3517 1764 Πῶς
3535 1703 3584 1754 δὲ
3601 1703 3704 1755 δυσ-

509 1767 671 1851 cilicit
712 1798 914 1866 palma,
944 1767 1032 1848 ἰιι
1076 1795 1312 1847 fructum
1343 1767 1536 1848 vsuum
1590 1767 1739 1850 fures
1795 1795 2068 1849 ditlicilitel

2144 1769 2159 1818 ³
2201 1787 2546 1858 επιχείρητον
2593 1787 2785 1840 ἑαυτοῦ
2825 1789 3034 1858 καρπὸν
3095 1794 3239 1842 ποιεῖ
3274 1795 3382 1853 τοῖς
3425 1791 3703 1852 κλέπταιςὸ

507 1889 924 1959 aggrediantur,
979 1895 1037 1940 ut
1089 1901 1210 1955 quae
1260 1903 1384 1940 eum
1448 1895 1708 1955 tanquam
1767 1886 2065 1940 thesaurun

2189 1880 2380 1946 φοῖνιξ,
2409 1879 2613 1932 ἀνωθεν
2653 1879 2992 1950 θησαυρίζων
3016 1923 3029 1944 ,
3064 1885 3158 1935 καὶ
3194 1883 3312 1952 οὐχὶ
3345 1883 3606 1952 πρόσγειον
3631 1884 3705 1935 αὖ·

505 1996 726 2037 ευτειιιη
762 1979 1042 2040 recondat,
1076 1994 1176 2032 nec
1201 1980 1444 2032 vicinum
1487 1987 1645 2032 terra:
1678 1993 1801 2032 eum
1839 1977 2000 2042 ferat,
2031 1993 2059 2030 e

2188 1968 2276 2020 τὸν
2315 1968 2560 2038 ἐκφέρων
2583 2010 2596 2031 ,
2625 1971 2658 2038 ἦ
2677 1986 2732 2021 τε
2754 1971 2846 2024 τοῦ
2878 1971 3118 2038 ἀμπέλου
3154 1975 3308 2042 χάρις
3326 2013 3340 2036 ,
3371 1975 3458 2026 καὶ
3485 1975 3703 2044 ﬁtﬁt-361;;

504 2071 632 2125 vitis
651 2081 731 2125 est
756 2072 928 2139 gratia
947 2083 1009 2121 ac
1033 2067 1220 2132 decor,
1246 2077 1441 2137 estque
1463 2067 1741 2122 odorifera
1765 2084 2060 2137 cupressus

2188 2060 2542 2127 κυπάρισσος,
2576 2060 2669 2111 καὶ
2701 2059 2760 2111 τὸ
2785 2060 2882 2129 ἡδὺ
2912 2061 3012 2129 τῆς
3041 2064 3334 2133 μυρσίνης;
3365 2065 3536 2116 Ταῦτα
3569 2065 3705 2116 πάντα

505 2170 558 2214 et
591 2170 674 2214 est
710 2161 870 2230 myrti
901 2159 1185 2213 suavitas?
1233 2157 1356 2211 llaec
1395 2158 1578 2212 omnia
1609 2173 1705 2227 per
1746 2160 2064 2227 contempla-

2184 2149 2272 2201 διὰ
2320 2150 2584 2219 τροπικῆς
2630 2149 2858 2220 θεωρίας
2904 2151 3038 2221 πρὸς
3070 2153 3164 2204 τὸν
3193 2155 3310 2206 κατ’
3347 2155 3532 2224 ἀρετὴν
3572 2171 3705 2206 κατα-

507 2251 710 2305 tionem
775 2250 1036 2318 tr0picam
1095 2248 1162 2301 ad
1219 2250 1436 2302 virtutis
1495 2247 1746 2302 traducta
1791 2250 2066 2303 rationem.

2185 2240 2454 2308 ληφθέντα
2500 2240 2674 2307 λόγον,
2704 2241 2940 2312 πρόδηλα
2975 2244 3138 2296 πᾶσίν
3181 2245 3296 2297 ἐστι
3344 2248 3450 2308 τοῖς
3489 2244 3706 2314 νουνεχῶς

502 2343 726 2396 evidens
758 2350 841 2394 est
875 2341 1142 2394 omnibus
1171 2340 1449 2408 sapienter
1479 2339 1854 2400 audientibus,
1915 2357 2061 2409 quor

2185 2333 2432 2384 ἐπαῒσυσι
2481 2335 2615 2406 πρὸς
2645 2335 2672 2387 ὃ
2698 2351 2747 2386 τι
2778 2334 2979 2403 βλέπει.
3022 2335 3236 2388 Οὐκοῦν
3280 2339 3308 2389 6
3354 2337 3586 2390 τοιούτων
3616 2338 3706 2389 δέν-

504 2449 625 2486 sum
656 2443 922 2502 spectent.
964 2430 1287 2499 llujusmodi
1317 2439 1399 2485 est
1427 2447 1556 2500 ergo
1579 2431 1836 2484 arborum
1863 2431 2063 2484 hortus.

2181 2424 2319 2493 ὅρων
2353 2425 2526 2494 κῆπος
2556 2427 2790 2492 γεγονὼς
2822 2426 3048 2494 εὐθαλὴς
3077 2426 3173 2478 καὶ¹
3202 2427 3516 2495 κατάφυτος,
3542 2429 3621 2480 καὶ
3646 2427 3706 2497 τῷ

501 2524 594 2593 qui
628 2525 763 2578 bene
801 2523 1091 2591 germinat.
1126 2531 1180 2575 et
1207 2530 1291 2576 est
1320 2523 1454 2575 bene
1480 2523 1744 2584 consitus,
1770 2532 1823 2574 et
1855 2521 2060 2575 manda

2180 2516 2285 2566 τῶν
2331 2515 2559 2567 ἐντολῶν
2603 2516 2770 2585 ἑρκίῳ
2820 2516 3157 2578 πανταχόθεν
3200 2519 3608 2589 ἡσφ²)“ισμέν⁰ς⁹
3649 2518 3709 2580 ὡς

503 2621 683 2666 torum
730 2613 868 2664 vallo
913 2611 1061 2663 onmi
1094 2627 1160 2663 ex
1195 2619 1348 2680 parte
1378 2613 1642 2671 munitus,
1679 2618 1737 2662 ut
1772 2610 1984 2665 furibus
2023 2623 2062 2664 el

2183 2608 2451 2676 μηδεμίαν
2479 2607 2600 2660 καθ’
2628 2607 2818 2660 ἑαυτοῦ
2851 2611 3151 2676 παρασχεῖν
3184 2608 3260 2678 τῷ
3292 2609 3488 2681 κλέπτῃ
3515 2612 3598 2662 καί
3621 2611 3707 2670 τοῖς

505 2700 696 2754 bestiis
755 2700 965 2752 nullum
1027 2700 1092 2750 ad
1145 2715 1202 2752 se
1256 2700 1494 2766 prteheat
1530 2699 1760 2750 aditum.
1822 2698 2052 2768 Namqu

2180 2699 2385 2767 Θηρίοις
2425 2698 2522 2768 τὴν
2569 2699 2816 2769 πάροδον.
2864 2699 2923 2751 Ὀ
2956 2698 3063 2768 γάρ
3096 2701 3157 2750 ὲν
3191 2699 3372 2770 κύκλῳ
3408 2701 3480 2771 τῷ
3509 2698 3707 2771 φραγμῷ

505 2791 886 2844 mandatorum
918 2789 1035 2857 sepi
1068 2799 1152 2842 est
1180 2791 1329 2841 omni
1374 2806 1438 2842 ex
1483 2798 1638 2858 parte
1679 2789 2064 2842 circumdatus.

2177 2787 2280 2841 τῶν
2304 2790 2527 2842 ἐντολῶν
2554 2790 2953 2859 διειλημμένος,
2983 2793 3314 2856 ἀνεπίϐατός
3341 2795 3448 2845 ἐστι
3476 2793 3545 2863 τῷ
3570 2790 3704 2862 μονιῷ

503 2883 644 2936 adiri
678 2899 782 2936 non
816 2890 995 2951 potest
1030 2897 1057 2932 a
1093 2883 1207 2934 l'cro
1244 2881 1528 2950 singulari,
1564 2897 1662 2934 nec
1681 2898 1803 2934 eum
1829 2881 2062 2950 depascit

2176 2881 2251 2950 τῷ
2285 2882 2479 2952 ἀγρίῳ,
2513 2883 2604 2934 καὶ
2633 2885 2659 2934 6
2695 2883 2756 2934 ἐκ
2781 2881 2872 2934 τοῦ
2905 2883 3109 2953 δρυμοῦ
3144 2887 3308 2938 αὑτὸν
3329 2881 3390 2950 ὗς
3414 2887 3470 2939 οὐ
3500 2885 3709 2955 λυμαίνε-

499 2990 562 3028 ac
605 2976 898 3043 populatur
930 2989 1060 3041 aper
1087 2989 1151 3024 ex
1184 2974 1339 3025 silva.
1397 2971 1452 3025 Si
1489 2975 1760 3042 quispiam
1809 2990 1936 3043 ergo
1991 2991 2050 3026 es

2175 2991 2280 3024 ται.
2330 2975 2392 3025 ΙΞῖ
2420 2991 2500 3036 τις
2527 2974 2701 3027 τοίνυν
2733 2975 2906 3044 κῆπος
2935 2979 3048 3028 ἐστι
3084 2979 3186 3029 καὶ
3217 2979 3610 3047 ἡσφαλισμένος,
3637 2970 3709 3029 οὗ·

500 3067 693 3119 hortus
744 3068 896 3132 isque
929 3063 1196 3126 munitus,
1246 3064 1290 3115 is
1329 3064 1385 3115 ﬁt
1434 3078 1590 3116 soror
1621 3073 1673 3118 et
1716 3081 1915 3132 sponsa
1955 3067 2059 3132 cqu

2175 3081 2265 3127 τος
2301 3064 2498 3135 ἀδελφὴ
2522 3067 2614 3118 καὶ
2634 3065 2816 3134 νύμφη
2849 3066 3054 3134 γίνεται
3101 3069 3200 3121 τοῦ
3230 3071 3363 3140 πρὸς
3388 3071 3480 3140 τὴν
3499 3068 3709 3135 τοιαύτην

496 3158 588 3226 qui
626 3157 762 3208 dixit
803 3157 928 3207 huic
959 3154 1153 3206 animae
1187 3170 1198 3203 :
1241 3152 1309 3205 Es
1355 3153 1537 3205 hortus
1573 3155 1874 3216 conclusus,
1920 3174 2055 3208 soroi

2175 3157 2416 3219 εἰπόντος
2449 3156 2629 3228 ψυχήν
2648 3173 2661 3187 ο
2695 3159 2776 3210 ὅτι
2806 3157 3009 3226 Κῆπος
3045 3161 3488 3229 κεκλεισμένος,
3518 3157 3706 3226 ἀδελφή

497 3265 610 3301 mea
643 3264 856 3314 sponsa.

2167 3266 2284 3316 μου
2311 3249 2527 3314 νύμφη.

567 3336 674 3390 Sed
701 3336 968 3402 ejusmodi
1011 3335 1168 3388 horto
1197 3350 1333 3403 opus
1365 3345 1447 3389 est
1473 3336 1635 3388 etiam
1670 3335 1841 3400 fonte,
1873 3345 1932 3390 ut'
1962 3353 2070 3391 ma-

2254 3337 2409 3388 ’Λλλὰ
2457 3335 2531 3406 τῷ
2571 3337 2729 3406 κήπῳ
2788 3337 2994 3407 τούτῳ,
3038 3341 3128 3390 καὶ
3185 3342 3364 3410 πηγῆς
3404 3343 3512 3392 ἐστι
3550 3339 3703 3409 χρεία.

494 3435 621 3482 neat
649 3443 838 3481 nemus
860 3426 1059 3482 ﬂorens
1087 3443 1150 3482 ac
1171 3428 1306 3481 bene
1328 3430 1660 3497 germinans.
1682 3444 1818 3498 aqua
1844 3445 2045 3498 perenn

2169 3428 2242 3490 ὡς
2284 3427 2348 3480 ἂν
2386 3427 2604 3492 εὐθαλὲς
2646 3428 2890 3498 διαμένοι
2942 3430 3003 3482 τὸ
3040 3429 3206 3494 ἄλσος
3232 3472 3246 3494 ,
3307 3431 3384 3501 τῷ
3425 3431 3563 3485 ὕδατι
3605 3429 3711 3500 πρὸς

494 3519 816 3588 irrigatum;
871 3525 1155 3587 propterea
1207 3520 1258 3572 in
1311 3520 1563 3574 laudibus
1611 3522 1768 3576 horto
1821 3522 2053 3590 adjunin

2170 3521 2228 3571 τὸ
2311 3519 2556 3589 διηνεκὲς
2625 3522 3005 3589 πιαινόμενονο
3078 3523 3169 3575 διὰ
3251 3522 3406 3576 τοῦτο
3471 3519 3707 3586 συνέζευξε

493 3607 720 3670 fontem,
757 3607 944 3661 dicens
972 3626 984 3661 :
1034 3607 1232 3660 Ilortus
1261 3610 1559 3672 conclusus,
1589 3611 1706 3678 [ous
1739 3612 2052 3681 obsignatas

2167 3615 2277 3674 τοῖς
2306 3612 2548 3673 ἐπαίνοις
2575 3612 2673 3682 τὴν
2703 3613 2884 3682 πηγὴν
2906 3612 2983 3682 τῷ
3010 3614 3194 3682 κήπῳ,
3228 3614 3415 3669 εἰπών·
3437 3616 3513 3668 ὅτι
3540 3612 3709 3680 Κῆπος

491 3698 680 3754 Fontis
713 3710 890 3754 autem
925 3701 1186 3756 rationem
1227 3716 1319 3768 per
1344 3703 1575 3770 aenigma
1613 3719 1711 3757 nos
1735 3705 1891 3760 docet
1929 3705 2050 3757 Pro-

2167 3702 2609 3772 κεκλεισμένος,
2626 3703 2788 3772 πηγὴ
2809 3705 3283 3774 ἐσφραγισμένη.
3308 3707 3410 3759 Τὸν
3423 3705 3475 3759 δὲ
3498 3703 3708 3774 περὶτῆς

491 3791 759 3857 verbium,
804 3807 926 3844 cum
969 3792 1141 3845 dicit:
1189 3789 1331 3846 Fons
1365 3811 1514 3864 aqua:
1563 3797 1630 3847 sit
1659 3795 1846 3862 dulcis,
1901 3809 1949 3850 et
1996 3798 2050 3849 sit

2169 3793 2347 3864 πηγῆς
2384 3792 2539 3862 λόγον
2573 3796 2606 3863 ἡ
2641 3794 2909 3865 Παροιμία
2941 3793 3184 3847 διδάσκει
3217 3798 3367 3866 ἡμᾶς
3405 3796 3468 3849 δι’
3498 3795 3709 3862 αἰνίγμαο

492 3882 586 3936 tibi
631 3883 754 3943 soli,
806 3899 966 3951 neque
998 3884 1139 3936 ullus
1189 3885 1388 3938 alienus
1418 3886 1531 3953 ejus
1568 3888 1636 3940 sit
1682 3899 1845 3942 tecum
1891 3890 2051 3954 parti-

2163 3901 2272 3947 τος,
2304 3885 2360 3936 ἐν
2397 3879 2478 3947 οἷς
2509 3901 2705 3955 φησιν’
2750 3885 2813 3938 Ἡ
2845 3883 3006 3953 πηγὴ
3050 3885 3160 3938 τοῦ
3203 3885 3424 3951 ὕδατος
3461 3887 3600 3939 ἔστω
3627 3877 3708 3935 σοι

489 3992 607 4043 ceps
632 3975 698 4026 ⁸⁸.
730 3974 1012 4040 Quomodo
1043 3977 1185 4029 enim
1221 3976 1330 4029 illic
1361 3979 1632 4045 prohibet,
1669 3995 1734 4033 ne.
1770 3979 1822 4032 in
1855 3981 2048 4035 alienos

2163 3975 2350 4042 ἡδεῖα,
2381 3978 2475 4029 καὶ
2503 3977 2657 4028 ἔστω
2694 3975 2792 4029 σοί
2831 3978 3026 4045 μόνῳ,
3052 3978 3152 4030 καὶ
3186 3977 3406 4046 μήδεὶς
3435 3977 3705 4043 ἀλλότριος

489 4076 844 4120 consumatur
892 4082 1031 4135 aqua
1081 4066 1271 4130 fontis,
1319 4068 1388 4120 ita
1427 4067 1514 4121 hic
1573 4077 1803 4123 testatur
1858 4071 2048 4124 fontem

2157 4069 2502 4136 μετασχέτω
2527 4067 2642 4120 σοιῖ
2689 4068 2775 4130 Ὠς
2807 4067 2916 4138 γάρ
2949 4069 3067 4120 ἐκεῖ
3088 4067 3289 4123 κωλύει
3311 4073 3422 4132 τοῖς
3447 4067 3701 4137 ἀλλοτρίοις

488 4157 711 4212 minime
760 4155 963 4210 ell'undi
1021 4158 1075 4210 in
1130 4157 1356 4218 alienos,
1417 4158 1666 4219 dicendo,
1727 4159 2047 4230 obsignatas,

2162 4159 2560 4212 ὲνδαπανᾶσθαι
2585 4160 2684 4229 τῆς
2717 4160 2898 4229 πηγῆς
2931 4160 2990 4211 τὸ
3016 4159 3185 4230 ὕδωρ,
3222 4161 3396 4225 οὕτως
3423 4158 3631 4213 ἐνταῦθα
3656 4155 3701 4208 τὴ

485 4249 630 4318 quod
672 4248 894 4317 perinde
931 4256 1013 4302 est
1055 4263 1118 4301 ac
1158 4247 1202 4300 si
1239 4247 1412 4311 dicas,
1444 4250 1770 4305 custoditus.
1804 4251 1932 4306 Tale
1975 4265 2044 4307 est

2162 4250 2412 4322 μηδαμοῦ
2463 4251 2761 4321 διαχεῖσθαι
2827 4251 2962 4321 πρὸς
3013 4251 3338 4322 ἀλλοτρίους
3390 4253 3486 4319 τὴν
3532 4248 3699 4320 πηγὴν,

485 4347 664 4392 autem
707 4339 852 4408 quod
893 4338 1128 4392 dicitur:
1163 4337 1324 4401 Fons,
1373 4355 1486 4393 mea
1519 4341 1735 4409 quidem
1768 4345 2044 4409 sententia,

2163 4343 2425 4410 μαρτυρεῖ
2453 4340 2538 4392 διὰ
2573 4339 2668 4392 τοῦ
2707 4341 2880 4392 εἰπεῖν
2907 4339 2986 4392 ὅτι
3041 4339 3550 4410 Ἐσςρραγισμένη,
3592 4337 3700 4403 ὅπερ

484 4429 703 4498 prOprie
731 4430 1048 4482 nominatur
1075 4430 1368 4499 cogitativa
1412 4441 1614 4485 nostrae
1657 4433 1850 4486 animze
1887 4433 2043 4488 lacul-

2163 4431 2273 4483 ἴσον
2295 4431 2411 4482 ἐστὶ
2447 4430 2525 4501 τῷ
2556 4431 2750 4494 εἰπεῖν,
2781 4431 2860 4482 ὅτι
2887 4430 3318 4501 Πεςρυλαγμένη⁹
3350 4432 3410 4484 τὸ
3441 4431 3494 4483 δὲ
3523 4428 3701 4496 λεγόμε·

485 4528 589 4584 tas,
626 4535 746 4588 qua:
769 4536 928 4574 omne
967 4537 1139 4591 genus
1171 4522 1619 4576 ratiocinationes
1652 4523 1702 4575 in
1732 4525 1889 4577 nobis
1923 4523 2044 4577 facit

2163 4541 2268 4584 νον,
2297 4521 2535 4575 τοιοῦτόν
2561 4524 2676 4574 ὲστι
2698 4540 2712 4553 ·
2732 4521 2884 4592 Πηγὴ
2911 4521 3114 4592 κυρίως
3140 4523 3564 4594 κατονομάζεται
3588 4517 3697 4571 κατά

481 4619 691 4665 scatere
727 4621 780 4665 et
805 4627 1080 4665 emanare.
1118 4611 1220 4665 Sed
1260 4621 1390 4666 tunc
1428 4622 1614 4668 noster
1646 4613 1701 4667 tit
1748 4623 1924 4667 motus
1956 4629 2040 4668 co-

2160 4629 2220 4680 γε
2268 4613 2356 4664 τὸν
2403 4613 2532 4683 ὲμδν
2575 4613 2750 4680 λόγον,
2808 4614 2840 4682 ἠ
2874 4613 3184 4683 διανοητικὴ
3224 4613 3330 4683 τῆς
3362 4613 3533 4682 ψυχῆς
3572 4605 3696 4678 ἡμῶν

480 4702 780 4770 gitationis,
820 4705 1038 4771 quando
1079 4705 1258 4759 omnis
1293 4717 1477 4759 nostra
1522 4713 1772 4758 movetur
1807 4706 2039 4773 operatir

2159 4704 2402 4774 δύναμις,
2439 4707 2471 4775 ἡ
2507 4707 2792 4766 παντοίους
2827 4704 3116 4775 λογισμοὺς
3146 4705 3208 4755 ὲν
3250 4707 3385 4774 ἡμῖν
3419 4701 3691 4774 βρύουσάτε

481 4792 548 4844 ad
575 4807 637 4845 ea
672 4809 790 4861 quae
829 4804 955 4847 sunt
983 4795 1141 4848 nobis
1172 4795 1553 4859 conducibilia,
1581 4805 1634 4849 et
1667 4795 1930 4848 honorum
1958 4813 2040 4850 ex-

2160 4796 2250 4848 καὶ
2285 4795 2623 4865 πηγάζουσα.
2693 4794 2852 4846 Ἀλλά
2904 4796 3022 4847 τότε
3075 4795 3352 4865 ἡμέτερον
3398 4795 3588 4861 γίνεται
3619 4787 3693 4854 τῆς

481 4883 631 4937 hibet
685 4887 1133 4952 procreationem.
1202 4885 1433 4950 Quando
1485 4894 1664 4940 autem
1720 4887 2040 4940 converterit

2152 4885 2388 4946 διανοίας
2411 4886 2472 4936 τὸ
2510 4885 2738 4954 κίνημα,
2775 4886 2902 4938 ὅταν
2947 4883 3078 4955 πρὸς
3115 4883 3187 4936 τὰ
3221 4883 3556 4953 συμφέροντα
3586 4876 3687 4948 ἡμῖν

479 4975 749 5043 quispiam
786 4976 1173 5043 cogitationum
1223 4980 1598 5044 operationem
1638 4975 1703 5029 ad
1732 4977 2038 5048 excogitan-

2153 4975 2386 5046 κινῆται,
2419 4975 2598 5028 πᾶσαν
2625 4976 2755 5045 ἡμῖν
2783 4975 3069 5046 συνεργίαν
3103 4975 3246 5045 πρὸς
3275 4975 3375 5045 τὴν
3407 4974 3581 5042 κτῆσιν
3605 4965 3687 5020 τῶν

477 5066 606 5119 dum
636 5065 847 5127 vitium,
887 5075 1015 5118 tunc
1051 5067 1106 5118 in
1141 5067 1346 5120 alienos
1378 5069 1720 5122 consumitur
1743 5067 2004 5121 ﬂuentum
2034 5086 2036 5116 ς

2153 5067 2368 5135 ἀγαθῶν
2403 5067 2794 5137 παρεχόμενον.
2825 5066 2992 5119 Ὅταν
3037 5065 3094 5118 δέ
3122 5083 3208 5129 τις
3238 5065 3411 5136 τρέψῃ
3441 5063 3542 5116 τῶν
3575 5060 3685 5124 λογι-

476 5161 612 5215 adeo
650 5167 709 5212 ut
741 5158 878 5212 bene
917 5157 1092 5210 alatur
1125 5157 1342 5227 quidem
1378 5160 1598 5229 spinosa
1640 5163 1771 5220 vita.
1823 5162 2035 5232 irrigat:

2155 5159 2306 5228 σμῶν
2330 5159 2426 5228 τὴν
2458 5158 2734 5228 ἐνέργειαν
2775 5156 2910 5227 πρὸς
2937 5156 3130 5218 κακίας
3159 5156 3428 5218 ἐπίνοιαν,
3456 5152 3567 5205 τότε
3601 5148 3685 5206 τοῖς

473 5267 577 5323 ope
635 5252 900 5305 malarum
947 5249 1362 5320 cogitationum,
1415 5255 1720 5307 exsiccetur
1771 5262 1952 5310 autem
1995 5266 2032 5309 el

2145 5249 2442 5319 ἀλλοτρίοις
2467 5248 2828 5300 ὲνδαπανᾶται
2857 5246 2917 5298 τὸ
2942 5246 3150 5316 ῥεῖθρον
3173 5263 3185 5276 ο
3209 5245 3286 5310 ὡς
3315 5243 3581 5314 εὐτροφεῖν
3604 5235 3679 5308 μὲν

475 5353 778 5400 marcescat
815 5343 1007 5398 melior
1055 5343 1258 5412 planta,
1306 5344 1457 5398 nullo
1504 5345 1730 5400 humore
1781 5347 2034 5401 bonarum

2143 5343 2233 5395 τὸν
2279 5340 2564 5410 ἀκανθώδη
2617 5339 2728 5409 βίον
2765 5342 2829 5410 τῇ
2884 5337 3166 5409 συμμαχίᾳ
3200 5337 3314 5390 τῶν
3353 5332 3588 5403 πονηρῶν
3613 5329 3681 5380 λο-

474 5438 863 5508 cogitationum
923 5436 1194 5490 nutriente
1257 5436 1514 5491 radicem.
1576 5437 1844 5503 Quoniam
1911 5453 2033 5506 ergo

2145 5435 2356 5505 γισμῶν
2391 5432 2808 5504 καταρδόμενον,
2859 5427 3323 5501 ἀποξηραίνεσθαι
3371 5427 3422 5479 δὲ
3475 5425 3559 5477 καὶ
3603 5434 3682 5486 μα’

475 5524 812 5596 signaculum
837 5528 884 5584 ei
921 5526 1064 5598 quod
1102 5542 1196 5596 per
1231 5527 1405 5596 ipsum
1445 5529 1774 5587 custoditur.
1812 5528 1912 5581 hoc
1943 5529 2034 5582 do-

2147 5523 2418 5596 ραίνεσθαι
2441 5523 2538 5592 τὴν
2563 5523 2793 5594 κρείττω
2818 5522 3036 5590 φυτείαν
3085 5518 3360 5589 μηδεμιᾶς
3384 5516 3478 5587 τῆς
3501 5512 3555 5578 ἐξ
3577 5509 3683 5575 ἀγα·

2795 5637 2818 5663 ρ

577 5705 621 5734 ⁸⁷
655 5703 757 5758 lsa.
799 5724 884 5773 ιν,
915 5708 996 5761 15.
1080 5711 1124 5740 ⁸⁸
1159 5707 1320 5763 Prov.
1365 5725 1416 5772 ι’,
1448 5709 1530 5763 l7.
