3948 6192
236 334 341 392 965

1282 322 1350 389 lN
1383 335 1671 392 CANTICA
1697 338 1970 394 CAN'l'lC.
2005 339 2287 395 llOMlmA
2332 344 2423 395 ix.

3388 351 3492 406 966

233 450 344 504 θῶν
404 447 683 519 λογισμῶν
738 449 962 520 ίκμάδος
1018 451 1427 522 ὑποτρεφούσης
1487 453 1584 523 τὴν
1639 455 1813 524 ῥίζαν.

1919 460 2036 515 nat,
2066 461 2122 506 ut
2149 455 2370 509 minime
2396 454 2750 523 subripiatur,
2779 457 2934 527 signo
2973 457 3144 513 furem
3174 459 3490 520 deterrens:

246 536 462 607 Ἐπειδὴ
499 537 680 591 τοίνυν
718 541 750 608 ἡ
798 539 1033 606 σφραγὶς
1074 539 1134 591 τὸ
1186 540 1378 594 ἄσυλον
1417 541 1489 611 τῷ
1536 543 1603 595 δι’
1645 544 1811 613 αὐτῆς

233 628 633 699 φυλασσομένῳ
668 629 973 699 χαρίζεται,
1008 631 1245 699 φοϐοῦσα
1287 632 1365 701 τῷ
1396 633 1690 703 σημάντρῳ
1722 635 1811 686 τὸν

234 714 509 784 κλέπτην·
567 716 674 767 πᾶν
710 716 767 769 δὲ
820 717 882 769 τὸ
932 716 1005 787 μὴ
1046 718 1409 788 κλεπτόμενον
1449 722 1525 790 τῷ
1575 720 1812 795 δεσπότῃ

235 802 385 871 μένει
415 803 700 873 ἀκέραιον·
725 804 822 872 τὴν
859 804 1136 873 ἀκρότητα
1169 804 1343 858 ἔοικεν
1376 804 1573 875 ἀρετὴν
1606 822 1814 876 μαρτυ·

234 897 349 962 ρείν
379 896 444 963 τῇ
479 894 665 964 νύμφῃ
695 894 928 947 ἐνταῦθα
960 895 989 946 ὁ
1022 894 1268 960 ἔπαινος,
1299 897 1380 949 ὅτι
1409 896 1684 965 ἀνέπαφος
1711 896 1811 950 αύ-

228 984 328 1052 τῆς
357 985 509 1052 μένει
535 986 648 1047 τοῖς
684 985 899 1054 ἐχθροῖς
929 986 962 1055 ἡ
995 985 1219 1049 διάνοια,
1264 988 1322 1038 ὲν
1351 987 1679 1056 καθαρότητι
1718 986 1811 1039 καὶ

228 1072 475 1143 ἀπαθείᾳ
508 1073 909 1144 φυλασσομένη.
952 1076 1040 1144 Τῴ
1071 1076 1185 1145 ἰδίῳ
1224 1077 1468 1147 Δεσπότῃ
1516 1076 1813 1146 σφραγίζε-

226 1179 317 1213 ται
344 1164 447 1229 τὴν
476 1162 655 1232 πηγὴν
681 1164 882 1233 ταύτην
909 1166 943 1235 ἡ
974 1165 1298 1235 καθαρότης,
1335 1167 1575 1237 μηδεμιᾷ
1608 1168 1814 1237 νοημά-

226 1269 338 1305 των
370 1252 479 1305 ίλύῖ
510 1253 569 1305 τὸ
600 1254 821 1322 διαυγές
842 1271 901 1307 τε
933 1255 1029 1307 καὶ
1054 1256 1288 1326 ἀερῶδες
1316 1258 1413 1323 τῆς
1443 1257 1662 1328 καρδίας
1690 1261 1810 1311 ὲπι-

230 1340 536 1395 θολὼσασα.
573 1342 660 1404 Ὠς
681 1342 722 1394 δ’
749 1342 815 1396 ἄν
840 1359 923 1408 τις
947 1344 1041 1398 ἐπὶ
1063 1346 1124 1397 τὸ
1154 1347 1482 1417 σαφέστερον
1508 1347 1812 1416 προαγάγοι

230 1430 292 1484 τὸ
322 1432 539 1501 νόημα,
574 1431 814 1486 τοιοῦτόν
860 1435 1034 1487 ἐστιν’
1070 1437 1287 1507 Ἐπειδὴ
1322 1436 1430 1490 τῶν
1472 1439 1530 1492 ὲν
1572 1440 1708 1509 ἡμῖν
1745 1439 1813 1493 τά

234 1524 335 1592 μέν
365 1525 517 1576 ἐστιν
556 1524 631 1587 ὡς
658 1524 873 1595 άληθῶς
898 1527 941 1593 κή
953 1524 1173 1597 μέτερα,
1208 1527 1305 1580 ὅσα
1332 1528 1434 1598 τῆς
1459 1528 1637 1601 ψυχῆς
1666 1532 1813 1584 ἐστιν

236 1614 340 1667 ἴδια
360 1631 375 1643 ’
405 1616 474 1667 τά
494 1615 551 1667 δὲ
572 1615 919 1683 οἰκειούμεθα
941 1616 1017 1678 ὼς
1044 1618 1305 1687 ἡμέτερα,
1329 1619 1396 1672 τὰ
1416 1621 1545 1692 περὶ
1570 1621 1632 1673 τὸ
1654 1623 1814 1692 σῶμα

233 1700 395 1769 λέγω,
429 1703 620 1757 καὶτὰ
651 1702 880 1766 ἔξωθεν.
911 1704 999 1757 διά
1024 1723 1165 1769 τινος
1195 1708 1588 1779 ήμαρτημένης
1618 1711 1815 1782 ὑπολή-

233 1794 378 1858 ψεως
414 1793 522 1846 ίδια
553 1794 864 1865 νομίζοντες
891 1797 956 1849 τὰ
990 1797 1275 1866 ἀλλότρια·
1311 1799 1361 1850 τί
1396 1801 1504 1870 γὰρ
1538 1803 1714 1856 κοινὸν
1743 1806 1808 1874 τῇ
1846 1800 1883 1851 Β

237 1884 380 1951 ἀΰλῳ
403 1885 507 1953 τῆς
528 1884 707 1956 ψυχῆς
730 1886 888 1955 φύσει
916 1888 1049 1957 πρὸς
1072 1889 1170 1959 τὴν
1194 1888 1382 1960 ύλικὴν
1403 1892 1809 1963 παχυμέρειανς

242 1974 437 2028 Τούτου
478 1976 638 2046 χάριν
673 1978 702 2029 ὁ
738 1978 1111 2049 παροιμιώδης
1143 1980 1497 2049 συμϐουλεύει
1525 1982 1701 2050 λόγος,
1739 1986 1811 2054 μὴ

246 2068 346 2127 τοῖς
375 2065 674 2137 ἀλλοτρίοις
704 2068 880 2139 ἡμῶν,
911 2072 1022 2133 τοῖς
1049 2071 1179 2141 περὶ
1218 2070 1280 2122 τὸ
1311 2071 1472 2142 σῶμά
1505 2089 1682 2143 φημι,
1720 2074 1813 2128 καὶ¹

249 2158 308 2209 τὰ
340 2156 554 2221 ἔξωθεν,
585 2158 681 2228 τὴν
722 2159 907 2230 πηγὴν
938 2159 1037 2229 τῆς
1072 2159 1307 2223 διανοίας
1346 2162 1504 2231 ἡμῶν
1538 2162 1815 2217 ὲναλίσκε-

255 2248 382 2302 σθαι.
440 2249 596 2302 Ἀλλὰ
648 2250 776 2321 περὶ
802 2249 894 2302 τὸν
932 2250 1060 2304 ἴδιον
1091 2251 1578 2322 ὲναναστρέφεσθαι
1611 2253 1806 2324 κῆπον,

255 2340 341 2410 τὴν
375 2340 465 2393 τοῦ
508 2340 644 2393 Θεοῦ
684 2340 907 2409 φυτείαν
939 2340 1277 2394 πιαίνουσαν.
1329 2342 1553 2413 Ἀρετὰς
1579 2343 1636 2396 δὲ
1669 2339 1809 2399 εἶναι

257 2431 343 2501 τὴν
365 2432 453 2484 τοῦ
482 2430 618 2484 Θεοῦ
652 2431 875 2499 φυτείαν
906 2429 1303 2501 μεμαθήκαμεν
1322 2472 1337 2495 ,
1370 2433 1498 2502 περὶ
1529 2431 1595 2495 ἃς
1636 2435 1665 2503 ὴ
1694 2435 1809 2487 δια-

260 2524 459 2595 νοητικὴ
501 2525 601 2592 τῆς
628 2522 808 2591 ψυχῆς
848 2521 1005 2592 ἡμῶν
1038 2521 1266 2590 δύναμις
1292 2521 1683 2594 ἀσχολουμένη,
1714 2525 1809 2577 καὶ

1915 543 2180 614 quidquid
2222 554 2400 600 autem
2433 562 2540 601 non
2580 548 2899 617 subripitur,
2932 550 3154 607 domino
3187 564 3368 609 manet
3406 556 3492 611 in-

1917 644 2126 705 tcgrum
2153 654 2166 690 :
2191 638 2403 691 videtur
2432 638 2519 691 hic
2550 639 2669 693 laus
2701 654 2915 709 Sponsae
2945 642 3013 694 dc
3047 658 3259 697 summa
3290 645 3491 701 virtute

1918 724 2059 780 ferre
2094 727 2490 789 testimonium,
2528 742 2720 796 nempe
2750 728 2895 797 quod
2922 731 2989 782 ab
3019 730 3255 786 inimicis
3287 735 3487 789 intacta

1912 816 1960 869 ei
1992 825 2172 871 manet
2196 817 2475 885 cogitatio,
2524 818 2800 871 custodita
2835 819 2890 871 in
2910 822 3171 887 _puritate
3195 829 3247 874 et
3275 823 3493 892 impati-

1914 905 2144 959 bilitate.
2176 905 2405 959 Domino
2434 921 2533 961 suo
2573 907 2822 977 obsignat
2851 907 2999 963 hunc
3025 908 3228 962 fontem
3262 912 3492 980 puritas,

1915 998 2066 1051 nullo
2122 998 2249 1050 limo
2299 998 2691 1066 cogitationum
2740 999 3076 1054 conturbatis
3125 998 3176 1053 id
3224 1001 3367 1070 quod
3409 1010 3493 1058 est

1913 1087 2095 1141 cordis
2146 1088 2382 1141 lucidum
2438 1097 2490 1143 et
2544 1090 2772 1142 aerium.
2820 1087 2890 1143 Ut
2934 1098 3113 1143 autem
3156 1089 3247 1143 ﬁat
3295 1091 3492 1144 clarior

1914 1179 2205 1242 sententia,
2240 1180 2345 1234 tale
2390 1190 2475 1234 est
2519 1182 2662 1250 quod
2693 1180 2926 1235 dicimus
2954 1196 2968 1232 :
2995 1180 3260 1247 Quoniam
3302 1197 3492 1236 eorum

1912 1286 2030 1339 quze
2074 1281 2200 1325 sunt
2228 1273 2281 1326 in
2315 1274 2495 1336 nobis,
2544 1275 2649 1327 alia
2680 1275 2899 1344 quidem
2951 1282 3080 1329 sunt
3111 1291 3237 1331 vere
3275 1284 3489 1340 nostra,

1913 1371 2212 1435 quzesunt
2270 1365 2464 1417 animm
2521 1366 2776 1435 propria;
2840 1366 2945 1419 alia
2999 1374 3180 1421 autem
3231 1377 3490 1437 tanquam

1914 1459 2101 1505 nostra
2155 1452 2221 1505 ad
2258 1466 2498 1508 nostram
2545 1456 2893 1523 adjungimus
2940 1457 3350 1526 proprietatem,
3403 1471 3490 1525 ea,

1914 1540 2133 1610 inquam
2192 1560 2313 1611 qua:
2355 1555 2483 1599 sunt
2530 1546 2777 1615 corporis
2813 1556 2866 1602 et
2899 1562 3019 1616 quae
3067 1555 3197 1602 sunt
3241 1559 3489 1607 externa.

1913 1630 2048 1684 falsa
2102 1634 2334 1700 quadam
2386 1636 2792 1690 existimatione
2841 1638 3219 1693 existimantes
3271 1638 3491 1707 propria

1913 1734 2034 1788 quae
2061 1729 2189 1774 sunt
2219 1723 2393 1775 aliena
2432 1726 2583 1793 (quid
2611 1726 2755 1779 enim
2786 1727 3030 1780 materia:
3053 1730 3263 1796 experti
3294 1729 3492 1782 anima:

1912 1824 2201 1864 commune
2251 1822 2334 1867 est
2385 1830 2509 1868 cum
2563 1818 2803 1871 materia:
2846 1817 3277 1888 crassitudine?)
3323 1834 3386 1873 ea
3424 1820 3492 1873 de

1911 1914 2077 1953 causa
2109 1904 2466 1969 proverbialis
2520 1906 2677 1960 nobis
2705 1908 2946 1962 consulit
2977 1908 3287 1978 Scriptura.
3335 1924 3402 1963 ne
3434 1910 3488 1964 in

1910 2004 1973 2042 ea
2007 2006 2126 2060 quae
2153 2001 2282 2047 sunt
2313 2010 2341 2048 a
2373 1995 2532 2050 nobis
2572 1996 2769 2059 aliena,
2798 1999 2853 2052 in
2889 2014 3111 2068 corpus,
3146 2000 3391 2069 inquam,
3435 2009 3490 2056 et

1911 2094 1975 2132 ea
2010 2096 2130 2150 quae.
2159 2093 2286 2137 sunt
2309 2094 2553 2149 externa,
2582 2097 2937 2143 consumatur
2968 2090 3092 2146 fons
3113 2091 3485 2159 cogitationis.

1912 2171 2006 2224 sed
2025 2171 2081 2225 in
2102 2188 2202 2227 suo
2224 2187 2473 2230 versetur
2492 2178 2670 2241 horto,
2700 2177 2790 2233 Dei
2817 2179 3051 2251 irrigans
3077 2181 3486 2249 plantationem.

1919 2259 2222 2319 Didicimus
2247 2275 2428 2321 autem
2454 2268 2685 2324 virtutes
2714 2284 2838 2324 esse
2868 2269 2959 2325 Dei
2987 2271 3398 2341 plantationem,
3433 2272 3488 2326 in

1915 2351 2115 2419 quibus
2146 2365 2415 2428 occupata
2444 2361 2738 2432 cogitativa
2776 2364 2971 2417 animae
3001 2373 3204 2419 nostrae
3235 2363 3487 2428 facultas,

1914 2451 1969 2495 et
2006 2443 2073 2497 ad
2100 2446 2234 2501 nihil
2280 2459 2564 2505 externum
2616 2453 2876 2520 deﬂuens,
2926 2456 3250 2526 obsignatur
3293 2456 3490 2509 chara-

1916 2539 2065 2587 ctere
2096 2539 2362 2603 veritatis,
2405 2541 2695 2596 informata
2721 2545 2786 2597 ad
2815 2546 3018 2599 bonum
3059 2545 3395 2599 habitudine.

261 2619 380 2687 πρὺς
421 2619 712 2708 ούδὲνντῶν
747 2616 944 2682 ἔξωθεν
984 2617 1358 2688 ἀπορρέουσα,
1390 2616 1469 2687 τῷ
1500 2621 1805 2691 χαρακτῆρι
1838 2622 1935 2692 τῆς
1962 2626 2215 2696 ἀληθείας
2244 2634 2624 2704 σφραγίζεται,
2687 2640 2752 2707 τῇ
2819 2638 2953 2707 πρὸς
2990 2639 3050 2690 τὸ
3078 2638 3281 2706 ἀγαθὸν
3307 2636 3493 2708 σχέσει

261 2707 683 2780 δαιμορφουμένη-

326 2823 541 2892 Ἰδωμεν
570 2822 625 2875 δὲ
657 2822 750 2874 καὶ
782 2819 889 2873 τῶν
928 2820 1125 2890 ἐφεξῆς
1152 2820 1387 2874 ἐπαίνων
1425 2819 1521 2891 τὴν
1563 2811 1808 2891 δύναμιν.

276 2913 604 2966 Ἀπςστολαί
644 2926 792 2969 σου.
854 2912 1007 2981 φησὶ,
1064 2911 1426 2978 παράδεισος
1465 2910 1628 2979 ῥοῶν
1664 2915 1814 2981 μετὰ

268 3002 472 3069 καρποῦ
496 3001 857 3069 ἁκροδίύων,
888 3001 1101 3067 κύπροι
1122 3000 1271 3068 μετὰ
1297 3000 1552 3068 νάρδων.
1583 3001 1812 3069 Νάρδος

1996 2820 2285 2875 Videamus
2329 2833 2509 2876 autem
2546 2840 2732 2878 earum
2774 2842 3028 2896 quoque.
3074 2842 3194 2895 quae
3230 2828 3493 2899 deinceps

1916 2922 2253 2983 sequuntur,
2326 2913 2545 2968 laudum
2608 2917 2885 2971 virtutem.
2957 2916 3279 2973 Emissiones
3345 2932 3486 2980 tum.

1922 3003 2115 3073 inquit,
2163 3004 2445 3071 paradisus
2487 3008 2745 3059 "talorum
2788 3010 3124 3074 punicorum,
3161 3025 3274 3062 cum
3311 3011 3490 3079 fructu

271 3092 350 3143 καὶ
379 3093 584 3160 κρόκος
601 3132 615 3155 ,
646 3092 914 3159 κάλαμος
943 3091 1040 3143 καὶ
1067 3089 1463 3159 κιννάμωμον,
1487 3092 1634 3161 μετὰ
1660 3091 1810 3145 πάν-

1918 3108 2212 3161 pomorum,
2240 3102 2290 3147 et
2334 3095 2479 3162 cypri
2529 3110 2646 3147 cum
2684 3096 2885 3149 nardis.
2936 3094 3155 3148 Nardus
3195 3106 3243 3149 et
3279 3113 3485 3159 crocus,

270 3198 370 3233 των
399 3183 591 3248 ξύλων
630 3184 736 3236 τοῦ
772 3183 1047 3236 Λιϐάνου·
1088 3184 1325 3251 σμύρνα
1355 3183 1451 3235 καί
1486 3185 1635 3251 diem
1663 3186 1813 3254 μετὰ

272 3273 484 3328 πάντων
505 3275 623 3329 τῶν
651 3275 896 3345 πρώτων
917 3276 1140 3343 μύρων.
1168 3274 1337 3343 Πηγὴ
1375 3274 1602 3341 κήπων,
1629 3275 1813 3345 φρέαρ
1840 3270 1851 3279 ’

274 3360 462 3431 ὓδατος
492 3366 704 3434 ζῶντος
737 3367 833 3420 καὶ
868 3365 1207 3434 ροιζοῦντος
1239 3368 1356 3420 ἀπὸ
1394 3367 1500 3421 τοῦ
1534 3367 1811 3421 Λιϐάνου.

273 3454 376 3508 Ὅτι
408 3457 498 3526 μὲν
528 3454 622 3511 οῦν
657 3458 1010 3528 παμμέγεθες
1034 3475 1087 3510 τι
1123 3460 1216 3511 καὶ
1249 3457 1483 3523 ἐξαίσιον
1523 3463 1634 3523 τοῖς
1663 3462 1814 3532 εἰρη-

277 3545 433 3611 μένοις
471 3548 714 3616 ἔγκειται
762 3550 959 3619 νόημα,
1005 3549 1072 3602 δι’
1105 3542 1166 3602 οὗ
1196 3550 1295 3620 τῆς
1330 3551 1471 3605 κατὰ
1506 3550 1636 3603 Θεὸν
1668 3552 1814 3621 ὑψω-

271 3637 432 3708 θείσης
464 3640 524 3693 τὸ
551 3640 745 3704 κάλλος
773 3641 830 3693 ὲν
870 3640 1107 3711 θαύματι
1136 3641 1365 3709 γίνεται,
1406 3645 1526 3705 ταῖς
1555 3643 1817 3713 πολυτρό-

273 3745 375 3793 ποις
396 3730 500 3783 τῶν
532 3731 767 3785 ἐπαίνων
812 3731 1137 3801 ὑπερϐολαῖς
1178 3733 1617 3803 εὐφημουμένης,
1662 3733 1819 3803 δῆλον

270 3821 351 3873 καὶ
387 3823 445 3874 ὲκ
486 3824 584 3892 τῆς
622 3824 909 3894 προχείρου
943 3822 1139 3888 λέξεως
1174 3823 1283 3875 τῶν
1328 3824 1634 3894 εἰρημένων
1678 3825 1813 3878 ὲστί.

269 3910 350 3974 Τίς
388 3912 443 3965 δὲ
484 3913 687 3984 ἀληθής
722 3916 837 3965 ἐστι
874 3913 1113 3977 διάνοια,
1148 3914 1214 3983 ἦν
1256 3914 1599 3983 διασημαίνει
1647 3914 1818 3969 ταῦτα

269 4001 327 4055 τά
354 4006 584 4073 ῥήματα,
634 4005 792 4074 μόνον
824 4004 890 4058 ἂν
940 4005 1024 4075 εἴη
1077 4005 1263 4075 σαφῶς
1300 4005 1498 4058 εἰδέναι
1549 4006 1643 4058 τοῦ
1678 4008 1817 4060 κατὰ

271 4092 346 4147 τὸν
397 4097 543 4163 ἆγιον
598 4096 807 4149 Παῦλον
873 4097 1234 4169 ἐπισταμένου
1299 4096 1572 4167 Πνεύματι
1642 4097 1818 4151 λαλεῖν

270 4183 328 4235 τὰ
375 4184 487 4237 θεῖα
547 4185 844 4256 μυστήρια.
900 4185 1021 4247 Πῶς
1078 4185 1186 4256 γάρ
1243 4186 1305 4237 τὸ
1362 4185 1819 4257 ἀποστελλόμενον

274 4274 406 4344 παρὰ
449 4277 544 4346 τῆς
582 4274 798 4345 νύμφης
848 4276 985 4345 ροὧν
1027 4278 1141 4328 ἐστι
1194 4277 1554 4347 παράδεισος;
1595 4276 1718 4340 Πῶς
1761 4278 1817 4330 δὲ

274 4365 325 4416 ὲκ
344 4365 444 4417 τῶν
474 4365 609 4435 ῥοῶν
636 4368 665 4419 ὁ
690 4365 901 4436 καρπὸς
927 4365 1035 4418 τῶν
1070 4366 1384 4436 ἀκροδρύων
1415 4366 1666 4438 φέρεται;
1696 4367 1818 4429 Πῶς

1915 3187 2152 3239 calamus
2183 3195 2233 3238 et
2261 3186 2669 3249 cinnamomum,
2702 3201 2819 3238 cum
2841 3187 3081 3239 omnibus
3101 3186 3255 3256 lignis
3275 3185 3488 3256 Libani,

1914 3277 2130 3345 myrrha
2158 3285 2207 3329 et
2240 3278 2376 3337 aloe,
2420 3292 2538 3328 cum
2573 3277 2811 3329 omnibus
2842 3278 3028 3344 primis
3068 3279 3361 3346 unguentis.
3397 3278 3487 3333 i5.

1917 3365 2063 3420 Fons
2088 3367 2246 3433 horti,
2288 3376 2475 3435 puteus
2509 3383 2659 3436 aqua:
2704 3369 2832 3420 viva:
2864 3377 2913 3421 et
2942 3370 3137 3436 impetu
3181 3369 3393 3437 ﬂuentis
3424 3384 3490 3422 ex

1915 3456 2138 3512 Libano.
2169 3459 2344 3526 Atque
2370 3457 2513 3539 quod
2546 3457 2599 3510 in
2643 3458 2709 3511 iis
2739 3458 2957 3525 quidem
2989 3473 3110 3527 qua:
3152 3459 3297 3513 dicta
3335 3470 3488 3523 sunt,

1914 3558 1998 3602 est
2026 3548 2247 3617 quidam
2292 3548 2451 3617 longe
2481 3549 2750 3602 maximus
2781 3563 2844 3601 ac
2874 3550 3326 3617 praeclarissimus
3360 3564 3493 3605 sen-

1915 3657 2033 3705 sus,
2065 3656 2158 3709 per
2176 3656 2338 3710 quem
2364 3640 2484 3709 ejus
2510 3654 2631 3707 qum
2656 3655 2719 3692 ex
2750 3640 2857 3693 Deo
2883 3649 2966 3693 est
2995 3641 3047 3693 in
3081 3643 3248 3693 altum
3276 3651 3487 3707 evecta,

1917 3734 1971 3787 in
2000 3733 2358 3787 admiratione
2406 3732 2636 3785 habetur
2669 3731 3037 3802 pulchritudo,
3071 3733 3240 3787 variis
3270 3740 3324 3785 et
3370 3749 3492 3788 m0-

1915 3826 2043 3879 dnm
2081 3822 2538 3893 exsuperantibus
2564 3822 2833 3876 celebrata
2864 3823 3138 3886 laudibus,
3164 3833 3248 3878 est
3280 3825 3490 3893 perspi-

1916 3932 2077 3970 cuum
2111 3917 2188 3969 vel
2225 3931 2289 3968 ex
2327 3921 2586 3969 contextu
2620 3928 2684 3967 ac
2725 3929 2889 3968 sensu
2924 3915 3158 3984 primum
3189 3915 3350 3969 obvio
3393 3930 3491 3970 eo-

1916 4022 2035 4059 rum
2092 4020 2213 4076 quae
2268 4005 2411 4059 dicta
2462 4012 2609 4059 sunt.
2658 4003 2917 4070 Quisnam
2958 4006 3031 4058 sit
3083 4015 3265 4060 autem
3325 4022 3493 4064 verus

1917 4113 2113 4153 sensus
2165 4112 2324 4167 quem
2384 4097 2495 4150 haec
2544 4096 2706 4150 verba
2757 4096 3085 4164 signiﬁcant,
3144 4096 3265 4165 ejus
3316 4098 3487 4153 solius

1919 4189 2079 4242 fuerit
2139 4198 2322 4259 aperte
2386 4188 2546 4251 scire,
2610 4186 2725 4267 qui,
2776 4187 2933 4255 juxta
2989 4188 3172 4242 divum
3233 4187 3484 4252 Paulum,

1919 4279 2121 4347 Spiritu
2162 4280 2266 4333 scit
2298 4280 2444 4348 loqui
2479 4278 2663 4332 divina
2699 4278 2978 4349 mysteria.
3014 4277 3486 4344 Quemadmodum

1917 4372 2065 4423 enim
2104 4369 2248 4438 quod
2281 4372 2548 4424 emittitur
2576 4384 2605 4422 a
2633 4384 2856 4438 sponsa,
2886 4377 2970 4423 est
2999 4370 3282 4439 paradisus
3315 4371 3487 4425 malo—

272 4452 318 4506 δὲ
342 4454 403 4508 τὰ
428 4456 698 4528 dxpo'cipua
744 4456 929 4527 μύρων
958 4456 1165 4523 γίνεται
1196 4457 1287 4510 καὶ
1318 4458 1622 4527 ἀρωμάτων
1653 4458 1815 4510 κατά-

1923 4475 2041 4512 rum
2087 4459 2453 4529 punicorum?
2500 4458 2959 4527 quemadmodum
3000 4467 3179 4513 autem
3228 4474 3293 4514 ex
3326 4461 3490 4514 malis

272 4543 436 4613 λογοςς
480 4548 565 4600 Ἐν
587 4547 695 4619 γὰρ
722 4550 831 4610 τοῖς
855 4547 963 4600 τῶν
985 4547 1296 4620 ἀκροδρύων
1322 4551 1571 4619 καρποῖς,
1607 4548 1818 4618 κύπρος

273 4638 351 4689 καὶ
376 4640 557 4709 νάρδος
596 4640 690 4694 καὶ
726 4640 921 4710 κρόκος
950 4640 1085 4701 ἐστὶ,
1129 4640 1372 4709 κάλαμός
1417 4657 1476 4692 τε
1510 4640 1601 4693 καὶ
1630 4639 1819 4692 κιννά-

273 4744 460 4797 μωμον,
521 4731 617 4785 καὶ
662 4732 772 4784 πᾶν
819 4730 912 4784 τοῦ
947 4731 1178 4784 Λιϐάνου
1229 4731 1404 4798 ξύλον,
1444 4732 1520 4796 ὡς
1564 4732 1819 4803 οὐδεμιᾶς

274 4820 355 4889 τῆς
393 4823 529 4876 κατὰ
570 4823 632 4877 τὸ
675 4825 875 4894 ἇοωμα
911 4823 1004 4877 τοῦ
1044 4824 1276 4878 Λιϐάνου
1314 4826 1576 4895 διαφορᾶς
1608 4827 1664 4878 ὲν
1712 4827 1818 4887 τοῖς

270 4910 721 4984 ἀπηριθμημένοις
750 4914 1058 4987 Λειπούσης·
1092 4911 1173 4979 οἷς
1218 4915 1563 4987 προστίθεται
1605 4914 1818 4986 σμύρνα

272 5002 355 5054 καὶ
378 5004 500 5077 ἁλόη
521 5045 535 5066 ,
568 5008 664 5060 καὶ
700 5007 769 5059 τὰ
802 5007 991 5078 πρῶτα
1017 5008 1164 5080 μῦρα
1205 5010 1399 5072 πάντα,
1433 5009 1525 5061 καὶ
1552 5010 1584 5079 ἡ
1626 5009 1815 5079 πρότε-

274 5104 355 5157 ρον
376 5093 539 5163 κῆπος
573 5098 631 5148 ὲν
667 5098 781 5159 τοῖς
811 5097 923 5150 ἄνω
946 5097 1095 5167 παρὰ
1121 5096 1215 5150 τοῦ
1247 5096 1589 5161 ἐπαινοῦντος
1622 5099 1820 5167 ὀνομα-

272 5180 461 5245 σθεῖσα,
486 5185 579 5239 νῦν
613 5187 765 5257 πηγὴ
805 5186 1024 5255 λέγεται
1065 5189 1278 5259 κήπων.
1304 5189 1397 5241 καὶ
1428 5188 1602 5260 φρέαρ
1628 5187 1818 5253 ὓδατος

269 5271 452 5339 ζῶντος
479 5277 571 5329 καὶ
609 5277 913 5350 ροιζοῦντος
946 5279 1053 5332 ἀπὸ
1097 5278 1192 5331 τοῦ
1231 5279 1483 5333 Λιϐάνου.
1542 5279 1698 5332 Ἀλλά
1728 5279 1817 5332 τὸν

264 5365 357 5433 μὶν
377 5366 552 5436 ἀληθῆ
576 5366 732 5434 λόγον
754 5366 883 5439 περὶ
909 5366 1109 5443 τούτων
1138 5368 1293 5422 ἴδοιεν
1315 5368 1401 5430 ἂν,
1432 5367 1612 5432 καθὼς
1636 5372 1819 5441 προεῖ-

257 5474 374 5521 πον,
424 5460 476 5511 ot
514 5459 575 5512 τὸ
611 5458 773 5529 βάθος
814 5458 909 5512 τοῦ
958 5460 1188 5514 πλούτου
1227 5462 1322 5515 καὶ
1353 5461 1453 5532 τῆς
1499 5462 1690 5530 σοφίας
1726 5464 1819 5517 καὶ

250 5549 349 5619 τῆς
367 5549 621 5618 γνώσεως
643 5550 735 5604 τοῦ
750 5550 883 5604 Θεοῦ
904 5551 1276 5624 διερευνᾶσθαι
1296 5552 1599 5623 δυνάμενοι.
1629 5553 1817 5622 Ἡμεῖς

244 5641 300 5697 δὲ
324 5642 402 5705 ὡς
426 5642 491 5695 ἂν
516 5642 591 5713 μὴ
616 5644 891 5709 παντελῶς
907 5647 1158 5713 ἄγευστοι
1186 5644 1291 5696 τιῖνν
1314 5638 1369 5696 ἓν
1381 5643 1457 5713 τῷ
1478 5645 1626 5714 τόπῳ
1647 5643 1819 5713 τούτῳ

242 5734 631 5803 προκειμένων
677 5736 919 5797 ἀγαθῶν,
977 5737 1069 5790 καὶ
1118 5735 1510 5789 ἀναπόλαυστοι
1568 5735 1813 5788 καταλει-

1920 4549 2135 4620 punicis
2188 4549 2509 4618 producitur
2563 4548 2776 4603 fructus
2831 4551 3162 4618 pomorum?
3214 4550 3491 4616 Quemad-

1923 4639 2140 4694 modum
2172 4655 2300 4695 vcro
2326 4655 2484 4709 poma
2518 4640 2653 4693 llunt
2697 4640 2977 4710 catalogus
3007 4650 3404 4712 unguentorum
3435 4654 3492 4700 et

1921 4737 2225 4783 aromatum
2248 4730 2272 4783 ?
2297 4730 2354 4784 ln
2384 4746 2667 4800 pomorum
2694 4731 2839 4785 enim
2866 4730 3138 4787 fructibus
3161 4749 3361 4804 cyprus
3384 4743 3493 4799 est,

1922 4824 2125 4877 nardus
2175 4829 2229 4877 et
2282 4837 2501 4888 crocus,
2556 4829 2610 4877 et
2653 4822 2918 4887 calamus,
2962 4831 3017 4878 et
3058 4825 3491 4890 cinnamomum,

1920 4923 1974 4969 et
2004 4930 2164 4969 omne
2195 4915 2395 4984 lignum
2431 4913 2644 4978 Libani,
2694 4915 2849 4985 quasi
2883 4916 3034 4970 nulla
3066 4918 3120 4972 in
3154 4921 3495 4975 aromatibus

1921 5004 2111 5059 Libani
2141 5004 2445 5059 dill‘erentia
2469 5005 2611 5061 desit
2644 5005 2698 5060 in
2728 5006 2796 5061 iis
2825 5021 2945 5076 quae
2973 5015 3101 5063 sunt
3131 5018 3447 5064 enumerata
3472 5028 3489 5066 :

1920 5096 2119 5165 quibus
2150 5096 2366 5150 additur
2390 5096 2609 5166 myrrha
2641 5106 2695 5151 et
2727 5097 2868 5160 aloe,
2898 5106 2953 5152 et
2984 5099 3163 5154 omnia
3192 5102 3363 5170 prima
3386 5117 3492 5155 un-

1918 5193 2135 5255 guenta.
2174 5183 2239 5238 Et
2280 5200 2401 5254 qua:
2450 5184 2602 5254 prius
2630 5184 2826 5242 hortus
2858 5201 2888 5239 a
2920 5187 3174 5244 laudante
3207 5205 3374 5260 supra
3404 5199 3492 5246 est

1920 5276 2221 5341 nominata,
2264 5290 2414 5330 nunc
2443 5275 2565 5331 t'ons
2613 5276 2817 5331 dicitur
2850 5278 3158 5342 hortorum,
3201 5289 3255 5336 et
3296 5290 3493 5350 puteus

1920 5382 2075 5437 aqua:
2104 5368 2259 5430 vivae,
2311 5375 2367 5423 et
2404 5367 2609 5437 impetu
2657 5366 2876 5424 liuentis
2909 5385 2973 5425 ex
3016 5369 3241 5427 Libano.
3283 5370 3388 5426 Sed
3422 5371 3492 5426 de

1920 5461 2007 5514 his
2045 5459 2263 5530 quidem
2299 5475 2419 5528 qua:
2445 5460 2592 5515 dicta
2641 5469 2772 5516 sunt
2799 5462 3083 5516 veritatem
3117 5463 3373 5524 viderint,
3429 5472 3489 5516 ut

1921 5552 2071 5622 prius
2109 5552 2244 5614 dixi,
2296 5552 2333 5606 ii
2363 5550 2456 5621 qui
2510 5560 2740 5622 possunt
2779 5557 3115 5623 perscrutari
3145 5552 3493 5624 profundita-

1921 5651 2026 5697 tem
2058 5642 2391 5704 divitiarum.
2421 5649 2475 5696 et
2506 5642 2807 5711 sapientiae,
2842 5653 2895 5698 et
2926 5645 3172 5699 scientia:
3211 5643 3326 5699 Dei.
3380 5641 3495 5701 Nos

1922 5743 2123 5797 autem,
2178 5748 2243 5788 nc
2298 5732 2520 5788 omnino
2579 5735 2952 5804 relinquantur
2997 5747 3248 5804 expertes
3298 5746 3496 5803 gustus
