3948 6192
514 288 624 359 967

1735 298 1794 353 S.
1849 298 2175 355 GRECORII
2211 296 2504 352 NYSSENI
2860 358 2867 365 ε
3642 300 3713 353 96%

518 415 785 470 bonorum
815 427 935 482 qua:
973 412 1025 465 in
1055 411 1158 466 hoc
1189 412 1309 466 loco
1344 411 1446 466 sita
1480 420 1626 475 sunt,
1667 412 1841 481 iisque
1872 412 2092 466 minime

2196 410 2483 481 φθείημεν,
2512 410 2581 463 δι’
2608 410 2801 477 ὀλίγων
2822 409 2995 476 λόγων
3020 408 3095 479 τῷ
3117 410 3259 479 λόγῳ
3288 409 3632 480 προσάξομεν,
3651 418 3713 470 αὖ·

518 508 786 570 truamur,
837 504 1029 575 paucis
1068 503 1391 560 accedemus
1432 504 1500 558 ad
1529 511 1841 558 contextum
1888 505 2095 558 oratio-

520 613 626 658 ms,
685 598 805 667 ipso
843 596 951 651 Deo
1006 595 1187 650 Verbo
1242 596 1508 658 adhibito.
1564 605 1623 650 ut
1664 596 1733 651 sit
1766 596 1876 650 dux
1925 597 2094 650 nostri

518 688 685 743 studii
737 702 801 742 ac
830 687 1143 757 diligentize.
1188 685 1489 742 Universus
1539 687 1783 751 laudum,
1834 687 1928 756 qui
1974 694 2098 740 ante

519 778 698 832 dictus
730 776 851 839 fuit,
894 776 1198 843 catalogus,
1230 784 1284 830 et
1314 793 1433 845 qum
1459 793 1605 830 nunc
1631 777 1696 832 de
1731 777 1847 845 ipsa
1875 776 2098 829 adduxit

517 868 716 930 oratio,
747 882 855 919 non
892 866 1145 920 videntur
1179 866 1377 921 intueri
1413 868 1684 936 pratcipue
1716 868 1781 921 ad
1804 864 2095 936 quamdam

519 958 720 1011 nudam
763 972 825 1011 ac
854 958 1027 1012 solam
1070 958 1457 1017 laudationem,
1506 960 1598 1014 sed
1635 975 1731 1028 per
1761 973 1825 1015 ea
1856 974 1976 1028 quae
2014 958 2098 1011 di-

518 1056 740 1109 cuntur,
768 1049 874 1101 vim
898 1048 1190 1117 quamdam
1221 1063 1285 1103 ac
1312 1050 1569 1103 virtutem
1593 1050 1804 1113 aﬂ‘erre,
1835 1065 1895 1103 ac
1915 1050 2096 1104 cordis

516 1152 804 1193 ascensum
840 1140 906 1192 ad
941 1155 1002 1193 ea
1037 1156 1157 1210 qua:
1185 1151 1312 1195 sunt
1343 1142 1550 1210 majora
1580 1152 1634 1196 et
1665 1142 1986 1206 excelsiora,
2022 1151 2098 1195 ut-

516 1238 642 1299 pote
677 1230 992 1284 nominatur
1016 1247 1177 1285 soror
1200 1227 1264 1287 ‘et
1298 1248 1495 1301 sponsa
1538 1232 1720 1297 Verbi,
1755 1233 1849 1287 sed
1888 1242 2098 1287 utrum-

517 1337 623 1389 que
671 1322 863 1375 horum
916 1325 1195 1375 nominum
1246 1338 1507 1391 sponsam
1539 1323 1822 1392 conjungit
1870 1340 2093 1393 sponso,

520 1428 737 1483 sponsae
760 1413 981 1483 quidem
1009 1413 1407 1483 significatione
1431 1431 1574 1477 eam,
1605 1426 1665 1470 ut
1699 1416 1941 1469 nominat
1964 1416 2098 1470 Pau-

519 1502 605 1557 lus
627 1503 696 1565 ”,
730 1502 967 1558 faciente
998 1507 1445 1574 concorporalem
1478 1522 1700 1576 sponso,
1732 1508 1823 1576 qui
1855 1523 1962 1561 non
1998 1524 2094 1576 po-

520 1600 625 1648 test
650 1594 953 1663 corrumpi,
994 1601 1047 1650 et
1081 1596 1135 1648 in
1170 1613 1328 1665 quem
1361 1613 1467 1651 non
1495 1599 1639 1651 cadit
1666 1600 1945 1652 interitus:
1984 1608 2094 1653 stu-

519 1683 611 1737 dio
639 1692 821 1739 autem
850 1687 996 1755 quod
1024 1698 1271 1742 versatur
1301 1689 1355 1742 in
1383 1688 1678 1754 voluntate,
1707 1688 2092 1744 ad’l‘raternam

520 1873 602 1921 tcr
632 1869 755 1921 voci
780 1868 1077 1939 Evangelii.
1117 1868 1323 1924 Deinde
1348 1871 1601 1924 laudatur
1621 1880 1818 1925 natura
1842 1872 2091 1934 uberum,

519 1974 641 2029 quae
678 1975 777 2027 pro
826 1961 964 2015 lacte
997 1962 1184 2015 vinum
1235 1961 1483 2025 effundit,
1537 1970 1588 2015 et
1620 1961 1970 2016 manifestum
2012 1971 2095 2018 est

519 2047 663 2116 quod
689 2048 805 2103 laus
829 2064 967 2118 Opus
987 2048 1243 2104 efficitur.
1273 2050 1389 2104 Non
1415 2052 1582 2113 enim.
1612 2052 1666 2105 id
1693 2054 1836 2121 quod
1863 2068 1969 2106 non
1987 2061 2091 2115 est,

522 2138 796 2191 laudatur.
832 2138 1097 2193 Praeterea
1125 2140 1246 2208 ejus
1285 2150 1622 2211 unguentum
1666 2143 1945 2210 judicatur
1973 2159 2094 2198 esse

521 2228 773 2297 superius
816 2230 1073 2284 omnibus
1113 2232 1468 2293 aromatibus,
1525 2232 1671 2302 quod
1715 2234 1932 2302 quidem
1983 2249 2092 2287 non

522 2320 593 2372 ita
615 2334 673 2372 se
690 2318 889 2372 habere
916 2318 1441 2389 fuissctjudicatum,
1462 2323 1634 2377 sinon
1660 2339 1844 2378 revera
1864 2325 1929 2378 ad
1949 2325 2091 2378 illam

522 2416 859 2485 pervenisset
908 2416 1248 2471 altitudinem
1281 2433 1377 2486 per
1409 2418 1712 2488 profectum
1764 2421 1820 2474 in
1848 2436 1914 2475 eo
1947 2422 2091 2492 quod

521 2519 603 2562 est
658 2508 871 2563 irrelius.
926 2507 1206 2563 Habentur
1245 2518 1431 2580 postea
1486 2513 1539 2565 in
1590 2513 1947 2567 admiratione
1987 2513 2090 2566 favi

521 2601 788 2655 orationis
813 2603 904 2671 qui
937 2601 1207 2656 distillant
1241 2619 1305 2658 ex
1342 2604 1460 2672 ejus
1498 2619 1613 2669 ore,
1640 2614 1695 2659 et
1720 2613 2091 2675 contempera-

522 2693 598 2747 tio
625 2702 846 2762 paratur
874 2695 1156 2764 sapientia:
1179 2695 1426 2764 subjecta
1450 2697 1665 2766 lingum,
1689 2703 2093 2767 contemperato

521 2785 659 2839 lacte
684 2800 807 2839 cum
858 2786 1036 2841 melle.
1085 2785 1148 2839 Et
1181 2786 1293 2841 lucc
1323 2804 1539 2857 quoque
1575 2796 1703 2843 sunt
1737 2789 1930 2850 virtus.
1986 2804 2092 2841 non

524 2877 705 2937 verba,
741 2885 800 2929 ut
830 2891 951 2946 qua:
979 2891 1009 2929 a
1047 2875 1226 2931 Verbo
1261 2877 1325 2930 ad
1352 2878 1605 2932 altiorum
1637 2877 1869 2932 deducta
1905 2893 2095 2933 ascen-

520 2982 639 3020 sum
669 2968 804 3021 adeo
832 2976 994 3022 aucta
1044 2969 1137 3026 sit,
1175 2976 1234 3021 ut
1278 2984 1341 3023 os
1378 2969 1536 3023 faciat
1572 2969 1772 3024 fontem
1804 2970 2003 3029 mellis.
2041 2977 2095 3023 ct

522 3058 760 3125 linguam
796 3059 1223 3128 promptuarium
1253 3060 1553 3114 commista:
1578 3061 1877 3129 sapientia,
1909 3061 1962 3114 in
1986 3075 2092 3129 qua

520 3147 903 3202 consideratur
942 3159 1084 3202 terra
1120 3149 1521 3217 promissionis,
1556 3165 1678 3219 quae
1713 3150 1827 3202 fluit
1853 3151 2009 3205 melle
2043 3160 2095 3204 et

522 3239 680 3291 laete.
713 3239 848 3292 Cum
878 3247 1058 3292 autem
1091 3236 1329 3294 Verbum
1368 3256 1465 3310 per
1503 3255 1767 3296 ascensus
1804 3255 1921 3295 eam
1962 3239 2099 3293 adeo

519 3329 824 3388 extulisset,
858 3328 1011 3382 ducit
1060 3330 1239 3383 adhuc
1286 3330 1472 3396 altius,
1513 3330 1703 3385 dicens
1744 3330 1864 3399 ejus
1893 3338 2096 3384 vestem

523 3418 659 3471 bene
689 3421 899 3487 spirare.
935 3420 1111 3476 thuris
1140 3421 1331 3488 odore,
1385 3438 1483 3491 per
1513 3422 1657 3492 quod
1707 3431 1935 3477 testatur
1964 3421 2097 3474 V’cr-

520 3507 647 3561 bum
684 3524 810 3562 eam
846 3510 1123 3566 Christum
1169 3510 1433 3569 induisse.
1476 3512 1733 3582 Cujusvis
1778 3512 1923 3567 enim
1978 3512 2099 3565 vita:

519 3614 641 3669 quae
665 3616 731 3654 ex
763 3603 968 3658 virtute
993 3604 1173 3673 agitur
1204 3604 1328 3658 linis
1351 3613 1434 3660 est
1461 3605 1553 3660 Dei
1583 3603 1951 3675 participatio.
1995 3600 2096 3656 Per

519 3693 646 3747 tlms
673 3692 817 3747 enim
846 3692 988 3759 Deus
1016 3694 1341 3751 ostenditur.
1375 3695 1442 3748 Et
1465 3711 1566 3750 nec
1596 3696 1651 3750 in
1683 3695 1751 3750 iis
1780 3693 1998 3764 quidem
2036 3707 2095 3747 se

520 3784 664 3840 sistit
692 3785 894 3849 anima,
941 3801 1062 3855 qua:
1087 3802 1302 3856 semper
1332 3801 1361 3839 a
1402 3786 1582 3842 Verbo
1606 3787 1897 3842 deducitur
1930 3787 1995 3841 ad
2041 3785 2093 3839 id

518 3875 663 3946 quod
689 3883 773 3931 est
815 3876 998 3931 altius.
1034 3875 1138 3933 Sed
1172 3887 1460 3949 postquam
1485 3880 1789 3935 assimilata
1816 3878 1915 3932 fuit
1947 3878 2092 3932 thuri

519 3965 575 4019 in
606 3966 752 4020 bono
785 3965 973 4032 odore,
1018 3968 1074 4022 fit
1120 3968 1312 4024 hortus
1352 3969 1527 4025 instar
1571 3969 1831 4040 paradisi.
1865 3968 2089 4029 Hortus,

519 4071 629 4110 non
658 4059 803 4111 sicut
826 4065 945 4111 erat
992 4060 1131 4114 inter
1161 4061 1365 4129 primos
1406 4062 1676 4125 homines,
1725 4062 1885 4116 laxus
1916 4069 1970 4117 et
2009 4060 2090 4114 in-

517 4147 853 4211 custoditus,
908 4148 1003 4203 sed
1053 4151 1295 4221 undique
1344 4152 1588 4207 munitus
1628 4152 1890 4207 memoria
1936 4166 2091 4205 man-

518 4237 649 4291 dati.

588 4326 753 4385 Vides
809 4345 1071 4401 quantam
1119 4334 1387 4403 acceperit
1436 4334 1711 4397 virtutem,
1769 4333 1834 4387 ad
1881 4334 1983 4388 hoc
2028 4340 2087 4387 ut

517 4434 735 4475 sursum
779 4422 1057 4479 ferretur?
1086 4423 1299 4481 Rursus
1325 4426 1446 4481 vide
1473 4426 1602 4480 mihi
1636 4441 1757 4480 eum
1785 4426 1874 4494 Qui
1923 4439 2087 4494 supra

518 4512 651 4566 illud
684 4512 740 4567 ﬁt
770 4530 1081 4575 ascensum.
1120 4516 1238 4572 Non
1269 4518 1446 4573 solum
1478 4519 1624 4571 enim
1656 4516 1799 4571 facta
1846 4525 1930 4572 est
1961 4517 2089 4569 hor-

516 4614 604 4659 tus
655 4607 970 4673 conclusus,
1028 4609 1309 4679 proprium
1355 4610 1535 4665 ferens
1587 4609 1847 4671 fructum,
1906 4608 2000 4664 sed
2031 4607 2089 4661 fit

515 4696 675 4749 etiam
725 4699 985 4767 potabilis
1035 4701 1370 4759 sitientibus.
1427 4703 1688 4755 translata
1730 4702 1783 4754 in
1834 4708 2085 4754 naturam

518 4785 702 4854 fontis,
744 4789 906 4857 idque
930 4790 1221 4862 obsignati.
1251 4793 1316 4846 Et
1344 4809 1444 4847 nec
1472 4794 1524 4846 in
1555 4793 1640 4846 his
1665 4791 1947 4847 constitit:
1988 4789 2087 4844 sed

517 4876 583 4930 ad
621 4878 724 4932 hoc
762 4896 935 4950 usque
969 4882 1109 4936 stitit
1148 4897 1307 4937 suum
1354 4884 1407 4936 in
1456 4883 1634 4951 majus
1667 4883 2084 4939 incrementum.

517 4977 660 5023 ntex
684 4984 778 5023 ore
802 4971 923 5039 ejus
949 4972 1283 5040 germinarct
1323 4974 1630 5043 paradisus.
1668 4972 1772 5038 Qui
1815 4973 1958 5027 enim
1993 4985 2084 5025 ac-

514 5061 755 5117 curatius
778 5061 1005 5115 attendit
1033 5061 1329 5129 emphasim
1357 5061 1603 5118 dictionis
1653 5063 1952 5125 Hebraicz,
2002 5062 2085 5115 di-

514 5156 587 5204 cit
609 5191 625 5216 ,
661 5167 758 5219 pro
782 5167 847 5206 eo
873 5152 1016 5222 quod
1047 5152 1338 5207 dicendum
1362 5162 1499 5217 erat,
1528 5154 1863 5209 Endssiones
1893 5161 1998 5207 tum
2018 5167 2084 5206 ex

517 5259 608 5299 ere
636 5252 728 5297 tuo
759 5263 772 5300 :
808 5244 1099 5298 Paradisus
1122 5240 1379 5297 malorum
1404 5244 1727 5311 punicorum.
1781 5246 1936 5313 Quod
1964 5243 2086 5314 qui-

513 5336 636 5391 dem
668 5336 894 5405 perinde
925 5343 1009 5391 est
1038 5350 1101 5393 ac
1131 5335 1180 5390 si
1224 5337 1465 5392 diceret:
1495 5337 1685 5394 Sermo
1713 5346 1839 5392 tuus
1868 5337 1960 5407 qui
1993 5351 2088 5406 per

513 5440 577 5480 os
608 5438 758 5480 tuum
794 5426 1085 5491 emittitur,
1133 5434 1219 5484 est
1250 5427 1534 5497 paradisus
1566 5428 1832 5482 malorum
1863 5426 2088 5496 punico-

516 5536 660 5575 rum.
714 5519 851 5574 Mala
897 5528 1077 5577 autem
1134 5523 1331 5591 punica
1367 5522 1677 5595 producunt
1723 5537 1885 5578 omne
1915 5537 2087 5592 genus

558 5695 604 5730 ⁸⁸
643 5696 847 5762 Ephcs.
887 5714 938 5764 ν,
999 5697 1069 5753 23
1095 5712 1211 5766 sqq.

2198 505 2287 556 τὸν
2310 503 2401 555 τὸν
2427 502 2558 555 Θεὸν
2589 503 2758 569 Λόγον
2780 499 3130 570 καθηγεμόνα
3165 501 3263 570 τῆς
3289 502 3522 572 σπουδῆς
3546 505 3717 573 mima.

2202 613 2367 665 μενοι.
2411 595 2626 646 Ἔοικεν
2665 594 2806 654 ἄπας
2836 595 2864 645 6
2896 592 3003 645 τῶν
3038 592 3275 646 ἐπαίνων
3312 592 3718 660 κατάλογος,ὃτς

2199 686 2306 758 πρὸ
2336 686 2540 739 τούτων
2567 685 2876 754 εἰρημένος,
2904 684 2997 738 καὶ
3030 686 3131 737 ὅσα
3156 684 3252 737 νῦν
3282 685 3411 755 περὶ
3443 685 3606 754 αὑτῆς
3629 688 3720 756 ἡμῖν

2198 779 2225 829 ό
2270 775 2425 842 λόγος
2473 772 2779 842 παρέθετο,
2821 774 2894 842 μὴ
2949 772 3084 842 πρὸς
3135 772 3409 843 εὐφημίαν
3456 774 3574 827 τινὰ
3607 774 3724 846 ψιλὴν

2199 865 2340 919 κατά
2367 864 2429 917 τδ
2467 864 2875 935 προηγούμενον
2903 863 3140 933 βλέπειν’
3183 863 3321 917 ἀλλὰ
3360 865 3584 935 δύναμιν
3625 867 3726 919 ἐντι·

2200 956 2351 1010 θέναι
2387 956 2475 1009 διὰ
2502 955 2609 1007 τῶν
2642 954 2951 1024 λεγομένων
2980 956 3115 1026 πρὸς
3157 954 3255 1023 τὴν
3283 957 3374 1008 ἐπὶ
3413 957 3480 1008 τὰ
3516 956 3669 1025 μείζω
3687 974 3728 1009 τε

2200 1050 2292 1101 καὶ
2343 1047 2651 1117 ὑψηλότερα
2695 1046 2795 1115 τῆς
2841 1047 3382 1118 καρδίας-ἀνάϐασιν.
3422 1043 3534 1100 οἷον
3568 1049 3729 1118 ἀδελφὴ

2199 1141 2293 1193 καὶ
2321 1139 2504 1209 νύμφη
2551 1138 2645 1191 τοῦ
2669 1140 2842 1208 Λόγου
2869 1139 3322 1210 κατονομάζεται,
3344 1139 3479 1192 ἀλλὰ
3521 1140 3732 1193 συνάπτει

2198 1232 2305 1284 τῶν
2347 1232 2625 1301 ὀνομάτων
2664 1230 2869 1283 τούτων
2903 1231 3162 1302 ἑκάτερον
3201 1231 3299 1300 τὴν
3323 1229 3499 1301 ψυχὴν
3536 1231 3609 1301 τῷ
3636 1249 3735 1301 νυμ-

2199 1324 2326 1393 φίῳ,
2357 1325 2453 1393 τῆς
2491 1324 2588 1392 μὲν
2615 1322 2756 1376 κατὰ
2783 1322 2877 1393 τὴν
2898 1322 3114 1393 νύμφην
3148 1323 3423 1393 σημασίας
3492 1321 3736 1390 σύσσωμον

2199 1416 2391 1483 αὑτὴν,
2421 1414 2604 1477 καθὼς
2634 1418 2662 1467 ὁ
2691 1414 2933 1477 Παῦλος,
2966 1414 3223 1486 ποιούσης
3253 1414 3331 1486 τῷ
3355 1414 3611 1484 ἀφθάρτῳ
3638 1431 3738 1483 νυμ-

2200 1506 2324 1575 φίῳ·
2359 1507 2456 1575 τῆς
2499 1506 2556 1559 δὲ
2586 1508 2713 1577 περὶ
2742 1506 2810 1559 τὰ
2861 1506 3142 1583 θελήματα
3184 1507 3417 1574 σπουδῆς
3450 1509 3529 1569 είς
3559 1506 3739 1572 6631;:-

2198 1597 2299 1668 κὴν
2325 1598 2640 1667 ἀγχιστείαν
2686 1598 3054 1668 προαγούσης.
3101 1596 3242 1650 κατὰ
3276 1597 3374 1667 τὴν
3406 1596 3498 1649 τοῦ
3532 1597 3742 1663 Εύαγγε-

2194 1686 2312 1739 λίου
2347 1689 2565 1757 φωνήνο
2603 1684 2721 1739 εἶτα
2762 1689 3065 1741 ἐπαινεῖται
3112 1688 3273 1756 φύσις
3312 1686 3531 1757 μαστῶν
3573 1689 3605 1756 ἡ
3656 1686 3743 1739 ἀντὶ

418 1780 453 1796 ³
518 1774 824 1835 deducente
858 1776 1173 1857 aﬂipitatem
1199 1787 1251 1833 et
1275 1779 1739 1847 conjunctionem,
1767 1782 2092 1836 convenien-

2198 1778 2466 1844 γάλακτος
2506 1772 2649 1831 οἶνον
2685 1778 3023 1848 προχέουσα,
3078 1780 3169 1832 καὶ¹
3215 1778 3372 1849 δῆλον
3413 1779 3494 1831 ὅτι
3543 1776 3743 1848 ἔργονὸ

2196 1870 2415 1932 ἔπαινος
2454 1870 2683 1936 γίνεται.
2743 1870 2816 1922 Οὐ
2848 1870 2956 1941 γὰρ
2994 1871 3399 1939 ἐγκωμιάζεται
3435 1870 3496 1922 τὸ
3530 1869 3745 1938 ἀνύπαρο

2196 1977 2340 2012 κτον.
2370 1960 2511 2029 Πρὸς
2541 1960 2749 2023 τούτοις
2776 1960 2838 2013 τὸ
2866 1961 3034 2031 μῦρον
3057 1962 3227 2030 αὐτῆς
3258 1962 3474 2014 πάντων
3499 1961 3606 2013 τῶν
3636 1962 3745 2031 ἀρω-

2199 2051 2380 2120 μάτων
2405 2050 2703 2121 ὑπέρτερον
2731 2052 2991 2121 κρίνεται.
3016 2052 3195 2122 Ὅπερ
3220 2051 3321 2102 οὑκ
3346 2050 3412 2103 ἂν
3434 2048 3608 2111 οὑτως
3634 2049 3744 2118 ἔχειν

2195 2142 2408 2212 ἐκρίθη,
2439 2142 2514 2211 μὴ
2545 2142 2687 2199 κατὰ
2710 2141 2969 2211 ἀλήθειαν
2997 2141 3131 2212 πρὸς
3156 2144 3330 2194 ἐκεῖνο
3361 2140 3421 2193 τὸ
3445 2140 3578 2209 ὕψος
3608 2140 3745 2207 αὐτῆς

2193 2234 2280 2286 διά
2327 2235 2425 2301 τῆς
2480 2236 2536 2284 ἐν
2581 2233 2657 2303 τῷ
2700 2234 2966 2304 κρείττονι
3009 2233 3292 2305 προκοπῆς
3338 2232 3745 2302 ἀναδραμούσης.

2194 2322 2541 2392 (θαυμάζεται
2577 2323 2714 2393 μετὰ
2750 2322 2905 2376 τοῦτο
2933 2322 3000 2375 τὰ
3049 2323 3215 2393 κηρία
3243 2322 3340 2375 τοῦ
3375 2323 3535 2391 λόγου
3579 2324 3645 2376 τὰ
3675 2323 3746 2375 τσῦ

2197 2416 2461 2485 στόματος
2495 2416 2665 2486 αὐτῆς
2709 2413 3116 2479 ἁποστάζοντα,
3146 2415 3238 2467 καὶ
3273 2418 3306 2484 ἡ
3345 2415 3647 2484 σύγκρατος
3671 2415 3749 2484 τῆς

2198 2508 2390 2575 σοφίας
2420 2508 2745 2578 παρασκευὴ
2777 2507 3105 2577 ὑποκειμένη
3130 2509 3193 2576 τῇ
3224 2505 3446 2578 γλώσσῃ
3464 2544 3478 2568 ,
3504 2505 3750 2573 γάλακτος

2198 2603 2332 2672 πρὸς
2359 2601 2480 2671 μέλι
2526 2600 2991 2672 συγκεκραμένου.
3030 2600 3139 2652 Καὶ
3161 2599 3331 2651 ταῦτα
3351 2598 3577 2667 δύναμίς
3600 2600 3748 2658 ἐστιν,

2196 2694 2254 2744 ού
2309 2696 2546 2763 ῥήματα.
2596 2692 2736 2763 Πρὸς
2774 2692 2882 2761 γάρ
2912 2692 3008 2762 τὴν
3053 2692 3160 2743 τῶν
3199 2690 3545 2760 ὑψηλοτέρων
3592 2690 3751 2743 ἄνοδον

2198 2784 2675 2854 χειραγωγουμένη
2714 2784 2820 2835 ὑπὸ
2853 2783 2946 2835 τοῦ
2991 2783 3197 2848 Λόγου,
3238 2781 3486 2835 τοσοῦτον
3525 2781 3749 2851 ηὐξήθη,

2197 2877 2335 2928 ὥστε
2369 2875 2579 2945 μέλιτος
2616 2874 2837 2943 ποιῆσαι
2882 2875 3063 2944 πηγὴν
3090 2874 3149 2925 τὸ
3180 2873 3380 2943 στόμα,
3415 2873 3505 2925 καὶ
3529 2876 3752 2943 ταμιεῖον

2196 2971 2293 3035 τῆς
2331 2967 2633 3037 συμμίκτου
2681 2967 2869 3035 σοφίας
2909 2967 3007 3037 τὴν
3047 2966 3316 3034 γλῶσσαν,
3365 2959 3753 3037 ᾗὲνθεωρείται

2197 3061 2229 3129 ἡ
2261 3060 2330 3128 γῆ
2363 3060 2462 3127 τῆς
2492 3046 2844 3128 ἐπαγγελίας,
2901 3060 2933 3128 ἡ
2968 3058 3165 3129 ῥέουσα
3193 3057 3314 3127 μέλι
3357 3058 3450 3111 καὶ
3475 3058 3629 3124 γάλα.
3665 3057 3752 3110 To-

2203 3150 2391 3202 σοῦτον
2421 3149 2589 3218 αὑτὴν
2617 3147 2707 3201 διὰ
2746 3149 2855 3199 τῶν
2878 3147 3193 3200 ἀναϐάσεων
3239 3146 3461 3215 ὑψώσας
3503 3150 3531 3199 6
3559 3146 3755 3213 Λόγος,

2200 3242 2277 3294 ἔτι
2307 3240 2440 3311 πρὸς
2471 3241 2532 3293 τὸ
2574 3240 2902 3311 ὑψηλότερον
2932 3241 3054 3308 ἄγει
3074 3281 3088 3301 ,
3130 3240 3229 3307 τὴν
3259 3236 3462 3306 ἐσθῆτα
3488 3241 3646 3310 αὐτῆς
3668 3239 3756 3291 £6-

2203 3329 2381 3380 πνοεῖν
2412 3326 2584 3394 λέγων
2608 3326 2745 3380 κατὰ
2778 3329 2872 3398 τὴν
2911 3328 3004 3391 τοῦ
3040 3327 3254 3382 λιϐάνου
3292 3330 3486 3400 ὀσμὴν,
3527 3330 3591 3383 δι’
3616 3323 3669 3381 οὑ
3697 3328 3758 3379 τὸ

2199 3417 2509 3472 ὲνδεδῦσθαι
2550 3417 2720 3488 αὐτὴν
2764 3418 2857 3470 τὸν
2902 3420 3139 3489 Χριστὸν
3188 3423 3457 3492 μαρτυρεῖ
3504 3423 3532 3474 ὁ
3575 3419 3752 3485 Λόγος.

2199 3506 2407 3570 Παντὸς
2435 3507 2543 3577 γὰρ
2573 3508 2829 3577 ἐναρέτου
2853 3507 2967 3578 βίου
2987 3508 3139 3573 τέλος
3169 3512 3202 3580 ἡ
3224 3509 3318 3562 τοῦ
3345 3508 3479 3562 Θεοῦ
3513 3507 3756 3578 μετουσία

2196 3601 2426 3666 γίνεται.
2464 3599 2564 3652 Διὰ
2607 3600 2718 3669 γὰρ
2760 3599 2853 3653 τοῦ
2893 3599 3110 3654 λιϐάνου
3149 3601 3209 3653 τὸ
3235 3600 3389 3655 Θείον
3416 3600 3753 3653 ἐνδείκνυται.

2197 3692 2306 3745 Καὶ
2346 3692 2467 3745 οὐδὲ
2504 3694 2561 3745 ὲν
2590 3692 2799 3756 τούτοις
2828 3691 2958 3762 ἔστη
2997 3696 3031 3763 ἡ
3064 3692 3199 3763 πρὸς
3228 3691 3290 3745 τὸ
3325 3691 3644 3763 ὑψηλότερον
3671 3689 3757 3741 ἀεὶ

2195 3782 2301 3836 ὑπὸ
2323 3783 2414 3836 τοὺ
2442 3784 2615 3852 Λόγου
2654 3783 3135 3854 χειραγωγουμένη
3168 3782 3312 3853 ψυχή
3334 3799 3348 3813 ·
3386 3782 3520 3836 ἀλλὰ
3542 3778 3669 3853 μετὰ
3693 3777 3756 3831 τὸ

2193 3876 2524 3947 ὁμοιωθῆναι
2563 3877 2657 3929 τοῦ
2681 3875 2898 3929 λιϐάνου
2924 3875 3024 3943 τὴν
3058 3873 3331 3944 εὑοδμίαν,
3364 3875 3537 3946 κῆπος
3560 3873 3752 3941 γίνεται

2194 3965 2315 4018 καθ’
2352 3965 2647 4035 ὁμοιότητα
2679 3962 2774 4018 τοῦ
2818 3962 3166 4035 παραδείσου.
3202 3961 3395 4032 Κῆπος
3417 4000 3431 4023 ,
3461 3962 3555 4031 οὑχ
3588 3960 3658 4023 ὡς
3694 3959 3751 4009 ὲν

2192 4060 2304 4120 τοῖς
2335 4057 2570 4129 πρώτοις
2598 4056 2905 4128 ἀνθρώποις
2926 4051 3016 4127 ἦν,
3042 4054 3225 4118 ἄνετός
3246 4072 3305 4106 τε
3326 4055 3421 4107 καὶ
3441 4051 3745 4121 ἀφύλακτος.

2191 4149 2329 4204 ἀλλὰ
2374 4152 2440 4220 τῇ
2490 4150 2676 4219 μνήμῃ
2725 4149 2822 4218 τῆς
2876 4147 3095 4216 ἐντολῆς
3146 4146 3477 4215 πανταχόθεν
3524 4158 3733 4209 τετειχι-

2193 4240 2407 4311 σμένος.

2272 4333 2434 4403 Ὁρᾷς
2479 4332 2610 4401 ὄσην
2637 4330 2971 4401 προσέλαϐεν
3011 4330 3090 4392 είς
3117 4330 3176 4382 τὸ
3215 4330 3328 4383 ἄνω
3366 4328 3461 4399 τὴν
3500 4328 3740 4394 δύναμιν;

2192 4422 2362 4477 Πάλιν
2409 4423 2510 4492 ὅρα
2557 4439 2647 4492 μοι
2690 4422 2789 4492 τὴν
2836 4420 2976 4492 ὑπὲρ
3016 4420 3174 4474 τοῦτο
3216 4419 3498 4473 ἀνάϐασιν.
3533 4418 3602 4470 Οὐ
3644 4413 3738 4483 γὰρ

2197 4515 2355 4586 μόνον
2385 4514 2560 4584 κῆπος
2597 4504 2984 4582 κεκλεισμένας
3012 4511 3245 4579 ἐγένετο.
3289 4511 3387 4581 τὴν
3421 4511 3594 4581 ἡδεῖαν
3617 4520 3735 4573 καρ-

2172 4606 2499 4677 ποφοροῦσα
2532 4606 2771 4677 τροφὴν,
2818 4605 2951 4658 ἀλλὰ
2996 4605 3090 4658 καὶ
3133 4604 3361 4673 πότιμος
3402 4604 3599 4670 γίνεται
3639 4597 3735 4655 τοῖς

2187 4698 2435 4768 διψῶσιν,
2481 4699 2561 4760 εἱς
2591 4697 2773 4766 πηγῆς
2807 4695 2975 4765 φύσιν⁵
3007 4695 3359 4765 μετατεθεῖσα
3380 4736 3394 4757 ,
3424 4696 3515 4748 καὶ
3555 4689 3732 4755 ταύτης

2186 4787 2649 4858 ἐσφραγισμένης.
2701 4787 2808 4840 Καὶ
2852 4786 2970 4839 οὑδὲ
3015 4787 3072 4838 ἐν
3108 4786 3315 4850 τούτοις
3346 4787 3501 4857 ἔστη·
3528 4784 3632 4838 ἀλλ’
3665 4781 3733 4837 εἰς

2186 4879 2436 4932 τοσοῦτον
2465 4878 2664 4947 ἔφθασε
2699 4878 2796 4946 τῆς
2828 4878 2920 4931 ἐπὶ
2958 4877 3016 4929 τὸ
3046 4876 3229 4946 μεῖζον
3263 4876 3555 4945 αὐξήσεως,
3585 4874 3654 4934 ὡς
3677 4871 3732 4922 ἐκ

2191 4970 2282 5024 τοῦ
2315 4969 2578 5040 στόματος
2618 4970 2786 5039 αὑτῆς
2827 4967 3144 5038 βλαστάνειν
3179 4968 3520 5037 παράδεισον,
3561 4966 3615 5017 Ὀ
3637 4961 3731 5027 γὰρ

2192 5062 2598 5133 ἀκριϐέστερον.
2626 5060 2909 5131 προσέχων
2936 5063 3002 5130 τῇ
3043 5060 3141 5129 τῆς
3179 5059 3466 5130 Ἐϐραῖκῆς
3492 5056 3727 5128 ἐμφάσει.

2191 5154 2311 5207 ἀντὶ
2341 5152 2432 5206 τοῦ
2454 5155 2627 5207 εἰπεῖν
2650 5192 2663 5218 ,
2703 5154 2767 5207 Αἱ
2806 5149 3094 5208 ἀποστολαί
3133 5167 3225 5204 σου
3264 5152 3328 5204 ἐκ
3362 5151 3452 5204 τοῦ
3490 5142 3726 5216 στόματός

2196 5265 2287 5301 σου
2309 5289 2323 5313 ,
2361 5248 2514 5317 φησὶ,
2552 5243 2916 5311 Παράδεισος
2931 5240 3299 5314 ροῶν.“οπερ
3331 5243 3560 5297 τοιοῦτόν
3581 5242 3727 5291 ἐστιν.

2189 5337 2271 5389 ὅτι
2312 5336 2368 5390 Ὀ
2396 5337 2550 5405 λόγος
2580 5339 2608 5389 6
2633 5335 2738 5388 ἀπὸ
2764 5335 2859 5387 τοῦ
2894 5335 3160 5405 στόματός
3187 5352 3278 5389 σου
3303 5331 3729 5401 ἀποστελλόμενος

2191 5429 2514 5499 παράδεισός
2550 5430 2663 5481 ἐστι
2701 5426 2858 5498 ῥοῶν.
2900 5428 2966 5480 Αἱ
2995 5427 3053 5481 δὲ
3097 5428 3216 5498 ῥοαὶ
3254 5425 3596 5498 παγκαρπίαν
3623 5414 3726 5470 τινὶ

2191 5522 2297 5577 τῶν
2344 5520 2654 5590 ἀκροδρύων
2699 5517 2959 5588 ἐκφύουσι
2984 5536 2995 5547 ·
3044 5521 3110 5574 τὰ
3146 5520 3203 5572 δὲ
3237 5519 3500 5589 ἀκρόδρυα
3540 5512 3727 5581 κύπρος
