3948 6192
275 298 362 357 969

1279 284 1346 340 ΙΝ
1378 282 1676 342 CANTICA
1723 283 1991 340 CANTIC.
2036 284 2323 343 HOMILIA
2361 287 2451 342 IX.

3385 288 3491 348 970

276 402 390 476 μετά
413 403 627 476 νάρδου,
658 403 753 458 καὶ
797 402 1015 475 κρόκος,
1049 401 1291 473 κάλαμος
1331 404 1424 457 καὶ
1449 403 1816 474 κιννάμωμον,

1929 400 2199 458 fructuum
2235 422 2249 460 :
2281 418 2462 475 poma,
2508 417 2734 475 cyprum
2767 418 2892 459 cum
2939 401 3132 463 nardo.
3162 408 3216 457 et
3245 415 3491 469 crocum,

273 497 352 551 καὶ
375 497 475 551 πᾶν
516 491 658 561 εἶδος
690 495 784 549 τοῦ
817 495 1073 559 Λιϐάνου,
1109 497 1202 550 καὶ
1231 494 1464 567 σμύρνα,
1508 495 1602 550 καὶ
1644 494 1776 563 ἀλόη
1799 534 1813 557 ,

271 589 352 644 καὶ
372 588 434 643 τὰ
457 589 651 661 πρῶτα
686 588 857 660 μύρα.
900 587 1118 662 Ἐπειδὴ
1149 588 1327 643 τοίνυν
1366 588 1506 643 κατὰ
1546 588 1635 642 τὸν
1663 590 1720 641 ὲν
1744 585 1821 656 τῷ

271 680 444 753 ψαλμῷ
481 679 926 752 διαμακαρισμὸν
959 680 1060 751 τῆς
1103 680 1442 752 ἀντιλήψεως
1490 680 1628 750 αὐτῇ
1668 677 1820 749 παρά

269 770 348 824 τοῦ
368 768 494 823 Θεοῦ
530 769 823 841 γινομένης
843 810 858 836 ,
890 771 989 834 τὰς
1021 768 1205 831 καλὰς,
1223 769 1425 833 ταύτας
1450 769 1741 832 ἀναϐάσεις
1762 770 1821 823 ὲν

268 865 326 935 τῇ
350 861 535 933 καρδίᾳ
559 860 785 925 διέθετο,
819 861 1048 914 πάντοτε
1072 862 1137 914 ὲκ
1163 859 1443 931 δυνάμεως
1478 858 1818 932 πορευομένη

265 956 339 1018 είς
369 953 614 1025 δύναμιν,
660 951 844 1016 καλῶς
880 953 975 1005 ἐπὶ
1009 953 1109 1024 τῆς
1156 951 1494 1023 τελειοτέρας
1542 952 1818 1006 καταστά-

266 1061 385 1110 σεως
417 1043 556 1117 ῥοῶν
586 1043 914 1116 παράδεισος
955 1045 1011 1097 αἱ
1053 1042 1147 1096 τοῦ
1184 1042 1451 1114 στόματος
1477 1043 1649 1113 αὐτῆς
1681 1043 1818 1095 ἀπο-

264 1136 429 1191 στολαλ⁵
473 1136 845 1207 ὀνομάζονται.
894 1136 1199 1207 Προσφυῶς
1247 1136 1305 1189 δὲ
1353 1135 1430 1207 τῷ
1472 1134 1820 1205 ὑποκειμένῳ

257 1230 474 1299 νοήματι
506 1231 541 1300 ὴ
574 1227 718 1292 λέξις
750 1228 852 1298 τῆς
881 1226 1189 1297 ἀποστολῆς
1228 1227 1570 1299 ὲφηρμόσθη.
1604 1227 1677 1280 Τὸ
1710 1228 1818 1298 γὰρ

256 1317 702 1387 ἀποστελλόμενον
730 1317 838 1372 ἀπὸ
864 1318 957 1372 τοῦ
996 1317 1304 1389 πέμποντος
1329 1320 1407 1382 είς
1442 1318 1533 1371 τὸν
1561 1317 1820 1387 ὑποδεχὸ-

257 1427 406 1478 μενον
446 1409 781 1481 μεταϐαίνει.
824 1412 933 1465 Καὶ
971 1410 1131 1464 τοῦτο
1168 1413 1234 1464 ὲκ
1279 1410 1379 1481 τῆς
1425 1410 1688 1480 συνήθους
1724 1408 1817 1463 τοῦ

256 1498 491 1568 ῥήματος
523 1498 914 1570 καταχρήσεως
946 1497 1061 1552 ἐστι
1091 1498 1300 1570 μαθεῖν,
1332 1498 1407 1562 ὡς
1425 1499 1518 1552 καὶ
1549 1498 1610 1551 τὸ
1640 1499 1818 1569 Εὐαγ-

260 1586 422 1654 γέλιον
441 1585 612 1654 λέγει,
641 1587 722 1644 ὅτι
750 1586 876 1648 τοὺς
901 1586 1147 1657 μαθητὰς
1165 1587 1291 1650 τοὺς
1313 1586 1448 1657 πρὸς
1474 1587 1535 1639 τὸ
1558 1587 1819 1657 κήρυγμα

261 1676 349 1747 τῆς
370 1676 622 1747 ἀληθείας
670 1676 1154 1747 ὲκπεμπομένους,
1198 1675 1553 1739 Ἀποστόλους
1585 1676 1614 1728 6
1646 1675 1817 1745 Λόγος

262 1767 513 1842 ὠνόμασε.
550 1769 616 1821 Τί
654 1763 749 1822 οὖν
783 1768 928 1821 ἐστιν
957 1767 985 1821 ὃ
1032 1748 1371 1822 ἀποστέλλέί
1394 1767 1455 1821 τὸ
1499 1766 1675 1837 στόμα
1717 1767 1818 1836 τῆς
1849 1757 1890 1811 Β

271 1858 499 1930 νύμφης
537 1857 708 1928 Δῆλον
733 1856 815 1911 ὅτι
836 1856 928 1911 τὸν
958 1856 1117 1925 λόγον
1141 1856 1238 1927 τῆς
1265 1855 1519 1918 πίστεως,
1544 1854 1605 1920 ὃς
1628 1856 1687 1908 ὲν
1708 1858 1818 1919 τοῖς

276 1949 660 2021 ὑποδεχομένοις
692 1948 1021 2018 γενόμενος,
1067 1948 1393 2019 παράδεισος
1439 1946 1689 2016 γίνεται,
1732 1945 1820 1999 διὰ

282 2044 358 2114 τῆς
381 2042 536 2111 ἀκοῆς
565 2042 687 2105 ταῖς
719 2039 967 2112 καρδίαις
988 2039 1442 2110 ὲμφυτευόμενος.
1469 2036 1543 2093 Τὸ
1570 2038 1624 2091 δὲ
1652 2039 1822 2092 κατά-

284 2149 414 2204 φυτον
441 2133 534 2185 καὶ
557 2132 862 2203 συνηρεφὲς
880 2131 991 2194 τοῖς
1015 2128 1251 2200 δένδροις
1278 2128 1460 2193 ἄλσος,
1492 2128 1820 2200 παράδεισον

280 2223 409 2278 είωθε
442 2222 694 2293 καλεῖνή
740 2220 1015 2292 συνήθεια.
1061 2220 1151 2283 Ὠς
1193 2220 1258 2273 ἂν
1305 2216 1397 2273 οὖν
1434 2218 1529 2273 καὶ
1573 2220 1634 2273 τὸ
1666 2219 1822 2288 γένος

282 2315 510 2386 μάθοιμεν
540 2310 648 2369 τῶν
689 2311 894 2381 φυτῶν,
930 2312 1066 2382 ὅπερ
1108 2309 1196 2364 διὰ
1229 2309 1323 2363 τοῦ
1354 2309 1528 2378 Λόγου
1563 2313 1684 2373 ταῖς
1720 2310 1821 2379 ψυ-

280 2409 379 2476 χαῖς
407 2405 509 2459 τῶν
547 2402 987 2458 πεπιστευκότων
1027 2401 1331 2474 κηπεύεται
1355 2440 1370 2466 ,
1401 2402 1530 2473 ῥόας
1566 2401 1821 2473 ὀνομάζει

283 2499 336 2552 τὰ
358 2500 532 2571 δένδρα
573 2499 639 2563 ἃς
670 2498 975 2569 φυτηκομεῖ
1012 2498 1040 2550 6
1086 2495 1284 2565 Λόγος,
1318 2498 1346 2550 6
1384 2497 1535 2567 παρά
1571 2495 1665 2550 τοῦ
1704 2497 1822 2550 στό-

283 2609 421 2661 ματος
452 2592 549 2662 τῆς
578 2590 795 2661 νύμφης
834 2587 1313 2659 ἀποστελλόμενος.
1365 2587 1429 2640 Ἢ
1463 2586 1519 2640 δὲ
1558 2588 1657 2659 ῥόα
1693 2587 1819 2640 δυσ-

283 2683 589 2753 επιχείρητός
629 2683 744 2733 ἐστι
776 2679 854 2751 τῷ
898 2678 1104 2751 κλέπτῃ
1155 2677 1485 2742 ἀκανθώδεις
1528 2677 1821 2750 προϐαλλο-

282 2774 398 2847 μένῃ
438 2776 557 2837 τοὺς
585 2775 835 2845 ὄρπηκας
861 2810 877 2834 ,
913 2773 1008 2825 καὶ
1036 2771 1127 2824 τὸν
1170 2769 1381 2843 καρπὸν
1423 2769 1679 2842 αὐστηρῷ
1700 2786 1818 2822 -τινι

285 2850 360 2918 καί
374 2865 693 2937 πικραίνοντι
722 2862 865 2918 κατὰ
886 2862 985 2933 τὴν
1014 2861 1203 2931 γεῦσιν
1224 2860 1303 2933 τῷ
1324 2861 1644 2932 καλύμματι
1667 2878 1731 2913 πε
1740 2879 1821 2931 ρι-

285 2957 452 3027 έχουσα
478 2973 535 3009 τε
588 2955 684 3009 καὶ
711 2954 1109 3026 ύποτρέφουσα·
1152 2953 1212 3017 ὃς
1250 2952 1393 3007 κατά
1425 2950 1516 3005 τὸν
1545 2952 1671 3006 ἴδιον
1701 2970 1822 3006 και-

284 3047 360 3116 ρὸν
394 3046 519 3119 μετά
550 3047 609 3100 τὸ
636 3045 995 3116 πεπανθῆναι,
1030 3044 1123 3098 τοῦ
1148 3043 1369 3115 ὲλύτρου
1397 3043 1822 3115 περιρραγέντος

285 3137 461 3191 ἔνδοθεν
490 3136 849 3203 διαφαίνεται,
879 3135 1011 3205 ἡδὺς
1049 3134 1145 3205 μὲν
1192 3133 1289 3204 τὴν
1321 3131 1441 3209 ὄψιν
1466 3132 1560 3186 καὶ
1584 3130 1823 3186 εύδιάθε-

284 3246 374 3292 τος,
405 3229 665 3301 μελιειδὴς
696 3230 752 3283 δὲ
781 3228 878 3299 τὴν
906 3230 1092 3296 γεῦσιν
1137 3225 1230 3279 καὶ
1271 3224 1495 3293 ἄλυπος,
1534 3223 1625 3279 καὶ
1663 3242 1825 3277 κατα-

284 3321 559 3388 γλυκαίνων
591 3320 670 3391 τῷ
701 3319 946 3374 οίνοειδεῖ
975 3316 1133 3388 χυμῷ
1176 3315 1245 3369 τά
1271 3313 1537 3384 γευστικὰ
1563 3314 1827 3385 αἰσθητη-

283 3431 377 3483 ρια.
414 3415 506 3469 Διὰ
548 3412 708 3467 τοῦτό
751 3430 840 3483 μοι
872 3411 1021 3463 δοκεῖ
1067 3407 1205 3479 ῥοῶν
1252 3405 1577 3478 παράδεισος
1623 3407 1681 3457 ὲν
1708 3406 1828 3469 ταῖς

278 3506 372 3558 τῶν
394 3507 692 3560 ἀκουόντων
726 3503 923 3573 ψυχαῖς
951 3502 979 3555 6
1006 3498 1467 3568 ἀποστελλόμενος
1493 3497 1556 3549 ὲκ
1581 3495 1674 3549 τοῦ
1709 3494 1829 3548 στό-

277 3612 426 3664 ματος
444 3597 541 3667 τῆς
566 3596 787 3667 νύμφης
814 3593 970 3662 λόγος
1006 3589 1358 3664 ἐργάζεσθαι,
1383 3590 1467 3641 ἵνα
1496 3586 1828 3658 διδαχθῶμεν

269 3686 352 3740 διὰ
366 3688 464 3740 τῶν
482 3664 810 3757 λεγομέείων,
849 3684 922 3755 μὴ
947 3684 1036 3737 διά
1052 3700 1197 3747 τινος
1224 3681 1494 3743 ὲκλύσεως
1511 3681 1605 3734 καὶ
1619 3679 1830 3751 τρυφῆς

260 3778 405 3829 κατά
444 3777 540 3847 τὴν
573 3774 853 3845 παροῦσαν
898 3772 1041 3844 ζωὴν
1090 3770 1520 3843 μαλακίζεσθαι,
1558 3769 1693 3823 ἀλλὰ
1739 3767 1829 3821 τὸν

264 3865 665 3937 κατεσκληκότα
716 3863 805 3916 διὰ
853 3863 949 3932 τῆς
995 3860 1322 3931 ἐγκρατείας
1373 3858 1645 3931 αἱρεῖσθαι
1693 3856 1823 3929 βίον.

261 3954 417 4009 Οὕτω
442 3957 548 4027 γὰρ
568 3953 861 4026 ἀπρόσιτος
882 3952 1089 4020 γένοιτο
1108 3953 1222 4013 τοῖς
1251 3948 1507 4011 κλέπταις
1528 3950 1556 4001 6
1579 3947 1677 4018 τῆς
1704 3948 1831 4021 ἁρε-

256 4045 359 4115 τῆς
386 4047 611 4117 καρπὸς,
646 4048 711 4115 τῇ
744 4045 919 4113 στυφῇ
953 4040 1047 4095 καὶ
1093 4043 1159 4111 τῇ
1200 4040 1298 4112 τῆς
1327 4038 1652 4109 ἐγκρατείας
1677 4054 1834 4109 περι-

252 4138 390 4211 6ολῇ
417 4138 817 4211 πεφραγμένος,
847 4136 941 4188 καὶ
971 4133 1059 4186 διὰ
1086 4133 1186 4201 τῆς
1214 4131 1419 4203 σεμνῆς
1451 4148 1510 4184 τε
1544 4131 1637 4183 καὶ
1670 4131 1832 4200 ἀμει-

250 4228 381 4292 δοῦς
410 4228 809 4288 καταστάσεως,
837 4219 947 4279 οἷόν
968 4239 1107 4276 τισιν
1131 4219 1380 4273 ἀκανθῶν
1408 4220 1635 4289 ἀκμαῖς,
1661 4216 1834 4287 ἀμύσ·

254 4334 368 4373 σων
419 4321 544 4384 τοὺς
586 4319 679 4371 ἐπὶ
724 4316 878 4386 κακῷ
929 4310 1403 4384 προσεγγίζοντας.
1456 4309 1596 4363 Ἀλλ’
1636 4310 1762 4363 ὅταν
1806 4311 1835 4363 6

1920 492 2190 546 calamum
2215 502 2268 548 et
2293 493 2721 557 cinnamomum,
2751 500 2802 547 et
2825 507 3039 547 omnem
3061 490 3224 547 aliam
3255 492 3489 562 speciem

1921 581 2130 651 Libani,
2159 592 2214 638 et
2246 584 2545 655 myrrham,
2593 577 2647 638 ἐι
2681 583 2858 647 aloen,
2903 576 2957 637 et
2986 583 3162 653 prima
3194 592 3489 652 unguenta.

1918 673 2213 746 Postquam
2247 691 2378 747 ergo
2411 677 2797 732 convenienter
2814 676 2877 743 ei
2922 691 3043 745 qua:
3069 681 3154 730 est
3182 674 3239 729 in
3275 675 3493 730 Psalmo

1921 769 2260 834 beatitudini,
2286 774 2402 842 ipsa
2416 769 2509 825 Dei
2535 769 2671 826 freta
2695 770 2923 837 auxilio,
2952 769 3224 838 disposuit
3248 769 3303 823 in
3327 767 3495 823 corde

1923 863 2020 918 has
2054 863 2316 933 pulchras
2359 865 2733 928 escensiones,
2765 876 2980 931 semper
3010 876 3040 916 a
3068 860 3270 915 virtute
3305 860 3494 914 ambu-

1921 956 2039 1011 lans
2076 956 2133 1009 in
2161 956 2439 1020 virtutem,
2468 955 2698 1027 pulchre
2723 954 2779 1010 in
2809 962 2953 1010 statu
2983 952 3297 1024 perfectiori
3327 950 3496 1005 malo-

1922 1060 2040 1103 rum
2093 1046 2419 1117 punicorum
2465 1045 2757 1116 paradisus
2798 1044 3154 1100 nominantur
3205 1041 3318 1098 oris
3377 1041 3495 1111 ejus

1919 1138 2259 1194 emissiones.
2320 1136 2585 1208 Apposite
2646 1145 2831 1192 autem
2891 1135 3152 1203 subjectae
3211 1131 3496 1188 sententi-.2

1921 1231 2174 1299 adaptata
2224 1227 2325 1283 fuit
2384 1226 2549 1282 dictio
2587 1224 2919 1280 emissionis.
2964 1222 3097 1278 Nam
3146 1222 3291 1292 quod
3336 1220 3491 1273 emit-

1922 1319 2075 1385 titur,
2095 1318 2162 1371 ab
2214 1333 2281 1373 eo
2339 1317 2432 1388 qui
2472 1316 2660 1382 mittit,
2702 1315 2897 1372 transit
2936 1315 3002 1370 ad
3057 1330 3180 1370 eum
3221 1314 3314 1382 qui
3366 1328 3493 1367 sus-

1921 1410 2071 1480 cipit.
2128 1408 2295 1480 quue
2356 1410 2481 1465 licet
2536 1407 2750 1464 di'scere
2788 1424 2855 1462 ex
2909 1415 3180 1464 consueto
3237 1420 3340 1462 usu
3382 1419 3500 1459 Ver-

1921 1500 1973 1557 bi
1994 1541 2011 1567 ,
2041 1500 2217 1572 quod,
2260 1509 2321 1557 ut
2344 1500 2479 1557 dicit
2519 1500 2871 1571 Evangelium
2893 1538 2908 1562 ,
2940 1514 3037 1555 eos
3076 1498 3168 1568 qui
3203 1497 3497 1552 mittuntur

1920 1593 1986 1648 ad
2013 1593 2413 1663 praedicandam
2436 1593 2720 1648 veritatem
2738 1634 2754 1658 ,
2775 1590 3016 1647 Verbum
3040 1588 3341 1645 nominavit
3366 1602 3497 1658 apo-

1922 1682 2093 1739 stolos
2115 1723 2129 1747 ,
2157 1682 2213 1738 id
2251 1690 2336 1738 est
2380 1683 2603 1738 missos.
2634 1680 2775 1747 Quid
2804 1688 2891 1737 est
2920 1680 3090 1751 igitur
3118 1677 3265 1750 quod
3293 1678 3496 1735 emittit

1921 1788 1983 1830 os
2012 1774 2271 1849 sponsae?
2300 1774 2525 1828 verbum
2560 1774 2773 1830 scilicet
2805 1772 2926 1828 ﬁdei
2955 1789 2970 1839 ;
2999 1770 3149 1842 quod
3173 1785 3299 1826 cum
3325 1776 3408 1825 est
3436 1768 3492 1823 in

1921 1867 1990 1922 iis
2021 1866 2114 1935 qui
2147 1866 2490 1937 suscipiunt,
2524 1866 2580 1920 tit
2609 1865 2902 1937 paradisus
2939 1862 3035 1934 qui
3072 1864 3353 1935 plantatur
3398 1876 3496 1932 per

1922 1957 2255 2012 auditionem
2280 1956 2332 2011 in
2361 1957 2644 2013 cordibus.
2676 1956 2881 2012 Nemus
2907 1964 3086 2011 autem
3114 1955 3417 2026 plantatum
3442 1959 3497 2008 et

1922 2046 2183 2116 frequens
2234 2046 2558 2110 arboribus,
2604 2045 2919 2116 paradisum
2964 2045 3105 2101 solet
3131 2058 3333 2099 vocare
3358 2057 3495 2097 con-

1922 2137 2178 2193 suetudo.
2215 2135 2287 2190 Ut
2321 2150 2452 2206 ergo
2482 2136 2763 2192 discamus
2793 2137 2959 2191 etiam
2999 2150 3172 2207 genus
3201 2134 3493 2199 arborum,

1921 2243 2045 2298 quae
2077 2240 2171 2296 per
2200 2222 2438 2279 Verbum
2468 2225 2729 2280 coluntur
2757 2224 2813 2279 in
2843 2224 3021 2280 bortis
3060 2223 3367 2279 animarum
3406 2239 3500 2279 eo-

1923 2334 2043 2374 rum
2075 2317 2168 2387 qui
2204 2317 2597 2381 crediderunt,
2633 2317 2809 2373 malos
2849 2317 3079 2388 punicas
3123 2315 3372 2371 nominat
3405 2329 3500 2371 ar-

1924 2409 2117 2473 bores,
2152 2422 2290 2478 quas
2316 2405 2557 2462 Verbum
2588 2408 2800 2479 plantat
2831 2417 2885 2462 et
2915 2407 3081 2473 colit,
3113 2406 3259 2477 quod
3293 2406 3499 2462 emitti-

1924 2508 2014 2556 tur
2039 2517 2107 2555 ex
2136 2516 2232 2555 ore
2262 2514 2496 2569 sponste.
2531 2497 2732 2554 Malum
2764 2507 2947 2554 autem
2982 2497 3239 2570 punicam
3267 2497 3497 2554 ditlicilio

1923 2601 2007 2647 ter
2035 2590 2122 2646 fur
2146 2589 2480 2661 aggreditur,
2509 2596 2569 2644 ut
2592 2605 2714 2660 qua:
2738 2590 2995 2660 spinosos
3021 2589 3266 2658 proferat
3292 2604 3499 2653 ramos.

1922 2690 1980 2739 et
2011 2684 2247 2753 quodam
2283 2683 2336 2738 in
2369 2690 2533 2755 gustu
2563 2689 2788 2737 austero
2816 2689 2872 2736 et
2899 2683 3264 2739 amarescenti
3298 2698 3503 2754 propu-

1925 2775 2156 2847 gnaculo
2187 2774 2424 2830 fructum
2457 2773 2738 2829 contineat
2760 2780 2810 2828 et
2844 2773 3051 2827 nutriat
3074 2792 3090 2829 :
3114 2774 3208 2845 qui
3236 2788 3338 2829 suo
3364 2783 3504 2829 tem-

1924 2882 2076 2938 pore,
2129 2875 2418 2937 postquam
2473 2861 2822 2931 maturuerit,
2869 2861 3045 2919 fracto
3093 2865 3299 2919 cortice
3354 2864 3503 2919 intus

1924 2965 2171 3030 apparet,
2214 2957 2336 3014 visu
2387 2955 2608 3028 quidem
2649 2954 2930 3025 jucundus
2970 2962 3024 3011 et
3068 2955 3206 3010 bene
3250 2954 3503 3024 allectus,

1926 3051 2109 3123 gustui
2143 3060 2322 3106 autem
2369 3049 2609 3104 mellitus
2658 3055 2712 3103 et
2755 3047 2892 3102 nihil
2932 3047 3165 3104 aﬂ'erens
3215 3047 3500 3112 molestiar,

1931 3144 2025 3215 qui
2062 3159 2259 3215 sapore
2289 3142 2524 3214 quodam
2560 3141 2671 3196 vini
2707 3139 2874 3195 simili
2907 3150 3101 3211 gustus
3142 3139 3502 3195 instrumenta

1928 3233 2092 3291 abicit
2125 3233 2430 3290 dulcedine.
2464 3231 2760 3301 Propterea
2807 3229 2939 3284 mibi
2970 3229 3187 3285 videtur
3218 3228 3505 3299 paradisus

1931 3327 2199 3380 malorum
2227 3323 2550 3393 puniearum
2571 3361 2586 3386 ,
2611 3335 2808 3390 nempe
2834 3333 3014 3375 sermo
3038 3319 3133 3389 qui
3156 3319 3424 3375 emittitur
3448 3320 3505 3372 in

1930 3415 2146 3470 animas
2190 3414 2501 3468 auditorum
2533 3427 2599 3467 ex
2628 3426 2725 3466 ore
2751 3424 2996 3480 sponsae,
3027 3409 3271 3474 edicere,
3303 3417 3361 3462 ut
3401 3407 3506 3464 do-

1930 3520 2153 3561 ceamur
2174 3519 2271 3575 per
2293 3519 2357 3559 ea
2380 3518 2501 3573 qua
2522 3500 2801 3562 dicuntur,
2834 3513 2942 3553 non
2970 3514 3066 3570 per
3091 3498 3504 3555 dissolutionem

1931 3598 2170 3667 aliquam
2218 3602 2273 3650 et
2303 3594 2533 3649 delicias
2589 3592 2646 3646 in
2697 3591 2806 3644 vita
2855 3589 3110 3660 praesenti
3156 3588 3395 3645 emolliri
3440 3603 3508 3643 ac

1930 3683 2181 3741 encrvari
2202 3721 2218 3745 ,
2246 3681 2340 3738 sed
2372 3696 2467 3749 per
2492 3679 2884 3734 continentiam
2908 3716 2924 3740 ,
2955 3677 3149 3732 duram
3175 3684 3230 3732 et
3258 3692 3507 3748 asperant

1929 3776 2093 3833 vitam
2123 3775 2342 3849 eligere.
2370 3771 2450 3826 Ita
2479 3772 2623 3825 enim
2660 3769 2727 3823 ad
2758 3768 2997 3823 fructum
3032 3768 3254 3823 virtutis
3290 3767 3506 3824 furibus

1931 3884 2041 3924 non
2072 3866 2276 3938 patebit
2302 3864 2482 3918 aditus
2503 3903 2517 3927 ,
2538 3873 2598 3917 ut
2621 3862 2719 3932 qui
2749 3860 2819 3916 sit
2846 3862 3108 3931 obseptus
3133 3869 3354 3916 austero
3376 3875 3509 3915 con-

1932 3961 2177 4017 tinentiae
2218 3957 2424 4013 ambitu
2450 3996 2464 4021 ,
2508 3962 2563 4009 et
2607 3969 2701 4024 per
2739 3968 2985 4008 severam
3032 3967 3096 4007 ac
3122 3952 3355 4024 rigidam
3385 3951 3510 4007 vita

1933 4050 2418 4129 constitutionem,
2480 4046 2642 4102 veluti
2689 4060 2786 4116 per
2830 4042 3094 4115 quasdam
3140 4043 3364 4114 spinas,
3412 4058 3513 4101 eos

1935 4158 2217 4216 pungens,
2246 4140 2340 4212 qui
2373 4153 2433 4195 ut
2464 4139 2609 4193 malo
2637 4137 2905 4204 alliciant,
2949 4136 3217 4193 accedunt
3256 4137 3506 4209 propius.

1937 4237 2043 4294 Sed
2073 4235 2294 4307 quando
2319 4246 2535 4304 tempus
2564 4231 2860 4302 praebuerit
2890 4230 3358 4300 opportunitatem
3388 4228 3508 4283 fru-

1937 4330 2062 4385 endi
2097 4328 2366 4382 fructibus
2385 4364 2400 4389 ,
2432 4324 2611 4379 malus
2641 4322 2841 4393 punica
2871 4320 2931 4375 ﬁt
2955 4319 3201 4375 omnium
3229 4317 3509 4375 fructuum

252 4410 448 4483 καιρὸς
487 4410 747 4483 παράσχῃ
787 4408 885 4474 τῆς
932 4403 1287 4467 ἀπολαύσεως
1335 4401 1443 4456 τῶν
1496 4400 1727 4471 καρπῶν
1776 4400 1827 4453 τὲ

1939 4419 2149 4476 delicia:
2175 4432 2242 4473 ex
2274 4416 2474 4486 quovis
2501 4428 2702 4485 genere
2729 4411 2998 4467 malorum
3018 4452 3035 4474 ,
3066 4424 3176 4465 non
3205 4409 3352 4480 quod
3381 4424 3513 4481 pru-

250 4503 557 4575 ἐνδόσιμον,
591 4500 922 4571 παγκαρπία
948 4498 1044 4567 τῆς
1072 4496 1285 4568 τρυφῆς
1324 4496 1387 4548 ἐκ
1416 4493 1617 4559 παντὸς
1647 4493 1836 4560 γένους

245 4594 359 4647 τῶν
398 4591 717 4666 ἀκροδρύων
750 4591 847 4661 ῥόα
879 4590 1108 4658 γίνεται,
1138 4591 1238 4641 οὐκ
1280 4588 1338 4640 ἐν
1370 4585 1658 4658 βραόύλοις
1687 4585 1719 4656 ἢ
1751 4585 1838 4656 βα-

237 4683 469 4750 λάνοις,
505 4686 540 4755 ἡ
584 4701 694 4738 τισι
731 4686 844 4746 τοῖς
872 4680 1132 4743 τοιούτοις
1167 4680 1266 4750 τῆς
1302 4679 1410 4732 τῶν
1444 4676 1671 4748 καρπῶν
1700 4679 1836 4731 ἀπο-

218 4774 504 4842 λαύσεως
533 4775 845 4846 γινομένης
880 4772 1017 4827 άλλά
1054 4771 1271 4841 ποικίλη
1294 4786 1376 4833 τις
1418 4769 1512 4823 καὶ
1558 4768 1840 4838 πολυειδὴς

199 4869 570 4945 ἀρωμάτων
594 4868 751 4938 φύσις
782 4868 846 4919 ἐκ
870 4864 978 4917 τῶν
1007 4862 1319 4935 ἀκροδρύων
1358 4860 1696 4933 εὑρίσκεται.
1728 4858 1859 4933 Κύ-’

177 4970 393 5038 δρας
428 4960 543 5032 γάρ
572 4961 688 5012 ἐστι
724 4956 864 5029 μετά
900 4955 1110 5027 νάρδων
1145 4956 1178 5025 ἡ
1206 4953 1346 5025 καλὴ
1373 4951 1623 5021 συζυγία,
1650 4948 1709 5003 τὸ
1741 4948 1840 5020 μὲν

150 5043 485 5126 Ἦιρμδν,
526 5052 588 5105 τὸ
618 5051 675 5104 δὲ
705 5049 923 5112 εὐῶδες.
963 5047 1038 5100 Ού
1077 5048 1187 5117 γὰρ
1224 5046 1502 5100 ἐπαινετὸν
1530 5047 1614 5115 ἐφ’
1645 5046 1839 5101 ἑαυτοῦ

196 5146 305 5197 ’τὸ
338 5142 571 5216 θερμὸν,
596 5143 725 5196 ὅταν
745 5137 989 5209 δυσώδης
1013 5137 1256 5210 πύρωσις
1280 5138 1601 5211 ήθερμότης
1706 5139 1841 5195 ἀλλά

246 5231 776 5306 συμμαρτυρεῖσθαι
820 5231 926 5301 χρὴ
963 5227 1041 5301 τῷ
1097 5228 1285 5299 θερμῷ
1317 5229 1402 5283 διὰ
1449 5229 1547 5302 τῆς
1586 5229 1843 5295 εὐπνοίας

249 5323 358 5393 τὴν
410 5324 792 5395 καθαρότητα,
840 5320 931 5374 ἵνα
959 5320 1181 5390 γένηται
1221 5318 1298 5390 τῷ
1321 5317 1598 5391 Πνεύματι
1627 5318 1783 5388 ζέων,
1813 5323 1842 5374 6

241 5413 358 5481 τῆς
396 5415 599 5488 ἀηῶῦς
639 5414 974 5487 θερμότητος
1013 5408 1441 5481 κεκαθαρμένος.
1506 5411 1595 5464 Ἑν
1636 5412 1846 5478 τούτοις

244 5500 412 5558 εστιν
438 5505 623 5575 εὑρεῖν
646 5506 759 5567 τοῖς
789 5498 1129 5573 ἀκροδρύοις,
1157 5500 1251 5552 καὶ
1286 5500 1351 5552 τά
1396 5498 1530 5556 ἀλλά
1559 5502 1842 5574 ἀρώματα,

236 5594 481 5667 νάρδον,
529 5600 696 5671 φησι,
744 5598 840 5652 καὶ
887 5596 1104 5667 κρόκον.
1173 5594 1330 5649 Ἀλλά
1375 5596 1473 5666 τῆς
1522 5596 1619 5667 μὲν
1653 5596 1845 5669 νάρδου

234 5686 360 5756 τὴν
392 5691 653 5747 εῦπνοιαν
684 5690 740 5743 ὲν
766 5691 878 5753 τοῖς
908 5687 1021 5743 ἀνω
1057 5686 1458 5757 μεμαθήκαμεν
1490 5685 1690 5755 λόγοις·
1733 5686 1845 5744 λοι⁴

594 5785 868 5848 Parnoe.
901 5780 1018 5842 Gn.
1052 5782 1106 5842 Χ
1122 5779 1275 5843 ων.

1941 4512 2027 4568 nis
2057 4508 2410 4564 Damascenis
2430 4546 2446 4571 ,
2475 4512 2570 4560 aut
2599 4502 2926 4575 glandibus,
2959 4508 3057 4557 aut
3087 4500 3360 4572 aliquibus
3389 4501 3512 4557 aliis

1938 4600 2209 4673 ejusmodi
2251 4600 2324 4655 sit
2350 4596 2642 4655 fruendum
2661 4633 2677 4661 ,
2706 4593 2804 4651 sed
2826 4592 2979 4649 varia
3009 4600 3065 4647 et
3092 4591 3377 4662 multiplex
3407 4605 3511 4646 na-

1939 4700 2063 4748 tura
2110 4698 2418 4746 aromatum
2466 4688 2743 4744 invenitur
2794 4686 2851 4740 in
2894 4684 3055 4741 malis
3083 4702 3097 4739 :
3129 4691 3214 4740 est
3238 4683 3385 4740 enim
3417 4698 3513 4756 cy-

1940 4800 2071 4856 prus
2097 4798 2222 4838 cum
2254 4781 2440 4838 nardis
2469 4779 2760 4853 pulchrum
2787 4776 3100 4846 coniugium
3123 4816 3138 4839 ,
3170 4774 3263 4831 illa
3288 4774 3513 4846 quidem

1940 4872 2119 4929 calida
2138 4912 2152 4937 ,
2183 4872 2300 4927 baac
2328 4886 2455 4926 vero
2480 4868 2775 4925 odorifera.
2818 4866 2941 4922 Non
2961 4872 3046 4923 est
3071 4867 3217 4923 enim
3243 4865 3396 4927 calor
3418 4881 3519 4935 per

1941 4980 2001 5020 se
2029 4962 2322 5019 laudabilis
2340 5002 2355 5027 ,
2392 4961 2615 5034 quando
2642 4961 2795 5017 calor
2821 4970 2907 5016 est
2936 4957 3104 5014 fetida
3132 4954 3515 5020 inﬂammatio,

1943 5053 2039 5111 sed
2070 5061 2285 5125 oportet
2311 5054 2610 5125 puritatem
2642 5067 2740 5122 per
2767 5052 2970 5106 bonum
3001 5050 3230 5105 odorem
3267 5047 3412 5104 ferre
3438 5054 3520 5102 te-

1943 5145 2260 5202 stimonium
2290 5145 2358 5200 de
2385 5144 2600 5210 calore,
2625 5154 2689 5198 ut
2712 5143 2785 5199 sit
2813 5150 3004 5200 sancto
3035 5140 3241 5208 Spiritu
3274 5138 3516 5201 fervens.

1943 5237 2037 5308 qui
2064 5245 2148 5292 est
2176 5251 2204 5288 a
2240 5243 2380 5290 tetro
2408 5234 2592 5290 calore
2624 5241 2978 5304 expurgatus.
3016 5230 3077 5286 In
3112 5230 3199 5285 his
3233 5229 3396 5284 malis
3425 5229 3517 5282 in-

1945 5328 2131 5384 venire
2158 5327 2288 5383 licet
2333 5327 2499 5382 etiam
2537 5326 2641 5381 alia
2678 5333 2957 5388 aromata,
3002 5320 3266 5387 nardum,
3295 5318 3477 5390 inquit
3499 5357 3517 5381 ,
3600 5391 3620 5408 .

1945 5428 1999 5475 et
2028 5434 2274 5475 crocum.
2304 5417 2411 5475 Sed
2444 5418 2600 5474 nardi
2631 5417 2853 5488 quidem
2897 5430 3120 5470 suavem
3163 5412 3391 5469 odorem
3436 5408 3524 5464 di-

1947 5510 2181 5566 dicimus
2208 5512 2262 5565 in
2295 5510 2362 5567 iis
2390 5525 2513 5580 quae
2542 5523 2711 5580 supra
2746 5506 2893 5562 dicta
2932 5512 3063 5561 sunt
3090 5520 3104 5570 ;
3135 5510 3307 5560 restat
3337 5509 3521 5556 autem

1948 5612 2009 5656 ut
2056 5605 2200 5657 croci
2255 5602 2609 5658 ostendamus
2652 5600 2960 5669 enigmata.
3012 5597 3212 5653 Dicunt
3258 5606 3389 5663 ergo
3427 5590 3524 5661 qui

1950 5692 2115 5765 hujus
2153 5692 2302 5752 ﬂoris
2340 5693 2598 5752 virtutem
2641 5689 3095 5755 considerarent,
3145 5702 3272 5743 eum
3319 5682 3522 5741 habere

3125 5779 3198 5846 31
