3948 6192
538 290 636 349 οτι
1776 281 1834 336 s.
1873 277 2199 339 GREGOBI!
2237 274 2525 334 NYSSENI
3605 287 3690 342 m

537 398 776 457 medium
824 397 964 452 inter
1008 396 1245 451 calorem
1294 405 1346 451 et
1400 397 1605 467 frigus,
1649 405 1701 452 et
1754 398 1809 454 in
1859 400 2096 466 utrisque

2133 401 2178 455 Α
2208 396 2309 447 πον
2338 394 2381 448 δ’
2424 396 2488 447 ἂν
2527 393 2615 464 εἴη
2637 392 2729 445 τοῦ
2756 392 2952 463 κρόκου
2983 391 3043 444 τὸ
3077 391 3295 461 αἴνιγμα
3324 396 3613 467 παραστῆσαι
3631 403 3690 471 τῷ

535 494 722 565 fugere
764 489 1314 554 immoderationem.
1363 497 1417 545 et
1463 491 1664 545 habere
1711 490 1820 544 vim
1871 489 2087 545 leniend

2216 485 2377 555 λόγῳ.
2410 487 2544 537 Φασὶ
2575 484 2672 554 μὲν
2702 479 2791 536 οὖν
2837 485 2883 535 oi.
2923 481 3020 553 τὴν
3057 482 3278 551 δύναμιν
3312 484 3395 537 τοῦ
3420 486 3578 553 ἀνθοος
3601 492 3693 543 τού-

534 583 751 639 dolores
801 598 815 635 :
864 580 999 635 adeo
1051 587 1110 634 ut
1155 593 1252 650 per
1299 580 1403 635 hoc
1457 581 1596 635 forte
1651 579 2009 652 (Scriptura)
2053 580 2093 633 ir

2215 598 2307 635 του
2337 580 2786 649 κατανοήσαντες,
2822 576 3001 646 μέσως
3031 574 3175 645 ἔχειν
3196 574 3392 642 ψύξεώς
3411 595 3463 630 τε
3495 582 3572 633 καὶ
3602 581 3695 652 θερ-

538 674 831 745 aenigmate
844 669 1275 741 philosophetur
1303 671 1371 726 de
1405 672 1626 727 virtute.

2220 669 2467 740 μότητος,
2500 668 2592 723 καὶ
2625 668 2682 721 τὸ
2716 666 2937 736 φεύγειν
2964 665 3062 737 τὴν
3102 668 3186 735 ἐφ’
3217 666 3445 737 ἑκάτερον
3471 670 3692 739 ἀμετρίαν·

2214 761 2291 824 ὡς
2326 759 2412 814 διὰ
2441 759 2630 812 τούτου
2658 760 2797 829 τάχα
2831 759 2920 811 τὸν
2954 758 3083 829 περὶ
3108 759 3207 828 τῆς
3235 759 3416 834 ἀρετῆς
3437 763 3549 831 ἡμῖν
3580 759 3696 832 λόγον

2215 850 2523 918 φιλοσοφεῖν
2550 848 2627 919 τῷ
2652 850 2954 919 αἰνίγματι.

604 957 901 1029 Propterea
932 957 1076 1030 quod
1107 959 1281 1014 virtus
1308 966 1392 1014 est
1418 958 1596 1014 media
1624 957 1767 1013 inter
1795 958 1902 1013 duo
1936 958 2065 1013 vitia
2087 996 2103 1021 ,

2284 940 2427 991 Διότι
2459 941 2607 992 πᾶσα
2644 939 2812 1008 ἀρετὴ
2845 938 3030 991 κακῶν
3057 939 3173 991 ἐστι
3201 938 3354 1008 μέση.
3389 940 3480 1009 τῆς
3501 960 3552 995 τε
3576 944 3703 997 ἐλλεξ.

536 1064 730 1120 nempe
758 1052 902 1105 inter
945 1029 1213 1104 defectum
1256 1049 1469 1104 honesti
1511 1056 1568 1104 et
1607 1048 2095 1119 exsuperationem.

2212 1033 2359 1103 ψεως
2389 1031 2484 1085 τοῦ
2516 1030 2705 1092 καλοῦ.
2733 1032 2827 1084 καὶ
2849 1032 2946 1102 τῆς
2971 1030 3384 1102 ὑπερπτώσεως.
3409 1029 3519 1085 Οἶον
3540 1036 3618 1105 τὴν
3639 1038 3703 1087 ἀν-

534 1137 690 1201 Sicut
711 1138 899 1195 dicunt
926 1140 1105 1210 magni
1130 1138 1297 1193 animi
1318 1140 1575 1194 virtutem
1603 1151 1657 1193 et
1685 1139 2093 1202 liberalitatem,

2212 1123 2393 1193 δρείαν
2424 1123 2519 1176 καὶ
2547 1122 2644 1192 τὴν
2686 1120 2996 1193 ἐλευθερίαν
3034 1121 3186 1190 φασὶ,
3232 1122 3325 1191 τὴν
3370 1120 3458 1191 μὲν
3484 1122 3646 1185 δειλίας
3666 1142 3705 1176 τε

536 1230 681 1284 illam
720 1230 939 1300 quidem
987 1206 1327 1286 considerari
1370 1231 1423 1285 in
1467 1230 1648 1285 medio
1693 1231 2007 1287 timiditatis
2053 1237 2095 1286 el

2214 1215 2306 1268 καὶ
2352 1214 2704 1286 θρασύτητος,
2733 1214 2829 1284 τήν
2872 1213 2927 1271 δὲ
2960 1206 3308 1283 μικρολογίας
3339 1228 3393 1265 τε
3417 1213 3502 1266 καί
3526 1214 3708 1277 ἀσωτίας

533 1320 816 1375 audacias:
848 1320 991 1375 hanc
1026 1335 1154 1375 vero
1182 1322 1235 1375 in
1270 1321 1451 1377 medio
1481 1323 1722 1377 avaritia:
1751 1331 1804 1376 et
1832 1321 2092 1393 profusio-

2213 1309 2271 1360 ὲν
2302 1306 2451 1377 μέσῳ
2487 1305 2808 1377 θεωρεῖσθαι
2828 1321 2841 1335 ·
2870 1306 2963 1358 καὶ
2994 1305 3093 1376 τὴν
3125 1304 3223 1375 μὲν
3262 1302 3447 1357 δειλίαν
3475 1320 3525 1357 τε
3550 1306 3625 1357 καί
3640 1322 3710 1374 μι-

535 1413 657 1478 nis;
686 1418 738 1466 et
766 1412 1106 1467 timiditatem
1133 1412 1350 1481 quidem
1381 1421 1434 1467 et
1464 1413 1749 1467 avaritiam
1771 1413 1962 1468 dicunt
1983 1429 2094 1469 esse

2212 1398 2518 1470 κρολογίαν,
2566 1398 2687 1450 κατ’
2726 1396 2959 1465 ἔλλειψιν
2997 1396 3091 1450 τοῦ
3135 1394 3485 1466 καθήκοντος,
3514 1397 3561 1448 ἐν
3583 1397 3710 1466 κακία

534 1505 589 1558 in
624 1503 753 1559 vitio
780 1512 1002 1573 prOpter
1030 1478 1301 1558 defectum
1336 1505 1457 1573 ejus
1484 1506 1627 1575 quod
1672 1506 1826 1561 decet
1854 1526 1867 1559 ε
1912 1506 2093 1576 profu-

2211 1492 2427 1558 λέγουσι
2457 1490 2720 1559 γίνεσθαι·
2753 1478 2849 1559 τῆν
2871 1489 2926 1542 δὲ
2949 1489 3183 1543 ἀσωτίαν
3209 1490 3299 1541 καὶ
3324 1488 3415 1559 τὴν
3436 1487 3710 1559 θρασύτητα,

533 1595 744 1648 sionem
787 1600 965 1648 autem
1003 1602 1055 1648 et
1099 1592 1383 1647 audaciam
1426 1594 1483 1648 in
1525 1609 1756 1650 excessu
1792 1604 1844 1650 et
1873 1611 2092 1667 supera-

2214 1583 2353 1639 κατά
2380 1581 2713 1653 πλεονασμὸν
2740 1582 2834 1635 καὶ
2873 1581 3242 1651 ὑπέρπτωσινι
3286 1579 3382 1649 τῆς
3404 1579 3455 1632 δὲ
3499 1578 3601 1632 καθ’
3623 1579 3715 1630 ἑκά-

535 1683 854 1741 bundantia.
882 1682 1117 1739 Medium
1149 1694 1330 1741 autem
1375 1685 1771 1741 moderationis
1816 1688 1936 1757 ejus
1981 1704 2094 1758 qua

2211 1693 2366 1747 τερον
2410 1674 2672 1746 ἀμετρίας
2710 1674 2771 1727 τὺ
2801 1673 2982 1744 μέσον,
3012 1670 3212 1741 ἀρετὴν
3241 1670 3581 1739 ὀνομάζουσιν*
3618 1669 3715 1721 οὒκ·

533 1784 619 1831 est
646 1776 703 1830 in
733 1784 1001 1845 utroque,
1035 1776 1325 1831 nominant
1358 1777 1640 1833 virtutem.
1687 1778 1858 1833 liabet
1894 1757 2024 1848 ergo
2054 1778 2089 1832 ἱι

2158 1759 2182 1811 Β
2213 1765 2306 1819 οὖν
2344 1764 2455 1836 ἔχοι
2488 1764 2555 1818 ἀν
2599 1781 2651 1817 τι
2694 1763 2822 1834 περῖ
2860 1763 2957 1834 τὴν
2998 1760 3196 1832 ἀρετὴν
3238 1762 3265 1813 ὁ
3295 1760 3414 1830 περὶ
3456 1759 3539 1812 τοῦ
3563 1757 3717 1829 κρόκον

532 1868 677 1937 quod
716 1866 785 1922 de
828 1881 991 1922 croco
1030 1866 1251 1932 dicitur,
1298 1867 1445 1940 quod
1484 1867 1551 1921 ad
1594 1869 1849 1924 virtutem
1883 1871 2073 1925 attinet

2215 1853 2387 1922 λόγος,
2422 1852 2711 1907 ἀκόλουθον
2735 1856 2800 1923 τῇ
2825 1852 2923 1921 τῆς
2945 1851 3231 1921 δυνάμεως
3261 1850 3519 1921 μεσότητι,
3546 1851 3596 1903 τὸ
3613 1849 3719 1903 ava-

533 1957 738 2027 aliquid
765 1971 1112 2028 consequens
1141 1958 1505 2013 mediocritati
1538 1958 1810 2015 facultatis
1829 2000 1843 2025 ,
1877 1969 1936 2015 ut
1963 1976 2092 2031 qum

2215 1945 2397 2005 λειπές
2427 1960 2485 1998 τε
2524 1946 2617 1998 καὶ
2658 1945 2945 2016 ἀπέριττον
2971 1943 3071 2014 τῆς
3103 1944 3357 2015 ἐναρέτου
3402 1944 3719 2003 καταστάσεως

532 2050 928 2119 interpretatur
958 2048 1097 2103 nihil
1126 2049 1318 2103 virtuti
1354 2050 1589 2104 deficere
1631 2060 1684 2105 et
1722 2052 1957 2106 effluere.
1982 2030 2091 2122 Egi

2216 2036 2535 2110 έρμηνεῦον.
2583 2037 2725 2107 Ἐγὼ
2768 2038 2825 2091 δέ
2858 2053 3032 2107 φημι,
3067 2035 3171 2089 κᾶν
3208 2036 3588 2105 ἰδιωτικώτερον
3679 2033 3718 2086 τὺ

533 2147 713 2195 autem
741 2138 866 2194 dico
888 2178 903 2205 ,
931 2140 1147 2195 etiamsi
1177 2140 1373 2195 rudius
1403 2148 1456 2195 et
1487 2144 1759 2210 agrestius
1787 2142 2031 2198 videatur
2056 2145 2092 2198 ἰι

2214 2131 2526 2202 λεγόμενον,
2547 2131 2687 2201 τάχα
2737 2130 2933 2201 μᾶλλον
2963 2129 3097 2201 πρὸς
3133 2129 3228 2182 τὸν
3257 2130 3351 2200 τῆς
3376 2128 3721 2193 πίστεως-λόγον

531 2229 679 2300 quod
709 2226 934 2293 dicitUr,
961 2230 1111 2283 croci
1144 2230 1374 2300 aenigma
1404 2228 1545 2285 forte
1573 2232 1747 2302 magis
1774 2235 1995 2303 proprie
2022 2250 2090 2290 ast

2212 2221 2537 2295 οίκειότερον
2588 2220 2649 2274 τὸ
2696 2221 2920 2292 αἴνιγμα
2972 2220 3064 2275 τοῦ
3112 2220 3315 2293 κρόκου
3368 2217 3722 2289 παραλαμϐάνει

533 2320 676 2375 sumi
708 2319 785 2373 ad
809 2320 1077 2375 rationem
1118 2318 1266 2375 fidei.
1316 2318 1454 2373 Nam
1483 2318 1583 2374 flos
1613 2321 1831 2391 quidem
1860 2332 2092 2379 versatul

2216 2313 2359 2368 σθαι.
2389 2313 2610 2386 Τριπλῷ
2638 2315 2734 2385 μὲν
2774 2314 2880 2384 γάρ
2910 2314 3283 2384 ύποτρέφεται
3310 2311 3367 2365 τὸ
3391 2310 3538 2373 ἄνθος
3560 2309 3623 2380 τῷ

530 2412 587 2465 in
617 2410 815 2481 triplici
849 2409 1161 2483 involucra.
1192 2409 1376 2480 Ipsum
1418 2419 1597 2464 autem
1644 2410 1990 2468 involucrum
2023 2431 2083 2472 es

2214 2405 2356 2459 λυκι⁶
2386 2406 2477 2458 καί⁵
2507 2405 2667 2468 αὐτὸς
2693 2404 2749 2457 δὲ
2786 2405 2814 2456 ὁ
2848 2403 3014 2470 κάλυξ
3044 2405 3102 2456 ἐν
3139 2403 3403 2473 ἀεροειδεί
3424 2404 3485 2470 τῇ
3509 2402 3640 2473 χροία
3661 2398 3727 2451 ἀν-

529 2500 631 2557 ﬂos
661 2504 716 2557 in
748 2501 933 2559 colore
958 2516 1137 2557 aereo.
1164 2501 1445 2556 lnvolueri
1475 2511 1652 2557 autem
1682 2512 1848 2559 exuto
1874 2508 2072 2562 amictu

2214 2496 2305 2559 θος
2333 2495 2499 2550 ἐστίν.
2560 2495 2903 2564 Ἐκλυθείσης
2928 2495 2985 2548 δὲ
3017 2496 3117 2566 τῆς
3143 2497 3257 2548 τῶν
3285 2494 3519 2550 καλύκων
3558 2491 3726 2564 περιϐο-

528 2602 643 2650 tres
690 2593 914 2648 omnino
957 2588 1312 2648 inveniuntur
1359 2591 1523 2648 flores
1571 2594 1710 2651 bene
1756 2597 1998 2665 olentes,
2055 2615 2084 2656 e

2213 2589 2331 2659 λῆς,
2358 2589 2483 2660 τρία
2513 2588 2824 2658 εὑρίσκεται
2849 2589 3063 2650 πάντως
3087 2586 3161 2642 τὰ
3186 2587 3502 2642 εύπνοοῦντα
3522 2586 3601 2639 καὶ
3627 2601 3729 2656 χρη-

532 2682 692 2737 utiles
732 2681 800 2735 ad
833 2680 1177 2745 curationes,
1212 2680 1389 2750 operti
1428 2680 1768 2750 involucris,
1815 2687 1909 2755 qui
1956 2688 2091 2743 simi-

2217 2680 2505 2751 σιμεύοντα
2540 2680 2675 2750 πρὸς
2699 2679 2796 2742 τάς
2828 2680 2996 2742 ἰάσεις
3038 2679 3202 2752 ἄνθη,
3244 2681 3312 2734 τά
3334 2676 3730 2750 ὑποκεκρυμμένσ

528 2773 653 2828 liter
685 2780 740 2828 et
784 2771 976 2828 eodem
1021 2771 1183 2827 modo
1222 2771 1364 2827 inter
1392 2786 1514 2827 sese
1539 2774 1769 2840 habent,
1808 2778 2087 2847 pulchrilu

2212 2775 2325 2836 τοῖς
2354 2769 2560 2837 κάλυξι,
2598 2771 2816 2841 μεγέθει
2856 2773 2950 2824 καὶ
2976 2770 3167 2825 κάλλει
3208 2771 3300 2824 καὶ
3338 2770 3546 2840 εύπνοία
3579 2767 3657 2820 καί
3682 2765 3728 2833 τῇ

527 2864 661 2919 dine
689 2871 742 2917 et
775 2862 1153 2935 magnitudine
1187 2868 1241 2917 et
1275 2862 1421 2918 bono
1466 2862 1635 2921 odore
1676 2874 1730 2921 et
1775 2870 2086 2938 proprietati

2212 2861 2314 2931 τῆς
2339 2861 2616 2932 δυνάμεως
2651 2861 2867 2931 ἰδιότητι
2894 2860 3160 2925 ὡσαύτως
3188 2862 3324 2932 πρὸς
3353 2856 3545 2928 ἄλληλα
3564 2858 3731 2927 ἔχοντα.

528 2956 746 3011 virtutis
768 2995 782 3017 .
816 2963 871 3010 et
899 2963 1011 3012 tres
1046 2970 1141 3026 per
1169 2959 1354 3013 omnia
1400 2974 1546 3016 unus
1587 2961 1974 3023 ostenduntur,
2011 2968 2087 3015 eo:

2215 2954 2309 3007 καὶ
2341 2952 2396 3005 ἓν
2424 2956 2490 3006 τὰ
2517 2952 2643 3022 τρία
2676 2951 2765 3005 διὰ
2804 2953 3021 3006 πάντων
3054 2952 3406 3024 δεικνύμενα,
3434 2949 3631 3021 εὐχροίᾳ
3661 2962 3730 3007 τες

529 3048 664 3105 loris
695 3048 938 3102 bonitate
960 3087 975 3113 ,
1009 3047 1198 3103 odoris
1233 3051 1509 3106 suavitate
1536 3091 1551 3117 ,
1595 3061 1649 3106 et
1691 3053 1954 3122 qualitate
1991 3054 2088 3107 vir-

2214 3040 2393 3104 καθὼς
2421 3042 2656 3111 εἴρηται,
2691 3041 2784 3094 καὶ
2810 3040 3052 3111 εὐπνοίᾳ,
3092 3044 3194 3094 καὶ
3226 3040 3305 3111 τῷ
3337 3038 3468 3110 ποιῷ
3494 3037 3582 3106 τῆς
3610 3032 3733 3087 δυνά-

529 3138 686 3192 tutis.
720 3135 934 3203 Quibus
959 3111 1141 3206 agitati
1169 3144 1300 3191 sunt
1325 3139 1493 3194 etiam
1526 3111 1639 3195 tres
1674 3111 1800 3204 alii,
1831 3142 1951 3196 visu
1982 3144 2088 3212 qui.

2173 3149 2174 3157 ‘
2213 3150 2374 3203 μεως.
2407 3127 2502 3195 Οἷς
2542 3132 3049 3204 συμπαραπέφυκεν
3084 3131 3256 3204 ’ἐτερα
3293 3128 3438 3204 τρία,
3479 3128 3627 3196 ξανθὰ
3659 3126 3732 3195 μὲν

531 3230 652 3283 dem
681 3220 826 3284 ﬂavi,
862 3224 931 3279 ad
963 3238 1180 3280 omnem
1212 3237 1394 3282 autem
1427 3243 1587 3283 usum
1635 3229 1912 3285 salubrem
1951 3232 2090 3285 nulla

2209 3221 2355 3285 ίδεῖν,
2383 3223 2549 3277 ἄποια
2569 3220 2625 3274 δὲ
2652 3222 2788 3292 πρὸς
2811 3224 2991 3276 πᾶσαν
3014 3222 3262 3292 ὑγιεινὴν
3282 3223 3610 3293 εὐχρηστίαν.
3630 3213 3734 3285 Περὶ

529 3314 795 3385 qualitate
824 3314 1059 3385 praediti.
1108 3313 1233 3382 Quo
1265 3315 1324 3371 fit
1356 3326 1417 3372 ut
1448 3319 1731 3389 imperitos
1764 3321 1818 3376 in
1861 3323 1929 3378 iis
1970 3338 2088 3378 coa-

2204 3314 2240 3368 ὃ.
2270 3315 2476 3383 γίνεται
2506 3317 2618 3378 τοῖς
2661 3314 2910 3386 ἀπείροις
2948 3317 2981 3386 ἡ
3029 3314 3232 3386 πλάνη,
3278 3319 3391 3379 τοῖς
3429 3314 3511 3367 διὰ
3550 3311 3634 3381 τὴν
3669 3307 3735 3359 εῦ-

528 3406 707 3477 tlngat
731 3419 943 3471 errare,
974 3405 1067 3477 qui
1095 3416 1318 3478 prepter
1340 3410 1541 3465 bonum
1569 3412 1807 3470 colorem
1834 3430 1935 3485 pro
1958 3416 2087 3471 honr

2204 3424 2396 3479 χροιαν
2446 3406 2506 3460 τὸ
2550 3406 2701 3461 νόθον
2744 3408 3097 3478 δρεπομένοις
3145 3409 3270 3462 ἀντὶ
3316 3405 3411 3460 τοῦ
3458 3403 3730 3475 κρείττονος.

528 3496 831 3567 decerpunt
855 3495 1247 3553 adulterinum.
1278 3498 1436 3566 Quod
1470 3517 1616 3556 nunc
1644 3519 1860 3575 quoque
1895 3505 2087 3562 facium

2206 3500 2384 3571 Ὅπερ
2421 3500 2516 3553 καί⁵
2544 3498 2637 3554 νῦν
2670 3499 2914 3553 ποιοῦσιν
2949 3502 2998 3552 οί
3031 3501 3166 3571 περὶ
3202 3501 3303 3573 τὴν
3349 3499 3522 3551 πίστιν
3543 3495 3733 3564 ἐξαμαρ·

531 3587 843 3659 qui-errant
869 3587 1018 3643 circa
1049 3588 1233 3655 fidem,
1253 3591 1347 3661 qui
1374 3594 1685 3664 suscipiunt
1711 3612 1903 3653 omnes
1934 3598 2090 3653 falsas

2201 3590 2467 3656 τεύοντες,
2491 3589 2591 3654 τὰς
2614 3590 3009 3660 σεσοφισμένας
3033 3592 3256 3655 ἀπάτας
3282 3591 3395 3662 προ
3409 3588 3509 3643 τῶν
3533 3582 3734 3655 ὑγιεινῶν

530 3689 585 3735 et
613 3688 732 3735 arte
758 3679 1064 3751 sophistica
1092 3681 1374 3739 confectas
1403 3686 1690 3754 opiniones
1708 3729 1723 3753 ,
1754 3697 1808 3743 et
1838 3704 1930 3744 eas
1958 3706 2089 3760 prae-

2201 3681 2486 3753 δογμάτων
2528 3682 2859 3754 αἱρούμενοι.
2906 3682 3143 3736 Ἑλέσθω
3177 3684 3235 3737 δὲ
3268 3684 3325 3749 ἐξ
3350 3680 3645 3757 ἐκατέρου.η
3666 3672 3735 3726 τοῦ

532 3771 713 3828 ferunt
737 3771 898 3828 bonis
925 3779 981 3828 et
1015 3775 1166 3829 sanis
1196 3774 1565 3847 dogmatibus.
1617 3778 1790 3850 Eligat
1836 3781 2091 3837 auditoris

2201 3773 2473 3844 ἀκροατοῦ
2500 3774 2678 3845 κρίσις
2702 3774 2732 3827 θ
2761 3773 3029 3844 βούλεται,
3060 3776 3113 3827 εί
3130 3792 3192 3827 τε
3218 3774 3280 3827 τὸ
3305 3774 3488 3845 ἕτερον
3506 3770 3558 3837 ἐξ
3577 3764 3734 3825 αὐτῶν.

525 3864 797 3934 judicium
848 3864 998 3935 quod
1048 3865 1224 3934 velit,
1273 3867 1390 3923 sive
1437 3870 1667 3926 alterum
1716 3887 1782 3927 ex
1833 3872 1935 3939 iis,
1985 3874 2084 3929 sive

2200 3866 2255 3919 εἰ
2278 3883 2336 3920 τε
2368 3866 2673 3937 ἀμφότερα*
2707 3867 2769 3920 ἒν
2810 3864 2919 3938 γάρ
2942 3866 3143 3938 τρόπον
3171 3867 3298 3920 τινά
3320 3869 3466 3918 ἐστιν
3486 3861 3735 3933 ἀμφότερα.

530 3963 864 4027 utrumque:
915 3963 1044 4012 sunt
1093 3958 1240 4014 enim
1284 3975 1454 4015 unum
1499 3962 1903 4031 quodammodo
1950 3975 2089 4022 utra-

2199 3958 2234 4029 ἥ
2259 3975 2312 4012 τε
2326 3959 2425 4030 τῆς
2448 3959 2660 4023 τελείας
2696 3959 2897 4030 ἀρετῆς
2918 3999 2931 4023 ,
2965 3959 3060 4011 καὶ
3101 3960 3137 4030 ή
3169 3960 3272 4031 τῆς
3297 3956 3541 4029 θεότητος
3565 3952 3738 4031 κτῆσις.

528 4062 665 4118 quc,
718 4046 972 4118 perfectae
1019 4048 1282 4115 virtutis,
1329 4059 1384 4106 et
1428 4051 1732 4110 divinitatis
1783 4057 2087 4126 acquisitio.

1603 4054 1732 4110 tatis
1783 4057 2095 4126 acquisitio.
2202 4046 2413 4119 οὑ⁴γὰρ
2440 4047 2544 4113 ἔξω
2566 4046 2733 4119 ἀρετὴ
2759 4046 2858 4116 τῆς
2883 4044 3158 4115 θεότητος.

527 4137 648 4194 Non
677 4145 762 4195 est
789 4139 935 4194 enim
970 4141 1148 4196 virtus
1177 4146 1332 4197 extra
1361 4140 1723 4198 divinitatem.

600 4229 713 4286 Nos
746 4238 927 4286 autem
952 4239 1298 4289 transeamus
1328 4233 1395 4288 ad
1429 4236 1943 4305 contemplationem
1988 4255 2093 4294 caa-

2279 4241 2471 4311 Ἥμεῖς
2508 4242 2566 4294 δὲ
2598 4242 2690 4293 ἐπὶ
2722 4241 2819 4310 τὴν
2848 4240 2956 4292 τῶν
2984 4240 3189 4293 λοιπῶν
3223 4238 3529 4312 ἀρωμάτων
3549 4229 3735 4298 θεωρίαν

523 4330 769 4379 terornm
800 4336 1128 4390 aromatum,
1166 4324 1233 4381 de
1261 4325 1460 4396 quibus
1497 4338 1903 4399 consequenter
1950 4331 2082 4388 fact:

2204 4331 2566 4403 μετέλθωμεν,
2598 4331 2705 4384 τῶν
2738 4332 2807 4384 δι’
2836 4330 3128 4386 ἀκολούθου
3164 4329 3630 4403 μνημονευθέντων
3655 4316 3732 4372 ὑπὸ

526 4425 609 4470 est
643 4416 847 4470 mentio
877 4416 932 4469 in
958 4416 1227 4473 oratione.
1274 4415 1549 4483 Calamus,
1584 4421 1782 4491 inquit,
1834 4433 1883 4477 et
1908 4425 2085 4479 cinna-

2171 4459 2175 4483 ι
2202 4422 2294 4477 τοῦ
2330 4422 2506 4491 λόγου.
2543 4421 2857 4492 Κάλαμος,
2896 4423 3028 4494 φησὶ
3048 4464 3063 4491 ,
3097 4423 3203 4477 καί
3242 4421 3631 4489 κιννάμωμον.
3658 4406 3730 4497 καί

526 4521 779 4571 momum,
825 4506 1084 4575 et'poma.
1129 4507 1293 4562 Poma
1339 4516 1521 4564 autem
1559 4519 1689 4566 sunt
1739 4512 1949 4570 fructus
2005 4531 2085 4585 qu;

2206 4514 2526 4583 ἀκρόδρυα.
2562 4515 2717 4567 Ἔστι
2758 4516 2826 4568 τά
2862 4514 3136 4587 ἀκρόδρυα
3167 4515 3243 4568 τὰ
3288 4517 3354 4567 ὲκ
3392 4511 3495 4565 τῶν
3528 4507 3643 4582 ῥοῶν
3661 4495 3726 4553 τοῦ

526 4597 906 4668 producuntur
957 4614 1024 4655 ex
1085 4599 1245 4655 malis
1301 4602 1518 4671 punicis
1575 4603 1818 4673 paradisi
1854 4622 2085 4675 sponsm.

2206 4605 2533 4677 παραδείσου
2557 4604 2658 4675 τῆς
2691 4604 2908 4675 νύμφης
2946 4607 3471 4677 καρποφορούμενα,
3508 4596 3645 4655 Ἀλλὰ
3665 4592 3729 4645 τὸν

527 4687 635 4742 Sed
685 4689 956 4745 calamum
1008 4690 1227 4760 quidem
1256 4691 1445 4746 dicunt
1480 4693 1623 4749 bono
1661 4695 1829 4751 odore
1878 4701 2086 4755 caeteris

2206 4697 2305 4766 μὲν
2338 4696 2600 4766 κάλαμον,
2626 4696 2849 4767 εὐπνοία
2881 4695 3138 4766 προέχειν
3165 4697 3312 4765 ὑπὲρ
3341 4696 3407 4748 τα
3429 4691 3554 4747 ἄλλα
3578 4682 3725 4755 φασίν

524 4781 867 4847 antecellere,
899 4782 1034 4837 adeo
1065 4789 1177 4836 uta
1224 4783 1338 4855 lege
1377 4795 1690 4841 assumatur
1727 4789 1793 4843 ad
1850 4790 2083 4845 sumtum

2201 4788 2277 4852 ὠς
2309 4788 2404 4842 καὶ¹
2452 4787 2588 4859 πρὸς
2635 4787 2695 4840 τὸ
2729 4787 2871 4857 ἱερὸν
2905 4787 3159 4857 θυμίαμα
3204 4789 3316 4841 ὑπὸ
3350 4785 3442 4841 τοῦ
3482 4784 3627 4851 νόμου
3649 4790 3727 4826 πα.

523 4868 1464 4929 sacerdotalem“:cinnamomum
1533 4885 1712 4931 autem
1781 4880 1985 4934 variam
2046 4898 2077 4936 e

2202 4877 2676 4950 ραλαμϐάνεσθαι·
2727 4877 2786 4932 τὸ
2829 4877 2885 4931 δὲ
2937 4879 3302 4949 κιννάμωμον
3354 4871 3591 4940 πολυειδῆ
3636 4876 3726 4917 τινα

525 4957 877 5028 multiplicem
918 4961 1288 5029 operationem
1325 4979 1427 5035 per
1458 4968 1757 5043 quamdam
1790 4973 2084 5026 naturalen'

2199 4972 2293 5024 καὶ
2324 4970 2573 5041 ποικίλην
2600 4970 2897 5041 ἐνέργειαν,
2937 4969 3027 5024 διό.
3057 4988 3208 5035 τινος
3239 4970 3474 5041 φυσικῆς
3500 4962 3727 5029 δυνάμεως

525 5048 835 5105 facultatem
865 5052 1203 5122 promittere,
1256 5070 1323 5112 ex
1353 5058 1559 5127 quibus
1604 5061 1774 5116 multa
1809 5062 1971 5119 fidem
2012 5067 2084 5119 vi-

2196 5062 2652 5132 ἐπαγγέλλεσθαι,
2690 5056 2765 5116 ὧν
2807 5062 2876 5116 τά
2906 5063 3091 5116 ’πολλά
3116 5064 3217 5117 καὶ
3254 5065 3398 5135 ὑπὲρ
3436 5061 3598 5114 πίστιν
3620 5046 3723 5106 εἶναι

522 5141 724 5196 dentur
765 5156 1046 5215 superare.
1100 5145 1265 5201 Aiunt
1292 5149 1437 5202 enim
1468 5166 1609 5222 aqua
1648 5151 1909 5210 bulliente
1933 5155 1989 5209 in
2022 5156 2081 5211 le-

2194 5154 2361 5209 δοκεῖ.
2403 5155 2515 5209 Καὶ
2545 5154 2653 5223 γάρ
2701 5151 2912 5217 ζέοντός
2949 5170 3082 5226 φησι
3120 5155 3222 5209 τοῦ
3257 5158 3318 5209 ὲν
3344 5154 3422 5225 τῷ
3444 5142 3721 5221 λέϐητιῦὂι-

525 5240 665 5294 uete.
723 5234 770 5289 si
801 5249 920 5290 eam
947 5237 1124 5293 solum
1159 5244 1346 5311 tangat
1380 5242 1484 5298 hoc
1517 5258 1727 5308 aruma,
1778 5262 1975 5317 aquam
2010 5264 2084 5303 re-

2194 5262 2313 5309 τος,
2359 5246 2516 5317 εἴπερ
2550 5244 2687 5313 θίγοι
2717 5245 2876 5315 μόνον
2915 5246 3072 5299 τοῦτο
3108 5246 3174 5299 τὸ
3224 5248 3458 5318 ἀρωμα,
3492 5239 3630 5296 εὐθὺς
3651 5246 3720 5284 κα·

526 5322 788 5395 frigerare
818 5328 1093 5397 protinus,
1126 5337 1180 5385 et
1204 5330 1409 5386 illatam
1442 5334 1497 5387 in
1530 5333 1747 5392 fervens
1785 5337 2085 5405 lavacrum,

2196 5337 2454 5408 ταψύχειν
2494 5336 2554 5389 τὸ
2600 5335 2777 5408 ὕδωρ,
2833 5338 2925 5391 καὶ
2959 5335 3171 5407 λουτρῷ
3228 5331 3593 5403 ἐπεισενεχθὲν
3632 5323 3718 5378 δια·

522 5417 774 5472 ardorem
806 5419 898 5489 qui
931 5428 1016 5476 est
1044 5421 1099 5476 in
1132 5436 1281 5487 aere,
1316 5431 1687 5482 transmittare
1732 5429 1787 5482 in
1824 5428 2081 5499 algorem,

2198 5428 2384 5500 πύρῳ,
2422 5429 2732 5500 μεταποιεῖν
2768 5429 2861 5482 τὸν
2894 5430 2954 5484 ὲν
2981 5428 3063 5498 τῷ
3102 5429 3232 5500 ἀέρι
3277 5427 3513 5500 φριγμὸν
3549 5422 3618 5482 είς
3640 5413 3717 5483 φυ-

518 5513 577 5564 ει
604 5507 804 5566 habere
827 5518 1079 5568 naturam
1126 5514 1427 5584 perimendi
1459 5529 1524 5572 ea
1573 5530 1694 5588 qua:
1756 5528 2077 5588 generantur

2194 5521 2459 5594 χρότητα,
2519 5521 2613 5576 καὶ
2670 5522 3029 5595 ἀφανιστικὴν
3073 5521 3186 5577 τῶν
3249 5524 3316 5577 ὲκ
3371 5518 3565 5593 φθορᾶς
3611 5519 3723 5571 τινας

602 5675 650 5709 ⁹⁶
666 5681 841 5743 Exod.
870 5703 997 5756 an,
1020 5687 1111 5745 23.
