3948 6192
281 320 371 377 973

1296 323 1362 378 IN
1389 324 1684 382 CANTICA
1723 326 1997 385 CANTlC.
2041 328 2326 387 IIOMILIA
2369 333 2459 388 IX.

3424 331 3527 387 9'74

198 496 203 501 ί
280 433 717 505 ζωογονουμένων
756 436 855 507 τὴν
898 436 1059 506 φύσιν
1109 435 1282 508 ἔχειν,
1318 442 1412 493 καὶ
1442 441 1577 497 ἄλλα
1625 443 1820 498 τοιαῦτι

1925 500 1926 503 η
1955 459 2023 499 ex
2058 447 2435 516 corruptione,
2464 454 2519 501 et
2549 446 2654 500 alia
2689 446 2999 515 hujusmodi
3055 446 3122 501 de
3153 460 3220 501 eo
3271 455 3523 507 narrant,

284 528 400 597 περὶ
440 526 609 580 αὐτοῦ
663 527 1060 600 διεξέρχονται,
1109 530 1145 583 ἃ
1185 531 1325 604 ὑπὲρ
1374 533 1474 605 τὴν
1519 534 1700 589 πίστιν
1738 536 1846 589 τῶν

276 616 566 671 ἀκουόντων
605 612 746 673 εῖναι
771 617 936 672 δοκεῖ.
969 618 1201 690 Λέγουσι
1227 622 1368 694 γὰρ,
1405 624 1455 676 εί
1495 624 1735 695 ἐντεθείη
1768 627 1845 696 τῷ

277 709 491 781 στόματι
526 709 622 763 τοῦ
654 708 1037 777 καθεύδοντος,
1072 711 1238 784 μηδὲν
1278 714 1664 785 ἐμποδίζεσθαι
1710 718 1845 788 πρὸς

269 799 361 871 τὴν
403 799 511 853 τῶν
555 799 977 871 πυνθανομένων
1020 801 1314 873 ἀπόκρισιν
1347 803 1439 857 τὸν
1477 804 1838 860 καθεύδονταο

268 888 399 944 ἀλλὰ
422 890 518 946 καὶ
550 890 609 944 ὲν
635 889 714 960 τῷ
751 889 905 962 ὕπνῳ
954 891 1135 962 μένειν
1178 892 1368 961 αὑτὸν,
1414 895 1507 948 καὶ
1541 895 1842 967 νηφαλέους

263 984 353 1035 καὶ
394 981 811 1053 διηρθρωμένας
837 982 1108 1038 ποιεῖσθαι
1136 985 1276 1057 πρὸς
1319 985 1448 1051 έπος
1479 987 1578 1053 τὰς
1613 989 1840 1062 ἀποκρί-

264 1087 389 1135 σεις.
421 1070 557 1141 Περὶ
581 1064 656 1124 ὧν
684 1071 1179 1128 διαϐεϐαιώσασθαι
1212 1074 1312 1146 μὲν
1344 1075 1517 1142 οὓτως
1538 1078 1705 1148 ἔχειν,
1745 1080 1837 1136 τὸν

261 1162 335 1233 μὴ
358 1162 445 1217 διά
490 1162 590 1233 τῆς
623 1164 819 1235 πείρας
860 1164 1102 1236 μαθόντα
1129 1166 1239 1220 τῶν
1270 1169 1667 1240 ἱστορουμένων
1707 1172 1838 1243 περὶ

256 1253 418 1307 αὐτοῦ
464 1253 564 1325 τὴν
603 1254 880 1325 ἀλήθειαν,
934 1257 1205 1326 προπετὲς
1258 1257 1326 1311 ἂν
1354 1258 1438 1330 εἴη
1504 1261 1600 1314 καὶ
1645 1262 1836 1317 ἀνεπί-

1948 550 2070 605 quae
2099 553 2266 606 supra
2303 538 2462 593 [idem
2494 536 2810 592 auditorum
2853 537 3111 592 videntur
3160 552 3306 593 esse.
3355 535 3523 591 Aiunt

1945 628 2091 682 enim
2123 629 2169 685 si
2200 628 2364 683 fuerit
2392 630 2627 699 positum
2659 630 2714 683 in
2745 643 2840 685 ore
2888 628 3233 695 dormientis,
3276 643 3400 684 eum
3430 630 3522 699 qui

1946 717 2152 773 dormit
2190 719 2693 791 minimeimpediri
2725 720 3023 791 quominus
3068 720 3399 789 respondeat
3448 718 3514 773 ad

1945 826 2011 867 ea
2039 828 2164 883 quae
2194 814 2643 886 interrogantur;
2681 815 2775 871 sed
2800 821 2995 869 etcum
3018 828 3239 869 manere
3276 814 3330 867 in
3374 827 3522 868 some-

1944 918 2037 969 no,
2078 906 2401 977 sobriasque
2453 913 2507 961 et
2554 906 2622 961 ad
2667 906 2893 962 verbum
2948 920 3239 976 expressas
3294 903 3521 960 reddere

1959 998 2370 1067 responsiones.
2405 997 2480 1054 De
2504 999 2704 1069 quibus
2744 998 2963 1068 quidem
3017 996 3293 1052 afﬁrmare
3337 996 3412 1050 ita
3458 1011 3519 1052 se
3604 1068 3620 1079 ἦ

1942 1086 2165 1154 habere,
2202 1090 2311 1146 nisi
2342 1090 2470 1160 quis
2503 1105 2600 1161 per
2625 1091 3017 1159 experientiam
3052 1089 3308 1144 didicerit
3323 1102 3515 1142 eorum

1939 1194 2063 1249 quae
2090 1179 2158 1235 de
2189 1194 2255 1235 eo
2298 1190 2594 1235 narrantur
2646 1181 2953 1246 veritatem,
3009 1181 3356 1234 temerarium
3398 1178 3520 1236 fue-

1938 1270 2010 1323 rit
2037 1278 2092 1324 et
2127 1269 2614 1325 inconsideratum.
2682 1268 2786 1325 Sed
2845 1270 3100 1339 quoniam
3138 1269 3349 1323 ratione
3387 1282 3517 1338 qua-

259 1362 510 1400 σκεπτον.
534 1346 680 1417 Πλὴν
705 1348 1030 1421 ἀλλ”ὲπειδὴ
1062 1350 1206 1404 κατά
1236 1367 1358 1406 τινα
1391 1354 1651 1422 μυστικὸν
1678 1355 1820 1424 λόγοι

1938 1359 2062 1413 dam
2095 1363 2347 1432 mystica,
2387 1361 2492 1415 hoc
2535 1376 2753 1431 quoque
2800 1374 2989 1415 aroma
3037 1360 3269 1413 relatum
3323 1368 3407 1414 est
3456 1357 3510 1412 in

254 1436 589 1509 ὲνηριθμήθη
624 1438 701 1508 τῷ
734 1440 1021 1511 καταλόγῳ
1054 1440 1163 1494 τῶν
1193 1442 1507 1514 ἀκροδρύων
1550 1446 1641 1499 καὶ
1676 1447 1820 1501 τοῦτ(

1937 1464 2221 1503 numerum
2278 1464 2588 1520 pomorum,
2635 1464 2741 1504 non
2784 1464 2910 1503 vere
2960 1463 3196 1503 nascens
3245 1462 3308 1501 ex
3355 1446 3515 1501 malis

253 1529 312 1582 τὸ
340 1528 560 1601 ἄρωμα,
604 1531 704 1585 οὐκ
742 1532 958 1601 ἀληθῶς
989 1533 1129 1603 ῥοῶν
1165 1536 1517 1607 ἑκφυομένων
1540 1554 1551 1569 ·
1577 1539 1698 1593 οὐδὲ
1722 1540 1820 1612 γὰρ

1935 1542 2151 1611 punicis
2180 1541 2378 1611 (neque
2427 1542 2828 1597 enimsensiles
2877 1542 3166 1611 paradisos
3206 1539 3405 1594 emittit
3444 1553 3510 1593 ex

255 1618 419 1681 οὕτως
452 1620 746 1690 αἰσθητοὺς
776 1622 1140 1692 παραδείσους
1183 1623 1244 1676 τὺ
1275 1626 1448 1695 στόμα
1486 1627 1581 1697 τῆς
1612 1627 1820 1699 νύμφης

1933 1647 2027 1686 ore
2056 1635 2303 1702 sponsa),
2359 1632 2452 1688 sed
2487 1642 2545 1687 ut
2577 1631 2920 1688 consulendo
2972 1640 3228 1701 suggerat
3270 1630 3510 1699 aliquam

260 1712 496 1781 προΐεται
519 1729 531 1743 -
579 1712 695 1765 ἀλλ’
742 1711 883 1766 ὥστε
934 1713 1203 1785 σύμϐολον
1261 1715 1511 1784 γενέσθαι
1559 1719 1820 1790 νοήματός

1932 1723 2281 1789 sententiam,
2337 1738 2403 1778 ex
2432 1723 2500 1778 iis
2531 1737 2655 1792 quae
2689 1737 2910 1792 sponsa:
2959 1721 3252 1776 conferunt
3282 1720 3350 1775 ad
3394 1720 3511 1773 lau-

259 1819 388 1867 τινος
434 1802 543 1856 τῶν
582 1805 659 1868 είς
700 1802 917 1859 ἔπαινον
956 1805 1352 1859 συντελούντων
1382 1810 1447 1879 τῇ
1480 1809 1694 1881 νύμφῃ,
1726 1810 1820 1866 οὐκ

1931 1813 2075 1878 dem,
2112 1828 2223 1869 non
2256 1821 2401 1870 recte
2420 1812 2675 1868 existimo
2711 1828 2771 1868 se
2814 1812 3034 1877 habere,
3068 1812 3113 1866 si
3147 1826 3212 1867 ea
3253 1809 3512 1880 rejician-

258 1890 397 1965 οἶμαι
422 1896 603 1959 καλῶς
649 1897 795 1967 ἔχειν
820 1898 887 1952 τὰ
918 1898 1044 1969 περὶ
1082 1897 1176 1951 τοῦ
1217 1899 1572 1971 κινναμώμου
1604 1901 1827 1968 μυθολο-

260 1989 511 2060 γούμενα,
560 1988 735 2044 ταῦτά
782 2006 844 2043 τε
877 1989 913 2044 ἃ
948 1988 1043 2045 νῦν
1091 1991 1220 2063 περὶ
1265 1992 1428 2047 αὐτοῦ
1474 1992 1747 2064 διεξῆλθεν
1796 1996 1826 2049 ὁ

257 2077 395 2147 λόγος
414 2118 429 2140 ,
460 2079 557 2141 καὶ
586 2078 637 2131 εί
662 2095 716 2132 τι
751 2078 889 2146 μετὰ
918 2080 1125 2136 τούτων
1155 2081 1284 2136 ἄλλο
1313 2084 1426 2145 τοῖς
1459 2082 1526 2136 τὰ
1555 2083 1682 2154 περὶ
1723 2084 1823 2139 αὑ-

257 2169 336 2223 τοῦ
358 2168 735 2239 διηγουμένοις
760 2169 1016 2235 διεξιέναι
1038 2172 1207 2237 δοκεῖ,
1246 2173 1594 2245 παραλιπεῖν.

316 2259 523 2314 Γένοιτο
564 2261 633 2328 γά
643 2279 673 2333 ρ
698 2262 763 2316 ἄν
789 2278 873 2325 τις
909 2262 1047 2334 πρὸς
1068 2263 1159 2316 τὸν
1192 2264 1313 2318 κατ’
1342 2263 1542 2336 ἀρετὴν
1568 2264 1787 2320 ἔπαινον
1806 2306 1821 2329 ,

256 2350 313 2402 ὲκ
334 2350 435 2403 τῶν
466 2349 779 2422 λεγομένων
817 2352 1152 2424 συνεισφορά
1175 2354 1406 2408 ἑκάστου
1450 2354 1558 2408 τῶν
1588 2355 1823 2428 ιίστορη-

256 2438 438 2493 θέντων
485 2441 745 2512 εὐσήμως
816 2442 1366 2516 μεταλαμϐανομένου
1422 2444 1559 2517 πρὸς
1603 2445 1825 2513 ἔνδειξιν

256 2531 342 2598 τῆς
367 2530 459 2584 τοῦ
494 2531 612 2601 βίου
644 2533 765 2587 κατ’
803 2534 1008 2606 ἀρετὴν
1035 2535 1395 2606 τελειότητος.
1430 2537 1585 2590 Ἔστι
1616 2536 1725 2609 γὰρ
1765 2539 1822 2591 ἐν

255 2623 353 2681 τοῖς
398 2622 870 2694 πεπαιδευμένοις.
904 2642 964 2678 τε
1023 2625 1119 2679 καὶ
1174 2626 1607 2700 λελογισμένοις,
1664 2629 1823 2684 τοῦτο

258 2712 421 2783 εὑρεῖν
449 2714 506 2767 ἐν
542 2718 608 2785 τῇ
638 2716 784 2788 ψυχῇ
812 2716 872 2771 τὸ
914 2717 1298 2790 κιννάμωμον,
1324 2713 1354 2768 ὅ
1372 2737 1460 2774 ταν
1496 2738 1578 2785 τις
1612 2723 1726 2794 ἦτοι
1754 2722 1819 2777 δι’

260 2802 537 2876 ἐπιθυμίαν
585 2807 748 2873 ζέων,
784 2808 818 2880 ἢ
852 2809 931 2880 τῷ
972 2808 1128 2881 θυμῷ
1154 2809 1603 2883 πυρακτούμενος
1633 2813 1708 2884 τῷ
1734 2813 1819 2866 λο-

258 2897 421 2968 γισμῷ
445 2901 758 2974 κατασϐέσῃ
790 2901 857 2955 τὰ
892 2901 1042 2973 πάθη
1063 2918 1076 2932 ο
1107 2901 1140 2973 ἢ
1171 2903 1229 2956 ὲν
1268 2902 1347 2974 τῷ
1380 2903 1532 2974 ὕπνῳ
1576 2905 1669 2959 τοῦ
1700 2905 1816 2976 βίου

257 2986 334 3040 διὰ
370 2989 628 3061 στόματος
661 2991 801 3062 ἔχων
849 2992 910 3048 τὸ
937 2994 1198 3066 νηφάλιον
1240 2994 1401 3049 τοῦτο
1423 2995 1515 3049 τοῦ
1554 2996 1815 3069 λογισμοῦ

259 3081 606 3153 κιννάμωμον,
638 3084 1040 3156 παραπλησίως
1063 3088 1178 3149 τοῖς
1205 3086 1433 3151 ἀΰπνοις
1453 3103 1512 3139 τε
1536 3089 1629 3141 καὶ
1651 3089 1819 3159 ἐγρη-

1932 1913 2021 1961 tur
2070 1921 2191 1976 quae
2221 1914 2514 1960 narrantur
2547 1904 2615 1959 de
2659 1906 3007 1960 cinnamomo
3037 1921 3049 1956 :
3085 1904 3219 1967 hzec,
3261 1903 3506 1972 inquam,

1931 2013 2053 2067 qua:
2077 2010 2222 2053 nunc
2258 1997 2613 2052 narrantibus
2643 1996 2902 2052 videntur
2926 1994 3327 2066 persequenda.

1999 2256 2074 2311 Ex
2119 2257 2185 2313 iis
2223 2259 2366 2312 enim
2391 2273 2515 2329 quae
2544 2258 2822 2323 dicuntur,
2858 2257 3074 2313 videtur
3107 2256 3314 2326 aliquid
3345 2270 3508 2326 posse

1927 2349 2173 2407 conferri
2200 2351 2268 2405 ad
2301 2351 2520 2418 laudem
2553 2351 2793 2415 virtutis,
2827 2366 3160 2421 unoquoque
3184 2365 3252 2404 ex
3291 2348 3359 2405 iis
3380 2363 3504 2419 quae
3548 2395 3560 2408 .

1928 2450 2057 2497 sunt
2087 2442 2279 2507 relata,
2323 2448 2544 2512 sumpto
2603 2442 2670 2495 ad
2716 2439 3064 2495 indicandam
3109 2440 3233 2495 vita:
3276 2453 3398 2510 qua:
3438 2454 3507 2494 ex

1926 2536 2130 2590 virtute
2160 2535 2342 2607 agitur
2373 2534 2786 2605 perfectionem.
2835 2531 2894 2586 In
2945 2532 3015 2587 iis
3058 2531 3204 2587 enim
3239 2530 3331 2602 qui
3375 2536 3508 2584 sunt

1924 2625 2124 2681 eruditi
2153 2633 2207 2681 et
2236 2623 2594 2687 considerati,
2648 2623 2777 2678 licet
2803 2622 3050 2678 invenire
3088 2621 3499 2676 cinnamomum

1923 2720 1980 2774 in
2009 2718 2210 2782 anima,
2244 2717 2466 2789 quando
2490 2714 2761 2786 quispiam
2795 2713 2877 2769 vel
2908 2711 3127 2788 fervens
3176 2710 3501 2782 cupiditate,

1922 2810 2007 2865 vel
2034 2809 2115 2863 ira
2141 2822 2428 2872 accensus,
2460 2804 2675 2860 ratione
2705 2802 3035 2859 exstinxerit
3082 2802 3249 2855 animi
3287 2808 3507 2870 pertur-

1921 2902 2207 2966 bationes;
2269 2908 2365 2957 aut
2394 2899 2452 2954 in
2516 2911 2712 2955 somno
2752 2896 2877 2951 vitae
2924 2895 2980 2949 in
3018 2908 3115 2950 ore
3160 2892 3370 2949 habens
3413 2908 3501 2948 so-

1920 2994 2101 3048 brium
2145 2991 2310 3062 hujus
2343 2989 2575 3045 rationis
2608 2988 3039 3057 cinnamomum,
3089 2984 3501 3041 ostenditiner-

1920 3093 2133 3139 rantem
2168 3090 2221 3139 et
2256 3079 2610 3137 inconfusum
2661 3093 2884 3135 sensum
2915 3092 3106 3133 eorum
3151 3091 3273 3147 quae
3306 3076 3504 3132 dicun—

257 3169 453 3239 γορόσιν
498 3172 784 3241 ἀγγέλοις,
851 3174 1067 3246 ἀπλανῆ
1128 3178 1222 3230 καὶ
1255 3177 1564 3249 άσύγχυτον
1617 3179 1818 3234 ἐπιδει-

1925 3179 2030 3241 tur,
2090 3187 2185 3242 per
2242 3170 2518 3227 sermonis
2569 3168 2856 3260 veritatem
2918 3166 3142 3222 imitans
3189 3168 3498 3222 insomnem

259 3259 393 3313 κνύει
438 3262 531 3333 τὴν
585 3263 692 3318 τῶν
722 3263 1028 3335 λεγομένων
1067 3263 1338 3334 διάνοιαν,
1373 3266 1704 3338 μιμούμενος
1729 3268 1817 3324 διὰ

1925 3256 2714 3332 ιιιιςριοτυιηηησιυιοοηιπιυοε
2756 3256 3075 3313 necessario
3125 3256 3276 3310 nulla
3323 3256 3502 3328 phan-

256 3350 343 3421 τῆς
392 3353 649 3425 ἀληθείας
696 3355 792 3409 τοῦ
841 3356 1002 3424 λόγου
1028 3356 1125 3427 τὴν
1169 3357 1375 3411 ἄϋπνον
1426 3358 1535 3412 τῶν
1567 3360 1817 3427 ἀγγέλων

1925 3357 2057 3409 tasia
2096 3368 2160 3408 ac
2179 3353 2323 3411 visio
2360 3352 2601 3408 dimovet
2637 3365 2666 3404 a
2695 3349 2948 3417 veritate,
2988 3365 3053 3405 ex
3095 3350 3217 3419 ejus
3259 3365 3357 3405 ore
3385 3349 3499 3406 dici

254 3440 420 3509 φύσιν,
450 3444 544 3509 οὓς
570 3445 832 3516 οὐδεμιᾶς
860 3447 1164 3515 φαντασίας
1190 3448 1402 3519 ἀνάγκη
1430 3450 1527 3521 τῆς
1553 3449 1813 3520 ἀληθείας

252 3534 527 3607 ἐξίστησιν,
552 3531 706 3601 οὗτος
734 3536 946 3605 λέγοιτο
980 3536 1276 3608 ἀναὸρύειν
1303 3538 1391 3592 διά
1422 3537 1517 3592 τοῦ
1548 3540 1815 3611 στόματος

250 3624 304 3678 τὸ
342 3629 726 3700 κιννάμωμον·
772 3628 837 3683 δι’
872 3621 933 3681 οὗ
966 3629 1062 3684 καὶ
1093 3631 1125 3700 ἡ
1168 3630 1268 3700 τῆς
1297 3628 1593 3701 ἐπιθυμίας
1627 3631 1813 3704 πύρω-

244 3733 345 3783 σις,
385 3721 476 3773 καὶ
524 3722 559 3791 ἡ
608 3721 962 3794 περικάρδιος
1013 3722 1106 3777 τοῦ
1164 3723 1337 3795 θυμοῦ
1386 3725 1812 3779 κατασϐέννυται

240 3808 419 3875 ξέσις.
463 3813 559 3866 καὶ
616 3814 797 3884 πάσης
840 3812 939 3885 τῆς
987 3814 1128 3869 κατά
1170 3815 1260 3869 τὸν
1291 3815 1405 3886 βίον
1435 3816 1622 3871 τοῦτον
1670 3817 1811 3870 ὀνει-

240 3897 438 3970 ρὼδους
480 3904 781 3973 φαντασίας
808 3922 868 3957 τε
901 3907 996 3960 καὶ
1042 3905 1354 3977 συγχύσεως
1398 3906 1692 3977 καθαρεύει
1722 3905 1813 3978 ,τῷ

236 3992 400 4064 Mli?-
447 3994 553 4049 Καὶ
610 3996 802 4068 μηδεὶς
837 3998 973 4071 πρὸς
1021 3998 1083 4052 τὸ
1128 3998 1390 4053 ἀπίθανον
1449 3999 1661 4069 βλέπων
1703 3999 1811 4052 τῶν

239 4085 362 4155 περὶ
402 4087 495 4141 τοῦ
545 4088 903 4161 κινναμώμου
959 4090 1297 4161 λεγομένων,
1341 4090 1673 4144 διαϐαλλέτω
1721 4090 1812 4144 τὸν

237 4171 408 4245 λόγον.
437 4176 513 4241 ὡς
544 4178 645 4231 οὐκ
673 4179 735 4232 ἐκ
764 4179 872 4233 τῶν
906 4180 1123 4251 ἀληθῶν
1155 4181 1500 4253 προσάγοντα
1523 4184 1589 4253 τῇ
1623 4181 1812 4254 νύμφῃ

236 4262 322 4315 τὸν
350 4264 591 4320 ἔπαινον.
645 4263 768 4321 υῐδε
808 4269 917 4342 γὰρ
951 4269 1210 4336 πολλάκις
1242 4273 1276 4342 ἡ
1307 4272 1439 4341 άγία
1481 4272 1670 4343 Γραφὴ
1716 4271 1810 4326 καὶ

240 4352 434 4420 μύθους
462 4354 617 4420 τινὰς
666 4357 730 4410 ἐκ
758 4358 865 4411 τῶν
900 4358 1096 4424 ἔξωθεν
1130 4361 1696 4433 συμπαραλαμϐάνειν
1730 4363 1810 4426 είς

233 4444 320 4516 τὴν
344 4445 437 4499 τονΞ
480 4447 612 4500 ίδίου
645 4449 849 4502 σκοποῦ
886 4452 1209 4523 συνεργίαν,
1241 4453 1335 4506 καὶ
1364 4453 1808 4524 ἀνεπαισχύντως

224 4531 282 4590 ἐκ
300 4538 408 4609 τῆς
433 4538 670 4609 μυθικῆς
690 4540 926 4611 ἱστορίας
944 4543 1223 4614 ὀνομάτων
1248 4562 1352 4615 μνη
1362 4544 1608 4615 μονεύειν
1624 4544 1806 4608 τινῶν,

214 4627 293 4691 είς
334 4629 740 4700 ἐναργεστέραν
781 4630 1003 4698 ἔνδειξιν
1050 4632 1142 4686 τοῦ
1186 4632 1544 4705 προκειμένου
1600 4635 1806 4706 νοήμα-

197 4728 321 4784 τος·
359 4718 439 4782 ὡς
462 4720 557 4772 ἐπὶ
583 4720 690 4773 τῶν
719 4720 808 4774 τοῦ
841 4721 960 4775 ’1ὼὸ
990 4722 1305 4793 θυγατέρων
1327 4725 1388 4778 τὸ
1412 4724 1607 4789 κάλλος
1637 4726 1809 4797 ὑπερ-

179 4800 511 4883 θαυμάσας
532 4813 559 4862 ό
587 4811 764 4880 λόγος,
780 4813 873 4866 καὶ
895 4813 983 4867 διὰ
1007 4815 1113 4868 τῶν
1144 4817 1424 4887 ὀνομάτων
1446 4815 1542 4886 τὴν
1571 4815 1808 4888 ὑπερϐο⁴

156 4889 303 4973 liv
322 4900 430 4954 τοῦ
454 4902 583 4972 περὶ
606 4903 783 4956 αὐτῶν
812 4902 1090 4972 θαύματος
1115 4907 1435 4971 ἐνεδείξατο,
1467 4906 1642 4976 λέγων
1663 4922 1676 4936 ·
1710 4906 1808 4979 τὴν

138 4994 306 5048 μὲν
354 4990 608 5062 Ἣμέραν
628 4991 900 5061 λέγεσθαι.
923 4993 1019 5064 τὴν
1035 4994 1091 5047 δὲ
1119 4995 1381 5061 Κασσίαν,
1403 4996 1497 5068 τὴν
1526 4996 1582 5051 δὲ
1601 4996 1810 5067 τρίτην,

140 5070 263 5135 ἀξξ
276 5082 565 5153 μαλθείας
597 5084 800 5154 Κέρας.
834 5084 1004 5137 Τοῦτο
1031 5085 1087 5139 δὲ
1120 5089 1280 5141 παντὶ
1316 5088 1470 5159 δῆλόν
1514 5089 1680 5149 ἐστιν,
1731 5087 1814 5142 ὅτι

108 5178 151 5253 ξι
237 5173 396 5236 ὖθος
453 5171 762 5244 Ἐλληνικὸς
812 5175 1013 5231 ἔπλασε
1064 5178 1126 5231 τὸ
1161 5180 1299 5234 κατὰ
1332 5180 1430 5253 τὴν
1484 5179 1811 5251 Ἀμάλθειαν

111 5248 191 5303 ἷὲι
254 5265 499 5333 inuita,
532 5265 597 5335 ἢν
622 5260 756 5334 αἶγα
783 5262 949 5320 οὖσαν
980 5270 1175 5340 τροφὸν
1202 5248 1455 5338 γενέσθαι
1480 5248 1571 5324 τού
1595 5273 1815 5342 Κρητξς

178 5344 437 5409 Χδιιείνου
466 5355 876 5427 μυθολογοῦσιν,
909 5356 977 5432 ἧς
1001 5360 1093 5414 τοῦ
1122 5362 1238 5425 ἐνὸς
1264 5363 1587 5426 ἐκπεσόντος
1612 5363 1808 5435 κέρως.

233 5440 413 5516 βρύειν
448 5455 513 5506 ὲκ
532 5454 625 5507 τοῦ
661 5455 839 5508 κοίλου
865 5457 965 5526 τὴν
997 5455 1354 5527 παγκαρπίαν
1375 5456 1403 5507 ὁ
1436 5452 1603 5525 μῦθος
1625 5451 1811 5523 ἐποίη-

231 5550 347 5593 σεν.
379 5538 509 5616 Ἀρ*
539 5540 632 5599 οὖν
668 5547 950 5601 ἐπίστευσε
1002 5551 1111 5611 τοῖς
1160 5546 1287 5618 περὶ
1344 5548 1439 5618 τῆς
1485 5543 1809 5617 Ἀμαλθείας

306 5714 350 5746 ’³
379 5718 484 5775 Job
507 5735 656 5787 xui,
678 5720 770 5779 ll.

1919 3453 2098 3513 potest
2144 3452 2411 3515 tanquam
2442 3459 2474 3498 e
2519 3441 2854 3513 scaturigine
2889 3439 3170 3496 effundere
3210 3441 3501 3497 cinnamo-

1920 3552 2068 3590 mum
2108 3552 2245 3606 :per
2274 3534 2418 3606 quod
2453 3543 2508 3589 et
2542 3531 2706 3588 ardor
2749 3531 3069 3604 cupiditatis
3102 3533 3497 3604 exstinguitur,

1915 3638 1970 3683 et
1998 3628 2092 3683 ira:
2109 3627 2255 3682 circa
2280 3641 2379 3681 cor
2409 3625 2675 3689 ebullitio,
2714 3632 2769 3681 et
2805 3625 2920 3693 ipse
2941 3631 3026 3679 est
3055 3639 3228 3693 purus
3282 3625 3499 3679 ratione

1916 3721 1985 3776 ab
2019 3718 2168 3776 omni
2199 3733 2320 3786 quae
2361 3724 2448 3774 est
2484 3717 2666 3772 instar
2720 3715 2922 3771 somnii
2973 3713 3206 3769 confusa
3259 3715 3490 3769 visione.

1915 3811 2087 3867 Nemo
2150 3817 2333 3865 autem
2395 3806 2738 3864 incredibilia
2778 3807 2884 3862 ist'a
2944 3820 3067 3862 esse
3108 3804 3492 3870 considerans,

1913 3920 2034 3973 quae
2062 3900 2324 3957 dicuntur
2353 3898 2420 3955 de
2446 3899 2829 3961 cinnamomo,
2863 3895 3168 3952 orationem
3200 3894 3496 3966 reprehen-

1914 3994 2030 4059 dat,
2062 4000 2123 4047 ut
2151 4007 2271 4062 quae
2299 4006 2363 4047 ex
2401 3991 2469 4046 iis
2494 4003 2617 4061 quae
2639 4002 2750 4043 non
2783 3995 2913 4045 sunt
2932 4001 3083 4049 vera,
3118 4000 3338 4057 sponsae
3374 3984 3494 4038 lau-

1913 4085 2038 4139 dem
2085 4084 2307 4139 tribuat.
2367 4079 2519 4137 Solet
2573 4079 2723 4135 enim
2770 4093 2915 4148 saepe
2964 4086 3159 4139 sancta
3204 4074 3492 4146 Scriptura

1913 4176 2077 4231 etiam
2132 4174 2200 4229 ab
2233 4172 2478 4230 externis
2528 4169 2743 4226 fabulas
2783 4169 3033 4240 accipere
3077 4167 3145 4223 ad
3191 4181 3348 4238 opem
3390 4180 3493 4222 suo

1914 4278 2081 4334 scopo
2112 4261 2418 4326 ferendam,
2467 4266 2523 4315 et
2555 4259 2691 4315 citra
2723 4257 2989 4329 pudorem
3022 4256 3341 4312 meminisse
3382 4254 3488 4308 ali-

1913 4371 2145 4429 quorum
2167 4354 2448 4410 nominum
2478 4352 2543 4406 ad
2572 4366 2793 4407 sensum
2823 4348 3162 4419 propositum
3182 4346 3491 4403 evidentius

1914 4447 2293 4511 indicandum,
2329 4446 2474 4501 sicut
2500 4444 2554 4497 in
2583 4442 2803 4497 ﬁliabus
2831 4439 2956 4505 Job,
2982 4454 3217 4510 quarum
3241 4438 3489 4508 pulchri-

1918 4541 2161 4596 tudinem
2190 4539 2364 4593 oratio
2398 4551 2564 4607 supra
2608 4534 2830 4589 modum
2879 4532 3135 4596 laudans,
3183 4531 3349 4586 etiam
3393 4545 3492 4601 per

1919 4634 2138 4689 nomina
2175 4630 2417 4687 ostendit
2458 4628 2733 4686 excellens
2765 4642 2954 4683 earum
3008 4625 3355 4689 miraculum,
3401 4625 3492 4679 di-

1922 4740 2075 4789 cens,
2104 4738 2267 4778 unam
2318 4722 2536 4792 quidem
2588 4719 2697 4775 dici
2742 4719 2915 4783 Diem,
2964 4717 3189 4772 alteram
3222 4729 3352 4770 vero
3388 4713 3492 4771 Ca-

1920 4811 2312 4878 siam,tertiam
2339 4819 2517 4864 autem
2547 4808 2734 4864 Cornu
2765 4807 3061 4863 Amaltheae
3084 4806 3152 4860 ".
3172 4804 3288 4861 lloc
3310 4815 3491 4861 autem

1919 4909 2003 4956 est
2046 4900 2219 4955 cuivis
2264 4900 2639 4969 perspicuum,
2664 4896 2809 4967 quod
2849 4895 2917 4951 de
2960 4895 3260 4950 Amaltheae
3309 4894 3492 4951 fabula

1922 4991 2109 5047 Graeca
2138 4988 2403 5044 conﬁnxit
2440 4989 2836 5053 narrationem,
2874 5001 3038 5057 quam
3068 5001 3192 5042 cum
3223 4996 3372 5042 esset
3403 5000 3496 5042 ea-

1918 5101 2041 5156 pra,
2083 5080 2400 5135 fabulantur
2446 5079 2623 5134 fuisse
2665 5079 2938 5134 nutricem
2996 5078 3144 5133 illius
3183 5075 3482 5143 Cretensis,

1917 5174 2074 5244 cujus
2106 5189 2229 5229 cum
2253 5185 2422 5241 cor‘nu
2446 5170 2757 5231 cecidisset,
2788 5168 2970 5224 rabula
2998 5166 3127 5222 fecit
3144 5181 3212 5222 ex
3243 5178 3491 5221 concavo

1916 5267 2085 5324 ﬂuere
2115 5280 2276 5322 omne
2303 5279 2478 5335 genus
2520 5261 2735 5333 frugum
2791 5276 2854 5316 ac
2905 5258 3187 5315 fructuum
3249 5260 3487 5329 copiam.

1917 5359 2056 5415 Num
2092 5358 2259 5430 igitur
2288 5354 2519 5411 credidit
2546 5362 2736 5410 sancta
2767 5353 3051 5422 Scriptura
3087 5351 3156 5405 iis
3206 5364 3330 5421 quae
3359 5363 3489 5402 nar—

1918 5459 2110 5506 rantur
2164 5449 2233 5504 de
2280 5446 2609 5501 Amalthea?
2651 5443 3030 5514 Nequaquam,
3081 5442 3177 5497 sed
3225 5441 3348 5494 ﬁiiaa
3387 5434 3489 5492 Job

1917 5541 2099 5599 ferens
2134 5538 2534 5601 testimonium,
2576 5534 2722 5605 quod
2763 5541 2909 5591 esset
2972 5530 3318 5587 feracissima
3365 5540 3488 5583 om-
