3948 6192
502 283 603 340 9'75

1718 278 1773 330 S.
1817 271 2140 330 GREGORII
2182 272 2463 327 NYSSEM

3591 278 3677 335 976

501 401 650 451 nium
681 408 799 464 quae
830 402 955 448 sunt
982 407 1046 447 ex
1081 393 1278 448 virtute
1309 392 1598 452 bonorum,
1628 407 1720 460 per
1741 391 1841 443 hoc
1869 404 2064 443 nomen

2193 389 2673 460 ιυοολογουμένοις
2714 390 2747 461 ἡ
2798 388 2928 456 ἁγία
2971 385 3198 456 Γραφής
3251 384 3342 439 οὐκ
3370 385 3470 440 ἐστι
3513 389 3678 454 ταῦτα,

505 486 559 541 id
591 485 832 541 ostendit
863 504 877 540 :
907 485 1043 540 adeo
1075 492 1134 539 ut
1158 484 1251 554 qui
1283 496 1367 539 est
1391 482 1831 539 considerantius
1847 481 2073 535 audiens

503 575 867 647 Scripturam,
919 576 1096 631 solum
1163 573 1343 630 laudis
1403 590 1630 645 scopum
1693 573 1962 643 intelligat
2007 586 2074 626 ex

501 670 742 733 neruine,
800 667 1076 722 fabulosas
1128 675 1308 722 autem
1358 682 1531 738 nugas
1562 665 1750 735 jubeat
1787 665 1989 727 valere,
2025 671 2080 716 et

501 761 786 815 audientes
813 761 1015 815 casiam
1043 769 1098 815 et
1133 759 1298 824 diem,
1330 774 1507 829 neque
1527 757 1878 812 aromaticam
1905 763 2078 810 mate-

502 855 657 917 riam,
687 868 866 923 neque
897 853 1028 908 solis
1073 865 1296 905 cursum
1347 865 1513 920 supra
1556 857 1781 911 terram,
1833 861 1928 917 per
1963 847 2077 900 haec

501 945 719 1000 nomina
745 944 1057 1007 didicimus,
1089 942 1182 998 sed
1210 943 1333 996 vita:
1353 956 1542 997 earum
1573 956 1640 995 ex
1674 941 1877 994 virtute
1909 952 2076 1008 agen-

499 1036 582 1091 da!
635 1037 1004 1090 ostensionem
1051 1035 1288 1089 dicimus
1324 1034 1547 1088 nomina
1590 1031 2077 1102 comprehendere.

501 1129 744 1194 Quorum
775 1129 935 1182 Casia
965 1127 1124 1182 nobis
1164 1126 1406 1181 ostendit
1435 1125 1739 1180 studiorum
1768 1125 1891 1177 vita:
1923 1123 2076 1192 puri-

500 1229 667 1276 tatem
697 1228 750 1275 et
780 1221 981 1275 bonum
1022 1219 1246 1274 odorem
1282 1236 1294 1274 :
1334 1217 1460 1273 Dies
1513 1226 1695 1272 autem
1735 1217 2076 1272 honestatem

501 1327 565 1366 ac
598 1313 872 1374 decorem,
915 1312 1059 1366 sicut
1107 1310 1240 1364 dicit
1278 1311 1570 1380 Apostolus
1590 1311 1657 1374 ”,
1694 1324 1790 1364 eos
1821 1309 1912 1378 qui
1950 1322 2084 1378 pure

500 1404 686 1458 vivunt
713 1405 982 1458 nominari
1012 1404 1151 1457 lilios
1183 1402 1340 1466 lucis,
1374 1411 1426 1456 et
1457 1402 1599 1455 ﬁlios
1629 1401 1760 1456 diei.

2173 480 2307 534 ἀλλὰ
2334 482 2393 532 τὸ
2435 481 2722 551 πάμφορον
2763 478 2872 532 τῶν
2908 479 3030 531 κατ’
3057 475 3258 547 ἀρετὴν
3289 475 3487 544 ἀγαθῶν
3515 495 3686 549 μαρτν.

2176 572 2346 644 ροῦσα
2375 575 2443 643 τῇ
2471 572 2699 642 θυγατρὶ
2725 570 2819 624 τοῦ
2860 569 3001 632 Ἰὼϐ,
3035 567 3125 620 διὰ
3151 567 3242 620 τοῦ
3272 567 3510 636 ὀνόματος
3533 569 3683 624 τούτου

2176 664 2539 734 παρίστησιν·
2596 662 2737 715 ὥστε
2790 661 2880 716 τὸν
2928 659 3324 728 λελογισμένως
3368 658 3458 728 τῆς
3507 659 3688 729 Γραφῇ

2178 757 2458 818 ἐπαΐοντα,
2505 755 2596 808 τὸν
2648 755 2848 808 σκοπὸν
2897 754 2992 806 τοῦ
3023 753 3247 805 ἐπαίνου
3274 753 3449 820 νοῆσαι
3491 751 3623 820 μόνον
3646 755 3690 804 ὲκ

2177 848 2272 901 τοῦ
2315 849 2610 918 ὀνόματος,
2661 848 2760 910 τὰς
2811 846 2870 899 δὲ
2937 845 3175 917 μυθικὰς
3223 843 3491 913 τερατείας
3526 843 3694 912 χαίρειν

2179 941 2370 1004 ἐᾶσαι,
2423 938 2497 1000 ὡς
2545 938 2638 990 καὶ
2688 938 2785 1010 τὴν
2828 939 3058 992 κασσίαν
3091 937 3185 990 καὶ
3225 936 3319 1006 τὴν
3346 933 3538 1004 ἡμέραν
3568 932 3698 984 ἁκού-

2181 1046 2370 1090 σαντες
2389 1070 2406 1094 ,
2432 1027 2555 1081 οὔτε
2602 1030 2701 1100 τὴν
2753 1028 3112 1101 ἁρωματικὴν
3162 1027 3314 1096 ὓλην,
3340 1024 3455 1078 οὕτε
3486 1024 3563 1076 τὸν
3589 1023 3702 1092 ὑπὲρ

2179 1122 2286 1192 γῆς
2318 1123 2412 1176 τοῦ
2441 1123 2594 1194 ἡλίου
2626 1123 2846 1194 δρόμον,
2880 1121 2970 1175 διὰ
2994 1122 3105 1174 τῶν
3139 1118 3414 1189 ὀνομάτων
3445 1114 3701 1185 ἐμάθομεν·

2190 1214 2324 1269 ἀλλά
2353 1215 2450 1284 τῆς
2493 1218 2613 1269 κατ’
2656 1215 2858 1287 ἀρετὴν
2904 1213 3083 1268 αὐτῶν
3117 1210 3387 1272 πολιτείας
3417 1207 3612 1272 ἔνδειξιν
3634 1222 3707 1256 πε-

2195 1303 2394 1375 ριέχειν
2425 1307 2602 1376 φαμὲν
2631 1307 2699 1358 τὰ
2733 1307 2989 1376 ὀνόματα.
3020 1299 3123 1356 ’Ὧν
3157 1304 3189 1373 ἡ
3221 1302 3318 1372 μὲν
3349 1299 3548 1353 Κασσία
3567 1296 3618 1348 τὸ
3633 1312 3710 1348 κα-

2192 1397 2401 1468 οαρώτε
2413 1417 2502 1468 ρον
2531 1400 2626 1453 καὶ
2663 1400 2858 1463 εὑῶδες
2891 1397 3000 1451 τῶν
3029 1395 3470 1466 ἐπιτηδευμάτων
3493 1388 3713 1442 ἐνδείκνυο

500 1513 619 1553 ται·
649 1501 682 1568 ἡ
709 1498 764 1550 δὲ
815 1495 1028 1566 Ἡμέρα
1059 1495 1119 1548 τὸ
1151 1494 1446 1566 εὔσχημον,
1476 1494 1657 1558 καθώς
1687 1509 1850 1563 φησιν
1881 1494 1909 1544 ό
1959 1490 2278 1554 Ἀπόστολος
2299 1535 2311 1554 ,
2352 1495 2480 1555 τοὺς
2514 1493 2769 1565 καθαρῶς
2818 1491 3159 1562 βιοτεύοντας
3224 1489 3388 1542 τέκνα
3434 1483 3592 1554 φωτὸς
3642 1476 3717 1533 κειι

502 1595 650 1658 υἱοὺς
675 1593 886 1665 ἡμέρας
913 1590 1401 1660 κατονομάζεσοαι.

571 1690 648 1743 lta
686 1689 773 1742 hic
811 1702 1028 1756 quoque
1059 1686 1122 1739 ad
1170 1684 1384 1739 laudem
1424 1700 1642 1769 sponsa:
1674 1700 1781 1738 nan
1818 1691 1946 1739 sunt
1992 1681 2073 1734 in-
2107 1688 2146 1740 Β

505 1779 682 1838 utilia,
733 1792 858 1846 qum
891 1775 1151 1829 dicuntur
1177 1774 1244 1829 de
1274 1776 1630 1828 cinnamomo
1685 1789 1778 1844 per
1819 1773 2080 1841 tropieam

502 1863 921 1940 eXpositionem,
979 1867 1025 1920 si
1066 1873 1358 1919 sumantur
1404 1864 1471 1918 ad
1503 1873 1886 1935 argumentum
1917 1876 2086 1916 enco-

504 1963 760 2015 miorum.
801 1957 903 2023 Qui
936 1967 1117 2012 autem
1148 1957 1483 2024 jam-tantus
1518 1957 1718 2020 evasit,
1760 1965 1813 2010 et
1838 1955 1905 2008 ad
1946 1955 2083 2008 hanc

501 2052 878 2108 encomiorum
908 2050 1018 2120 jam
1054 2051 1300 2117 pervenit
1333 2048 1706 2110 altitudinem,
1739 2047 1937 2101 divinae
1957 2048 2086 2100 ima-

504 2149 648 2216 ginis
677 2147 730 2200 in
769 2161 828 2202 se
866 2135 1108 2200 ostendit
1141 2158 1236 2212 per
1272 2143 1454 2196 omnia
1489 2141 1690 2211 ﬁguras
1717 2149 1771 2194 et
1801 2141 2082 2194 characte-

503 2255 610 2295 res.
652 2237 765 2291 lloc
796 2237 942 2291 enim
982 2234 1222 2290 ostendit
1249 2233 1439 2288 dicens
1479 2250 1492 2286 :
1544 2231 1626 2284 Ea:
1651 2234 1893 2286 omnibus
1929 2233 2085 2302 lignis

503 2330 712 2384 Libani.
740 2327 857 2381 Non
883 2343 1005 2382 esse
1031 2327 1177 2381 enim
1225 2326 1498 2379 uniforme
1530 2327 1735 2396 lignum
1784 2324 1976 2379 Libani
2000 2325 2082 2378 di—

503 2431 633 2477 cunt
663 2421 756 2492 qui
787 2420 903 2474 haec
946 2421 1331 2484 observarunt,
1375 2418 1517 2473 unde
1549 2419 1674 2472 thus
1718 2417 1858 2481 ﬁuit,
1905 2419 2000 2472 sed
2031 2418 2083 2470 in

504 2515 668 2586 lignis
702 2529 825 2569 esse
861 2511 1247 2578 differentiam,
1293 2527 1413 2582 qua!
1461 2513 1688 2582 ﬁguram
1717 2512 1984 2565 aromatis
2014 2510 2083 2565 si-

504 2607 616 2661 tnul
653 2609 825 2660 variat
851 2620 975 2658 cum
1009 2603 1182 2656 forma
1215 2603 1367 2673 ligni.
1423 2603 1528 2669 Qui
1572 2619 1703 2674 ergo
1740 2603 1795 2657 in
1830 2603 2086 2658 omnibus

505 2698 628 2750 vita:
662 2695 864 2751 studiis
899 2695 1031 2748 inse
1051 2694 1327 2763 signiﬁcat
1357 2692 1557 2748 divina:
1605 2694 1796 2749 forum
1833 2695 2086 2750 similitu-

503 2787 708 2851 dinem,
742 2787 796 2840 in
834 2802 894 2841 se
939 2786 1179 2840 ostendit
1210 2784 1676 2854 pulchritudinem
1737 2787 1980 2840 omnium
2022 2787 2082 2838 li-

503 2895 735 2949 gnorum
780 2877 995 2940 Libani,
1030 2892 1123 2946 per
1152 2892 1272 2946 qua:
1307 2875 1635 2946 exprimitur
1667 2875 1842 2930 forma
1871 2877 2078 2931 divina.

504 2968 674 3026 Nemo
703 2969 849 3024 enim
905 2968 962 3024 ﬁt
984 2967 1077 3023 Dei
1119 2967 1306 3039 gloria:
1339 2968 1641 3038 particeps.
1693 2969 1785 3038 qui
1815 2983 1923 3022 non
1972 2969 2083 3021 [tie-

505 3064 574 3118 rit
594 3062 829 3134 primum
849 3061 1154 3118 conformis
1180 3060 1534 3115 similitudini
1554 3060 1770 3114 mortis.
1790 3060 2085 3130 Propterea

501 3157 607 3210 hoc
638 3170 857 3227 quoque
894 3155 1026 3208 dicit
1063 3153 1181 3208 laus
1216 3153 1270 3206 in
1307 3152 1564 3222 catalogo
1590 3161 1921 3217 aromatum,
1943 3152 2085 3222 quod

503 3247 772 3302 malorum
825 3246 1150 3316 punicarum
1199 3259 1356 3314 poma
1410 3251 1540 3298 sunt
1588 3253 1785 3298 castora
1843 3253 2088 3298 aromata

505 3355 626 3410 qua:
659 3337 946 3409 Scriptura
983 3336 1285 3399 recensuit,
1331 3346 1384 3390 et
1433 3350 1558 3390 cum
1609 3335 1692 3391 eis
1733 3344 1817 3392 est
1869 3335 2090 3407 myrrha

504 3440 560 3488 et
589 3433 728 3497 aloe,
758 3443 811 3486 et
849 3431 1018 3500 prima
1070 3435 1370 3500 unguenta.
1416 3427 1646 3484 Videtur
1689 3427 1862 3494 enim,
1899 3427 2090 3482 dicens

507 3540 631 3581 cum
684 3523 905 3594 myrrha
957 3532 1010 3578 et
1043 3522 1182 3587 aloe,
1226 3521 1518 3576 ostendere
1561 3520 1856 3590 sepultura:
1913 3520 2092 3575 socie-

507 3627 696 3684 tatem,
727 3619 870 3672 sicut
893 3616 1130 3672 sublime
1160 3613 1294 3669 dicit
1324 3613 1679 3684 livangelium
1701 3613 1770 3677 ⁸³,
1822 3613 1966 3683 quod
1997 3628 2092 3682 per

508 3712 622 3767 lucc
654 3709 798 3764 facta
831 3717 916 3764 est
957 3707 1238 3778 sepultura
1279 3705 1403 3775 ejus
1439 3706 1534 3774 qui
1572 3705 1815 3776 gustavit
1859 3719 1958 3773 pro
1994 3718 2092 3756 no-

508 3805 592 3861 bis
621 3813 874 3858 mortcm.
919 3800 1022 3856 Per
1058 3802 1232 3871 prima
1271 3807 1451 3853 autem
1489 3808 1766 3870 unguenta
1799 3796 2086 3867 Scriptura

509 3897 754 3954 ostendit
791 3873 1085 3964 puritatem
1118 3902 1172 3947 et
1207 3891 1583 3946 sinceritatem
1610 3889 1677 3943 ab
1709 3889 1860 3942 oumi
1909 3887 2090 3956 pravi-

513 3996 622 4042 tate
647 3983 1062 4055 cauponatoria,
1089 3983 1231 4037 sicut
1256 3981 1424 4036 Amos
1456 3981 1522 4035 iis
1556 3979 1650 4051 qui
1680 3995 1739 4034 se
1769 3976 2085 4047 hujusmodi

513 4080 733 4150 explent
795 4076 1006 4132 deliciis
1054 4075 1170 4129 haec
1217 4073 1433 4143 objicit,
1490 4073 1681 4127 dicens
1715 4090 1728 4126 :
1760 4071 1864 4138 Qui
1919 4071 2093 4123 vinum

516 4169 696 4224 bibunt
721 4167 1070 4239 percolatunt,
1095 4175 1144 4218 et
1188 4174 1456 4234 unguntur
1495 4163 1680 4231 primis
1717 4161 1994 4232 unguentis
2016 4161 2092 4213 ⁹δξ

513 4270 568 4317 et
613 4269 772 4317 antea
809 4280 821 4315 :
855 4259 960 4324 Qui
1012 4255 1314 4322 comedunt,
1363 4255 1563 4324 inquit,
1600 4253 1775 4307 Ita-dos
1829 4267 1892 4305 ex
1924 4269 2092 4321 grege,

2248 1678 2435 1741 Οὕτως
2472 1674 2564 1732 οὖν
2607 1678 2700 1730 καὶ
2739 1676 2974 1731 ἐνταῦθα
3021 1675 3121 1729 οὐκ
3151 1672 3424 1742 ἀσυντελῆ
3458 1670 3582 1742 πρὸς
3621 1669 3719 1729 τοὺς

2185 1772 2438 1834 ἐπαίνους
2460 1771 2556 1841 τῆς
2574 1770 2792 1840 νύμφης
2811 1769 2927 1822 ἐστὶ
2953 1769 3021 1821 τὰ
3041 1784 3106 1820 πε
3116 1767 3168 1839 pl.
3191 1764 3288 1818 τοῦ
3316 1761 3637 1832 κινναμώμου
3653 1757 3718 1808 διὰ

2184 1863 2283 1934 τῆς
2306 1866 2573 1934 τροπικῆς
2597 1859 2909 1933 ἐξηγήσεως
2936 1856 3464 1930 μεταλαμϐανόμεναι
3490 1854 3561 1915 εἱς
3588 1853 3720 1918 ἐγκωο

2189 1956 2327 2026 μίων
2377 1956 2652 2010 ὑπόθεσιν.
2701 1955 2758 2008 Ὁ
2785 1955 2842 2008 δέ
2877 1951 3131 2014 τοσοῦτος
3173 1950 3279 2022 ἤδη
3320 1947 3620 2018 γενόμενος,
3649 1941 3719 1996 καὶ

2189 2048 2320 2119 πρὸς
2349 2049 2507 2102 τοῦτο
2555 2048 2766 2117 φθάσας
2803 2048 2910 2100 τῶν
2949 2043 3246 2114 ἐγκωμίων
3295 2041 3355 2094 τὸ
3383 2039 3512 2108 ὕψος
3547 2036 3625 2090 διὰ
3650 2033 3719 2088 τοῦ

2191 2141 2324 2210 βίου,
2366 2140 2451 2194 διὰ
2503 2141 2721 2196 πάντων
2766 2139 2865 2210 τῆς
2907 2137 3059 2200 Θείας
3090 2135 3298 2197 εἰκόνος
3333 2132 3413 2201 ἐφ’
3445 2126 3617 2183 ἐαυτοῦ
3639 2122 3721 2177 δεί-

2189 2253 2342 2289 κνυσι
2400 2236 2526 2297 τοὺς
2575 2233 2944 2305 χαρακτῆρας.
2997 2229 3169 2284 Τοῦτο
3215 2228 3329 2299 γὰρ
3382 2219 3726 2279 ἐνδείκνυταιὸ

2189 2329 2394 2382 εἰπών’
2460 2329 2541 2380 ὅτι
2601 2325 2734 2380 Ἀπὸ
2785 2323 3026 2377 πάντων
3069 2322 3280 2386 ξύλων
3332 2317 3437 2371 τοῦ
3491 2312 3724 2369 Λιϐάνου.

2189 2421 2262 2473 υύ
2308 2421 2416 2491 γὰρ
2456 2416 2722 2489 μονοειδὲς
2755 2415 2848 2469 τού
2891 2415 3125 2469 Λιϐάνου
3165 2412 3230 2466 τὸ
3265 2410 3418 2476 ξύλον
3450 2404 3727 2470 εἶναίφασιν

2189 2517 2237 2567 ot
2287 2514 2355 2566 τὰ
2392 2513 2617 2566 τοιαῦτα
2670 2511 3185 2582 παρατηρήσαντες,
3237 2506 3360 2559 ὅθεν
3408 2503 3435 2553 ὁ
3479 2492 3730 2554 λιϐανωτὸς

2189 2605 2476 2676 ἀπορρέει,
2533 2602 2645 2656 ἀλλ’
2677 2581 2793 2655 ἐστί
2826 2618 2908 2664 τις
2955 2602 3012 2651 ἐν
3058 2600 3172 2661 τοῖς
3225 2595 3404 2661 ξύλοις
3432 2587 3658 2659 διαφορὰ,
3684 2581 3732 2635 τὸ

2187 2699 2280 2752 τοῦ
2331 2697 2623 2769 ἁρὼματος
2657 2696 2855 2765 ’σχῆμα
2894 2691 2972 2762 τῷ
3005 2691 3134 2743 εἴδει
3164 2687 3264 2740 τού
3317 2685 3470 2750 ξύλου
3520 2677 3732 2741 συνεξαλ-

2189 2791 2480 2844 λάσσουσα.
2521 2789 2578 2841 '0
2621 2787 2802 2840 τοίνυν
2853 2787 2909 2838 ἐν
2945 2785 3080 2837 πᾶσι
3109 2783 3225 2844 τοῖς
3262 2774 3636 2846 ἐπιτηδεύμασι
3660 2767 3731 2820 τοῦ

2192 2882 2308 2952 βίου
2349 2879 2724 2950 ἐπισημαίνων
2760 2876 2938 2946 ἐαυτῷ
2989 2875 3048 2928 τὸ
3089 2875 3366 2938 Θεοειδές,
3415 2873 3615 2926 πάντων
3652 2868 3734 2920 δεί-

2190 2991 2378 3026 κνυσιν
2414 2976 2470 3026 ἐν
2499 2971 2676 3042 ἐαυτῷ
2708 2970 2813 3025 τῶν
2842 2969 2936 3022 τού
2979 2967 3217 3021 Λιϐάνου
3254 2967 3426 3034 ξύλων
3458 2966 3514 3018 τὸ
3546 2962 3733 3024 κάλλος,

2191 3068 2256 3120 δι’
2286 3061 2359 3120 ὧν
2401 3067 2460 3120 τὸ
2506 3067 2645 3120 Οεῖον
2686 3061 2824 3127 εἶδος
2864 3063 3360 3135 χαρακτηρίζεται.
3403 3060 3579 3122 Οὐδεὶς

2191 3175 2338 3211 νεται
2379 3156 2632 3221 κοινωνὸς
2663 3157 2762 3223 τῆς
2791 3153 2924 3207 Θεοῦ
2955 3154 3130 3223 δόξης,
3168 3153 3249 3225 μὴ
3292 3148 3735 3224 συμμορφούμενος

2191 3249 2404 3321 πρῶτον
2449 3246 2526 3318 τῷ
2564 3245 2868 3318 ὁμοιώματι
2918 3244 3010 3297 τού
3060 3245 3324 3300 Θανάτου.
3379 3245 3470 3297 Διὸ
3512 3258 3628 3312 φησι
3665 3238 3737 3291 καὶ

2189 3341 2348 3394 τοῦτο
2378 3341 2435 3393 ἐν
2465 3339 2540 3410 τῷ
2563 3342 2845 3410 καταλόγῳ
2871 3337 2978 3392 τῶν
3012 3338 3332 3409 ἀρωμάτων
3365 3341 3393 3390 ὁ
3421 3336 3652 3395 ἔπαινος,
3675 3332 3735 3382 ὅτι

2195 3431 2332 3503 ροὦν
2368 3430 2658 3501 ἀκρόδρυα,
2686 3432 2754 3486 τά
2779 3447 2834 3484 τε
2871 3429 3031 3482 λοιπὰ
3065 3430 3171 3482 τῶν
3209 3431 3524 3501 ἀρωμάτων
3547 3425 3686 3482 ἐστὶν,
3712 3421 3737 3473 ξι

2193 3525 2466 3596 διεξῆλθεν
2487 3527 2515 3579 ὁ
2541 3525 2719 3594 λόγος,
2741 3523 2836 3576 καὶ
2853 3523 2968 3594 μετ⁹
2991 3524 3170 3578 αὐτῶν
3195 3525 3421 3596 σμύρνα
3438 3541 3492 3575 τε
3511 3522 3596 3574 καὶ
3615 3516 3735 3582 ἁλότι.

2195 3619 2288 3672 καὶ
2305 3618 2372 3672 τὰ
2393 3617 2584 3686 πρῶτα
2607 3616 2773 3687 μύρα.
2801 3618 2876 3668 Δι’
2895 3617 3117 3669 ἐκείνων
3135 3616 3239 3686 μὲν
3259 3617 3330 3686 γὰ
3339 3635 3388 3688 ρ,
3418 3616 3514 3685 τῆς
3539 3612 3740 3682 σμύρνης

2193 3711 2336 3777 λέγω
2355 3709 2448 3762 καὶ
2467 3709 2564 3779 τῆς
2590 3707 2776 3777 ἀλόης,
2808 3708 2903 3778 τὴν
2923 3707 3021 3776 τῆς
3045 3705 3228 3776 ταφῆς
3265 3705 3549 3760 κοινωνίαν
3569 3702 3740 3756 δείκνυ·

2194 3816 2303 3854 ται·
2335 3799 2517 3863 καθώς
2536 3817 2666 3869 φησι
2685 3799 2744 3851 τὸ
2759 3798 2960 3868 ὑψηλὸν
2983 3798 3346 3866 Εὐαγγέλιον,
3366 3800 3447 3851 ὅτι
3467 3795 3551 3850 διὰ
3575 3793 3741 3846 τούτων

2196 3896 2411 3962 ἐγένετο
2457 3895 2484 3945 ὁ
2529 3891 2891 3962 ἐνταφιασμὸς
2934 3891 3013 3962 τῷ
3057 3891 3198 3962 ὑπὲρ
3252 3894 3415 3963 ἡμῶν
3464 3884 3743 3959 γευσαμένῳ

2197 3985 2448 4040 Θανάτου.
2498 3987 2594 4039 Διὰ
2631 3983 2686 4036 δὲ
2719 3982 2825 4036 τῶν
2857 3982 3086 4054 πρώτων
3135 3983 3333 4055 μύρων
3367 3985 3428 4037 τὸ
3457 3979 3672 4050 καθαρόν
3699 3991 3742 4026 τε

2197 4079 2290 4132 καὶ
2346 4077 2543 4148 ἁμιγές
2595 4075 2777 4146 πάσης
2822 4074 3133 4146 καπηλικῆς
3167 4075 3522 4146 ῥᾳδιουργίας
3549 4073 3575 4124 ὁ
3619 4069 3744 4135 λόγος

2198 4169 2561 4231 ἐνδείκνυται,
2591 4167 2780 4238 ὥσπερ
2818 4167 2914 4219 καὶ
2954 4168 3005 4219 Ἀ
3019 4166 3132 4238 μὼς
3156 4171 3274 4231 τοῖς
3305 4167 3396 4220 διὰ
3427 4166 3617 4220 τούτων
3641 4178 3744 4231 τρν-

2200 4261 2340 4330 φῶσι
2369 4261 2591 4315 τοιαῦτα
2624 4261 2909 4333 προφέρει,
2939 4260 3112 4327 λέγων
3138 4276 3148 4288 ·
3179 4262 3248 4313 ΟΖ
3272 4261 3381 4313 τὸν
3400 4254 3746 4323 διυλισμένα

511 4366 559 4408 et
592 4354 779 4408 vitulos
805 4353 1060 4406 lactentes
1087 4365 1152 4404 ea:
1181 4347 1352 4402 medio
1381 4355 1644 4408 armento,
1696 4355 1743 4398 et
1774 4343 1977 4398 saltant
2027 4343 2088 4395 ad

2201 4349 2370 4407 οἶνον
2412 4354 2722 4420 πίνοντες,
2760 4354 2856 4407 καὶ
2890 4353 2962 4406 τὰ
3006 4349 3207 4420 πρῶτα
3247 4351 3417 4421 μύρα
3454 4349 3741 4422 χριόμενον

513 4465 686 4504 vocent
713 4463 1032 4519 organorum
1054 4444 1101 4476 "
1141 4463 1153 4498 :
1190 4444 1328 4498 adeo
1355 4451 1412 4496 ut
1435 4456 1614 4512 neque
1634 4439 1714 4495 fex
1746 4439 1932 4492 vinum
1962 4452 2092 4491 con-

514 4544 720 4608 turbet,
751 4557 931 4612 neque
955 4540 1012 4595 in
1045 4545 1328 4610 unguento
1357 4537 1540 4592 mistio
1561 4541 1880 4604 corrumpat
1911 4517 2090 4588 since-

516 4633 736 4688 ritatem
771 4633 898 4687 boni
922 4630 1132 4687 odoris.
1156 4629 1261 4686 Sed
1293 4630 1405 4684 illic
1435 4629 1655 4699 quidem
1682 4628 1908 4680 omnino
1931 4641 2096 4695 opor-

516 4733 593 4778 tet
617 4723 934 4778 existimare
961 4722 1286 4793 prephetam
1304 4721 1635 4790 exprobrare
1656 4716 2098 4786 lsraelitis,iquod

517 4813 756 4870 ferentes
790 4830 1002 4870 merum
1044 4815 1275 4868 verbum
1322 4812 1627 4882 Scriptura:
1673 4811 1901 4864 omnino
1946 4809 2094 4864 dele-

517 4916 703 4964 catum
738 4919 802 4960 ac
833 4906 1197 4975 percolatum,
1227 4913 1281 4960 et
1305 4904 1508 4959 bonum
1556 4903 1825 4958 habentes
1872 4901 2096 4956 odorem

493 4991 926 5074 iunguentorum
960 4995 1188 5050 minime
1216 4996 1630 5059 conturbatum,
1689 5003 1744 5048 et
1797 4993 2099 5062 Spitilllalis

498 5081 664 5188 iepuli
689 5088 901 5144 deliciis
929 5103 988 5145 se
1013 5086 1240 5142 omnino
1284 5088 1600 5157 explentes,
1633 5103 1698 5142 ex
1730 5087 1797 5141 iis
1826 5083 2098 5141 commodi

502 5178 658 5242 Inihil
685 5181 909 5235 omnino
935 5178 1381 5250 ceperint:malo
1413 5183 1605 5232 eorum
1627 5179 1880 5232 instituto
1911 5185 2098 5231 trans-

522 5283 771 5330 mutante
797 5273 911 5328 vini
969 5271 1426 5342 perspicuitatem
1479 5273 1534 5325 in
1568 5269 1840 5324 turbidam
1881 5284 2102 5337 perver-

521 5371 754 5430 sionem,
813 5375 867 5422 et
924 5381 1021 5436 per
1072 5380 1366 5435 pravorum
1407 5363 1772 5433 cogitatorum
1817 5358 2103 5416 admistio—

522 5479 644 5518 nem
676 5461 940 5534 perdente
993 5461 1292 5531 puritatem
1334 5457 1640 5518 primorum
1671 5462 2102 5524 unguentorum.

525 5552 622 5608 llic
655 5562 837 5610 autem
872 5551 1155 5623 Scriptura
1172 5549 1361 5606 tribuit
1392 5563 1608 5618 sponsae
1636 5562 1768 5616 pura
1807 5555 1860 5602 et
1882 5547 2102 5602 minime

591 5729 640 5764 θ’
659 5730 853 5800 Ephes.
893 5747 944 5799 ν,
983 5731 1014 5785 8
1042 5749 1055 5798 ;
1086 5727 1325 5785 lThess.
1363 5743 1412 5793 v,
1465 5726 1518 5780 5.

1598 5726 1642 5758 ⁹³
1667 5722 1822 5779 Joau.
1862 5738 1971 5789 xta,
1997 5723 2084 5777 59.
2160 5723 2205 5756 ’⁵
2236 5722 2492 5789 Alnosvt,
2533 5723 2584 5777 6.

2202 4445 2295 4498 καὶ
2343 4443 2448 4515 πρὸ
2489 4443 2714 4508 τούτων,
2743 4446 2808 4496 Οἱ
2842 4443 3168 4506 ἐσθίοντες,
3215 4442 3388 4511 φησιν
3407 4484 3422 4505 ,
3451 4442 3670 4509 ἐρίφους
3693 4433 3742 4485 ἐκ

2202 4539 2500 4606 ποιμνίου,
2539 4537 2637 4590 καὶ
2669 4537 2970 4607 μοσχάρια
2999 4538 3064 4591 ἐκ
3093 4536 3294 4606 μέσου
3322 4533 3650 4602 ⁴βουκολίωγ
3670 4541 3742 4596 711-

2203 4631 2468 4697 .1u011w‘:,
2500 4629 2598 4682 καὶ
2637 4633 2688 4682 οἱ
2718 4629 3170 4697 ἐπικροτοῦντες
3219 4629 3381 4696 πρὸς
3435 4626 3546 4692 τὴν
3579 4617 3744 4693 φωνὴν

2205 4722 2322 4774 τῶν
2345 4721 2631 4789 ὁργάνων·
2656 4721 2730 4784 ὡς
2749 4720 2868 4781 οὗτε
2883 4721 2973 4774 τὸν
2988 4716 3128 4774 οἶνον
3151 4723 3388 4792 τρυγίας
3410 4714 3740 4778 ἀναϐολούσης.

2207 4812 2330 4865 οὔτε
2363 4813 2452 4864 ἐπὶ
2486 4813 2578 4865 τοῦ
2613 4813 2784 4882 μύρου
2834 4811 3032 4882 μίξεως
3062 4830 3206 4876 τινος
3246 4813 3309 4866 τὸ
3352 4809 3636 4884 ἀκραιφνὲς
3670 4802 3744 4868 τῆς

2208 4905 2468 4977 εὐοσμίας
2494 4905 2933 4975 διαφθειρούσης.
2975 4904 3111 4957 Ἀλλ’
3139 4907 3259 4958 ἐκεῖ
3289 4905 3392 4976 μὲν
3419 4904 3617 4964 πάντως
3640 4895 3745 4947 ὀνει-

2207 4999 2372 5062 δίζειν
2403 4995 2607 5049 οἴεσθαι
2645 4996 2748 5066 χρὴ
2771 4996 2880 5058 τοῖς
2920 4993 3285 5067 Ἰσραηλίταις
3313 4995 3414 5067 τὴν
3442 4983 3742 5063 προφητείαν.

2209 5091 2290 5142 ὅτι
2333 5088 2569 5158 ἄκρατον
2597 5087 2695 5157 τῆς
2721 5086 2944 5158 Γραφῆς
2976 5087 3383 5158 ἐμφορούμενοι
3431 5088 3578 5153 λόγον
3605 5080 3744 5143 tam;

2203 5179 2433 5251 τρυγίας
2464 5178 2824 5248 διυλισμένον,
2867 5179 2960 5230 καὶ
3005 5177 3273 5230 ἁδόλωτον
3306 5177 3522 5247 ἔχοντες
3553 5170 3642 5225 τῶν
3669 5163 3745 5234 μύ-

2209 5293 2316 5346 ρων
2352 5273 2448 5344 τὴν
2481 5272 2768 5341 εύοδμίαν,
2813 5270 2908 5323 καὶ
2941 5269 3028 5323 διὰ
3072 5270 3293 5323 πάντων
3341 5260 3743 5338 κατατρυφῶντΞῖ

2206 5366 2306 5435 τῆς
2353 5363 2724 5433 πνευματικῆς
2767 5362 3122 5426 πανδαισίας,
3167 5361 3327 5414 οὐδὲν
3378 5361 3642 5415 ἀπώναντο
3671 5349 3745 5415 τῆς

2208 5455 2463 5532 τοιαύτης
2491 5453 2722 5525 τρυφῆς,
2752 5456 2850 5524 τῆς
2881 5453 3058 5524 κακῆς
3087 5452 3466 5523 προαιρέσεως
3493 5444 3649 5502 αὐτῶν
3673 5436 3747 5490 καὶ

2210 5549 2271 5602 τὸ
2318 5547 2536 5618 διαυγὲς
2583 5545 2676 5599 τοῦ
2717 5547 2858 5599 οἴνου
2889 5548 2969 5609 είς
3015 5545 3332 5617 ἀνατροπὴν
3367 5541 3584 5613 Θολερὰν
3623 5549 3754 5606 μετιο

2695 5724 2738 5754 ⁸⁸
2765 5721 2892 5777 ibid.
2927 5721 2979 5775 εὗ.
