3948 6192
244 302 337 360 977

1263 309 1326 365 ΙΝ
1348 311 1643 371 CANTICA
1665 316 1938 374 CANTIC.
1982 315 2258 374 HOMlLIA
2302 317 2391 374 ΙΧ.

3365 312 3472 376 978

247 419 511 493 ποιούσης,
558 423 651 476 καὶ
694 422 755 477 τὸ
783 423 1020 505 καθαρὸν
1061 426 1169 481 τῶν
1209 446 1442 502 πρωτων
1488 437 1674 508 μύρων
1719 439 1804 493 διὰ

1928 440 2211 495 ululterina
2237 437 2511 508 dogmata,
2533 452 2626 508 per
2648 437 3054 508 productionem
3074 434 3345 490 fructuum
3369 434 3469 502 pri-

245 513 334 580 τῆς
357 511 462 564 τῶν
490 511 744 584 πονηρῶν
766 515 1052 586 νοημάτων
1076 519 1355 589 ἐπιμιξίας
1381 523 1441 577 λυ
1451 528 1800 599 μαινομένης.

256 601 512 656 Ἐνταῦθα
552 605 734 673 μέντοι
781 605 844 658 τὸ
897 606 1276 680 ἀκιϐδήλευτόν
1315 631 1372 666 τε
1425 617 1518 669 καὶ
1570 619 1808 690 καθαρὸν

247 695 345 748 τῶν
380 694 666 764 δογμάτων
703 701 968 770 μαρτυρεί
999 702 1063 771 τῇ
1099 701 1284 777 νύμφῃ
1324 707 1352 757 6
1379 706 1567 776 λόγος,
1599 710 1686 763 διὰ
1712 711 1810 780 τῆς

246 785 343 837 τῶν
373 784 606 853 πρώτων
637 787 824 858 μύρων
856 793 1252 863 καρποφορίας.
1295 797 1403 850 Καὶ⁸
1435 800 1556 853 οὐδὲ
1602 803 1658 854 ἐν
1690 803 1812 856 τού·

246 892 348 938 τοις
393 877 522 948 ἔστη
571 877 693 931 οὔτε
741 878 774 950 ἡ
825 879 1034 952 νύμφη,
1081 885 1194 947 τοῖς
1230 886 1578 960 ὑψηλοτέροις
1615 893 1811 964 ἑαυτὴν

248 966 654 1053 ἐπεκτείνουσα,
685 966 806 1020 οὔτε
837 971 864 1021 6
889 969 1046 1038 λόγος
1076 975 1354 1044 συνεργῶν
1383 980 1518 1050 αὐτῇ
1551 981 1687 1053 πρὸς
1713 983 1811 1050 τὴν

247 1053 441 1108 ἄνοδον.
467 1049 575 1118 Ἦς
603 1055 710 1127 γὰρ
738 1056 802 1110 ἐκ
822 1057 916 1110 τοῦ
937 1059 1204 1128 στόματος
1229 1049 1520 1120 ἀποστολαὶ
1545 1049 1682 1139 ῥοῶν
1709 1049 1811 1124 εἰσι

247 1144 328 1196 καὶ
355 1145 665 1215 ἀρωμάτων
709 1147 1057 1217 παράδεισοι,
1107 1149 1242 1223 αὕτη
1268 1154 1362 1208 νῦν
1393 1158 1540 1228 πηγὴ
1569 1160 1809 1227 γίνεται,

245 1232 361 1294 τοὺς
388 1232 450 1296 ἐξ
474 1233 642 1304 αὐτῆς
671 1237 1007 1305 ἁναφυέντας
1034 1241 1397 1309 παραδείσους
1428 1248 1774 1318 κατάρδουσα
1792 1267 1806 1280 ’

245 1322 334 1391 ούχ
362 1321 440 1410 ὡς
471 1323 695 1410 ἐπὶιτοῦ
728 1327 938 1379 Παύλου
972 1344 1031 1379 τε
1073 1331 1166 1382 καὶ
1213 1333 1451 1387 Ἀπολλῶ
1496 1337 1814 1410 μεμαθήκα-

249 1420 362 1474 μεν,
393 1406 471 1470 ὡς
509 1407 601 1462 τοῦ
630 1410 728 1480 μὲν
762 1414 1106 1481 φυτεύοντος,
1139 1417 1232 1471 τοῦ
1264 1420 1320 1473 δὲ
1351 1406 1536 1494 ἐτέρου
1567 1406 1813 1490 ποτίζον-

349 1514 365 1528 ο
397 1497 514 1550 ἀλλ’
542 1499 681 1572 αὕτη
707 1503 776 1556 τά
799 1503 892 1558 δύο
920 1508 1226 1580 ἐργάζεται,
1255 1513 1462 1580 φύουσα
1483 1517 1608 1580 τοὺς
1642 1535 1815 1588 παρα-

245 1585 450 1678 δείσους
471 1590 632 1660 ὁμοῦ,
662 1595 755 1649 καὶ
785 1598 1095 1664 ποτίζουσα.
1116 1605 1185 1655 Ἢ
1205 1603 1342 1674 τάχα
1362 1606 1459 1657 καὶ
1487 1585 1817 1678 ὑψηλότερόν

245 1690 357 1726 τινα
391 1677 553 1746 λόγον
609 1684 851 1754 περιέχει
874 1689 902 1740 6
934 1688 1175 1754 ἔπαινος.
1199 1691 1388 1763 Πηγὴν
1416 1693 1523 1765 γὰρ
1551 1677 1733 1764 αὐτὴν
1753 1696 1815 1748 ού

245 1765 482 1834 νάματος
513 1774 871 1844 προχεομένου
900 1780 1063 1844 τινὸς,
1083 1781 1216 1835 ἀλλὰ
1239 1784 1428 1853 κήπων
1449 1780 1584 1838 εἶναί
1611 1801 1773 1854 φησιν
1795 1801 1808 1815 ο

1909 547 2118 586 morum
2147 547 2217 584 un
2228 539 2567 600 guentorum.
2580 528 2683 584 Sed
2699 545 2797 584 nec
2815 530 2869 582 in
2883 529 2972 584 his
2989 526 3232 584 substitit
3249 539 3444 595 sponsa
3455 565 3469 583 .

1909 622 2202 691 quominus
2220 635 2278 676 se
2314 620 2628 674 extenderet
2653 621 2718 674 ad
2747 619 2960 682 altiora,
2989 633 3164 688 neque
3187 615 3470 685 Scriptura

1909 707 2206 777 quominus
2248 709 2296 763 ei
2321 722 2476 777 opem
2507 707 2674 763 ferret
2698 707 2764 762 ad
2796 722 3102 762 ascensum.
3129 705 3300 774 Cujus
3328 704 3472 758 enim

1910 814 1973 852 ex
2005 813 2099 852 ore
2116 805 2243 853 sunt
2268 799 2592 856 emissiones
2617 799 2882 853 malorum
2904 798 3222 867 punicorum
3249 802 3302 849 et
3318 807 3474 864 para-

1911 887 2015 941 disi
2059 896 2383 953 aromatum,
2407 903 2468 943 ea
2495 904 2643 943 nunc
2672 889 2730 942 ﬁt
2750 887 2889 950 fons,
2911 887 3144 956 irrigans
3174 884 3360 938 hortos
3383 882 3476 952 qui

1911 993 1978 1032 ex
2005 993 2068 1032 ea
2098 979 2202 1032 orti
2221 989 2348 1033 sunt
2369 999 2380 1033 :
2402 995 2510 1034 non
2542 980 2682 1034 sicut
2708 979 2774 1033 de
2801 979 2970 1033 Paulo
2999 985 3052 1032 et
3081 975 3478 1046 Apollodidici-

1915 1079 2058 1129 ntus,
2094 1067 2238 1133 quod
2267 1067 2402 1121 alter
2430 1068 2649 1135 quidem
2695 1068 2990 1136 plantaret,
3040 1067 3177 1121 alter
3205 1078 3334 1120 vero
3359 1063 3480 1118 irri-

1914 1164 2096 1223 garct;
2128 1156 2224 1210 sed
2278 1157 2397 1227 ipsa
2427 1158 2535 1214 duo
2590 1167 2869 1229 operatur,
2933 1165 2992 1212 ut
3037 1171 3159 1226 qua:
3208 1155 3372 1211 simul
3426 1162 3480 1209 et

1917 1244 2119 1312 plantet
2149 1245 2337 1302 hortos
2365 1257 2418 1302 et
2453 1249 2662 1320 irriget.
2686 1247 2944 1302 Fortasse
2977 1254 3159 1300 autetu
3190 1243 3479 1300 sublimio-

1915 1349 2028 1387 rem
2055 1351 2276 1406 quoque
2299 1338 2538 1409 aliquam
2568 1341 2835 1415 rationem
2875 1340 2994 1392 laus
3026 1337 3292 1392 continet.
3338 1334 3483 1390 Dicit

1915 1425 2059 1478 enim
2090 1442 2213 1480 eum
2248 1444 2372 1485 esse
2406 1431 2607 1485 fontem
2646 1447 2753 1486 non
2805 1429 2991 1484 ﬂuenti
3033 1429 3178 1499 quod
3235 1425 3479 1498 proﬂuit.

1922 1516 2016 1570 sed
2042 1517 2331 1572 hortorum
2373 1541 2385 1574 :
2427 1538 2532 1576 non
2564 1524 2778 1592 aliquas
2819 1539 3085 1592 aquarum
3138 1519 3481 1582 cﬂluxiones,

1920 1605 2014 1659 sed
2038 1605 2226 1662 hortos
2267 1609 2418 1679 ipsos
2469 1611 2809 1681 irriganlem.
2855 1611 2932 1664 lta
2971 1612 3240 1664 animatos
3295 1608 3486 1661 hortos

1919 1710 2173 1752 emanare
2204 1697 2330 1752 fecit
2362 1700 2578 1756 divinus
2609 1703 2896 1771 Apostolus
2923 1703 2990 1766 9‘,
3019 1717 3113 1757 eos
3165 1699 3305 1769 apud
3346 1711 3486 1766 quos

1921 1784 2036 1849 fuit,
2068 1801 2162 1855 per
2183 1787 2485 1841 doctrinam
2513 1775 2695 1844 enasci
2723 1790 2928 1845 faciens
2954 1790 3173 1844 hortum
3205 1786 3484 1841 Ecclesia.

242 1853 332 1948 οὔχ
363 1858 574 1913 ὑδάτων
589 1863 740 1926 τινὰς
763 1866 1054 1938 ἀπορροὰς,
1073 1870 1396 1934 ἁλλάύτοὺς
1419 1874 1543 1935 τοὺς
1567 1853 1777 1944 κήπους
1805 1853 2147 1941 ηγάξουσάν
2164 1893 2220 1929 τε
2239 1879 2332 1929 καὶ
2359 1877 2753 1948 ἀναϐρύουσαν.
2777 1879 2961 1941 Οὕτως
2990 1879 3220 1947 ἀνέϐρυε
3236 1880 3360 1940 τοὺς
3390 1879 3487 1946 ἐμ-

244 1945 445 2039 ψύχους
457 1951 664 2018 κήπους
683 1953 709 2004 6
726 1951 864 2015 Θεῐος
879 1955 1214 2021 Ἀπόστολος,
1231 1962 1358 2030 παρ’
1372 1954 1450 2022 οἷς
1461 1959 1526 2014 ἂν
1543 1962 1776 2029 ἐγένετο,
1793 1961 1882 2013 τὸν
1898 1961 1996 2031 τῆς
2013 1965 2333 2034 Ἑκκλησίας
2349 1968 2674 2038 παράδεισον
2688 1969 2773 2021 διὰ
2784 1971 2878 2039 τῆς
2889 1969 3232 2032 διδασκαλίας
3251 1969 3487 2036 ὲκφύων.

310 2029 448 2085 Εἶτα
474 2035 607 2105 πρὸς
636 2037 696 2089 τὸ
734 2039 1032 2109 ἀκρότατον
1063 2043 1185 2111 ἄγει
1211 2047 1309 2116 τὴν
1336 2045 1551 2116 νύμφην
1588 2047 1675 2100 διὰ
1706 2046 1816 2099 τῶν
1848 2056 1888 2108 Β

245 2124 483 2177 ἐπαίνων
533 2129 560 2179 6
621 2128 806 2196 λόγος,
857 2134 1034 2205 φρέαρ
1085 2134 1254 2206 αὐτὴν
1309 2136 1579 2206 ὀνομάσας
1632 2137 1819 2200 ὓδατος

247 2213 478 2279 ζῶντος,
520 2218 615 2271 καὶ
667 2219 972 2289 Μιξοῦπος
1015 2226 1122 2278 ἀπὸ
1167 2226 1260 2280 τοῦ
1304 2227 1559 2282 Λιϐάνου.
1617 2230 1684 2281 "A
1711 2230 1820 2298 γὰρ

247 2305 369 2377 περὶ
417 2307 519 2375 τῆς
550 2306 814 2371 ζωοποιοῦ
860 2313 1263 2385 μεμαθήκαμεν
1299 2315 1512 2384 φύσεως
1543 2317 1692 2387 παρὰ
1724 2318 1821 2387 τῆς

247 2393 403 2462 ἁγίας
435 2396 678 2468 Γραφῆς,
706 2399 802 2454 νύν
836 2401 934 2472 μὲν
968 2403 1068 2473 τῆς
1096 2405 1430 2476 προφητείας
1467 2403 1733 2476 λεγούσης
1760 2408 1820 2458 ἐκ

248 2483 545 2554 προσώπου
575 2487 668 2540 τοῦ
697 2489 831 2544 Θεοῦ
852 2531 867 2555 ,
891 2493 973 2546 ὅτι
1026 2495 1164 2563 Ἐμὲ
1184 2491 1580 2564 ἐγκατέλιπον
1617 2498 1822 2566 πηγὴν

247 2572 469 2640 ὕδατος
496 2574 710 2645 ζῶντος
730 2594 744 2610 °
781 2580 944 2635 πάλιν
980 2582 1036 2635 δὲ
1061 2583 1154 2637 τοῦ
1187 2586 1392 2656 Κυρίου
1424 2587 1559 2655 πρὸς
1579 2587 1680 2658 τὴν
1716 2589 1819 2639 Σα-

249 2668 499 2737 μαρεῖτιν
530 2668 802 2733 εἰπόντος’
832 2675 902 2725 Et
928 2671 1092 2740 ᾔδεις
1120 2674 1234 2742 τὴν
1259 2675 1486 2742 δωρεὰν
1511 2676 1618 2730 τοῦ
1649 2677 1818 2738 Θεοῦ,

247 2755 337 2809 καὶ
367 2759 470 2823 τίς
501 2758 672 2812 ἐστιν
701 2763 734 2814 ὁ
762 2761 954 2830 λέγων
993 2779 1093 2818 σοι
1117 2782 1130 2796 ·
1168 2767 1282 2833 Δός
1309 2785 1412 2836 μοι
1448 2767 1604 2836 ὕδωρ
1645 2768 1823 2832 πιεῖν,

247 2846 323 2899 σὺ
355 2846 443 2900 ἂν
485 2849 716 2916 ᾔτησας
757 2852 973 2916 αὑτὸν,
1024 2855 1121 2907 καὶ
1153 2856 1374 2911 ἔδωκεν
1402 2859 1479 2912 ἄν
1521 2872 1620 2912 σοι
1672 2858 1826 2927 ὕδωρ

248 2935 385 2994 ζῶν·
428 2940 543 3000 καὶ,
575 2941 648 2993 El
679 2959 766 3007 τις
795 2941 977 3010 διψᾷ,
1013 2945 1277 3014 ἐρχέσθω
1315 2948 1466 3017 πρὸς
1496 2949 1575 3017 μὲ
1608 2949 1704 3003 καὶ
1737 2962 1830 3002 πι-

247 3027 418 3084 νέτω.
474 3030 528 3080 ⁸0
565 3032 674 3100 γὰρ
719 3035 1018 3089 πιστεύων
1061 3038 1144 3103 εἰς
1193 3038 1296 3106 ἐμὲ
1319 3077 1334 3100 ,
1381 3039 1573 3104 καθὼς
1597 3036 1764 3092 εἶπεν
1787 3041 1827 3107 ὴ

257 3120 498 3190 Γραφὴ,
531 3124 781 3192 ποταμοὶ
807 3126 875 3179 ἐκ
897 3125 1006 3194 τῆς
1029 3128 1262 3195 κοιλίας
1295 3131 1478 3184 αὐτοῦ
1493 3128 1830 3194 ῥεύσουσιν

243 3205 470 3294 ὓδατος
483 3208 715 3271 ζῶντος.
743 3210 920 3263 Τοῦτο
933 3212 1000 3262 δὲ
1012 3211 1182 3280 ἔλεγε
1197 3214 1328 3282 περὶ
1345 3215 1448 3269 τοῦ
1465 3221 1830 3294 [Ινεύματος,

240 3293 309 3378 οὗ
336 3298 612 3366 ἔμελλον
634 3299 961 3367 λαμϐάνειν
995 3304 1050 3355 oi
1079 3307 1469 3374 πιστεύοντες
1503 3314 1593 3378 εἰς
1620 3317 1825 3376 αὐτόν.

247 3375 556 3458 Πανταχού
575 3389 750 3443 τοίνυν
787 3391 884 3463 τῆς
934 3393 1086 3458 θείας
1127 3396 1340 3464 φύσεως
1379 3399 1464 3454 διά
1497 3375 1590 3453 τού
1632 3400 1830 3464 ζῶντος
1857 3377 1899 3435 c

251 3475 454 3541 ὓδατος
484 3481 796 3551 νοουμένης,
828 3483 1062 3538 ἐνταῦθα
1106 3488 1140 3557 ἡ
1172 3488 1407 3561 ἀψευδὴς
1440 3491 1711 3561 μαρτυρία
1737 3489 1831 3545 τοῦ

247 3568 408 3637 λόγου
449 3570 629 3641 φρέαρ
659 3569 849 3636 ὓδατος
871 3575 965 3646 τὴν
997 3577 1215 3648 νύμφην
1244 3573 1383 3633 εἶναι
1424 3580 1756 3651 συνίστησιν,
1788 3576 1833 3649 ᾧ

246 3661 310 3713 ἐκ
360 3660 468 3714 τοῦ
513 3661 746 3716 Λιϐάνου
790 3665 937 3720 ἐστὶν
968 3669 1002 3738 ἡ
1033 3669 1194 3740 φορά.
1229 3668 1400 3724 Τοῦτο
1437 3670 1500 3741 δὴ
1535 3671 1595 3724 τὸ
1619 3671 1832 3725 πάντων

247 3751 713 3823 παραδοξότατον.
755 3756 979 3812 Πάντων
1017 3759 1124 3830 γὰρ
1175 3760 1282 3813 τῶν
1316 3761 1600 3832 φρεάτων,
1650 3765 1706 3814 ὲν
1745 3781 1836 3815 συο

251 3845 503 3912 στήματι
539 3841 602 3894 τὸ
649 3842 790 3914 ὕδωρ
816 3845 1066 3915 ἐχόντων,
1097 3847 1231 3918 μόνη
1265 3849 1298 3919 ἠ
1325 3849 1508 3919 νύμφη
1545 3849 1834 3915 διεξοδικὸν

251 3933 310 3986 ἐν
343 3934 520 4003 ἑαυτῇ
553 3933 665 4002 ἔχει
690 3934 750 3987 τὸ
773 3934 938 4007 ὕδωρ,
977 3936 1116 3990 ὥστε
1151 3937 1214 3991 τὸ
1243 3940 1340 4008 μὲν
1372 3937 1532 4008 βάθος
1563 3938 1705 4008 ἔχειν
1739 3938 1833 3992 τοῦ

254 4022 521 4091 φρέατος,
550 4022 641 4075 τοῦ
662 4023 719 4077 δὲ
753 4025 998 4095 ποταμοῦ
1022 4027 1082 4080 τὸ
1104 4029 1430 4100 ἀεικίνητον.
1457 4029 1552 4091 Τίς
1577 4031 1685 4098 γὰρ
1717 4030 1835 4082 κατ’

252 4110 419 4176 ἀξίαν
446 4111 689 4179 ἐφίκοιτο
703 4113 807 4166 τῶν
833 4115 1627 4189 ὑποδεικνυμένων-Θαυμάτων,
1655 4119 1728 4182 ὡς
1751 4119 1838 4172 διὰ

250 4200 352 4270 τῆς
397 4197 502 4253 νῦν
550 4201 906 4274 ἐγγινομένης
929 4204 1066 4275 αὐτῇ
1089 4203 1437 4275 ξὸμοιώσεως;
1476 4207 1629 4279 Τάχα
1656 4210 1837 4262 οὐκέτι

250 4289 366 4360 ἔχει
391 4292 530 4344 ὅπου
549 4291 744 4363 ἑαυτὴν
761 4294 1008 4365 ὑπεράρῃ
1023 4294 1110 4348 διὰ
1123 4295 1337 4350 πάντων
1355 4297 1681 4366 ὁμοιωθεῖσα
1705 4299 1840 4369 πρὸς

251 4380 311 4432 τὸ
337 4380 652 4451 ἀρχέτυπον
682 4381 894 4445 κάλλος.
937 4382 1254 4455 Μεμίμηται
1283 4385 1389 4454 γὰρ
1435 4384 1504 4438 δι’
1550 4387 1841 4457 ἀκριϐείας

250 4475 320 4541 τῇ
377 4471 484 4542 μὲν
534 4475 682 4542 πηγῇ
724 4473 820 4544 τὴν
858 4475 1062 4545 πηγὴν,
1111 4479 1178 4547 τῇ
1208 4476 1264 4529 δὲ
1305 4475 1416 4546 ζωῇ
1450 4476 1549 4547 τὴν
1582 4477 1748 4548 ζωὴν,
1781 4478 1842 4534 τὸ

254 4559 313 4613 6‘3
343 4561 496 4630 ὕδωρ
531 4559 611 4630 τῷ
653 4560 823 4616 ὕδατι.
861 4563 975 4616 Ζῶν
1007 4565 1035 4614 ὁ
1074 4563 1230 4631 λόγος
1256 4564 1349 4616 τοῦ
1378 4564 1512 4617 Θεοῦ
1533 4605 1546 4627 ,
1580 4563 1646 4636 ζῇ
1683 4567 1776 4618 καὶ
1809 4567 1842 4637 ή

253 4651 351 4703 τὺν
388 4651 564 4718 Λόγον
586 4650 849 4725 δεξαμένη
879 4653 1046 4725 ψυχή.
1076 4655 1148 4707 Τδ
1176 4655 1231 4707 δὲ
1261 4654 1402 4724 ὕδωρ
1442 4656 1614 4709 έκεῖνο
1648 4656 1711 4708 ὲκ
1747 4656 1839 4727 τοῦ

255 4741 402 4794 Θεοῦ
436 4741 574 4812 ῥέει,
596 4741 778 4813 καθώς
812 4761 977 4814 φησιν
1014 4745 1046 4814 ἡ
1083 4745 1253 4814 πηγὴ,
1284 4745 1365 4796 ὅτι
1420 4745 1519 4798 Ἐκ
1555 4745 1662 4799 τοῦ
1694 4745 1841 4800 Θεοῦ

252 4829 534 4897 ἐξῆλθον
577 4830 674 4884 καὶ
705 4833 858 4902 ἥκω.
898 4831 1043 4902 Αὕτη
1077 4831 1132 4884 δὲ
1165 4831 1404 4902 περιέχει
1433 4831 1493 4885 τὸ
1523 4833 1732 4904 εἰσρέον
1766 4833 1843 4905 τῷ

253 4920 363 4988 τῆς
399 4917 580 4986 ψυχῆς
626 4921 852 4988 φρέατι,
890 4920 983 4972 καὶ
1028 4919 1115 4971 διὰ
1159 4919 1316 4972 τοῦτο
1353 4919 1559 4988 γίνεται
1597 4924 1843 4990 ταμιεῖον

253 5007 361 5060 τοῦ
398 5007 600 5072 ζῶντος
639 5009 848 5062 ἑκείνου
888 5007 1076 5071 ὓδατος
1104 5009 1194 5061 τοῦ
1225 5012 1287 5062 ἐκ
1318 5008 1411 5061 τοῦ
1436 5009 1666 5062 Λιϐάνου
1695 5010 1844 5081 ῥέον-

254 5113 385 5158 ¹τος,
417 5097 617 5166 μᾶλλον
646 5097 702 5151 δὲ
725 5097 1048 5169 ροιζοῦντος,
1083 5097 1262 5160 καθὼς
1297 5099 1324 5150 ὁ
1357 5098 1518 5167 λόγος
1541 5099 1842 5168 ὠνόμασεν.

259 5182 345 5241 Οὗ
412 5189 505 5242 καὶ
555 5189 715 5258 ἡμεῖς
763 5188 1052 5258 γενοίμεθα
1106 5189 1353 5260 μέτοχοι,
1406 5190 1733 5260 κτησάμενοι
1784 5191 1844 5243 τὸ

257 5277 455 5348 φρέαρ
496 5279 691 5340 ἐκεῖνο,
721 5279 809 5331 ἵνα
849 5278 987 5332 κατὰ
1026 5278 1086 5331 τὸ
1113 5279 1211 5348 τῆς
1245 5279 1434 5349 σοφίας
1481 5279 1841 5350 παράγγελμα

258 5347 545 5437 ἡμέτερον
574 5367 817 5437 πίνωμεν
854 5367 1018 5438 ὕδωρ,
1051 5369 1145 5421 καὶ
1276 5347 1573 5440 ἀλλότριονξ
1612 5347 1696 5422 Ἐν
1721 5347 1852 5440 ip:-

262 5457 390 5523 στῷ
428 5457 600 5526 Ἰησοῦ
650 5457 839 5529 Κυρίῳ
871 5459 1060 5529 ἡμῶν,
1095 5452 1144 5526 ᾧ
1174 5461 1204 5529 ἡ
1236 5458 1361 5524 δόξα
1387 5461 1466 5524 είς
1494 5461 1618 5523 τοὺς
1652 5458 1846 5524 αἰῶνας

257 5545 391 5598 τῶν
425 5545 648 5601 αίὼνων.
697 5550 883 5618 Ἀμήν.

348 5653 405 5686 ’⁸
439 5652 596 5707 llehr.
623 5670 659 5706 ι.
735 5655 776 5684 ’⁷
815 5653 921 5711 Jer.
965 5671 1023 5722 ll,
1071 5657 1147 5708 l5.

1875 4713 1916 4766 ῃ
1947 4692 2094 4745 sicut
2129 4689 2249 4744 fons
2284 4689 2418 4742 dicit
2448 4707 2462 4743 :
2527 4689 2608 4745 Ea:
2630 4689 2724 4744 deo
2765 4688 3016 4759 processi,
3052 4693 3102 4740 et
3127 4684 3292 4738 venio.

2084 2051 2290 2107 Deinde
2329 2054 2612 2125 Scriptura
2646 2057 2902 2112 laudibus
2926 2059 2992 2112 ad
3024 2073 3300 2112 summum
3321 2074 3490 2127 spon-

1924 2156 2038 2196 sam
2072 2145 2273 2206 evehit.
2307 2162 2427 2200 eam
2460 2149 2750 2204 nominans
2787 2159 3010 2220 puteum
3045 2167 3204 2221 aqua}
3240 2151 3396 2216 vivae,
3439 2159 3492 2206 et

1920 2224 2044 2286 cum
2073 2235 2275 2305 impetu
2308 2235 2526 2293 ﬂuentis
2575 2255 2640 2292 ex
2671 2239 2896 2294 Libano.
2921 2241 3052 2307 Qua:
3073 2243 3219 2296 enim
3244 2257 3272 2294 a
3296 2250 3487 2306 sancta

1923 2321 2206 2394 Scriptura
2232 2327 2300 2382 de
2332 2337 2526 2384 natura
2568 2331 2860 2388 didicimus
2907 2334 3140 2397 vivitica,
3186 2348 3329 2388 nunc
3367 2335 3490 2399 qui-

1923 2416 2043 2470 dem
2087 2419 2373 2489 prophetia
2414 2423 2544 2475 dicit
2581 2439 2647 2478 ex
2701 2424 2794 2479 Dei
2854 2441 3125 2494 persona:
3161 2425 3248 2479 Me
3277 2428 3516 2496 relique-'

1924 2519 2045 2561 runt
2075 2511 2271 2578 fontem
2302 2529 2451 2581 aqua:
2481 2517 2704 2581 uiue";
2737 2523 2790 2570 et
2821 2533 3012 2571 rursus
3031 2517 3259 2572 Domino
3277 2517 3494 2572 dicente

1925 2601 2282 2656 Samaritana}
2319 2621 2331 2656 :
2375 2602 2433 2657 Si
2479 2609 2638 2659 scires
2667 2606 2865 2659 donum
2899 2605 3016 2670 Dei,
3061 2616 3110 2659 et
3138 2609 3254 2675 quis
3298 2609 3367 2661 sit
3399 2609 3491 2677 qui

1923 2693 2051 2744 dicit
2075 2694 2190 2756 tibi,
2228 2694 2306 2748 Da
2337 2696 2466 2749 mihi
2492 2707 2693 2766 potum,
2728 2708 2782 2750 tu
2813 2699 3048 2763 petiisses
3081 2697 3144 2750 ab
3173 2715 3252 2761 eo,
3304 2713 3353 2750 et
3381 2701 3492 2766 ipse

1926 2781 2021 2834 tibi
2047 2781 2279 2836 dedisset
2329 2800 2522 2853 aquam
2565 2784 2824 2846 vivam”;
2853 2794 2907 2838 et
2939 2803 2951 2838 :
2983 2785 3043 2838 Si
3073 2786 3190 2854 quis
3231 2786 3364 2845 sitit,
3410 2803 3494 2838 re—

1927 2874 2036 2926 m'at
2070 2872 2138 2925 ad
2169 2889 2248 2926 me
2276 2883 2326 2927 et
2348 2874 2512 2929 bibat.
2545 2874 2652 2940 Qui
2681 2875 2816 2928 enim
2842 2875 3007 2926 credit
3031 2875 3202 2936 inme,
3251 2875 3388 2926 sicut
3411 2874 3495 2926 di-

1925 2964 2006 3015 xit
2041 2963 2340 3031 Scriptura,
2394 2963 2617 3031 [Iuntina
2666 2980 2732 3018 ea:
2763 2973 2934 3018 ventre
2981 2964 3092 3031 ejus
3137 2963 3300 3032 ﬂuent
3341 2979 3494 3032 aqua:

1927 3051 2100 3104 vivte:
2135 3051 2246 3105 licet:
2297 3062 2468 3105 autem
2517 3052 2722 3106 dicebat
2773 3053 2837 3105 de
2881 3051 3090 3119 Spiritu
3130 3069 3281 3122 quem
3344 3068 3495 3105 acce-

1927 3142 2070 3210 pturi
2099 3151 2252 3196 erant
2284 3143 2374 3211 qui
2405 3142 2684 3197 credebant
2708 3148 2760 3197 in
2783 3160 2897 3197 eum
2915 3145 2980 3196 θ’.
3005 3143 3138 3197 Cum
3155 3158 3282 3213 ergo
3312 3143 3496 3198 divina

1932 3240 2123 3286 natura
2153 3233 2357 3302 ubique
2400 3234 2736 3304 intelligatur
2786 3250 2883 3304 per
2913 3251 3110 3303 aquam
3145 3235 3349 3296 vivam,
3405 3234 3494 3286 hic

1933 3337 2120 3376 verum
2151 3322 2448 3393 Scriptura:
2479 3326 2855 3380 testimonium
2875 3326 3065 3380 statuit
3093 3341 3351 3395 sponsam
3375 3341 3498 3380 esse

1935 3421 2155 3481 puteum
2187 3429 2341 3483 aqua:
2369 3415 2523 3478 vivas,
2560 3418 2650 3487 qui
2684 3433 2806 3471 cum
2861 3418 3060 3487 impetu
3113 3416 3289 3471 fertur
3315 3433 3378 3471 ex
3409 3416 3500 3470 Li-

1933 3502 2094 3558 bano.
2126 3502 2238 3558 Hoc
2275 3512 2455 3558 autem
2482 3513 2566 3560 est
2587 3507 2831 3560 omnium
2871 3507 3106 3562 maxime
3153 3507 3495 3560 admirabile.

1933 3591 2066 3645 Nam
2097 3607 2222 3647 cum
2255 3607 2445 3650 omnes
2490 3596 2638 3664 putei
2683 3610 2879 3664 aquam
2912 3597 3074 3651 simul
3105 3597 3344 3651 habeant
3367 3615 3500 3652 con-

1930 3682 2243 3748 ‘sisteutem,
2298 3685 2416 3738 sola
2469 3700 2670 3754 sponsa
2717 3701 2913 3754 aquam
2971 3686 3024 3739 in
3067 3701 3126 3740 se
3167 3686 3332 3741 habet
3367 3701 3495 3754 per-

1937 3785 2227 3839 tncantem,
2263 3776 2400 3831 adeo
2428 3783 2486 3829 ut
2515 3777 2664 3846 putei
2699 3775 3031 3846 profundum
3057 3775 3304 3839 habeat,
3345 3776 3496 3830 ﬂuvii

1936 3883 2064 3922 vero
2097 3882 2391 3937 perennem
2422 3869 2737 3922 motionem.
2782 3867 2918 3932 Quis
2950 3875 3132 3921 autem
3177 3882 3275 3936 pro
3312 3866 3494 3937 digni-

1937 3966 2048 4012 tate
2074 3959 2255 4012 verbis
2283 3959 2458 4027 possit
2487 3960 2704 4028 assequi
2739 3959 3003 4012 miracula
3031 3971 3153 4027 quae
3193 3955 3500 4013 ostendun-

1937 4058 2026 4103 tur
2053 4065 2147 4120 per
2176 4065 2295 4104 eam
2318 4065 2440 4120 qute
2469 4065 2614 4105 nunc
2661 4051 2802 4106 facta
2854 4057 2938 4104 est
2993 4050 3112 4120 ejus
3165 4048 3507 4105 assitnilatio-

1939 4141 2111 4195 nem?
2165 4138 2420 4196 Fortasse
2469 4158 2579 4196 non
2614 4141 2779 4196 habet
2829 4141 3064 4210 amplius
3093 4155 3204 4211 quo
3237 4140 3400 4193 altius
3445 4153 3506 4193 se

1938 4231 2184 4295 extollat,
2217 4248 2312 4303 per
2340 4234 2524 4288 omnia
2560 4235 2859 4289 assitnilata
2910 4232 3207 4302 exemplari
3261 4229 3505 4300 pulchri-

1939 4324 2136 4378 tudini.
2166 4323 2367 4380 Exacte
2406 4326 2549 4381 enim
2586 4334 2637 4380 et
2669 4333 2924 4380 accurate
2962 4332 3046 4379 est
3075 4323 3309 4387 imitata,
3355 4321 3506 4376 [urite

1941 4415 2164 4485 quidem
2217 4413 2446 4480 fontem,
2499 4416 2608 4468 vita
2649 4423 2832 4470 autem
2883 4416 3074 4480 vitam,
3121 4427 3263 4483 aqua
3321 4420 3504 4466 autem

1944 4521 2161 4577 aquam.
2201 4505 2370 4562 Vivus
2413 4514 2498 4562 est
2554 4522 2736 4562 sermo
2760 4506 2854 4560 Dei
2888 4506 3062 4561 :vivit
3100 4505 3268 4560 etiam
3323 4503 3507 4557 anima

1943 4614 2066 4668 qua:
2133 4596 2368 4651 Verbum
2417 4599 2677 4666 suscepit.
2746 4597 2898 4667 Aqua
2958 4596 3047 4650 illa
3095 4595 3212 4649 ﬂuit
3255 4610 3320 4648 ex
3355 4593 3505 4658 Deo,

3385 4686 3509 4756 Ipsa

1943 4789 2122 4835 autem
2163 4795 2288 4834 eum
2321 4779 2570 4834 continet
2597 4779 2691 4849 qui
2725 4779 2903 4833 inﬂuit
2934 4780 2986 4832 in
3024 4788 3251 4848 puteum
3287 4779 3506 4840 animae,

1939 4883 1997 4930 et
2035 4881 2326 4944 propterea
2362 4872 2421 4926 ﬂt
2479 4871 2914 4942 promptuarium
2964 4883 3122 4938 aqua:
3174 4868 3324 4922 illius
3374 4868 3511 4922 vivas

1943 4981 2066 5036 quae
2095 4965 2214 5018 ﬂuit
2254 4979 2319 5018 ex
2357 4962 2586 5026 Libano,
2628 4962 2712 5017 vel
2737 4961 2920 5031 potius
2945 4959 3228 5019 ﬂuitcum
3280 4958 3510 5028 impetu,

1945 5059 2088 5112 sicut
2126 5055 2411 5125 Scriptura
2443 5055 2707 5124 loquitur.
2743 5052 2915 5123 Cujus
2946 5067 3047 5108 nos
3076 5065 3295 5122 quoque
3335 5050 3510 5104 simus

1949 5148 2260 5218 participes,
2287 5146 2634 5216 possidentes
2657 5145 2808 5199 illum
2840 5153 3089 5214 puteum,
3119 5149 3178 5195 ut
3198 5155 3511 5210 congruen-

1948 5245 2031 5293 ter
2063 5247 2332 5308 praecepto
2370 5236 2648 5307 sapientia:
2691 5235 2942 5290 bibamus
2987 5244 3233 5287 nostram
3289 5245 3508 5301 aquam,

1951 5336 2141 5383 etnon
2173 5329 2424 5382 alienam.
2474 5326 2531 5380 In
2560 5326 2782 5381 Christo
2833 5323 2961 5380 Jesu
3018 5323 3251 5376 Domino
3296 5330 3510 5386 nostro,

1949 5433 2108 5488 quem
2139 5418 2296 5473 decet
2327 5418 2496 5488 gloria
2541 5418 2594 5470 in
2625 5415 2822 5471 saecula
2855 5413 3206 5469 saeculorum.
3237 5411 3433 5462 Amen.

1225 5658 1265 5685 θλ
1298 5653 1452 5710 Joan.
1498 5672 1570 5721 ιν,
1616 5657 1695 5710 12.
1751 5659 1795 5688 9°
1836 5652 1989 5710 Joan.
2035 5655 2219 5718 \‘ll,57
2250 5670 2367 5723 sqq.
