3948 6192
461 262 585 321 979‘

1055 373 1343 432 HOMILIA
1382 377 1449 433 Χ.

529 463 720 536 Surge,
765 450 1058 537 abuilopet
1095 469 1231 534 veni,
1281 467 1478 535 auste'r,
1515 479 1562 523 et
1616 470 1780 538 per/ia
1826 470 2032 523 hortum

462 571 657 620 meum,
706 565 757 611 et
805 556 977 625 ﬂuant
1029 566 1270 611 aromata
1325 574 1459 612 utea.
1505 558 1633 614 CAP.
1689 576 1739 614 v.
1808 562 1858 614 i.
1932 558 2032 613 De-

459 648 679 704 mudat
724 649 980 718 patruelis
1024 666 1170 703 meus
1203 648 1270 702 ad
1310 651 1519 704 [tortum
1563 667 1739 716 suum,
1782 659 1831 704 et
1859 667 2033 723 come-

460 741 554 795 dat
590 741 793 810 fruetus
830 757 1105 810 pomorum
1144 757 1381 796 suorum.
1433 741 1684 797 Descendi
1732 742 1784 795 iu
1825 742 2035 796 hortum

460 849 651 898 meum,
682 848 837 887 soror
886 848 1000 886 mea
1045 850 1261 902 sponsa,
1311 835 1503 888 messui
1544 833 1814 905 myrrham
1865 850 2033 888 mcam

458 940 577 979 cum
638 923 965 978 aromatibus
1014 926 1164 980 meis.
1219 923 1435 979 Comedi
1485 942 1673 996 panem
1702 941 1872 979 meum
1917 943 2033 979 cum

457 1015 609 1071 melle
651 1031 785 1079 meo,
819 1015 926 1069 bibi
950 1017 1124 1069 vinum
1171 1033 1339 1071 meum
1368 1034 1486 1071 cum
1516 1017 1651 1072 tacte
1682 1034 1813 1073 meo.
1846 1016 2034 1072 Come-

455 1107 583 1172 ἄξιε,
632 1107 813 1173 amici,
861 1117 911 1162 et
949 1107 1127 1174 bibite,
1173 1117 1223 1162 et
1275 1108 1627 1176 inebriamini,
1681 1110 1877 1179 fratres
1910 1111 2030 1164 mei.

454 1197 509 1252 2.
546 1196 660 1267 Ego
690 1197 918 1263 dormio,
947 1212 993 1253 et
1022 1215 1113 1253 cor
1139 1214 1311 1254 nicum
1350 1199 1551 1269 vigilat.

526 1376 667 1432 Cum
699 1376 1009 1431 divinorum
1041 1376 1333 1431 verborum
1381 1377 1542 1432 nobis
1585 1377 1862 1447 proposita
1897 1392 2032 1431 con-

457 1466 743 1536 templatio
802 1473 860 1520 et
930 1468 1326 1535 consequentia
1382 1466 1596 1522 Cantici
1647 1468 2030 1529 canticorum,

456 1556 751 1626 quasdam,
786 1572 925 1627 quas
964 1557 1182 1613 dillicile
1229 1567 1316 1614 est
1365 1560 1608 1630 assequi,
1648 1566 1703 1615 et
1751 1574 1874 1629 qua:
1906 1568 2034 1615 sunt

457 1655 614 1704 tecta
658 1656 881 1719 propter
923 1647 1337 1716 obscuritatem,
1380 1650 1435 1704 in
1482 1650 1701 1705 arcanis
1753 1652 2028 1707 contineat

456 1739 785 1805 sententias,
827 1738 989 1794 nobis
1029 1738 1225 1809 majori
1255 1754 1394 1810 opus
1445 1748 1530 1796 est
1561 1741 1882 1803 attentione.
1924 1742 2034 1796 imo

456 1844 588 1886 vero
630 1831 826 1902 majori
869 1846 966 1901 per
998 1846 1190 1902 preces
1227 1831 1456 1897 auxilio,
1488 1838 1544 1888 et
1578 1833 1752 1887 sancti
1796 1831 2033 1902 Spiritus

457 1920 812 1986 deductione,
849 1937 919 1978 ne
945 1922 1183 1993 idipsum
1214 1923 1376 1978 nobis
1405 1922 1624 1978 accidat
1657 1923 1711 1977 in
1752 1924 2033 1993 stupendis

457 2010 546 2067 bis
587 2012 889 2078 miraculis,
932 2013 1079 2082 quod
1112 2015 1254 2067 solet
1290 2012 1545 2083 accidere
1581 2012 1635 2066 in
1670 2012 1866 2068 stellis.
1898 2012 2029 2066 Nam

456 2101 651 2172 procul
692 2102 908 2155 illarum
960 2100 1300 2177 admirantes
1354 2100 2032 2171 pulchritudinem,.nul-

457 2194 565 2247 iam
618 2205 911 2262 possumus
960 2192 1211 2247 invenire
1256 2193 1525 2247 rationem
1582 2191 1649 2245 ad
1696 2205 2031 2261 cognoscen-

456 2284 582 2339 dam
634 2297 822 2339 earum
863 2283 1221 2346 creationem,
1259 2283 1351 2339 sed
1403 2282 1806 2353 pulchritudine
1853 2283 2028 2337 solum

456 2375 563 2431 frui
600 2389 915 2444 possumus,
964 2382 1255 2444 propterea
1312 2373 1458 2442 quod
1497 2373 1747 2429 dicamus
1801 2389 1903 2429 nos
1949 2382 2029 2429 te-

453 2465 580 2522 neri
611 2480 801 2522 earum
844 2464 1230 2521 admiratione.
1282 2463 1425 2520 Sunt
1455 2466 1601 2521 enim
1643 2481 1833 2521 revera
1881 2482 2030 2537 qua:-

453 2558 578 2615 οδω
612 2556 804 2620 stellas.
837 2555 1159 2627 splendores
1194 2556 1506 2613 divinorum
1542 2557 1740 2611 horum
1784 2558 2031 2628 eloquio-

452 2665 576 2707 rum
616 2656 676 2705 et
718 2649 962 2722 fulgores
1010 2651 1299 2705 oculorum
1351 2652 1570 2715 anim,
1626 2651 1810 2707 carnis
1853 2654 2029 2711 oculis

452 2742 839 2814 pmiulgentes
884 2751 939 2799 et
978 2742 1385 2813 praecellentes,
1436 2744 1741 2799 secundum
1790 2744 2030 2801 altitudi-

453 2849 579 2889 nem
605 2834 731 2890 εοειί
772 2848 803 2888 a
834 2841 1004 2898 terra,
1046 2842 1105 2888 ut
1137 2833 1272 2888 dicit
1318 2831 1591 2903 Propheta
1619 2836 1658 2888 ¹.
1692 2834 1847 2900 Quod
1893 2838 1939 2890 si
1976 2836 2029 2889 id

453 2935 655 2984 nostra
682 2928 878 2982 anima:
912 2927 1201 2981 usuveniat
1232 2924 1381 2997 quod
1417 2926 1673 2983 audimus
1707 2928 2029 2983 usuvenisse

452 3019 619 3088 Elite;
653 3028 709 3075 et
746 3020 801 3075 in
848 3020 1006 3090 igneo
1052 3033 1217 3073 curru
1271 3027 1550 3087 assumpta
1573 3020 1593 3049 '
1616 3034 1835 3090 quoque
1872 3034 2027 3074 mens
2054 3053 2095 3110 α

453 3119 644 3167 nostra
675 3110 927 3165 sublimis
959 3107 1329 3163 transferatur
1374 3108 1442 3162 ad
1487 3109 1740 3163 caelestes
1785 3110 2026 3178 pulchri-

455 3199 676 3253 tudines
728 3197 1015 3267 (Spiritum
1072 3205 1319 3250 sanctum
1363 3203 1543 3249 autem
1593 3210 1860 3265 ponemus
1904 3212 2026 3253 esse

452 3289 655 3359 ignem,
704 3301 865 3356 quem
918 3285 1181 3339 Dominus
1220 3285 1366 3340 venit
1414 3292 1476 3339 ut
1522 3287 1756 3341 mitteret
1804 3287 1858 3340 in
1914 3294 2025 3342 ter-

451 3394 591 3443 ram,
633 3377 725 3450 qui
760 3379 815 3432 in
848 3378 1030 3447 specie
1073 3377 1381 3448 linguarum
1408 3377 1755 3433 dividebatur
1781 3379 2025 3449 discipu-

450 3468 682 3542 lis),non
726 3469 887 3539 plane
934 3469 1345 3538 desperabimus
1378 3482 1480 3524 nos
1519 3469 1607 3523 bis
1653 3471 1820 3526 astris
1863 3486 2025 3539 posse

450 3563 914 3633 appropinquare,
951 3562 1180 3619 divinis.
1212 3561 1459 3632 inquam,
1507 3562 1794 3617 sententiis
1830 3570 1885 3616 et
1934 3562 2021 3618 in.

450 3655 785 3727 telligentiis,
845 3668 967 3725 quae
1005 3669 1099 3725 per
1150 3654 1397 3713 caelestia
1446 3662 1500 3709 et
1550 3655 1858 3725 spiritualia
1904 3656 2020 3711 elo-

447 3747 577 3818 quia
605 3746 663 3802 in
693 3750 899 3802 nostris
933 3747 1143 3818 fulgent
1172 3748 1262 3802 ani
1289 3748 1391 3801 nis.
1418 3748 1617 3817 Aspice
1647 3751 1791 3803 enim
1826 3750 2022 3802 animo:

447 3837 631 3905 oculo,
681 3846 736 3893 te
770 3838 1043 3908 alloquor,
1079 3852 1112 3892 0
1144 3838 1389 3901 auditor,
1438 3854 1628 3894 vocem
1666 3853 1789 3908 quas
1837 3854 1865 3892 a
1906 3839 2016 3894 Do-

447 3929 597 3984 mino
625 3930 829 3985 emissa
858 3939 942 3985 est
969 3929 1036 3984 ad
1083 3930 1446 4000 patriarcham
1469 3931 1511 3988 ³.
1572 3929 1772 3999 Aspice
1808 3930 1873 3984 ad
1915 3931 2017 3985 hoc

446 4019 668 4083 coelum,
702 4026 758 4075 et
785 4020 908 4075 vide
947 4020 1047 4075 has
1087 4021 1295 4082 stellas,
1334 4020 1380 4075 si
1422 4028 1577 4089 potes
1617 4020 1793 4074 metiri
1826 4019 2015 4074 altitu-

445 4110 629 4165 dinem
656 4109 901 4181 ipsarum
933 4110 1442 4180 intelligentiarum.
1474 4110 1675 4179 Aspice
1697 4110 1897 4178 reginae
1928 4125 2017 4179 po-

445 4208 717 4268 testatem,
751 4216 819 4257 ex
855 4201 1126 4257 mandatis
1164 4200 1289 4271 ejus
1326 4200 1586 4255 virtutem
1628 4198 2011 4262 considerans,

443 4302 646 4364 quanta
673 4309 769 4363 per
800 4308 861 4349 se
900 4293 1181 4363 imperans
1218 4301 1478 4349 cernatur
1505 4291 1808 4347 auctoritas
1848 4290 1904 4345 in
1944 4290 2012 4347 iis

1689 266 1747 323 s.
1786 240 2109 327 euscoriu
2148 268 2442 327 NYSSENI
2857 244 2868 251 ’
3532 285 3613 342 sse

2755 386 2992 442 OMIAIA
3045 387 3099 439 i'.

2221 478 2609 546 Ἐξεγέρθητι,
2640 475 2833 548 Bappo
2848 516 2865 542 ,
2892 478 2989 532 καὶ
3013 478 3208 546 ἔρχου,
3232 452 3502 547 Neri-2,1411
3527 485 3624 541 διά-

2136 578 2408 615 πνευο-ον
2439 562 2637 629 κῆπόν
2672 580 2791 631 μου
2815 602 2829 627 ,
2857 562 2954 616 καὶ
2993 561 3365 630 ρευσάτωσαν
3402 566 3625 637 ἀρώματὰ

2129 665 2268 716 μου.
2309 647 2627 717 Καταϐήτω
2661 647 2984 717 ἀδελφιδός
3005 667 3124 717 μου
3154 652 3232 716 είς
3266 650 3437 717 κῆπον
3458 658 3624 724 αὐτοῦ,

2136 738 2235 789 καὶ
2260 738 2488 808 garritui
2513 739 2743 808 καρπὸν
2769 738 3131 808 ἀκροδρύων.
3153 738 3430 807 Εἰσῆλθον
3457 746 3530 811 εὶς
3548 744 3628 815 κῆ-

2135 829 2253 880 πόν
2270 846 2410 896 μου,
2452 827 2684 898 ἀδελφή
2703 847 2822 898 μου
2850 831 3054 899 νύμφη
3080 846 3093 860 ·
3115 830 3389 899 ἑτρύγησα
3407 837 3629 904 σμύρναν

2136 934 2256 985 μου
2290 916 2437 986 μετὰ
2487 917 2810 987 ἀρωμάτων
2855 935 2996 987 μου.
3037 918 3296 989 Ἔφαγον
3342 921 3501 989 ἄρτον
3540 943 3632 994 μου

2129 1010 2279 1078 μετὰ
2298 1008 2537 1079 μέλιτός
2555 1028 2696 1079 μου,
2718 1009 2890 1064 ἔπιον
2918 1005 3086 1063 οἶνόν
3105 1027 3219 1079 μου
3235 1012 3371 1079 μετὰ
3392 1013 3635 1083 γάλακτός

2132 1118 2274 1170 μου.
2303 1099 2544 1170 Φάγετε,
2580 1102 2633 1153 oi
2663 1100 2929 1178 πλησίον
2951 1118 3091 1169 μου,
3123 1100 3217 1153 καὶ
3237 1101 3389 1155 πίετε
3408 1141 3424 1168 ,
3452 1103 3535 1155 καὶ
3558 1121 3641 1172 με-

2058 1210 2059 1215 η
2135 1192 2421 1259 θύσθητε,
2457 1190 2731 1260 ἀδελφοί.
2772 1189 2913 1260 Ἐγὼ
2940 1189 3202 1247 καθεύδω
3225 1232 3240 1258 ,
3282 1193 3373 1247 καὶ
3398 1195 3435 1263 ἠ
3469 1196 3640 1266 καρδία

2130 1297 2249 1350 μου
2284 1279 2595 1349 ἀγρυπνεῖ.

2207 1368 2322 1442 Τῆς
2344 1372 2438 1426 νῦν
2488 1371 2841 1443 προτεθείσης
2875 1373 3002 1445 ἡμῖν
3034 1373 3142 1427 τῶν
3173 1374 3323 1428 θείων
3362 1376 3519 1447 ῥητῶν
3542 1377 3647 1430 Θεω-

2138 1464 2257 1536 ρίας
2308 1466 2372 1518 ὲκ
2404 1464 2500 1533 τῆς
2531 1463 2624 1517 τοῦ
2678 1463 2955 1536 ’ᾼσματος
3003 1465 3111 1519 τῶν
3163 1464 3431 1536 ’ᾼσμάτων
3463 1469 3659 1522 ἀκολονο-

2137 1554 2258 1619 θίας
2279 1595 2293 1620 ,
2339 1554 2636 1623 δυσέφικτά
2662 1572 2781 1609 τινα
2811 1556 2905 1609 καὶ
2935 1557 3317 1628 κεκαλυμμένα
3338 1559 3401 1612 δι’
3429 1560 3651 1629 ἀσαφείας

2137 1648 2195 1700 ὲν
2217 1647 2548 1718 ἀπορρήτοις
2577 1646 2934 1718 περιεχούσης
2975 1649 3255 1719 νοήματα,
3292 1649 3515 1721 μείζονος
3545 1655 3663 1723 ἡμῖν

2066 1719 2106 1773 Β
2135 1736 2290 1808 χρεία
2317 1737 2412 1806 τῆς
2438 1737 2709 1807 προσοχῆς
2728 1775 2743 1798 ,
2779 1735 2977 1806 μᾶλλον
3003 1736 3058 1789 δὲ
3096 1719 3337 1802 πλείονος
3359 1739 3451 1810 τῆς
3467 1739 3544 1794 διὰ
3567 1719 3654 1793 τῶν

2134 1826 2307 1899 εὐχῶν
2341 1826 2631 1897 συνεργίας
2655 1869 2670 1893 ,
2704 1825 2795 1879 καὶ
2826 1826 2922 1897 τῆς
2956 1827 3108 1897 παρά
3140 1827 3231 1880 τοῦ
3261 1826 3410 1897 ἁγίου
3445 1829 3657 1900 Πνεύμαο

2132 1934 2222 1982 τος
2248 1918 2498 1989 ὁδηγίας*
2521 1917 2595 1981 ὡς
2623 1917 2688 1971 ἂν
2726 1919 2801 1988 μὴ
2829 1918 3022 1972 ταύτὸν
3055 1918 3322 1990 πάθοιμεν
3349 1920 3436 1973 ἐπὶ
3463 1921 3553 1991 τῆς
3574 1920 3660 1973 τῶν

2137 2011 2352 2081 ὑψηλῶν
2377 2010 2581 2064 τούτων
2612 2008 2901 2079 θαυμάτων
2938 2009 3281 2080 ἐκπλήξεως,
3310 2011 3436 2082 ὅπερ
3472 2010 3554 2063 καὶ
3588 2011 3660 2063 ἐστὶ

2132 2104 2240 2157 τῶν
2284 2103 2533 2173 ἀστέρων
2577 2102 2804 2166 πάσχειν
2857 2101 3151 2172 εἰώθαμεν.
3182 2103 3291 2157 Καὶ
3329 2102 3432 2173 γὰρ
3480 2102 3664 2156 ἐκείνων

2132 2192 2412 2265 πόρρωθεν
2437 2192 2498 2245 τὸ
2526 2191 2720 2255 κάλλος
2748 2192 3122 2262 θαυμάζοντες
3142 2234 3156 2259 ,
3184 2192 3433 2264 οὐδεμίαν
3458 2194 3666 2264 μηχανὴν

2132 2284 2416 2355 ἐπινοῆσαι
2447 2282 2722 2354 δυνάμεθα
2763 2284 2899 2354 πρὸς
2952 2284 3014 2337 τὸ
3044 2283 3257 2352 γνῶναι
3288 2284 3383 2351 τὴν
3411 2283 3569 2338 κτίσιν
3590 2284 3670 2335 ait-

2132 2377 2267 2431 τῶψ
2303 2376 2439 2430 ἀλλὰ
2473 2375 2559 2429 διὰ
2584 2374 2677 2428 τοῦ
2705 2375 2931 2438 κάλλους
2962 2359 3153 2430 αὐτῶν
3180 2377 3327 2430 ἐστιν
3356 2377 3530 2446 ήμίνή
3560 2376 3671 2430 ἀπό-

2129 2466 2351 2533 λαυσις,
2386 2465 2448 2518 τὸ
2487 2465 2875 2536 θαυμαστικῶς
2922 2466 3051 2536 περὶ
3081 2464 3150 2519 τὺ
3198 2467 3507 2537 φαινόμενον
3535 2466 3670 2536 ἔχειν.

2143 2555 2394 2628 Ἀστὲρες
2426 2557 2535 2628 γάρ
2558 2555 2702 2620 τινές
2729 2557 2866 2611 εἰσιν
2892 2557 3143 2626 ἀτεχνῶς
3172 2559 3230 2610 αξ
3265 2556 3369 2612 τῶν
3397 2557 3544 2611 Θείων
3575 2556 3674 2610 τού·

2128 2670 2235 2706 των
2271 2652 2467 2721 λογίων
2497 2651 2854 2725 μαρμαρυγαί
2893 2668 2951 2705 τε
2976 2651 3074 2705 καὶ
3108 2651 3448 2722 λαμπηδόνες
3472 2652 3571 2706 τῶν
3597 2651 3679 2720 τῆς

2127 2743 2303 2814 ψυχῆς
2334 2743 2594 2814 ὀμμάτων
2639 2742 3097 2814 ὑπερλάμπουσαε
3134 2759 3195 2796 τε
3244 2744 3339 2797 καὶ
3383 2742 3676 2811 ὑπερκείμε.

2128 2852 2216 2890 ναι
2247 2876 2261 2901 ,
2298 2834 2441 2889 κατὰ
2474 2834 2535 2887 τὸ
2572 2833 2704 2903 Udo;
2749 2833 2843 2887 τοῦ
2890 2833 3130 2903 ούρανοῦ
3181 2832 3292 2889 ἀπὸ
3337 2833 3437 2903 τῆς
3466 2834 3593 2902 γῆς,
3620 2829 3681 2892 ὣς

2130 2943 2292 2997 φησιν
2316 2928 2346 2979 ό
2386 2925 2692 2997 Προφήτης.
2728 2924 2791 2977 Et
2827 2924 2884 2977 δὲ
2916 2923 3135 2992 γένοιτο
3167 2924 3421 2994 καὶκπερὶ
3447 2925 3539 2988 τὴν
3564 2924 3680 2991 in”.

2127 3020 2292 3090 τέραν
2315 3017 2512 3089 ψυχὴν,
2544 3017 2575 3070 ὃ
2613 3017 2742 3088 περὶ
2773 3016 2864 3071 τὸν
2913 3014 3105 3069 Ἠλίαν
3136 3015 3410 3085 ἀκούομεν
3429 3029 3440 3040 ·
3469 3014 3557 3067 καὶ
3572 3014 3683 3066 ἁνα-

2134 3111 2397 3182 ληιρθεῖσα
2420 3108 2499 3179 τῷ
2528 3109 2738 3179 πυρίνῳ
2772 3108 2975 3178 ἅρματι
3001 3108 3169 3178 ἡμῶν
3195 3109 3228 3178 ἡ
3259 3105 3484 3170 διάνοια,
3515 3103 3684 3173 μετάρ-

2134 3220 2247 3264 σιος
2280 3200 2415 3272 πρὸς
2443 3202 2512 3253 τά
2538 3199 2763 3270 οὐράνια
2804 3198 2975 3268 κάλλη
3019 3198 3352 3269 μετατεθείη
3388 3192 3685 3267 (Πνεῦμαδὲ

2133 3296 2284 3364 ἅγιον
2308 3289 2449 3345 εἶναι
2473 3291 2535 3344 τὺ
2561 3290 2669 3362 πῦρ
2692 3291 3041 3361 ὲννοήσομεν,
3074 3290 3226 3363 ὅπερ
3263 3290 3474 3360 βάλλειν
3505 3288 3586 3341 ἐπὶ
3610 3284 3688 3359 τὴν

2130 3385 2232 3455 γῆν
2258 3377 2421 3454 ἦλθεν
2445 3383 2473 3434 ό
2507 3380 2713 3452 Κύριος
2732 3421 2746 3445 ,
2777 3382 2836 3436 τὸ
2865 3382 2922 3434 ὲν
2947 3381 3221 3449 γλωσσῶν
3247 3381 3377 3434 εῖδει
3409 3383 3515 3442 τοῖς
3541 3376 3687 3448 p.101}-

2129 3478 2246 3539 ταῖς
2281 3472 2655 3545 μεριζόμενον)
2681 3510 2695 3535 ,
2741 3471 2842 3530 οὐκ
2875 3471 2973 3524 ἀπ’
2998 3470 3227 3535 ἐλπίδος
3260 3474 3394 3542 ἡμῖν
3437 3471 3689 3539 γενήσεται

2128 3570 2189 3622 τὸ
2215 3568 2508 3638 πλησιάσαι
2540 3566 2749 3629 τούτοις
2774 3568 2888 3631 τοῖς
2931 3567 3162 3637 ἄστροις
3183 3607 3198 3632 ,
3236 3570 3362 3630 τοῖς
3396 3566 3550 3628 θείοις
3573 3564 3691 3631 λέγω

2129 3660 2391 3729 νοήμασι.
2419 3660 2533 3721 τοῖς
2551 3656 2639 3710 διὰ
2666 3656 2772 3710 τῶν
2814 3656 3086 3728 οὐρανίων
3110 3675 3174 3710 τε
3203 3659 3301 3711 καὶ
3338 3653 3693 3727 πνευματικῶν

2126 3750 2320 3817 λογίων
2370 3750 2467 3812 τὰς
2515 3747 2692 3818 ψυχὰς
2745 3747 2903 3817 ἡμῶν
2941 3749 3508 3820 περιαστράπτουσιν.
3558 3745 3689 3799 Ἀνά-

2125 3837 2319 3909 ϐλεψον
2347 3837 2455 3908 γὰρ
2495 3836 2574 3907 τῷ
2612 3836 2709 3907 τῆς
2748 3836 2927 3907 ψυχῆς
2954 3837 3232 3909 ὀφθαλμῷ
3260 3880 3274 3903 ,
3312 3838 3449 3909 πρὸς
3486 3838 3542 3890 σὲ
3574 3835 3693 3903 λέγω

2123 3928 2213 3981 τὸν
2245 3926 2516 3998 ἀκροατὴν
2540 3966 2554 3991 ,
2587 3926 2688 3995 τὴν
2729 3925 2865 3995 πρὸς
2896 3926 2987 3978 τὸν
3031 3926 3395 3999 πατριάρχην
3425 3923 3691 3994 γενομένην

2124 4016 2274 4088 παρὰ
2316 4016 2409 4069 τοῦ
2437 4014 2638 4085 Κυρίου
2668 4015 2851 4086 φωνὴν
2873 4052 2891 4078 ,
2918 4015 3239 4086 ἀνάϐλεψον
3269 4020 3355 4082 εἰς
3380 4017 3472 4070 τὸν
3497 4011 3695 4086 οὐρανὸν

2120 4111 2307 4164 τοῦτον
2326 4149 2340 4174 ,
2371 4109 2462 4162 καὶ
2499 4107 2575 4162 ἴδε
2606 4109 2732 4170 τοὺς
2758 4107 2994 4178 ἀστέρας
3013 4147 3029 4171 ,
3066 4111 3118 4161 εἰ
3158 4108 3397 4162 δύνασαι
3429 4106 3595 4162 αὐτῶν
3615 4105 3690 4155 ὲκ-

2124 4201 2391 4274 μετρῆσαι
2418 4202 2526 4254 τῶν
2550 4201 2837 4271 νοημάτων
2867 4199 2928 4253 τὸ
2950 4199 3106 4269 ὕψος.
3141 4201 3325 4255 Βλέπε
3352 4202 3454 4272 τὴν
3481 4195 3694 4263 ἐξουσίαν

2119 4292 2219 4362 τῆς
2259 4291 2528 4362 βασιλίδος
2555 4293 2617 4344 ὲκ
2646 4290 2755 4344 τῶν
2801 4292 3258 4361 προσταγμάτων
3309 4291 3480 4361 αὐτῆς
3502 4289 3592 4358 τὴν
3615 4285 3690 4337 δυ·

442 4398 564 4454 qum
598 4383 876 4439 dicuntur.
908 4382 1035 4438 Non
1055 4385 1200 4440 enim
1228 4383 1485 4454 precibus
1520 4390 1576 4437 et
1613 4382 1752 4437 votis
1786 4380 1839 4435 id
1866 4380 2011 4451 quod

2126 4383 2368 4435 ναττείαν
2402 4383 2741 4453 κατανοήσας
2760 4421 2773 4447 ,
2799 4381 2875 4445 ὡς
2920 4382 3383 4455 αὐτοκρατορικὴ
3417 4399 3501 4445 τις
3530 4375 3692 4433 αύθενυ

442 4477 558 4530 vult
586 4474 769 4540 eﬂicit,
803 4475 901 4531 sed
937 4474 1327 4530 convenienter
1361 4474 1481 4527 voci
1516 4474 1639 4542 ejus
1687 4473 1779 4542 qui
1807 4473 2014 4541 promi-

442 4569 535 4633 sit,
565 4568 659 4640 qui
695 4568 916 4639 quidem
960 4568 1099 4623 dicit
1129 4566 1339 4621 ﬁdelem
1368 4574 1422 4619 et
1448 4565 1768 4634 prudentem
1797 4563 2016 4631 dispen-

442 4671 679 4716 satorem
711 4660 915 4717 iactum
949 4675 1072 4715 esse
1093 4659 1377 4713 dominum
1417 4658 1659 4710 omnium
1686 4670 1810 4725 quas
1851 4654 2016 4711 habet

444 4751 762 4808 Dominus‘.
821 4752 933 4807 [lac
982 4757 1207 4821 accepta
1269 4754 1578 4819 potestate,
1644 4745 1789 4815 regis
1840 4746 2017 4801 instar

441 4839 581 4893 duos
625 4847 822 4895 ventos
860 4840 1026 4907 regit,
1075 4847 1132 4893 et
1167 4836 1472 4907 dispensat,
1507 4843 1568 4890 ut
1612 4834 1719 4893 sibi
1757 4835 2013 4889 videtur:

441 4930 751 5001 aquilonem
798 4929 1015 5000 quidem
1048 4930 1151 4985 sibi
1180 4944 1499 5000 segregans,
1539 4937 1785 4981 austrum
1832 4934 2012 4980 autem

442 5020 677 5090 benigne
722 5035 956 5086 vocans,
1008 5029 1061 5075 et
1104 5035 1305 5093 urgens
1350 5028 1410 5074 ut
1470 5017 1541 5073 ad
1579 5032 1642 5073 se
1688 5015 1888 5072 veniat.
1934 5018 2013 5069 lta

442 5118 622 5166 autem
662 5110 825 5167 habet
854 5119 1143 5168 contextus
1185 5110 1442 5167 dictionis
1472 5109 1693 5180 :Surge,
1727 5107 1929 5178 aquilo,
1964 5116 2012 5160 et

438 5202 577 5268 veni,
601 5212 801 5259 auster.

512 5399 660 5454 Licet
676 5398 909 5454 fortasse
938 5398 1185 5453 invenire
1208 5398 1261 5450 in
1294 5396 1475 5451 verbis
1506 5392 1843 5451 centurionis
1861 5391 2008 5446 aliud

437 5488 583 5560 quod
608 5488 845 5558 aliquam
880 5488 1041 5542 habet
1071 5485 1450 5557 cognationem
1479 5492 1533 5539 et
1565 5482 2006 5554 conjunctionem

521 5662 539 5694 ’
580 5660 722 5718 Psal.
762 5677 857 5729 cn,
896 5662 980 5719 ll.
1057 5665 1077 5696 ³
1115 5661 1180 5718 1V
1218 5661 1349 5734 Reg.
1382 5678 1443 5730 tt,
1474 5661 1557 5717 ll.
1635 5661 1654 5692 ³
1681 5659 1878 5717 Cenes.
1907 5675 1995 5724 xv,
2047 5656 2080 5711 5
2113 5672 2231 5727 sqq.

2116 4473 2235 4528 τεία
2274 4476 2385 4536 τοῖς
2421 4472 2738 4543 λεγομένοις
2780 4473 3132 4544 ἐμφαίνεται.
3178 4475 3260 4527 Οὐ
3297 4475 3412 4545 γάρ
3456 4472 3520 4524 δι’
3551 4464 3690 4536 εὐχῆς

2116 4565 2374 4637 κατορθοῖ
2395 4567 2529 4637 ὅπερ
2560 4565 2846 4636 βούλεται,
2883 4563 3019 4619 ἀλλὰ
3049 4565 3203 4619 κατὰ
3247 4564 3350 4637 τὴν
3392 4561 3589 4635 ἀψευδῆ
3614 4554 3690 4611 τοῦ

2116 4654 2580 4728 ἐπαγγειλαμένου
2613 4657 2793 4728 φωνὴν
2813 4697 2828 4719 ,
2855 4658 2914 4719 ὅς
2949 4654 3085 4727 φησι
3112 4659 3214 4710 τὸν
3247 4657 3446 4711 πιστὸν
3472 4654 3559 4708 καὶ
3585 4648 3689 4719 (ἕρδ’

2086 4798 2091 4803 ,
2117 4765 2269 4819 νιμον
2298 4748 2578 4817 οἰκονόμον
2609 4749 2821 4821 πάντων
2840 4747 2945 4798 τῶν
2972 4746 3351 4817 ὑπαρχόντων
3379 4744 3461 4817 τῷ
3482 4740 3689 4807 Asmira

2119 4839 2306 4916 κύριον
2351 4837 2614 4906 γίνεσθαι.
2663 4832 2877 4905 Ταύτης
2907 4835 3294 4907 ἐπιλαϐομένη
3327 4835 3430 4905 τῆς
3456 4829 3687 4897 ἐξουσίας,

2122 4930 2413 5003 βασιλικῶς
2446 4930 2610 5001 ἑαυτῇ
2661 4930 2939 4983 διοικεῖται
2982 4928 3050 4982 τά
3103 4928 3442 5000 καταθύμια
3495 4924 3593 4978 τῶν
3618 4916 3689 4972 5'30

2120 5025 2371 5094 ἀνέμωνο
2411 5023 2501 5075 τὸν
2550 5022 2647 5093 μὲν
2678 5022 2886 5094 Βορρᾶν
2934 5018 3020 5073 διὰ
3074 5021 3521 5091 προστάγματος
3554 5010 3687 5077 ἑαυτῇ

2122 5115 2454 5186 ἀφορίζουσα
2478 5132 2491 5143 ’
2522 5113 2611 5166 τὸν
2638 5113 2691 5165 δὲ
2723 5112 2909 5177 Νότον,
2943 5110 3305 5181 φιλοφρόνως
3335 5108 3588 5166 καλοῦσα,
3615 5098 3685 5155 κειῖ

2124 5207 2258 5277 πρὸς
2288 5206 2482 5278 ἑαυτὴν
2531 5203 2704 5256 ἐλθεῖν
2735 5201 3166 5268 κατεπείγουσα.
3220 5204 3384 5271 Ἔχει
3414 5202 3471 5254 δὲ
3575 5191 3686 5255 λέξις

2116 5296 2289 5360 οὓτως
2313 5310 2326 5323 '
2355 5294 2742 5365 Ἐξεγέρθητί,
2775 5293 2987 5360 limited,
3022 5294 3127 5346 καὶ
3163 5293 3387 5363 ἔρχου,
3420 5292 3582 5347 Νότε.

2186 5387 2336 5459 Τάχα
2383 5405 2435 5440 τι
2477 5384 2734 5453 συγγενὲς
2784 5383 2895 5436 ἔστι
2927 5385 3035 5446 τοῖς
3070 5382 3415 5456 λεγομένοις
3452 5380 3618 5451 εὑρεῖν
3642 5374 3688 5424 ἐν
3798 5374 3801 5377 ’

2114 5484 2224 5545 τοῖς
2269 5478 2660 5549 ἑκατοντάρχου
2713 5475 2923 5545 λόγοις,
2960 5475 3055 5538 οὓς
3108 5475 3288 5540 αὐτὸς
3331 5478 3360 5530 ό
3388 5473 3520 5537 Θεὸς
3545 5464 3689 5535 Λόγος

2310 5654 2326 5686 ⁸
2350 5654 2480 5710 Luc.
2515 5667 2608 5718 xu,
2643 5651 2729 5705 42.
