3948 6192
273 255 363 312 θδι

1322 266 1389 322 ΙΝ
1419 267 1717 326 CANTICA
1756 266 2025 326 CANTIC.
2068 266 2350 325 HOMILIA
2389 271 2457 325 Χ.

3406 267 3512 336 983

272 368 560 441 ἐθαύμασε,
593 373 776 440 καθὼς
803 376 832 430 ὀ
858 378 1260 454 Εὑαγγελιστὴς
1287 384 1611 457 διηγήσατο,
1635 388 1807 456 λέγων
1827 405 1839 421 ο

1954 398 2064 437 :um
2115 384 2184 438 iis
2231 398 2352 453 quae
2403 381 2491 436 hic
2542 380 2818 437 dicuntur.
2888 379 3020 447 Quae
3073 379 3293 453 quidem
3348 381 3511 439 verba

270 466 343 517 δτι
384 463 671 533 Ἀκούσας
693 467 762 521 δὲ
801 470 1037 538 Ἰησοῦς
1055 473 1379 544 ἐθαύμασε,
1409 478 1503 532 καὶ
1534 478 1839 551 ὐπερέθηκε

267 559 356 628 τῆς
409 556 505 610 τοῦ
572 559 791 631 Ἰσραὴλ
842 562 1082 629 πίστεως
1129 565 1230 638 τὴν
1289 569 1383 622 τοῦ
1441 570 1839 644 ἑκατοντάρχου

270 647 467 720 φωνήν.
498 646 575 703 Οὐ
609 650 723 722 γὰρ
759 653 897 722 πρὸς
928 655 1019 711 τὸν
1052 656 1179 712 λαόν
1201 676 1289 729 μοι
1319 660 1467 715 δοκεῖ
1492 662 1583 716 τὸν
1626 665 1839 734 Ἰσραη-

263 751 455 804 imth
496 750 764 804 ποιεῖσθαι
800 751 892 803 τὸν
951 753 1372 822 Ἑκατόνταρχον
1405 753 1503 822 τὴν
1552 753 1834 823 σύγκρισιν

254 838 406 911 ἐντῷ
436 839 538 909 τῆς
582 839 821 903 πίστεως
848 839 992 912 λόγῳ
1011 880 1027 904 ,
1078 842 1215 896 ἀλλά
1247 844 1383 914 πρὸς
1416 844 1578 898 αὐτὸν
1628 847 1833 898 ἐκεῖνον

260 934 342 987 τὸν
380 932 598 1005 Ἰσραήλ
620 951 633 964 ·
664 932 723 997 ὃς
770 934 828 987 ἐν
855 937 921 1006 τῇ
965 935 1103 1006 πρὸς
1127 935 1218 989 τὸν
1250 937 1623 1008 ἀντικείμενον
1666 936 1831 1008 πάλῃ,

264 1025 395 1098 μετὰ
428 1026 528 1097 τῆς
559 1024 655 1079 τοῦ
700 1026 836 1080 Θεοῦ
874 1028 1194 1098 συμμαχίας
1225 1028 1383 1098 μόγις
1415 1028 1475 1082 τὸ
1508 1028 1710 1099 πτῶμα
1732 1028 1837 1081 διέ-

262 1135 456 1188 φυγεν,
492 1119 594 1173 οὐκ
639 1117 883 1189 ἀκριϐῶς
906 1121 1004 1189 τῆς
1034 1118 1130 1173 τοῦ
1158 1120 1451 1174 ἀντιπάλου
1485 1120 1688 1191 βλάϐης
1734 1118 1838 1184 ἔξω

261 1211 567 1283 γενόμενος.
605 1213 694 1265 Ἐν
731 1210 842 1284 γὰρ
877 1212 955 1284 τῷ
988 1212 1149 1285 μηρῷ
1176 1214 1238 1267 τὸ
1269 1212 1442 1277 πάθος
1472 1214 1709 1278 ἐδέξατο.
1738 1208 1840 1267 Οὗ-

260 1322 344 1369 τος
377 1305 436 1358 δὲ
465 1306 495 1357 ὁ
529 1306 965 1378 Ἐκατοντάρχης
988 1347 1002 1369 ,
1039 1306 1170 1377 περὶ
1216 1300 1277 1361 οὗ
1318 1306 1412 1360 ν’ύν
1444 1308 1472 1360 ὁ
1518 1307 1674 1376 λόγος
1700 1306 1835 1368 ἐστὶ,

264 1397 515 1469 βασιλικῇ
560 1415 667 1451 τινι
724 1398 950 1468 δυνάμει
999 1398 1061 1450 τὸ
1099 1398 1377 1469 ἀλλότριον
1424 1398 1541 1453 κατ’
1593 1397 1840 1462 ἐξουσίαν

261 1490 753 1559 ἀποπεμπόμενος,
779 1488 1075 1542 οἰκειοῦται
1100 1488 1164 1542 τὸ
1189 1487 1546 1560 καταθύμιον.
1576 1489 1698 1541 Ἐπὶ
1718 1485 1843 1540 τού-

263 1596 333 1651 τῳ
356 1580 473 1652 γάρ
505 1598 598 1651 μοι
623 1581 772 1634 δοκεῖ
806 1580 1040 1652 μάλιστα
1061 1583 1419 1653 τετυχηκέναι
1444 1581 1535 1636 τοῦ
1568 1580 1842 1652 θαύματος

262 1672 287 1722 ὁ
313 1672 492 1742 ἀνήρ’
522 1671 604 1725 ὅτι
657 1671 824 1742 φησὶν
866 1673 924 1725 ἐν
952 1673 1065 1735 τοῖς
1104 1672 1439 1744 προχειρίοις
1478 1670 1641 1725 αὐτοῦ
1674 1687 1840 1741 στρα-

1938 475 2312 539 centurionis,
2384 474 2498 540 ipse
2549 473 2689 528 Deus
2745 472 2982 528 Verbum
3035 479 3120 529 est
3174 472 3510 539 admiratus,

1938 568 2081 621 sicut
2117 566 2451 633 evangelista
2493 565 2773 630 narravit,
2815 566 3005 620 dicens
3036 583 3048 618 :
3085 563 3216 631 Qua:
3246 580 3364 618 cum
3416 581 3514 618 au-

1937 659 2101 714 disset
2145 657 2327 717 Jesus.
2377 658 2603 712 miratus
2651 658 2794 719 θεῖ’.
2839 667 2894 713 ct
2934 671 3121 713 vocem
3170 657 3511 711 centurionis

1936 752 2176 823 praetulit
2210 750 2332 807 ﬁdei
2370 751 2608 807 lsraelis.
2650 749 2768 805 Non
2796 749 2942 805 enim
2969 747 3103 804 mihi
3138 750 3349 803 videtur
3375 764 3508 806 con-

1938 844 2082 900 ferre
2125 844 2500 901 centurionem
2548 858 2674 898 cum
2727 842 2928 912 populo
2974 839 3277 895 Israelitico
3318 840 3373 893 in
3424 854 3512 894 ra-

1941 935 2092 1000 tione
2122 935 2267 1001 ﬁdei,
2300 934 2394 990 sed
2424 950 2548 989 cum
2585 933 2703 1003 ipso
2733 931 2928 988 lsraele
2959 950 2972 985 :
3003 932 3099 1002 qui
3127 931 3182 984 in
3207 930 3352 984 lucta
3382 944 3512 984 cum

1941 1027 2258 1082 adversario
2284 1040 2409 1080 cum
2445 1024 2535 1081 Dei
2582 1024 2788 1079 auxilio
2832 1025 2920 1078 vix
2952 1024 3126 1078 erasit
3168 1037 3237 1077 ne
3269 1020 3512 1085 caderet,

1939 1133 2039 1174 nec
2097 1118 2231 1172 abiit
2267 1119 2484 1189 penitus
2548 1118 2751 1172 illaesus
2816 1116 2885 1170 ab
2935 1103 3250 1171 adversario
3300 1113 3513 1170 :lazsus

1937 1213 2082 1265 enim
2120 1210 2223 1266 fuit
2272 1212 2326 1265 in
2374 1210 2599 1265 femore.
2634 1207 2732 1263 Hie
2762 1215 2942 1263 autem
2982 1206 3251 1269 centurio,
3299 1206 3367 1260 de
3404 1220 3513 1274 quo

1942 1319 2124 1360 sermo
2145 1312 2229 1359 est
2260 1303 2316 1357 in
2342 1301 2652 1373 prmsentia,
2686 1300 2832 1370 regia
2865 1306 3131 1369 potestate
3155 1314 3252 1369 pro
3285 1299 3515 1369 imperio

1943 1396 2201 1451 amandat
2249 1394 2302 1447 id
2350 1394 2497 1463 quod
2548 1399 2632 1449 est
2677 1392 2934 1453 alienum,
2978 1390 3203 1445 aseiscit
3248 1398 3429 1444 autem
3460 1396 3516 1444 et

1943 1488 2010 1543 ad
2059 1503 2215 1544 suam
2262 1485 2500 1541 admittit
2540 1483 2963 1538 familiaritatem
3004 1480 3057 1535 id
3096 1481 3245 1550 quod
3285 1489 3371 1535 est
3411 1480 3515 1535 sibi

1941 1589 2175 1653 gratum.
2206 1582 2258 1634 ls
2293 1581 2435 1634 enim
2457 1586 2743 1647 propterea
2776 1573 3010 1629 maxime
3036 1572 3248 1627 videtur
3277 1571 3517 1626 admira-

1951 1673 2099 1727 tione
2120 1670 2321 1741 dignus
2365 1668 2554 1730 fuisse,
2604 1665 2750 1736 QIIOd
2800 1664 2946 1719 dicat
2995 1678 3054 1719 se
3102 1664 3157 1718 in
3195 1663 3281 1718 bis
3319 1662 3414 1733 qui
3459 1662 3517 1715 in

264 1731 481 1827 τιώτάίς
510 1766 568 1817 ἐν
600 1731 890 1835 αύθέντικῇ
927 1731 1160 1835 ἐξουσίᾳ.
1176 1731 1597 1834 ἀποπέμπεσθαι
1628 1763 1686 1817 ὃν
1720 1731 1843 1833 $.06-

1954 1761 2072 1831 ejus
2118 1731 2246 1815 sunt
2288 1764 2557 1829 potestate
2611 1731 2898 1818 militibus,
2935 1768 3033 1808 sua
3078 1731 3407 1805 auctoritate
3454 1748 3516 1801 li-

262 1857 407 1909 λεται
434 1894 450 1920 ,
483 1856 579 1908 καὶ
619 1855 1051 1926 προσκαλεῖσθαι
1084 1854 1174 1908 τὸν
1219 1855 1553 1926 καταθύμιον
1577 1870 1596 1917 ,Α
1643 1855 1735 1908 καὶ
1763 1850 1842 1923 τῷ

262 1946 430 2019 δούλῳ
463 1947 567 2020 τὴν
612 1946 957 2018 καθήκουσαν
996 1947 1301 2001 ἐπιτάττειν
1349 1946 1670 2018 ὑπηρεσίαν.
1729 1946 1843 1999 Kci-

264 2042 341 2093 κεῖ
363 2041 481 2111 γὰρ
510 2040 798 2110 φιλοσοφία
835 2057 917 2102 τις
953 2041 1013 2093 ἐν
1038 2042 1105 2110 τῇ
1138 2039 1232 2094 τοῦ
1270 2040 1697 2110 Ἐκατοντάρχου
1730 2055 1843 2106 φω-

263 2134 320 2203 νῇ
342 2172 358 2194 ,
392 2132 481 2185 ὅτι
511 2131 605 2185 τὸν
636 2130 784 2195 ᾶπαξ
820 2131 1250 2203 ἀποπεμφθέντα
1280 2131 1463 2186 οὐκέτι
1496 2131 1629 2202 πρὸς
1658 2127 1846 2183 ἑαυτὸν

264 2223 565 2292 ἐπανάγει·
599 2223 735 2276 ἀλλὰ
774 2222 962 2276 τούτου
1012 2222 1478 2294 ἀποφοιτήσαντος
1502 2222 1689 2293 ἕτερον
1730 2220 1844 2273 ἀντ’

266 2314 430 2368 αὐτοῦ
469 2314 839 2376 εἰσοικίζεται.
873 2311 1043 2367 Τοῦτο
1068 2313 1178 2383 γὰρ
1211 2311 1497 2375 είπὼν,ὃτι
1510 2302 1847 2371 Πορεύθητι,

213 2409 220 2415 ’
264 2409 353 2462 καί
390 2407 737 2475 πορεύεται,
770 2404 927 2460 ἄλλον
970 2404 1394 2475 προσκαλεῖσθαι
1424 2419 1587 2474 φησιν
1616 2441 1630 2465 ,
1663 2402 1760 2471 οὐχ
1788 2399 1846 2453 ὃν

265 2497 653 2567 ἀπεπέμψατο.
685 2494 1040 2557 Παιδεύοντος
1078 2490 1229 2565 οἶμαι
1250 2488 1343 2547 τὸὖ
1387 2492 1550 2561 λόγου
1576 2492 1637 2546 τὸ
1672 2491 1847 2546 τοιοῦ-

264 2607 347 2644 τον
388 2588 617 2658 δόγμα,
652 2587 733 2639 ὅτι
774 2586 845 2640 τά
891 2584 1141 2655 ἀλλήλοις
1193 2583 1540 2653 ἀντικείμενα
1582 2582 1661 2653 τῷ
1701 2580 1848 2651 αὐτῷ

265 2682 375 2753 μετ’
414 2679 671 2750 ἀλλήλων
702 2676 1187 2746 συνεπιχωριάζειν
1218 2674 1378 2744 φύσιν
1419 2675 1517 2727 οὐκ
1552 2673 1683 2743 ἔχει.
1730 2675 1850 2726 Οὐ·-

263 2772 426 2843 δεμία
470 2774 585 2841 γὰρ
644 2768 900 2823 κοινωνία
955 2768 1094 2836 φωτὶ
1141 2768 1282 2838 πρὸς
1335 2766 1555 2831 σκότος,
1604 2754 1768 2836 φησὶν
1820 2766 1848 2818 ὁ

274 2862 607 2924 Ἀπόστολος
631 2878 645 2891 ο
680 2859 793 2914 ἀλλ’
821 2858 1033 2929 ἀνάγκη
1065 2858 1216 2912 πᾶσα
1231 2856 1324 2910 τοῦ
1354 2857 1574 2920 σκότους
1605 2856 1851 2927 ἐκχωρή-

265 2971 456 3017 σαντος
475 2994 492 3018 ,
523 2950 640 3022 φῶς
665 2946 801 3004 εἶναι
829 2949 892 3003 τὸ
915 2950 1030 3004 ἀντ’
1064 2949 1272 3002 ἐκείνου
1303 2946 1598 3019 ὁρώμενον,
1624 2947 1720 3001 καὶ
1752 2949 1849 3018 τῆς

263 3048 463 3110 κακίας
511 3044 755 3098 ἐκποδὼν
792 3042 1120 3113 γενομένης,
1158 3040 1257 3111 τὴν
1307 3039 1507 3112 ἀρετὴν
1544 3039 1851 3107 ἀντεισάγε-

266 3140 418 3194 σθαι·
456 3137 650 3192 τούτου
683 3137 739 3190 δέ
768 3134 1232 3207 κατορθωθέντος,
1271 3134 1465 3205 μηκέτι
1495 3133 1555 3185 τὸ
1595 3133 1851 3203 φρόνημα

262 3231 351 3300 τῆς
382 3229 602 3300 σαρκὸς
627 3227 898 3299 ἀνταίρειν
940 3225 1018 3296 τῷ
1044 3224 1333 3295 πνεύματι.
1370 3223 1516 3293 Μηδὲ
1563 3223 1670 3293 γὰρ
1695 3224 1853 3277 δύνα-

265 3323 383 3376 σθαι
423 3319 799 3391 νεκρωθείσης
825 3318 988 3373 αύτοῦ
1019 3318 1117 3385 τῆς
1149 3319 1229 3380 είς
1258 3316 1317 3369 τὸ
1336 3314 1656 3369 ἀντιτείνειν
1687 3315 1850 3369 δυνά-

263 3432 410 3487 μεως
430 3455 450 3479 ,
484 3411 625 3468 ἀλλά
656 3411 793 3480 πρὸς
834 3410 1010 3465 πᾶσαν
1041 3408 1389 3479 καθήκουσαν
1422 3408 1724 3478 ὑπηρεσίαν
1772 3407 1854 3460 εύ-

263 3509 417 3563 θετον
460 3504 747 3577 γίνεσθαι,
778 3507 845 3575 τῇ
877 3502 1167 3573 δυναστείᾳ
1192 3500 1286 3554 τοῦ
1330 3499 1636 3570 πνεύματος
1672 3499 1854 3551 εὐπει-

261 3602 349 3665 θὲς
380 3599 642 3671 ὑπάρχον
668 3598 764 3650 καὶ
809 3596 1146 3667 ὑποχείριον.
1184 3594 1352 3647 Ὅταν
1395 3591 1503 3663 γάρ
1544 3589 1852 3661 ἀπώιωχθῇ

266 3694 363 3761 μὲν
389 3695 425 3746 ὁ
464 3694 567 3761 τῆς
597 3689 793 3752 κακίας
830 3685 1118 3756 σύμμαχος
1143 3682 1477 3755 στρατιώτης
1497 3723 1511 3745 ,
1542 3681 1854 3751 ἁντεισέ).οῃ

265 3782 321 3835 δὲ
348 3784 380 3836 ὁ
406 3781 519 3851 τῆς
550 3779 751 3850 ἀρετῆς
776 3775 1000 3846 ὁπλίτης
1022 3817 1035 3839 ,
1062 3773 1357 3837 ἐνδεδυκὼς
1373 3773 1465 3826 τὸν
1492 3772 1714 3840 θώρακα
1756 3773 1855 3838 τῆς

261 3872 624 3942 δικαιοσύνης
645 3912 656 3927 .
691 3870 784 3923 καὶ
830 3868 928 3938 τὴν
981 3866 1255 3937 μάχαιραν
1286 3865 1380 3917 τοῦ
1430 3863 1735 3935 πνεύματος
1767 3862 1855 3916 διά

260 3966 454 4039 χειρὸς
511 3962 727 4033 φέρων,
774 3957 1209 4030 προϐαλλόμενος
1250 3955 1308 4008 δὲ
1358 3955 1428 4008 τὰ
1477 3956 1857 4027 σκεπαστήρια

260 4058 368 4113 τῶν
392 4057 609 4118 ὅπλων,
636 4056 735 4125 τήν
754 4070 815 4105 τε
853 4049 1287 4122 περικεφαλαίαν
1316 4048 1407 4102 τοῦ
1426 4048 1701 4120 σωτηρίου
1723 4088 1737 4112 ,
1764 4048 1857 4100 καὶ

263 4151 351 4203 τὸν
380 4146 591 4219 θυρεόν
620 4147 722 4217 τῆς
760 4146 998 4207 πίστεως
1024 4184 1038 4208 ,
1072 4144 1166 4197 καὶ
1191 4144 1372 4196 πᾶσαν
1396 4141 1574 4213 φέρων
1598 4145 1655 4194 ἐν
1680 4140 1859 4211 ἑαυτῷ

261 4243 364 4314 τὴν
394 4237 784 4311 πνευματικὴν
827 4236 1126 4291 πανοπλίαν
1146 4276 1161 4301 ,
1187 4234 1309 4288 τότε
1341 4234 1583 4304 φοϐεῖται
1610 4236 1701 4289 τὸν
1742 4236 1862 4288 ἑαυ-

1943 1852 2071 1908 bere
2101 1864 2263 1920 quem
2312 1848 2441 1903 velit
2489 1844 2811 1910 amandare,
2850 1849 2905 1898 et
2950 1855 3233 1897 accersere
3264 1855 3387 1893 eum
3423 1838 3518 1909 qui

1945 1952 2030 1999 est
2074 1942 2177 1997 sibi
2217 1947 2407 2011 gratus
2446 1957 2458 1993 :
2493 1948 2548 1992 et
2583 1950 2741 1992 servo
2770 1933 2916 2006 quod
2950 1932 3206 1987 convenit
3250 1932 3519 2000 imperare

1944 2032 2331 2090 ministerium.
2380 2027 2516 2081 Nam
2570 2026 2682 2080 illic
2730 2038 2947 2094 quoque
2991 2021 3238 2091 quaedam
3278 2019 3520 2090 philoso-

1946 2126 2073 2197 pliia
2112 2133 2197 2178 est
2242 2122 2295 2175 in
2329 2134 2459 2175 voce
2505 2116 2866 2179 centurionis,
2917 2118 3059 2186 quod
3107 2129 3230 2169 eum
3276 2111 3368 2182 qui
3421 2110 3522 2163 fuit

1946 2220 2293 2278 amandatus.
2340 2230 2446 2269 non
2485 2212 2725 2283 amplius
2764 2210 2834 2264 ad
2875 2225 2935 2265 se
2969 2207 3201 2267 reducit,
3246 2202 3342 2260 sed
3395 2216 3519 2256 cum

1951 2312 1999 2365 is
2041 2309 2289 2372 abiisset,
2328 2322 2425 2376 pro
2461 2306 2580 2376 ipso
2637 2306 2690 2358 in
2736 2303 2956 2357 domum
3002 2296 3236 2352 admittit
3267 2295 3521 2349 alterum.

1953 2400 2087 2472 Nam
2139 2414 2264 2453 eum
2314 2398 2364 2452 ei
2430 2397 2707 2451 dixisset:
2755 2392 2919 2456 Vade,
2973 2399 3021 2444 et
3067 2386 3230 2451 vadit,
3282 2384 3414 2439 dicit
3466 2397 3523 2437 se

1959 2495 2123 2549 alium
2155 2504 2458 2551 accersere,
2496 2502 2604 2541 non
2648 2501 2772 2541 eum
2797 2497 2957 2553 quem
2986 2478 3343 2535 amandavit:
3375 2473 3523 2529 Seri-

1948 2595 2130 2655 ptura,
2169 2588 2230 2636 ut
2281 2580 2492 2647 opinor,
2546 2576 2779 2631 docente
2817 2574 2923 2627 tale
2967 2572 3186 2641 dogma,
3226 2566 3371 2639 quod
3405 2579 3525 2635 qua:

1952 2676 2055 2733 sibi
2093 2675 2327 2729 invicem
2359 2669 2741 2730 adversantur,
2777 2680 2886 2720 non
2912 2664 3029 2732 ejus
3065 2669 3194 2716 sunt
3222 2668 3429 2713 natium
3469 2664 3526 2710 nt

1951 2767 2165 2841 possint
2195 2763 2358 2820 simul
2412 2762 2466 2816 in
2497 2774 2609 2814 uno
2651 2765 2705 2813 et
2748 2756 2937 2812 eodem
2968 2752 3196 2807 versari.
3249 2748 3407 2803 Nulla
3440 2758 3524 2804 est

1949 2840 2093 2915 enim
2142 2854 2378 2913 societas
2419 2850 2528 2906 luci
2567 2863 2691 2905 cum
2725 2846 2987 2907 tenebris,
3032 2843 3109 2897 ait
3153 2840 3523 2913 Apostolus“,

1953 2951 2048 3009 sed
2078 2962 2305 3005 necesse
2337 2952 2421 3001 est
2448 2942 2695 3006 omnino,
2727 2947 2787 2995 ut
2818 2937 2865 2993 si
2900 2935 3137 2990 tenebrae
3168 2930 3523 2989 recesserint,

1955 3046 2025 3100 sit
2060 3043 2153 3096 lux
2204 3053 2324 3109 qua:
2375 3050 2474 3105 pro
2516 3033 2596 3087 eis
2641 3028 2883 3086 cernitur
2917 3031 3009 3080 :et
3054 3024 3099 3079 si
3128 3021 3320 3075 vitium
3366 3017 3528 3073 fuerit
3624 3022 3629 3025 '

1958 3132 2329 3195 amandatum,
2373 3142 2471 3199 pro
2500 3141 2566 3181 eo
2595 3124 2770 3179 virtus
2815 3117 3229 3179 ἱηιτοιὶυοειιυτς
3258 3122 3312 3168 et
3346 3112 3391 3167 si
3426 3111 3529 3164 hoc

1957 3228 2063 3283 rite
2106 3224 2309 3278 factum
2360 3218 2545 3282 fuerit,
2588 3211 2876 3285 prudentia
2906 3207 3091 3263 carnis
3136 3220 3245 3259 non
3294 3202 3528 3271 amplius

1955 3321 2176 3376 resistat
2210 3312 2467 3383 spiritui;
2508 3321 2685 3377 neque
2709 3304 2855 3360 enim
2899 3307 3098 3371 potest,
3133 3293 3528 3351 morteaﬂ‘ecta

1958 3411 2079 3481 ejus
2126 3403 2418 3462 resistendi
2468 3403 2759 3471 potestate,
2803 3391 2898 3448 sed
2945 3388 3012 3444 ad
3050 3401 3211 3442 omne
3248 3383 3390 3455 quod
3433 3396 3530 3452 par

1955 3512 2039 3559 est
2085 3498 2453 3555 ministerium
2500 3491 2560 3546 ﬁt
2596 3497 2723 3560 apta
2760 3494 2816 3543 et
2858 3492 3074 3556 parata,
3108 3491 3167 3535 ut
3196 3493 3317 3549 quae
3343 3481 3534 3548 pareat

1958 3602 2012 3650 et
2062 3589 2393 3660 sobjieiatur
2442 3580 2744 3647 dominaturi
2793 3575 3042 3645 spiritus.
3100 3567 3330 3636 Quando
3386 3563 3533 3620 enim

1956 3657 2218 3759 expulsus
2272 3681 2491 3752 quidem
2540 3676 2705 3732 fuerit
2755 3673 2914 3726 miles
2964 3666 3084 3724 vitii
3135 3662 3354 3726 socius;
3411 3657 3534 3726 ejus

1958 3750 2136 3837 auiem
2181 3750 2305 3831 loco
2352 3766 2639 3842 ingressus
2692 3764 2855 3820 fuerit
2899 3762 3058 3816 miles
3088 3754 3329 3819 virtutis,
3360 3750 3532 3804 lorica

1953 3874 2182 3945 justitize
2234 3869 2484 3929 indutus,
2536 3871 2591 3917 et
2645 3860 2700 3913 in
2752 3855 3006 3912 manibus
3056 3850 3236 3905 ferens
3293 3841 3535 3916 gladium

1959 3937 2208 4039 spiritus,
2246 3960 2493 4016 munitus
2520 3963 2701 4011 autem
2742 3950 2884 4021 aptis
2915 3946 2983 4002 ad
3020 3942 3308 4016 tegendum
3344 3937 3532 4039 armis,

1961 4028 2155 4129 n'empe
2182 4057 2334 4128 galea
2362 4048 2590 4108 salutari
2622 4088 2636 4112 ,
2667 4052 2722 4101 et
2745 4049 2902 4099 scuto
2927 4037 3073 4099 ﬁdei,
3102 4040 3156 4089 et
3184 4033 3239 4086 in
3266 4045 3326 4085 se
3358 4028 3538 4082 ferens

1960 4124 2561 4216 omnem'spiritualem
2616 4146 2972 4194 armaturam,
3007 4136 3139 4182 tunc
3184 4124 3336 4178 timet
3375 4131 3536 4173 suum

1961 4245 2265 4304 dominum,
2299 4250 2492 4304 nempe
2533 4236 2792 4291 mentem,
2830 4235 3024 4279 servus
3057 4216 3268 4273 scilicet
3312 4223 3537 4278 corpus,

265 4334 357 4388 τοῦ
400 4331 607 4404 κύριον
658 4332 686 4383 ὁ
716 4329 901 4392 δοῦλος
944 4328 1005 4382 τὸ
1044 4327 1242 4398 σῶμα,
1281 4328 1375 4381 καὶ
1419 4326 1714 4398 προθύμως
1764 4325 1849 4379 τοῦ

1954 4345 2323 4409 .promptoque
2354 4337 2409 4385 et
2454 4324 2622 4380 alacri
2659 4321 2843 4376 animo
2889 4310 3219 4409 exsequitur.
3250 4300 3536 4399 imperium

266 4395 610 4498 κρατοῦντος
630 4422 699 4476 τὰ
725 4395 1164 4494 παραγγέλματα
1186 4418 1421 4488 δέχεται,
1437 4395 1503 4471 δι’
1524 4395 1659 4489 ὧννὴ
1689 4418 1849 4489 ἀρετὴ

1962 4395 2084 4497 ejus
2110 4395 2204 4494 qui
2226 4395 2539 4475 dominatur
2565 4432 2579 4467 :
2607 4424 2717 4481 quo
2750 4407 2829 4470 ﬁt.
2864 4413 2924 4458 ut
2950 4395 3260 4457 ministerio
3288 4395 3541 4498 corporis

267 4516 643 4591 κατορθοῦται
674 4517 738 4586 τῇ
792 4512 1065 4583 ὑπουργία
1096 4508 1189 4564 τοῦ
1221 4509 1468 4580 σώματος
1494 4525 1509 4540 '
1562 4510 1719 4562 τοῦτο
1751 4509 1857 4579 γὰρ

265 4610 618 4662 ἐνδείκνυται
665 4603 759 4659 τοῦ
801 4602 1234 4673 Ἐκατοντάρχου
1278 4602 1307 4653 ό
1336 4599 1491 4667 λόγος
1533 4599 1737 4663 εἰπὼν,
1778 4601 1859 4653 ὅτι

267 4701 379 4753 Καὶ
413 4697 502 4765 τῷ
553 4691 905 4764 δού.1ῳ’μςυ
940 4693 1128 4761 λέγω,
1180 4690 1449 4755 Ποίησον
1498 4688 1711 4754 τοῦτο,
1761 4691 1857 4744 καὶ

264 4790 451 4846 ποιεῖ.

352 4882 501 4935 Ἀλλ’
530 4879 854 4948 ἀκούσωμεν
876 4875 975 4946 τῆς
1002 4873 1271 4946 βασιλίδος
1291 4915 1304 4936 ,
1329 4874 1475 4937 ὅπως
1503 4874 1863 4944 ἀπανίστησιν

1969 4478 2146 4573 virtus
2188 4522 2336 4567 recte
2385 4505 2819 4562 administretur.
2869 4495 2984 4550 [loc
3037 4490 3182 4548 enim
3229 4484 3437 4573 indicat
3486 4478 3541 4535 id

1968 4608 2113 4681 quod
2140 4606 2344 4660 dicitur
2383 4617 2415 4654 a
2439 4595 2761 4654 centurione
2786 4609 2799 4645 :
2823 4587 2958 4643 Nam
2987 4594 3036 4638 et
3060 4596 3207 4637 servo
3244 4592 3358 4631 mea
3384 4571 3539 4627 dico:

1971 4705 2083 4759 Fac
2113 4702 2229 4764 hoc,
2260 4706 2305 4751 et
2335 4693 2482 4764 facit.

2035 4876 2142 4934 Sed
2169 4872 2462 4928 audiamus
2496 4856 2955 4935 quemadmodum
2982 4852 3171 4923 regina
3202 4859 3428 4918 surgere
3463 4838 3548 4897 fa-

264 4976 366 5045 άφ⁸
398 4976 606 5044 ἑαυτῆς
656 4938 1020 5042 τὸν-Βορῤδίν,
1071 4971 1150 5032 εἰς
1185 4969 1246 5021 τὸ
1292 4966 1530 5038 ἔμπαλιν
1560 4967 1726 5020 αὑτοῦ
1762 4938 1849 5036 ehi

1963 4970 2041 5025 cit
2068 4964 2380 5036 aquilonem
2421 4964 2474 5013 et
2502 4971 2533 5009 a
2568 4967 2630 5008 se
2665 4948 2947 5009 amandat,
2996 4943 3127 5013 ejus
3170 4938 3358 4992 ﬂatum
3394 4946 3549 4988 arer-

267 5066 451 5136 πνοῂν
484 5062 890 5133 ἀναστρέψασα.
918 5062 993 5115 Οὐ
1027 5060 1135 5131 γὰρ
1161 5060 1391 5129 ἠρεμεῖν
1418 5057 1734 5120 ἐπιτάσσει,
1766 5074 1865 5111 κα-

263 5158 462 5229 θάπερ
502 5157 595 5211 ἐπὶ
642 5154 737 5209 τοῦ
788 5153 1077 5208 κλυδωνίου
1126 5152 1223 5221 τῆς
1266 5149 1542 5220 θαλάσσης
1593 5150 1622 5202 ὁ
1667 5147 1869 5217 Κύριος

264 5249 514 5320 ἡσυχίαν
538 5248 694 5316 ἄγειν
710 5245 810 5317 τὴν
838 5243 1096 5305 λαίλαπα,
1125 5241 1335 5313 σιωπὴν
1360 5238 1735 5312 παραγγείλας
1754 5241 1865 5301 τοῖς

264 5342 552 5412 κύμασινο
578 5341 691 5394 ἀλλ’
717 5338 1022 5408 ἀποχωρεῖν
1050 5334 1144 5387 καὶ
1169 5331 1389 5402 φεύγειν
1408 5330 1864 5402 παρακελεύεται,

274 5434 348 5498 1x;
375 5433 454 5487 ἂν
480 5431 775 5494 ἀκωλύτως
804 5432 833 5483 ὁ
865 5427 1034 5490 Νότος
1058 5425 1205 5497 ῥέοι,
1259 5424 1527 5495 μηδεμιᾶς
1554 5424 1868 5488 ἀντιπνοίας

264 5522 692 5596 ἐμποδιζούσης
745 5519 895 5591 αὐτῷ
943 5518 1043 5589 τὴν
1076 5517 1251 5587 φοράν
1275 5532 1289 5548 ο
1335 5514 1708 5586 Ἐξετέρθητι
1733 5556 1747 5580 ,
1782 5515 1869 5569 λέ-

329 5704 353 5736 ³
398 5701 596 5758 Ηιιιιι.
640 5717 757 5764 vm.
805 5702 867 5757 ιο
897 5719 1016 5773 sqq.
1100 5702 1118 5731 ⁸
1161 5698 1199 5753 ll
1242 5697 1362 5750 Cor.
1410 5710 1483 5757 νι,
1532 5696 1613 5746 lt.

1964 5073 2087 5117 lens
2115 5028 2169 5113 in
2212 5053 2528 5108 adversum.
2562 5045 2681 5099 Non
2708 5042 2855 5097 enim
2895 5051 3019 5094 eum
3047 5032 3204 5103 jubet
3242 5028 3544 5100 quiescere.

1970 5146 2248 5224 quomodo
2280 5147 2333 5199 in
2368 5141 2540 5197 maris
2589 5138 2917 5205 tempestate
2949 5126 3116 5198 jussit
3149 5121 3413 5224 Dominus
3448 5114 3548 5169 ilu-

1974 5210 2158 5297 etibus
2200 5236 2486 5308 quiescere
2530 5238 2586 5285 et
2618 5226 2897 5282 silentium
2939 5231 3139 5290 agere;
3177 5213 3271 5270 sed
3320 5210 3551 5308 imperat

1977 5342 2038 5388 ut
2073 5299 2294 5388 recedat
2334 5335 2391 5382 et
2430 5323 2623 5393 fugiat,
2665 5326 2725 5373 ut
2753 5315 2960 5383 absque
3000 5308 3113 5364 ullo
3160 5299 3549 5393 impedimento

1976 5384 2366 5480 ﬁdat—auster.
2415 5384 2566 5471 nuilo
2612 5384 2848 5463 adverso
2904 5400 3032 5454 ﬂatu
3077 5395 3379 5452 obsistente
3416 5384 3550 5453 ‘ejns

1980 5513 2225 5587 impetui,
2257 5511 2446 5567 dicens
2473 5525 2486 5562 :
2521 5503 2707 5572 Surge,
2737 5494 2937 5567 aquilo.
2968 5489 3227 5555 Quaenam
3257 5489 3341 5539 est
3371 5484 3549 5533 autem
