3948 6192
303 216 421 275 983

1360 215 1428 271 IN
1450 213 1754 274 CANTICA
1774 214 2050 273 CANTIC.
2097 216 2382 277 HOMILIA
2412 221 2481 276 Χ.

3451 222 3561 279 986

303 326 530 382 σκαλίαν
553 327 872 401 ἐξήνθησαν.
907 327 1006 383 Διὰ
1051 329 1208 384 τοῦτο
1232 331 1410 386 τοίνυν
1437 333 1571 403 φησὶ
1594 332 1674 403 τῷ
1702 332 1877 387 τοιού-

1983 334 2055 402 ﬂa
2070 334 2280 389 hortum
2313 354 2506 404 mcum,
2525 338 2967 410 quandoquidem
2997 337 3158 393 horto
3187 334 3293 394 fuit
3317 345 3492 394 mater
3524 354 3558 394 α

299 419 543 490 τῳΝότῳ
572 422 607 490 ἡ
638 418 852 491 νύμφη·
881 421 962 474 ὃτι
983 420 1359 476 Διὰπνευσον
1387 424 1495 477 τὸν
1518 422 1718 491 κῆπόν
1735 442 1877 493 μου.

314 511 529 582 Ἐπειδὴ
573 513 757 584 μήτηρ
783 514 944 584 κήπῳ
975 514 1194 582 ἐγένετο
1220 514 1371 585 παρὰ
1397 514 1496 586 τῆς
1524 514 1617 568 τοῦ
1646 514 1881 586 νύμφίου

301 601 481 672 φωνῆς
504 600 600 654 τοῦ
624 603 952 674 ποιήσαντος
976 604 1166 676 αὐτὴν,
1191 604 1372 669 καθὼς
1395 606 1642 677 περιέχει
1666 606 1696 658 ὁ
1727 606 1882 675 λόγος

299 693 479 762 κήπου
514 693 611 747 καὶ
660 695 865 764 πηγῆς.
901 686 976 747 Οὐ
1010 695 1171 765 χάριν
1213 694 1307 748 τὸν
1360 695 1537 765 κῆπον
1582 696 1751 766 αὐτῆς
1782 697 1881 765 τὴν

310 782 639 853 Ἐκκλησίαν
665 784 765 853 τὴν
784 786 897 848 τοῖς
922 784 1186 855 ἐμψύχοις
1213 784 1483 855 βρύουσαν
1511 785 1747 857 δένδροις
1767 786 1883 839 δια-

296 873 632 944 πνευσθῆναι
659 873 929 944 βούλεται,
957 874 1098 928 ὥστε
1125 876 1317 945 ῥεῦσαι
1344 872 1629 931 ἀπἀὐτῶν
1653 876 1723 929 τά
1744 876 1882 947 ἀρώ-

298 979 467 1031 ματα.
512 965 571 1017 '0
608 966 708 1036 μὲν
739 965 849 1037 γὰρ
880 966 1173 1038 Προφήτης
1201 967 1399 1039 φησιν,
1419 969 1500 1022 ὅτι
1529 969 1784 1023 Πνεύσει
1814 968 1880 1021 τὸ

295 1054 537 1122 πνεῦμα
566 1056 777 1121 αὑτοῦ,
812 1056 910 1110 καί
941 1057 1237 1125 ,ῥυήσεται
1268 1058 1479 1114 ὕδατα.
1514 1059 1577 1113 Ἦ
1602 1059 1658 1112 δὲ
1686 1058 1763 1129 τῷ
1794 1058 1883 1128 βαι

296 1143 495 1215 αιλικῷ,
518 1145 740 1227 πλούτῳ
775 1146 1004 1217 κομῶσα
1029 1148 1214 1221 νύμφη
1236 1190 1252 1214 ,
1281 1149 1417 1221 πρὸς
1458 1150 1520 1203 τὸ
1550 1149 1883 1220 μεγαλοφυὲ-

295 1250 490 1306 στερον
522 1235 838 1302 ἐξαλλάσσει
868 1238 937 1290 τὰ
964 1238 1232 1308 ῥεύματα,
1267 1239 1575 1311 ἀρωμάτων
1604 1240 1883 1310 ποταμοὺς

295 1324 530 1379 ποιοῦσα
556 1326 666 1380 τῶν
694 1326 788 1381 τοῦ
836 1330 1015 1400 κήπου
1048 1329 1278 1401 δένδρων
1308 1330 1598 1402 ξκρὲοντας
1621 1372 1634 1393 ,
1668 1330 1757 1383 διὰ
1782 1332 1881 1401 τῆς

296 1415 422 1485 βίας
469 1416 567 1470 τοῦ
619 1420 964 1490 πνεύματοςο
993 1419 1135 1474 ὥστε
1188 1420 1277 1475 διὰ
1316 1419 1504 1474 τούτου
1560 1421 1749 1490 μαθεῖν
1782 1421 1879 1491 τῆς

288 1503 536 1573 Παλαιᾶς
557 1509 827 1581 Διαθήκης
866 1511 1003 1583 πρὸς
1040 1512 1138 1583 τὴν
1153 1507 1359 1583 Καινήν
1389 1512 1450 1566 τὸ
1478 1513 1731 1583 διάφορον
1754 1529 1770 1543 ⁸
1799 1515 1879 1567 ὅτι

1986 440 2117 481 voce
2144 427 2329 495 sponsi
2360 428 2451 496 qui
2476 428 2645 497 ipsam
2684 429 2830 491 fecit,
2864 430 3008 484 sicut
3063 429 3313 483 continet
3371 444 3556 485 sermo

1984 516 2128 571 horti
2182 525 2236 571 et
2288 518 2475 573 fontis.
2525 517 2888 585 Quamobrem
2936 521 3051 574 vult
3096 517 3256 574 suum
3308 520 3555 584 hortum,

1984 622 2178 677 nempe
2207 607 2533 673 Ecclesiam,
2574 626 2694 680 qure
2720 618 2896 665 scatet
2922 611 3213 665 arboribus
3266 611 3554 675 animatis,

1983 700 2148 753 etiam
2184 698 2425 769 perﬂari,
2460 708 2519 754 ut
2548 718 2612 757 ex
2643 706 2723 756 eis
2754 702 2926 755 ﬂuant
2952 709 3216 755 aromata.
3269 700 3401 753 Nam
3426 699 3558 754 Pro-

1987 790 2146 856 pheta
2181 790 2401 859 quidem
2431 791 2597 846 dicit:
2636 791 2815 845 Flabit
2866 792 3083 859 spiritus
3122 790 3263 857 ejus,
3292 801 3341 844 et
3395 791 3555 858 ﬂuent

1984 898 2134 951 aqua:
2152 881 2195 934 ⁸.
2256 881 2467 952 Sponsa
2502 891 2682 939 autem
2714 885 2878 953 regiis
2906 891 3097 937 ornata
3125 882 3352 943 divitiis,
3385 890 3558 934 mutat

1983 970 2185 1026 ﬂuenta
2230 974 2297 1028 ad
2353 974 2613 1043 majorem
2671 973 3083 1044 amplitudinem
3107 980 3177 1044 _et
3209 970 3561 1041 magniﬁcen-

1985 1064 2137 1128 tiam,
2172 1063 2380 1120 faciens
2409 1076 2712 1119 aromatum
2744 1065 2937 1118 ﬂuvios
2967 1064 3248 1118 eﬂluentes
3303 1076 3400 1132 per
3448 1061 3559 1115 vim

1983 1155 2209 1224 Spiritus
2228 1171 2293 1211 ex
2318 1157 2607 1211 arboribus
2630 1157 2792 1210 horti.
2823 1156 2944 1222 Quo
2982 1156 3059 1218 ﬁt,
3094 1163 3151 1209 ut
3188 1168 3284 1223 per
3312 1154 3414 1207 hoc
3464 1151 3555 1207 di-

1983 1258 2202 1298 scamus
2232 1242 2445 1299 Veteris
2495 1243 2827 1299 Testamenti
2883 1259 2913 1299 a
2957 1243 3106 1298 Novo
3160 1239 3552 1296 diﬂerentiam.

1983 1336 2239 1405 quoniam
2270 1335 2466 1390 ﬂuvius
2494 1334 2714 1406 quidem
2746 1334 3101 1406 propheticus
3154 1331 3411 1401 impletus
3455 1329 3558 1382 fuit

1989 1427 2184 1495 aquis,
2216 1427 2564 1498 cvangelicus
2607 1433 2787 1493 autem
2835 1423 3192 1478 aromatihus.
3258 1419 3408 1475 Talis
3454 1416 3558 1472 ﬂu-

1982 1518 2105 1572 vius
2134 1526 2437 1572 aromatum
2471 1533 2534 1572 ex
2560 1518 2720 1571 horto
2755 1513 3012 1569 Ecclesia:
3042 1512 3219 1567 ﬂuens
3255 1526 3352 1580 per
3401 1509 3554 1577 spiri-

290 1604 318 1655 ὁ
345 1601 451 1672 μὲν
494 1602 831 1673 προφητικδς
864 1603 1106 1674 ποταμὸς
1145 1602 1435 1675 ἐπληρώθη
1467 1604 1673 1658 ὐδάτων
1698 1621 1711 1636 ο
1759 1605 1787 1655 ὁ
1823 1604 1878 1657 δὲ

1985 1617 2121 1672 tum,
2150 1616 2267 1664 erat
2291 1625 2520 1679 magnus
2549 1607 2769 1669 Paulus,
2793 1606 2950 1675 cujus
2977 1603 3236 1657 ﬂuentum
3260 1612 3372 1657 erat
3405 1599 3563 1655 Chri-

289 1670 649 1762 εὐαγγελικὸς
662 1670 991 1766 ἀρωμάτων.
1010 1670 1540 1765 Τοιοῦτος-ποταμὸς
1568 1694 1874 1766 ἀρωμάτων

1983 1700 2052 1753 sti
2082 1670 2256 1755 bonus
2285 1670 2439 1753 odor.
2486 1698 2635 1753 Talis
2665 1699 2807 1753 alius
2860 1670 2961 1750 luit
3008 1694 3280 1755 Joannes,
3341 1691 3539 1751 Lucas,

288 1777 376 1853 ἦν,
394 1785 471 1836 ἐκ
495 1784 591 1837 τοῦ
618 1786 795 1855 κήπου
819 1786 920 1855 τῆς
947 1783 1270 1856 Ἑκκλησίας
1306 1785 1444 1855 ῥέων
1484 1785 1572 1838 διὰ
1604 1783 1696 1838 τοῦ
1723 1784 1877 1838 πνεύ-

293 1889 465 1940 ματος
488 1914 503 1935 .
559 1876 589 1928 ὁ
639 1874 811 1945 μέγας
857 1874 1095 1941 Παῦλος,
1151 1869 1212 1929 οὐ
1264 1875 1325 1928 τὸ
1374 1876 1586 1947 ῥεῖθρον
1638 1874 1875 1945 Χριστοῦ

290 1962 493 2026 εὐῶδες
526 1959 617 2035 ἦν.
661 1966 912 2030 Τοιοῦτος
952 1967 1110 2031 ἄλλος
1153 1968 1440 2039 Ἰωάννης.
1485 1969 1514 2021 ὁ
1547 1968 1795 2030 Λουκᾶς,
1848 1970 1877 2021 ὁ

286 2051 595 2121 Ματθαῖος,
617 2057 646 2107 ὁ
670 2056 916 2128 Μάρκος,
938 2056 1033 2111 καὶ
1063 2058 1112 2110 οἱ
1146 2056 1321 2110 λοιποὶ
1356 2057 1555 2120 πάντες
1577 2057 1644 2110 τὰ
1682 2057 1877 2128 εὐγενῆ

1985 1785 2289 1850 Matthaeus,
2312 1786 2548 1849 Marcus,
2573 1796 2624 1839 et
2647 1785 2735 1838 alii
2770 1784 2982 1838 nobiles
3004 1783 3197 1852 planta:
3224 1780 3364 1834 horti
3396 1794 3534 1849 spon

1984 1892 2077 1939 sua,
2110 1879 2201 1947 qui
2236 1877 2524 1947 perspirati
2562 1874 2746 1929 lucido
2800 1883 2988 1951 austro
3038 1872 3362 1934 meridiano,
3424 1868 3554 1923 facti

1985 1979 2111 2022 sunt
2161 1968 2340 2022 fontes
2386 1975 2713 2031 aromatum,
2771 1973 2985 2021 scatere
3036 1963 3300 2017 facientes
3355 1965 3559 2017 bonum

1986 2058 2210 2112 odorem
2250 2058 2550 2126 Evangelii.

286 2145 436 2206 φυτὰ
465 2145 563 2199 τοῦ
610 2147 788 2217 κήπου
820 2148 922 2217 τῆς
948 2147 1196 2219 νύμφης,
1243 2149 1293 2200 οἱ
1330 2147 1408 2218 τῷ
1431 2147 1675 2217 φωτεινῷ
1709 2148 1898 2218 ἐκείνῳ
1950 2149 2030 2219 τῷ
2070 2148 2425 2221 μεσημϐρινῷ
2462 2147 2617 2218 Νότῳ
2654 2145 3101 2210 διαπνευσθέντες
3123 2185 3140 2212 ,
3194 2144 3368 2215 πηγαὶ
3412 2144 3561 2215 ἀρω-

288 2237 480 2309 μάτων
510 2238 759 2305 ἐγένοντο
777 2281 793 2307 ,
827 2240 1079 2311 βρύοντες
1106 2242 1205 2312 τὴν
1226 2242 1332 2296 τῶν
1363 2243 1704 2312 Εὐαγγελῐων
1738 2242 1984 2305 εὐωδίαν.

352 2331 707 2399 Καταόήτω,
732 2335 915 2404 φησιν,
939 2338 972 2390 ό
1001 2336 1321 2405 ἀδελφιόᾎς
1357 2356 1477 2407 μου
1501 2377 1516 2401 ,
1558 2340 1645 2404 εἰς
1676 2338 1875 2406 κῆπον

285 2421 519 2487 αὐτοῦ,
575 2423 674 2476 καὶ
723 2424 956 2494 pareto:
1006 2426 1243 2494 καρπὸν
1281 2427 1623 2496 ἀκροδρύων
1665 2428 1871 2483 αὑτοῦ.

286 2507 352 2566 Ὦ
382 2518 957 2589 πεπαρρησιασμένης
1008 2519 1192 2588 φωνῆς
1220 2520 1232 2572 !
1261 2516 1332 2571 Ὠ
1384 2519 1661 2590 φιλοτίμου
1691 2536 1750 2571 τε
1782 2520 1875 2571 καὶ

288 2605 680 2676 μεγαλοδώρου
722 2608 898 2678 ψυχῆς
919 2651 935 2673 ,
971 2610 1149 2662 πᾶσαν
1196 2609 1497 2681 ὑπερϐολὴν
1533 2611 1874 2679 μεγαλοφροο

287 2696 461 2765 σύνης
504 2697 744 2767 νικώσης
777 2701 789 2751 l
819 2700 952 2753 Τίνα
1002 2699 1267 2767 δεξιοῦται
1306 2701 1439 2773 πρὸς
1493 2701 1723 2769 εὐωχίαν
1764 2704 1872 2763 τοῖς

289 2784 450 2849 ἰδίοις
470 2790 732 2857 καρποῖς;
751 2789 869 2843 Τίνι
894 2791 1302 2860 παρασκευάζει
1328 2791 1417 2844 διὰ
1429 2791 1535 2843 τῶν
1562 2790 1706 2843 ἰδίων
1736 2792 1876 2858 ἀγα-

285 2874 391 2929 θῶν
422 2876 529 2948 τὴν
562 2878 913 2946 πανδαισίαν;
944 2880 1076 2935 Τίνα
1111 2881 1266 2935 καλεῖ
1296 2882 1432 2953 πρὸς
1464 2882 1560 2952 τὴν
1612 2881 1720 2935 τῶν
1770 2899 1877 2933 πα·

2058 2334 2371 2409 Descendat,
2422 2332 2617 2401 inquit,
2649 2332 2904 2399 patruelis
2936 2348 3082 2386 meus
3111 2332 3179 2385 ad
3212 2334 3441 2394 hortum,
3475 2349 3559 2387 co-

1985 2426 2159 2482 medat
2186 2427 2388 2494 {ructus
2413 2438 2687 2491 pomorum
2720 2438 2959 2491 suorum.
3018 2419 3063 2475 Ο
3094 2436 3279 2474 vocem
3328 2421 3555 2476 liberam

1982 2529 2036 2573 et
2094 2515 2432 2571 conﬁdenter
2480 2513 2776 2581 prolatam!
2831 2510 2876 2565 Ο
2919 2513 3159 2566 animam
3192 2512 3468 2566 liberalem
3501 2517 3560 2566 et

1983 2603 2344 2677 splendidam,
2370 2615 2490 2671 quae
2510 2616 2724 2655 omnem
2749 2602 3104 2671 quantumvis
3130 2618 3380 2672 magnam
3403 2617 3558 2672 supe-

1985 2705 2067 2750 rat
2112 2691 2610 2763 magniﬂcentiam!
2649 2689 2951 2756 Quemnam
2985 2691 3053 2745 ad
3090 2693 3404 2746 convivium
3439 2693 3555 2747 suis

1978 2787 2182 2856 excipit
2235 2784 2545 2839 fructibus?
2573 2783 2789 2837 cuinam
2827 2798 2922 2852 per
2951 2782 3094 2837 bona
3128 2784 3346 2854 propria
3397 2793 3554 2853 parat

1979 2877 2237 2947 epulum?
2286 2875 2588 2941 Quemnam
2619 2881 2774 2928 vocat
2812 2872 2881 2928 ad
2911 2873 3245 2928 vescendum
3301 2874 3372 2929 iis
3425 2889 3550 2943 qua:

288 2970 750 3040 ρεσκευασμὲνων
781 2971 1058 3038 ὲστίασιν;
1090 2973 1193 3025 Τὸν
1245 2973 1306 3037 ἐξ
1332 2965 1392 3026 οὗ
1424 2974 1490 3026 τὰ
1534 2973 1712 3027 πάντα
1736 3015 1750 3039 ,
1786 2974 1878 3027 καὶ

1985 2976 2114 3025 sunt
2137 2967 2371 3038 parata?
2405 2965 2539 3019 Eum
2562 2980 2631 3020 ex
2662 2980 2772 3035 quo
2802 2971 2931 3019 sunt
2958 2964 3161 3030 omnia,
3194 2971 3248 3018 et
3270 2979 3364 3034 per
3391 2979 3552 3034 quem

285 3056 347 3114 δι’
372 3054 444 3113 οὗ
481 3058 556 3112 τὰ
586 3061 779 3126 πάντα,
803 3062 896 3115 καί
931 3062 989 3116 ὲν
1013 3057 1057 3132 ᾦ
1087 3062 1156 3116 τὰ
1178 3062 1375 3127 πάντα,
1411 3064 1501 3117 τὸν
1528 3064 1737 3117 διδόντα
1770 3068 1879 3130 τοῖς

216 3212 225 3219 1
288 3152 423 3207 πᾶσι
479 3151 693 3223 τροφὴν
736 3154 797 3208 ἐν
825 3152 1082 3225 εὐκαιρία
1105 3193 1120 3219 ,
1153 3153 1244 3207 τὸν
1278 3154 1561 3224 ἀνοίγοντα
1589 3156 1686 3226 τὴν
1723 3159 1881 3227 χεῖρα

286 3241 460 3296 αὐτοῦ
484 3282 498 3301 .
526 3243 623 3300 καὶ
654 3242 759 3314 πλη
769 3242 967 3315 ρούντα
990 3247 1108 3300 πᾶν
1131 3244 1270 3309 ζῶον
1300 3246 1547 3310 εὐδοκίας
1567 3285 1582 3309 ,
1607 3247 1695 3299 τὸν
1718 3247 1880 3317 ἄρτον

286 3330 372 3387 τὸν
407 3334 482 3386 ὲκ
506 3332 602 3386 τοῦ
631 3332 861 3405 οὐρανοῦ
889 3335 1286 3395 καταϐαίνοντα
1308 3377 1323 3400 ,
1358 3336 1452 3388 καὶ
1484 3336 1628 3409 ζωὴν
1673 3336 1881 3391 διδόντα

283 3420 359 3492 τῷ
383 3421 611 3493 κόσμῳ,
644 3422 732 3476 τὸν
755 3426 889 3480 πᾶσι
918 3428 1030 3490 τοῖς
1048 3421 1166 3481 οὖσι
1201 3425 1299 3497 τὴν
1326 3426 1470 3498 ζωῆν
1494 3427 1559 3479 ὲκ
1604 3430 1704 3498 τῆς
1742 3428 1880 3492 ιδίας

284 3513 482 3583 πηγῆς
527 3513 883 3585 ἐπιρρέοντα·
922 3516 1097 3589 τούτῳ
1130 3518 1163 3587 ή
1207 3515 1393 3588 νύμφη
1423 3517 1709 3588 προτίθησι
1744 3519 1878 3589 τρά-

283 3604 489 3669 πεζαν.
511 3604 706 3675 Κῆπος
731 3606 788 3661 δέ
811 3608 959 3661 ἐστιν
981 3610 1015 3679 ή
1043 3607 1309 3678 τράπεζα,
1337 3611 1365 3662 ὁ
1389 3608 1478 3663 διὰ
1493 3608 1602 3663 τῶν
1622 3609 1879 3683 ἐμψύχων

282 3695 530 3769 δένδρων
558 3700 979 3769 πεφυτευμένος.
1024 3700 1212 3772 Ἡμεῖς
1244 3702 1300 3755 δὲ
1343 3701 1409 3755 τὰ
1451 3700 1674 3773 δένδρα,
1720 3702 1879 3772 εἰπερ

280 3784 345 3858 δὴ
364 3788 475 3841 καὶ
500 3788 662 3857 ἡμεῖς
685 3789 736 3841 οἱ
760 3788 965 3861 τροφὴν
991 3790 1138 3861 αὐτῷ
1165 3790 1510 3863 προτιθέντες
1533 3789 1629 3861 τὴν
1654 3790 1762 3842 τῶν
1785 3790 1881 3860 ψυ-

284 3876 395 3949 χῶν
427 3877 598 3948 ἡμῶν
623 3880 919 3950 σωτηρίαν,
950 3880 1123 3945 οὕτως
1155 3881 1399 3944 εἰπόντος
1430 3879 1521 3933 τοῦ
1559 3880 1658 3952 τὴν
1682 3880 1880 3951 ἡμετέ-

283 3985 385 4040 ραν
406 3969 794 4039 εὐωχουμένου
813 3970 958 4040 ζωήν
995 3982 1008 3996 ⁸
1045 3967 1127 4027 ὅτι
1147 3970 1321 4040 Ἔμύν
1332 3969 1544 4039 βρῶμά
1565 3970 1757 4033 ἐστιν,
1779 3971 1882 4023 ἵνα

284 4058 443 4112 ποιῶ
466 4058 535 4113 τὸ
571 4058 799 4128 θέλημα
818 4060 925 4115 τοῦ
946 4061 1175 4129 Πατρός
1187 4078 1328 4130 μου.
1353 4059 1517 4130 Δῆλος
1537 4060 1594 4119 δὲ
1615 4061 1644 4111 ὁ
1674 4059 1873 4123 σκοπὸς

280 4150 377 4203 τοῦ
409 4149 571 4203 θείου
591 4149 911 4221 θελήματος,
938 4159 1006 4218 ὃς
1030 4150 1262 4217 πάντας
1281 4149 1440 4207 θέλει
1469 4149 1757 4219 σωθῆναι,
1778 4150 1877 4203 καὶ

1979 3060 2184 3125 omnia,
2205 3066 2259 3113 et
2283 3058 2337 3111 in
2360 3071 2470 3127 quo
2494 3056 2702 3119 omnia,
2727 3056 2819 3125 qui
2841 3054 2934 3107 dat
2952 3052 3211 3109 omnibus
3235 3054 3553 3109 alimentum

1980 3153 2036 3207 in
2069 3160 2316 3221 tempore
2341 3164 2464 3215 suo,
2490 3148 2584 3218 qui
2613 3147 2788 3216 aperit
2813 3160 3032 3201 manum
3058 3160 3240 3211 suam,
3287 3154 3342 3200 et
3369 3146 3556 3216 implet

1979 3256 2142 3297 omne
2165 3240 2368 3295 animal
2400 3238 2542 3292 bona
2571 3237 2873 3301 voluntate,
2933 3250 3127 3304 panem
3177 3234 3269 3305 qui
3306 3233 3375 3288 de
3412 3236 3554 3290 coelo

1979 3330 2282 3396 descendit,
2335 3337 2389 3383 et
2435 3327 2531 3380 alat
2574 3328 2740 3380 vitam
2800 3326 3024 3390 mundo,
3080 3326 3172 3395 qui
3218 3342 3284 3379 ex
3333 3326 3555 3396 proprio

1980 3421 2130 3476 fonte
2157 3420 2225 3473 ad
2254 3419 2438 3473 omnia
2471 3432 2593 3487 qua:
2625 3424 2754 3471 sunt
2797 3418 2959 3472 vitam
3012 3417 3141 3471 facit
3193 3432 3450 3474 emanare
3499 3428 3550 3473 et

1980 3514 2283 3580 scaturire;
2339 3512 2468 3565 huic
2513 3523 2717 3579 sponsa
2776 3509 3001 3589 apponit
3042 3525 3307 3565 mensam.
3349 3511 3553 3565 Hortus

1981 3612 2165 3660 autem
2198 3612 2284 3660 est
2317 3616 2529 3666 mensa,
2558 3603 2837 3671 plantatus
2866 3615 2963 3669 per
3006 3602 3231 3656 arbores
3261 3602 3551 3656 animatas.

1978 3697 2092 3755 Nos
2142 3705 2323 3751 autem
2380 3706 2575 3750 sumus
2632 3693 2896 3755 arbores,
2955 3691 3393 3760 quandoquidem
3451 3706 3554 3748 nos

1978 3804 2198 3862 quoque
2231 3802 2422 3845 smnus
2475 3785 2569 3855 qui
2601 3784 2650 3839 ei
2695 3784 2875 3837 cibum
2927 3785 3276 3851 apponimus,
3322 3782 3553 3837 salutem

1979 3890 2295 3941 nostrarum
2325 3878 2656 3941 animarum,
2691 3888 2815 3928 cum
2852 3874 2932 3929 sic
2956 3871 3155 3927 dixerit
3188 3875 3233 3929 is
3257 3872 3352 3944 qui
3377 3873 3558 3928 convi-

1978 3974 2068 4027 vio
2097 3978 2341 4026 nostram
2362 3968 2562 4039 excipit
2591 3966 2826 4022 animam
2855 3983 2871 4019 :
2900 3963 3049 4018 Meus
3078 3973 3155 4018 est
3177 3964 3345 4030 cibus,
3378 3972 3435 4017 ut
3465 3963 3554 4033 fa-

1979 4064 2118 4123 ciam
2152 4061 2473 4119 voluntatem
2505 4058 2684 4113 Patris
2708 4057 2862 4112 mei'.
2896 4055 2991 4109 Est
3012 4063 3193 4110 autem
3231 4056 3553 4111 manifestus

1981 4171 2184 4224 smpus
2226 4156 2426 4210 divina:
2479 4151 2795 4214 voluntatis,
2847 4149 3067 4221 quivult
3099 4165 3271 4202 omnes
3318 4147 3553 4201 homines

282 4243 371 4308 εις
398 4240 745 4308 ἐπίγνωσιν
769 4242 1059 4310 ἀληθείας
1087 4240 1305 4295 ἐλθεῖν.
1340 4240 1488 4311 Αὕτη
1536 4235 1628 4294 οὗν
1651 4242 1813 4309 ξὲστιν
1843 4241 1876 4310 ἡ

1983 4247 2155 4304 salvos
2188 4246 2325 4314 ﬁeri,
2361 4255 2409 4299 et
2436 4246 2609 4299 uenire
2638 4242 2705 4295 ad
2732 4241 3049 4310 agnitionem
3080 4238 3317 4292 veritatis
3337 4237 3402 4289 η.
3454 4233 3554 4291 llic

283 4330 686 4404 έτοιμασθεῖσα
710 4332 910 4403 βρῶσις
941 4333 1168 4405 αὐτῴοτὸ
1188 4332 1428 4404 σωθῆναι
1452 4334 1617 4404 ἡμᾶς.
1654 4332 1878 4402 Καρπὸς

280 4421 338 4475 δὶ
383 4421 556 4493 ἡμῶν
590 4422 624 4492 ή
676 4424 995 4496 προαίρεσις
1052 4422 1301 4491 γίνεται,
1352 4424 1385 4495 ή
1449 4423 1526 4493 τῷ
1563 4422 1879 4493 δρεπομένῳ

282 4516 442 4586 ήμᾶς
472 4513 594 4585 Θεῷ
618 4514 686 4567 δι’
708 4515 907 4586 ἑαυτῆς
935 4517 1011 4581 ὡς
1032 4516 1121 4571 διά
1153 4534 1300 4580 τινος
1331 4517 1634 4588 ἀκρεμόνος
1655 4514 1752 4586 τὴν
1776 4516 1879 4584 ψυ-

281 4605 386 4678 χήν
416 4606 822 4677 ἐγχειρίζουσα.
856 4607 977 4679 Χρὴ
1016 4608 1072 4661 δὲ
1104 4607 1192 4661 διὰ
1216 4606 1419 4662 τούτων
1455 4607 1583 4667 ἰδεῖν
1627 4607 1708 4659 ὅτι
1746 4607 1880 4676 πρό·-

281 4713 451 4769 τερον
484 4698 520 4767 ή
546 4696 731 4769 νύμφη
766 4697 846 4768 τῷ
887 4696 1084 4769 καρπῷ
1105 4697 1198 4750 τοῦ
1241 4697 1410 4769 μήλου
1444 4697 1876 4765 καταγλυκαίνε-

279 4804 375 4840 ται
409 4785 679 4841 είποῦσα’
718 4789 828 4843 Καὶ
871 4790 905 4843 ό
935 4788 1165 4857 καρπὸς
1204 4787 1391 4842 αὑτοῦ
1430 4787 1659 4858 γλυκὺς
1696 4787 1766 4841 ἐν
1798 4785 1879 4858 τῷ

282 4874 556 4943 στόματί
597 4892 717 4943 μου
744 4891 757 4903 ·
814 4876 909 4928 καὶ
938 4875 1059 4929 τότε
1096 4875 1305 4946 καρπὸς
1340 4877 1435 4929 καλ⁵
1484 4876 1621 4947 αὐτή
1669 4875 1877 4944 γίνεται

281 4962 505 5035 ὧριμός
534 4981 595 5017 τε
624 4965 719 5018 καὶ
755 4965 1080 5033 γλυκαίνων,
1120 4967 1214 5019 καὶ
1242 4967 1320 5038 τῷ
1348 4967 1578 5039 γεωργῷ
1620 4968 1753 5041 πρὸς
1796 4969 1881 5021 εὐ-

284 5055 573 5127 φροσύνην
603 5058 983 5128 προκείμενος.
1028 5058 1093 5112 Ἠ
1141 5058 1197 5111 δὲ.
1231 5059 1324 5113 τοῦ
1353 5057 1672 5127 Κατασήτω
1710 5058 1875 5125 λέξις.

286 5146 560 5218 εὐκτικὴν
605 5146 718 5218 ἔχει
744 5149 845 5218 τὴν
878 5150 1151 5219 σημασίαν
1179 5189 1193 5214 ,
1228 5150 1597 5221 ὁμοιοτρόπως
1625 5151 1876 5222 ἐκφωνη-

285 5236 451 5290 θεῖσα
498 5237 978 5309 τῷνἋγιιισθήτω
1019 5240 1087 5294 τὸ
1121 5241 1309 5311 ὄνομά
1354 5258 1469 5297 σου
1498 5257 1512 5271 ·
1566 5243 1659 5295 καὶ
1703 5260 1875 5312 γενη-

285 5329 453 5397 θήτω
480 5330 549 5384 τὸ
600 5331 830 5400 θέλημὰ
876 5348 1015 5386 σου.
1062 5333 1149 5396 Ὡς
1188 5332 1295 5404 γὰρ
1344 5335 1458 5387 ἐκεῖ
1488 5333 1585 5404 τὴν
1618 5335 1874 5405 εὐκτικὴν

284 5419 354 5493 ly
365 5437 534 5488 φασιν
563 5421 593 5473 ὁ
619 5421 728 5474 τῶν
751 5422 929 5495 ῥητῶν
956 5422 1177 5477 ἐκείνων
1203 5423 1577 5495 σχηματισμὸς
1606 5423 1868 5494 περιέχει,

1982 4345 2066 4390 est
2094 4352 2225 4406 ergo
2254 4337 2302 4391 ei
2340 4343 2564 4405 paratus
2586 4334 2828 4393 εἱὺιιεμιι
2862 4346 2962 4386 nos
2993 4330 3127 4387 salvi
3180 4330 3373 4383 simus.
3402 4324 3539 4381 Fru-

1983 4437 2110 4484 οῑιιε
2142 4434 2320 4479 autem
2342 4433 2532 4479 noster
2554 4434 2636 4478 est
2664 4421 2817 4477 liberi
2832 4420 3039 4475 arbitrii
3067 4419 3282 4481 electio,
3302 4416 3434 4486 Deo,
3458 4418 3553 4488 qui

1982 4535 2082 4577 nos
2108 4519 2259 4571 metit
2294 4532 2355 4570 ac
2383 4514 2647 4584 decerpit,
2680 4520 2938 4583 tanquam
2969 4527 3064 4581 per
3114 4509 3406 4581 quemdam
3457 4524 3549 4562 ra-

1982 4626 2128 4664 mum
2157 4610 2378 4663 tradens
2408 4608 2669 4661 animam.
2690 4603 2790 4660 Per
2819 4604 2933 4659 haec
2962 4611 3143 4657 autem
3162 4601 3452 4655 videndum
3469 4607 3555 4656 est

1980 4699 2127 4771 quod
2150 4714 2348 4770 sponsa
2390 4699 2547 4777 prius
2571 4698 2802 4754 afﬁcitur
2829 4696 3116 4752 dulcedine
3148 4693 3360 4748 fructus
3383 4692 3550 4764 pomi,

1982 4800 2041 4848 ut
2067 4808 2189 4863 qua:
2220 4792 2461 4846 dixerit:
2500 4789 2567 4844 Et
2596 4791 2803 4859 fruetus
2835 4789 2949 4858 ejus
3005 4787 3176 4842 dulcis
3232 4789 3290 4840 in
3345 4795 3555 4856 gutture

1980 4899 2113 4949 meo,
2140 4890 2195 4937 et
2224 4892 2351 4936 tunc
2396 4882 2512 4951 ipsa
2560 4895 2778 4952 quoque
2825 4878 3039 4934 fructus
3078 4886 3165 4934 est
3212 4876 3457 4948 pulcher,
3496 4884 3551 4930 et

1978 4973 2266 5027 dulcedine
2294 4972 2550 5036 alliciens,
2574 4984 2628 5028 et
2651 4971 2904 5044 agricolae
2935 4970 3248 5041 propositus
3294 4966 3359 5021 ad
3414 4966 3552 5020 lani-

1979 5066 2129 5119 tiam.
2201 5064 2334 5118 Illud
2386 5073 2567 5119 autem
2613 5064 2958 5130 vocabulum,
3018 5060 3336 5123 Descendat,
3392 5058 3553 5112 habet

1982 5156 2203 5225 optandi
2235 5156 2710 5227 signiﬁcationem,
2746 5170 2811 5210 eo
2842 5154 3005 5208 modo
3029 5153 3299 5223 prolatum
3325 5162 3435 5218 quo
3487 5145 3555 5201 ll-

1983 5247 2071 5302 Iud
2091 5266 2104 5302 :
2121 5248 2491 5315 Sanctiﬁcatur
2509 5263 2693 5302 nomen
2716 5256 2895 5309 tuum;
2922 5250 2974 5298 et
2996 5243 3092 5310 ﬁat
3113 5241 3349 5295 voluntas
3378 5248 3469 5288 tua
3486 5232 3547 5286 “.

1981 5340 2265 5406 Quomodo
2293 5340 2438 5395 enim
2466 5338 2577 5394 illic
2601 5336 2825 5409 cptandi
2872 5332 3325 5403 signiﬁcationem
3374 5323 3553 5381 contl«

1981 5437 2072 5483 net
2104 5430 2319 5484 illorum
2349 5429 2636 5485 verborum
2673 5424 2865 5498 ﬂgura,
2919 5423 2993 5476 ita
3029 5421 3118 5477 hic
3148 5432 3361 5496 quoque
3392 5413 3547 5482 illud,

351 5600 372 5627 "
422 5591 564 5651 Psal.
606 5614 807 5665 CILVII,
850 5600 930 5654 l8.
1008 5595 1204 5651 ’Jmn.
1238 5600 1418 5657 IVJi.
1519 5599 1757 5654 "l'l‘itn.
1801 5619 1856 5665 ιι,

2004 5605 2040 5631 "
2079 5603 2265 5656 Matth.
2306 5622 2378 5665 γι,
2418 5603 2499 5657 ll.
