3948 6192
286 194 389 251 989

1331 194 1395 250 ΙΝ
1424 196 1722 252 CANTICA
1746 192 2020 253 CANTIC.
2063 191 2349 251 HOMILIA
2389 192 2456 247 X.

3444 190 3546 248 930

286 310 796 382 λιτος’ήδυνόμενος.
820 314 865 366 Τ
865 312 910 384 ᾧ
930 312 1153 383 διψῶντι
1174 313 1230 368 δὲ
1264 315 1475 388 κρατὴρ
1494 316 1699 385 γίνεται
1726 318 1853 387 πλή-

1970 312 2221 385 apparuit
2256 310 2543 380 discipulis
2573 310 2627 364 in
2674 308 2797 365 favo
2831 308 3010 365 mellis
3046 307 3322 365 conditus.
3364 307 3421 362 1·Ζί
3452 325 3550 364 an-

284 425 384 480 ρης
415 407 561 460 οινου
599 405 691 458 καὶ
713 406 1002 473 γάλακτος,
1029 407 1090 460 οὐ
1121 407 1359 477 σπογγιά
1386 408 1517 481 χολῇ
1547 426 1605 462 τε
1634 410 1727 463 καὶ
1755 409 1862 474 ὄξει

282 496 585 566 διάϐροχος,
606 495 726 549 οἵαν
760 496 808 548 οξ
839 495 1086 549 Ἰουδαῖοι
1119 496 1199 568 τῷ
1225 497 1489 569 εὐεργέτῃ
1518 499 1618 570 τὴν
1644 499 1864 569 φιλοτη-

236 610 250 631 ο
282 589 402 641 σίαν
460 586 860 657 ἐνδεικνύμενοι
903 587 992 642 διὰ
1049 587 1144 641 τοῦ
1198 588 1444 661 καλάμου
1500 590 1861 661 προτείνουσι.

281 678 508 742 Πάντως
546 679 731 754 δεούκ
786 679 1088 750 ἀγνοοῦμεν
1112 667 1191 734 ’τὰ
1228 682 1344 735 τῶν
1389 682 1694 754 εἰρημένων
1724 682 1864 737 αίνί-

278 785 494 837 γματα·
530 769 647 834 πῶς
705 770 923 842 δένδρον
958 767 1027 842 ἦν
1081 774 1470 846 σμυρνηφόρον
1507 777 1537 828 6
1576 774 1807 838 Παῦλος,
1836 776 1865 827 6

279 858 398 911 καθ’
429 862 649 931 ἡμέραν
705 860 1082 932 ἀποθνήσκων,
1129 863 1224 916 καὶ
1251 864 1414 929 αὐτὸς
1462 864 1642 935 ἐαυτῷ
1691 863 1864 928 διδοὺς

278 950 341 1002 τὸ
396 949 494 1003 τοῦ
544 950 777 1004 θανάτου
814 952 1118 1023 ἀπόκριμα,
1155 955 1248 1007 καὶ
1285 954 1375 1009 διά
1407 954 1776 1027 καθαρότητός
1803 972 1863 1008 τε

277 1042 374 1094 καὶ
403 1041 674 1105 ἀπαθείας
701 1042 1085 1115 ἀρωματίζων,
1128 1045 1273 1117 ὀσμὴ
1302 1045 1445 1118 ζωῆς
1476 1048 1588 1109 τοῖς
1614 1046 1864 1117 σωζομέ-

277 1145 393 1192 νοις
420 1131 704 1201 γινόμενος
730 1147 744 1161 ·
767 1130 888 1194 πῶς
918 1132 975 1185 δὲ
999 1137 1265 1187 σιτοποιεῖ
1288 1135 1354 1189 τὰ
1387 1134 1611 1206 ἔμψυχα
1632 1136 1726 1189 τοῦ
1763 1136 1863 1206 κή-

277 1220 553 1289 που.φυτά
575 1221 655 1291 τῷ
678 1222 912 1294 δεσπότῃ
954 1223 1051 1277 τοῦ
1093 1228 1293 1297 κήπου,
1316 1226 1390 1291 ὡς
1419 1230 1688 1301 μαρτυρεῖ
1715 1229 1744 1281 6
1770 1229 1862 1281 ἐπὶ

275 1310 580 1382 τοῦθρόνου
608 1312 920 1384 καθήμενος
943 1330 957 1345 ·
994 1315 1076 1369 ὅτι
1111 1317 1457 1380 Ἐπείνασα,
1488 1319 1583 1373 καί
1605 1317 1861 1372 ἐδώκατέ

273 1419 377 1469 μοι
412 1402 646 1472 φαγεῖν.
680 1404 879 1475 Ἀρτος
903 1405 1010 1478 γὰρ
1038 1407 1376 1479 εὐφροσύνης
1405 1403 1858 1475 ἐστὶνὴεεὺποιῖᾳ,

271 1492 357 1564 τῷ
384 1493 564 1562 μέλιτι
591 1496 690 1566 τῆς
713 1496 930 1566 ἐντολῆς
959 1497 1383 1569 γλυκαινόμενος
1404 1518 1416 1532 ·
1451 1499 1571 1565 πῶς
1599 1501 1655 1554 δὲ
1699 1501 1859 1556 πάλιν

270 1585 508 1655 οἰνοχοεῖ
539 1585 616 1656 τῷ
641 1587 858 1659 νυμφίῳ
877 1589 945 1643 τὰ
987 1590 1182 1662 εὐερνῆ
1206 1591 1302 1645 τοῦ
1328 1594 1505 1663 κήπου
1529 1593 1690 1663 φυτὰ,
1720 1593 1859 1664 πρὸς

1968 415 2073 461 tem
2113 405 2205 475 qui
2247 403 2362 459 sitit
2401 402 2458 457 ﬁt
2492 409 2672 457 crater
2710 400 2824 455 vini
2854 408 2905 456 et
2942 400 3122 463 lactis,
3175 415 3285 455 non
3319 402 3545 471 spongia

1968 496 2090 552 felle
2119 505 2174 551 et
2202 505 2354 551 aceto
2384 495 2591 550 imbuta
2618 493 2684 556 ¹⁸,
2719 507 2878 563 quam
2911 490 3122 547 Ilebrrei
3170 506 3325 547 suam
3361 500 3543 546 osten-

1967 587 2158 642 dentes
2187 584 2615 640 muniﬁcentiam
2662 598 2758 652 per
2788 581 3109 635 arundinem
3147 581 3431 651 porrigunt
3454 580 3522 636 be

1967 678 2255 735 nefactori.
2288 675 2524 733 Omnino
2562 682 2741 728 autem
2775 687 2884 727 non
2921 672 3237 741 ignoramus
3260 675 3546 743 aenigmata

1965 783 2153 823 eorum
2188 782 2311 838 quae
2338 767 2482 821 dicta
2522 774 2691 820 sunt:
2729 778 2925 832 nempe
2962 763 3419 833 quemadmodum
3453 778 3545 817 ar-

1965 861 2066 915 bor
2096 860 2375 930 myrrham
2413 856 2596 913 ferens
2625 864 2742 912 erat
2772 854 2997 918 Paulus,
3026 856 3118 923 qui
3161 854 3403 924 quotidie
3428 869 3547 908 mo-

1967 952 2299 1016 riebatur”,
2347 957 2402 1006 et
2452 950 2570 1021 ipse
2612 948 2716 1003 sibi
2754 947 2921 1002 dabat
2958 960 3287 1016 responsum
3329 944 3544 1010 mortis,

1964 1052 2019 1099 et
2043 1059 2140 1115 per
2168 1044 2458 1115 puritatem
2483 1049 2538 1096 et
2571 1040 2812 1096 divinam
2838 1040 2962 1094 vitae
2985 1038 3387 1095 institutionem
3424 1052 3548 1091 ονο-

1966 1138 2258 1203 matizans,
2319 1135 2484 1190 ﬁebat
2528 1130 2933 1204 quodammodo
2988 1130 3123 1184 odor
3160 1130 3285 1182 vitae
3336 1128 3405 1183 iis
3452 1129 3546 1197 qui

1964 1230 2101 1286 salvi
2136 1230 2274 1284 tiunt
2300 1230 2370 1280 ’τε
2402 1225 2863 1298 quemadmodum
2897 1224 3151 1278 animata:
3179 1222 3324 1276 horti
3350 1222 3548 1292 plantae

1963 1322 2184 1377 domino
2217 1321 2362 1377 horti
2404 1333 2597 1390 panem
2633 1318 2860 1381 faciunt,
2906 1324 2963 1371 ut
2999 1321 3233 1370 testatur
3258 1313 3350 1382 qui
3396 1313 3549 1367 sedet

1962 1412 2017 1467 iu
2063 1414 2284 1472 throno.
2312 1412 2503 1466 dicens
2540 1428 2553 1465 :
2609 1408 2843 1468 Esurivi.
2874 1414 2923 1461 et
2950 1406 3171 1460 dedistis
3203 1403 3331 1457 mihi
3357 1400 3426 1456 ad
3457 1418 3548 1455 co-

1962 1504 2359 1558 medendum“.
2407 1502 2568 1558 Panis
2618 1501 2766 1557 enim
2805 1498 3001 1553 laetitiae
3047 1504 3132 1551 est
3166 1492 3544 1557 beneﬁcentia,

1963 1596 2218 1652 conditus
2270 1595 2427 1651 melle
2483 1593 2777 1665 praecepti;
2841 1587 3303 1660 quemadmodum
3361 1592 3545 1640 autem

271 1675 372 1741 οὓς
389 1677 555 1731 τοῦτό
580 1695 777 1750 φησιν’
820 1658 903 1735 δτι
939 1658 1253 1752 carentia,
1289 1658 1396 1738 καί
1410 1658 1731 1742 ἐποτίσατέ
1753 1658 1851 1756 με,

1966 1700 2161 1741 rursus
2199 1699 2404 1755 sponso
2437 1658 2623 1754 potum
2659 1658 2901 1753 praebent
2932 1678 3189 1735 ﬂorentes
3210 1676 3353 1730 horti
3390 1675 3545 1745 plan-

271 1768 509 1836 γάλακτι
555 1770 651 1823 τὸν
699 1765 843 1826 οῐνον
899 1774 1236 1844 κεράσαντες
1258 1813 1273 1838 ,
1324 1776 1421 1845 οὐχ
1478 1776 1654 1841 ὕδατι,
1715 1778 1869 1834 κατὰ

270 1859 373 1930 τὴν
401 1859 516 1914 τῶν
565 1861 827 1932 καπήλων
873 1864 1182 1934 συνήθειαν.
1239 1865 1312 1917 Τὸ
1344 1865 1400 1919 δὲ
1429 1865 1570 1932 γάλα
1605 1868 1639 1937 ἡ
1665 1866 1856 1938 πρώτη

272 1952 375 2021 τῆς
394 1949 743 2022 ἀνθρωπίνης
772 1951 991 2023 φύσεώς
1015 1955 1131 2008 ἐστι
1161 1954 1356 2027 τροφὴ,
1380 1957 1412 2026 ή
1441 1955 1659 2027 καθαρά
1684 1973 1744 2009 τε
1766 1956 1857 2009 καὶ

269 2040 441 2111 ἁπλῆ,
470 2042 505 2112 ἡ
526 2041 696 2106 ὅντως
720 2041 996 2115 νηπιώδης
1011 2044 1106 2099 καὶ
1132 2044 1335 2108 ἄδολος,
1364 2046 1456 2099 καὶ
1480 2047 1659 2118 πάσης
1694 2063 1858 2118 πονη-

270 2132 377 2199 ρᾶς
406 2131 590 2185 αἰτίας·
618 2131 1024 2204 κεκαθαρμένη.

339 2305 534 2361 Ταῦτα
550 2306 720 2360 εἰπὼν
747 2309 884 2377 πρὸς
906 2309 1004 2380 τὴν
1024 2309 1242 2380 νύμφην
1269 2313 1298 2364 6
1323 2312 1499 2380 λόγος,
1523 2312 1858 2382 περιτίθεται

264 2400 382 2463 τοῖς
410 2398 644 2469 πλησίον
675 2399 745 2454 τὰ
782 2400 875 2453 τοῦ
926 2402 1262 2473 Εὐαγγελίου
1306 2406 1603 2476 μυστήρια,
1640 2406 1815 2475 λέγων
1838 2423 1852 2436 ο

265 2489 515 2560 φάγετε,
534 2493 588 2545 οι
608 2491 878 2559 πλησίον
892 2509 1032 2561 μου,
1050 2493 1149 2547 καὶ
1170 2495 1354 2559 πίετε,
1377 2494 1475 2549 καὶ
1495 2497 1851 2563 μεθύσθητε,

262 2581 524 2651 ἀδελφοί
547 2600 689 2651 μου.
721 2583 811 2653 Τῷ
837 2584 947 2655 γὰρ
977 2586 1324 2656 ἐπισταμένῳ
1340 2586 1438 2649 τὰς
1469 2587 1736 2655 μυστικὰς
1762 2586 1854 2639 τοῦ

263 2671 606 2741 Εὐαγγελίου
652 2674 856 2743 φωνὰς,
888 2676 1116 2747 οὐδεμία
1142 2678 1443 2748 φανήσεται
1479 2677 1713 2747 διαφορά
1748 2677 1855 2731 τῶν

264 2763 506 2818 ἐνταῦθα
538 2764 740 2835 ῥητῶν,
764 2767 899 2838 πρὸς
927 2766 1026 2837 τὴν
1050 2769 1166 2820 ἐκεῖ
1193 2770 1306 2831 τοῖς
1331 2767 1600 2839 μαθηταῖς
1630 2767 1853 2837 γινομέ-

262 2871 363 2925 νην
415 2857 831 2925 μυσταγωγίαν.
878 2857 1154 2921 Ὡσαύτως
1198 2858 1306 2929 γὰρ
1338 2858 1571 2913 ἐνταῦθα
1602 2860 1695 2913 καὶ
1740 2862 1856 2914 ἐκεῖ

1960 1783 2050 1840 tm,
2087 1775 2288 1846 quibus
2331 1775 2434 1830 hoc
2465 1774 2629 1837 dicit,
2672 1771 2848 1835 Sitivi,
2875 1780 2924 1825 et
2944 1779 3123 1839 potum
3144 1762 3531 1829 miltidedistis,

1959 1868 2144 1922 vinum
2200 1867 2342 1921 lacte
2386 1871 2776 1935 temperatum,
2818 1877 2937 1917 .non
2986 1872 3150 1930 aqua,
3193 1865 3256 1912 ut
3300 1872 3417 1911 mos
3457 1863 3540 1910 est

1959 1974 2289 2028 cauponum.
2345 1955 2454 2011 Lac
2503 1962 2683 2010 autem
2736 1961 2823 2009 est
2858 1952 3097 2023 primum
3145 1949 3541 2003 nutrimentum

1960 2048 2211 2103 humanae
2239 2056 2468 2109 naturae,
2509 2061 2706 2116 purum
2732 2052 2789 2099 et.
2833 2043 3088 2112 simplex,
3120 2047 3175 2097 et
3201 2055 3328 2095 vere
3361 2037 3544 2093 infan-

1960 2138 2056 2194 tile
2108 2146 2163 2193 et
2201 2139 2320 2195 sine
2360 2137 2509 2204 dolo,
2568 2147 2623 2192 et
2673 2142 3032 2207 expurgatum
3085 2134 3153 2188 ab
3201 2132 3351 2187 omni
3403 2131 3545 2185 mala

1960 2246 2060 2285 can
2069 2246 2150 2286 Si).

2028 2319 2156 2379 Ilaec
2208 2334 2332 2374 cum
2384 2318 2562 2375 oratio
2595 2318 2829 2374 dixisset
2862 2332 3102 2390 sponsae,
3159 2314 3382 2385 apponit
3417 2330 3545 2385 pro-

1957 2413 2181 2483 pinquis
2211 2411 2470 2482 mysteria
2497 2408 2800 2479 Evangelii,
2832 2410 3064 2463 dicens:
3104 2406 3392 2471 Camedite,
3426 2421 3546 2473 pro-

1958 2506 2138 2576 pinqui
2170 2503 2290 2567 mei,
2329 2513 2378 2556 et
2424 2500 2781 2566 inebriamiui,
2824 2500 3027 2568 fratres
3068 2500 3191 2553 mei.
3251 2498 3411 2567 Apud
3444 2513 3542 2553 eos

1957 2600 2101 2653 enim
2132 2596 2224 2665 qui
2253 2595 2435 2650 sciunt
2464 2592 2726 2663 mysticas
2753 2606 2918 2647 voces
2939 2590 3241 2659 Evangelii,
3280 2590 3428 2643 nulla
3457 2596 3546 2644 est

1958 2687 2258 2744 differentia
2310 2698 2498 2739 eorum
2550 2698 2673 2753 qua:
2720 2682 2808 2735 hic
2860 2689 2991 2737 sunt
3024 2682 3317 2735 verborum
3354 2681 3423 2735 ab
3479 2696 3544 2734 ea

1959 2796 2079 2851 qua:
2108 2778 2219 2833 illic
2257 2776 2546 2849 exhibetur
2588 2772 2876 2853 discipulis
2928 2772 3288 2843 mystagogia,
3349 2787 3545 2841 nempe

1960 2870 2346 2942 mysteriorum
2381 2881 2478 2921 seu
2502 2870 2975 2920 sacramentorum
3009 2862 3374 2916 institutione.
3405 2860 3541 2915 Nam

264 2948 431 3049 φησιν
456 2950 489 3002 6
522 2947 682 3017 λόγος
729 2948 1039 3020 τὸ,Φάγετε
1067 2950 1167 3004 καί
1196 2952 1382 3008 alata.
1428 2952 1492 3004 Ἦ
1520 2953 1575 3005 δὲ
1598 2952 1731 3023 πρὸς
1756 2952 1852 3024 τὴν

1959 2948 2212 3021 similiter
2254 2973 2306 3019 et
2333 2962 2466 3029 illic,
2512 2966 2566 3015 et
2602 2959 2692 3014 hic
2731 2958 2864 3015 dicit
2906 2956 3233 3028 Scriptura:
3273 2955 3544 3012 Comedite

266 3036 444 3108 μέθην
501 3038 789 3110 προτροπὴ
838 3039 903 3110 ἢν
940 3039 1173 3093 ἐνταῦθα
1217 3043 1331 3105 τοῖς
1372 3041 1619 3110 ἀδελφοῖς
1644 3044 1671 3094 6
1699 3041 1854 3109 λόγος

264 3126 802 3197 πεποίηταιβόξειεν
840 3129 905 3183 ἂν
927 3132 1037 3194 τοῖς
1079 3131 1293 3194 πολλοῖς
1326 3131 1505 3184 πλεῖόν
1532 3149 1582 3184 τι
1615 3134 1764 3203 παρὶ
1796 3132 1856 3184 τὸ

262 3218 603 3288 Εὐαγγέλιον
638 3220 800 3290 ἔχειν.
842 3222 905 3274 Ei
928 3222 983 3275 δέ
1021 3240 1105 3285 τις
1131 3222 1373 3293 ἀκριϐῶς
1409 3222 1731 3287 ἐξετάσειεν,
1764 3226 1857 3277 καὶ

261 3309 424 3369 τοῦτο
439 3312 740 3382 σύμφωνον
757 3316 866 3376 τοῖς
884 3314 1255 3382 εὐαγγελικοξ
1283 3314 1658 3386 εὑρεθήσεται.
1679 3315 1816 3367 ’Ὁπε
1825 3331 1855 3385 ρ

259 3402 371 3475 γὰρ
408 3403 653 3458 ἐνταῦθα
691 3406 769 3476 τῷ
823 3406 966 3477 λόγῳ
1025 3410 1136 3470 τοῖς
1177 3408 1350 3474 φίλοις
1394 3407 1852 3478 παρεκελεύσατο,

257 3496 420 3550 τοῦτο
450 3498 577 3551 ius!
602 3497 692 3552 διὰ
717 3497 826 3552 τῶν
855 3498 1032 3570 ἔργοει
1059 3498 1330 3569 ἐποίησεν,
1381 3495 1513 3553 διότι
1541 3502 1689 3556 πᾶσα
1717 3501 1854 3571 μέθη

252 3588 527 3644 ἔκστασιν
544 3588 705 3643 εἴωθε
723 3593 897 3643 ποιεῖν
918 3590 1018 3660 τῆς
1035 3590 1402 3660 διανοίας,τῆς
1440 3608 1677 3663 κεκρατη
1689 3593 1853 3664 μένης

256 3680 368 3733 ὑπὸ
408 3679 510 3734 τοῦ
560 3679 728 3734 οἴνου.
765 3680 973 3733 Οὐκοῦν
1021 3680 1157 3751 ὅπερ
1185 3678 1420 3733 ἐνταῦθα
1464 3682 1851 3752 προτρέπεται,

252 3769 420 3826 ⁸*ιιοῦτο
435 3771 528 3825 διὰ
541 3771 643 3840 τῆς
672 3770 821 3835 θείας
839 3771 1053 3843 ἐκείνης
1067 3769 1325 3841 βρώσεως
1344 3789 1403 3824 τε
1422 3773 1514 3824 καὶ
1530 3774 1735 3836 πόσεως
1761 3775 1854 3828 καὶ

252 3862 380 3916 τότε
397 3861 637 3930 δγίνετο,
654 3862 748 3916 καὶ
760 3863 989 3916 πάντοτε
1006 3862 1237 3930 γίνεται,
1250 3863 1619 3932 συνεισιούσης
1631 3868 1695 3936 τῇ
1717 3864 1855 3936 βρώ-

254 3968 341 4006 σει
360 3968 420 4007 τε
443 3954 542 4005 κ.σί
564 3955 634 4023 τῇ
652 3953 807 4009 πόσει
834 3954 932 4023 τῆς
951 3952 1059 4007 ἀπὸ
1085 3952 1192 4006 τῶν
1218 3954 1476 4024 χειρόνων
1499 3954 1634 4025 προς
1652 3954 1855 4025 capsi-

252 4045 357 4099 τίω
375 4043 687 4115 μεταϐολῆς
709 4044 1305 4109 καὶὲκστάσεως.οὖτω
1320 4045 1596 4115 μεθύουσι,
1618 4046 1800 4110 καθὼς
1818 4050 1853 4119 ἡ

254 4134 578 4206 προφητεία
602 4137 790 4207 φησὶν,
816 4138 866 4190 οἱ
891 4137 988 4208 τὴν
1021 4136 1253 4207 πιότητα
1286 4136 1378 4191 τοῦ
1411 4137 1561 4191 οἴκου
1588 4137 1683 4191 τοῦ
1715 4138 1851 4192 Θεοῦ

251 4229 535 4291 πίνοντες,
574 4227 669 4281 καὶ
702 4226 778 4298 τῷ
803 4227 1088 4299 χειμάρρῳ
1118 4228 1217 4297 τῆς
1243 4229 1453 4300 τρυφῆς
1485 4227 1848 4301 ποτιζόμενοι.

1958 3064 2007 3108 et
2042 3054 2219 3109 bibite.
2246 3051 2568 3106 Adhortatio
2599 3056 2781 3102 autem
2816 3047 2881 3101 ad
2908 3046 3225 3102 ebrietatem
3256 3061 3419 3116 quam
3452 3046 3542 3101 hic

1961 3146 2219 3203 Fratribus
2258 3142 2385 3199 fecit
2414 3140 2720 3211 Scriptura,
2748 3139 2989 3210 potuerit
3014 3138 3183 3193 videri
3219 3139 3408 3194 multis
3440 3138 3540 3192 ha-

1960 3238 2087 3292 bere
2112 3232 2316 3305 aliquid
2346 3234 2579 3301 amplius
2610 3247 2773 3301 quam
2805 3230 3181 3301 Evangelium.
3219 3229 3323 3284 Sed
3358 3230 3402 3284 si
3437 3230 3540 3283 hoc

1959 3328 2246 3397 diligenter
2274 3333 2613 3387 et‘accurate
2646 3322 2816 3378 fuerit
2849 3321 3245 3386 examinatum,
3295 3320 3543 3376 invenie-

1959 3431 2049 3474 tur
2093 3431 2405 3472 consonare
2448 3416 2631 3489 verbis
2675 3414 3029 3483 evangelicis.
3063 3410 3217 3477 Quod
3272 3412 3415 3467 enim
3453 3412 3540 3466 hie

1959 3506 2315 3575 verbojussit
2345 3505 2559 3567 amicis,
2602 3503 2706 3558 hoc
2736 3503 2845 3557 illic
2885 3502 3064 3571 rcipsa
3109 3503 3255 3565 fecit,
3289 3504 3541 3571 quando-

1958 3597 2177 3668 quidem
2219 3595 2399 3649 omnis
2424 3593 2663 3647 ebrietas
2711 3593 2848 3647 solet
2877 3591 3109 3654 cllicere,
3149 3600 3207 3643 ut
3243 3606 3397 3645 mens
3441 3607 3537 3645 ex-

1957 3699 2175 3740 cessum
2229 3682 2469 3752 patiatur
2504 3696 2533 3734 a
2564 3681 2690 3739 vino
2734 3688 3015 3751 superata.
3070 3679 3225 3746 Quod
3279 3695 3412 3751 ergo
3451 3680 3540 3735 hic

1958 3778 2303 3838 adhortatur,
2338 3773 2440 3826 hoc
2488 3784 2624 3826 tunc
2650 3787 2869 3842 quoque
2910 3770 3115 3824 factum
3152 3780 3236 3825 est
3269 3786 3363 3841 per
3401 3772 3539 3825 divi-

1958 3883 2086 3921 num
2129 3864 2279 3919 illum
2313 3860 2498 3917 cibum
2549 3870 2603 3916 ct
2632 3871 2839 3931 potum,
2895 3868 2947 3914 et
2979 3875 3196 3930 semper
3238 3858 3315 3924 ﬁt,
3373 3861 3535 3915 simul

1956 3956 2315 4019 conveniente
2341 3970 2464 4009 cum
2490 3954 2613 4009 cibo
2644 3959 2698 4007 et
2728 3964 2857 4023 potu
2884 3951 3188 4006 mutatione
3218 3958 3271 4007 et
3302 3967 3531 4007 excessu

1957 4065 1986 4103 a
2022 4046 2385 4105 deterioribus
2430 4045 2498 4101 ad
2536 4060 2598 4099 ea
2662 4059 2782 4115 quae
2832 4051 2959 4099 sunt
3002 4043 3271 4099 meliora..
3306 4044 3397 4098 Sic
3441 4044 3530 4098 in—
3626 4104 3631 4115 ,

1955 4139 2260 4204 ehriantur,
2286 4144 2345 4217 ut
2370 4134 2823 4207 dicitprophetia,
2853 4136 2946 4206 qui
2976 4134 3171 4189 bibunt
3196 4149 3262 4189 ex
3289 4136 3535 4190 ubertate

1957 4236 2176 4297 domus,
2241 4240 2296 4286 et
2352 4237 2613 4297 petantur
2666 4235 2909 4282 torrente
2962 4226 3279 4281 deliciarum
3307 4226 3373 4281 ¹⁹.
3413 4226 3534 4293 Quo

252 4319 474 4390 Ὠσπερ
496 4317 778 4390 ἐμεθύσθη
806 4319 935 4372 ποτὲ
964 4320 1058 4373 καὶ
1087 4321 1115 4372 6
1149 4319 1325 4389 μέγας
1360 4320 1542 4385 Δαϐὶδ,
1569 4321 1657 4374 ὅτε
1682 4320 1848 4387 ἐκϐὰς

1959 4324 2255 4379 inebriatus
2303 4318 2598 4390 aliquando
2630 4317 2729 4371 fuit
2759 4317 2922 4371 etiam
2954 4331 3185 4386 magnus
3229 4316 3420 4379 David,
3473 4325 3533 4371 ut

249 4410 422 4475 αὐτὸς
474 4409 696 4476 ἑαυτοῦ,
748 4412 845 4465 καὶ
890 4412 949 4463 ὲν
1003 4411 1259 4464 ἐκστάσει
1292 4411 1604 4481 γενόμενος.
1645 4407 1752 4465 εἶδε
1789 4412 1848 4465 τὸ

248 4504 491 4561 ἀθέατον
528 4503 749 4567 κάλλος,
773 4503 864 4556 καὶ
886 4504 984 4575 τὴν
1009 4502 1252 4573 ἀοίδιμον
1282 4503 1496 4573 ἐκείνην
1522 4504 1704 4575 φωνὴν
1730 4502 1846 4570 ἑξε-

246 4595 493 4666 ωησεν·
546 4595 629 4648 ὅτι
683 4593 808 4660 Ιιᾶς
864 4594 1171 4664 ἅνθρωπος
1215 4596 1491 4663 ψεύστης
1516 4612 1528 4625 ι
1568 4594 1710 4666 λόγῳ
1739 4595 1846 4649 τῶν

246 4684 558 4755 ἀφράστων
573 4683 862 4754 θησαυρῶν
883 4684 1192 4756 ἐπιτρέπων
1206 4686 1302 4757 τὴν
1320 4685 1634 4757 ἑρμηνείαν.
1656 4686 1844 4752 Οὕτως

242 4774 539 4845 ἐμεθύσθη
588 4776 681 4828 καὶ
730 4776 760 4827 6
794 4774 1056 4847 νεώτερος
1088 4775 1344 4848 Βενιαμὶν
1386 4778 1618 4843 Παῦλος,
1651 4779 1741 4832 ὅτε
1786 4781 1843 4832 ἐν

243 4866 515 4921 ἐκστάσει
538 4866 752 4936 ἐγένετο
783 4868 984 4933 λέγων’
1012 4868 1148 4922 Εἴτε
1178 4869 1285 4939 γὰρ
1309 4868 1661 4939 ἐξέστημεν,
1697 4868 1840 4936 Θεῷ·

242 4959 396 5029 πρὸς
424 4961 632 5013 ἐκεῖνον
656 4959 764 5031 γὰρ
798 4960 958 5015 αὐτὸν
984 4960 1287 5030 ὴέκστασις
1309 4957 1377 5032 ἦν
1398 4978 1410 4990 ’
1447 4962 1575 5014 εἴτε
1606 4977 1836 5031 σωφρο-

239 5049 504 5119 νοῦμεν.
564 5050 742 5121 ὑμῖνο
801 5050 877 5114 ὡς
932 5051 1168 5105 ἐδείκνυε
1210 5055 1319 5115 τοῖς
1364 5052 1498 5123 πρὸς
1518 5052 1608 5104 τὸν
1633 5054 1840 5122 Φῆστον

237 5142 457 5210 λόγοις,
487 5143 683 5196 ἑαυτὸν
717 5143 792 5213 μὴ
842 5144 1186 5214 μαινόμενον,
1234 5143 1369 5198 ἀλλά
1403 5145 1756 5217 σωφροσύνης
1779 5164 1837 5200 τε

237 5236 349 5289 καὶ
378 5233 729 5304 δικαιοσύνης
781 5234 1261 5305 ἀποφθεγγόμενον
1292 5235 1533 5306 ῥήματα.
1570 5232 1700 5289 Οἶδα
1746 5240 1839 5291 καὶ

234 5324 347 5380 τὸν
386 5324 656 5395 μακάριον
682 5322 885 5396 Πέτρον
918 5326 974 5377 ὲν
1008 5323 1083 5393 τῷ
1113 5324 1335 5395 τοιούτῳ
1375 5326 1472 5397 τῆς
1512 5324 1680 5396 μέθης
1710 5326 1838 5378 εἴδει

330 5525 383 5558 ⁸⁸
408 5524 539 5581 Lur.
573 5542 732 5590 nm,
765 5530 853 5585 36.
909 5528 953 5559 ιθ
982 5526 998 5579 1
1027 5527 1155 5581 Cor.
1199 5524 1388 5585 xv,5l.

241 5611 395 5655 cxv.
436 5597 519 5652 ll.
632 5601 673 5629 "
709 5598 748 5652 ll
774 5601 902 5655 Cor.
938 5599 1094 5664 v,l3.
1167 5599 1213 5627 "
1254 5596 1374 5649 Act.
1421 5609 1571 5651 nrt.
1605 5594 1674 5648 9-1
1700 5612 1819 5665 sqq.

1502 5525 1544 5556 ¹⁷
1572 5522 1610 5576 ll
1646 5523 1773 5577 Cor.
1805 5541 1844 5588 ι,
1869 5526 1955 5579 l6.
2016 5527 2055 5558 ³⁸
2090 5524 2278 5581 Matth.
2317 5541 2444 5591 xxv,
2498 5523 2585 5579 35.
2658 5523 2699 5555 "
2720 5520 2867 5579 Psa}.
2927 5538 3095 5588 xxxv,
3135 5524 3187 5579 9.

1949 4415 2043 4487 qui
2082 4429 2206 4469 cum
2235 4427 2267 4467 a
2301 4426 2359 4481 se
2394 4409 2745 4472 excessisset,
2777 4416 2831 4463 et
2863 4406 3057 4461 [uisset
3088 4408 3140 4462 in
3166 4409 3402 4474 cxstasi,
3453 4411 3533 4463 vi-

1950 4506 2029 4561 dit
2085 4500 2544 4575 pulchritudinem
2581 4515 2698 4570 qua:
2750 4514 2857 4553 non
2901 4498 3046 4553 cadit
3076 4498 3179 4553 sub
3226 4510 3527 4569 aspectum,

1950 4597 2328 4666 insignemque
2358 4600 2412 4648 et
2452 4591 2721 4648 celebrem
2766 4590 2914 4645 illam
2950 4590 3274 4646 exclamavit
3300 4606 3526 4649 vocem:

1952 4687 2136 4742 Omnis
2171 4686 2324 4739 homo
2371 4682 2596 4738 mendax
2623 4681 2691 4747 ’°,
2737 4680 2975 4737 orationi
3025 4682 3404 4738 thesaurdrum
3443 4685 3529 4740 in-

1949 4776 2241 4834 eﬂabilium
2296 4775 2616 4848 permittens
2676 4774 3200 4843 interpretationem.
3267 4774 3359 4828 Sic
3432 4780 3520 4830 in-

1949 4868 2192 4925 ebriatus
2216 4880 2433 4937 quoque
2461 4864 2560 4919 fuit
2581 4878 2755 4920 novus
2779 4871 2968 4919 noster
2992 4858 3271 4935 Beniamin
3304 4864 3526 4936 Paulus,

1948 4964 2203 5032 quoniam
2241 4958 2342 5031 fuit
2368 4958 2421 5010 in
2456 4956 2661 5013 cxstasi
2689 4969 2815 5010 cum
2847 4954 3084 5012 diceret:
3116 4956 3235 5013 Sive
3266 4961 3403 5013 enim
3434 4977 3528 5013 en:-

1947 5055 2220 5115 cessimus,
2264 5049 2373 5104 Deo
2416 5051 2510 5115 (ad
2547 5049 2696 5104 illum
2735 5049 2882 5104 enim
2915 5058 3031 5105 erat
3079 5053 3397 5122 excessus),
3427 5052 3531 5106 sive

1947 5143 2111 5199 sobrii
2139 5158 2344 5207 sumus,
2375 5139 2516 5195 vobis
2536 5143 2615 5209 ";
2646 5142 2790 5196 sicut
2828 5156 2951 5195 cum
2984 5142 3037 5194 in
3076 5141 3141 5196 iis
3164 5157 3283 5212 quae
3316 5143 3527 5196 dicebat

1947 5231 2130 5295 Festo,
2167 5246 2226 5285 se
2264 5246 2370 5283 non
2404 5230 2647 5285 insanire
2671 5231 3000 5299 enuntiaret,
3047 5231 3143 5285 sed
3185 5231 3328 5300 loqui
3362 5231 3526 5286 verba

1950 5325 2267 5382 sobrietatis
2288 5333 2343 5381 et
2363 5311 2589 5393 iustitia:
2611 5323 2676 5376 “.
2711 5319 2849 5376 Novi
2871 5322 3034 5376 etiam
3058 5322 3274 5378 beatum
3301 5322 3522 5377 Petrum

3284 5519 3330 5552 ιο
3372 5510 3513 5573 psal.
