3948 6192
474 248 574 305 991

472 366 528 420 in
563 364 667 419 hoc
699 379 895 435 genere
929 363 1230 430 ebrietatis,
1277 365 1438 422 simul
1471 374 1523 423 et
1623 369 1950 430 esurientem
1990 383 2044 428 et

473 455 827 511 incbriatum.
889 455 1213 527 Priusquam
1267 459 1412 512 enim
1461 462 1742 529 corporale
1794 471 1938 517 esset
1996 465 2044 518 ei

469 548 693 600 allatum
747 549 1160 613 nutrimentum,
1217 565 1341 603 cum
1377 551 1612 606 esuriret
1659 560 1714 606 et
1746 555 1904 607 vellet
1948 570 2048 623 gu-

471 648 640 699 stare,
671 638 788 692 suis
836 637 939 707 ipsi
971 636 1290 705 parantibus
1331 653 1592 700 mensam,
1647 640 1706 692 tit
1752 639 1828 692 illi
1859 639 2044 692 divina

468 737 521 783 ct
552 730 733 784 sobria
770 730 928 794 visio,
977 745 1072 799 per
1097 745 1257 800 quam
1291 730 1407 801 ipse
1441 745 1471 784 a
1510 731 1693 800 seipso
1721 729 1960 785 excedit.
1993 736 2046 783 et

466 820 838 888 evangelicum
869 821 1277 889 contemplatur
1309 820 1560 884 linteum,
1597 829 1830 891 quatuor
1876 820 2045 876 initiis

468 910 537 963 ab
589 911 697 963 alto
727 910 941 963 demitti
972 911 1024 962 in
1067 917 1290 975 terram,
1346 927 1507 967 omne
1549 927 1718 981 genus
1760 912 2043 966 hominum

468 1002 524 1054 in
553 1016 612 1054 se
663 1001 952 1054 continens
990 1001 1344 1055 formatorum
1401 1003 1455 1056 in
1491 1001 1682 1057 formis
1722 1004 2040 1057 innumera-

467 1093 670 1147 bilibus
729 1093 1031 1158 volucrum,
1083 1092 1499 1164 quadrupedum
1529 1103 1582 1148 et
1621 1095 1894 1166 reptilium
1952 1094 2046 1150 be-

466 1186 717 1246 stiarum,
751 1199 849 1254 pro
879 1184 1164 1254 multiplici
1193 1185 1467 1240 variorum
1497 1187 1742 1242 cultuum
1777 1197 1830 1240 et
1854 1201 2046 1257 super-

465 1276 749 1331 stitionum
803 1276 1140 1331 diversitate.
1175 1277 1248 1331 Ex
1282 1279 1480 1348 quibus
1519 1277 1678 1333 Petro
1718 1278 1875 1348 jubet
1921 1293 2046 1332 ora-

465 1370 560 1428 tio,
612 1373 670 1420 ut
701 1367 758 1420 id
789 1367 1064 1422 sacriﬁcet
1095 1370 1238 1438 quod
1282 1379 1365 1424 est
1418 1369 1716 1423 helluinum
1760 1376 1814 1424 et
1847 1383 2044 1438 expers

463 1457 716 1521 rationis,
769 1464 827 1510 ut
870 1458 938 1512 iis
971 1460 1233 1529 purgatis,
1285 1459 1431 1530 quod
1486 1470 1656 1516 restat
1691 1462 1761 1516 sit
1794 1461 2044 1515 esculen-

464 1559 602 1614 tum,
645 1549 861 1618 quando
902 1551 1139 1604 traditur
1169 1552 1374 1604 nudum
1398 1553 1623 1606 verbum
1657 1552 1894 1622 pietatis,
1918 1566 2043 1606 cum

463 1657 571 1694 non
610 1645 776 1695 semel
823 1641 1024 1696 dixerit
1062 1657 1162 1696 vox
1198 1643 1379 1696 divina
1404 1686 1417 1709 ,
1468 1659 1575 1698 non
1606 1659 1727 1698 esse
1767 1645 2042 1714 impurum

462 1732 606 1801 quod
634 1731 775 1787 Deus
802 1735 1073 1802 purgavit.
1112 1733 1224 1788 [lac
1258 1734 1399 1788 facta
1447 1735 1834 1806 praedicatione
1863 1735 2039 1790 tribus

461 1825 694 1887 vicibus,
718 1833 774 1877 ut
796 1840 902 1878 una
926 1841 1056 1880 voce
1083 1825 1360 1880 discamus
1384 1826 1548 1881 Deum
1571 1835 1889 1896 purgantem
1914 1843 2038 1882 esse

461 1913 700 1977 Patrem,
729 1916 856 1969 etin
887 1916 990 1968 alia
1024 1917 1276 1970 similiter
1306 1915 1473 1970 Deum
1505 1926 1822 1988 purgantem
1847 1918 2036 1988 unige-

462 2007 638 2059 nitum
659 2022 779 2059 esse
799 2005 889 2058 Dei
916 1989 1196 2070 Filium,e't
1215 2007 1265 2060 in
1286 2008 1388 2060 alia
1409 2008 1678 2073 similiter,
1699 2011 1842 2078 quod
1861 2009 2036 2078 quod-

461 2098 544 2152 vis
574 2098 910 2150 immundum
947 2113 1184 2167 purgans
1216 2099 1358 2153 Deus
1389 2109 1471 2152 est
1514 2097 1751 2168 Spiritus
1789 2111 2035 2155 sanctus.

461 2190 595 2244 Cum
617 2203 746 2258 ergo
767 2188 914 2242 silex
949 2190 1072 2243 vino
1100 2190 1408 2259 huiusmodi
1441 2191 1694 2254 ebrietas,
1720 2208 1883 2261 quam
1909 2208 2037 2246 con-

464 2281 599 2335 vivis
622 2271 844 2351 apponit
866 2279 1145 2343 Dominus,
1168 2295 1261 2348 per
1289 2280 1432 2349 quod
1470 2283 1663 2336 animae
1692 2283 1750 2336 ﬁt
1781 2299 2039 2338 excessus

463 2371 608 2426 adea
631 2388 750 2442 qua:
777 2383 901 2426 sunt
918 2371 1206 2436 diviniora,
1233 2383 1376 2426 recte
1393 2373 1547 2441 jubet
1573 2373 1830 2430 Dominus
1856 2375 1923 2429 iis
1946 2377 2038 2445 qui

463 2479 631 2532 prope
664 2471 790 2516 sunt
828 2478 921 2532 per
961 2463 1210 2528 virtutes,
1245 2479 1351 2516 non
1388 2465 1452 2518 iis
1502 2467 1592 2534 qui
1628 2466 1784 2536 longe
1817 2466 2044 2521 absunt:

459 2550 750 2615 Comedite,
781 2551 1195 2621 propinquimei,
1225 2563 1272 2606 et
1305 2553 1458 2607 bibite
1483 2564 1532 2608 et
1567 2554 1918 2610 inebriumint.
1939 2556 2038 2622 Qui

458 2645 606 2703 enim
633 2645 849 2714 indigne
876 2644 1112 2698 comedit
1145 2655 1196 2699 et
1220 2645 1656 2712 bibitijudicium
1683 2647 1784 2699 sibi
1811 2646 2042 2698 comedit

460 2747 513 2791 et
556 2736 779 2790 bibit".
817 2735 983 2790 Recte
1030 2746 1210 2791 autem
1242 2739 1532 2808 appellavit
1575 2738 1772 2794 fratres
1821 2753 1917 2793 eos
1948 2739 2039 2806 qui

459 2829 608 2898 digni
649 2839 778 2884 sunt
831 2837 887 2883 ut
916 2830 1226 2884 comedam.
1259 2829 1392 2884 Nam
1431 2833 1520 2900 qui
1553 2831 1680 2886 facit
1709 2832 2037 2885 voluntatem

458 2919 659 2985 Patris,
690 2921 1000 2974 nominatur
1023 2936 1052 2974 a
1090 2920 1266 2975 Verbo
1293 2921 1458 2975 frater
1489 2931 1542 2976 et
1581 2931 1752 2976 mater
1777 2931 1829 2976 et
1859 2937 2032 2977 soror.

1709 247 1765 302 S.
1806 245 2132 305 GREGORH
2172 247 2462 306 NYSSENI

2079 380 2117 431 Α
2149 373 2473 464 πρόσπεινόν
2496 389 2551 424 τε
2583 371 2710 464 ὄντα
2731 369 2866 442 όμοῦ
2898 371 2989 424 καί
3019 357 3282 442 μεθύοντα.
3317 377 3537 457 Πρὶνγὰρ
3554 394 3632 464 τὴν

2151 462 2467 534 σωματικὴν
2520 463 2724 534 τροφὴν
2804 463 3288 533 προσενέγκασθαι,
3350 471 3426 524 ὅτε
3463 462 3636 544 tvm-,0

2147 555 2472 624 πρόσπεινος
2514 553 2606 606 καὶ
2650 553 2808 623 ἤθελε
2839 551 3153 620 γεύσασθαι,
3195 565 3636 627 παρασκευαζόντων

2147 645 2296 715 αὑτῷ
2314 645 2427 697 τῶν
2448 645 2590 697 ἰδίων
2607 645 2702 714 τὴν
2725 644 3028 714 τράπεζαν,
3052 646 3247 713 γίνεται
3274 650 3404 720 αύτῷ
3424 655 3452 723 ἡ
3472 654 3570 710 θεία
3594 677 3638 711 τε

2147 737 2241 788 καὶ
2285 735 2548 805 νηφάλιος
2583 734 2743 804 μέθη,
2794 734 2860 786 δι’
2899 730 2966 805 ἧς
3011 734 3272 799 ἐξίσταται
3303 741 3446 805 αὐτὸς
3467 745 3638 810 ἑαυτοῦ,

2146 828 2240 881 καὶ
2269 828 2463 898 θεωρεῖ
2489 827 2584 898 τὴν
2605 826 3182 898 εύαγγελικὴνόθόνην,
3205 830 3462 902 τέσσαρσιν
3488 838 3641 907 ἀρχαῖς

2145 917 2350 971 ἀνωθεν
2405 917 2757 987 καθιεμένην,
2798 917 2908 969 πᾶν
2943 918 3095 986 γένος
3143 919 3418 991 ἀνθρώπων
3446 925 3496 975 ὲν
3537 927 3640 998 αὐτῇ

2147 1008 2506 1078 περιέχουσαν
2553 1009 2611 1059 ὲν
2667 1007 2882 1077 μυρίοις
2919 1009 3102 1072 εἴδεσι,
3135 1012 3375 1064 πετεινῶν
3402 1030 3452 1064 τε
3479 1017 3556 1066 καὶ
3578 1033 3643 1068 τε·

2145 1099 2427 1172 τραπόδων
2459 1100 2552 1153 καὶ
2609 1099 2864 1170 ἑρπετῶν
2904 1101 2997 1154 καὶ
3056 1100 3271 1172 θηρίων,
3301 1104 3428 1157 κατά
3455 1105 3536 1169 τὰς
3565 1107 3648 1159 τῶν

2148 1191 2506 1260 σεϐασμάτων
2538 1189 2799 1260 διαφορὰς
2824 1193 3280 1263 μεμορφωμένων.
3300 1188 3391 1246 Ὧν
3411 1195 3463 1246 τὺ
3489 1195 3646 1264 θηριῶ·

2143 1282 2235 1346 δές
2263 1299 2320 1334 τε
2348 1284 2442 1334 καὶ
2472 1282 2663 1350 ἄλογον
2699 1278 2837 1344 εἶδος
2862 1282 3020 1336 θῦσαι
3051 1283 3124 1353 τῷ
3161 1284 3340 1355 Πέτρῳ
3363 1288 3388 1338 ὁ
3414 1286 3548 1352 λόγος
3560 1288 3648 1340 δια-

2145 1373 2440 1436 κελεύεται,
2495 1375 2581 1426 ἵνα
2634 1373 3013 1444 καθαρθέντων
3061 1375 3252 1439 αὐτῶν,
3296 1376 3352 1428 τὸ
3388 1377 3650 1446 λειπόμενον

2145 1464 2404 1535 ἐδώδιμον
2450 1465 2691 1536 γένηται,
2726 1465 2814 1518 ὅτε
2864 1467 2957 1519 καὶ
2994 1467 3191 1535 γυμνὸς
3230 1468 3256 1518 6
3285 1467 3375 1534 τῆς
3424 1467 3653 1530 εὐσεϐείας

2149 1556 2501 1627 παραδίδοται
2555 1557 2727 1624 λόγος,
2785 1556 2883 1625 οὐχ
2936 1556 3082 1621 ἅπαξ
3139 1557 3384 1628 είπούσης
3421 1557 3509 1626 τῆς
3540 1557 3656 1621 θείας

2149 1649 2353 1719 φωνῆς,
2375 1649 2457 1701 ὅτι
2481 1651 2600 1701 Οὐκ
2629 1650 2759 1702 ἐστι
2803 1648 3007 1702 κοινὸν
3046 1649 3187 1716 ὅπερ
3215 1651 3245 1702 ό
3277 1648 3409 1714 Θεὸς
3439 1647 3658 1715 ἐκαθάρι-

2147 1758 2282 1796 σεν.
2326 1741 2466 1793 Ἀλλ’
2484 1742 2562 1803 εἰς
2593 1741 2713 1812 τρὶς
2734 1741 3025 1809 γενομένου
3056 1741 3145 1794 τοῦ
3171 1741 3398 1794 τοιούτου
3425 1740 3661 1812 κηρύγμα-

2142 1849 2253 1898 τος,
2282 1833 2368 1884 ἴνα
2405 1831 2665 1901 μάθωμεν
2705 1834 2768 1902 τῇ
2822 1833 2921 1902 μιᾷ.
2963 1833 3134 1902 φωνῇ,
3183 1831 3307 1884 Θεὸν
3357 1829 3662 1900 καθαρίζοντα

2141 1922 2230 1976 τδν
2282 1921 2534 1992 Πατέρα,
2603 1918 2697 1973 καὶ
2747 1923 2804 1973 ὲν
2836 1924 2900 1991 τῇ
2947 1921 3114 1992 ἑτέρᾳ⁸
3164 1920 3414 1983 ὡσαύτως
3469 1917 3662 1988 καθαρί-

2140 2009 2297 2074 ζοντα
2347 2009 2437 2063 τὸν
2467 2010 2617 2074 Θεὸν,
2664 2011 2754 2062 τὸν
2789 2011 3050 2080 μονογενῆ
3077 2011 3202 2063 Υίὺν
3247 2006 3396 2074 είναι,
3423 2008 3508 2062 καὶ
3532 2012 3578 2060 ὲν
3613 2009 3662 2076 τῇ

2142 2101 2273 2172 ἄλλη
2328 2101 2719 2172 παραπλησίως
2743 2139 2758 2165 ,
2809 2103 2888 2154 ὅτι
2927 2103 2955 2154 6
2995 2103 3106 2154 πᾶν
3149 2100 3442 2169 ἀκάθαρτον
3483 2095 3665 2165 καθαρί-

2145 2195 2252 2258 ζων
2289 2193 2441 2256 Θεὸς,
2480 2194 2540 2246 τὸ
2576 2192 2800 2262 Πνεῦμά
2835 2194 2948 2246 ἐστι
2981 2193 3042 2246 τὸ
3089 2192 3258 2260 ἅγιον.
3303 2190 3542 2258 Τοιαύτης
3583 2187 3668 2240 τοί·

2145 2300 2238 2335 νυν
2294 2281 2583 2352 γινομένης
2631 2282 2730 2351 τῆς
2755 2283 2818 2334 ὲκ
2842 2281 2933 2334 τοῦ
2971 2281 3117 2334 οἴνου
3155 2281 3339 2352 μέθης,
3361 2280 3413 2332 ὃν
3433 2277 3668 2349 προτίθησι

2142 2375 2255 2436 τοῖς
2287 2373 2592 2442 συμπόταις
2612 2375 2640 2426 6
2661 2373 2882 2443 Κύριος,
2909 2372 2976 2426 δι’
2996 2369 3066 2443 ἦς
3089 2373 3222 2444 πρὸς
3255 2373 3318 2425 τὰ
3347 2371 3562 2439 θειότερα
3589 2367 3666 2437 τῆς

2145 2465 2323 2536 ψυχῆς
2355 2465 2610 2528 ἔκστασις
2659 2465 2886 2533 γίνεται,
2941 2465 3124 2528 καλῶς
3155 2464 3558 2535 παρακελεύεται
3585 2462 3671 2520 τοῖς

2146 2555 2371 2624 πλησίον
2401 2553 2487 2608 διὰ
2521 2554 2625 2606 τῶν
2680 2553 2889 2625 ἀρετῶν
2925 2556 3228 2623 γεγονόσιν,
3274 2555 3333 2608 ού
3364 2555 3466 2613 τοῖς
3497 2547 3671 2621 πόρρω-

2147 2646 2237 2698 θεν
2269 2646 2630 2716 ἀφεστηκόσιν
2659 2648 2686 2699 6
2714 2645 2945 2716 Κύριος·
2982 2647 3064 2699 ὅτι
3102 2645 3344 2714 Φὰγετε,
3378 2642 3675 2706 οίπ.1ησὶον

2140 2756 2281 2807 μου,
2333 2739 2432 2791 καὶ
2489 2739 2671 2803 πίετε,
2710 2737 2808 2790 καὶ
2847 2739 3208 2808 μεθύσθητε.
3246 2735 3303 2790 Ὀ
3336 2735 3437 2804 γὰρ
3481 2730 3673 2794 ἀναξίως

2147 2827 2340 2880 ἐσθίων
2404 2829 2500 2880 καὶ
2543 2828 2732 2889 πίνων,
2797 2826 2971 2898 κρίμα
3020 2825 3202 2897 ἑαυτῷ
3242 2825 3403 2878 ἐσθίει
3431 2822 3516 2876 καὶ
3542 2819 3677 2870 πίνει.

2145 2919 2339 2982 Καλῶς
2370 2919 2426 2972 δὲ
2471 2921 2596 2984 τοὺς
2642 2920 2821 2985 ἀξίους
2846 2919 2942 2990 τῆς
2971 2917 3231 2988 βρώσεως
3258 2918 3502 2984 ἀδελφοὺς
3540 2925 3678 2982 προσ·

2075 1711 2116 1765 Β

459 3015 784 3085 ηγόρευσεν.
830 3014 890 3067 Ὀ
921 3015 1028 3088 γὰρ
1057 3015 1225 3068 ποιῶν
1273 3013 1334 3066 τὸ
1358 3013 1568 3085 θέλημα
1607 3014 1794 3077 αὑτοῦ,
1856 3013 1950 3069 καὶ
1993 3011 2220 3080 ἀδελφὸς
2264 3013 2356 3065 καὶ
2402 3009 2604 3084 ἀδελφή
2635 3012 2730 3065 καὶ
2764 3012 2945 3083 μήτηρ
2978 3011 3088 3064 ὑπὸ
3135 3011 3229 3065 τού
3281 3009 3446 3077 Λόγου
3493 3017 3677 3058 κατονο.

463 3105 706 3176 μάζεται.

530 3198 861 3252 Ebrietatem
895 3207 1073 3252 autem
1091 3205 1493 3266 consequenter
1517 3200 1764 3268 sequitur
1785 3214 2035 3266 somnus,
2068 3208 2105 3259 (ἶ

460 3296 519 3342 ut
552 3304 647 3358 per
675 3291 1088 3343 concoctionem
1121 3289 1280 3344 detur
1305 3288 1537 3344 facultas
1563 3291 1808 3345 convivis
1837 3291 1901 3344 ad
1937 3293 2036 3346 bo-

461 3395 586 3433 n-im
643 3379 1017 3434 habitudinem
1048 3379 1326 3451 digerendi
1367 3382 1539 3436 cibos.
1577 3381 1869 3452 Propterea
1914 3391 2038 3453 post

459 3470 591 3524 illud
651 3471 871 3540 epulum
927 3487 1128 3542 sponsa
1186 3481 1404 3527 tenetur
1454 3488 1668 3527 somno.
1720 3472 1814 3528 Est
1855 3484 2034 3529 autem

461 3564 674 3618 alienus
704 3563 920 3634 quidem
953 3579 1196 3628 somnus,
1233 3577 1287 3619 et
1315 3579 1344 3618 a
1377 3565 1772 3620 consuetudine
1800 3568 2034 3620 naturali

458 3664 723 3711 remotus.
757 3654 890 3709 Nam
926 3656 978 3710 in
1020 3663 1284 3712 consueto
1324 3655 1538 3726 quidem
1571 3673 1764 3713 somno
1791 3659 1882 3726 qui
1906 3658 2036 3712 dor-

462 3743 560 3796 mit
607 3759 713 3798 non
762 3745 966 3816 vigilat,
1026 3754 1080 3801 et
1109 3746 1202 3816 qui
1241 3747 1446 3817 vigilat,
1499 3762 1609 3801 non
1658 3749 1880 3813 dormit,
1941 3747 2034 3803 sed

461 3843 755 3906 utrumque
789 3837 843 3890 in
881 3851 940 3892 se
975 3836 1203 3892 invicem
1243 3837 1465 3903 desinit,
1507 3855 1701 3910 nempe
1730 3855 1956 3908 somnus
1985 3849 2038 3895 et

460 3928 643 3996 vigilia
679 3927 780 3982 sibi
831 3927 1062 3984 invicem
1110 3930 1454 3985 succedendo
1485 3931 1752 3998 cedentia,
1793 3941 1848 3987 et
1878 3933 2039 3986 vicis-

462 4018 565 4070 sim
599 4017 666 4071 ad
706 4012 1149 4088 unumquemque
1176 4021 1512 4076 accedentia.
1556 4021 1655 4076 llic
1681 4032 1862 4077 autem
1896 4038 2036 4076 nova

460 4096 792 4181 quaedam‘et
837 4112 1174 4169 admirabilis
1219 4115 1402 4169 mistio
1439 4125 1492 4170 et
1519 4115 1683 4170 coitio
1728 4116 2034 4170 contrario-

460 4219 580 4259 rum
613 4201 762 4258 circa
796 4205 1209 4260 eam-cernitur.
1244 4205 1352 4277 Ego
1380 4207 1540 4272 enim,
1574 4206 1770 4275 inquit,
1802 4206 2032 4271 dormio,

457 4304 506 4348 et
531 4311 623 4348 cor
648 4311 821 4351 meum
850 4295 1054 4365 vigilat.
1089 4296 1346 4362 Qumnam
1379 4313 1508 4368 ergo
1538 4305 1623 4352 est
1649 4297 1715 4351 de
1749 4297 1834 4352 his
1869 4299 2035 4355 rebus

460 4387 774 4456 accipienda
796 4387 1106 4442 sententia?
1130 4386 1368 4441 Somnus
1391 4395 1476 4441 est
1502 4388 1693 4443 mortis
1710 4389 2030 4443 similitudo.

461 4481 516 4534 In
556 4496 621 4536 eo
643 4481 785 4536 enim
811 4480 1049 4536 solvitur
1077 4480 1258 4535 omnis
1297 4481 1539 4535 sentiens
1573 4493 1864 4551 corporum
1904 4496 2029 4551 ope-

2225 3197 2557 3261 ’Λκολούθως
2581 3197 2635 3252 δὲ
2682 3198 2990 3269 διαδέχεται
3041 3199 3144 3270 τὴν
3191 3197 3356 3269 μέθην
3382 3195 3408 3247 6
3439 3193 3600 3255 ὕπνος,
3621 3191 3678 3253 ὡς

2139 3291 2205 3345 ἂν
2234 3292 2322 3345 διὰ
2389 3291 2487 3362 τῆς
2534 3291 2748 3361 πέψεως
2799 3290 3092 3363 άναδοθείη
3149 3295 3263 3355 τοῖς
3303 3290 3591 3359 δαιτυμόσιν
3617 3287 3679 3346 είς

2139 3381 2353 3446 εὐεξίαν
2401 3383 2434 3450 ἡ
2477 3380 2724 3452 δύναμις.
2765 3380 2864 3433 Διά
2905 3380 3067 3433 τοῦτο
3115 3379 3253 3451 μετά
3284 3379 3380 3450 τὴν
3412 3373 3680 3429 πανδαισίαν

2140 3473 2356 3543 ἐκείνην
2409 3475 2464 3524 ὲν
2495 3471 2574 3542 τῷ
2629 3471 2782 3541 ὕπνῳ
2815 3471 2848 3540 ἡ
2876 3469 3063 3541 νύμφη
3099 3471 3331 3538 γίνεται.
3369 3467 3521 3528 Ξένος
3549 3464 3596 3517 δέ
3618 3477 3682 3522 τις

2138 3557 2293 3625 οὕτος
2314 3565 2342 3615 ὁ
2377 3561 2541 3624 ὕπνος
2571 3560 2712 3622 ἐστὶ,
2736 3560 2832 3614 κα)⁸
2857 3561 2954 3632 τῆς
2997 3561 3239 3630 φυσικῆς
3271 3556 3538 3627 συνηθείας
3565 3552 3682 3606 d116-

2137 3670 2306 3724 τριος.
2345 3653 2466 3704 Ἐπὶ
2490 3651 2586 3722 μὲν
2609 3651 2715 3723 γὰρ
2749 3651 2842 3704 τοῦ
2874 3651 3142 3722 συνήθους
3178 3650 3370 3716 ὕπνου,
3399 3648 3512 3702 οὕτε
3532 3647 3557 3698 6
3579 3642 3683 3697 καθ·

2139 3745 2308 3798 εὕδων
2377 3746 2698 3816 ἐγρήγορεν,
2757 3743 2852 3796 καὶ
2912 3746 2941 3797 6
2992 3743 3316 3816 ἐγρηγορὼς
3349 3742 3408 3795 ού
3440 3737 3678 3794 καθεύδει·

2139 3837 2252 3891 ἀλλ’
2291 3839 2348 3888 ὲν
2386 3836 2636 3908 ἀλλήλοις
2686 3835 2840 3906 λήγει
2883 3835 3196 3907 ἀμφότερα,
3229 3837 3258 3889 ὅ
3297 3851 3353 3888 τε
3385 3833 3536 3894 ὕπνος
3558 3829 3682 3894 καὶή

2138 3930 2522 4002 ὲγρηγόρησις,
2557 3930 2677 3991 ταῖς
2705 3927 2974 3997 διαδοχαῖς
3008 3928 3264 3997 ἀλλήλων
3303 3922 3678 3992 ὑπεξιστάμενα.

2151 4018 2416 4072 Ἐνταῦοα
2441 4018 2496 4070 δέ
2530 4035 2613 4080 τις
2642 4018 2802 4088 καινὴ
2825 4018 2918 4071 καὶ
2943 4019 3252 4090 παράδοξος
3277 4019 3420 4089 μίξις
3447 4015 3541 4069 τῶν
3561 4015 3683 4064 ἐναν-

2136 4109 2266 4162 τίων
2293 4109 2384 4162 καὶ
2423 4108 2639 4171 σύνοδος
2671 4109 2954 4180 θεωρεῖται
3003 4100 3135 4181 περὶ
3174 4111 3369 4181 αὑτήν.
3414 4105 3546 4176 Ἐγὼ
3571 4103 3677 4170 τὰρ,

2138 4203 2288 4272 φησὶ,
2327 4200 2612 4262 καθεύδω,
2640 4200 2738 4262 καὶ
2767 4201 2806 4267 ή
2837 4201 3052 4270 καρδία
3081 4220 3207 4271 μου
3251 4197 3548 4271 ἀκουεινεῆ
3573 4195 3680 4246 Τίνα

2135 4288 2228 4346 οὖν
2254 4291 2359 4362 χρὴ
2393 4292 2627 4345 διάνοιαν
2649 4292 2776 4362 περὶ
2808 4291 3015 4345 τούτων,
3041 4292 3270 4358 λαϐεῖνς
3318 4292 3512 4351 Ὕπνος
3545 4282 3679 4337 θανά-

2135 4401 2228 4437 του
2263 4384 2408 4436 ὲστὶν
2437 4383 2710 4454 ὁμοίωμα.
2733 4383 2934 4437 Λύεται
2957 4383 3066 4454 γὰρ
3097 4387 3161 4438 ἐν
3191 4383 3343 4454 αὐτῷ
3375 4383 3513 4435 πᾶσα
3531 4373 3679 4440 αἰσθη-

2135 4477 2262 4547 τικὴ
2290 4475 2400 4528 τῶν
2440 4475 2709 4544 σωμάτων
2734 4475 3002 4543 ἐνέργεια,
3023 4477 3125 4529 οὐκ
3159 4475 3356 4545 ὅψεως,
3399 4474 3493 4525 ούκ
3523 4466 3674 4533 ἀκοῆς.

458 4573 779 4636 ratio,cum
831 4587 931 4627 nec
970 4573 1144 4636 visus,
1190 4585 1290 4626 nec
1322 4571 1561 4635 auditus,
1604 4586 1704 4626 nec
1745 4572 2028 4637 odoratus,

2140 4571 2234 4622 οὐκ
2282 4569 2620 4638 ὀσφρήσεως,
2663 4569 2723 4621 ού
2777 4568 3036 4636 γεύσεως,
3075 4570 3181 4638 οὐχ
3238 4568 3405 4637 ἁφῆς,
3446 4560 3581 4634 παρά
3609 4556 3679 4610 τὸν

459 4679 557 4717 nec
583 4673 796 4734 gustus,
841 4679 939 4719 nec
972 4672 1172 4727 tactus,
1226 4662 1403 4718 somni
1453 4671 1716 4734 tempore,
1772 4678 1874 4716 suo
1911 4663 2037 4718 fun-

459 4762 618 4824 gatur
649 4772 913 4811 munere:
970 4756 1066 4810 sed
1115 4762 1169 4810 et
1203 4755 1450 4824 corporis
1478 4755 1622 4810 vires
1668 4755 2035 4826 franguntur;

459 4855 710 4912 procreat
753 4846 917 4899 etiam
952 4847 1282 4902 oblivionem
1320 4845 1749 4902 sollicitudinum
1781 4853 1834 4900 et
1872 4860 2035 4899 cura-

459 4945 578 4982 rum
611 4947 729 5000 qua:
759 4941 886 4984 sunt
942 4933 996 4986 in
1050 4933 1290 5001 homine,
1346 4934 1488 5005 sopit
1529 4941 1756 4998 metum,
1807 4943 1859 4989 et
1899 4935 2034 4986 iram

459 5022 612 5085 lenit,
667 5033 719 5078 et
750 5039 939 5078 eorum
984 5025 1076 5093 qui
1131 5036 1258 5080 sunt
1300 5028 1445 5082 acris
1476 5037 1530 5082 et
1574 5028 1812 5082 acerbati
1867 5027 2033 5082 animi

459 5115 682 5169 remittit
727 5115 1148 5180 vehementiam,
1191 5127 1246 5172 et
1289 5118 1458 5173 efﬁcit
1501 5131 1558 5174 ut
1599 5121 1784 5174 nullus
1816 5122 1888 5175 sit
1914 5135 2032 5174 om-

459 5207 607 5258 nium
652 5209 917 5260 malorum
971 5221 1191 5272 sensus,
1244 5211 1484 5279 quandiu
1545 5211 1859 5265 dominatur
1909 5226 2032 5265 cor-

459 5297 597 5365 pori.
657 5297 768 5352 lloc
820 5314 950 5368 ergo
997 5299 1262 5357 discimus
1297 5317 1392 5372 per
1431 5317 1493 5356 ea
1535 5317 1655 5371 qua:
1701 5303 1847 5356 dicta
1882 5310 2029 5365 sunt,

461 5389 602 5457 quod
635 5389 814 5459 seipsa
841 5390 1014 5444 evasit
1040 5392 1328 5457 excelsior,
1361 5407 1481 5462 qua:
1504 5392 1584 5446 sic
1619 5393 1901 5463 magniﬁce
1926 5393 2014 5461 glo

463 5479 633 5535 riatur
685 5488 742 5536 et
774 5479 910 5535 dicit
938 5496 951 5533 :
983 5480 1094 5553 Ego
1137 5483 1362 5552 dormio,
1405 5495 1454 5540 et
1486 5501 1577 5539 cor
1606 5499 1775 5538 meum
1825 5483 2027 5553 vigilat.

569 5666 612 5697 “
644 5666 661 5718 Ι
695 5667 822 5721 Cor.
863 5682 939 5732 xt,
964 5666 1055 5720 ‘27.

2135 4659 2228 4712 τοῦ
2269 4660 2437 4712 ὕπνου
2469 4661 2660 4731 καιρὸν
2683 4659 3012 4730 ἐνεργούσης
3037 4660 3098 4712 τὸ
3132 4661 3268 4713 ἴδιον
3287 4676 3300 4688 ο
3325 4657 3458 4712 ἀλλά
3491 4655 3570 4706 καὶ
3590 4649 3676 4701 λύει

2135 4754 2225 4807 τὸν
2258 4754 2410 4806 τόνον
2443 4751 2538 4804 τοῦ
2584 4751 2834 4821 σώματος
2863 4767 2877 4782 ·
2914 4753 3061 4803 ποιεῖ
3106 4751 3167 4803 δὲ
3201 4751 3298 4804 καὶ
3327 4747 3492 4821 λήθην
3518 4743 3607 4796 τῶν
3636 4739 3677 4789 ἐν

2134 4844 2211 4914 τῷ
2263 4830 2535 4913 ἀνθρώπῳ
2588 4841 2904 4913 φροντίδων,
2945 4843 3040 4894 καί
3067 4841 3402 4905 κατευνάζει
3427 4839 3511 4891 τὸν
3531 4832 3674 4902 φόὸον.

2134 4936 2229 4990 καὶ
2263 4936 2458 5006 ὴμεροῖ
2482 4935 2572 4988 τὸν
2613 4933 2803 5004 θυμὸν,
2833 4935 2926 4988 καὶ
2948 4934 3203 5005 ύποχαλᾷ
3235 4934 3345 4988 τῶν
3375 4920 3676 5002 πικραινομέ’

2137 5045 2242 5081 νων
2267 5029 2357 5081 τὸν
2390 5026 2562 5092 τόνον,
2597 5026 2692 5080 καὶ
2725 5026 2940 5078 πάντων
2968 5025 3076 5078 τῶν
3129 5025 3324 5080 κακῶν
3369 5014 3675 5085 ἀναισθησίαν

2136 5117 2298 5178 ποιεῖ,
2330 5115 2433 5177 ἕως
2456 5113 2521 5167 ἂν
2539 5113 2899 5186 κατακρατῶν
2927 5114 3062 5185 τύχῃ
3087 5114 3186 5167 τοῦ
3223 5115 3493 5186 σώματος.
3509 5098 3675 5161 οὐκοῦν

2137 5206 2293 5259 τοῦτο
2319 5206 2403 5259 διὰ
2434 5205 2539 5259 τῶν
2562 5207 2864 5275 εἰρημένων
2898 5207 3272 5278 μανθάνομεν,
3304 5209 3382 5261 ὅτι
3418 5195 3673 5271 ὑψηλοτέρα

2135 5298 2355 5366 γέγονεν
2373 5296 2572 5365 ἑαυτῆς
2585 5299 2618 5366 ή
2642 5296 2811 5349 ταῦτα
2835 5297 3335 5368 μεγαλαυχουμένη
3352 5295 3444 5350 καὶ
3463 5291 3671 5357 λέγουσα,

2135 5389 2218 5441 ὅτι
2254 5388 2393 5457 Ἐγὼ
2416 5387 2700 5451 καθεύδω,
2725 5387 2825 5442 καί
2849 5389 2887 5456 ἠ
2913 5386 3128 5456 καρδία
3148 5406 3272 5456 μου
3292 5377 3578 5454 ἀγρυπνεῖ.
3607 5370 3673 5439 Τῷ

2140 5481 2250 5534 δντι
2306 5481 2412 5551 γὰρ
2461 5478 2543 5548 ἐφ’
2573 5471 2647 5532 ὧν
2683 5478 2841 5550 μόνος
2889 5480 2918 5531 ό
2963 5477 3085 5539 νοῦς
3121 5477 3212 5546 ἐφ’
3250 5474 3438 5530 ἑαυτοῦ
3465 5460 3674 5543 βιοτεύει»
