3948 6192
285 335 389 387 993

1333 329 1397 384 IN
1429 326 1728 384 CANTICA
1761 321 2032 384 CANTIC.
2075 325 2355 382 HOMIIJA
2393 324 2484 378 .\'l.

3433 325 3537 383 99/.

285 441 458 498 οὐδενὶ
489 441 595 492 τῶν
644 440 1008 512 αἰσθητηρίων
1047 442 1563 513 παρενοχλούμενος,
1610 444 1684 506 ὡς
1717 443 1868 514 ὕπνῳ

1976 442 2176 498 Revera
2210 445 2355 499 enim
2409 441 2648 512 quandiu
2702 440 2816 496 sola
2868 441 3050 496 anima
3100 442 3155 496 in
3196 456 3255 497 se
3287 439 3444 507 vivit,
3502 457 3536 496 λ

287 535 391 588 τινὶ
421 523 516 587 καὶ
531 533 746 604 κώματι
764 535 996 603 πάρετος
1019 535 1042 604 ἢ
1063 535 1157 588 τοῦ
1190 535 1439 605 σώματος
1468 535 1669 603 γίνοιτο
1682 535 1860 603 φύσις,

287 628 381 680 καὶ
414 626 631 695 ἀληθῶς
664 625 810 679 ἐστιν
859 627 1054 688 εἰπεῖν,
1088 626 1168 678 ὅτι
1200 628 1454 696 κοιμᾶται
1497 626 1564 678 δι’
1593 624 1864 696 ἀπραξίας

287 719 322 788 ἡ
347 719 559 788 ὅρασις,
596 716 1012 786 ἀτιμαζομένων
1028 717 1134 772 τῶν
1166 717 1452 787 θεαμάτων
1486 716 1729 777 ἐκείνων,
1765 717 1865 768 ὅσα

287 809 386 870 τὰς
415 807 670 869 παιδικὰς
704 806 855 876 ὄψεις
883 807 1204 876 ἐκπλήττειν
1228 808 1434 863 εἴωθεν.
1466 809 1538 862 Οὑ
1575 806 1747 860 ταῦτα
1775 808 1862 862 λέ-

231 953 239 966 ,
286 914 369 965 γω
405 897 540 966 μόνα
570 896 605 950 ἃ
643 895 744 965 τῆς
785 896 1021 965 γεώδους
1055 898 1186 968 ὕλης
1221 899 1388 961 ἐστὶν,
1419 892 1530 950 οἷον
1562 899 1782 970 χρυσίον
1805 915 1864 951 τε

289 990 385 1041 καὶ
421 989 707 1059 ἀργύριον,
740 990 835 1042 καὶ
873 989 981 1042 τῶν
1027 989 1190 1042 λίθων
1236 992 1420 1044 ἐκεῖνα
1461 991 1561 1044 ὅσα
1593 991 1682 1044 διά
1722 1009 1864 1054 τινος

289 1081 543 1151 εύχροίας
571 1083 710 1133 κινεί
729 1083 840 1143 τοῖς
866 1079 1163 1150 ὀφθαλμοῖς
1191 1080 1289 1152 τὴν
1310 1080 1569 1151 λιχνείαν,
1609 1080 1745 1136 ἀλλὰ
1773 1083 1866 1135 καὶ

287 1171 356 1224 τὰ
390 1171 523 1238 περὶ
548 1171 638 1224 τὸν
667 1171 894 1241 οὐρανὸν
943 1171 1241 1240 φαινόμενα
1290 1167 1718 1241 θαύματα,αῖτε
1756 1173 1864 1226 τῶν

290 1263 540 1332 ἀστέρων
567 1263 752 1330 αὑταὶ,
786 1262 878 1315 καὶ
895 1245 988 1314 τού
1011 1262 1160 1329 ἡλίου
1192 1264 1219 1315 ὁ
1249 1262 1466 1327 κύκλος,
1495 1259 1590 1315 καὶ
1616 1262 1676 1314 τὸ
1706 1262 1865 1315 πολύ-

292 1371 503 1424 μορφον
540 1357 638 1424 τῆς
665 1353 892 1422 σελήνης
930 1349 1086 1416 εἶδος,
1119 1354 1212 1406 καὶ
1243 1353 1363 1405 εῐτι
1387 1352 1512 1406 ἄλλο
1532 1355 1644 1416 τοῖς
1669 1351 1867 1422 ὀφθαλ-

293 1449 416 1516 μοῖς
456 1446 649 1515 ήδονὴν
676 1445 853 1516 φέρει,
880 1444 967 1497 διὰ
1001 1446 1062 1497 τὸ
1090 1445 1254 1514 μηδὲν
1283 1446 1361 1506 εἰς
1384 1445 1469 1497 ἀεὶ
1499 1445 1700 1515 μένειν,
1735 1445 1867 1498 ἀλλὰ

291 1533 814 1603 συμμετακινεῖσθαι
847 1537 913 1603 τῇ
951 1533 1165 1602 παρόδῳ
1184 1532 1276 1584 τοῦ
1294 1533 1503 1601 χρόνον,
1534 1535 1639 1585 καὶ·
1661 1550 1722 1584 συ
1733 1552 1869 1603 μπε-

291 1623 602 1694 ριάγεσθαι.
631 1625 854 1677 Πάντων
887 1623 994 1675 τῶν
1033 1623 1284 1675 τοιούτων
1323 1623 1756 1694 ὑπεροφθέντων,
1781 1625 1868 1676 διὰ

285 1717 389 1787 τὴν
423 1715 533 1768 τῶν
561 1715 826 1786 ἀληθινῶν
856 1715 1072 1782 ἀγαθῶν
1121 1715 1372 1785 θεωρίαν,
1403 1716 1634 1785 πάρετός
1668 1716 1814 1768 ἐστιν
1841 1717 1868 1768 ὁ

1965 535 2216 590 sensibus
2266 534 2486 587 minime
2525 527 2864 602 perturbata,
2898 540 3157 602 tanquam
3200 531 3304 587 sub
3337 546 3532 586 somno

1963 636 2016 681 et
2047 641 2242 696 sopore
2265 625 2500 696 quodam
2539 632 2756 679 tenetur
2784 632 2975 678 natura
3011 624 3277 693 corporis,
3323 633 3380 678 et
3410 638 3536 677 vere

1965 717 2072 772 dici
2107 726 2304 787 potest,
2336 716 2480 787 quod
2517 715 2751 770 dormiat
2780 716 2930 770 visus
2958 730 3053 784 per
3081 715 3441 768 cessationem
3466 714 3536 767 ab

1964 825 2148 880 opere,
2205 808 2538 878 contemptui
2588 807 2789 862 habitis
2844 806 2955 860 illis
3015 806 3364 874 spectaculis,
3414 821 3534 874 qua:

1965 913 2260 968 puerorum
2301 897 2475 952 oculis
2511 896 2686 953 solent
2716 895 2908 949 all'erre
2936 903 3236 963 stuporem.
3290 892 3408 946 Non
3449 908 3530 955 ea,

1967 989 2210 1060 inquam,
2247 991 2360 1045 sola
2387 1004 2508 1059 qua:
2532 997 2660 1045 sunt
2683 995 2889 1042 natura:
2914 987 3214 1046 terrestris,
3247 995 3304 1039 ut
3340 999 3534 1037 aurum

1964 1090 2017 1137 et
2050 1091 2351 1152 argentum,
2377 1089 2430 1136 et
2462 1093 2686 1150 genium
2714 1095 2834 1148 quae
2874 1078 3103 1148 pulchro
3141 1077 3326 1146 aliquo
3355 1075 3536 1130 colore

1966 1171 2248 1226 oculorum
2281 1179 2500 1225 movent
2530 1170 2865 1234 aviditatem,
2904 1168 2998 1223 sed
3053 1179 3102 1222 et
3148 1168 3410 1222 miracula
3443 1165 3532 1218 illa

1966 1278 2086 1334 qua:
2119 1273 2404 1318 moventur
2438 1263 2491 1316 in
2527 1262 2686 1326 coelo,
2721 1269 2775 1314 et
2801 1261 3080 1315 stellarum
3111 1259 3450 1328 splendores,
3485 1265 3537 1311 et

1967 1358 2116 1411 orbis
2161 1356 2312 1416 solis,
2354 1347 2745 1421 multiplexque
2787 1359 2840 1405 et
2887 1351 3038 1403 varia
3079 1350 3220 1402 luna:
3255 1349 3450 1408 forma,
3485 1357 3537 1400 et

1968 1447 2193 1517 si.quid
2241 1447 2388 1500 aliud
2428 1444 2582 1500 affert
2628 1445 2956 1513 voluptatem
2995 1443 3192 1505 oculis,
3250 1449 3535 1510 propterea

1969 1541 2115 1610 quod
2159 1538 2296 1593 nihil
2336 1544 2600 1608 perpetuo
2631 1543 2865 1600 maneat,
2919 1534 3012 1590 sed
3047 1534 3208 1587 simul
3257 1538 3539 1585 moveatur

1967 1641 2020 1686 et
2051 1632 2451 1700 circumagatur
2476 1644 2598 1682 cum
2625 1628 2860 1680 motione
2886 1637 2938 1680 et
2971 1641 3224 1681 mensura
3250 1624 3533 1694 temporis.

1969 1722 2067 1777 llis
2107 1722 2361 1775 omnibus
2402 1718 2675 1788 despectis
2721 1723 2938 1785 propter
2974 1731 3226 1770 verorum
3270 1715 3536 1769 bonorum

284 1807 382 1860 τοῦ
415 1807 665 1877 σώματος
694 1807 987 1876 ὀφθαλμὸς,
1027 1806 1162 1876 πρὸς
1217 1806 1365 1859 οὐδὲν
1395 1807 1502 1861 τῶν
1536 1805 1664 1877 παρ’
1703 1807 1864 1860 αὑτοῦ

1976 1810 2506 1880 contemplationem,
2537 1809 2749 1862 otiosus
2781 1818 2865 1863 est
2891 1807 3083 1862 oculus
3110 1807 3376 1875 corporis,
3413 1821 3537 1859 cum

286 1897 765 1967 ύποδεικνυμένων
811 1898 907 1966 τῆς
939 1895 1283 1966 τελειοτέρας
1325 1896 1502 1966 ψυχῆς
1534 1897 1866 1964 καθελκομέ-

279 2006 408 2058 γης.
447 1989 536 2041 διὰ
560 1989 622 2040 τὸ
664 1989 800 2058 μόνα
847 1989 1063 2058 βλέπειν
1088 1991 1153 2059 τῇ
1182 1988 1389 2058 διανοίᾳ
1425 1988 1491 2041 τὰ
1520 1989 1629 2042 τῶν
1661 1989 1866 2059 ὁρατῶν

286 2077 686 2147 ὑπερκείμενα.
717 2076 871 2130 Οὕτω
893 2078 982 2130 καὶ
1013 2079 1043 2148 ἡ
1068 2079 1202 2149 ἀκοὴ
1227 2079 1395 2150 νεκρά
1424 2097 1508 2142 τις
1535 2079 1628 2132 καὶ
1652 2079 1867 2149 ἀνενέρ-

286 2183 460 2237 γητος
487 2167 717 2235 γίνεται,
757 2168 892 2240 πρὸς
920 2169 988 2222 τὰ
1015 2170 1156 2241 ὑπὲρ
1187 2169 1342 2239 λόγον
1367 2171 1465 2240 τῆς
1502 2170 1680 2240 ψυχῆς
1703 2171 1866 2239 ἀσχο-

284 2255 584 2328 λουμένης.

360 2438 447 2491 Τὰ
480 2437 538 2490 δὲ
570 2439 975 2510 κτηνωδέστερα
1005 2441 1111 2492 τῶν
1157 2441 1458 2512 αἰσθήσεων
1481 2481 1494 2506 ,
1543 2440 1664 2494 οὗτε
1694 2441 1869 2510 λέγειν

285 2533 468 2598 ἄξιον,
502 2533 583 2585 ὅτι
619 2533 896 2604 πόρρωθεν
942 2534 1187 2604 καθάπερ
1217 2552 1299 2598 τις
1333 2535 1606 2608 νεκρώδης
1638 2536 1868 2588 δυσωδία

283 2624 392 2693 τῆς
433 2623 613 2693 ψυχῆς
671 2624 1065 2696 ἀποῤῥίπτεται
1095 2667 1108 2689 ,
1160 2627 1192 2696 ἤ
1243 2643 1301 2678 τε
1351 2626 1724 2698 ρηνηλατοῦσα
1771 2627 1868 2690 τὰς

283 2713 470 2783 ὀσμὰς
541 2714 846 2785 ὄσφρησις,
900 2716 991 2768 καὶ
1036 2718 1068 2786 ἡ
1116 2718 1180 2786 τῇ
1232 2716 1456 2787 λατρεία
1519 2717 1618 2786 τῆς
1667 2717 1870 2793 κοιλίας

285 2803 726 2876 προσκαθημένη
758 2805 964 2873 γεῦσις,
1009 2807 1102 2859 καὶ
1146 2809 1178 2876 ἡ
1227 2806 1336 2876 ἁφὴ
1385 2807 1520 2879 πρὸς
1548 2807 1774 2871 τούτοις,
1812 2809 1871 2861 τὸ

286 2896 704 2965 ἀνδραποδῶδες
751 2900 844 2950 καὶ
897 2898 1093 2967 τυφλὸν
1143 2898 1514 2969 αἰσθητήριον,
1559 2900 1587 2952 ὃ
1618 2901 1754 2970 τάχα
1785 2901 1871 2953 διὰ

286 2991 419 3050 τοὺς
456 2988 690 3055 τυφλοὺς
734 2989 898 3058 μόνον·
934 2992 966 3060 ἡ
1001 2989 1160 3058 φύσις
1199 2989 1470 3061 ἐποίησεν.
1525 2984 1624 3044 Ὦν
1657 2991 1871 3044 πάντων

276 3077 485 3149 ὥσπερ
513 3081 569 3131 ὲν
593 3079 744 3150 ὕπνῳ
769 3081 873 3133 τινὶ
900 3081 966 3134 δι’
994 3081 1264 3152 ἀπραξίαν
1299 3081 1739 3153 κεκρατημένων.
1771 3101 1870 3136 κα-

287 3168 438 3236 θαρὰ
456 3147 566 3239 τῆς
592 3147 811 3241 καρδίας
843 3173 988 3225 ἐστὶν
1012 3174 1044 3242 ἡ
1078 3147 1351 3244 ἐνέργεια,
1383 3147 1474 3226 καὶ
1671 3173 1732 3226 τὸ
1763 3173 1872 3227 ἄνω
1899 3147 1940 3201 C

289 3261 488 3331 βλέπει
515 3263 544 3313 ό
571 3262 845 3332 λογισμὸς,
875 3263 1240 3334 ἀπεριήχητος
1269 3265 1444 3334 μένων
1475 3267 1538 3318 ὲκ
1566 3266 1665 3335 τῆς
1688 3265 1875 3335 αἰσθη-

285 3354 453 3424 τικῆς
491 3355 756 3423 κινήσεως
795 3355 888 3406 καὶ
918 3354 1204 3418 ἀθόλωτος.
1235 3357 1439 3427 Διπλῆς
1479 3359 1588 3429 γὰρ
1623 3358 1788 3429 οὔσης
1819 3363 1875 3412 ἐν

283 3448 359 3516 τῇ
395 3445 715 3519 ἀνθρωπίνῃ
745 3446 903 3515 φύσει
949 3447 1050 3517 τῆς
1096 3449 1286 3519 ἡδονῆς
1308 3467 1321 3480 ·
1369 3451 1466 3520 τῆς
1516 3452 1612 3522 μὲν
1647 3455 1702 3504 ἐν
1728 3452 1871 3524 ψυχῇ

283 3538 359 3591 δι’
390 3537 664 3601 ἀπαθείας
699 3539 1112 3609 ἐνεργουμένης,
1136 3541 1232 3611 τῆς
1261 3541 1317 3594 δὲ
1337 3541 1422 3595 διὰ
1458 3542 1659 3606 πάθους
1687 3546 1743 3596 ἐν
1768 3544 1873 3597 σώ-

292 3647 456 3699 ματι,
491 3631 669 3700 ἤνπερ
698 3629 762 3684 ἂν
807 3629 867 3695 ἐξ
906 3632 1287 3704 ἀμφοτέρωνὴ
1322 3636 1637 3706 προαίρεσις
1668 3637 1873 3708 ἕληται,

277 3718 436 3790 αὕτη
465 3720 606 3773 κατὰ
629 3722 725 3791 τῆς
753 3722 940 3793 ἑτέρας
967 3722 1028 3775 τὸ
1053 3724 1250 3793 κράτος
1275 3723 1404 3794 ἔχει.
1449 3726 1535 3790 Ὠς
1560 3726 1612 3779 εἴ
1637 3745 1716 3790 τις
1741 3727 1874 3799 πρὸς

283 3808 393 3877 τὴν
440 3808 693 3878 αἴσθησιν
730 3809 935 3878 βλέποι,
967 3811 1065 3883 τὴν
1107 3812 1174 3864 δι’
1203 3813 1372 3884 αὐτῆς
1417 3816 1766 3886 ἐμφυομένην
1799 3817 1876 3886 τῷ

287 3895 515 3966 σώματι
543 3897 733 3968 ἡδονὴν
760 3899 1138 3970 ἐφελκόμενος,
1175 3902 1437 3970 ἄγευστος
1466 3905 1564 3976 τῆς
1603 3895 1761 3969 θείας
1782 3907 1881 3961 εὐ-,

287 3987 577 4060 φροσύνης
609 3990 970 4056 διαϐιώσεται,
1019 3990 1151 4046 διότι
1180 3994 1390 4064 πέφυκέ
1421 4014 1536 4060 πως
1573 4000 1874 4050 ἐπισκοτεῖ-

288 4078 425 4130 σθαι
455 4079 516 4130 τὸ
543 4082 786 4148 κρεῖττον
812 4082 916 4134 ὑπὸ
938 4082 1029 4135 τοῦ
1050 4085 1309 4154 χείρονος.
1344 4080 1437 4150 Οἷς
1458 4087 1500 4138 δ’
1526 4087 1590 4139 ἂν
1614 4087 1876 4156 ἐπιθυμία

286 4169 392 4237 τὴν
426 4169 567 4238 πρὸς
593 4169 653 4220 τὸ
669 4169 821 4223 Θεῖον
851 4171 963 4242 ἔχει
995 4173 1185 4243 ῥοπὴν,
1215 4173 1423 4238 τούτοις
1454 4177 1876 4246 ἁνεπισκότητον

289 4261 453 4329 μένει
495 4260 558 4312 τὸ
587 4261 808 4328 ἀγαθὸν,
846 4264 940 4317 καὶ
985 4265 1215 4332 φευκτὸν
1260 4265 1403 4320 ἅπαν
1436 4268 1711 4337 νομίζεται
1740 4266 1875 4322 εἶναι

286 4352 351 4404 τὸ
383 4352 793 4420 καταγοτδτεῦον
840 4355 940 4424 τὴν
972 4355 1241 4424 αἴσθησιν.
1297 4359 1394 4411 Διὰ
1439 4359 1594 4412 τοῦτο
1632 4362 1664 4427 ἡ
1709 4361 1873 4432 ψυχὴ,

286 4443 423 4494 ὅταν
475 4442 614 4513 μόνῃ
662 4446 724 4513 τῇ
763 4443 966 4516 θεωρίᾳ
1011 4446 1101 4498 τοῦ
1147 4447 1296 4510 ὄντος
1322 4450 1696 4520 εὐφραίνηται,
1741 4455 1874 4524 πρὸς
1908 4473 1951 4528 ι)

285 4534 450 4586 οὐδὲν
503 4536 772 4606 ἐγρήγορε
809 4536 917 4588 τῶν
963 4539 1365 4608 ἐνεργουμένων
1416 4542 1537 4593 καθ’
1581 4543 1771 4614 ἡδονὴν
1808 4545 1872 4598 δι’

288 4625 642 4694 αἱσθήσεως’
692 4625 827 4678 ἀλλὰ
861 4628 1036 4680 πᾶσαν
1070 4630 1384 4701 σωματικὴν
1423 4635 1874 4704 κατακοιμήσασα

289 4719 535 4786 κίνησιν,
571 4720 750 4788 γυμνῇ
787 4735 842 4770 τε
879 4719 974 4771 καὶ
1026 4720 1240 4792 καθαρᾷ
1281 4724 1346 4792 τῇ
1392 4721 1597 4795 διανοίᾳ
1641 4725 1729 4778 διὰ
1778 4727 1874 4796 τῆς

281 4809 449 4870 θείας
479 4809 864 4878 ἐγρηγόρσεως
910 4810 1122 4881 δέχεται
1151 4812 1244 4865 τοῦ
1275 4813 1407 4867 Θεοῦ
1433 4815 1529 4885 τὴν
1557 4817 1874 4886 ἐμφάνειαν.

287 4894 405 4961 Ἧς
432 4899 528 4951 καὶ
562 4901 720 4968 ἡμεῖς
745 4899 1106 4971 ἀξιωθείημεν
1133 4902 1220 4956 διὰ
1249 4903 1341 4957 τοῦ
1387 4905 1676 4976 εἰρημένου
1709 4906 1876 4960 ὕπνου

287 4991 693 5062 κατορθοῦντες
760 4992 860 5061 τῆς
940 4992 1118 5065 ψυχῆς
1187 4994 1286 5066 τὴν
1355 4999 1703 5068 ἐγρήγορσιν.
1791 5000 1878 5051 Ἐν

287 5080 520 5150 Χριστῷ
567 5081 763 5151 Ἰησοῦ,
803 5075 846 5150 ᾧ
877 5083 908 5152 ἡ
942 5083 1066 5147 δόξα
1099 5085 1180 5148 εἰς
1207 5087 1330 5148 τοὺς
1372 5086 1572 5150 αἰῶνας
1616 5086 1722 5140 τῶν
1751 5086 1877 5140 αἰώ-

286 5187 423 5223 νων.
444 5169 638 5241 ’Δμήν.

877 5351 1141 5404 ὈΜῘΛΙΑ
1183 5354 1281 5406 lA'.

372 5437 544 5502 Φωνὴ
593 5437 918 5508 ἀδελφιδοῦ
963 5462 1082 5512 μου
1136 5447 1333 5512 κρούει
1374 5447 1472 5499 ἐπὶ
1517 5448 1630 5517 τὴν
1672 5452 1876 5518 θύρην.

295 5529 373 5580 ’Λ
384 5531 586 5592 νοιξόν
603 5546 725 5597 μοι,
745 5532 782 5596 ἡ
798 5533 1030 5602 ἀδελφή
1051 5553 1192 5604 μου,
1218 5537 1255 5603 ἠ
1273 5540 1540 5605 πλησίον
1559 5559 1698 5608 μου,
1720 5560 1879 5612 περι-

285 5619 486 5684 arrepti
507 5637 649 5686 μου,
688 5624 883 5676 τελεία
914 5643 1054 5693 μουο
1091 5626 1179 5680 ὅτι
1212 5629 1250 5696 ἡ
1287 5630 1518 5697 κεφαλή
1543 5649 1662 5700 μου
1696 5633 1878 5697 ἐπλή-

288 5726 330 5765 c
350 5713 424 5777 ('21
451 5706 696 5779 δρόσου,
731 5715 825 5767 καὶ
861 5719 914 5768 οἱ
939 5717 1275 5787 βόστρυχοί
1307 5737 1426 5790 μου
1469 5721 1747 5789 ψεκάδων
1777 5744 1872 5782 νυ-

1968 1904 2031 1955 ad
2063 1903 2198 1956 nihil
2226 1917 2413 1956 eorum
2444 1916 2562 1971 qua:
2601 1903 2668 1956 ab
2708 1903 2827 1971 ipso
2864 1901 3223 1954 ostenduntur
3273 1897 3540 1968 perfectio

1968 1991 2272 2044 attrahatur
2323 1991 2537 2058 animze,
2597 2000 2880 2060 propterea
2934 1991 3076 2059 quod
3111 1989 3442 2058 cogitatione
3475 2001 3540 2041 ea

1968 2083 2083 2138 sola
2110 2083 2341 2152 aspiciat
2372 2098 2493 2153 qua:
2532 2090 2659 2137 sunt
2690 2082 2974 2150 superiora
3021 2082 3088 2134 iis
3120 2094 3240 2148 qua:
3269 2079 3537 2131 videntur.

1968 2175 2043 2225 tta
2082 2173 2245 2228 etiam
2270 2181 2516 2227 mortuus
2544 2180 2625 2226 est
2663 2171 2880 2226 auditus
2915 2182 2967 2225 et
2997 2185 3222 2225 Cessans
3253 2169 3320 2222 ab
3345 2181 3538 2237 opera-

1966 2263 2136 2328 tione,
2176 2277 2299 2317 cum
2339 2263 2393 2317 in
2433 2263 2500 2319 iis
2538 2277 2660 2334 qua:
2699 2271 2826 2319 sunt
2860 2277 3025 2332 supra
3065 2261 3331 2315 rationem
3373 2273 3534 2313 oecu—

1969 2355 2359 2423 petur'anima.

2038 2441 2114 2498 De
2140 2447 2390 2502 sensibus
2421 2453 2599 2500 autem
2631 2448 2802 2517 magis
2835 2449 3086 2504 belluinls
3119 2462 3226 2502 non
3277 2447 3540 2502 convenit

1971 2533 2173 2602 aliquid
2211 2535 2424 2601 dicere,
2472 2537 2612 2604 quod
2674 2538 2884 2592 scilicet
2937 2547 3197 2609 tanquam
3257 2541 3537 2594 morticini

1971 2625 2240 2693 quispiam
2282 2625 2420 2679 fetor
2445 2626 2512 2679 ah
2548 2627 2728 2680 anima
2767 2628 2839 2682 sit
2869 2628 3139 2697 ahjectus,
3195 2638 3249 2684 et
3313 2631 3540 2686 naribus

1971 2714 2168 2769 odores
2197 2725 2422 2783 captans
2455 2715 2750 2780 odoratus,
2782 2724 2835 2772 et
2863 2719 3068 2773 ventris
3119 2720 3342 2773 servitio
3399 2721 3541 2775 assi-

1971 2803 2106 2858 dens
2139 2813 2354 2874 gustus,
2379 2815 2434 2860 et
2466 2814 2724 2875 prmterea
2755 2817 2950 2872 tactus,
2985 2809 3077 2878 qui
3121 2811 3318 2865 servile
3347 2821 3400 2864 et
3431 2826 3536 2866 ca:-

1972 2911 2096 2948 cum
2124 2904 2207 2949 est
2265 2896 2532 2950 sentiendi
2598 2898 3043 2963 instrumentum,
3105 2900 3249 2970 quod
3316 2902 3536 2970 quidem

1975 2986 2111 3041 forte
2141 2995 2360 3056 pr0pter
2391 3004 2566 3042 caecos
2599 2989 2724 3044 fecit
2767 3000 2980 3045 natura.
3040 2991 3170 3058 Quae
3199 2994 3383 3047 omnia
3414 3010 3538 3048 eum

1975 3086 2196 3148 propter
2224 3080 2582 3135 cessationem
2623 3083 2691 3136 ab
2725 3098 2908 3152 opere,
2935 3091 3193 3153 tanquam
3224 3101 3418 3140 somno
3450 3086 3544 3140 ali-

1977 3181 2084 3237 quo
2121 3165 2230 3219 sint
2257 3167 2399 3220 victa
2425 3177 2477 3221 et
2507 3184 2792 3238 oppressa,
2841 3188 2976 3243 pura
3025 3181 3109 3229 cst
3134 3174 3316 3229 cordis
3349 3190 3542 3244 opera-

1977 3258 2072 3323 tio,
2103 3265 2156 3310 et
2183 3272 2401 3312 rursum
2435 3261 2631 3329 aspicit
2671 3263 2950 3330 cogitatio,
2983 3271 3042 3318 ut
3093 3283 3213 3336 qua:
3257 3283 3287 3320 a
3345 3283 3542 3340 sensus

1977 3349 2217 3402 motione
2247 3349 2318 3403 sit
2347 3349 2514 3404 libera
2545 3359 2597 3404 et
2627 3352 2848 3409 minime
2889 3357 3223 3424 perturbata.
3252 3358 3385 3412 Nam
3415 3371 3538 3415 cum

1978 3438 2031 3491 in
2065 3439 2343 3494 hominum
2369 3452 2561 3495 natura
2587 3443 2782 3513 duplex
2817 3446 2889 3499 sit
2923 3449 3188 3518 voluptas,
3221 3451 3390 3505 altera
3421 3453 3544 3521 qui-

1977 3529 2100 3583 dem
2127 3547 2248 3600 quae
2281 3541 2566 3588 exercetur
2597 3536 2652 3589 in
2687 3537 2865 3591 anima
2904 3555 2999 3608 per
3049 3541 3502 3611 impatibilitatem
3526 3583 3540 3607 ,

1976 3620 2147 3674 altera
2183 3637 2312 3676 vero
2344 3639 2438 3691 per
2478 3627 2940 3692 perturbationem
2973 3631 3140 3684 animi
3175 3635 3228 3686 in
3289 3649 3538 3703 corpore.

1976 3725 2140 3778 quam
2171 3726 2233 3765 ex
2263 3712 2524 3767 ambabus
2554 3714 2782 3770 liberum
2838 3719 3061 3789 elegerit
3119 3722 3426 3788 arbitrium,
3480 3740 3544 3780 ea

1977 3801 2284 3856 dominatur
2313 3803 2364 3856 in
2391 3805 2638 3859 alteram.
2670 3806 2772 3873 Qui
2807 3810 2950 3863 enim
2981 3810 3176 3880 aspicit
3203 3811 3268 3866 ad
3297 3829 3542 3879 sensum,

1975 3893 2068 3960 qni
2103 3908 2198 3961 per
2225 3909 2284 3949 se
2313 3894 2534 3950 innatus
2571 3905 2655 3951 est
2696 3901 2940 3969 corpori,
2973 3901 3020 3956 is
3070 3910 3280 3957 tractus
3319 3920 3348 3957 a
3385 3907 3543 3962 volu-

1975 3993 2138 4054 ptate,
2167 3984 2333 4040 vitam
2360 3989 2611 4042 transibit
2647 4005 2843 4060 expers
2876 4004 3067 4062 gustus
3093 3995 3290 4053 divinae
3321 3999 3539 4063 laetitiae,

1979 4086 2263 4147 propterea
2299 4079 2440 4149 quod
2466 4083 2604 4136 solet
2643 4085 2969 4154 plerumque
2997 4089 3138 4157 quod
3195 4093 3544 4158 praestantius

1977 4177 2087 4232 est,
2125 4184 2154 4222 a
2205 4170 2463 4225 deteriori
2523 4175 2826 4229 obscurari.
2870 4176 3080 4242 Quibus
3117 4191 3294 4236 autem
3330 4182 3544 4238 deside-

1980 4262 2118 4314 rium
2146 4261 2210 4315 ad
2246 4262 2411 4317 Deum
2441 4273 2524 4319 est
2569 4282 2918 4335 propensum,
2959 4272 3025 4326 iis
3085 4287 3189 4326 non
3242 4275 3543 4331 involutum

1980 4352 2219 4407 tenebris
2252 4365 2429 4409 manet
2457 4355 2680 4421 bonum,
2710 4367 2764 4411 et
2793 4371 3048 4415 censetur
3076 4379 3198 4419 esse
3232 4364 3544 4432 fugiendum

1980 4441 2243 4511 quidquid
2267 4445 2432 4498 veluti
2459 4447 2786 4515 quibusdam
2823 4452 3050 4521 magicis
3091 4458 3423 4514 carminibus
3453 4459 3549 4514 dc-

1981 4534 2100 4586 linit
2132 4526 2194 4587 ac
2218 4534 2418 4603 decipit
2461 4553 2704 4594 sensum.
2762 4539 3054 4610 Propterea
3091 4547 3271 4602 anima
3329 4553 3549 4620 quando

1981 4627 2283 4680 delectatur
2317 4629 2433 4682 sola
2479 4631 2599 4697 ejus
2657 4633 2802 4700 quod
2834 4645 2920 4688 est
2965 4640 3446 4709 contemplatione,
3480 4646 3545 4698 ad

1981 4717 2116 4771 nihil
2149 4718 2347 4773 dicitur
2403 4720 2630 4789 vigilare
2659 4738 2849 4778 eorum
2913 4742 3035 4796 qua:
3091 4729 3158 4784 ad
3215 4732 3548 4802 voluptatem

1985 4808 2117 4862 tiunt
2151 4824 2248 4876 per
2269 4825 2514 4875 sensum,
2559 4814 2650 4867 sed
2684 4816 2830 4869 omni
2861 4833 3026 4873 sensu
3067 4825 3336 4892 corporali
3367 4835 3550 4892 exuta,

1981 4898 2123 4950 nuda
2153 4905 2206 4952 et
2239 4915 2372 4968 pura
2410 4911 2588 4957 tuente
2617 4918 2713 4973 per
2753 4905 2992 4962 divinam
3026 4912 3264 4980 vigiliam
3300 4915 3393 4971 Dei
3427 4934 3551 4975 sus-

1986 4988 2117 5056 cipit
2164 4991 2581 5058 apparitionem.
2639 4996 2812 5060 Quam
2847 5014 2948 5054 nos
2976 5017 3194 5072 quoque
3226 5006 3375 5076 digni
3420 5023 3554 5063 cen-

1981 5095 2200 5134 seamur
2265 5084 2484 5152 assequi
2549 5100 2647 5154 per
2700 5102 2952 5144 somnum
3024 5095 3342 5163 praedictum
3410 5109 3555 5155 recte

1980 5178 2202 5241 agentes
2231 5172 2428 5227 anima:
2459 5175 2722 5244 vigiliam.
2750 5178 2806 5232 ln
2835 5181 3053 5239 Christo
3081 5183 3232 5253 Jesu,
3260 5189 3346 5242 cui
3381 5190 3554 5260 gloria

1982 5264 2037 5318 in
2060 5265 2259 5318 sarcula
2290 5267 2634 5320 seculorum.
2673 5270 2865 5327 Amen.

2559 5358 2844 5416 IIOMILIA
2895 5365 2979 5419 XI.

2052 5445 2183 5500 CAP.
2215 5464 2266 5510 ν,
2297 5464 2350 5501 v.
2390 5448 2444 5502 ἓ.
2481 5449 2590 5504 Vox
2622 5457 2880 5520 patruelis
2911 5459 3010 5509 mei
3042 5462 3219 5527 pulsa!
3239 5459 3309 5513 ad
3336 5465 3552 5521 ostium.

1981 5539 2139 5605 Aperi
2185 5540 2344 5605 milii,
2403 5559 2554 5596 soror
2598 5561 2731 5603 mea.
2781 5549 3076 5616 propinqua
3127 5569 3260 5617 mea,
3311 5553 3553 5610 columba

1986 5646 2121 5694 mea,
2151 5630 2379 5699 perfecta
2403 5651 2514 5686 mea
2542 5650 2558 5686 :
2589 5639 2834 5704 quoniam
2866 5651 3019 5709 caput
3039 5659 3210 5698 meum
3237 5644 3446 5714 plenum
3477 5659 3556 5704 est

1988 5743 2123 5809 rore,
2164 5739 2210 5784 et
2244 5731 2471 5785 cincinni
2507 5732 2606 5786 mei
2650 5737 2811 5805 guttis
2845 5735 3032 5791 noctis.
3064 5738 3119 5796 ’5.
3157 5738 3296 5796 Exui
3325 5742 3555 5800 tunicam
