3948 6192
550 287 652 342 999

548 412 765 464 semper
793 398 1048 452 convenit
1078 411 1180 450 vox
1210 397 1484 468 Apostoli,
1520 398 1713 453 dicens
1741 415 1754 450 :
1788 395 1848 450 Si
1881 396 1996 464 quis
2025 394 2127 448 sibi

548 485 754 542 videtur
782 488 984 557 aliquid
1019 491 1176 556 scire,
1205 491 1436 544 nondum
1474 491 1570 544 scit
1600 487 1859 559 quernodo
1885 494 2120 556 oporteat

546 593 665 631 eum
695 580 830 634 scire
853 580 918 633 ”.
949 579 1006 634 lu
1032 583 1111 636 eis
1136 582 1280 636 enim
1311 598 1432 652 qua:
1467 587 1882 652 praecesserant,
1912 589 2119 631 tantum

549 685 608 724 sc
659 672 913 741 Cognovit
969 673 1151 726 anima
1207 684 1468 743 quantum
1527 669 1959 742 comprehendit.
2016 666 2121 723 Sed

548 762 808 828 quoniam
846 762 992 831 quod
1026 763 1267 817 nondum
1303 772 1389 819 est
1426 763 1900 832 comprehensum,
1929 768 2012 815 est
2040 759 2123 812 in-

550 851 719 904 ﬁnitis
754 854 1002 920 partibus
1036 854 1215 921 majus
1247 870 1412 924 quam
1457 854 1604 923 quod
1643 861 1728 908 est
1765 851 2122 921 comprehen-

549 957 693 1006 sum,
729 952 1016 1012 propterea
1047 945 1244 1000 anima:
1271 947 1470 1017 saepius
1496 946 1750 1016 apparuit
1778 959 2035 1015 sponsus,
2069 954 2123 998 et

546 1042 804 1101 tanquam
862 1035 1101 1089 nondum
1142 1045 1472 1106 consliectus
1527 1035 1723 1092 fuisset
1760 1036 1880 1105 ejus
1919 1034 2116 1097 oculis,

554 1140 687 1179 voce
733 1141 951 1196 sponsa:
985 1136 1069 1183 est
1103 1129 1384 1197 pollicitus
1415 1145 1474 1184 se
1499 1129 1569 1183 ab
1606 1144 1670 1184 ea
1704 1127 2022 1182 videndum.
2055 1124 2121 1180 Ut

547 1224 729 1288 autem
772 1218 843 1272 sit
881 1220 1038 1273 nobis
1073 1235 1270 1274 sensus
1326 1219 1637 1284 dilucidior,
1689 1219 1920 1288 exempli
1956 1232 2119 1272 causa

549 1306 741 1359 addam
775 1315 1068 1375 quamdam
1103 1309 1541 1364 similitudinem.
1571 1309 1855 1374 Quomodo
1898 1307 2042 1363 enim
2073 1307 2120 1362 si

546 1397 672 1465 quis
700 1396 861 1450 fuerit
893 1414 1059 1468 prope
1091 1399 1292 1453 fontem
1323 1400 1680 1470 illum,quem
1714 1415 1778 1454 ex
1815 1408 1962 1454 terra
1989 1399 2121 1453 dicit

547 1486 616 1542 ab
650 1487 804 1541 initio
834 1489 1130 1544 ascendere
1155 1489 1523 1559 Scriptura”,
1548 1491 1640 1562 qui
1670 1499 1856 1546 tantus
1871 1502 1954 1548 est
1980 1491 2121 1545 inul-

547 1574 776 1628 titudine
813 1583 871 1628 ut
922 1577 1232 1632 universam
1297 1588 1496 1633 terram
1551 1580 1872 1646 circumeat,
1929 1578 2120 1634 videns

545 1680 740 1735 aquam
772 1667 918 1720 illam
958 1667 1249 1734 inﬁnitam,
1282 1685 1404 1739 qua;
1433 1686 1496 1726 ex
1523 1686 1592 1725 eo
1613 1671 1840 1725 omnino
1877 1669 2045 1725 emuit
2067 1678 2120 1725 et

543 1756 866 1825 effunditur,
923 1775 1033 1814 non
1093 1759 1295 1816 dixerit
1335 1778 1394 1817 se
1439 1770 1611 1816 totam
1651 1763 1852 1818 vidisse
1899 1777 2116 1832 aquam.

544 1845 1015 1911 Quemadmodum
1053 1850 1200 1905 enim
1230 1851 1428 1906 viderit
1466 1853 1611 1923 quod
1641 1861 1722 1908 est
1757 1852 2032 1906 occultum
2064 1852 2118 1906 in

543 1938 670 1992 sinu
703 1948 862 1994 terra:
887 1940 910 1994 ?
934 1941 1071 1996 adeo
1102 1951 1162 1996 ut
1195 1944 1410 1998 etiamsi
1443 1943 1536 1997 diu
1572 1953 1789 1998 mane-it
1818 1943 1886 1998 ad
1922 1958 2117 2012 aquam

543 2028 938 2093 salientem,est
956 2047 1173 2101 semper
1190 2034 1246 2087 in
1269 2034 1426 2087 initio
1445 2051 1598 2104 aquae
1622 2035 2115 2104 contemplationis.

541 2118 661 2173 Non
691 2121 836 2174 enim
860 2131 1045 2176 cessat
1069 2138 1229 2192 aqua,
1252 2133 1306 2178 et
1332 2140 1549 2194 semper
1570 2125 1746 2180 ﬂuens
1767 2136 1819 2180 et
1850 2127 2118 2194 incipiens

543 2213 838 2267 scaturire.
896 2211 986 2268 Sic
1025 2222 1095 2268 -et
1153 2217 1248 2285 qui
1301 2216 1369 2270 ad
1405 2217 1553 2270 illam
1612 2217 1852 2273 divinam
1897 2227 1952 2272 et
2008 2235 2116 2273 non

540 2302 930 2371 aspectabilem
966 2303 1163 2373 aspicit
1213 2305 1703 2376 pulchritudinem,
1741 2308 1960 2379 quando
1989 2311 2114 2380 qui-

541 2392 666 2447 dem
698 2394 843 2462 quod
877 2409 1093 2463 semper
1124 2397 1418 2461 invenitur,
1457 2401 1732 2453 recentius
1772 2409 1821 2454 et
1874 2401 2115 2455 admira-

544 2485 708 2538 bilius
755 2486 979 2540 omnino
1011 2488 1294 2554 cernitur,
1354 2505 1532 2559 quam“
1569 2491 1624 2545 id
1671 2493 1816 2563 quod
1873 2501 1957 2548 est
1999 2493 2113 2558 jam

541 2577 1016 2644 comprehensum,
1073 2579 1307 2632 miratur
1339 2580 1563 2650 quidem
1607 2583 1658 2637 id
1709 2583 1855 2652 quod
1900 2599 2115 2654 semper

539 2676 788 2737 apparet,
815 2670 1053 2721 nondum
1081 2678 1264 2724 autem
1286 2671 1503 2727 desistit
1527 2689 1556 2726 a
1580 2673 1856 2728 desiderio
1875 2675 2112 2739 videndi,

539 2765 829 2828 propterea
864 2759 1009 2829 quod
1050 2761 1295 2829 quolibet
1327 2763 1473 2832 quod
1506 2765 1750 2817 cernitur
1787 2765 1842 2816 tit
1877 2765 2113 2822 divinius

538 2854 591 2897 et
644 2847 1084 2913 magniﬁcentius
1135 2849 1186 2902 id
1235 2851 1379 2919 quod
1410 2861 1779 2921 exspectatur.
1819 2853 2113 2924 Propterea

539 2953 674 3008 ergo
695 2939 779 2992 hic
803 2955 1019 3010 quoque
1045 2957 1246 3010 sponsa
1269 2958 1481 3012 semper
1499 2944 1780 3000 admirans
1805 2955 1860 3000 et
1884 2956 2112 3017 stupens

1783 282 1839 337 S.
1883 275 2206 337 GREGORII
2245 275 2534 332 NYSSENI

3598 286 3697 341 ίθθθ

2157 396 2200 451 Α
2229 394 2532 463 εἰρημένων
2564 393 2623 446 τὸ
2663 393 2836 462 δόγμα
2870 393 3233 471 μανθάνομεν,
3281 395 3355 448 δτι
3400 395 3588 450 πάντοτε
3621 404 3705 464 rei;

2225 485 2318 537 ἐπὶ
2353 484 2422 537 τὰ
2472 485 2640 556 μείζω
2690 485 3106 556 προκόπτουσιν,
3139 485 3377 556 ἀρμόδιός
3417 487 3540 540 ἐστιν
3581 490 3707 560 ητοῦ

2238 575 2560 628 Ἀποστόλου
2585 575 2736 645 φωνὴ
2761 576 2794 645 ἡ
2820 574 3051 642 λέγουσα
3073 590 3088 604 ο
3121 575 3198 627 ὅτι
3225 577 3295 628 El
3313 593 3394 640 τις
3421 575 3557 629 δοκεῖ
3575 577 3708 645 ἐγγω-

2225 665 2410 729 κέναι,
2457 667 2621 719 οὔπω
2655 665 2807 736 ἔγνω
2837 666 3031 733 καθὼς
3062 666 3154 720 δεῖ
3195 664 3420 736 γνῶναι.
3463 667 3612 734 Ἔγνω
3639 667 3709 736 μὲν

2224 758 2331 829 γὰρ
2377 759 2539 812 αὐτὸν
2579 759 2636 811 ἐν
2675 761 2790 822 τοῖς
2824 758 3094 828 φθάσασιν
3134 757 3338 830 ἡψυχὴ
3367 757 3582 810 τοσοῦτον
3623 759 3708 810 ὅσον

2185 881 2212 888 κ
2223 850 2541 906 κατέλαϐεν.
2575 850 2712 904 Ἀλλ’
2734 852 2917 921 ἐπειδὴ
2943 854 3008 907 τδ
3025 851 3189 922 μήπω
3202 850 3586 920 κατειλημμένον
3599 851 3705 904 ἄπει.

2220 943 2509 1018 ροπλάσιον
2549 939 2646 994 τοῦ
2720 942 3154 1014 καταληφθέντος
3175 941 3320 996 ἐστί’
3348 941 3431 994 διὰ
3455 941 3586 994 τοῦτο
3599 941 3710 1010 ὤφθη

2221 1036 2478 1099 πολλάκις
2535 1037 2600 1106 τῇ
2654 1035 2798 1106 ψυχῇ
2845 1037 2874 1088 ὁ
2914 1037 3176 1104 νυμφίος,
3225 1034 3314 1086 καὶ
3346 1033 3416 1095 ὡς
3465 1032 3645 1101 μηδέπω
3670 1034 3709 1083 ἐν

2222 1127 2520 1197 ὀφθαλμοῖς
2552 1127 2863 1197 γενόμενος,
2896 1126 3224 1198 ὀφθήσεσθαι
3251 1129 3316 1196 τῇ
3355 1126 3524 1196 νύμφῃ
3553 1125 3621 1178 διὰ
3643 1127 3711 1195 τῆς

2223 1221 2404 1289 φωνῆς
2436 1219 2848 1288 ἐπαγγέλλεται.
2909 1220 2996 1281 Ὠς
3029 1219 3075 1270 δ’
3112 1218 3176 1272 ἂν
3211 1217 3521 1286 σαφέστερον
3545 1219 3649 1285 ἡμῖν
3671 1216 3712 1268 τὸ

2222 1312 2399 1380 νόημα
2417 1311 2644 1379 γένοιτο,
2661 1311 2844 1365 είκόνα
2868 1310 2986 1364 τινὰ
3003 1311 3068 1364 δι’
3093 1309 3469 1379 ὑποδείγματος
3491 1306 3714 1380 προσθήσω

2222 1402 2299 1472 τῷ
2332 1402 2492 1472 λόγῳ.
2527 1382 2741 1473 ’Ὠσπερ¹
2765 1402 2872 1473 γὰρ
2901 1403 2954 1455 εί
2977 1421 3058 1466 τις
3087 1403 3310 1475 πλησίον
3347 1403 3540 1471 ἐκείνης
3563 1402 3713 1468 γένοιτο

2222 1494 2322 1563 τῆς
2352 1494 2555 1564 πηγῆς,
2585 1491 2651 1562 ἣν
2675 1494 2983 1548 ἀναϐαίνειν
3015 1487 3168 1550 εἶπεν
3205 1497 3268 1547 ἐκ
3295 1494 3392 1564 τῆς
3412 1495 3502 1563 γῆς
3523 1494 3622 1545 κατ’
3643 1493 3712 1561 ἀρ.

2222 1585 2322 1654 χὰς
2351 1586 2384 1654 ἡ
2424 1583 2633 1654 Γραφὴ,
2676 1585 2942 1657 τοσαύτην
2987 1581 3150 1639 οὖσαν
3197 1585 3258 1636 τὸ
3289 1583 3497 1654 πλῆθος,
3528 1582 3591 1644 ὡς
3614 1582 3715 1636 ἅπαν

2221 1678 2320 1747 τῆς
2350 1678 2453 1747 γῆς
2497 1676 2806 1742 ἐπικλύζειν
2839 1679 2903 1732 τὸ
2939 1678 3253 1747 πρόσωπον.
3303 1677 3561 1746 Θαυμὰσει
3601 1673 3716 1744 μὲνι

2220 1771 2286 1838 τῇ
2325 1771 2474 1839 πηγῇ
2511 1768 2817 1838 πλησιάσας
2849 1775 2908 1836 τὸ
2930 1770 3156 1840 ἄπειρον
3191 1768 3332 1839 ὕδωρ
3363 1771 3540 1831 ἐκεῖνο,
3565 1765 3717 1819 ms.-

2216 1879 2338 1914 τοτε
2363 1861 2531 1932 αὐτῆς
2553 1861 2856 1932 ἀνομὸροῦν
2883 1879 2940 1913 τε
2963 1862 3056 1916 καὶ
3088 1861 3444 1933 προχεόμενον
3465 1876 3476 1889 °
3493 1859 3548 1913 ού
3569 1857 3651 1928 μὴν
3666 1856 3714 1910 ιε·

2219 1970 2309 2004 ποι
2338 1953 2402 2006 ἂν
2428 1953 2548 2007 ὅλον
2583 1955 2882 2024 ἑωρακέναι
2908 1953 2969 2005 τὸ
2993 1952 3159 2024 ὓδωρ.
3219 1953 3340 2015 Πῶς
3381 1952 3481 2022 γὰρ
3509 1950 3564 2003 ἂν
3581 1950 3658 2002 ίδοι
3676 1950 3715 2000 ti

2218 2049 2309 2100 ἐπὶ
2340 2051 2453 2111 τοῖς
2480 2048 2694 2108 κόλποις
2732 2047 2829 2116 τῆς
2858 2046 2961 2116 γῆς
2996 2047 3464 2116 ἐγκρυπτόμενονς
3494 2044 3631 2096 Ὥστε
3649 2041 3716 2094 κᾶν

2215 2140 2444 2194 ἐπιπολὺ
2481 2140 2793 2211 παραμείνῃ
2827 2139 2905 2209 τῷ
2950 2139 3166 2210 βρύοντι
3191 2178 3207 2202 ,
3234 2139 3318 2191 ἀεὶ
3367 2141 3421 2190 ἐν
3445 2137 3612 2208 ἀρχαῖς
3641 2137 3717 2186 ἐστι

2219 2233 2316 2302 τῆς
2347 2231 2579 2303 θεωρίας
2620 2232 2712 2285 τοῦ
2761 2232 2968 2296 ὓδατος.
3017 2232 3092 2284 ού
3145 2231 3256 2300 γὰρ
3303 2227 3719 2294 παύεταιτὸῦδωρ

2215 2323 2301 2377 ἀεί
2329 2341 2388 2376 τε
2423 2324 2569 2394 ῥέον,
2609 2324 2700 2376 καὶ
2733 2323 2820 2375 ἀεὶ
2849 2323 2942 2376 τοῦ
2991 2322 3178 2392 βρύειν
3211 2323 3518 2394 ἀρχόμενον.
3539 2316 3721 2380 Ούτωςό

2219 2413 2354 2484 πρὸς
2390 2415 2450 2467 τὸ
2495 2414 2636 2467 θεῖον
2672 2417 2846 2467 ἐκεῖνο
2881 2415 2974 2467 καὶ
3023 2413 3285 2483 ἀόριστον
3330 2413 3512 2475 κάλλος
3545 2409 3718 2480 βλέπων,

2219 2505 2404 2576 ἐπειδὴ
2442 2505 2504 2558 τὸ
2539 2505 2768 2557 πάντοτε
2807 2505 3220 2576 εὑρισκόμενον,
3261 2502 3551 2575 καινότερόν
3585 2498 3722 2578 τεκαὶ

2216 2597 2643 2668 παραδοξότερον
2671 2597 2882 2660 πάντως
2915 2597 3063 2667 παρὰ
3090 2595 3164 2664 τῷ
3200 2596 3328 2649 εἴδει
3368 2591 3722 2663 κατειλημμένον

2213 2693 2430 2761 ὁρᾶται,
2465 2691 2735 2759 θαυμάζει
2779 2691 2875 2758 μὲν
2922 2689 2982 2741 τὸ
3024 2689 3110 2740 ἀεὶ
3153 2688 3590 2760 προφαινόμενον,
3619 2680 3724 2735 οὐδέ-

2215 2799 2344 2834 ποτε
2375 2781 2430 2832 δὲ
2461 2782 2672 2834 ἵσταται
2707 2780 2804 2849 τῆς
2831 2777 2924 2832 τοῦ
2959 2777 3083 2832 ίδεῖν
3118 2777 3430 2847 ἐπιθυμίας,
3457 2774 3535 2828 διὰ
3559 2773 3608 2826 τὸ
3625 2788 3723 2824 παν-

2212 2873 2304 2936 τὸς
2336 2871 2429 2925 τοῦ
2457 2871 2732 2942 ὁρωμένου
2762 2869 3343 2941 μεγαλοπρεπέστερόν
3379 2886 3434 2920 τε
3462 2868 3546 2920 καὶ
3573 2863 3725 2917 eum.

2217 2979 2308 3032 ρον
2331 2957 2470 3016 εἶναι
2485 2961 2544 3014 τὸ
2565 2959 3028 3032 προσδοκώμενον.
3043 2957 3141 3011 Διὰ
3155 2959 3324 3011 τοῦτο
3341 2954 3430 3011 οὖν
3449 2948 3723 3008 καὶένταύθα

539 3028 592 3081 id
638 3029 780 3097 quod
843 3033 1218 3100 cognoscitur,
1277 3049 1560 3102 nunquam
1602 3036 1657 3089 in
1709 3037 1778 3090 iis
1819 3053 1938 3106 qua:
1982 3046 2110 3095 sunt

542 3117 752 3139 -.....--!I-
796 3117 935 3139 ..ξηιει
977 3118 1301 3139 -l.._!l_-_!____
1365 3121 1462 3139 -9”,
1513 3138 1516 3139 ,
1590 3138 1600 3139 κ
1634 3123 1645 3139 ι
1804 3125 1838 3139 ο.
1897 3127 1907 3137 ο

2213 3028 2245 3124 ἦ
2279 3053 2464 3124 νύμφη
2511 3028 2620 3106 ἀεὶ*
2644 3028 2997 3121 θαυμάζουσὰ
3039 3067 3096 3103 τε
3151 3050 3253 3103 καί
3287 3044 3656 3139 ἐκπλησσομένη
3683 3041 3727 3094 τὺ

539 3117 756 3184 cognita
795 3117 940 3170 sistit
971 3118 1306 3173 desiderium
1354 3121 1474 3189 ejus
1501 3123 1646 3190 quod
1700 3125 1845 3178 venit
1895 3127 1950 3180 in
1982 3143 2113 3182 con-

539 3207 970 3274 templationem.
1007 3208 1372 3274 Quamobrem
1407 3227 1552 3265 nunc
1581 3228 1802 3283 quoque
1850 3225 2108 3284 tanquam

537 3293 607 3346 ad
640 3295 842 3348 ostiqu
899 3298 1128 3364 pulsans
1175 3299 1342 3353 sentit
1375 3299 1635 3365 Verbum,
1667 3312 1720 3358 et
1752 3303 1834 3358 ad
1866 3306 2108 3362 auditum

537 3389 716 3456 surgit
737 3395 791 3440 ct
820 3387 988 3441 dicit:
1033 3389 1144 3443 Vox
1164 3393 1420 3460 patruelis
1457 3394 1558 3447 mei
1590 3396 1769 3463 pulsat
1801 3397 1868 3450 ad
1894 3401 2108 3454 ostium.

536 3477 740 3533 Deinde
769 3494 892 3534 cum
948 3481 1219 3537 auditioni
1263 3483 1509 3540 dedisset
1560 3487 1798 3556 quietem
1849 3506 1912 3543 ac
1944 3492 2112 3545 silen-

534 3570 692 3633 tium,
727 3571 880 3624 audit
904 3570 1140 3627 Verbum
1169 3575 1249 3628 sic
1275 3591 1408 3630 voce
1437 3591 1705 3632 resonans
1734 3597 1746 3634 :
1779 3582 1938 3648 Aperi
1961 3583 2108 3646 mihi,

533 3677 684 3714 soror
715 3678 850 3728 mea,
901 3664 1147 3718 columba
1179 3683 1314 3729 mea,
1364 3667 1595 3736 perfecta
1652 3686 1811 3724 mea:
1863 3674 2107 3741 quoniam

533 3763 687 3818 caput
716 3769 882 3806 nicum
911 3755 1121 3822 plenum
1153 3767 1231 3810 est
1263 3775 1400 3821 rore,
1441 3769 1487 3812 et
1522 3760 1758 3814 cincinni
1805 3763 1904 3814 mei
1947 3764 2108 3832 guttis

531 3845 720 3898 uectis.
779 3845 952 3913 llnjus
1001 3857 1183 3901 autem
1235 3864 1458 3904 sensum
1509 3852 1588 3905 sic
1625 3853 2108 3922 con'iprebemleris

531 3938 977 4007 contemplando.
1014 3938 1212 4008 Magno
1248 3940 1381 3996 Mosi
1419 3958 1516 4011 per
1566 3943 1745 3997 lucem
1795 3945 1962 4013 coepit
2012 3944 2105 3998 Dei

530 4027 842 4094 apparitio;
872 4036 1060 4097 postea
1102 4039 1283 4086 autem
1321 4047 1414 4100 per
1445 4033 1642 4087 nubem
1678 4032 1822 4087 Deus
1869 4051 1992 4088 cum
2042 4050 2108 4090 eo

530 4117 794 4188 loquitur.
827 4118 1034 4177 Deinde
1069 4138 1191 4176 cum
1225 4124 1334 4192 jam
1367 4125 1558 4178 fuisset
1587 4125 1880 4179 sublimior
1905 4136 1957 4179 et
1986 4142 2108 4196 per-

529 4209 744 4273 fectior,
796 4208 966 4265 Deum
1020 4213 1168 4267 videt
1203 4214 1256 4266 in
1284 4215 1536 4282 caligine.
1584 4214 1740 4279 Quod
1785 4224 1966 4269 autem
2014 4233 2107 4286 per

528 4300 632 4354 hoc
661 4299 947 4367 discimus,
1001 4313 1085 4358 est
1143 4303 1494 4372 bujusmodi:
1532 4303 1749 4358 Primus
1781 4321 2030 4361 recessus
2075 4323 2104 4360 a

2214 3145 2632 3215 γινωσκόμενον,
2677 3143 2934 3196 οὐδέποτε
2968 3142 3026 3194 ἐν
3063 3142 3176 3202 τοῖς
3222 3141 3564 3210 ἐγνωσμένοις
3591 3137 3725 3202 ἵστησι

2213 3235 2306 3290 τοῦ
2332 3236 2707 3306 θεωρουμένου
2739 3237 2830 3288 τὸν
2864 3233 3045 3287 πόθον.
3087 3225 3159 3286 Θῦ
3195 3233 3352 3304 χάριν
3377 3232 3466 3286 καὶ
3484 3229 3567 3285 νῦν
3594 3223 3724 3289 dicit!

2213 3327 2662 3398 θυροκροτοῦντος
2702 3325 2794 3379 τοῦ
2821 3323 2992 3392 Λόγου
3023 3322 3365 3387 αἰσθάνεται,
3406 3323 3495 3375 καὶ
3523 3319 3637 3390 πρὸς
3654 3315 3725 3385 τὴν

2214 3417 2454 3488 ὑπακοὴν
2479 3415 2816 3470 διανίσταται
2837 3413 2929 3468 καί
2957 3429 3110 3482 φησι,
3129 3413 3312 3482 Φωνὴ
3339 3411 3442 3467 τοῦ
3465 3404 3724 3478 ἀδελφιδοῦ

2206 3528 2324 3577 μου
2346 3509 2543 3576 κρούει
2566 3507 2662 3560 ἐπὶ
2685 3503 2800 3574 τὴν
2821 3507 3026 3572 θύραν.
3053 3504 3194 3560 Εἶτα
3214 3507 3442 3579 ἡσυχίαν
3465 3506 3569 3564 ταῖς
3585 3499 3725 3556 dmi;

2210 3598 2454 3662 ἐνδούσα,
2503 3595 2688 3649 ἀκούει
2719 3594 2811 3647 τού
2840 3594 2927 3648 διὰ
2975 3596 3074 3666 τῆις
3116 3598 3311 3668 φωνῆς
3350 3592 3723 3666 προσηχήσαντος

2207 3684 2370 3740 Λόλου
2384 3705 2398 3718 ·
2425 3687 2453 3739 ὁ
2473 3686 2530 3739 δὲ
2553 3685 2708 3754 λόγος
2735 3685 2971 3748 τοιοῦτός
2991 3687 3164 3740 ἐστιν’
3197 3687 3464 3752 Ἀναξώ·
3476 3701 3582 3754 μοι,
3601 3679 3726 3734 ἀδελ·

2211 3775 2293 3844 φή
2320 3793 2461 3844 μου»
2497 3778 2535 3845 ἡ
2575 3777 2844 3844 πλησίον
2878 3793 3018 3846 μου,
3071 3779 3395 3848 περιστερά
3423 3795 3548 3848 μου,
3572 3770 3724 3827 τελεία

2203 3886 2323 3936 μου
2344 3885 2355 3896 ·
2398 3871 2484 3925 ὅτι
2525 3867 2564 3934 ὴ
2609 3866 2840 3936 κεφαλή
2869 3884 2988 3933 μου
3020 3871 3299 3937 ἐπλήσθη
3323 3869 3552 3938 δρόσου,
3584 3864 3663 3918 καί
3687 3860 3726 3912 εί

2201 3961 2535 4030 ,βόστρυχοί
2574 3977 2692 4028 μου
2729 3957 3011 4027 ψεκάδων
3058 3963 3302 4026 νυκτός.
3356 3960 3542 4014 Τούτου
3579 3955 3624 4008 δὲ
3653 3952 3725 4018 τὴν

2207 4051 2438 4107 διάνοιαν
2477 4049 2646 4112 οὕτως
2679 4049 2743 4102 ἄν
2768 4067 2852 4113 τις
2874 4049 3170 4104 καταλάϐοι
3200 4054 3271 4122 τῇ
3295 4051 3507 4122 θεωρίᾳ.
3545 4047 3619 4116 Τῷ
3652 4059 3726 4112 με·

2207 4143 2356 4213 γὰλῳ
2377 4143 2599 4196 Μωῦσεῖ
2620 4140 2706 4194 διὰ
2731 4140 2906 4208 φωτὸς
2928 4141 3130 4211 ἤρξατο
3151 4143 3184 4214 ἡ
3213 4142 3310 4195 τοῦ
3331 4141 3459 4195 Θεοῦ
3482 4139 3722 4210 ἐμφάνεια*

2211 4233 2346 4303 μετὰ
2375 4231 2544 4284 ταῦτα
2565 4230 2652 4283 διὰ
2679 4230 2907 4300 νεφέλης
2939 4229 3084 4300 αύτῷ
3110 4231 3440 4300 διαλέγεται.
3491 4217 3727 4290 1?!th-

2207 4324 2423 4394 λότερος
2451 4323 2550 4393 ἤδη
2582 4323 2676 4376 καὶ
2700 4322 3029 4394 τελειότερος
3064 4323 3378 4392 γενόμενος,
3407 4325 3461 4375 ἐν
3492 4319 3643 4390 γνόφῳ
3658 4313 3724 4365 τῦν

530 4392 687 4448 falsis
732 4402 786 4447 et
823 4397 1140 4450 errantibus
1169 4396 1236 4449 de
1289 4395 1396 4449 ι)ρο
1455 4396 1960 4452 existimationibus
2022 4411 2106 4453 est

2210 4392 2342 4470 Θεὸν
2369 4392 2571 4487 βλέπει.
2631 4412 2694 4469 ὐ
2735 4415 2792 4468 δὲ
2838 4392 3146 4468 διὰντούτου
3182 4414 3520 4485 μανθάνομεν
3539 4401 3723 4463 τοιοῦτόν

530 4488 794 4541 transitus
823 4488 888 4542 ad
925 4489 1098 4543 lucem
1132 4504 1162 4540 a
1203 4489 1463 4543 tenebris.
1497 4487 1865 4560 Propinquior
1915 4499 2096 4544 autem

527 4579 868 4631 occultorum
925 4581 1318 4643 consideratio,
1373 4597 1465 4650 per
1511 4596 1572 4636 ea
1628 4597 1748 4651 qua:
1802 4592 2101 4636 cernuntur

527 4669 805 4724 deducens
837 4672 1074 4724 animam
1107 4673 1172 4726 ad
1207 4681 1455 4725 naturam
1491 4691 1612 4743 qua:
1662 4690 1771 4729 non
1812 4677 1959 4730 cadit
1996 4679 2100 4732 sub

528 4769 832 4828 aspectum,
883 4771 966 4816 est
1017 4765 1183 4819 veluti
1237 4767 1480 4834 qutedam
1531 4768 1706 4822 nubes
1766 4769 2100 4826 adumbrans

527 4852 787 4919 quidquid
822 4854 1068 4908 cernitur
1095 4896 1108 4920 ,
1140 4855 1206 4908 ad
1242 4857 1295 4911 id
1329 4867 1510 4910 autem
1544 4859 1918 4927 aspiciendum
1953 4862 2094 4929 quod

527 4950 609 4994 est
639 4942 994 5007 absconsum,
1025 4946 1259 4999 animam
1301 4949 1579 5004 deducens
1609 4959 1662 5003 et
1693 4952 2095 5010 assuefaciens.

528 5032 720 5083 Anima
750 5041 926 5086 autem
979 5049 1098 5102 qua:
1132 5050 1227 5104 per
1265 5036 1378 5091 inec
1413 5040 1661 5108 procedit
1718 5041 1783 5095 ad
1815 5058 2048 5112 superna
2080 5083 2096 5108 ,

527 5123 768 5191 qualibet
822 5138 880 5178 re
911 5125 1100 5179 relicta
1149 5141 1312 5195 quam
1352 5130 1587 5185 humana
1641 5141 1825 5201 potest
1879 5141 2098 5206 assequi

527 5224 746 5276 natura.
773 5225 1022 5270 versatur
1073 5217 1129 5271 in
1167 5217 1349 5288 adytis
1379 5219 1471 5276 Dei
1521 5226 1872 5294 cognitionis.
1914 5229 2097 5283 divina

529 5310 756 5380 ι’ξτιὶεῑυθ
782 5311 1020 5381 undique
1054 5313 1353 5382 intercepta
1384 5332 1396 5366 :
1434 5313 1488 5368 in
1523 5333 1630 5386 qua
1667 5319 1907 5385 quolibet
1950 5319 2097 5389 quod

525 5405 773 5459 cernitur
822 5411 876 5457 et
929 5404 1413 5474 comprehenditur
1459 5405 1590 5463 foris
1641 5411 1854 5476 relicto,
1903 5412 2098 5465 animae

528 5514 552 5551 ‹·
595 5497 976 5566 ntemplationi
1008 5500 1185 5554 solum
1220 5509 1391 5554 restat
1425 5501 1476 5555 id
1504 5501 1648 5572 quod
1679 5519 1789 5558 non
1818 5503 2097 5572 inspecta-

641 5679 722 5738 ”l
755 5679 881 5738 Cor.
913 5679 1112 5748 .vm,2.
1194 5681 1238 5713 ³ο
1296 5680 1428 5737 Cen.
1470 5698 1530 5751 ιι,
1574 5683 1649 5738 l0.

2202 4511 2348 4564 ἐστιν
2373 4525 2386 4539 ·
2421 4508 2487 4561 Ἦ
2515 4507 2703 4579 πρώτη
2738 4505 2846 4560 ἀπὸ
2867 4505 2974 4558 τῶν
2999 4506 3214 4574 ψευδῶν
3234 4507 3331 4560 καὶ
3359 4497 3719 4569 πεπλανημένων

2201 4619 2268 4653 πε
2278 4601 2329 4672 pi.
2349 4599 2482 4654 Θεοῦ
2505 4598 2823 4670 ύπολήψεων
2851 4595 3216 4668 ἀναχώρησις,
3247 4600 3281 4668 ὴ
3305 4595 3413 4648 ἀπὸ
3439 4593 3524 4648 τοῦ
3544 4587 3719 4680 ,σκότοξὶς

2201 4692 2281 4752 εἰς
2320 4689 2434 4758 φῶς
2479 4690 2596 4741 ἐστι
2643 4687 2991 4758 μετάστασις.
3039 4685 3099 4737 Ἡ
3131 4685 3187 4738 δὲ
3231 4679 3610 4755 προσεχεστέρα
3640 4679 3717 4724 τῶν

2203 4777 2458 4849 κρυπτῶν
2475 4776 2866 4846 κατανόησις,ή
2895 4775 2982 4827 διὰ
3012 4773 3120 4827 τῶν
3150 4774 3490 4845 φαινομένων
3513 4777 3712 4840 χειραγω-

2201 4872 2372 4940 γούσα
2399 4870 2496 4941 τὴν
2539 4869 2712 4940 ψυχὴν
2753 4867 2890 4938 πρὸς
2931 4866 3030 4936 τὴν
3084 4866 3320 4937 ἀόρατον
3354 4863 3525 4934 φύσιν,
3547 4852 3634 4910 οἷόν
3657 4862 3713 4952 rt;

2195 4963 2386 5033 νεφέλη
2435 4961 2674 5030 γίνεται,
2719 4959 2778 5012 τὸ
2819 4957 3140 5027 φαινόμενον
3183 4958 3286 5025 μὲν
3334 4956 3476 5010 ἅπαν
3519 4952 3704 5002 ἐπίσκια·

2195 5054 2390 5118 ζουσα·
2433 5052 2569 5123 πρὸς
2596 5051 2652 5104 δέ
2687 5051 2746 5103 τὸ
2775 5047 3004 5119 κρύφιον
3061 5048 3281 5118 βλέπειν
3307 5047 3403 5125 τὴν
3439 5041 3713 5136 ψυχηνλειίθξ

2195 5141 2485 5211 αγωγοῦσα
2506 5141 2596 5194 καὶ
2627 5140 2998 5202 συνεθίζουσα.
3018 5137 3077 5191 'H
3104 5139 3160 5190 δέ
3181 5138 3274 5191 διὰ
3303 5137 3500 5189 τούτων

2203 5231 2340 5302 πρὸς
2368 5231 2436 5284 τὰ
2464 5231 2574 5284 ἄνω
2604 5229 2772 5300 ψυχὴ,
2803 5230 2926 5282 ὅσον
2959 5227 3178 5296 ἐφικτόν
3220 5227 3339 5277 ἐστι
3368 5225 3430 5293 τῇ
3463 5217 3708 5306 ἀνθρωπεξῒ)

2205 5323 2385 5390 φύσει,
2417 5322 2484 5374 τὰ
2518 5322 2664 5376 κάτω
2697 5317 3094 5386 καταλιποῦσα,
3126 5317 3279 5380 ἐντὸς
3307 5317 3415 5369 τῶν
3440 5311 3615 5366 ἀδύτων
3636 5308 3706 5362 τις

2205 5414 2528 5482 θεογνωσίας
2557 5412 2782 5481 γίνεται.
2813 5411 2889 5481 τῷ
2919 5410 3050 5481 θείῳ
3087 5410 3270 5478 γνόφῳ
3296 5401 3600 5474 πανταχόθεν
3622 5391 3704 5482 δξαο

2204 5505 2465 5574 ληφθεῖσα
2491 5521 2502 5534 °
2562 5505 2617 5555 ὲν
2653 5496 2698 5571 ᾧ
2722 5501 2815 5556 τοῦ
2848 5501 3170 5572 φαινομένου
3205 5518 3265 5553 τε
3312 5499 3402 5552 καὶ
3425 5479 3703 5556 καταλαμθα·
