3948 6192
187 254 309 315 ιθιιι

1239 250 1307 311 ῙΝ
1334 254 1628 314 CANTICA
1657 256 1929 316 CANTIC.
1970 261 2252 319 HOMlLlA
2291 265 2382 319 XI.

3305 267 3441 326 1002

185 375 407 448 νομένου
439 371 639 436 παντὸς
661 371 766 438 ἔξω
793 371 1268 441 καταλειφθέντος,
1298 376 1454 445 μόνον
1486 376 1766 430 ὑπολείπε-

1874 376 1976 432 bile
1991 388 2045 433 et
2070 359 2641 450 incomprehens'ihile,
2669 380 2724 433 in
2742 393 2850 449 quo
2871 388 2955 437 est
2978 379 3143 441 Deus.
3166 388 3441 451 quomodo

187 481 273 517 ut
301 464 368 535 τῇ
390 460 604 532 ’θεωρίᾳ
627 461 725 530 τῆς
747 460 926 532 ψυχῆς
949 462 1010 515 τὸ
1036 463 1264 534 ἀόρατόν
1285 482 1342 517 τε
1365 466 1458 518 καὶ
1491 466 1764 537 ἀκατάλη-

189 574 339 619 πτον,
364 556 423 610 ἐν
451 549 497 622 ᾧ
529 555 677 608 ἐστιν
708 556 736 608 ὁ
769 554 922 619 Θεὸς,
955 554 1138 617 καθώς
1166 573 1297 626 φησι
1334 558 1462 629 περὶ
1491 557 1584 611 τοῦ
1613 575 1766 627 νομοο

185 650 395 702 θέτουό
424 647 620 714 λόγος·
677 648 757 700 ὅτι
801 644 1064 716 Εἰσῆλθες
1109 647 1179 700 δὲ
1223 649 1483 718 Μωῦσῆς
1531 653 1617 716 εἰς
1662 650 1768 703 τὸν
1848 665 1858 676 ·

191 743 417 811 γνόφον
445 737 518 797 οὗ
550 737 630 810 ἦν
654 744 691 794 ό
715 740 881 806 Θεός.
1251 795 1254 797 λ

254 832 474 885 Τούτων
517 832 573 885 δὲ
601 834 732 902 ἡμῖν
763 831 905 885 οὓτω
948 832 1354 903 θεωρηθέν-των,
1391 837 1654 891 σκεπτέον
1700 837 1765 891 ἂν

187 920 266 992 εἴη
316 923 411 975 καὶ
462 920 570 974 τῶν
631 921 1004 992 προκειμένων
1066 926 1196 995 ήμῖν
1249 925 1428 996 ῥητῶν
1481 927 1579 998 τὴν
1630 929 1767 998 πρὸς

185 1011 252 1064 τά
307 1012 577 1082 εἰρημένα
622 1011 960 1080 συγγένειαν.
1028 1009 1138 1067 Ἦν
1189 1017 1277 1068 ὅτε
1341 1016 1566 1086 μέλαινα
1612 1015 1679 1090 ἦν
1732 1020 1765 1090 ή

183 1102 395 1172 νύμφη,
433 1105 546 1165 τοῖς
575 1101 899 1170 ἀφωτίστοις
937 1103 1200 1174 δόγμασιν
1230 1107 1620 1178 ἐσκοτωμένη,
1664 1127 1768 1162 πα-

187 1193 554 1264 ραῦλέψαντος
581 1193 752 1263 αὐτὴν
773 1193 865 1246 τοῦ
883 1193 1056 1265 ήλίου,
1085 1195 1176 1248 τοῦ
1201 1195 1287 1249 διὰ
1309 1197 1419 1251 τῶν
1444 1199 1766 1269 πειρασμῶν

183 1287 282 1359 τὴν
332 1284 557 1356 ἄρριζον
595 1285 686 1337 ἐπὶ
736 1285 846 1338 τῶν
879 1286 1094 1356 πετρῶν
1135 1289 1343 1360 σπορὰν
1387 1290 1761 1358 ἐπικαίοντοςυ

183 1379 272 1430 ὅτε
325 1377 436 1429 τῶν
490 1377 547 1428 ἐν
607 1376 742 1447 αὐτῇ
803 1378 1206 1448 μαχησαμένων
1260 1380 1598 1451 ήττηθεῖσα,
1675 1384 1768 1437 τὸν

179 1466 484 1536 ἀμπελῶνα
525 1466 615 1520 τὸν
665 1467 863 1537 ἑαυτῆς
919 1468 1020 1520 οὐκ
1077 1468 1341 1537 ἐφύλαξεν
1372 1486 1386 1500 ο
1446 1470 1526 1523 ὅτι
1571 1472 1766 1542 ἑαυτὴν

177 1559 499 1628 ἀγνοήσασα
531 1557 628 1620 τὰς
655 1556 762 1610 τῶν
804 1558 1006 1628 ἐρίφων
1033 1559 1233 1628 ἀγέλας
1267 1561 1388 1614 ἀντὶ
1418 1561 1527 1614 τῶν
1562 1564 1763 1633 προϐά-

180 1664 290 1701 των
313 1648 629 1717 ἐποίμανεν.
679 1648 820 1700 Ἀλλ’
845 1644 1032 1720 ἐπειδὴ
1056 1649 1154 1719 τῆς
1177 1650 1320 1721 πρὸς
1345 1651 1404 1704 τὸ
1431 1653 1599 1706 κακὸν
1628 1671 1767 1724 συμ-

1867 468 2000 524 dicit
2031 469 2315 542 Scriptura
2347 470 2415 526 de
2442 470 2752 541 legislature
2780 490 2793 527 :
2833 472 3107 544 Ingressus
3135 483 3214 529 est
3268 475 3440 532 Moses

1866 560 1923 612 in
1949 560 2234 632 caliginem
2265 563 2356 616 ubi
2382 570 2498 616 erat
2525 561 2666 616 Deus
2691 562 2757 619 “.
3301 568 3304 571 ’

1940 827 2037 882 llis
2056 837 2240 884 autem
2268 829 2352 884 sic
2383 843 2414 882 a
2441 829 2601 884 nobis
2624 829 3011 892 consideratis,
3041 830 3441 886 consideranda

1867 929 1952 974 est
1985 921 2148 975 etiam
2185 921 2503 992 conjunctio
2521 929 2576 977 et
2599 922 2832 977 aﬂinitas
2855 923 3143 976 verborum
3171 937 3291 991 qua:
3316 929 3446 977 sunt

1868 1011 2025 1067 nobis
2043 1013 2321 1084 preposita
2337 1028 2462 1068 cum
2476 1013 2543 1068 iis
2561 1029 2681 1083 quae
2694 1012 2840 1067 dicta
2855 1014 3133 1068 sunt.Fuit
3150 1014 3446 1083 aliquando

1869 1115 2072 1170 sponsa
2096 1102 2273 1173 nigra,
2295 1103 2548 1159 obscuris
2571 1103 2919 1174 dogmatibus
2946 1105 3298 1158 obtenehrata
3319 1121 3444 1159 cum

1862 1208 1986 1247 "eam
2004 1195 2085 1249 sol
2101 1195 2525 1266 aspexisset,qui
2544 1197 2980 1265 pertentationes
3000 1198 3108 1250 urit
3122 1208 3443 1257 sementem.

1869 1299 1991 1355 qua:
2016 1301 2181 1355 supra
2217 1293 2424 1356 petram
2460 1287 2623 1342 nullis
2672 1286 2868 1341 nititur
2896 1288 3216 1344 radicibus:
3252 1289 3448 1344 deinde

1869 1377 2013 1446 quod
2035 1393 2160 1432 cum
2184 1388 2331 1434 esset
2358 1379 2427 1434 ab
2445 1379 2512 1436 iis
2540 1389 2818 1450 superata,
2844 1381 2935 1450 qui
2954 1396 3072 1435 eam
3101 1396 3448 1450 Oppugnavc-

1868 1479 2019 1532 runt,
2043 1470 2257 1524 vineam
2289 1485 2443 1525 suam
2482 1487 2591 1525 non
2627 1471 2989 1526 custodierit:
3018 1473 3161 1542 quod
3193 1487 3316 1526 cum
3339 1473 3444 1527 sei-

1869 1571 2022 1625 psam
2039 1556 2584 1628 ignorasset,paverit
2601 1575 2794 1629 greges
2811 1560 3091 1614 hazdorum
3111 1576 3209 1630 pro
3227 1562 3444 1616 ovibus.

1866 1644 1976 1699 Sed
2009 1654 2299 1716 postquam
2332 1663 2361 1701 a
2390 1649 2784 1718 conjunctione
2816 1667 2940 1706 cum
2991 1653 3135 1706 malo
3183 1667 3241 1707 se
3289 1659 3448 1707 avul-

179 1741 349 1808 φυτας
381 1741 576 1810 ἑαυτὴν
609 1741 988 1812 ἀποστήσασα,
1020 1743 1108 1796 διὰ
1140 1743 1233 1796 τοῦ
1267 1744 1530 1814 μυστικοῦ
1556 1746 1765 1800 ἐκείνου

1874 1736 2058 1799 sisset,
2091 1748 2142 1791 et
2175 1753 2270 1806 per
2313 1740 2601 1810 mysticum
2639 1741 2772 1795 illud
2820 1742 3067 1796 osculum
3119 1742 3251 1796 fonti
3309 1743 3446 1796 lucis

182 1833 491 1903 φιλήματος
511 1837 578 1903 τῇ
604 1837 755 1904 πηγῇ
785 1833 878 1887 τοῦ
906 1835 1082 1904 φωτὸς
1110 1839 1474 1906 προσαγαγεῖν
1500 1837 1561 1890 τὸ
1594 1838 1766 1907 στόμα
1783 1894 1800 1917 λ

182 1923 441 1994 ἐπόθησε,
476 1925 599 1978 τότε
629 1925 768 1994 καλὴ
809 1925 1047 1993 γίνεται,
1099 1926 1176 1995 τῷ
1208 1927 1345 1996 φωτὶ
1377 1929 1476 1997 τῆς
1509 1928 1768 2000 ἀληθείας

179 2015 647 2087 περιλαμφθεῖσα,
681 2017 774 2068 καὶ
803 2016 862 2068 τὺ
893 2016 1060 2085 μέλαν
1087 2017 1185 2087 τῆς
1210 2018 1432 2086 ἀγνοίας
1453 2020 1766 2072 ἀποκλύσα-

180 2109 320 2180 μέν-η
346 2107 427 2176 τῷ
449 2105 621 2161 ὕδατι.
648 2103 783 2161 Εἶτα
812 2106 962 2179 ἵππῳ
986 2110 1263 2180 ὁμοιοῦται
1287 2109 1374 2164 διὰ
1400 2094 1460 2164 rb
1485 2110 1764 2182 εὔδρομον,

177 2200 272 2252 καὶ
307 2201 375 2268 τῇ
413 2200 709 2268 περιστερᾷ
735 2198 827 2252 διὰ
859 2199 918 2252 τὸ
963 2201 1124 2269 τάχος
1160 2202 1256 2271 τῆς
1285 2201 1541 2265 διανοίας.
1588 2205 1666 2254 Δι’
1693 2196 1768 2255 ὧν

182 2291 289 2342 πᾶν
313 2289 375 2340 τὸ
397 2288 948 2359 καταλαμϐανόμενόν
969 2306 1027 2340 τε
1049 2291 1142 2342 καὶ
1167 2291 1486 2361 φαινόμενον
1512 2291 1587 2354 ὡς
1604 2293 1768 2356 ἵππος

175 2379 576 2449 διαδραμοῦσα.
610 2381 704 2432 καὶ
748 2380 823 2442 ὡς
850 2382 1148 2452 περιστερὰ
1185 2383 1476 2448 διαπτᾶσα,
1507 2384 1769 2455 πρότερον

183 2469 285 2538 μὲν
322 2473 392 2540 τῇ
424 2471 552 2540 σκιᾷ
579 2469 671 2521 τοῦ
704 2471 873 2541 μήλου
921 2471 1058 2540 μετὰ
1093 2473 1386 2542 ἐπιθυμίας
1418 2474 1764 2528 ἐπαναπαύεο

173 2579 293 2621 ται,
318 2561 488 2630 μῆλον
508 2561 625 2614 ἀντὶ
636 2561 864 2630 νεφέλης
884 2562 942 2614 τὸ
957 2564 1049 2614 ἐπι
1061 2563 1272 2627 σκιάζον
1291 2563 1735 2634 κατονομάξουσα
1750 2580 1763 2592 ·

177 2652 271 2705 ιῦν
301 2652 362 2704 δέ
400 2652 501 2722 ’ήδη
530 2652 633 2704 ὑπὸ
662 2651 758 2722 τῆς
790 2651 939 2716 Θείας
973 2653 1165 2716 νυκτὸς
1190 2655 1520 2725 περιέχεται,
1554 2655 1674 2708 καθ’
1701 2656 1768 2725 ἣν

171 2749 205 2799 ὁ
225 2745 470 2815 νυμφίος
501 2745 860 2813 παραγίνεται
891 2745 1008 2815 μὲν,
1041 2746 1101 2797 οὐ
1133 2745 1382 2813 φαίνεται
1407 2747 1482 2800 δέ.
1515 2745 1638 2810 Πῶς
1659 2740 1768 2818 γὰρ

173 2834 236 2886 ἐν
264 2835 432 2889 νυκτὶ
455 2834 649 2904 φανείη
679 2832 740 2887 τὸ
779 2835 852 2906 μὴ
886 2835 1194 2906 ὀρώμενον;
1249 2836 1362 2890 ἀλλ’
1391 2837 1642 2908 αἴσθησιν
1669 2839 1768 2908 μέν

176 2945 300 2980 τινα
330 2927 514 2979 δίδωσι
535 2928 603 2996 τῇ
632 2925 774 2996 ψυχῇ
811 2927 908 2995 τῆς
940 2928 1262 2996 παρουσίας,
1293 2927 1549 2997 ἐκφεύγει
1589 2929 1768 2999 δὲτὴν

173 3020 394 3092 ἐναργῆ
416 3019 744 3088 κατανόησιν
765 3017 842 3086 τῷ
853 3019 1072 3089 ἀοράτῳ
1099 3018 1199 3088 τῆς
1228 3019 1442 3088 φύσεως
1463 3020 1767 3091 ἐγκρυπτό-

179 3127 374 3182 μενος.
423 3110 519 3172 Τίς
548 3109 726 3161 τοίνυν
752 3107 900 3161 ἐστὶν
923 3109 955 3179 ή
981 3108 1239 3181 γινομένη
1269 3111 1335 3179 τῇ
1373 3109 1518 3182 ψυχῇ
1557 3109 1644 3162 διὰ
1671 3109 1771 3178 τῆς

177 3201 384 3264 veneto;
420 3200 627 3270 ταύτης
667 3200 1055 3270 μυσταγωγία;
1097 3200 1358 3253 Ἅπτεται
1392 3203 1494 3272 τῆς
1532 3201 1702 3272 θύρας
1745 3201 1772 3254 ὀ

174 3293 383 3361 Λόγος.
415 3292 594 3364 Θύραν
619 3292 674 3361 δὲ
709 3292 935 3362 νοοῦμεν
960 3291 1058 3362 τὴν
1087 3292 1442 3363 στοχαστικὴν
1469 3288 1579 3347 τῶν
1602 3294 1774 3364 ἀρῤήο

171 3403 285 3438 των
311 3385 581 3445 διάνοιαν,
615 3383 680 3436 δι’
705 3378 773 3454 ἧς
798 3382 1147 3447 εἰσοικίζεται
1167 3385 1228 3437 τὸ
1260 3384 1606 3455 ζητούμενον.
1630 3385 1774 3449 Ἔξω

169 3477 369 3530 τοίνυν
396 3474 608 3528 ἑστῶσα
627 3475 726 3544 τῆς
755 3473 969 3543 φύσεως
990 3474 1146 3545 ἡμῶν
1172 3477 1204 3545 ή
1229 3475 1453 3546 ἀλήθεια
1480 3476 1566 3528 διὰ
1591 3477 1690 3546 τῆς
1709 3477 1773 3529 ἐκ

175 3570 396 3639 μέρους
426 3567 698 3636 γνώσεως,
731 3567 910 3631 καθώς
940 3586 1103 3638 φησιν
1131 3569 1158 3620 ὁ
1186 3568 1524 3632 Ἀπόστολος,
1554 3571 1611 3621 ἐν
1643 3570 1774 3622 ὑπο-

167 3663 363 3725 νοίαις
394 3661 506 3714 τισὶ
537 3661 632 3714 καὶ
673 3661 956 3731 αἰνίγμασι
983 3661 1368 3733 θυροκρουστεῖ
1392 3661 1490 3733 τὴν
1514 3663 1770 3722 διάνοιαν,

174 3753 468 3816 Ἀνοιξον
496 3751 731 3821 λέγουσα
752 3770 765 3784 ο
793 3753 886 3805 καὶ
911 3753 1048 3822 μετὰ
1069 3756 1380 3825 προτροπῆς
1411 3753 1772 3824 ὑποτιθεμένη

163 3847 261 3899 τὸν
314 3845 565 3914 τρόπον,
619 3844 765 3906 ὅπως
811 3844 1091 3913 ἀνοιγῆναι
1137 3847 1403 3916 προσήκει
1442 3843 1540 3914 τὴν
1583 3843 1769 3914 θύραν,

163 3933 286 3991 οἷόν
314 3953 480 3999 τινας
502 3935 650 3997 κλεῖς
689 3935 976 4005 ὀρέγουσα,
1022 3935 1090 3993 τὰ
1118 3935 1259 3989 καλὰ
1307 3935 1478 3989 ταῦτα
1511 3936 1770 4006 ὀνόματα,

159 4031 234 4084 δι’
261 4023 357 4084 ὧν
397 4028 458 4082 τὸ
490 4027 876 4097 κεκλεισμένον
903 4028 1194 4095 ἀνοίγεται.
1246 4028 1467 4092 Κλεῑδες
1499 4029 1606 4100 γάρ
1635 4030 1772 4080 εἰσιν

163 4122 451 4190 ἄντικρυς
480 4120 535 4172 αί
577 4119 687 4170 τῶν
726 4118 1009 4188 ὀνομάτων
1052 4118 1256 4172 τούτων
1296 4119 1584 4188 ἐμφάσεις,
1619 4120 1674 4171 αἱ
1706 4117 1773 4170 τὰ

163 4210 413 4284 κρυπτά
440 4209 830 4276 διανοίγουσαι,
867 4208 1070 4279 ἀδελφὴ
1113 4210 1208 4262 καὶ
1249 4207 1476 4278 πλησίον
1498 4208 1594 4261 καὶ
1619 4225 1774 4278 περι-

162 4304 359 4375 στερά
389 4301 483 4356 καὶ
510 4301 710 4355 τελεία.
735 4301 800 4355 Ei.
820 4301 928 4372 γὰρ
952 4299 1130 4370 βούλει
1156 4317 1258 4364 σοι,
1285 4300 1468 4372 φησὶν,
1494 4299 1773 4370 ἀνοιγῆναι

155 4395 270 4465 τὴν
305 4394 515 4465 Θύραν,
549 4393 643 4446 καὶ
671 4392 977 4464 ἐπαρθῆναι
998 4393 1099 4462 τῆς
1117 4392 1298 4463 ψυχῆς
1327 4409 1422 4446 σου
1449 4393 1545 4456 τάς
1575 4391 1768 4455 πύλας.
1805 4402 1847 4458 ο

157 4489 256 4540 ἴνα
295 4485 528 4556 εἰσέλθῃ
561 4487 591 4538 ό
635 4484 885 4554 βασιλεὺς
915 4484 1012 4554 τῆς
1055 4482 1246 4555 δόξης,
1303 4486 1408 4555 χρή
1449 4501 1509 4536 σε
1542 4483 1772 4566 ἀδελφήν

155 4598 278 4651 μου
315 4577 606 4648 γενέσθαι,
636 4579 694 4630 ἐν
712 4576 789 4647 τῷ
804 4576 872 4630 τὰ
896 4575 1175 4646 θελήματά
1198 4592 1298 4645 μου
1321 4577 1385 4646 τῇ
1415 4574 1560 4645 ψυχῇ
1590 4591 1772 4646 παρα-

146 4670 477 4736 δέξασθαι,
539 4667 723 4730 καθὼς
767 4668 826 4719 ἐν
867 4665 951 4737 τῷ
992 4664 1310 4734 Εὐαγγελίῳ
1356 4664 1519 4732 φησὶν
1549 4663 1773 4730 ἀδελφὸν

1873 1841 1936 1880 os
1965 1826 2258 1882 admovere
2305 1828 2690 1895 desiderasset,
2728 1838 2859 1903 tunc
2914 1833 2971 1885 ﬁt
3029 1833 3277 1902 pulchra,
3329 1834 3449 1886 huc

1877 1919 2119 1973 veritatis
2174 1920 2466 1987 illustrata,
2522 1931 2576 1976 et
2635 1937 2775 1992 aqua
2810 1925 2996 1978 abluto
3029 1926 3246 1993 nigrore
3284 1925 3444 1993 igno—

1873 2011 2086 2064 rantiae.
2159 2009 2368 2067 Deinde
2435 2028 2576 2082 equo
2643 2009 2986 2070 assimilatur
3045 2023 3268 2084 propter
3325 2014 3449 2082 ejus

1875 2101 1943 2156 ad
1967 2117 2191 2156 cursum
2227 2103 2632 2173 pernicitatem.
2674 2113 2730 2160 et
2762 2107 3048 2168 columbae,
3101 2114 3326 2176 propter
3362 2106 3448 2158 in-

1873 2194 2124 2248 tellectus
2163 2195 2524 2249 celeritatem.
2573 2196 2942 2262 Quamobrem
2999 2212 3122 2250 cum
3183 2179 3447 2266 quidquid

1875 2283 2364 2352 comprehenditur
2389 2293 2445 2339 et
2487 2287 2738 2340 cernitur
2800 2294 3063 2355 tanquam
3102 2301 3278 2355 equus
3332 2300 3453 2355 pcr-

1875 2375 2162 2438 currisset,
2198 2385 2254 2429 et
2281 2385 2540 2443 tanquam
2577 2377 2828 2432 columba
2848 2379 3271 2444 transvolasset,
3295 2381 3450 2447 prius

1875 2463 2094 2532 quidem
2154 2479 2279 2518 cum
2337 2464 2612 2518 desiderio
2666 2467 2905 2536 quiescit
2941 2469 2995 2522 in
3041 2469 3235 2522 umbra
3293 2469 3448 2531 mali,

1878 2551 2079 2605 malum
2120 2567 2221 2621 pro
2270 2553 2417 2607 nube
2455 2556 2753 2611 nominans
2808 2557 2864 2611 id
2905 2548 3448 2624 q'uodobscuritatem

1875 2640 2052 2696 affert.
2085 2641 2244 2696 Nunc
2283 2652 2462 2698 autem
2492 2659 2521 2697 a
2555 2645 2742 2699 divina
2776 2658 2935 2703 nocte
2958 2648 3070 2716 jam
3093 2651 3446 2713 circumitur,

1876 2733 1929 2785 in
1959 2745 2066 2801 qua
2103 2732 2316 2788 accedit
2355 2735 2575 2804 quidem
2609 2751 2871 2806 sponsus,
2909 2739 3004 2792 sed
3049 2754 3157 2792 non
3198 2749 3448 2810 apparet.

1875 2823 2162 2888 Quomodo
2190 2825 2336 2878 enim
2367 2837 2530 2880 noctu
2559 2829 2874 2897 apparuerit
2904 2829 2954 2882 id
2985 2829 3130 2899 quod
3165 2845 3275 2883 non
3323 2845 3450 2886 cer-

1877 2912 2066 2964 nitur?
2095 2912 2186 2966 sed
2216 2913 2420 2982 prabet
2436 2915 2654 2983 quidem
2679 2917 2874 2971 anima:
2906 2919 3142 2988 aliquem
3177 2935 3289 2974 suae
3313 2937 3452 2990 prae-

1877 3005 2068 3059 sentiae
2097 3021 2342 3070 sensum,
2405 3005 2594 3077 eﬂugit
2650 3018 2834 3062 autem
2889 3010 3200 3063 evidentem
3249 3015 3451 3066 mentis

1871 3097 2445 3166 comprehensionem,
2504 3108 2565 3154 ut
2611 3099 2704 3169 qui
2755 3104 3035 3170 operiatur
3080 3111 3274 3154 natura
3328 3119 3452 3171 qua:

1876 3205 1985 3243 non
2015 3191 2163 3244 cadit
2194 3192 2298 3246 sub
2328 3200 2632 3262 aspectum.
2692 3191 2954 3259 Quanam
2991 3201 3074 3248 est
3109 3205 3291 3249 autem
3330 3211 3450 3267 my-

1875 3280 2032 3334 stcrii
2068 3280 2427 3345 introductio,
2484 3297 2607 3353 quae
2638 3299 2736 3353 per
2767 3284 2911 3339 hanc
2943 3294 3158 3338 noctem
3207 3286 3452 3340 induitur

1877 3370 2120 3424 animae?
2147 3369 2363 3424 Ostium
2394 3374 2564 3442 tangit
2605 3370 2866 3427 Verbum.
2898 3371 3113 3452 Ostium
3157 3384 3337 3430 autem
3367 3375 3454 3430 in»-

1876 3461 2173 3530 telligimus
2212 3463 2643 3532 conjecturalem
2667 3479 3001 3519 arcanorum
3038 3466 3448 3534 cogitationem,

1876 3565 1972 3620 per
1998 3566 2162 3620 quam
2187 3552 2624 3606 introduciturid
2647 3555 2796 3624 quod
2824 3556 3112 3624 quteritur.
3139 3557 3303 3612 Stans
3317 3574 3450 3627 ergo

1875 3652 2032 3697 extra
2083 3652 2330 3700 nostram
2377 3653 2630 3700 naturam
2674 3647 2900 3708 veritas,
2940 3662 3036 3716 per
3073 3649 3450 3717 cognitionem

1875 3749 1940 3790 ex
1975 3743 2151 3804 parte,
2209 3736 2354 3790 sicut
2392 3737 2528 3792 dicit
2577 3737 2958 3808 Apostolus",
2998 3742 3200 3793 mentis
3246 3749 3452 3794 nostra;

1874 3827 2056 3896 pulsat
2083 3827 2286 3882 ostium
2313 3827 2367 3881 in
2400 3829 2680 3898 allegoriis
2704 3836 2758 3884 et
2795 3829 3198 3900 aruigmatihus.
3223 3829 3446 3888 dicens:

1873 3917 2068 3985 Aperi;
2097 3926 2152 3973 et
2185 3933 2312 3972 cum
2348 3920 2729 3976 adhortatione
2775 3921 3039 3990 suggerit,
3088 3922 3448 3992 quemadmo—

1874 4007 2004 4063 dum
2035 4017 2253 4078 Oportet
2294 4012 2508 4080 aperire
2536 4012 2760 4077 ostium,
2806 4013 2969 4066 veluti
2999 4013 3248 4083 praebens
3285 4029 3452 4085 quas-

1874 4096 2000 4152 dam
2038 4098 2244 4166 claves,
2279 4115 2474 4170 nempe
2506 4101 2736 4170 pulchra
2783 4101 2899 4156 haec
2928 4104 3170 4168 nomina,
3208 4119 3307 4174 per
3329 4121 3451 4174 quae

1875 4189 2122 4257 aperitur
2152 4187 2206 4242 id
2237 4190 2383 4260 quod
2414 4203 2499 4246 est
2551 4193 2823 4248 clausum.
2881 4194 3076 4250 Claves
3107 4195 3252 4250 enim
3290 4196 3451 4266 plane

1875 4288 2004 4336 sunt
2034 4279 2228 4335 borum
2269 4283 2558 4338 nominum
2579 4284 3038 4355 signiﬁcationes,
3072 4303 3193 4358 qua:
3229 4290 3449 4344 occulta

1875 4374 2152 4442 aperiunt,
2183 4389 2380 4444 nempe
2409 4389 2570 4430 soror
2597 4387 2650 4432 et
2678 4378 2993 4449 propinqua
3025 4388 3079 4435 et
3107 4380 3362 4436 columba
3395 4393 3450 4436 et

1876 4465 2146 4536 perfecta.
2183 4463 2242 4520 Si
2288 4467 2374 4522 vis
2397 4468 2565 4532 enim,
2599 4471 2800 4539 inquit,
2846 4472 3044 4542 aperiri
3101 4473 3327 4539 ostium,
3391 4481 3448 4528 et

1874 4557 2050 4614 attolli
2091 4563 2278 4628 portas
2333 4560 2530 4614 animae
2558 4569 2684 4625 tuae,
2733 4570 2794 4616 ut
2821 4577 2914 4616 rex
2943 4563 3131 4633 gloria:
3170 4562 3450 4634 ingredia-

1874 4657 1983 4712 tur,
2015 4659 2232 4719 oportet
2277 4657 2330 4705 te
2373 4665 2551 4706 meam
2609 4651 2727 4708 ﬁeri
2773 4668 3042 4719 sororem,
3096 4655 3152 4710 in
3182 4671 3248 4710 eo
3303 4657 3449 4727 quod

1875 4743 2072 4797 animae
2119 4758 2255 4799 mea:
2312 4744 2648 4800 voluntatem
2703 4747 2968 4817 accipias,
3024 4749 3167 4803 sicut
3201 4747 3337 4804 dicit
3394 4751 3448 4804 in
3539 4775 3542 4780 -

149 4761 349 4816 αὑτοῦ
404 4760 504 4812 καὶ
545 4757 778 4828 ἀδελφὴν
823 4755 1068 4826 γίνεσθαι
1117 4753 1208 4807 τὸν
1240 4756 1301 4807 ἐν
1333 4756 1445 4816 τοῖς
1474 4753 1773 4824 θελήμασιν

141 4852 346 4910 αὐτοῦ
381 4851 581 4917 ζῶντα.
623 4849 744 4920 Χρὴ
761 4849 818 4902 δέ
835 4865 896 4901 σε
925 4847 1020 4902 καὶ
1041 4846 1400 4918 προσεγγίσαι
1421 4847 1486 4915 τῇ
1521 4844 1768 4915 ἀληθεία,

143 4947 254 4999 καὶ
291 4942 544 5012 πλησίον
565 4938 840 5008 γενέσθαι,
869 4936 1008 4990 ὥστε
1037 4935 1226 5007 μηδενὶ
1267 4934 1416 5005 μέσῳ
1447 4930 1769 5002 διατειχίζε-

1876 4926 2011 4980 vivit
2043 4927 2097 4980 in
2133 4927 2258 4997 ejus
2292 4928 2594 4985 voluntate.
2649 4929 2883 5003 Oportet
2915 4941 3100 4989 autem
3147 4943 3202 4988 te
3245 4949 3450 5005 appro-

139 5039 333 5102 σθαι,
390 5034 486 5086 καὶ
525 5034 584 5085 ἐν
613 5034 680 5102 τῇ
721 5029 880 5100 φύσει
919 5028 1017 5099 τῆς
1055 5027 1379 5099 περιστερᾶς
1407 5024 1551 5096 ἔχειν
1585 5022 1647 5078 τὸ
1679 5022 1769 5075 τέ-

1878 5021 2143 5088 pinquare
2203 5021 2443 5085 veritati,
2503 5030 2557 5077 et
2621 5024 2757 5078 adeo
2808 5035 2998 5082 exacte
3038 5043 3161 5083 esse
3225 5029 3450 5098 prapin-

135 5128 316 5183 hsov
343 5143 364 5156 ⁸
419 5123 579 5178 τοῦτο
597 5122 653 5176 δέ
682 5123 798 5175 ἐστι
831 5121 894 5175 τὸ
922 5118 1182 5188 ἀνελλιπῆ
1212 5119 1305 5171 καὶ
1338 5107 1769 5186 πεπληρωμένην

1874 5125 2067 5179 quum,
2104 5118 2163 5165 ut
2197 5113 2351 5167 nullo
2391 5113 2718 5172 iutermedio
2747 5117 3105 5189 disjungaris,
3159 5130 3214 5176 et
3245 5121 3449 5177 habere

127 5223 310 5276 εἶναι
365 5215 553 5286 πάσης
595 5214 825 5277 ἀκακίας
865 5212 961 5266 καὶ
1005 5210 1390 5280 καθαρότητος.
1444 5207 1628 5260 Ταῦτα
1673 5205 1768 5259 λα-

1877 5201 1931 5255 in
1960 5209 2157 5257 natura
2186 5205 2459 5261 columba
2502 5208 2898 5277 perfectionem
2935 5231 2947 5266 :
2981 5212 3084 5267 hoc
3129 5220 3310 5268 autem
3339 5223 3446 5275 est,

129 5309 385 5368 δοῦσα,
416 5299 461 5358 ὧ
478 5304 646 5376 ψυχή,
674 5299 784 5357 οἷόν
822 5319 973 5366 τινας
1000 5301 1147 5364 κλεῖς
1174 5300 1244 5353 τὰ
1270 5299 1528 5368 ὀνόματα,
1563 5296 1769 5362 ἄνοιξον

1879 5295 2029 5348 nulla
2056 5295 2110 5349 in
2139 5311 2198 5351 re
2219 5297 2474 5362 deﬁcere,
2510 5308 2565 5354 et
2601 5316 2726 5358 esse
2756 5304 2975 5372 plenmn
3003 5305 3151 5358 onmi
3182 5305 3448 5359 innocen-

123 5396 223 5458 δι’
246 5393 468 5453 αὐτῶν
497 5396 562 5464 τῇ
598 5391 824 5463 ἀληθείᾳ
865 5392 968 5461 τὴν
1008 5389 1234 5455 εἴσοδον,
1276 5387 1478 5458 ἀδελφὴ
1505 5387 1769 5458 γενομένη

1881 5385 1956 5440 tia
1985 5394 2038 5440 et
2061 5388 2320 5456 puritate.
2367 5391 2495 5446 Haec
2545 5395 2768 5448 nomina
2805 5409 2929 5448 cum
2983 5395 3126 5449 velut
3179 5396 3447 5465 quasdam

127 5493 248 5550 καὶ
288 5485 548 5553 πλησίον
575 5486 669 5539 καὶ
695 5503 760 5538 πε
771 5482 994 5556 ριστερά
1024 5483 1119 5536 καὶ
1145 5481 1344 5536 τελεία.
1374 5481 1564 5533 Ἔσται
1591 5478 1647 5532 δέ
1676 5495 1767 5532 σου

1879 5476 2063 5532 claves
2091 5481 2392 5552 acceperis,
2417 5497 2450 5537 ο
2488 5483 2690 5550 anima,
2717 5499 2813 5556 per
2848 5500 2910 5540 ea
2935 5485 3085 5555 aperi
3140 5487 3443 5557 ingressum

1879 4834 2172 4906 Evangelia
2201 4851 2326 4890 eum
2360 4835 2478 4892 ﬁeri
2505 4837 2728 4894 fratrem
2767 4856 2929 4896 suum
2961 4851 3016 4897 et
3047 4857 3319 4904 sororem,
3347 4845 3443 4914 qui

255 5669 316 5705 ³⁸
355 5664 537 5720 Exod.
565 5681 712 5729 xxrv,
749 5666 833 5720 18.
917 5665 960 5696 ³⁸
997 5663 1163 5718 lCor.
1199 5678 1316 5727 xm,
1357 5661 1439 5715 ιε.

518 5763 789 5822 Ρλτιιοι..
819 5761 941 5820 Gn.
988 5761 1209 5824 XLIV.

3126 5758 3210 5821 32
