3948 6192
594 273 730 325 1005

1741 266 1796 321 S.
1839 266 2154 322 GREGORII
2199 267 2484 323 NYSSENI

3642 284 3744 345 HM

592 388 827 449 veritati,
870 385 916 439 si
944 383 1113 437 fueris
1140 396 1296 437 soror
1333 387 1387 434 et
1442 378 1748 448 propinqua
1804 387 1861 432 et
1895 378 2143 432 columba

2265 380 2304 431 :b
2323 381 2507 450 κέρδος
2551 382 2614 433 ὲκ
2653 379 2745 434 τού
2779 381 3121 449 εἰσδέξασθαί
3168 403 3238 455 με
3289 389 3384 440 καὶ
3410 391 3744 462 είσοικίςασθαι,

585 485 641 531 et
666 475 928 546 perfecta.
959 473 1036 527 Ex
1062 489 1128 528 eo
1158 479 1338 526 autem
1368 470 1515 540 quod
1558 483 1643 523 me
1674 468 1962 524 admiseris
1991 479 2045 523 et
2069 468 2145 522 in-

588 568 918 629 troduxeris,
959 563 1269 620 lucrifacies
1316 576 1498 617 rorem
1547 576 1611 615 ex
1644 560 1824 630 capite
1873 575 1996 614 meo
2039 574 2146 630 quo

587 676 707 715 sum
739 659 952 728 plenus,
984 664 1039 711 et
1070 671 1134 709 ex
1166 654 1411 708 noctium
1450 651 1618 723 guttis
1651 666 1773 721 quae
1810 651 2057 706 deﬂuunt
2081 665 2146 704 ex

587 751 725 806 meis
746 747 1038 803 cincinnis.
1098 745 1176 799 Ex
1212 745 1297 800 bis
1323 751 1504 799 autem
1559 758 1736 799 rorem
1775 744 1993 814 quidem
2028 756 2148 798 esse

587 839 922 893 curationem
955 851 987 890 a
1045 833 1314 906 propheta
1375 832 1638 902 praeclare
1680 831 1994 897 didicimus,
2056 830 2146 900 qui

588 928 718 982 dicit
750 948 762 982 :
797 925 898 980 Ras
927 925 1016 992 qui
1049 941 1083 976 a
1136 933 1182 976 te
1212 923 1334 991 ﬂuit
1395 930 1472 974 cst
1531 920 1639 974 illis
1696 919 1921 972 curatio.
1966 917 2150 972 Noctis

589 1029 770 1073 autem
801 1025 963 1088 guttae
995 1017 1146 1085 prius
1176 1012 1580 1068 consideratam
1611 1009 1861 1080 proxime
1910 1025 2152 1078 sequun-

590 1120 679 1163 tur
705 1108 1052 1164 sententiam.
1083 1105 1201 1158 Non
1222 1109 1399 1173 potest
1423 1101 1570 1157 enim
1599 1100 1713 1156 ﬁeri
1739 1112 1797 1155 ut
1825 1100 1918 1171 qui
1948 1100 2158 1170 ingrcs-

589 1216 685 1255 sus
709 1199 874 1254 fuerit
896 1197 1058 1268 adyta
1093 1210 1284 1251 eorum
1316 1208 1442 1264 qua:
1489 1192 1636 1248 vires
1680 1192 1950 1246 humanas
1998 1204 2156 1259 supe-

589 1298 732 1352 rant,
775 1304 874 1343 nec
902 1288 1106 1342 cadunt
1156 1285 1261 1341 sub
1300 1283 1842 1353 contemplationem,
1901 1281 2158 1336 deveniat

589 1382 656 1434 ad
689 1381 920 1435 imbrem
947 1379 1182 1448 aliquem
1215 1385 1309 1431 aut
1354 1382 1657 1430 torrentem
1687 1371 2156 1443 cognitionis,.sed

590 1474 847 1543 prteclare
875 1486 1000 1526 cum
1031 1485 1098 1526 eo
1123 1475 1334 1539 agetur,
1391 1466 1438 1522 si
1463 1465 1792 1535 quibusdam
1835 1462 2072 1518 exilibus
2104 1469 2159 1518 et

588 1563 842 1620 obscuris
869 1560 1154 1617 sententiis
1183 1558 1555 1629 cognitionem
1601 1557 1722 1625 ejus
1769 1556 1969 1610 irroret
2016 1554 2158 1610 veri-

2247 471 2279 538 ὴ
2313 471 2378 522 ὲκ
2407 471 2506 540 τῆς
2533 471 2770 540 κεφαλῆς
2799 489 2899 541 μου
2928 472 3123 544 δρόσος
3149 472 3220 546 ἦς
3244 476 3452 549 πλήρης
3471 485 3587 551 dm,
3612 490 3688 540 καὶ
3707 496 3750 546 αἱ

2244 561 2345 630 τῆς
2391 562 2585 624 νυκτὸς
2627 563 2733 615 τῶν
2769 559 3082 634 βοστρύχων
3114 568 3231 620 τῶν
3281 570 3424 639 si.qu
3455 575 3749 648 ἀπορῤέουσαι

2245 653 2498 722 ψεκάδες.
2545 655 2646 706 Ἐκ
2669 653 2872 707 τούτων
2896 655 2972 718 δὲ,
3009 657 3072 724 τὸ
3108 656 3211 726 μὲν
3237 659 3384 713 ῐασιν
3422 658 3541 716 εἶναι
3563 666 3643 738 τὴν
3663 671 3753 742 δρία

2249 761 2368 811 σον,
2407 746 2557 816 παρὰ
2610 745 2720 803 τοῦ,
2751 749 3030 818 προφήτου
3074 751 3268 818 σαφῶς
3313 752 3679 826 μεμαθήκαμεν,
3711 761 3754 825 ὃς

2250 851 2431 903 φησιν’
2465 837 2547 888 ὅτι.
2565 838 2788 904 Δρόσος
2814 838 2851 904 ἡ
2884 841 3046 904 παρὰ
3067 854 3214 903 σου,
3239 839 3385 908 ιαμα
3408 843 3586 909 αὐτοῖς
3608 846 3753 902 ἐστιν.

2249 927 2312 978 Δί
2334 925 2392 978 δὲ
2421 927 2518 996 τῆς
2551 927 2741 990 νυκτὸς
2769 927 3003 996 ψεκάδες
3033 928 3134 998 τῆς
3166 930 3617 1004 προθεωρηθείσης
3641 936 3757 1005 ἔχονο

2251 1032 2338 1068 ται
2373 1016 2628 1078 διανοίας.
2656 1018 2728 1069 Οὐ
2758 1018 2864 1089 γάρ
2888 1019 3001 1071 ἐστι
3029 1018 3258 1072 δυνατὸν
3280 1022 3372 1073 τὸν
3399 1023 3534 1086 ἐντὸς
3557 1025 3647 1078 τῶν
3664 1027 3758 1080 ἁδύς

2255 1123 2362 1159 των
2397 1107 2492 1160 καὶ
2525 1105 2766 1160 ἀθεάτων
2811 1109 3103 1178 γενόμενον
3123 1150 3138 1175 ,
3197 1110 3393 1182 δμὸρῳ
3429 1115 3524 1164 τινὶ
3550 1114 3636 1182 τῆς
3661 1117 3766 1184 γνώο

2255 1209 2391 1256 σεως
2438 1195 2676 1264 ἐντυχεῖν
2719 1194 2750 1264 ἢ
2785 1196 3092 1268 χειμάρρῳ.
3164 1199 3308 1252 Ἀλλ’
3346 1201 3619 1272 ἀγαπητὸν,
3638 1206 3677 1257 εί
3697 1205 3763 1258 λε-

2256 1287 2415 1348 πταίς
2465 1302 2574 1338 τισι
2623 1287 2716 1339 καὶ
2757 1288 3025 1358 ἀμυδραῖς
3067 1290 3338 1355 διανοίαις
3381 1293 3667 1362 ὲπιψεκάζοι
3697 1298 3772 1369 τὴν

2257 1376 2456 1445 γνῶσιν
2483 1376 2647 1430 αὑτοῦ
2669 1380 2702 1448 ἡ
2741 1379 2988 1449 ἀλήθεια,
3019 1380 3108 1434 διὰ
3139 1382 3251 1435 τῶν
3283 1386 3452 1452 ἁγίων
3479 1404 3531 1439 τε
3570 1389 3648 1440 καὶ
3683 1389 3772 1442 θεο-

2258 1464 2604 1534 φορουμένων
2627 1465 2727 1534 τῆς
2765 1467 2988 1538 λογικῆς
3018 1471 3282 1538 σταγόνος
3308 1475 3674 1547 ἀπορρεούσης.
3707 1477 3778 1530 Bo-

2260 1554 2525 1626 στρύχους
2564 1556 2670 1628 γὰρ
2709 1553 2860 1628 οἶμαι
2893 1560 2990 1629 τῆς
3036 1561 3131 1614 τοῦ
3167 1564 3373 1632 παντὸς
3413 1567 3633 1636 κεφαλῆς
3662 1569 3775 1637 ὲξηρ

589 1667 692 1717 tas.
722 1670 818 1725 per
851 1654 998 1709 viros
1042 1659 1266 1706 sanctos
1305 1659 1360 1704 et
1407 1649 1623 1703 divinos
1679 1646 1952 1701 detluente
2009 1652 2159 1715 gutta

2265 1645 2528 1715 τημένους
2561 1687 2576 1709 ,
2645 1648 2923 1718 τροπικῶς
2971 1650 3336 1721 ὀνομάζεσθαι
3391 1658 3652 1727 προφήτας
3711 1659 3781 1708 καὶ

588 1748 842 1802 rationis.
885 1745 1185 1800 Cincinnos
1212 1741 1358 1796 enim
1389 1741 1480 1810 qui
1525 1738 1762 1809 pendent
1793 1738 1859 1791 ab
1890 1737 2160 1792 universi-

2265 1736 2644 1820 εὐαγγελιστάς
2675 1740 2771 1791 καὶ
2796 1720 3152 1806 ἀποστόλους,
3181 1738 3258 1798 ὧν
3290 1720 3520 1809 ἕκαστος
3547 1720 3654 1800 όσον
3679 1747 3778 1817 ἐχώ-

589 1840 719 1893 tatis
745 1837 946 1907 capite,
994 1837 1202 1904 tropice
1249 1841 1384 1904 puto
1438 1831 1709 1886 nominari
1760 1829 2053 1900 prophetas
2106 1836 2201 1915 et.

588 1929 954 1998 evangelistas
1020 1937 1070 1980 et
1129 1925 1458 1993 apostolos:
1504 1935 1738 1991 quorum
1782 1919 2160 1988 unusquisque

590 2027 854 2090 quantum
882 2009 1078 2083 capere
1108 2013 1308 2083 potuit,
1333 2012 1594 2066 hauriens
1629 2026 1697 2065 ex
1739 2010 2012 2072 obscuris,
2070 2024 2162 2064 oc-

589 2110 752 2164 cultis
780 2116 834 2163 et
892 2103 1371 2175 inaspectabilibus
1395 2102 1690 2166 thesauris,
1747 2102 1908 2156 nobis
1941 2102 2161 2171 quidem

591 2203 728 2255 ﬁunt
757 2197 904 2254 lluvii
935 2197 1078 2268 pleni
1111 2195 1288 2266 aquis.
1348 2192 1406 2248 Si
1434 2193 1510 2248 rei
1543 2199 1724 2248 autem
1760 2201 2038 2264 spectetur
2069 2209 2160 2248 ve-

591 2293 749 2354 ritas,
787 2298 917 2344 sunt
942 2296 1109 2359 guttae
1141 2287 1307 2349 roris,
1359 2285 1576 2340 etiamsi
1620 2291 1937 2354 restagnent
1977 2283 2164 2337 multi-

590 2382 778 2436 tudine
801 2388 856 2434 et
887 2377 1256 2449 magnitudine
1282 2376 1569 2431 doctrinae.
1616 2373 1938 2444 Cujusmodi
1963 2372 2162 2428 ﬂumen

590 2483 709 2530 erat
739 2473 958 2536 Paulus,
991 2473 1082 2542 qui
1118 2485 1286 2540 supra
1305 2468 1504 2522 malum
1530 2479 1829 2536 assurgens
1854 2464 2016 2518 undis
2041 2479 2166 2520 sen-

517 2551 525 2560 ’
589 2566 908 2627 tentiarum,
945 2577 1116 2628 usque
1149 2560 1216 2615 ad
1247 2559 1470 2616 tertium
1499 2558 1722 2620 caelum,
1748 2570 1927 2626 usque
1963 2554 2030 2608 ad
2065 2569 2166 2626 pa-

589 2659 858 2718 radisum,
908 2670 1083 2724 usque
1121 2656 1187 2706 ad
1238 2653 1402 2708 verba
1442 2664 1645 2705 arcana
1686 2658 1740 2703 et
1777 2648 2072 2703 ineﬂ‘aliilia
2095 2645 2163 2712 ⁸³,

591 2755 644 2804 et
697 2761 793 2817 per
844 2760 1062 2800 omnem
1137 2740 1406 2810 ejusmodi
1467 2738 1700 2793 docendi
1748 2735 2163 2806 amplitudinem

591 2840 697 2893 late
743 2836 1052 2897 exundans,
1112 2832 1293 2888 verbis
1345 2846 1537 2886 rursus
1576 2828 1835 2893 ostendit,
1889 2827 2035 2898 quod
2077 2826 2166 2880 hic

592 2945 772 2986 sermo
801 2937 886 2982 est
932 2928 1107 2981 instar
1155 2932 1320 2995 guttae
1367 2922 1535 2983 roris,
1574 2921 1622 2975 si
1673 2918 1988 2974 conferatur
2039 2933 2164 2973 cum

2262 1843 2387 1898 ρουν
2412 1829 2477 1882 ὲκ
2508 1829 2615 1881 τῶν
2648 1832 2935 1884 σκοτεινῶν
2965 1851 3024 1886 τε
3054 1836 3151 1888 καὶ
3183 1837 3516 1909 ἁποκρύφων
3549 1839 3637 1891 καὶ
3659 1839 3783 1909 ἀτιρὰ-

2257 1933 2363 1969 των
2388 1917 2676 1989 θησαυρῶν
2700 1922 3013 1992 ἀρυόμενοι,
3047 1927 3179 1996 ἡμῖν
3201 1929 3442 1998 ποταμοὶ
3465 1929 3708 1996 γίνονται·
3730 1928 3784 1991 ὡς

2259 2008 2314 2061 δὲ
2346 2011 2483 2079 πρὸς
2513 2012 2612 2082 τὴν
2649 2012 2815 2076 δντως
2844 2014 3126 2084 ἀλήθειαν,
3148 2018 3439 2088 δροσώδεις
3463 2021 3565 2073 είσὶ
3582 2020 3783 2090 ψεκάδες.

2273 2099 2374 2153 κᾶν
2399 2101 2477 2171 τῷ
2503 2102 2697 2173 πλήθει
2725 2121 2783 2156 τε
2807 2106 2900 2159 καὶ
2935 2107 3154 2175 μεγέθει
3175 2109 3277 2180 τῆς
3305 2111 3640 2174 διδασκαλίας
3661 2111 3791 2180 πλημο

2265 2192 2529 2262 μυρῶσιν.
2581 2188 2704 2257 Οἷος
2742 2196 2770 2248 ό
2799 2195 3006 2260 Παῦλος
3033 2193 3102 2269 ἦν
3130 2201 3412 2271 ποταμὸς,
3460 2202 3592 2272 ὑπὲρ
3631 2202 3707 2254 τὸν
3725 2201 3792 2253 οὗ·

2269 2280 2429 2352 ρανὸν
2458 2285 2567 2344 τοῖς
2596 2283 2700 2335 τῶν
2731 2285 3017 2354 νοημάτων
3047 2286 3259 2357 κύμασι
3293 2290 3681 2361 κορυφούμενος
3718 2291 3797 2352 ἕως

2263 2369 2448 2441 τρίτου
2479 2372 2732 2441 ούρανοῦ,
2764 2374 2867 2438 ἕως
2897 2375 2992 2428 τοῦ
3023 2379 3383 2448 παραδείσου,
3415 2381 3520 2444 ἓως
3541 2382 3640 2434 τῶν
3665 2382 3796 2453 abba-

2263 2477 2370 2515 των
2409 2479 2466 2514 τε
2515 2465 2610 2516 κα)⁵
2639 2467 3037 2538 ὰνεκφωνήτων
3075 2471 3361 2539 ῥημάτων,
3407 2473 3501 2526 καὶ
3535 2473 3600 2525 δι’
3625 2474 3802 2543 ἁπάσης

2262 2552 2358 2622 τῆς
2383 2555 2637 2626 τοιαύτης
2669 2558 3075 2629 μεγαληγορίας
3112 2562 3204 2614 πεδ
3217 2563 3429 2631 αγίζων
3453 2565 3530 2634 τῷ
3552 2563 3682 2635 λόγῳ
3719 2564 3801 2616 δεί-

2265 2657 2419 2696 κνυσι
2465 2645 2625 2698 πάλιν
2665 2648 2748 2700 ὃτι
2794 2648 2970 2717 ψεκάς
3012 2651 3096 2715 τίς
3137 2654 3257 2706 ἐστι
3304 2655 3581 2728 δροσώδης
3622 2659 3649 2711 b
3686 2656 3810 2725 λόγος

2265 2730 2755 2810 οὗτος,”συγκρίσει
2797 2740 2890 2793 τοῦ
2919 2741 3089 2804 ὅντως
3111 2742 3314 2812 Λόγου,
3345 2747 3418 2800 δι’
3451 2741 3525 2801 ῶν
3549 2765 3718 2818 φησιν,
3746 2749 3806 2799 ὅτι

2279 2826 2372 2878 Ἐκ
2383 2827 2604 2894 μέρους
2626 2829 3017 2899 γινώσκομεν,
3036 2832 3133 2885 καὶ
3156 2836 3224 2888 ἐκ
3241 2836 3474 2905 μέρους
3495 2838 3813 2907 προφητεύο-

2262 2933 2374 2984 μεν
2392 2934 2407 2948 ’
2428 2919 2542 2984 καὶ,
2565 2919 2638 2970 El
2654 2939 2740 2986 τις
2757 2921 2918 2975 δοκεῖ
2946 2925 3272 2992 ἐγνωκέναι
3289 2947 3366 2994 τι,
3385 2931 3554 2984 οὔπω
3583 2930 3721 2999 ἔγνω
3732 2946 3812 2983 ια-

593 3017 928 3087 Vcrboquod
961 3023 1065 3078 est,
1098 3029 1221 3068 cum
1265 3011 1395 3066 dicit
1428 3030 1440 3064 :
1475 3009 1560 3062 Ex
1591 3017 1740 3078 parte
1780 3008 2162 3074 cognoscimus,

2267 3008 2385 3075 θὼς
2433 3010 2528 3063 δεῖ
2553 3011 2799 3080 γνῶναι·
2837 3016 2962 3078 καὶ,
3007 3018 3304 3086 Ἐμαυτὸν
3351 3023 3524 3076 οὔπω
3548 3022 3816 3092 λογίζομαι

592 3120 640 3164 et
669 3124 734 3163 ea:
788 3116 937 3175 parte
975 3100 1424 3171 prophetamus“,
1460 3109 1511 3153 et
1539 3118 1551 3152 :
1577 3098 1636 3152 Si
1665 3098 1780 3161 quis
1813 3098 1915 3153 sibi
1966 3097 2162 3151 videtur

2272 3103 2713 3170 κατειληφέναι.
2737 3107 2797 3157 Εἰ
2829 3106 3004 3160 τοίνυν
3028 3110 3193 3178 ἰκμὰς
3213 3113 3311 3182 τῆς
3339 3114 3558 3185 δρόσου,
3583 3117 3713 3184 καὶὴ
3733 3113 3814 3165 τῶν

589 3200 742 3259 ιιι-ὅτε,
799 3194 1027 3248 nondum
1072 3193 1170 3246 scit
1202 3189 1460 3260 quomodo
1505 3190 1638 3242 scire
1668 3197 1905 3255 oporteat
1926 3188 2011 3254 ³⁸;
2065 3197 2166 3243 et:

593 3288 704 3359 Ego
735 3289 986 3353 meipsum
1012 3283 1239 3337 nondum
1271 3281 1515 3335 existimo
1545 3279 1990 3348 comprehendisse
2018 3279 2084 3332 ³⁸.
2109 3277 2166 3335 Si

595 3394 721 3450 ergo
756 3378 953 3430 humor
999 3373 1163 3438 roris,
1219 3381 1273 3427 et
1300 3378 1455 3441 gutta
1487 3369 1871 3424 cincinnorum
1917 3368 2170 3424 videntur

591 3485 712 3526 esse
759 3465 982 3520 ﬂumina
1015 3472 1068 3520 et
1115 3463 1286 3518 maria
1317 3470 1371 3517 et
1423 3461 1642 3525 ﬂuctus,
1700 3461 1746 3516 si
1783 3475 1906 3515 cum
1964 3461 2169 3517 nostris

592 3558 949 3614 conferantur
1005 3551 1418 3623 viribuszquid
1475 3560 1560 3606 est
1613 3551 2037 3606 existimandum
2101 3551 2169 3606 de

596 3651 689 3704 illo
717 3647 865 3704 fonte
898 3645 990 3717 Qui
1024 3644 1160 3699 dixit
1193 3662 1206 3698 :
1233 3641 1292 3698 Si
1321 3645 1439 3714 quis
1472 3643 1614 3708 sitit,
1650 3643 1822 3697 veniat
1867 3641 1935 3695 ad
1969 3657 2071 3707 me,
2115 3648 2166 3696 et

595 3744 738 3798 bibat
767 3741 810 3776 ⁸⁷
833 3741 855 3793 ?
878 3739 1116 3806 Quilibet
1141 3751 1206 3793 ex
1242 3735 1311 3792 iis
1336 3736 1428 3807 qui
1462 3735 1696 3790 audiunt
1724 3750 1791 3789 ex
1823 3736 2169 3805 proportione

592 3849 783 3891 eorum
808 3848 928 3904 qua:
956 3831 1102 3887 dicta
1139 3837 1288 3894 sunt,
1333 3828 1704 3898 conjecturam
1749 3835 1930 3882 sumat
1962 3827 2032 3882 de
2061 3829 2164 3882 mi-

597 3928 806 3983 raculo.
869 3924 1002 3980 Nam
1036 3925 1081 3980 si
1108 3930 1257 3994 gutta
1286 3921 1482 3978 sulIicit
1535 3921 1603 3976 ad
1647 3920 2019 4002 generandum
2067 3919 2169 3973 llu-

595 4021 765 4083 vium,
790 4017 919 4087 quid
945 4015 1302 4088 reputandum
1338 4022 1562 4068 estesse
1589 4012 1764 4083 ipsum
1792 4010 1886 4066 Dei
1917 4009 2166 4079 (luvium,

594 4127 658 4164 ex
691 4110 793 4164 hac
831 4116 983 4179 gutta
1014 4108 1329 4178 conjectura
1369 4102 1574 4158 ducta?

666 4200 964 4256 Videamus
1003 4205 1186 4254 autem
1231 4193 1686 4267 quemadmodum
1735 4208 1937 4262 sponsa
1982 4193 2167 4249 obedit

597 4294 796 4356 Verbo,
829 4290 1285 4363 quemadmodum
1316 4301 1520 4358 sponso
1543 4285 1716 4356 aperit
1744 4285 1973 4338 aditum.
1999 4283 2163 4354 Exui,

2277 3191 2588 3264 βοστρύχων
2630 3195 2802 3264 ψεκὰς
2843 3203 3074 3270 ποταμοὶ
3116 3203 3339 3259 δοκοῦσι
3371 3208 3472 3260 καὶ⁸
3513 3208 3710 3276 πελάγη
3745 3206 3818 3258 και

2271 3285 2491 3354 κύματα
2535 3287 2672 3358 πρὸς
2713 3289 2809 3359 τὴν
2845 3293 3117 3364 ἡμετέραν
3160 3300 3470 3368 κρινόμενα
3503 3299 3739 3368 δύναμινο
3778 3296 3817 3348 τί

2271 3375 2377 3446 χρὴ
2408 3378 2536 3448 περὶ
2560 3379 2658 3449 τῆς
2687 3382 2869 3452 πηγῆς
2891 3382 3206 3451 λογίσασθαι
3232 3389 3334 3460 τῆς
3363 3390 3645 3461 εἰπούσης,
3672 3391 3742 3444 ὅτι
3767 3385 3817 3441 Ei

2269 3483 2359 3533 τις
2388 3469 2536 3538 διψᾷ
2554 3512 2568 3534 ν
2598 3473 2863 3542 ἐρχέσθω
2893 3481 3042 3545 πρός
3060 3497 3139 3548 με
3163 3483 3261 3535 καί
3297 3484 3563 3546 πινέτιιη
3593 3485 3817 3542 Ἕκαστος

2269 3558 2377 3612 τῶν
2417 3562 2722 3617 ἀκουόντων
2752 3567 2819 3647 δι’
2851 3567 3143 3638 ἀναλογίαν
3178 3574 3288 3626 τῶν
3326 3577 3642 3647 εἰρημένων
3663 3590 3818 3643 στοχα-

2271 3649 2407 3718 σμὸν
2437 3651 2760 3723 λαμϐανέτω
2785 3639 2883 3711 Στοῦ
2911 3658 3209 3730 θαύματος.
3271 3666 3338 3719 Ei
3523 3670 3556 3737 ἡ
3581 3639 3822 3736 ψεκὰςέἱς

2271 3746 2528 3814 ποταμῶν
2566 3745 2830 3819 ἐξήρκεσε
2861 3752 3100 3819 γένεσιν,
3149 3756 3202 3808 τί
3241 3757 3418 3812 αὑτὸν
3462 3759 3558 3813 τὸν
3601 3757 3689 3812 τού
3716 3754 3823 3810 Θεοῦ

2271 3832 2512 3976 “in;pr
2560 3836 2647 3890 διὰ
2705 3839 2805 3908 τῆς
2853 3839 3086 3909 ψεκάδος
3147 3845 3361 3918 ταύτης
3423 3849 3575 3903 ἐστὶν
3612 3847 3826 3912 ἀναλοτί.

2271 3941 2372 3976 σασ
2409 3943 2503 3976 at:

2271 3941 2503 3992 σασυαι;

2342 4196 2567 4268 ’Ίδωμεν
2589 4199 2643 4252 δὲ
2674 4200 2767 4254 καὶ
2807 4202 2926 4264 πῶς
2964 4204 3225 4259 ὑπακούει
3267 4208 3356 4279 τῷ
3392 4210 3560 4280 Λόγῳ
3595 4213 3626 4282 ἡ
3655 4211 3828 4279 νύμφη.

2272 4285 2387 4349 πῶς
2422 4287 2626 4354 ἀνοίγει
2663 4290 2739 4360 τῷ
2762 4293 2980 4363 νυμφίῳ
3012 4293 3108 4366 τὴν
3137 4297 3373 4353 εῐσοδον.
3429 4288 3823 4367 Ἐξεδυοάμην.

595 4388 793 4455 inquit,
821 4399 989 4438 meam
1023 4383 1278 4443 tunicam,
1333 4377 1592 4450 quomodo
1616 4376 1833 4431 induam
1851 4380 2013 4433 eam?
2041 4376 2162 4432 Lavi

2269 4377 2435 4447 φησὶ,
2486 4378 2594 4432 τὸν
2644 4380 2866 4448 χιτῶνά
2895 4401 3040 4451 μοιν
3081 4383 3206 4451 πῶς
3247 4387 3600 4460 ἐνδύσομαι
3639 4390 3827 4444 αὺτὸνέ

593 4477 744 4544 pedes
769 4492 932 4538 meos,
968 4472 1226 4544 quomodo
1257 4468 1548 4541 inquinabo
1580 4468 1702 4522 illas
1724 4467 1933 4523 ?Recte
1964 4469 2169 4524 audivit

595 4587 718 4624 eum
755 4569 848 4639 qui
874 4568 1040 4639 jussit
1085 4567 1261 4637 ipsam
1310 4563 1425 4619 ﬁeri
1453 4569 1508 4618 et
1557 4561 1940 4633 pr0pinquam,
1988 4570 2043 4617 et
2078 4576 2168 4618 co-

599 4661 863 4726 lumbam,
894 4668 947 4714 et
975 4657 1294 4729 perlectam,
1334 4663 1394 4710 ut
1433 4670 1527 4726 per
1555 4668 1674 4708 eam
1713 4653 1780 4706 ad
1815 4653 2052 4707 animam
2083 4653 2165 4707 in-

597 4753 922 4807 troducatur
955 4751 1179 4806 veritas.
1209 4748 1359 4803 Fecit
1387 4748 1532 4803 enim
1570 4761 1691 4816 quae
1717 4744 1944 4808 audivit,
1966 4755 2024 4799 ut
2048 4762 2168 4815 qua:

599 4843 809 4897 exuerit
840 4843 1119 4911 pelliceam
1152 4842 1298 4895 illam
1332 4840 1594 4903 tunicam,
1628 4853 1792 4908 quam
1827 4837 2011 4892 induit
2037 4846 2167 4908 post

600 4941 908 5002 peccatum,
941 4941 994 4986 et
1021 4946 1053 4984 a
1079 4933 1305 5000 pedibus
1334 4931 1568 4987 abluerit
1602 4937 1851 4985 terrenas
1887 4930 2010 4985 illas
2042 4946 2168 4986 sor-

599 5024 716 5089 des,
746 5023 945 5095 quibus
967 5031 1083 5077 erat
1115 5023 1379 5089 involuta,
1437 5031 1494 5078 ut
1527 5038 1648 5093 quae
1675 5037 1704 5075 a
1735 5023 1842 5077 vita
1881 5037 2043 5093 quam
2069 5023 2166 5078 de-

605 5122 760 5187 gerat
808 5115 862 5169 in
893 5113 1148 5186 paradiso
1186 5129 1405 5170 reversa
1449 5122 1594 5170 esset
1641 5115 1696 5168 in
1742 5122 1944 5169 terram
1981 5133 1996 5168 :
2032 5129 2169 5183 quo-

599 5209 744 5261 niam
783 5207 991 5260 audivit
1035 5205 1122 5269 ‘7‘,
1164 5204 1326 5258 Terra
1354 5223 1429 5272 es,
1469 5215 1517 5260 et
1549 5205 1603 5259 in
1642 5214 1837 5259 terram
1869 5206 2163 5259 reverteris.

601 5297 892 5366 Propterea
928 5297 1132 5352 aditum
1178 5296 1392 5367 aperuit
1439 5295 1617 5351 Verbo
1653 5295 1719 5349 ad
1770 5295 2032 5356 animam.
2091 5295 2170 5350 di-

601 5389 765 5440 ducto
797 5388 982 5444 cordis
1035 5390 1178 5454 velo,
1240 5390 1343 5445 hoc
1387 5396 1474 5444 est
1520 5401 1705 5441 carne.
1763 5385 1994 5441 Carnem
2042 5401 2165 5440 cum

600 5483 746 5541 dico,
776 5490 1014 5534 veterem
1043 5480 1317 5535 hominem
1360 5477 1628 5548 intelligo,
1665 5490 1825 5544 quem
1860 5483 1918 5530 ut
1961 5487 2165 5532 exuant

2269 4468 2600 4539 Ἐνιψάμην
2626 4470 2768 4537 τοὺς
2787 4471 2976 4539 πόδας
2994 4492 3134 4544 μου,
3159 4475 3288 4544 πῶς
3313 4481 3579 4550 μολυνῶ
3608 4480 3828 4540 αὺτσύςὲ

2269 4559 2459 4624 Καλῶς
2503 4561 2704 4632 ἤκουσε
2749 4563 2844 4617 τοῦ
2878 4565 3230 4631 κελεύσαντος
3269 4571 3530 4644 ἀδελφὴν
3574 4572 3728 4643 αὐτὴν
3753 4569 3829 4622 καὶ

2269 4651 2497 4722 πλησίον
2534 4654 2806 4721 γενέσθαι,
2841 4657 2936 4710 καὶ
2979 4660 3311 4731 περιστερὰν
3363 4665 3470 4718 καὶ
3515 4664 3727 4725 τελείαν.
3756 4660 3826 4710 ἵνα

2268 4747 2355 4801 διὰ
2392 4747 2597 4800 τούτων
2621 4748 2920 4822 είσοικισθῇ
2951 4753 3017 4822 τῇ
3058 4751 3202 4823 ψυχῇ
3230 4755 3262 4825 ἡ
3289 4756 3562 4828 ἀλήθεια.
3615 4753 3828 4823 Ἐποίησε

2269 4838 2378 4909 γὰρ
2407 4839 2550 4911 ἅπερ
2583 4842 2831 4912 ἤκουσεν,
2881 4842 3222 4915 ἔκδυσαμένη
3267 4846 3372 4900 τὸν
3421 4850 3732 4921 δερμάτινον
3759 4863 3829 4913 χι·

2267 4929 2432 4994 τῶνα,
2468 4929 2526 4984 δν
2553 4930 2690 5001 μετὰ
2718 4931 2813 5001 τὴν
2841 4933 3114 5004 ἁμαρτίαν
3139 4939 3539 5006 περιεϐάλετο,
3559 4941 3649 4996 καὶ
3671 4941 3832 4995 ἀπονι-

2268 5020 2486 5093 ψαμένη
2543 5022 2650 5076 τῶν
2681 5023 2854 5077 ποδῶν
2873 5022 2935 5076 τὸ
2953 5019 3222 5095 γεῶδες,ᾧ
3250 5029 3526 5104 ὲνειλήθη
3552 5033 3656 5086 ἀπὸ
3676 5030 3762 5099 τῆς
3784 5031 3833 5079 ἐν

2270 5112 2584 5183 παραδείσῳ
2635 5113 2912 5184 διαγωγῆς
2955 5116 3036 5179 είς
3077 5117 3177 5186 τὴν
3222 5119 3334 5189 γῆν
3371 5119 3720 5185 ἀναλύσασα,
3757 5123 3830 5174 ὅτε

2272 5205 2524 5273 ἤκουσεν,
2551 5207 2632 5257 ὅτι
2683 5203 2774 5272 Γῆ
2812 5201 2892 5268 εἴ,
2933 5208 3032 5261 καί
3077 5211 3166 5275 είς
3202 5209 3328 5280 γῆν
3367 5215 3707 5281 dare-Man.
3749 5211 3832 5263 Διά

2270 5293 2427 5347 τοῦτο
2455 5293 2662 5364 ἤνοιξεν
2692 5297 2782 5349 ἐπὶ
2812 5296 2909 5367 τὴν
2952 5296 3130 5369 ψυχὴν
3173 5300 3252 5370 τῷ
3278 5301 3461 5375 Λόγῳ
3497 5307 3596 5379 τὴν
3637 5302 3832 5358 εἴσοδον.

2270 5384 2640 5449 διασταλέντος
2659 5385 2752 5439 τοῦ
2777 5388 2873 5458 τῆς
2889 5390 3116 5459 καρδίας
3139 5395 3680 5467 παραπετάσματος,
3700 5409 3835 5446 τουτ-

2272 5477 2385 5530 έστι
2411 5478 2509 5547 τῆς
2539 5481 2757 5549 σαρκός.
2801 5481 2985 5552 Σάρκα
3017 5482 3072 5534 δὲ
3101 5483 3288 5548 είπὼν,
3331 5487 3436 5540 τὸν
3470 5488 3694 5542 παλαιὸν
3715 5484 3845 5552 λέγω

615 5634 706 5692 ’³³
727 5660 763 5714 ll
798 5663 929 5715 Cor.
972 5677 1068 5723 xu,
1104 5663 1154 5714 ιί.
1219 5661 1261 5692 ³⁵
1289 5659 1305 5712 l
1334 5660 1458 5713 Cor.
1489 5673 1604 5722 xm,
1637 5657 1688 5712 9.
1735 5659 1778 5689 ³³
1816 5656 1833 5709 l
1872 5658 1993 5712 Cor.
2047 5674 2162 5721 vm,

2305 5659 2347 5689 "
2391 5657 2528 5712 Phil.
2570 5675 2646 5721 Ill,
2684 5659 2764 5714 i5.
2833 5661 2871 5692 "’
2907 5660 3064 5715 Joau.
3099 5677 3193 5726 vn,
3222 5663 3308 5717 Ξῖ.
3388 5666 3460 5697 ⁸²⁶
3493 5665 3634 5720 Gen.
3669 5662 3847 5729 111,19.
