3948 6192
201 241 335 296 ίίὶῦἷί

1260 241 1323 294 ΙΝ
1353 241 1647 298 ΓΑΝΤΙΟΛ
1672 236 1943 298 CANTIC.
1975 237 2274 294 1IOMILM
2307 241 2397 294 XI.

3319 253 3456 310 1005

191 353 514 424 ἄνθρωπον,
557 351 618 404 ὃν
650 350 980 406 ἐκδύσασθαι
1024 353 1117 406 καὶ
1158 354 1455 410 ἀποθέσθαι
1503 355 1712 409 κελεύει
1757 355 1785 406 ὁ

1887 365 1951 406 ac
1976 351 2274 422 deponant,
2299 353 2548 406 hortatur
2573 354 2792 412 divinus
2820 357 2910 412 ille
2943 360 3235 430 Apostolus
3267 373 3457 415 omnes

192 447 334 508 θεῖος
375 442 730 506 Ἀπόστολος,
788 442 918 505 τοὺς
965 443 1262 512 μέλλοντας
1312 444 1391 515 τῷ
1430 444 1644 516 λουτρῷ
1687 444 1783 497 τοῦ

193 536 352 602 λόγου
383 535 474 588 τὸν
507 533 679 605 ῥύπον
723 533 831 586 τῶν
871 533 1084 603 βάσεων
1126 535 1228 606 τῆς
1255 536 1441 607 ψυχῆς
1470 535 1784 590 ἀποκλύσα-

195 628 338 681 σθαι.
371 626 581 681 Οὐκοῦν
607 627 701 680 τὸν
736 627 966 682 παλαιὸν
997 629 1446 700 ἀπεκδυσάμενος
1473 629 1781 701 ἄνθρωπον,

194 720 287 770 καὶ
328 715 600 788 περιελὼν
637 719 734 787 τῆς
767 717 998 788 καρδίας
1041 717 1100 770 τὸ
1140 717 1438 790 κάλυμμα,
1491 717 1670 788 ήνοιξε
1706 717 1785 787 τῷ

193 811 352 880 Λόγῳ
384 803 486 880 τὴν
529 809 764 875 εἴσοδον,
813 809 873 862 δν
911 809 1064 873 ἐντὸς
1102 811 1395 882 γενόμενον
1425 810 1625 880 ἔνδυμα
1667 827 1785 863 ποι-

192 905 331 955 εἷται
365 902 566 972 ἑαυτῆς
599 904 632 972 ἠ
678 901 850 972 ψυχὴ,
881 903 1023 956 κατά
1050 903 1151 975 τὴν
1185 903 1278 958 τοῦ
1324 905 1649 957 Ἀποστόλου
1681 904 1784 972 ὑφ-

192 998 414 1065 ήγησιν,
442 994 503 1058 ὃς
525 993 738 1048 κελεύει
761 994 852 1048 τὸν
885 995 1256 1066 ὲκδυσάμενον
1275 996 1376 1067 τὴν
1405 994 1660 1065 σαρκώδη
1688 995 1784 1049 τοῦ

194 1084 430 1138 παλαιοῦ
457 1083 749 1156 ἀνθρώπου
779 1085 1096 1156 περιϐολὴν,
1122 1085 1443 1140 ἐνδύσασθαι
1468 1085 1671 1156 χιτῶνα
1695 1085 1785 1140 τὸν

193 1177 336 1231 κατά
365 1176 502 1230 Θεὸν
546 1177 870 1242 κτισθέντα,
925 1180 982 1231 ὲν
1030 1178 1272 1249 ὁσιότητι
1317 1179 1410 1232 καὶ
1445 1177 1782 1252 δικαιοσύνῃ.

204 1269 417 1339 Ἰησοῦν
448 1269 505 1321 δὲ
531 1269 679 1337 λέγει
703 1265 842 1322 εἷναι
867 1268 930 1322 τὸ
955 1269 1182 1339 ἔνδυμα.
1227 1270 1292 1323 Ἥ
1316 1269 1373 1324 δὲ
1395 1269 1658 1340 ὁμολογία
1685 1269 1786 1340 τῆς

191 1362 417 1434 νύμφης
455 1361 518 1414 τὸ
566 1362 762 1431 μηκέτι
811 1362 902 1415 τὸν
949 1361 1327 1431 ἀποϐληθέντα
1375 1362 1577 1432 χιτῶνα
1623 1361 1786 1415 πάλιν

189 1453 625 1523 ἀναλαμϐάνειν,
672 1453 786 1507 ἀλλ’
823 1453 1111 1524 ἀρκεῖσθαι
1158 1454 1237 1525 τῷ
1280 1455 1362 1508 ἑνὶ
1391 1453 1598 1523 χιτῶνι,
1641 1451 1786 1508 κατὰ

188 1543 282 1597 τὸν
308 1543 536 1596 δοθέντα
563 1545 676 1606 τοῖς
707 1542 980 1614 μαθηταῖς
1011 1543 1197 1614 νόμον,
1233 1543 1292 1597 ὃν
1325 1544 1412 1597 διὰ
1446 1547 1545 1614 τῆς
1577 1542 1785 1598 ἀνωθεν

189 1637 507 1705 γεννήσεως
522 1635 974 1689 ἀνακαινισθεῶα
1001 1637 1440 1707 μετημφιάσατο,
1461 1634 1670 1705 βεϐαιοῖ
1687 1634 1782 1688 τοῦ

189 1730 402 1800 Κυρίου
431 1729 524 1783 τὸν
555 1729 732 1798 λόγον,
780 1729 871 1782 τὸν
899 1729 1191 1784 κελεύοντα
1213 1731 1340 1794 τοὺς
1368 1730 1514 1796 ἅπαξ
1541 1730 1620 1801 τῷ
1652 1729 1782 1800 θείῳ

189 1823 576 1893 κοσμηθέντας
595 1822 872 1892 ὲνδύματι,
902 1822 1098 1894 μηκέτι
1129 1822 1524 1876 ἐπενδύσασθαι
1567 1823 1657 1875 τὸν
1683 1823 1782 1893 τῆς

189 1913 472 1985 ἁμαρτίας
499 1913 722 1982 χιτῶνα,
763 1913 898 1984 μηδὲ
937 1912 1032 1966 δύο
1063 1912 1298 1984 χιτῶνας
1332 1912 1498 1982 ἔχειν,
1530 1911 1666 1966 ἀλλὰ
1693 1911 1782 1965 τὸν

189 2009 293 2060 ἕνα
324 2006 508 2076 μόνον,
559 2005 648 2058 ἵνα
677 2005 751 2076 μὴ
781 2004 874 2058 δύο
905 2004 1036 2075 περὶ
1072 2003 1166 2057 τὸν
1196 2003 1358 2058 αὑτὸν
1387 1997 1520 2056 ὦσιν
1543 2004 1593 2056 οἱ
1613 2003 1786 2073 ἀσύμ-

186 2100 351 2153 ϐατοι
387 2098 526 2169 πρὸς
575 2097 836 2165 ἀλλήλους
867 2097 1113 2168 χιτῶνες.
1164 2095 1261 2160 Τίς
1282 2095 1393 2168 γὰρ
1423 2096 1680 2150 κοινωνία
1706 2094 1786 2166 τῷ

190 2189 464 2260 σκοτεινῷ
488 2189 746 2259 ὲνδύματι
772 2190 909 2256 πρὸς
948 2189 1040 2242 τὸν
1071 2187 1330 2259 φωτοειδῆ
1359 2205 1418 2241 τε
1455 2188 1550 2242 καὶ
1579 2189 1742 2242 ἆῦλον
1767 2205 1782 2254 ;

186 2282 270 2335 Οὐ
314 2282 477 2352 μόνον
517 2281 574 2333 δὲ
600 2280 760 2334 τοῦτό
785 2297 949 2352 φησιν
977 2282 1007 2332 ὁ
1028 2281 1212 2349 νόμος,
1251 2280 1312 2333 τὸ
1349 2280 1422 2350 μὴ
1451 2280 1562 2333 δεῖν
1589 2279 1683 2332 δύο
1701 2298 1775 2350 χι-

185 2373 374 2437 τῶνας
399 2372 566 2443 ἔχειν,
581 2371 714 2426 ἀλλά
735 2372 870 2444 μηδὲ
890 2373 1250 2444 ὲπιρῤάπτειν
1270 2373 1330 2425 τὸ
1353 2371 1538 2425 καινὸν
1558 2371 1786 2441 ὕφασμα

182 2464 270 2535 τῷ
307 2463 526 2534 παλαιῷ
555 2463 754 2534 ίματίῳ
778 2480 792 2494 ο
848 2463 937 2518 ῐνα
971 2463 1044 2534 μὴ
1071 2464 1269 2535 χείρων
1291 2463 1517 2534 γένηται
1546 2465 1580 2534 ἡ
1615 2464 1782 2534 ιὶισχη⁹

186 2557 408 2630 μοσύνη
455 2555 550 2609 τοῦ
582 2555 673 2608 τὸν
701 2554 943 2608 τοιοῦτον
977 2555 1469 2626 περιϐαλλομένου,
1522 2557 1660 2626 μήτε
1693 2555 1785 2608 τοῦ

183 2649 532 2722 ὲρραφέντος
579 2647 891 2717 μείναντος,
939 2648 1034 2701 καὶ¹
1079 2647 1174 2701 τοῦ
1223 2648 1455 2702 παλαιοῦ
1501 2653 1682 2720 χεῖρον
1726 2647 1788 2700 τὸ

189 2743 411 2813 σχίσμα
435 2740 696 2803 παθόντος
717 2741 810 2793 καὶ
829 2739 1284 2811 δυσθεράπευτον.
1309 2741 1462 2811 Αἷρει
1487 2741 1614 2812 γὰρ,
1631 2756 1703 2811 φη
1713 2740 1784 2806 σι,

185 2836 252 2888 τὸ
298 2834 578 2904 πλήρωμα
608 2833 670 2885 τὸ
710 2832 895 2886 καινὸν
925 2832 1020 2886 τοῦ
1059 2831 1314 2897 παλαιοῦ,
1344 2835 1439 2886 καὶ
1464 2835 1644 2904 χεῖρον
1680 2832 1788 2903 σχί-

186 2942 314 2996 σμα
350 2925 590 2992 γίνεται,
634 2923 711 2987 ὡς
749 2923 1170 2993 δημοσιεύεσθαι
1200 2923 1270 2977 δι’
1310 2922 1475 2977 αὐτοῦ
1517 2923 1586 2977 τά
1618 2924 1788 2994 ἀσχή-

187 3033 362 3087 μονα.
417 3017 515 3068 Διά
552 3014 711 3067 τοῦτό
742 3031 929 3084 φησιν*
975 3013 1387 3085 Ἐ’ξεδυσὰμην
1421 3015 1529 3068 τὸν
1570 3013 1791 3085 χιτῶνά

182 3123 318 3176 μου
341 3145 357 3169 ,
405 3104 533 3170 πῶς
567 3104 895 3174 ἐνδύσομαι
923 3106 1152 3170 αὖτόν;
1201 3105 1298 3168 Τίς
1332 3105 1440 3178 γὰρ
1473 3106 1540 3161 ἀν
1571 3105 1783 3175 βλέπων

185 3199 334 3269 περὶ
364 3197 555 3251 ἑαυτὸν
584 3197 674 3250 τὸν
698 3196 936 3266 ἡλιοειδῆ
964 3195 1058 3250 τοῦ
1088 3197 1292 3269 Κυρίου
1331 3197 1554 3268 χιτῶνα,
1585 3197 1675 3251 τὸν
1697 3197 1786 3251 διὰ

181 3288 581 3357 καθαρότητος
645 3287 739 3340 καὶ
771 3285 1077 3357 ἀφθαρσίας
1100 3286 1250 3358 αύτῷ
1279 3287 1649 3358 περιτεθέντα,
1675 3283 1786 3341 οἷον

183 3382 294 3436 ἐπὶ
323 3381 424 3450 τῆς
443 3378 536 3431 τοῦ
553 3378 711 3449 ὅρους
738 3377 1216 3450 μεταμορφώσεως
1245 3378 1464 3447 ἔδειξεν,
1482 3375 1599 3433 εἶτα
1619 3397 1786 3434 καταο

178 3471 419 3542 δέχεται
442 3470 502 3522 τὸ
522 3469 732 3539 πτωχόν
747 3485 806 3521 τε
830 3469 922 3522 καὶ
948 3469 1188 3538 ῥακῶδες
1211 3471 1422 3541 ἱμάτιον
1439 3471 1618 3541 ἑαυτῷ
1632 3488 1787 3542 περι-

181 3561 400 3622 θεῖναι,
447 3559 584 3628 ὅπερ
613 3560 642 3611 ὁ
675 3556 906 3628 μέθυσος
933 3558 1028 3611 καὶ
1071 3559 1101 3610 ὁ
1131 3559 1465 3630 πορνοκόπος
1484 3600 1499 3624 ,
1542 3560 1725 3624 καθὼς
1753 3563 1786 3633 ἡ

175 3651 492 3722 παροιμία,
510 3649 666 3720 φησι,
687 3647 1073 3721 περιϐάλλεται
1091 3666 1106 3715 ;
1146 3649 1306 3704 Ἀλλὰ
1326 3651 1448 3704 οὐδὲ
1467 3654 1595 3715 τοὺς
1623 3652 1787 3715 πόδας

175 3742 476 3813 νιψαμένη
495 3779 512 3802 ,
557 3740 719 3793 πάλιν
751 3741 818 3811 τῇ
851 3739 1007 3810 βάσει
1033 3740 1127 3793 τὸν
1161 3742 1224 3794 ἐκ
1246 3739 1348 3810 τῆς
1379 3743 1483 3811 γῆς
1514 3741 1788 3813 μολυσμὸν

174 3854 264 3888 πα
274 3834 580 3906 ραδέχεται
589 3872 602 3887 .

271 3924 626 3993 Ὲνιψάμην
658 3925 795 3994 γὰρ,
843 3925 1007 3994 φησὶ,
1056 3925 1198 3992 τοὺς
1235 3925 1427 3992 πόδας
1467 3943 1620 3995 μου,
1666 3925 1790 3993 πῶς

163 4012 457 4087 μολυνῶ
499 4016 762 4081 αὐτούς;
815 4016 948 4068 Οὐδὲ
977 4015 1087 4085 γὰρ
1115 4015 1356 4085 Μωῦσῆς
1387 4014 1466 4084 τῷ
1503 4014 1630 4086 θείῳ
1655 4032 1789 4088 προ-

171 4111 489 4176 στάγματι
517 4106 616 4177 τῆς
647 4108 845 4176 νεκρᾶς
868 4105 978 4160 τῶν
1004 4107 1289 4177 δερμάτων
1322 4105 1614 4177 περιϐολῆς
1641 4105 1792 4160 ἐλευ-

165 4201 460 4274 Θερὼσας
485 4199 612 4263 τοὺς
650 4199 836 4265 πόδας,
882 4200 972 4254 ὅτε
1009 4199 1109 4269 τῆς
1150 4198 1310 4269 ἀγίας
1336 4217 1396 4253 τε
1412 4200 1517 4254 ικαὶ
1555 4217 1792 4270 πεφωτι-

164 4297 418 4368 σμὲνης
441 4292 697 4348 ἐπέϐαινε
716 4293 839 4364 γῆς,
869 4293 1030 4348 πάλιν
1055 4295 1343 4366 ἱστορεῖται
1371 4294 1641 4349 διαλαϐὼν
1667 4296 1792 4360 τοὺς

1886 444 1979 512 qui
2016 445 2172 498 verbi
2198 445 2414 498 lavacro
2443 451 2573 499 sunt
2593 444 2833 500 abluturi
2876 448 3067 504 sordes
3103 450 3301 518 pedum
3339 452 3458 505 ani-

1888 551 2008 590 mas.
2061 534 2242 590 Veteri
2277 551 2410 607 ergo
2453 543 2620 591 exuto
2669 536 2913 602 homine,
2954 548 3009 593 et
3041 540 3223 594 ablato
3272 540 3454 596 cordis

1887 628 2192 696 invulnero,
2262 631 2438 687 Verbo
2515 629 2728 698 aperuit
2777 629 3007 695 aditum,
3046 648 3209 700 quem
3242 635 3458 704 ingres-

1828 795 1837 805 .
1887 733 2008 774 sum
2057 721 2439 776 indumentum
2486 721 2592 778 sibi
2648 720 2780 776 facit
2825 722 3028 788 anima,
3070 726 3460 780 convenienter

1887 812 2218 881 expositioni
2247 812 2515 881 Apostoli,
2547 813 2640 882 qui
2660 812 2816 881 jubet
2847 822 3013 867 exuto
3048 815 3324 884 corporali
3362 831 3460 870 ve-

1888 904 2023 957 teris
2064 903 2302 957 hominis
2332 902 2673 968 indutnento,
2699 903 2929 958 induere
2952 920 3148 960 novam
3194 907 3457 970 tunicam,

1838 988 1840 990 ’
1889 1006 2012 1061 qua:
2059 993 2362 1048 secundum
2399 992 2569 1048 Deum
2620 1001 2706 1049 est
2744 1004 2932 1049 creata
2965 997 3018 1050 in
3063 999 3358 1054 sanctitate
3405 1008 3461 1056 et

1883 1083 2192 1153 justitia“.
2240 1084 2428 1140 Jesum
2476 1096 2657 1142 autem
2697 1086 2833 1141 dicit
2887 1088 3267 1144 indumentum
3312 1107 3455 1147 esse.

1890 1174 2120 1244 Sponsa:
2166 1185 2345 1231 autem
2397 1177 2688 1248 professio,
2734 1179 2880 1249 quod
2932 1195 3094 1251 quam
3155 1183 3306 1237 exuit
3349 1199 3459 1239 non

1888 1268 1960 1322 sit
1989 1283 2184 1324 rursus
2219 1281 2510 1340 acceptura
2542 1273 2807 1336 tunicam,
2829 1271 2925 1327 sed
2959 1281 3216 1328 contenta
3247 1275 3319 1329 sit
3351 1291 3459 1329 una

1887 1359 2094 1420 tunica.
2119 1368 2486 1430 congruenter
2509 1361 2609 1432 legi
2642 1361 2784 1416 datm
2814 1361 3132 1433 discipulis,
3176 1379 3339 1434 quam
3365 1379 3462 1434 per

1885 1452 2354 1521 regenerationem
2404 1461 2664 1508 renovata
2698 1453 2876 1508 induit
2922 1455 3126 1519 anima,
3169 1455 3461 1509 confirmat

1885 1544 2275 1600 convenienter
2293 1545 2341 1600 ei
2369 1545 2510 1613 quod
2542 1544 2682 1598 dixit
2707 1544 3018 1615 Scriptura,
3062 1561 3172 1600 non
3199 1555 3460 1616 Oportere

1883 1652 1980 1693 eos
2013 1638 2104 1706 qui
2139 1638 2307 1693 semel
2337 1636 2524 1691 divino
2555 1636 2880 1692 indumento
2911 1647 3042 1693 sunt
3089 1638 3294 1700 ornati,
3329 1652 3460 1707 pec-

1886 1732 1995 1785 cati
2029 1731 2270 1785 tunicam
2317 1731 2565 1794 induere,
2625 1745 2726 1785 nec
2763 1730 2903 1786 duas
2957 1730 3160 1786 habere
3215 1733 3454 1794 tunicas,

1885 1825 1977 1879 sed
2015 1839 2179 1878 unam
2202 1824 2372 1880 solam
2396 1823 2791 1895 (innocentiae),
2837 1839 2907 1879 ne
2949 1823 3088 1879 duas
3147 1823 3458 1878 contrarias

1885 1916 2028 1969 inter
2061 1930 2120 1970 se
2146 1916 2378 1970 invicem
2407 1914 2737 1984 conjunctas
2770 1915 3009 1969 habeant
3053 1917 3288 1970 tunicas.
3317 1915 3454 1980 Quae

1885 2013 1970 2061 est
1999 2009 2146 2060 enim
2167 2007 2407 2062 societas
2431 2007 2681 2061 obscura
2700 2014 2754 2060 et
2781 2007 3084 2061 tenebrosae
3113 2007 3314 2062 tunica:
3335 2023 3456 2062 cum

1889 2097 2158 2152 luminosa
2190 2104 2244 2151 et
2279 2105 2502 2166 experte
2540 2096 2826 2151 materias?
2879 2095 2998 2151 Non
3035 2097 3212 2150 solum
3271 2106 3454 2151 autem

1887 2187 1969 2243 lex
2001 2188 2105 2242 hoc
2137 2187 2313 2257 jubet,
2340 2201 2451 2242 non
2479 2194 2736 2256 oportere
2757 2187 2960 2242 habere
2989 2187 3128 2242 duas
3149 2188 3367 2243 tunicas
3390 2189 3457 2248 ”.

1888 2278 1983 2335 sed
2014 2294 2114 2334 uec
2134 2293 2334 2333 novum
2355 2293 2597 2350 pannum
2617 2279 2788 2333 veteri
2807 2279 3144 2334 vestimento
3164 2279 3462 2343 assuere“.

1887 2387 1958 2426 ne
1988 2372 2109 2442 ejus
2137 2373 2229 2441 qui
2262 2371 2365 2426 hoc
2396 2371 2573 2426 induit
2605 2372 2779 2441 major
2805 2371 2876 2427 sit
2894 2371 3220 2426 deformitas
3253 2386 3317 2425 ac
3345 2379 3456 2424 tnr—

1889 2461 2100 2532 pitudo,
2136 2477 2260 2516 cum
2297 2476 2473 2530 neque
2505 2471 2726 2516 maneat
2772 2459 2828 2514 id
2858 2461 3005 2531 quod
3050 2471 3134 2516 cst
3185 2473 3457 2524 assutnm,

1889 2568 1942 2612 et
1966 2557 2168 2613 veteris
2205 2557 2276 2612 sit
2311 2558 2556 2611 scissura
2595 2555 2861 2621 deterior,
2924 2570 3026 2610 nec
3075 2555 3236 2610 facile
3284 2558 3460 2625 possit

1889 2647 2188 2704 remedium
2227 2645 2494 2701 adhiberi.
2528 2643 2693 2699 Tollit
2722 2645 2893 2710 enim,
2931 2645 3136 2715 inquit,
3177 2646 3461 2718 plenitudo

1889 2755 2087 2795 novum
2112 2754 2141 2793 a
2180 2745 2362 2793 vetere
2394 2738 2746 2800 vestimento,
2802 2745 2858 2792 et
2900 2737 3056 2807 pejor
3089 2738 3332 2791 scissura
3383 2742 3460 2797 tit.

1893 2831 2029 2886 adeo
2071 2838 2129 2884 ut
2181 2846 2278 2901 per
2331 2845 2476 2892 eam,
2511 2844 2632 2898 quae
2670 2829 2852 2898 turpia
2899 2837 3030 2884 sunt
3086 2827 3461 2898 propulenlur.

1892 2924 2156 2994 Proptera
2187 2923 2322 2976 dicit
2357 2940 2370 2975 :
2415 2920 2552 2974 Exui
2587 2921 2820 2973 tunicam
2865 2935 3056 2983 meam,
3095 2919 3360 2988 quomodo
3390 2919 3468 2970 in-

1845 3055 1863 3079 .
1892 3015 2054 3068 duum
2089 3014 2296 3068 eam“?
2325 3011 2462 3079 Quis
2491 3011 2636 3066 enim
2665 3025 2788 3065 cum
2809 3011 2890 3066 vel
2910 3012 3027 3081 ipso
3048 3012 3162 3066 sole
3179 3010 3464 3065 clariorem

1895 3103 2110 3158 Domini
2143 3103 2421 3174 aspexerit
2462 3102 2730 3164 tunicam,
2777 3109 3090 3156 contextam
3126 3115 3224 3170 per
3257 3100 3468 3169 purita-

1893 3204 2001 3251 tem
2034 3204 2090 3250 et
2134 3194 2630 3264 incorruptionem,
2673 3195 2889 3264 qualem
2923 3193 3166 3249 ostendit
3200 3193 3256 3246 in
3288 3201 3469 3247 trans-

1895 3273 2218 3358 ﬁguratione
2253 3286 2309 3340 iu
2343 3294 2546 3350 monte,
2593 3285 2968 3340 mendicorum
3006 3293 3213 3340 vestem
3261 3299 3471 3355 panno-

1895 3394 2011 3435 sam
2050 3378 2305 3433 lubenter
2335 3378 2594 3443 induerit,
2623 3376 2930 3446 cujusmodi
2968 3385 3051 3432 est
3084 3377 3220 3431 ebrii
3247 3384 3302 3429 et
3353 3376 3471 3430 for-

1893 3470 2184 3534 nicatoris,
2212 3469 2355 3523 sicut
2393 3469 2526 3522 dicit
2545 3467 2938 3536 proverbium?
2964 3465 3070 3522 Sed
3103 3483 3283 3537 neque
3304 3475 3459 3536 post-

1893 3577 2057 3634 quam
2095 3560 2261 3631 pedes
2294 3559 2444 3624 lavit,
2479 3574 2673 3614 rursus
2699 3574 2763 3614 ex
2806 3558 3027 3614 incessu
3056 3568 3304 3613 terrenas
3343 3573 3469 3614 sor-

1897 3655 1994 3712 des
2023 3653 2281 3708 admittit.

1973 3929 2099 3983 Lavi
2115 3927 2286 3992 enim,
2332 3925 2528 3995 inquit,
2569 3925 2723 3994 pedes
2773 3939 2939 3987 meos,
2984 3934 3248 3994 quomodo
3292 3922 3470 3992 inqui-

1897 4022 2035 4076 nabo
2060 4037 2145 4075 eoa
2171 4021 2196 4072 3
2226 4017 2415 4088 Neque
2447 4017 2592 4073 enim
2635 4015 2816 4072 Moses
2845 4031 2969 4071 cum
3001 4017 3161 4086 jussu
3187 4016 3370 4070 divino
3409 4016 3473 4070 li-

1897 4114 2143 4168 berasset
2163 4108 2327 4180 pedes
2345 4121 2376 4161 a
2406 4115 2624 4161 mortuo
2645 4105 2864 4176 pellium
2888 4105 3227 4170 indumento,
3251 4107 3471 4177 quando

1900 4213 2100 4260 terram
2134 4199 2378 4256 ascendit
2401 4209 2650 4254 sanctam
2683 4205 2740 4251 et
2774 4196 3160 4262 illuminatam,
3213 4206 3471 4250 narratur

1900 4313 2094 4355 rursus
2135 4295 2299 4366 pedes
2331 4292 2578 4348 induisse
2630 4291 2832 4346 calceis
2862 4307 2880 4345 :
2905 4305 3082 4361 neque
3121 4289 3340 4362 quando
3382 4307 3472 4346 ve-

164 4389 382 4449 πόδας
413 4388 528 4449 τοῖς
553 4387 915 4456 ὑποδήμασιν,
937 4386 1025 4440 ὅτε
1051 4387 1146 4440 καὶ
1170 4385 1268 4458 τὴν
1293 4388 1571 4460 ἱερατικὴν
1592 4388 1785 4459 ἐσθῆτα

1900 4399 2037 4447 stem
2061 4385 2862 4454 sacerdotalem,congruenter
2890 4383 3076 4452 ﬁgurae
3103 4397 3225 4452 quze
3249 4390 3470 4437 ostensa

157 4480 354 4536 κατὰ
392 4479 486 4531 τὸν
514 4477 682 4531 τύπον
706 4477 801 4532 τὸν
832 4481 890 4532 ὲν
926 4477 1004 4549 τῷ
1025 4478 1144 4552 ὄρει
1174 4479 1454 4550 δειχθέντα
1481 4481 1785 4552 φιλοτεχνή-

1897 4478 2001 4533 fuit
2034 4477 2088 4530 in
2126 4483 2330 4538 monte,
2353 4470 2557 4526 alfabre
2595 4480 2680 4526 est
2721 4470 3042 4538 fabricatus,
3096 4473 3214 4526 auri
3261 4481 3312 4528 et
3343 4487 3473 4542 pur-

160 4589 326 4634 σας,
370 4568 578 4640 χρυσοῦ
611 4569 706 4622 καὶ
754 4569 1060 4640 πορφύρας,
1095 4570 1190 4623 καὶ
1219 4569 1439 4640 βύσσου,
1485 4573 1579 4625 καὶ
1610 4572 1785 4625 ὑακίν-

1897 4583 2066 4641 purae.
2117 4576 2170 4621 et
2203 4564 2378 4636 byssi,
2430 4572 2480 4618 et
2515 4563 2823 4634 hyacinthi,
2869 4573 2924 4618 et
2974 4564 3127 4618 cocci
3167 4565 3220 4618 in
3257 4572 3471 4619 textura

154 4665 316 4724 θον,
364 4659 461 4712 καὶ
503 4658 706 4711 κόκκου
739 4657 835 4722 τὰς
879 4657 1053 4726 αύγάς
1086 4661 1433 4730 συγκεράσας
1471 4661 1528 4714 ὲν
1552 4659 1630 4731 τῷ
1659 4663 1785 4730 ύφά·

1895 4657 2320 4729 contemperatis
2350 4656 2759 4726 splendoribus.
2794 4663 2855 4709 ut
2879 4654 3178 4726 refulgeret
3230 4657 3470 4726 pulchri-

155 4769 404 4824 σματι,
437 4749 581 4802 ὥστε
622 4749 926 4819 σύμμικτον
954 4751 1018 4802 ὲκ
1049 4751 1265 4804 πάντων
1289 4751 1703 4821 ἀπαστράπτειν
1739 4751 1785 4804 τί

1898 4752 2031 4805 tudo
2055 4747 2343 4804 commista
2403 4763 2466 4802 ex
2514 4745 2794 4812 omnibus,
2849 4747 3021 4800 ullum
3084 4755 3470 4802 ornamentum

146 4846 434 4902 κάλλος,
472 4841 666 4895 οὐδένα
689 4845 801 4905 τοῖς
831 4842 957 4896 ποσὶ
993 4843 1194 4913 κόσμον
1235 4844 1653 4914 έπετεχνήσατο,
1679 4843 1785 4897 ἁλλ⁴

1900 4843 2199 4898 fabricatus
2227 4848 2311 4894 est
2351 4839 2600 4909 pedibus,
2648 4836 2742 4894 sed
2788 4837 3149 4894 sacerdotalis
3175 4840 3330 4909 pedis
3357 4847 3476 4894 erat

139 4938 236 5011 ἦν
282 4934 699 5005 καλλωπισμὸς
720 4933 815 4987 τοῦ
843 4935 1116 5006 ἱερατικοῦ
1146 4936 1306 4999 ποδὸς
1336 4936 1396 4989 τὸ
1425 4937 1629 5007 γυμνὸν
1659 4933 1785 4990 εἶναι

1897 4942 2275 4990 ornamentum
2299 4947 2420 4988 esse
2451 4931 2657 4986 nudum
2686 4940 2740 4986 et
2772 4931 3004 4986 liberum
3037 4933 3104 4986 ab
3137 4933 3285 4986 omni
3321 4933 3474 4987 indu-

139 5035 396 5098 πάσης
428 5025 745 5096 περιϐολῆς,
781 5028 874 5080 καὶ
901 5026 1202 5099 ἐλεύθερον.
1240 5028 1358 5098 Χρὴ
1387 5029 1496 5099 γὰρ
1522 5029 1612 5081 τὸν
1646 5030 1785 5098 ἱερέα

1900 5035 2103 5082 mento.
2143 5025 2369 5094 Oportet
2409 5026 2555 5079 enim
2608 5023 2948 5080 sacerdotem
2995 5038 3212 5094 semper
3266 5025 3470 5095 ingredi

135 5124 435 5180 πάντως
459 5119 553 5169 ἐπὶ
569 5117 669 5187 τῆς
691 5117 854 5186 ἀγίας
876 5117 1162 5187 βεϐηκέναι
1182 5117 1306 5188 γῆς,
1330 5114 1395 5190 ἧς
1425 5119 1561 5188 μετά
1589 5120 1785 5181 νεκρῶι

1904 5131 2071 5186 super
2119 5124 2324 5170 terram
2384 5122 2655 5180 sanctam,
2713 5130 2880 5186 super
2919 5130 3085 5186 quam
3131 5130 3237 5169 non
3275 5113 3357 5169 fas
3391 5124 3474 5168 est

126 5209 504 5286 δερμάτων
536 5207 883 5262 ἐπιϐατεύειν
914 5209 976 5262 ού
1006 5209 1182 5279 θέμις.
1235 5209 1332 5263 Διὰ
1363 5212 1519 5264 τοῦτο
1557 5212 1652 5264 καὶ
1687 5215 1785 5275 τοῖς

1900 5208 2109 5279 ingredi
2143 5223 2266 5262 cum
2325 5209 2563 5277 pellibus
2622 5213 2872 5266 mortuis.
2941 5209 3004 5263 Et
3045 5210 3166 5263 ideo
3213 5209 3474 5264 Dominus

132 5303 491 5379 μαθηταῖς
519 5301 549 5354 ὁ
584 5299 784 5369 Κύριος
809 5300 1142 5369 ἀπαγορεύει
1178 5299 1245 5352 τὰ
1275 5301 1615 5370 ὑποδήματα,
1647 5302 1785 5354 ἐπει-

1903 5315 2123 5373 quoque
2168 5301 2454 5370 discipulis
2492 5301 2772 5356 interdicit
2822 5301 3043 5364 calceis,
3101 5301 3322 5370 quando
3378 5315 3472 5355 eos

119 5403 208 5456 δὴ
267 5390 529 5447 κελεύει
546 5391 742 5454 αὐτοὺς
767 5392 847 5453 είς
870 5389 1038 5444 ἐθνῶν
1055 5391 1170 5444 ὁδὸν
1201 5392 1275 5464 μὴ
1301 5391 1647 5464 πορεύεσθαι,
1663 5391 1785 5446 ἀλλά

1902 5394 2056 5464 jubet
2084 5407 2192 5448 non
2233 5393 2312 5448 ire
2340 5394 2393 5447 in
2419 5395 2561 5446 viam
2596 5395 2861 5463 gentium,
2899 5394 2991 5448 sed
3033 5410 3130 5464 per
3167 5395 3304 5448 viam
3344 5407 3472 5448 san-

119 5493 248 5547 5-,;
305 5484 432 5553 τῆς
466 5483 630 5552 ἁγίας
657 5481 776 5536 ὁδοῦ
806 5483 1071 5552 προϊέναι.
1112 5482 1225 5536 Οὐκ
1251 5485 1462 5551 ἀγνοεῖς
1483 5482 1540 5537 δὲ
1583 5484 1785 5547 πάντως

1904 5494 2047 5540 ctam
2076 5483 2410 5539 incedere“.
2447 5484 2701 5538 Sanctam
2741 5492 2920 5539 autem
2958 5485 3100 5539 viam
3142 5487 3364 5538 omnino
3388 5484 3470 5538 iu-

247 5667 320 5703 ”
372 5657 580 5728 Ephes.
612 5677 684 5726 tv,
715 5661 805 5716 ει.
874 5662 918 5693 ³⁸
946 5661 1136 5717 Matth.
1181 5679 1236 5727 ι,
1269 5662 1354 5718 l0.
1421 5662 1467 5693 “
1497 5661 1657 5716 Marc.
1693 5678 1750 5729 II,

1948 5661 1986 5691 “
2032 5658 2218 5712 Matth.
2249 5674 2377 5721 xvtt,
2406 5658 2456 5711 2.
2522 5659 2563 5688 δ’
2595 5657 2782 5710 Matth.
2818 5674 2867 5723 ιι,
2899 5665 2958 5721 3,
2991 5656 3041 5710 6.
