3948 6192
175 395 315 452 1009

1235 389 1304 444 ΙΝ
1329 388 1634 445 CANTICA
1660 383 1930 442 CANTIC.
1964 385 2251 440 HOMILIA
2291 383 2379 438 ΧΙ.

3307 373 3444 432 1010

170 505 232 559 τὸ
260 505 426 577 ῐχνος·
458 507 692 577 ἦκουσεν
717 498 810 561 οὖν
833 505 1001 560 αὐτοῦ
1029 507 1127 578 τῆς
1149 507 1352 578 φωνῆς,
1380 507 1572 578 καὶτῷ
1598 523 1749 579 προσ-

1868 502 2050 559 cordis
2083 500 2344 572 operculo
2368 538 2384 564 ,
2421 494 2645 552 deduxit
2676 492 2854 549 velum
2883 491 3046 559 ostii,
3084 489 3138 545 id
3185 496 3270 545 est
3315 505 3438 544 car-

170 597 410 668 τάγματι
449 597 714 651 πείθεται.
765 596 996 666 ’Δνοίγει
1041 596 1142 668 τὴν
1180 595 1370 668 θύραν,
1403 596 1759 668 περιελομένη

169 685 231 737 τὸ
253 684 524 756 κάλυμμα
544 687 642 756 τῆς
667 685 895 758 καρδίας
913 703 929 717 ·
951 685 1188 756 διέσχισε
1215 685 1317 756 τῆς
1347 686 1514 756 θύρας
1533 726 1549 748 ,
1579 687 1640 739 τὸ
1662 687 1762 756 τῆς

173 775 376 846 σαρκὸς
400 776 770 846 διαπέτασμα,
801 778 950 829 πᾶσα
980 777 1171 846 ⁴ίγνοίγη
1199 779 1300 847 τῆς
1327 775 1506 846 ψυχῆς
1534 777 1568 847 ἡ
1592 776 1757 847 πύλη,

172 866 255 918 ῐνα
293 867 515 939 εἰσέλθῃ
539 869 567 920 ό
597 868 862 932 Βασιλεὺς
884 869 983 938 τῆς
1007 866 1183 938 δόξης.
1223 866 1362 920 Ἀλλ’
1389 870 1422 939 ή
1454 867 1555 937 τῆς
1584 867 1759 938 πύλης

170 957 482 1028 εὐρυχωρία
517 959 690 1030 μικρὰ
721 976 805 1022 τις
837 958 1130 1030 ἀπεδείχθη
1165 958 1438 1029 τρυμαλιά
1473 958 1635 1029 στενὴ
1664 959 1758 1012 καὶ

172 1049 422 1120 βραχεῖα,
454 1049 520 1102 δι’
547 1047 616 1123 ἦς
645 1051 745 1104 οὐκ
774 1051 937 1114 αὐτὸς
963 1053 990 1103 ὁ
1026 1051 1278 1121 νυμφίος,
1307 1051 1478 1122 ἀλλ’ἢ
1509 1052 1630 1122 χεὶρ
1655 1051 1757 1104 αύ-

167 1137 256 1192 rei
299 1139 463 1209 μόγις
510 1139 817 1212 ἐχώρησεν,
852 1141 993 1194 ὥστε
1037 1140 1103 1194 δι’
1147 1140 1318 1210 αὐτῆς
1366 1141 1459 1194 ἐπὶ
1503 1140 1567 1194 τὸ
1609 1141 1758 1204 ἐντὸς

169 1227 440 1296 γενέσθαι,
483 1230 577 1282 καὶ
604 1229 844 1299 ἅψασθαι
875 1230 977 1300 τῆς
1005 1229 1381 1302 ἐπιθυμούσης
1406 1231 1498 1284 τὸν
1525 1231 1756 1300 νυμφίον

171 1320 317 1381 ίδεῖν,
347 1314 392 1386 ᾧ
424 1320 678 1374 τοσοῦτον
707 1321 963 1394 ἐκέρδανε
996 1322 1185 1392 μόνον,
1211 1323 1334 1375 ὅσον
1358 1321 1579 1390 γνῶναι,
1611 1323 1692 1376 ὅτι
1718 1325 1752 1391 ή

165 1411 287 1482 χεὶρ
318 1413 504 1483 ἐκείνη
541 1413 635 1466 τοῦ
667 1415 1002 1484 ποθουμένου
1037 1415 1205 1468 ἐστίν.
1239 1411 1339 1469 Οἷα
1371 1415 1426 1468 δὲ
1463 1417 1593 1486 ἡμῖν
1623 1416 1755 1468 ὑπο-

165 1503 440 1556 δείκνυται
472 1503 748 1574 δόγματα,
785 1504 872 1558 διὰ
904 1506 1003 1576 τῆς
1031 1507 1089 1558 ἐν
1117 1509 1230 1570 τοῖς
1262 1506 1571 1576 εἰρημένοις
1605 1506 1754 1576 φιλο-

169 1595 360 1663 σοφίας
389 1594 656 1665 μάθοιμεν
693 1596 780 1659 ἂν,
813 1598 862 1649 εί
905 1596 1100 1668 μικρὸν
1123 1597 1200 1667 τῷ
1230 1597 1373 1668 λόγῳ
1405 1599 1753 1669 προσδιατρί-

165 1684 375 1754 ψωμεν.
429 1686 491 1739 Ἦ
527 1686 842 1758 ἀνθρωπίνη
877 1687 1022 1759 ψυχὴ
1056 1688 1149 1741 δύο
1181 1688 1395 1757 φύσεων
1425 1684 1558 1741 οὖσα
1593 1688 1752 1758 μεθό-

169 1791 300 1846 ριος,
329 1769 406 1827 ὧν
437 1776 468 1844 ὴ
503 1774 603 1844 μὲν
638 1775 926 1846 ἀσώματός
957 1779 1072 1830 ἐστι
1101 1778 1194 1831 κα)⁸
1226 1778 1390 1850 νοερά
1414 1779 1507 1832 καὶ
1541 1782 1752 1852 ἀκήραο

68 1851 76 1864 ⁸
164 1880 254 1927 τος
276 1881 290 1894 ο
313 1866 347 1934 ὴ
379 1864 436 1916 δέ
471 1864 631 1934 ἐτέρα
667 1865 984 1936 σωματικὴ,
1017 1867 1112 1918 καὶ
1142 1867 1368 1938 ὑλώδης,
1402 1868 1496 1921 καὶ
1538 1850 1750 1938 ἄλογος.
1788 1850 1826 1903 Β

177 1955 428 2008 Ἐπειδὰν
448 1956 504 2008 δέ
522 1956 753 2026 τάχιστα
777 1957 875 2028 τῆς
896 1958 1032 2029 πρὸς
1055 1959 1147 2011 τὸν
1174 1961 1350 2030 παχύν
1372 1978 1431 2013 τε
1456 1963 1550 2014 καὶ
1575 1963 1752 2034 γεώδη

163 2044 280 2115 βίον
333 2048 572 2116 σχέσεως
619 2048 1042 2120 ἐκκαθαρθεῖσα,
1097 2050 1165 2103 δι’
1224 2052 1422 2122 ἀρετῆς
1476 2053 1752 2124 ἀναϐλέψῃ

163 2136 300 2206 πρὸς
324 2138 386 2189 τὸ
408 2138 668 2206 συγγενὲς
690 2139 782 2190 καὶ
805 2138 1098 2201 θειότατον,
1128 2141 1188 2193 ού
1219 2141 1446 2197 παύεται
1476 2142 1755 2213 διερευνωη

163 2226 298 2296 μένη
324 2228 416 2279 καὶ
440 2228 785 2298 ἀναζητοῦσα
809 2230 908 2300 τὴν
935 2229 1042 2283 τῶν
1066 2231 1232 2285 όντων
1260 2230 1430 2304 ἀρχὴν
1456 2251 1468 2264 ⁸
1495 2235 1577 2297 τίς
1602 2235 1634 2306 ἡ
1657 2234 1750 2288 τοῦ

161 2316 392 2379 κάλλους
420 2320 527 2372 τῶν
556 2320 724 2373 ὄντων
768 2320 952 2392 πηγὴ,
986 2321 1148 2374 πόθεν
1180 2322 1332 2392 βρύει
1358 2326 1388 2391 ἡ
1421 2324 1668 2395 δύναμις,
1700 2327 1752 2380 τί

156 2406 218 2460 τὺ
253 2409 504 2477 πηγὰζον
553 2410 653 2480 τὴν
700 2410 1111 2480 ἐμφαινομένην
1154 2413 1254 2481 τῆς
1302 2413 1489 2477 οὐσίας
1537 2415 1748 2484 σοφίαν.

157 2498 379 2564 Πάντας
407 2501 464 2553 δὲ
488 2501 780 2572 λογισμοὺς
807 2506 900 2558 καὶ
929 2508 1108 2560 πᾶσαν
1137 2506 1433 2576 ἐρευνητὴν
1465 2507 1751 2577 νοημάτων
1797 2549 1800 2551 μ

154 2591 390 2660 δύναμιν
423 2593 734 2648 διακινοῦσα
778 2598 871 2649 καὶ
907 2597 1381 2671 περιεργαζομένη
1423 2599 1750 2653 καταλαϐεῖν

155 2681 216 2734 τὸ
262 2681 626 2753 ζητούμενον,
680 2686 803 2757 ὅρον
838 2691 1071 2742 ποιεῖται
1119 2690 1216 2760 τῆς
1263 2689 1618 2760 καταλήψεως
1653 2689 1749 2743 τοῦ

155 2769 295 2824 Θεοῦ
330 2772 432 2841 τὴν
463 2773 744 2844 ἐνέργειαν
779 2776 947 2846 μόνην
979 2777 1078 2848 τὴν
1127 2778 1289 2848 μέχρι
1333 2777 1489 2847 ἡμῶν
1526 2779 1747 2833 κατιοῦ-

157 2877 279 2925 σαν,
306 2857 374 2931 ἦς
399 2862 486 2915 διὰ
511 2864 611 2934 τῆς
639 2865 784 2934 ζωῆς
811 2869 976 2937 ἡμεῖς
1001 2868 1394 2938 αἰσθανόμεθα.
1426 2871 1536 2923 Καὶ
1559 2871 1749 2942 ὥσπερ

155 2953 214 3004 τὸ
242 2952 326 3022 τῷ
351 2951 505 3007 ὕδατι
540 2955 1014 3027 συναναδιδόμενον
1047 2960 1111 3011 ἐκ
1149 2958 1248 3027 τῆς
1275 2957 1378 3028 γῆς
1407 2959 1623 3029 πνεῦμα
1650 2960 1748 3030 οὐχ

154 3044 375 3098 ῐσταται
411 3047 538 3116 περὶ
573 3047 665 3100 τὸν
697 3047 947 3119 πυθμένα
976 3050 1071 3120 τῆς
1103 3050 1320 3120 λίμνης,
1355 3049 1494 3103 ἀλλά
1532 3052 1748 3122 πομφό-

152 3133 250 3203 λυξ
281 3137 573 3207 γενόμενον
603 3138 696 3190 ἐπὶ
728 3138 788 3192 τὸ
813 3141 925 3194 ἀνω
957 3141 1090 3212 πρὸς
1117 3141 1177 3194 τὸ
1219 3142 1485 3210 συγγενὲς
1516 3142 1747 3213 ἀνατρέ-

152 3242 262 3295 χει,
311 3228 406 3280 καὶ
448 3228 579 3281 ὅταν
609 3228 791 3302 διέλθῃ
842 3229 938 3301 τὴν
970 3231 1064 3284 τοῦ
1107 3230 1297 3295 ὕδατος
1327 3231 1504 3304 ἄκραν
1549 3233 1742 3302 ἐπιφά-

150 3335 328 3385 νειαν,
357 3320 453 3374 καὶ
475 3322 786 3394 καταμιχθῇ
818 3324 956 3394 πρὸς
978 3324 1068 3377 τὸν
1096 3325 1256 3396 ἀέρα,
1287 3325 1410 3378 τότε
1437 3326 1535 3396 τῆς
1559 3325 1651 3378 ἐπὶ
1674 3324 1744 3379 τά

149 3409 266 3462 ἀνω
296 3411 564 3480 κινήσεως
591 3413 802 3467 ἵσταται
824 3430 836 3443 °
872 3415 1109 3469 τοιοῦτόν
1149 3433 1201 3468 τι
1249 3417 1445 3486 πάσχει
1480 3419 1574 3471 καὶ
1610 3419 1642 3488 ἡ
1675 3419 1742 3471 τά

150 3501 275 3556 θεῖα
320 3501 720 3574 διερευνωμένη
757 3505 900 3576 ψυχή
923 3522 937 3536 ο
989 3507 1209 3561 ἐπειδὰν
1252 3509 1316 3561 ἐκ
1349 3495 1460 3560 ’τῶν
1497 3509 1742 3564 κάτωθεν

148 3590 292 3659 πρὸς
313 3589 414 3659 τὴν
440 3589 547 3642 τῶν
567 3591 977 3664 ὑπερκειμένων
999 3595 1199 3663 γνῶσιν
1229 3597 1706 3670 ἐαυτὴνάνατείνῃ
1724 3638 1740 3663 ,

148 3679 218 3732 τά
241 3682 345 3751 τῆς
368 3681 646 3752 ἐνεργείας
669 3685 832 3738 αὐτοῦ
859 3685 1114 3757 θαύματα
1133 3688 1534 3754 καταλαϐοῦσα,
1560 3708 1754 3763 περαι-

147 3769 296 3840 τέρω
328 3771 610 3841 προελθεῖν
635 3773 722 3856 διά
742 3775 842 3843 τῆς
864 3776 1392 3850 πολυπραγμοσύνης
1414 3781 1474 3833 ού
1495 3779 1738 3836 δύναταιο

146 3861 286 3914 ἀλλά
318 3861 591 3932 θαυμάζει
617 3865 710 3916 καὶ
744 3865 958 3920 σέϐεται
987 3868 1080 3923 τὸν
1109 3870 1321 3930 ὃτιέστι
1365 3871 1525 3939 μόνον
1559 3871 1626 3924 δι’
1666 3868 1742 3927 ὧν

146 3955 368 4024 ἐνεργεῖ
400 3955 822 4026 γινωσκόμενον.
871 3958 1002 4030 Ὁρᾷ
1027 3959 1090 4013 τὸ
1119 3961 1367 4030 οὐράνιον
1397 3962 1611 4028 κάλλος,
1641 3964 1743 4028 τὰς

143 4045 255 4097 τῶν
296 4047 604 4117 φωστήρων
630 4048 827 4116 αὐγὰς,
866 4050 966 4121 τὴν
1009 4052 1187 4118 ὀξεῖαν
1218 4053 1311 4106 τοῦ
1345 4055 1509 4109 πόλου
1543 4057 1739 4110 κυκλο-

143 4138 370 4207 φορίαν,
429 4137 525 4208 τὴν
576 4137 837 4194 εὔτακτόν
881 4159 940 4194 τε
998 4143 1092 4196 καὶ
1142 4145 1460 4216 ἐναρμόνιον
1516 4149 1574 4200 ἐν
1627 4151 1740 4210 τοῖς

1863 597 1950 652 nis
1977 613 1991 649 :
2027 600 2217 664 aperta
2246 592 2351 646 fuit
2383 596 2490 645 tota
2519 587 2716 642 anima:
2751 595 2903 656 porta
2924 623 2938 647 ,
2968 593 3027 636 ut
3055 582 3440 653 ingrederetur

1862 686 1979 742 Rex
2013 680 2218 757 gloriae.
2260 683 2366 739 Sed
2400 691 2594 752 patens
2625 685 2796 748 portat
2833 675 3065 730 latitudo
3099 682 3320 729 ostensa
3355 683 3441 728 est

1863 794 2091 849 parvum
2121 776 2396 848 quoddam
2429 781 2484 829 et
2515 779 2807 842 angustum
2841 782 2906 822 ac
2949 767 3116 822 breve
3160 764 3403 819 foramen
3425 802 3442 828 ,

1861 885 1961 940 per
1988 869 2135 940 quod
2167 883 2276 923 non
2310 868 2427 936 ipse
2461 877 2699 934 sponsus
2725 901 2740 924 ,
2794 858 2894 914 sed
2944 857 3067 926 ejus
3113 870 3310 910 manus
3355 854 3446 909 vix

1859 961 1994 1014 adeo
2026 958 2335 1031 processit,
2368 964 2425 1011 ut
2460 971 2556 1026 per
2588 955 2768 1023 ipsum
2818 952 3066 1022 ingressa
3113 948 3218 1012 sit,
3263 956 3316 1002 et
3358 948 3444 1002 vi-

1859 1051 2022 1105 dendi
2057 1051 2248 1120 sponsi
2284 1048 2530 1118 tetigerit
2563 1042 2898 1100 desiderium
2923 1081 2938 1108 ,
2971 1054 3081 1110 quo
3112 1040 3201 1094 vix
3234 1047 3446 1094 tantum

1861 1143 2003 1197 lucri
2037 1141 2208 1205 fecit,
2244 1149 2306 1196 ut
2333 1143 2692 1209 cognosceret
2723 1133 2868 1205 quod
2899 1133 2991 1186 illa
3027 1132 3099 1187 sit
3126 1147 3322 1187 manus
3351 1129 3447 1186 dc-

1858 1232 2107 1288 siderati.
2159 1229 2484 1301 Cuiusmodi
2520 1237 2702 1282 autem
2737 1225 2899 1281 nobis
2934 1225 3306 1278 ostenduntur
3343 1221 3444 1277 do-

1857 1331 2036 1392 gmata
2057 1365 2073 1389 ,
2101 1323 2459 1378 didicerimus
2482 1334 2580 1390 per
2601 1333 2723 1374 eam
2751 1331 2872 1387 quae
2900 1324 2986 1371 est
3011 1315 3064 1369 in
3094 1315 3179 1369 his
3209 1313 3445 1382 philoso-

1809 1457 1812 1460 .
1856 1415 2069 1484 phiam,
2108 1416 2153 1470 si
2186 1415 2240 1468 in
2269 1424 2529 1468 contextu
2569 1411 2862 1466 verborum
2895 1423 3089 1478 parum
3138 1405 3294 1461 fuero
3343 1406 3446 1459 im-

1854 1514 2124 1562 moratus.
2179 1506 2373 1560 Anima
2421 1506 2664 1559 humana
2710 1511 2794 1558 est
2833 1502 2889 1555 in
2935 1499 3173 1555 conﬁnio
3207 1499 3442 1552 duarum

1856 1606 2176 1652 naturarum
2199 1636 2214 1661 ,
2257 1611 2489 1666 quarum
2521 1596 2691 1650 altera
2728 1591 2950 1662 quidem
3003 1599 3088 1646 est
3121 1590 3445 1660 incorporea

1853 1695 1912 1744 et
1941 1689 2272 1758 intelligens,
2307 1697 2360 1742 et
2395 1687 2450 1740 in
2485 1701 2652 1756 quam
2693 1699 2803 1738 non
2839 1681 2989 1737 cadit
3025 1681 3325 1745 interitus;
3360 1682 3440 1734 al-

1855 1789 1970 1836 tera
1998 1796 2132 1836 vero
2167 1795 2430 1849 corporea
2451 1819 2467 1844 ,
2498 1786 2553 1834 et
2588 1775 2888 1832 materialis
2911 1816 2924 1840 ,
2960 1786 3016 1830 et
3044 1789 3241 1843 expers
3275 1773 3442 1826 ratio-

1857 1877 1964 1928 nis.
1993 1874 2129 1927 Cum
2164 1873 2400 1942 primum
2433 1877 2617 1924 autem
2650 1875 2878 1940 purgata
2911 1867 2980 1920 ab
3009 1880 3071 1920 ea
3099 1881 3223 1935 quae
3254 1872 3338 1919 est
3372 1862 3441 1916 ad

1856 1977 2101 2019 crassam
2147 1974 2201 2019 et
2241 1972 2516 2018 terrenam
2547 1961 2718 2014 vitam
2768 1957 3087 2029 habitudine
3111 1996 3126 2019 ,
3165 1955 3442 2025 aspexerit

1856 2070 1951 2124 per
1979 2055 2236 2109 virtutem
2267 2053 2333 2108 ad
2370 2053 2422 2108 id
2459 2051 2605 2122 quod
2639 2057 2724 2106 est
2755 2057 3050 2120 cognatum
3083 2057 3139 2104 et
3162 2048 3434 2110 divinum,

1860 2161 1971 2202 non
2015 2153 2199 2202 cessat
2244 2144 2580 2214 perscrutari
2623 2151 2677 2197 et
2721 2141 3004 2210 inquirere
3054 2155 3283 2198 eorum.
3316 2153 3440 2208 qua:

1855 2244 2011 2296 sunt,
2044 2234 2378 2304 principium
2405 2252 2418 2287 :
2451 2230 2726 2302 quodnam
2767 2230 2841 2285 sit
2871 2229 3090 2284 initium
3119 2228 3439 2299 pulchritu-

1853 2324 2000 2379 dinis
2053 2338 2270 2387 rerum,
2322 2321 2596 2377 undenam
2643 2328 2866 2376 emanet
2915 2321 2996 2375 vis
3052 2335 3117 2374 ac
3165 2319 3437 2384 facultas,

1852 2415 1983 2486 quid
2015 2415 2087 2469 sit
2121 2430 2152 2469 a
2187 2429 2295 2482 quo
2327 2413 2610 2468 derivetur
2649 2411 2920 2481 sapientia
2971 2425 3093 2482 qua;
3124 2411 3178 2464 in
3217 2411 3286 2466 iis
3315 2426 3438 2481 qua:

1853 2512 1981 2560 sunt
2009 2505 2274 2570 cernitur,
2305 2513 2358 2559 et
2382 2517 2506 2573 quae
2539 2511 2718 2557 movet
2760 2492 2956 2557 omnes
2983 2501 3398 2572 disputationes
3418 2540 3434 2565 ,

1851 2611 2179 2666 omnemque
2213 2597 2322 2650 vim
2361 2593 2776 2664 perscrutandi,
2826 2609 3060 2663 quaeque
3103 2594 3322 2649 curiose
3355 2594 3437 2648 la-

1851 2688 2009 2742 borat
2042 2687 2096 2740 in
2128 2685 2650 2756 comprehendendo
2683 2700 2749 2740 eo
2779 2682 2926 2754 quod
2958 2684 3247 2753 quaeritur,
3283 2695 3337 2739 et
3381 2685 3436 2739 in

1853 2775 2103 2832 faciendo
2129 2777 2422 2831 terminum
2454 2775 2546 2830 Dei
2574 2773 3085 2844 comprehensionis
3112 2773 3286 2838 solam
3311 2789 3438 2843 ope-

1849 2870 2118 2922 rationem
2160 2883 2280 2938 qua:
2313 2867 2382 2922 ad
2425 2882 2526 2922 nos
2561 2882 2735 2938 usque
2769 2865 3100 2921 descendit:
3139 2881 3234 2934 per
3271 2866 3436 2935 cujus

1849 2959 2016 3014 vitam
2049 2975 2150 3015 nos
2196 2960 2468 3015 sentimus
2497 2977 2510 3013 :
2546 2972 2600 3014 et
2625 2958 2901 3028 quomodo
2923 2957 3154 3026 spiritus
3187 2958 3279 3026 qui
3307 2973 3434 3012 cum

1850 3067 1991 3122 aqua
2036 3054 2200 3109 simul
2241 3054 2512 3108 emittitur
2540 3068 2606 3108 ex
2636 3059 2782 3107 terra
2805 3093 2820 3119 ,
2856 3065 2965 3105 non
3001 3057 3185 3105 manet
3212 3050 3267 3104 in
3301 3065 3432 3120 pro-

1847 3141 2017 3202 fundo
2047 3146 2201 3202 lacus
2221 3185 2237 3210 ,
2263 3145 2358 3201 sed
2386 3145 2535 3199 bulla
2563 3143 2742 3198 factus
2763 3158 2986 3198 sursum
3015 3143 3262 3198 excurrit
3286 3129 3433 3196 adid

1845 3237 1996 3304 quod
2027 3245 2112 3292 est
2137 3235 2243 3291 sibi
2269 3234 2602 3306 cognatione
2636 3233 2994 3303 conjunctum
3025 3252 3038 3287 :
3067 3242 3121 3288 et
3151 3247 3274 3286 cum
3310 3247 3435 3301 per-

1849 3326 2055 3382 vaserit
2081 3310 2258 3397 usque
2283 3326 2350 3380 ad
2386 3339 2656 3382 summam
2687 3339 2844 3394 aquae
2873 3323 3220 3394 superﬁciem
3241 3363 3256 3388 ,
3291 3323 3433 3378 aeri-

1848 3433 1956 3488 que
1989 3418 2150 3473 mista
2175 3417 2371 3483 fuerit,
2399 3427 2528 3472 tunc
2555 3415 2758 3471 desinit
2789 3430 3011 3472 sursum
3041 3413 3249 3469 moveri
3282 3431 3294 3468 :
3326 3414 3434 3468 tale

1847 3504 2068 3574 quidem
2097 3505 2262 3560 etiam
2295 3504 2554 3560 usuvenit
2581 3504 2782 3558 animus
2807 3503 2994 3558 divina
3023 3504 3392 3573 perscrutanti
3415 3543 3430 3569 ,

1847 3605 2135 3666 postquam
2165 3609 2196 3649 a
2225 3595 2392 3651 rebus
2438 3595 2794 3651 inferioribus
2837 3611 2899 3651 se
2941 3594 3190 3649 extendit
3219 3593 3287 3646 ad
3335 3609 3432 3649 ευ·-

1847 3701 2142 3758 pernarum
2186 3701 2370 3741 rerum
2415 3687 2823 3759 cognitionem,
2870 3693 3059 3756 utpote
3139 3701 3262 3755 quae
3303 3700 3428 3740 cum

1845 3773 2320 3845 comprehenderit
2349 3775 2618 3830 miracula
2649 3776 2771 3846 ejus
2796 3775 3130 3846 operationis
3151 3817 3165 3840 ,
3197 3775 3429 3830 ulterius

1843 3867 2062 3922 curiose
2091 3867 2388 3924 scrutando
2420 3866 2626 3922 desinit
2661 3865 2951 3939 progredi,
2986 3866 3084 3922 sed
3117 3867 3297 3936 ipsum
3331 3865 3431 3920 ad-

1845 3959 2078 4012 miratur
2105 3964 2160 4012 et
2186 3957 2615 4026 contemplatur,
2651 3958 2746 4028 qui
2784 3973 2882 4028 per
2915 3972 2978 4012 ea
3009 3971 3131 4027 qua
3158 3966 3425 4026 operatur

1843 4065 1968 4111 esse
1995 4049 2369 4120 cognoscitur.
2407 4047 2568 4106 Videt
2595 4050 2877 4105 caelestem
2916 4048 3384 4119 pulchritudinem
3409 4088 3424 4111 ,

1845 4141 2196 4194 luminarium
2219 4139 2570 4211 splendorem
2593 4183 2608 4207 ,
2633 4142 2868 4197 celerem
2901 4141 3009 4210 puli
3037 4140 3426 4195 circumactio-

1842 4246 1992 4296 nem,
2022 4231 2331 4287 ordinatam
2363 4240 2418 4288 et
2449 4247 2826 4298 numerosam,
2851 4238 3126 4286 astrorum
3161 4229 3425 4294 ambitus,

141 4231 373 4300 ἄστροις
422 4233 758 4302 περιφορὰν,
789 4234 881 4287 τὸν
927 4235 1196 4289 ἐνιαύσιον
1241 4237 1438 4292 κύκλον
1477 4239 1738 4312 τέσσαρσι

1841 4323 1936 4396 qui
1965 4324 2153 4380 orbem
2187 4339 2432 4379 annuum
2466 4331 2708 4394 quatuor
2742 4323 3084 4393 temporibus
3113 4321 3168 4376 in
3199 4336 3258 4376 se
3290 4335 3426 4375 cou-

138 4323 364 4392 καιροῖς
400 4323 481 4384 είς
511 4323 704 4377 ἑαυτὸν
733 4325 1140 4398 ἀναστρέφοντα
1159 4343 1171 4357 ’
1207 4328 1308 4400 τὴν
1339 4329 1446 4400 γῆν
1475 4331 1740 4386 συνδιατι-

139 4411 388 4484 θεμένην
413 4413 490 4484 τῷ
517 4416 844 4486 περιέχοντι,
867 4419 962 4471 καὶ
982 4421 1047 4490 τῇ
1072 4418 1304 4491 διαφορᾷ
1325 4421 1423 4491 τῆς
1441 4421 1549 4476 τῶν
1573 4424 1740 4494 ὑπερ-

1851 4424 2061 4471 vertunt
2089 4432 2103 4468 :
2133 4424 2340 4472 terram
2369 4431 2493 4486 qua:
2525 4415 2693 4471 simul
2725 4414 2960 4469 afficitur
2995 4428 3120 4468 cum
3167 4427 3234 4468 eo
3272 4411 3424 4482 quod

136 4507 424 4577 κειμένων
455 4510 719 4578 κινήσεως
755 4510 854 4573 τάς
890 4511 1026 4575 ἰδίας
1067 4511 1348 4581 ἐνεργείας
1384 4512 1740 4577 συνεξαλλάσ-

1851 4508 2045 4572 ambit,
2077 4515 2132 4564 et
2161 4522 2285 4562 cum
2320 4507 2631 4563 diﬂ‘erentia
2681 4516 2865 4562 motus
2925 4518 3295 4576 supernorum
3349 4503 3426 4558 si-

135 4615 373 4663 σουααν,
406 4599 506 4663 τάς
539 4617 599 4653 τε
638 4600 934 4664 πολυειδεῖς
971 4601 1032 4654 ἐν
1063 4604 1175 4666 τοῖς
1205 4603 1364 4668 ζώοις
1391 4604 1600 4674 φύσεις,
1632 4605 1742 4658 τῶν

1851 4599 2036 4664 derum
2083 4599 2245 4654 simul
2300 4599 2465 4654 etiam
2517 4595 2693 4653 mutat
2731 4598 3114 4668 operationes;
3149 4605 3203 4651 et
3240 4595 3423 4650 multi.

126 4708 195 4744 τε
247 4691 376 4744 καθ’
427 4691 634 4745 ύδάτων
676 4693 1074 4763 διαιτωμένων,
1112 4696 1206 4748 καὶ
1255 4695 1364 4748 τῶν
1413 4696 1512 4767 τὴν
1557 4697 1740 4768 ἀέριον

1851 4691 2013 4761 plices
2041 4700 2267 4745 naturas
2296 4691 2656 4744 animantium
2675 4732 2690 4756 ,
2722 4697 2776 4745 et
2801 4705 2990 4745 eorum
3024 4705 3146 4756 qua:
3175 4688 3238 4742 iir
3261 4687 3421 4758 aquis

127 4782 532 4852 ἀπολαχόντων
565 4783 759 4853 φορὰν,
789 4785 883 4837 καὶ
911 4779 994 4848 οἷς
1029 4788 1282 4856 χερσαῖος
1309 4787 1338 4839 ό
1368 4785 1480 4856 βίος
1503 4803 1517 4816 ’
1552 4787 1650 4850 τάς
1679 4805 1738 4840 τε

1851 4781 2080 4852 degunt,
2116 4789 2172 4836 et
2211 4781 2415 4852 quibus
2449 4791 2633 4838 motus
2659 4784 2828 4839 cessit
2851 4783 2909 4836 in
2943 4795 3102 4846 aere,
3128 4790 3183 4836 et
3211 4795 3336 4850 quae
3365 4782 3421 4834 in

125 4872 498 4935 παντοδαπὰς
553 4873 662 4926 τῶν
709 4873 890 4942 φυτῶν
956 4875 1133 4940 ἰδέας,
1192 4877 1286 4929 καὶ
1334 4877 1433 4939 τὰς
1488 4878 1738 4942 ποικίλας

1851 4875 2005 4930 terris
2030 4875 2198 4928 vitam
2226 4885 2426 4944 agunt:
2481 4883 2536 4929 et
2579 4876 2764 4929 omnia
2813 4875 3125 4944 plantarum
3178 4887 3422 4944 genera.

122 4965 304 5027 πόας,
347 4963 615 5034 ποιότητι,
663 4966 758 5018 καὶ
790 4965 1035 5036 δυνάμει,
1073 4968 1166 5021 καὶ
1211 4971 1445 5039 σχήματι
1489 4967 1734 5040 ἀλλήλων

1851 4975 1894 5022 et
1936 4966 2134 5022 herbas
2177 4967 2397 5029 varias,
2425 4967 2691 5036 qualitate
2715 4975 2769 5022 et
2796 4969 3001 5021 virtute
3072 4973 3126 5021 et
3169 4965 3419 5036 ﬁgurae

114 5055 540 5126 διαφερούσας,
594 5057 688 5110 καὶ
731 5057 832 5120 τάς
876 5057 985 5110 τῶν
1031 5058 1256 5130 καρπῶν
1302 5076 1361 5112 τε
1407 5059 1500 5112 καὶ
1542 5059 1732 5130 χυμῶν

1851 5074 1902 5114 se
1945 5059 2176 5113 invicem
2221 5057 2536 5114 differentes
2562 5100 2576 5126 ,
2621 5057 3012 5128 fructuumque
3052 5065 3108 5113 et
3159 5071 3419 5127 saporum

116 5151 440 5220 ιδιότητας.
475 5151 566 5204 καὶ
601 5150 668 5203 τά
701 5150 856 5215 ἄλλα,
886 5150 952 5204 δι’
989 5144 1065 5205 ὧν
1096 5153 1130 5222 ἡ
1167 5151 1415 5223 ἐνέργεια
1450 5152 1544 5205 τοῦ
1595 5149 1730 5205 Θεοῦ

1851 5149 2246 5220 proprietates,
2281 5155 2336 5203 et
2373 5163 2496 5219 quae
2539 5164 2636 5219 per
2682 5165 2744 5204 ea
2790 5164 2913 5220 qua:
2959 5155 3316 5218 operantura
3359 5160 3418 5202 se

109 5239 528 5301 διαδείκνυται,
579 5238 850 5309 βλέπουσα
892 5241 926 5311 ἡ
977 5240 1146 5312 ψυχὴ,
1187 5241 1274 5296 διά
1319 5241 1414 5296 τοῦ
1456 5242 1732 5312 θαύματος

1851 5242 2076 5297 invicem
2121 5241 2385 5296 distincta
2430 5239 2822 5306 ostenduntur,
2867 5239 3147 5309 aspiciens
3194 5237 3414 5300 anima,

109 5332 242 5383 τῶν
280 5331 628 5399 φαινομένων
651 5330 1030 5399 ἀναλογίζεται
1060 5336 1125 5403 τῇ
1152 5332 1357 5404 διανοίᾳ
1385 5334 1476 5387 τὸν
1505 5333 1593 5388 διά
1621 5335 1728 5389 τῶν

1851 5350 1930 5390 rer
1956 5333 2284 5389 miraculum
2320 5347 2510 5389 eorum
2540 5348 2666 5403 quae
2703 5339 2988 5402 apparent,
3019 5341 3200 5386 mente
3233 5337 3416 5384 versat

105 5423 324 5492 ἔργων
355 5421 644 5492 νοούμενον
676 5422 757 5476 ὅτι
784 5424 960 5478 ἐστιν.
987 5426 1147 5487 ἰσως
1173 5424 1230 5478 δέ
1267 5423 1408 5478 κατά
1429 5424 1522 5478 τὸν
1559 5424 1729 5480 αἰῶνα

1851 5439 1887 5485 2t
1913 5427 2227 5484 considerat
2264 5441 2387 5481 eum
2445 5426 2538 5496 qui
2571 5441 2638 5480 ex
2675 5424 2958 5494 operibus,
3008 5422 3152 5492 quod
3194 5422 3287 5483 sit,
3333 5421 3414 5475 in-

105 5515 216 5567 τὸν
255 5510 550 5583 μέλλοντα,
575 5514 704 5568 ὅταν
731 5516 979 5589 παρέλθῃ
1025 5517 1132 5568 πᾶν
1169 5517 1229 5570 τὸ
1261 5516 1560 5588 ὁρώμενον,
1589 5518 1730 5572 κατὰ

1859 5520 2123 5590 elligitur.
2170 5515 2335 5573 Forte
2389 5523 2569 5570 autem
2618 5515 2672 5567 in
2722 5513 2907 5567 futuro
2950 5513 3151 5567 saeculo
3193 5510 3416 5580 quando

103 5608 226 5674 τὴν
267 5603 369 5656 τοῦ
405 5605 610 5676 Κυρίου
643 5607 845 5678 φωνὴν,
877 5608 936 5670 ὃς
967 5624 1129 5675 φησιν
1153 5624 1166 5639 °
1203 5609 1264 5661 Ὀ
1294 5608 1552 5676 οὐρανὸς
1576 5609 1672 5662 καὶ
1692 5609 1729 5675 ἡ

1851 5607 2099 5680 ιιιὶἀιιιιίᾶ
2128 5607 2343 5661 videtur
2380 5603 2703 5676 praeterierit
2735 5603 3125 5658 convenienter
3160 5600 3275 5652 vmi
3307 5599 3413 5652 Do-

100 5697 194 5767 τῆ
238 5698 734 5762 παρελεύσονται
753 5714 768 5730 ο
797 5700 868 5752 τὰ
891 5699 954 5752 δὲ
979 5698 1216 5769 ῥήματὰ
1232 5718 1350 5768 μου
1374 5701 1445 5753 οὐ
1473 5700 1559 5769 μὴ
1595 5717 1733 5766 παρ-

1851 5701 1972 5756 mini
2013 5721 2023 5754 :
2056 5699 2266 5753 Cretum.~
2291 5708 2337 5749 et
2369 5707 2510 5750 terra
2540 5695 2842 5749 transibunt
2871 5709 2887 5746 .’
2915 5693 3066 5748 verba
3095 5704 3268 5746 autem
3297 5710 3408 5746 mea

99 5805 124 5833 ι
157 5788 522 5850 Isaiam-tat,
554 5791 644 5842 καὶ
675 5792 753 5853 είς
784 5791 997 5861 ἐκείνην
1045 5792 1388 5862 μετέλθιοιμεν
1432 5791 1528 5864 τὴν
1564 5794 1729 5865 ζωὴν,

1851 5809 1946 5844 mm
1988 5787 2284 5842 transibunt
2307 5786 2354 5819 “
2385 5804 2396 5839 :
2429 5793 2481 5840 et
2510 5783 2576 5838 ad
2608 5783 2753 5837 illam
2799 5783 2964 5838 vitam
2998 5782 3409 5840 transierimus.

201 5897 256 5924 ⁵³
300 5895 492 5952 Μειιιι.
517 5915 660 5962 uir,
692 5901 782 5955 35.
