3948 6192
429 256 527 314 991

1665 255 1720 311 s.
1761 253 2088 314 GREGORII
2127 255 2418 315 NYSSENI
3528 280 3616 338 9,,

427 375 482 429 in
517 373 622 428 hoc
653 388 850 444 genere
884 373 1185 440 ebrietatis,
1231 375 1393 431 simul
1426 383 1478 432 et
1579 378 1906 440 esurientem
1946 390 1995 436 et

2104 381 2428 453 πρόσπεινόν
2451 397 2506 433 τε
2538 379 2665 434 ὄντα
2686 376 2821 450 ὁμοῦ
2853 377 2943 431 καὶ
2973 361 3252 448 μεθύοντα,
3287 383 3406 454 Πρὶν
3424 388 3514 462 γὰρ
3531 397 3612 468 τὴν

428 465 782 521 inebriatum.
845 464 1168 536 Priusquam
1223 468 1368 522 enim
1415 471 1698 538 corporale
1750 479 1894 525 esset
1952 473 2000 526 ei

424 557 648 611 allatum
702 558 1115 622 nutrimentum,
1172 573 1296 613 cum
1331 560 1567 616 esuriret
1614 568 1670 615 et
1701 563 1860 616 vellet
1904 579 2005 632 gn-

426 657 595 708 stare,
627 647 743 701 suis
791 646 894 716 ipsi
927 645 1245 714 parantibus
1285 662 1548 709 mensam,
1602 649 1662 701 tit
1708 647 1784 701 illi
1815 647 2000 700 divina

423 747 477 793 ct
507 740 689 793 sobria
725 741 882 804 visio,
931 755 1026 808 per
1051 754 1213 809 quam
1246 739 1362 810 ipse
1396 754 1426 793 a
1466 739 1648 808 seipso
1676 737 1916 794 excedit.
1948 744 2002 792 et

421 829 794 898 evangelicum
825 830 1232 898 contemplatur
1264 829 1515 894 linteum,
1553 838 1786 899 quatuor
1831 828 2000 884 initiis

423 920 492 972 ab
545 920 652 973 alto
682 920 891 973 demitti
927 920 979 972 in
1023 927 1245 983 terrain,
1301 936 1462 988 omne
1503 935 1674 990 genus
1716 920 1998 974 hominum

423 1011 478 1064 in
509 1025 566 1063 se
618 1011 907 1064 continens
945 1009 1300 1064 formatorem
1356 1012 1410 1064 in
1446 1009 1637 1066 formis
1677 1013 1996 1066 innumera-

422 1102 625 1157 bilibus
684 1103 986 1167 volucrum,
1039 1101 1454 1172 quadrupedum
1485 1111 1538 1156 et
1577 1104 1849 1174 reptilium
1907 1103 2001 1158 be-

421 1196 673 1256 stiarum,
706 1209 804 1264 pro
834 1193 1118 1263 multiplici
1147 1194 1422 1249 variorum
1451 1196 1697 1250 cultuum
1732 1204 1786 1249 et
1809 1209 2001 1265 super-

421 1285 704 1340 stitionum
758 1285 1096 1340 diversitate.
1128 1285 1203 1340 Ex
1237 1287 1435 1356 quibus
1474 1286 1633 1342 Petro
1673 1287 1831 1356 jubet
1876 1301 2002 1341 ora-

421 1379 515 1439 tio,
567 1382 625 1429 ut
657 1375 715 1428 id
745 1376 1019 1431 sacrificet
1050 1378 1194 1447 quod
1237 1388 1320 1432 est
1373 1378 1671 1433 belluinum
1715 1385 1769 1432 ct
1803 1391 1999 1446 expers

418 1466 671 1531 rationis,
724 1473 782 1519 ut
825 1467 893 1520 iis
927 1468 1189 1538 purgatis,
1240 1468 1386 1539 quod
1441 1479 1611 1524 restat
1646 1470 1718 1525 sit
1749 1469 1999 1524 esculen-

419 1568 558 1624 tum,
599 1559 817 1628 quando
858 1559 1094 1613 traditur
1124 1561 1329 1613 nudum
1354 1562 1579 1615 verbum
1613 1561 1850 1630 pietatis,
1874 1575 2000 1615 cum

418 1666 526 1703 non
567 1655 732 1705 semel
779 1650 979 1705 dixerit
1019 1666 1118 1705 vox
1154 1652 1335 1706 divina
1360 1695 1373 1719 ,
1423 1668 1532 1707 non
1562 1669 1683 1708 esse
1723 1654 1998 1723 impurum

2107 470 2424 542 σωματικὴν
2475 471 2680 542 τροφὴν
2759 468 3251 540 προσενέγκασθαι,
3315 475 3394 528 ὅτε
3433 481 3614 548 ἐγένετο

2102 563 2428 632 πρόσπεινος
2469 562 2562 614 καὶ
2605 560 2763 631 ἤθελε
2793 558 3112 628 γεύσασθαι,
3154 569 3614 632 παρασκευαζόντων

2103 653 2252 723 αὐτῷ
2270 652 2380 704 τῶν
2403 653 2545 705 ίδίων
2563 652 2658 722 τὴν
2681 650 2982 722 τράπεζαν,
3007 652 3208 720 γίνεται
3237 655 3371 726 αὐτῷ
3392 659 3422 728 ἡ
3443 659 3545 715 θεία
3569 681 3618 716 τε

2103 745 2197 796 καὶ
2241 743 2502 813 νηφάλιος
2538 742 2698 812 μέθη,
2749 741 2815 794 δι’
2853 736 2921 812 ἧς
2965 741 3235 806 ἐξίσταται
3267 747 3416 810 αὐτὸς
3438 750 3616 815 ἐαυτοῦ,

2101 836 2196 889 καὶ
2224 835 2420 906 θεωρεί
2444 835 2539 905 τὴν
2561 833 3142 904 εὐαγγελικὴνόθόνην,
3165 835 3433 907 τέσσαρσιν
3460 843 3620 912 ἀρχαῖς

2101 925 2306 979 ἄνωθεν
2360 925 2711 995 καθιεμένην,
2753 925 2862 976 πᾶν
2897 925 3052 992 γένος
3100 925 3386 997 ἀνθρώπων
3416 929 3468 981 ἐν
3511 932 3621 1002 αὐτῇ

2102 1016 2462 1086 περιέχουσαν
2509 1016 2566 1067 ἐν
2622 1015 2837 1085 μυρίοις
2873 1015 3058 1078 εἴδεσι,
3091 1017 3342 1070 πετεινῶν
3371 1036 3422 1070 τε
3451 1021 3532 1071 καὶ
3555 1038 3624 1073 τε-

2100 1108 2382 1180 τραπόδων
2414 1107 2508 1160 καὶ
2564 1107 2808 1178 ἑρπετῶν
2858 1107 2952 1161 καὶ
3011 1106 3234 1177 θηρίων,
3265 1109 3398 1162 κατὰ
3426 1109 3511 1174 τὰς
3542 1112 3632 1165 τῶν

2103 1199 2461 1268 σεϐασμάτων
2493 1197 2753 1268 διαφορὰς
2778 1198 3245 1270 μεμορφωμένων.
3264 1193 3360 1251 Ὧν
3381 1200 3434 1252 τὸ
3461 1200 3628 1270 θηριῶ-

2099 1291 2190 1354 δές
2218 1308 2275 1342 τε
2303 1291 2397 1342 καὶ
2428 1291 2618 1357 ἄλογον
2652 1286 2791 1351 εἶδος
2817 1289 2974 1342 θῦσαι
3005 1289 3080 1360 τῷ
3119 1290 3306 1361 Πέτρῳ
3331 1294 3357 1343 ὁ
3384 1292 3523 1359 λόγος
3537 1294 3631 1346 διαο

2100 1382 2395 1446 κελεύεται,
2450 1382 2536 1435 ἵνα
2588 1380 2968 1452 καθαρθέντων
3016 1381 3215 1446 αὐτῶν,
3261 1382 3319 1434 τὸ
3357 1383 3633 1451 λειπόμενον

2099 1473 2359 1544 ἐδώδιμον
2405 1474 2646 1543 γένηται,
2681 1473 2769 1524 ὅτε
2819 1474 2912 1526 καὶ
2949 1473 3151 1542 γυμνὸς
3192 1473 3219 1524 ὁ
3249 1473 3343 1541 τῆς
3393 1473 3636 1536 εὺσεὸείας

2105 1564 2456 1636 παραδίδοται
2510 1564 2682 1632 λόγος,
2739 1563 2838 1633 οὐχ
2891 1562 3035 1627 ἅπαξ
3094 1563 3352 1633 εἰπούσης
3391 1563 3483 1632 τῆς
3517 1562 3640 1626 θείας

2104 1657 2309 1728 φωνῆς,
2331 1658 2412 1709 ὅτι
2436 1659 2555 1709 Οὐκ
2584 1657 2714 1710 ἐστι
2758 1655 2962 1708 κοινὸν
3001 1655 3147 1722 ὅπερ
3177 1657 3209 1708 ό
3241 1654 3380 1720 Θεὸς
3411 1653 3643 1721 ἐκαθάρι-

417 1741 562 1810 quod
589 1741 730 1796 Deus
758 1744 1029 1812 purgavit.
1068 1741 1180 1796 llac
1213 1743 1355 1798 facta
1403 1720 1994 1815 priedicatione-tribns

2103 1720 2256 1804 (rer.-
2283 1750 2422 1802 Ἀλλ’
2440 1750 2518 1811 εἰς
2549 1748 2668 1820 τρὶς
2689 1748 2980 1816 γενομένου
3010 1720 3368 1800 τοῦ-τοιούτου
3396 1746 3646 1817 κηρύγμα-

416 1834 650 1897 vicibus,
673 1842 730 1886 ut
753 1845 858 1887 una
882 1850 1012 1889 voce
1039 1834 1317 1890 discamus
1340 1835 1504 1890 Deum
1528 1844 1846 1906 purgantem
1870 1851 1994 1890 esse

416 1923 655 1985 Patrem,
685 1933 736 1978 et
760 1925 812 1977 in
843 1925 946 1978 alia
980 1926 1232 1979 similiter
1262 1924 1429 1979 Deum
1461 1936 1778 1996 purgantem
1803 1927 1992 1996 unige-

417 2015 594 2068 nitum
614 2030 734 2068 esse
755 2014 845 2067 Dei
873 1998 1153 2078 Filium,et
1171 2015 1221 2069 in
1243 2017 1344 2069 alia
1365 2016 1634 2080 similiter,
1655 2018 1798 2086 quod
1817 2017 1991 2085 quod-

417 2107 500 2162 vis
529 2106 866 2158 immundum
903 2122 1139 2175 purgans
1173 2107 1314 2161 Deus
1345 2116 1427 2160 est
1470 2105 1707 2176 Spiritus
1745 2118 1990 2162 sanctus.

415 2199 551 2253 Cum
572 2212 701 2267 ergo
723 2197 871 2251 silex
904 2199 1029 2251 vino
1056 2198 1364 2266 liujusmodi
1397 2199 1650 2261 ebrietas,
1676 2215 1838 2269 quam
1863 2215 1992 2252 con-

419 2290 555 2344 vivis
578 2278 801 2360 apponit
822 2288 1101 2350 Dominus,
1123 2303 1216 2356 per
1245 2287 1388 2356 quod
1425 2289 1620 2343 animm
1648 2290 1706 2343 lit
1735 2306 1995 2346 excessus

419 2380 489 2434 ad
504 2396 564 2434 ea
587 2397 705 2450 qua:
733 2391 857 2435 sunt
874 2378 1162 2443 diviniora,
1188 2390 1332 2432 recte
1349 2379 1502 2448 jubet
1529 2379 1786 2437 Dominus
1811 2382 1878 2436 iis
1901 2383 1994 2452 qui

418 2486 586 2541 prope
619 2479 746 2524 sunt
784 2485 877 2540 per
917 2471 1166 2535 virtutes,
1201 2486 1307 2524 non
1343 2472 1408 2526 iis
1458 2473 1548 2542 qui
1585 2473 1741 2543 longe
1772 2473 2000 2528 absunt:

415 2558 706 2624 Comedile,
737 2559 1014 2629 propinqui
1031 2561 1151 2626 mei,
1181 2571 1228 2613 et
1261 2560 1415 2614 bibite
1440 2572 1489 2615 et
1523 2562 1874 2618 inebriumini.
1895 2563 1994 2631 Qui

413 2653 562 2713 enim
589 2653 806 2722 indigne
832 2651 1068 2706 comedit
1101 2661 1152 2706 et
1177 2651 1613 2721 bibit.judicium
1639 2655 1741 2708 sibi
1767 2653 1999 2707 comedit

416 2756 470 2799 et
513 2744 736 2798 bibit".
774 2743 939 2799 Recte
986 2754 1166 2799 autem
1198 2747 1488 2816 appellavit
1533 2746 1730 2802 fratres
1778 2761 1874 2801 eos
1905 2747 1996 2814 qui

415 2837 564 2906 digni
607 2847 736 2893 sunt
788 2845 844 2892 ut
873 2838 1182 2892 comedant.
1215 2838 1349 2892 Nam
1387 2841 1477 2909 qui
1509 2839 1637 2894 facit
1666 2840 1994 2893 voluntatem

415 2927 616 2994 Patris,
646 2930 956 2983 nominatur
979 2945 1010 2983 a
1047 2928 1222 2984 Verbo
1249 2930 1415 2983 frater
1445 2938 1499 2984 et
1537 2939 1709 2984 mater
1733 2939 1786 2984 et
1815 2944 1989 2985 soror.

2098 1857 2210 1906 τος,
2239 1841 2324 1893 ἵνα
2362 1839 2620 1909 μάθωμεν
2659 1842 2724 1909 τῇ
2777 1839 2875 1910 μιᾷ
2917 1839 3088 1909 φωνῇ,
3142 1837 3274 1890 Θεὸν
3326 1835 3648 1906 καθαρίζοντα

2097 1930 2187 1984 τὸν
2238 1929 2490 2000 Πατέρα.
2559 1924 2652 1980 καὶ
2703 1930 2759 1980 ἐν
2791 1931 2855 1998 τῇ
2903 1928 3066 1998 ἑτέρᾳ.
3118 1927 3386 1990 ὡσαύτως
3443 1924 3648 1995 καθαρί-

2095 2018 2254 2082 ζοντα
2303 2017 2393 2071 τὸν
2423 2017 2573 2082 Θεὸν,
2621 2018 2710 2070 τὸν
2744 2018 3004 2087 μονογενῆ
3031 2018 3165 2070 Υίὸν
3213 2013 3368 2081 εἶναι,
3395 2015 3484 2070 καὶ
3509 2019 3559 2068 ἐν
3595 2016 3648 2084 τῇ

2097 2109 2228 2180 ἄλλῃ
2283 2109 2715 2180 παραπλησίως,
2765 2110 2845 2162 ὅτι
2882 2110 2910 2161 ὁ
2951 2110 3058 2161 πᾶν
3101 2107 3416 2177 ἀκάθαρτον
3459 2103 3651 2173 καθαρί-

2100 2201 2207 2264 ζων
2244 2200 2395 2264 Θεὸς,
2435 2201 2496 2254 τὸ
2531 2199 2755 2270 Πνεῦμα
2790 2201 2904 2252 ἐστι
2937 2201 2996 2253 τὸ
3041 2199 3224 2267 ἅγιον.
3271 2198 3521 2266 Τοιαύτης
3563 2193 3656 2248 τοίη

2100 2307 2192 2342 νυν
2249 2288 2538 2359 γινομένης
2586 2289 2684 2358 τῆς
2710 2290 2774 2341 ὲκ
2797 2288 2889 2341 τοῦ
2927 2288 3069 2343 οἴνου
3107 2290 3309 2358 μέθης,
3331 2288 3386 2341 ὃν
3406 2285 3654 2357 προτίθησι

2098 2383 2210 2444 τοῖς
2242 2379 2547 2449 συμπόταις
2567 2381 2595 2432 ὁ
2617 2379 2839 2450 Κύριος,
2865 2380 2932 2433 δι’
2953 2375 3020 2452 ἧς
3041 2380 3194 2451 πρὸς,
3223 2380 3289 2433 τὰ
3319 2379 3543 2448 θειότερα
3571 2376 3652 2445 τῆς

2101 2473 2278 2543 ψυχῆς
2311 2471 2566 2535 ἔκστασις
2614 2472 2842 2540 γίνεται,
2897 2471 3076 2536 καλῶς
3106 2472 3537 2542 παρακελεύεται
3566 2471 3657 2529 τοῖς

2102 2561 2327 2632 πλησίον
2357 2560 2442 2614 διὰ
2475 2562 2581 2614 τῶν
2635 2561 2845 2632 ἀρετῶν
2881 2562 3196 2630 γεγονόσιν,
3243 2563 3303 2616 οὐ
3335 2563 3442 2622 τοῖς
3475 2555 3658 2630 πόρρω-

2103 2653 2193 2706 θεν
2225 2642 2642 2723 ἁφεστηκόσινό
2670 2652 2902 2724 Κύριοςο
2938 2653 3018 2706 ὅτι
3053 2652 3314 2722 Φάγετε,
3351 2655 3402 2704 οἱ
3427 2651 3660 2716 πλησίον·

2096 2763 2238 2815 μου,
2289 2746 2388 2798 καὶ
2445 2746 2628 2810 πίετε,
2666 2744 2763 2798 καὶ
2803 2745 3174 2816 μεθύσθητε.
3213 2743 3272 2799 '0
3307 2743 3412 2813 γὰρ
3458 2739 3660 2804 ἀναξίως

2103 2835 2297 2888 ἐσθίων
2361 2835 2456 2888 καὶ
2499 2835 2688 2896 πίνων,
2753 2833 2928 2906 κρίμα
2976 2834 3166 2905 ἐαυτῷ
3209 2833 3376 2887 ἐσθίει
3405 2831 3495 2885 καὶ
3522 2828 3665 2880 πίνει.

2100 2927 2295 2990 Καλῶς
2327 2927 2383 2980 δέ
2427 2928 2552 2990 τοὺς
2599 2927 2778 2992 ἀξίους
2803 2927 2899 2996 τῆς
2928 2924 3197 2996 βρώσεως
3225 2927 3480 2993 ἀδελφοὺς
3519 2934 3664 2992 προσ·

417 3023 742 3093 ηγόρευσεν.
787 3022 848 3076 Ὀ
877 3023 984 3095 γὰρ
1013 3023 1182 3076 ποιῶν
1230 3022 1291 3074 τὸ
1315 3022 1526 3093 θέλημα
1563 3021 1751 3085 αὐτοῦ,
1813 3021 1906 3077 καὶ
1949 3018 2177 3086 ἀδελφὸς
2220 3020 2312 3071 καὶ
2359 3017 2561 3091 ἀδελφὴ
2592 3019 2686 3072 καὶ
2720 3019 2901 3090 μήτηρ
2935 3017 3038 3070 ὑπὸ
3084 3019 3195 3073 τοῦ
3249 3018 3420 3086 Λόγου
3470 3028 3664 3068 κατονο.

421 3114 663 3185 μάζεται.

487 3207 818 3261 Ebrietatem
852 3215 1030 3259 autem
1048 3212 1450 3274 consequenter
1474 3207 1722 3276 sequitur
1741 3221 1991 3272 somnus,
2025 3214 2061 3266 C

419 3305 477 3351 ut
509 3313 604 3367 per
631 3299 1045 3350 euncoetionem
1077 3297 1236 3351 detur
1261 3296 1494 3351 facultas
1521 3298 1766 3352 convivis
1794 3298 1858 3352 ad
1893 3300 1992 3353 bo-

418 3404 542 3442 n'im
601 3387 973 3442 habitudinem
1005 3386 1284 3458 digerendi
1325 3390 1495 3444 cibos.
1534 3389 1826 3459 Propterea
1871 3397 1994 3460 post

417 3478 548 3532 illud
609 3479 828 3548 epulum
884 3495 1085 3549 sponsa
1143 3488 1361 3535 tenetur
1411 3496 1625 3536 somno.
1676 3479 1772 3535 Est
1811 3491 1990 3536 autem

418 3572 631 3627 alienus
661 3571 877 3642 quidem
910 3587 1153 3637 somnus,
1191 3584 1244 3627 et
1273 3587 1302 3626 a
1335 3573 1730 3628 consuetudine
1757 3574 1991 3626 naturali

415 3672 680 3720 remotus.
714 3662 848 3717 Nam
883 3664 936 3718 in
978 3671 1242 3720 consueto
1283 3663 1496 3733 quidem
1528 3680 1720 3719 somno
1747 3666 1839 3734 qui
1863 3665 1994 3718 dor-

420 3751 517 3804 mit
565 3768 670 3807 non
719 3753 924 3824 vigilat,
984 3762 1038 3808 et
1068 3753 1159 3823 qui
1199 3753 1404 3824 vigilat,
1457 3769 1567 3808 non
1616 3755 1837 3821 dormit,
1899 3754 1991 3811 sed

419 3851 713 3914 utrumque
747 3844 801 3898 in
839 3859 897 3900 se
932 3843 1161 3900 invicem
1201 3845 1422 3910 desinit,
1465 3861 1659 3916 nempe
1688 3862 1914 3914 somnus
1942 3855 1996 3902 et

418 3936 601 4004 vigilia
637 3935 738 3990 sibi
789 3935 1020 3990 invicem
1069 3937 1412 3992 succedendo
1443 3938 1710 4004 cedentia,
1751 3947 1806 3993 et
1835 3940 1996 3993 vicis-

420 4026 524 4078 sim
557 4025 625 4079 ad
664 4020 1108 4096 unumquemque
1134 4028 1471 4083 accedentia.
1513 4027 1613 4083 llic
1639 4039 1819 4084 autem
1854 4044 1993 4083 nova

418 4118 665 4189 quaedam
685 4104 750 4175 ‘et
795 4120 1134 4176 admirabilis
1178 4121 1360 4176 mistio
1397 4133 1450 4177 et
1477 4121 1641 4177 coitio
1686 4123 1991 4177 contrario-

418 4227 539 4268 rum
572 4210 720 4266 circa
755 4213 1167 4268 eam-cernitur.
1202 4212 1310 4284 Ego
1338 4214 1498 4279 enim,
1531 4212 1728 4282 inquit,
1760 4212 1990 4279 dormio,

415 4313 464 4356 et
490 4319 582 4356 cor
607 4319 780 4359 meum
809 4303 1012 4373 vigilat.
1047 4304 1305 4370 Quianam
1337 4320 1466 4375 ergo
1496 4312 1581 4359 est
1607 4305 1673 4358 de
1706 4304 1792 4358 his
1826 4305 1993 4362 rebus

418 4394 733 4465 accipienda
755 4394 1064 4449 sententia?
1089 4392 1327 4448 Somnus
1349 4403 1434 4449 est
1460 4395 1651 4450 mortis
1668 4395 1989 4450 similitudo.

417 4489 474 4542 In
515 4505 580 4544 eo
601 4489 744 4544 enim
769 4488 1008 4544 solvitur
1035 4488 1217 4543 omnis
1256 4488 1496 4542 sentiens
1530 4499 1822 4558 corporum
1862 4503 1988 4557 ope-

2181 3203 2514 3268 ’Λκολούθως
2537 3205 2592 3259 δὲ
2640 3205 2946 3276 διαδέχεται
2995 3205 3094 3276 τὴν
3153 3205 3326 3277 μέθην
3353 3203 3381 3257 ὁ
3413 3203 3583 3266 ὕπνος,
3605 3202 3666 3264 ὡς

2095 3296 2161 3351 ἂν
2191 3298 2279 3352 διὰ
2346 3299 2445 3370 τῆς
2491 3298 2706 3368 πέψεως
2757 3297 3042 3370 ἁναδοθείη
3099 3304 3229 3363 τοῖς
3270 3300 3574 3368 δαιτυμόσιν
3601 3297 3667 3358 είς

2095 3387 2310 3453 εὐεξίαν
2359 3389 2391 3458 ἠ
2434 3387 2682 3458 δύναμις.
2722 3387 2821 3440 Διὰ
2862 3387 3019 3440 τοῦτο
3064 3387 3218 3458 μετὰ
3251 3387 3350 3459 τὴν
3383 3383 3668 3440 πανδαισίαν

2096 3479 2313 3550 ἐκείνην
2366 3481 2422 3531 ἐν
2453 3477 2530 3549 τῷ
2586 3478 2740 3548 ὕπνῳ
2773 3478 2805 3548 ἡ
2833 3477 3015 3547 νύμφη
3051 3477 3300 3545 γίνεται.
3339 3476 3500 3538 Ξένος
3530 3475 3581 3528 δέ
3604 3489 3670 3534 τις

2095 3564 2250 3632 οὕτος
2271 3571 2298 3622 ὁ
2333 3567 2498 3630 ὕπνος
2528 3567 2668 3629 ἐστὶ,
2693 3567 2789 3621 καὶ
2814 3567 2911 3638 τῆς
2953 3569 3202 3638 φυσικῆς
3236 3566 3517 3637 συνηθείας
3546 3563 3670 3618 ante

2095 3677 2264 3731 τριος.
2302 3659 2424 3712 Ἐπὶ
2447 3658 2543 3729 μὲν
2566 3657 2672 3731 γὰρ
2705 3657 2798 3711 τοῦ
2831 3658 3092 3728 συνήθους
3137 3658 3340 3725 ὕπνου,
3371 3658 3492 3712 οὕτε
3512 3658 3539 3708 ὁ
3562 3654 3673 3709 καθ·

2095 3752 2266 3805 εύδων
2335 3752 2654 3823 ἐγρήγορεν,
2713 3750 2808 3804 καὶ
2869 3753 2898 3804 ὁ
2949 3751 3283 3824 ἐγρηγορὼς
3319 3751 3380 3804 ού
3415 3749 3668 3804 καθεύδει·

2096 3844 2210 3898 ἀλλ’
2249 3845 2306 3896 ὲν
2344 3843 2593 3914 ἀλληλοις
2643 3842 2797 3912 λήγει
2839 3841 3154 3913 ἀμφότερα,
3189 3845 3220 3897 ὅ
3262 3860 3323 3897 τε
3356 3842 3518 3906 ὕπνος
3541 3840 3673 3907 καὶή

2095 3937 2478 4009 ἐγρηγόρησις,
2515 3936 2634 3998 ταῖς
2662 3934 2932 4003 διαδοχαῖς
2965 3934 3225 4004 ἀλλήλων
3267 3932 3667 4003 ὑπεξιστάμενα.

2109 4025 2374 4079 Ἐνταῦοα
2398 4024 2454 4076 δέ
2487 4042 2571 4087 τις
2599 4025 2760 4095 καινὴ
2782 4024 2875 4078 καὶ⁹
2901 4026 3211 4096 παράδοξος
3239 4028 3392 4097 μίξις
3421 4026 3522 4080 τῶν
3543 4027 3674 4077 ὲναν·

2094 4115 2224 4168 τίων
2250 4115 2341 4169 καὶ
2381 4115 2596 4177 σύνοδος
2627 4115 2911 4186 θεωρεῖται
2960 4105 3090 4186 περὶ
3129 4119 3337 4190 αὑτήν.
3385 4115 3529 4186 Ἐγὼ
3554 4116 3668 4182 adp,

2096 4209 2246 4279 φησι,
2285 4207 2570 4269 καθεύδω,
2598 4207 2696 4270 καὶ
2725 4207 2763 4274 ἡ
2794 4207 3009 4275 καρδία
3038 4227 3163 4277 μου
3211 4208 3532 4280 ἀῃουπνεῖ.
3558 4207 3674 4258 Τίνα

2093 4295 2186 4353 οὖν
2212 4298 2317 4369 χρὴ
2350 4298 2584 4352 διάνοιαν
2607 4299 2734 4368 περὶ
2765 4297 2968 4351 τούτων
2998 4299 3231 4366 λαϐεἵνς
3283 4301 3493 4362 ’Ύπνος
3528 4294 3672 4350 θανά-

2093 4408 2186 4444 του
2221 4390 2366 4443 ἐστὶν
2395 4389 2668 4460 ὁμοίωμα.
2691 4390 2892 4443 Λύεται
2914 4389 3023 4460 γὰρ
3054 4393 3114 4444 ἐν
3145 4391 3310 4463 αὕτῷ
3345 4393 3494 4446 πᾶσα
3513 4386 3674 4454 αἰσθη-

2093 4483 2220 4553 τικὴ
2248 4482 2358 4534 τῶν
2398 4481 2667 4552 σωμάτων
2691 4481 2960 4550 ἐνέργεια,
2981 4483 3081 4536 οὐκ
3111 4483 3326 4553 ὅψεως,
3372 4485 3476 4536 οὐκ
3507 4480 3668 4547 ἀκοῆς.

417 4582 738 4645 ratio,cum
791 4595 891 4635 nec
929 4581 1103 4644 visus,
1149 4593 1249 4634 nec
1281 4579 1518 4642 auditus,
1561 4593 1661 4633 nec
1703 4578 1987 4642 odoratus,

2099 4577 2192 4629 οὐκ
2240 4575 2578 4645 ὀσφρήσεως,
2621 4575 2681 4628 ού
2734 4574 2994 4643 γεύσεως,
3032 4576 3136 4645 οὐχ
3197 4577 3378 4648 ἁφῆς,
3424 4573 3570 4646 παρὰ
3599 4570 3676 4624 τὸν

418 4688 516 4725 nec
541 4681 755 4742 gustus,
801 4687 898 4727 nec
931 4680 1131 4734 tactus,
1185 4670 1361 4726 somni
1411 4677 1673 4740 tempore,
1730 4685 1831 4723 suo
1869 4669 1995 4724 fun—

418 4771 577 4831 gatur
608 4779 872 4818 munere:
929 4763 1025 4817 sed
1074 4769 1128 4816 et
1162 4763 1407 4831 corporis
1436 4762 1580 4817 vires
1626 4761 1994 4832 franguntur;

416 4863 669 4921 procreat
712 4854 876 4907 etiam
911 4855 1240 4909 oblivionem
1278 4853 1707 4909 sollicitudinum
1739 4860 1791 4907 et
1830 4866 1994 4906 cura-

417 4955 538 4992 rum
570 4955 689 5009 quae
719 4949 844 4993 sunt
901 4941 955 4994 in
1009 4941 1248 5008 homine,
1304 4941 1446 5013 sopit
1486 4948 1713 5004 metum,
1765 4949 1817 4995 et
1856 4941 1992 4994 iram

417 5031 572 5094 lenit,
626 5042 898 5087 eteorum
943 5034 1036 5102 qui
1089 5043 1216 5088 sunt
1259 5035 1403 5089 acris
1433 5042 1487 5089 et
1532 5035 1769 5089 acerbati
1825 5034 1991 5089 animi

419 5125 642 5178 remittit
685 5124 1107 5190 vehementiam,
1150 5135 1205 5180 et
1247 5125 1415 5181 efficit
1459 5138 1516 5181 ut
1557 5128 1742 5181 nullus
1773 5129 1845 5182 sit
1872 5141 1990 5180 om-

419 5215 567 5267 nium
611 5216 878 5268 malorum
931 5232 1150 5281 sensus,
1202 5218 1442 5287 qnandiu
1503 5217 1817 5272 dominatur
1867 5233 1990 5273 cor--

420 5306 558 5375 μοι-ἰ.
617 5307 728 5361 l-loc.
780 5323 910 5378 ergo
956 5309 1220 5364 discimus
1256 5324 1350 5379 per
1389 5323 1450 5363 ea
1493 5325 1613 5378 quae
1659 5311 1805 5364 dicta
1840 5317 1987 5372 sunt,

422 5397 563 5466 quod
597 5399 774 5467 scipsa
801 5399 974 5452 evasit
999 5401 1286 5464 excelsior,
1317 5415 1438 5469 qua:
1462 5399 1542 5455 sic
1577 5401 1859 5471 magnifice
1884 5401 1972 5470 glo

423 5489 594 5543 riatur
646 5496 702 5544 et
735 5487 870 5542 dicit
898 5504 910 5540 :
942 5487 1052 5560 Ego
1096 5490 1320 5558 dormio,
1363 5502 1412 5547 et
1444 5509 1534 5547 cor
1565 5508 1734 5547 meum
1783 5491 1986 5562 vigilat.

529 5675 573 5706 ³³
605 5675 620 5728 l
655 5675 781 5730 Cor.
823 5689 899 5740 ιιι,
923 5673 1015 5728 ‘27.

2094 4666 2186 4720 τοῦ
2228 4667 2394 4719 ὕπνου
2426 4667 2618 4738 καιρὸν
2641 4665 2970 4737 ἐνεργούσης
2995 4667 3055 4720 τὸ
3087 4668 3229 4722 ἴδιον
3251 4685 3264 4697 ·
3292 4667 3437 4722 ἀλλὰ
3472 4668 3557 4719 καὶ
3579 4663 3672 4715 λύει

2094 4760 2183 4813 τὸν
2216 4761 2368 4813 τόνον
2401 4758 2496 4812 τοῦ
2541 4757 2792 4828 σώματος
2821 4774 2835 4789 ·
2873 4760 3020 4810 ποιεῖ
3062 4758 3119 4810 δὲ
3157 4760 3262 4813 καὶ
3294 4759 3473 4831 λήθην
3502 4755 3599 4809 τῶν
3630 4753 3674 4804 ἐν

2093 4850 2170 4920 τῷ
2222 4836 2493 4920 ἀνθρώπῳ
2546 4848 2862 4920 φροντίδων,
2903 4849 2999 4902 καὶ
3027 4851 3376 4914 κατευνάζει
3403 4850 3494 4902 τὸν
3517 4846 3671 4915 φόϐον,

2092 4943 2188 4997 καὶ
2221 4943 2418 5014 ἡμεροί
2441 4942 2530 4995 τὸν
2571 4940 2761 5012 θυμὸν,
2791 4941 2885 4994 καὶ
2906 4940 3158 5012 ύποχαλᾷ
3193 4943 3314 4997 τῶν
3345 4934 3673 5015 πικραινομέ-

2096 5053 2200 5088 νων
2225 5036 2316 5089 τὸν
2349 5034 2520 5098 τόνον,
2555 5033 2651 5086 καὶ
2682 5033 2898 5086 πάντων
2926 5032 3036 5085 τῶν
3085 5034 3292 5088 κακῶν
3341 5029 3674 5098 ἀναισθησίαν

2095 5125 2257 5185 ποιεῖ,
2289 5122 2392 5184 ἕως
2415 5121 2479 5174 ἂν
2497 5120 2857 5194 κατακρατῶν
2886 5120 3023 5193 τύχῃ
3046 5121 3140 5174 τοῦ
3180 5124 3474 5195 σώματος.
3493 5113 3674 5174 οὐκοῦν

2095 5214 2251 5267 τοῦτο
2277 5213 2363 5266 διὰ
2392 5213 2498 5266 τῶν
2521 5214 2823 5282 εἰρημένων
2856 5214 3234 5284 μανθάνομεν,
3269 5218 3354 5270 ὅτι
3392 5210 3672 5283 ὑψηλοτέρα

2094 5306 2313 5373 γέγονεν
2331 5303 2576 5373 ἐαυτῆςὴ
2601 5303 2768 5356 ταῦτα
2793 5305 3302 5376 μεγαλαυχουμένη
3321 5306 3420 5360 καὶ
3442 5303 3669 5370 λέγουσα.

2095 5397 2176 5448 ὅτι
2213 5394 2352 5463 Ἐγὼ
2374 5394 2658 5458 καθεύδω,
2683 5394 2785 5449 καὶ
2807 5395 2845 5463 ἡ
2871 5395 3082 5464 καρδία
3099 5413 3234 5463 μου
3255 5393 3568 5464 ἀῃουπνεῖ.
3599 5386 3670 5454 Τῷ

2098 5488 2208 5541 ὄντι
2264 5487 2370 5558 γὰρ
2419 5485 2502 5554 ἐφ’
2532 5479 2606 5540 ῶν
2643 5486 2800 5558 μόνος
2848 5487 2877 5538 ὁ
2921 5484 3044 5548 νοῦς
3075 5484 3167 5552 ἐπ’
3208 5485 3414 5540 ἑαυτοῦ
3443 5477 3672 5556 βιοτεύει»
