3948 6192
315 331 421 384 993

1362 326 1427 381 IN
1457 324 1757 382 CANTICA
1790 318 2061 382 CANTIC.
2103 322 2385 380 IIOMILIA
2422 321 2513 375 XI.

3461 322 3567 381 99’.

313 437 488 495 οὐδενὶ
517 436 624 489 τῶν
672 436 1038 509 αἰσθητηρίων
1075 438 1592 510 παρενοχλούμενος,
1638 441 1713 504 ὡς
1746 439 1897 512 ὕπνῳ

2003 439 2204 496 Revera
2238 441 2383 496 enim
2438 438 2677 510 quandiu
2730 437 2845 494 sola
2896 439 3078 494 anima
3128 439 3184 494 in
3225 453 3284 495 se
3317 436 3474 505 vivit,
3530 454 3564 494 ει

314 531 422 584 τινὶ
450 518 545 584 καὶ
558 529 776 601 κώματι
793 531 1025 601 πάρετος
1046 530 1071 602 τι
1092 531 1186 586 τοῦ
1217 531 1468 602 σώματος
1496 532 1698 600 γίνοιτο
1710 530 1888 600 φύσις,

314 624 411 677 καί
444 622 661 692 ἀληθῶς
685 622 839 677 εστιν
887 623 1084 685 εἰπεῖν,
1117 623 1197 676 ὃτι
1228 624 1483 694 κοιμᾶται
1525 623 1593 676 δι’
1621 620 1893 694 ἀπραξίας

313 715 351 785 ἠ
376 714 588 784 ὅρασις,
625 712 1041 783 ἀτιμαζομένων
1056 712 1163 768 τῶν
1195 712 1481 784 θεαμάτων
1513 713 1757 776 ἐκείνων,
1793 713 1894 765 ὅσα

314 805 416 867 τὰς
444 802 699 866 παιδικὰς
733 802 884 872 δψεις
910 803 1233 873 ἐκπλήττειν
1256 805 1463 860 εἴωθεν.
1494 805 1567 859 Οὐ
1603 803 1776 858 ταῦτα
1802 804 1891 859 λέ-

250 948 261 963 ,
313 910 398 961 γω
434 893 569 963 μόνα
598 892 635 947 ἃ
672 892 773 962 τῆς
812 892 1049 961 γεώδους
1083 893 1215 964 ὕλης
1248 895 1417 958 ἐστὶν,
1447 889 1558 948 οἷον
1590 895 1810 966 χρυσίον
1833 912 1893 947 τε

316 985 417 1038 καὶ
451 985 736 1056 ἀργύριον,
769 987 863 1039 καί
901 985 1010 1039 τῶν
1054 984 1219 1040 λίθων
1264 988 1448 1040 ἐκεῖνα
1489 988 1589 1041 ὅσα
1620 987 1710 1041 διά
1750 1005 1894 1051 τινος

316 1076 573 1148 εύχροίας
600 1079 739 1129 κινεῖ
757 1078 868 1139 τοῖς
894 1076 1192 1147 ὀφθαλμοῖς
1218 1076 1318 1149 τὴν
1337 1076 1598 1148 λιχνείαν,
1636 1076 1774 1132 ἀλλὰ
1800 1080 1894 1132 καὶ

315 1166 387 1220 τὰ
421 1166 552 1236 περὶ
575 1167 667 1221 τὸν
695 1167 922 1238 οὐρανὸν
970 1167 1268 1238 φαινόμενα
1318 1164 1747 1238 θαύματα,αῑτε
1784 1170 1893 1222 τῶν

318 1259 569 1329 ἀστέρων
594 1259 781 1327 αὑταὶ,
815 1257 907 1312 καὶ
924 1240 1018 1311 τού
1038 1258 1188 1327 ἡλίου
1219 1260 1247 1311 ὁ
1276 1257 1494 1324 κύκλος,
1523 1256 1619 1312 καὶ
1643 1258 1704 1312 τὸ
1734 1258 1893 1312 πολύ-

322 1366 532 1421 μορφον
567 1353 667 1421 τῆς
693 1349 921 1420 σελήνης
957 1344 1114 1412 εἶδος,
1146 1350 1241 1402 καὶ
1270 1349 1391 1402 εἴτι
1414 1348 1541 1403 ἄλλο
1559 1351 1672 1413 τοῖς
1697 1347 1895 1419 ὀφθαλο

324 1445 448 1514 μοῖς
486 1442 678 1512 ἡδονὴν
705 1441 882 1513 φέρει,
907 1440 997 1494 διὰ
1029 1441 1090 1494 τὸ
1117 1441 1282 1511 μηδὲν
1310 1442 1389 1503 είς
1411 1441 1497 1494 ἀεὶ
1527 1441 1728 1511 μένειν,
1762 1442 1895 1495 ἀλλὰ

323 1530 843 1600 συμμετακινεῖσθαι
875 1532 957 1600 τῇ.
978 1529 1194 1600 παρόδῳ
1212 1526 1305 1581 τοῦ
1321 1528 1531 1598 χρόνον,
1562 1531 1667 1582 καὶ·
1688 1547 1750 1581 συ
1761 1547 1898 1600 μπε-

324 1620 631 1691 ριάγεσθαι.
658 1620 883 1674 Πάντων
915 1619 1023 1671 τῶν
1061 1619 1313 1671 τοιούτων
1350 1618 1784 1690 ὑπεροφθέντων,
1809 1621 1897 1674 διὰ

318 1713 423 1784 τὴν
453 1711 561 1766 τῶν
589 1711 855 1783 ἀληθινῶν
883 1711 1100 1779 ἀγαθῶν
1149 1711 1400 1782 θεωρίαν,
1431 1712 1661 1782 πάρετός
1695 1713 1841 1765 ἐστιν
1868 1713 1897 1765 δ

1992 532 2245 587 sensibus
2294 531 2515 584 minime
2553 523 2893 600 p'e'rturbata,
2926 537 3186 601 tanquam
3229 529 3334 585 sub
3366 543 3561 584 somno

1991 632 2044 679 et
2075 638 2271 693 sopore
2294 622 2529 693 quodam
2567 629 2785 677 tenetur
2812 630 3004 675 natura
3039 621 3306 691 corporis,
3351 630 3409 676 et
3438 636 3564 675 vere

1992 714 2101 770 dici
2136 722 2333 785 potest,
2364 713 2509 784 quod
2545 712 2779 768 dormiat
2808 713 2959 768 visus
2987 727 3082 782 per
3109 712 3470 767 cessationem
3494 711 3564 766 ab

1992 821 2177 877 opere,
2233 805 2567 875 contemptui
2616 804 2818 860 habitis
2873 803 2984 858 illis
3043 803 3393 872 spectaculis,
3442 818 3564 872 qua:

1992 908 2289 965 puerorum
2328 894 2504 951 oculis
2539 893 2715 950 solent
2744 891 2937 947 afferre
2964 900 3265 961 stuporem.
3318 890 3436 945 Non
3477 906 3559 953 ea,

1994 986 2239 1057 inquam,
2274 987 2389 1042 sola
2415 1001 2537 1057 qua
2559 994 2689 1043 sunt
2712 992 2918 1039 natura:
2942 984 3242 1045 terrestris,
3274 992 3333 1037 ut
3368 996 3562 1036 aurum

1991 1086 2045 1134 et
2077 1088 2380 1150 argentum,
2405 1084 2458 1133 et
2490 1091 2715 1148 gemmae
2742 1092 2863 1146 qua:
2902 1075 3131 1146 pulchro
3168 1075 3354 1144 aliquo
3382 1073 3564 1128 colore

1994 1168 2277 1223 oculorum
2310 1176 2529 1222 movent
2558 1166 2893 1231 aviditatem,
2931 1165 3028 1220 sed
3080 1176 3131 1220 et
3176 1165 3439 1220 miracula
3470 1163 3561 1217 illa

1993 1275 2115 1331 quae
2147 1268 2433 1316 moventur
2466 1259 2521 1314 in
2555 1259 2715 1323 coelo,
2749 1265 2804 1312 ct
2829 1258 3109 1335 stellarum
3139 1256 3479 1326 splendores,
3511 1263 3565 1309 et

1995 1354 2144 1409 orbis
2188 1352 2340 1414 solis,
2381 1349 2774 1419 multiplexque
2815 1356 2868 1403 et
2915 1347 3066 1400 varia
3106 1347 3249 1401 luna:
3284 1346 3477 1407 forma.
3512 1355 3566 1398 et

1996 1444 2221 1514 si.quid
2268 1443 2416 1497 aliud
2455 1441 2611 1497 affert
2656 1442 2986 1510 voluptatem
3023 1439 3220 1504 oculis,
3278 1445 3563 1508 propterea

1996 1537 2143 1608 quod
2187 1534 2324 1590 nihil
2363 1541 2629 1605 perpetuo
2658 1539 2894 1599 maneat,
2946 1531 3041 1587 sed
3074 1530 3236 1585 simul
3285 1534 3566 1583 moveatur

1995 1637 2050 1683 et
2079 1628 2479 1697 circumagatur
2504 1640 2627 1680 cum
2652 1624 2889 1678 motione
2913 1634 2967 1677 et
2999 1636 3253 1678 mensura
3277 1621 3561 1692 temporis.

1997 1718 2095 1774 liis
2135 1718 2389 1773 omnibus
2429 1714 2704 1785 despectis
2749 1719 2967 1783 propter
3001 1727 3254 1768 verorum
3297 1712 3564 1766 bonormn

316 1802 417 1857 τοῦ
446 1802 694 1874 σώματος
722 1803 1016 1873 ὀφθαλμὸς,
1055 1802 1191 1873 πρὸς
1244 1802 1394 1855 οὐδὲν
1422 1803 1530 1858 τῶν
1564 1802 1692 1874 παρ’
1731 1803 1892 1856 αὐτοῦ

2003 1806 2534 1877 contemplationem,
2565 1805 2777 1861 otiosus
2809 1814 2894 1861 est
2919 1804 3111 1859 oculus
3138 1804 3405 1872 corporis,
3440 1818 3565 1856 cum

322 1893 794 1963 ύποδεικνυμένων
838 1894 935 1962 τῆς
966 1891 1311 1962 τελειοτέρας
1351 1892 1529 1963 ψυχῆς
1561 1893 1894 1962 καθελκομέ-

313 2002 442 2054 γης,
478 1984 565 2038 διὰ
589 1985 651 2037 τὸ
692 1984 829 2055 μόνα
874 1984 1091 2055 βλέπειν
1115 1987 1181 2056 τῇ
1210 1983 1417 2055 διανοίᾳ
1453 1984 1519 2038 τὰ
1546 1985 1657 2039 τῶν
1687 1984 1894 2055 ὁρατῶν

320 2073 713 2143 ὑπερκείμενα.
745 2072 899 2127 Οὕτω
920 2074 1011 2127 καὶ
1040 2075 1072 2144 ἡ
1095 2074 1230 2146 ἀκοὴ
1255 2075 1423 2147 νεκρά
1451 2092 1536 2140 τις
1562 2075 1656 2129 καὶ
1679 2075 1895 2147 ἁνενέρ-

320 2178 492 2234 γητος
516 2162 745 2231 γίνεται,
784 2163 921 2237 πρὸς
947 2165 1015 2218 τὰ
1043 2166 1184 2237 ὑπὲρ
1214 2165 1370 2235 λόγον
1394 2167 1493 2237 τῆς
1529 2166 1707 2237 ψυχῆς
1729 2167 1894 2237 ἀσχο-

319 2251 417 2306 λου
423 2251 612 2325 μένηςη.

395 2433 479 2488 Τὰ
509 2433 566 2487 δὲ
597 2434 1004 2506 κτηνωδέστερα
1033 2437 1139 2489 τῶν
1184 2437 1486 2509 αἰσθήσεων
1509 2478 1523 2502 ,
1569 2437 1692 2491 οὔτε
1720 2437 1896 2507 λέγειν

318 2528 498 2594 ἄξιον,
530 2529 611 2582 ὅτι
645 2529 925 2601 πόρρωθεν
970 2530 1215 2601 καθάπερ
1244 2547 1328 2595 τις
1359 2531 1634 2604 νεκρώδης
1665 2532 1896 2585 δυσωδία

312 2619 427 2689 *τῆς
464 2619 641 2689 ψυχῆς
698 2621 1093 2692 ἀποῤῥίπτεται
1122 2662 1136 2685 ,
1187 2622 1221 2692 ἦ
1270 2639 1330 2675 τε
1378 2622 1753 2694 ρηνηλατοῦσα
1797 2623 1896 2687 τὰς

317 2708 501 2780 ὀσμὰς
567 2710 874 2782 ὄσφρησις,
927 2711 1020 2765 καί.
1063 2713 1096 2783 ἡ
1143 2714 1208 2782 τῇ
1260 2712 1484 2784 λατρεία
1546 2713 1647 2783 τῆς
1694 2713 1898 2788 κοιλίας

320 2799 754 2873 προσκαθημένη
785 2800 993 2869 γεῦσις,
1037 2802 1130 2856 καί⁵
1173 2805 1206 2872 ἡ
1254 2802 1364 2873 ἁφὴ
1413 2803 1548 2875 πρὸς
1574 2803 1802 2869 τούτοις,
1839 2806 1899 2858 τὸ

321 2891 732 2961 ἀνδραποδῶδες
777 2895 872 2946 καὶ
924 2893 1121 2963 τυφλὸν
1170 2893 1543 2966 αἰσθητήριον,
1586 2896 1615 2949 δ
1644 2897 1782 2967 τάχα
1813 2897 1899 2951 διὰ

320 2985 454 3046 τοὺς
486 2983 718 3051 τυφλοὺς
762 2984 927 3054 μόνον
961 2987 995 3056 ἠ
1028 2985 1188 3054 φύσις
1227 2985 1499 3057 ἐποίησεν.
1553 2980 1653 3040 Ὧν
1684 2987 1899 3042 πάντων

310 3072 516 3145 ὥσπερ
541 3076 597 3127 ἐν
619 3074 772 3146 ὕπνῳ
796 3077 902 3129 τινὶ
927 3076 994 3130 δι’
1022 3077 1293 3148 ἀπραξίαν
1326 3077 1767 3150 κεκρατημένων,
1798 3097 1898 3133 κα-

322 3163 472 3232 θαρὰ
490 3144 593 3235 τῆς
618 3144 839 3238 καρδίας
870 3168 1072 3239 ἐστίνή
1106 3144 1379 3239 ἐνέργεια,
1410 3144 1502 3223 καὶ
1698 3170 1760 3223 τὸ
1790 3170 1900 3224 ἄνω
1926 3144 1968 3199 C

318 3254 519 3327 βλέπει
544 3259 572 3309 ὁ
597 3257 873 3328 λογισμὸς,
902 3258 1268 3330 ἁπεριήχητος
1297 3261 1471 3331 μένων
1502 3264 1566 3316 ὲκ
1593 3262 1693 3332 τῆς
1714 3261 1903 3333 αἰσθη-

320 3348 485 3418 τικῆς
520 3350 783 3419 κινήσεως
822 3351 916 3403 καί
944 3349 1232 3415 ἀθόλωτος.
1263 3354 1466 3423 Διπλῆς
1506 3355 1615 3426 γὰρ
1650 3355 1816 3426 οὔσης
1845 3359 1902 3409 ἐν

316 3442 396 3510 τῇ
430 3439 743 3515 ἀνθρωπίνῃ
771 3441 931 3511 φύσει
976 3442 1078 3514 τῆς
1123 3445 1349 3517 ἡδονῆς·
1396 3447 1494 3517 τῆς
1543 3448 1639 3518 μὲν
1674 3451 1730 3502 ἐν
1754 3448 1898 3521 ψυχῇ

316 3532 397 3586 δι’
426 3532 692 3598 ἀπαθείας
726 3535 1141 3606 ἐνεργουμένης,
1162 3537 1261 3608 τῆς
1288 3537 1345 3591 δὲ
1364 3537 1450 3591 διὰ
1484 3538 1687 3603 πάθους
1714 3541 1771 3593 ἐν
1795 3540 1900 3593 σώ-

327 3640 489 3693 ματι,
520 3625 696 3696 ἥνπερ
724 3624 790 3679 ἂν
834 3625 894 3691 ἐξ
932 3628 1257 3699 ἀμφοτέρων
1282 3632 1315 3700 ἡ
1349 3632 1665 3702 προαίρεσις
1695 3633 1900 3705 ἕληται,

307 3711 471 3785 αὕτη
496 3715 633 3769 κατὰ
655 3717 753 3787 τῆς
779 3718 967 3789 ἐτέρας
993 3717 1055 3772 τὺ
1080 3719 1278 3790 κράτος
1302 3720 1432 3790 ἔχει.
1475 3722 1562 3787 Ὠς
1587 3723 1639 3775 εί
1663 3740 1744 3787 τις
1768 3723 1902 3796 πρὸς

316 3802 429 3872 τὴν
472 3803 721 3875 αἴσθησιν
756 3805 963 3875 βλέποι,
994 3808 1092 3879 τὴν
1134 3808 1201 3861 δι’
1229 3808 1400 3879 αὐτῆς
1444 3812 1793 3882 ἐμφυομένην
1825 3814 1903 3884 τῷ

321 3888 544 3961 σώματι
570 3892 760 3964 ἡδονὴν
786 3894 1165 3967 ἐφελκόμενος,
1201 3897 1464 3967 ἄγευστος
1492 3901 1591 3972 τῆς
1630 3890 1789 3967 θείας
1808 3904 1908 3960 εὑσ.

319 3982 605 4055 φροσύνης
635 3985 998 4052 διαϐιώσεται,
1045 3985 1179 4043 διότι
1206 3990 1418 4061 πέφυκέ
1448 4010 1564 4057 πως
1599 3996 1901 4047 ἐπισκοτεῖ-

322 4071 460 4125 σθαι
486 4074 545 4126 τὸ
568 4079 815 4145 κρεῖττον
839 4078 943 4131 ὑπὸ
965 4078 1056 4131 τοῦ
1077 4080 1337 4150 χείρονος.
1369 4076 1464 4146 Οἷς
1484 4082 1527 4136 δ’
1552 4084 1618 4137 ἂν
1641 4084 1904 4154 ἐπιθυμία

318 4161 431 4231 τὴν
460 4164 594 4234 πρὸς
619 4164 848 4219 τί)Θεῖον
877 4166 990 4238 ἔχει
1022 4168 1213 4239 ῥοπὴν,
1240 4168 1451 4235 τούτοις
1481 4174 1903 4243 ἀνεπισκότητον

322 4253 484 4325 μένει
523 4255 585 4308 τὸ
614 4257 836 4324 ἀγαθὸν,
873 4260 967 4313 καὶ
1011 4261 1242 4328 φευκτὸν
1286 4260 1431 4316 ἅπαν
1463 4264 1738 4334 νομίζεται
1766 4262 1903 4319 εἶναι

318 4344 392 4398 τὸ
420 4347 821 4417 καταγοητεῦον
866 4351 967 4420 τὴν
998 4352 1268 4421 αἴσθησιν.
1323 4354 1421 4408 Διὰ
1466 4355 1622 4409 τοῦτο
1659 4358 1691 4424 ἡ
1735 4358 1900 4429 ψυχὴ,

1995 1900 2060 1952 ad
2091 1898 2228 1953 nihil
2253 1913 2442 1954 eorum
2472 1913 2591 1968 quae
2629 1899 2697 1953 ab
2734 1900 2855 1969 ipso
2891 1897 3252 1952 ostenduntur
3300 1893 3567 1965 perfectio

1996 1988 2301 2041 attrahatur
2350 1987 2566 2055 animae,
2625 1997 2908 2057 propterea
2961 1986 3470 2065 quod'cogitatione
3502 1999 3567 2040 ea

1995 2081 2111 2135 sola
2138 2079 2369 2149 aspiciat
2400 2094 2522 2150 qua:
2559 2087 2687 2134 sunt
2717 2078 3001 2148 superiora
3049 2078 3116 2132 iis
3147 2092 3268 2146 qua:
3295 2076 3564 2129 videntur.

1995 2171 2071 2223 ita
2109 2169 2273 2225 etiam
2297 2178 2544 2224 mortuus
2571 2177 2653 2224 est
2690 2169 2908 2224 auditus
2942 2179 2995 2223 et
3024 2182 3249 2223 cessans
3281 2167 3348 2220 ab
3372 2178 3566 2236 opera-

1994 2259 2164 2325 tione,
2203 2274 2326 2314 cum
2366 2260 2421 2314 in
2460 2260 2528 2316 iis
2565 2274 2688 2331 qua:
2725 2268 2854 2316 sunt
2887 2273 3052 2330 supra
3091 2258 3359 2313 rationem
3399 2271 3562 2312 occu—

1995 2350 2388 2420 petur’anima.

2065 2438 2143 2495 De
2167 2443 2418 2499 sensibus
2447 2449 2627 2497 autem
2658 2444 2829 2515 magis
2862 2445 3113 2501 bellnints
3145 2459 3253 2500 non
3304 2444 3568 2501 convenit

1997 2530 2200 2600 aliquid
2238 2531 2452 2599 dicere,
2499 2534 2640 2602 quod
2701 2535 2911 2590 scilicet
2963 2544 3224 2607 tanquam
3283 2538 3564 2593 morticini

1998 2621 2268 2691 quispiam
2310 2622 2448 2678 fetor
2472 2623 2540 2677 ab
2575 2624 2756 2678 anima
2793 2625 2867 2680 sit
2896 2625 3167 2695 ahjectus,
3221 2636 3277 2682 et
3340 2629 3566 2685 naribus

1999 2711 2196 2767 odores
2225 2722 2451 2781 captans
2483 2713 2778 2780 odoratus,
2808 2722 2863 2770 et
2891 2717 3096 2772 ventris
3145 2718 3371 2772 servitio
3426 2719 3569 2775 assi-

1999 2801 2135 2856 dens
2167 2811 2382 2872 gustus,
2407 2812 2463 2859 ct
2494 2812 2752 2874 prazterea
2782 2815 2978 2871 tactus,
3012 2808 3104 2878 qui
3147 2809 3345 2865 servile
3373 2820 3428 2864 et
3458 2824 3563 2865 ca:-

1999 2908 2124 2946 cum
2151 2902 2234 2947 est
2293 2894 2561 2949 sentiendi
2626 2897 3071 2962 instrumentum,
3131 2899 3277 2969 quod
3342 2900 3563 2969 quidem

2002 2983 2139 3039 forte
2168 2992 2389 3054 prepter
2418 3002 2593 3041 caecos
2627 2987 2753 3043 fecit
2795 2998 3007 3044 natura.
3066 2989 3197 3056 Qua:
3226 2992 3411 3046 omnia
3441 3008 3565 3047 cum

2002 3083 2224 3146 propter
2251 3078 2610 3134 cessationem
2650 3081 2719 3135 ab
2753 3096 2936 3152 opere,
2962 3088 3221 3152 tanquam
3251 3099 3446 3139 somno
3477 3084 3572 3139 ali-

2004 3178 2112 3235 quo
2147 3162 2257 3217 sint
2285 3166 2426 3219 victa
2452 3174 2505 3220 et
2534 3182 2819 3238 oppressa,
2870 3186 3003 3242 pura
3051 3178 3136 3228 est
3160 3173 3343 3229 cordis
3375 3188 3569 3243 opera-

2003 3256 2100 3321 tio,
2130 3263 2184 3309 et
2210 3269 2428 3310 rursum
2461 3258 2659 3327 aspicit
2697 3260 2977 3330 cogitatio,
3010 3269 3070 3317 ut
3119 3280 3240 3335 qua:
3283 3281 3314 3319 a
3371 3281 3569 3339 sensus

2004 3347 2244 3401 motione
2273 3346 2345 3402 sit
2373 3347 2541 3402 libera
2571 3356 2624 3403 et
2654 3350 2875 3408 minime
2916 3356 3249 3423 perturbata.
3278 3357 3412 3412 Nam
3442 3370 3565 3414 cum

2004 3435 2058 3488 in
2091 3435 2370 3492 hominum
2395 3450 2588 3493 natura
2613 3441 2809 3512 duplex
2843 3444 2917 3498 sit
2949 3448 3215 3517 voluptas,
3247 3450 3417 3505 altera
3447 3451 3570 3521 qui-

2003 3525 2127 3580 dem
2153 3544 2275 3598 quae
2307 3538 2593 3586 exercetur
2623 3534 2678 3587 in
2714 3536 2891 3590 anima
2930 3553 3026 3607 per
3075 3539 3529 3610 impatibilitatem
3551 3582 3567 3607 ,

2003 3616 2174 3672 altera
2209 3634 2339 3673 vero
2369 3636 2465 3689 per
2504 3625 2967 3690 perturbationem
2999 3629 3168 3684 animi
3201 3633 3255 3685 in
3316 3648 3566 3703 corpore,

2002 3721 2168 3775 quam
2197 3723 2261 3763 ex
2289 3709 2551 3765 ambabus
2581 3712 2808 3769 liberum
2865 3718 3088 3788 elegerit
3146 3720 3453 3788 arbitrium,
3505 3739 3572 3781 ea

2003 3798 2311 3854 dominatur
2338 3800 2391 3854 in
2418 3802 2665 3857 alteram.
2696 3804 2798 3871 Qui
2833 3808 2976 3862 enim
3007 3809 3203 3879 aspicit
3229 3811 3294 3866 ad
3322 3828 3569 3879 sensum,

2001 3888 2096 3958 qui
2129 3905 2225 3958 per
2251 3905 2310 3946 se
2340 3891 2561 3947 innatus
2596 3902 2682 3949 est
2721 3899 2967 3967 corpori,
2998 3899 3047 3955 is
3095 3908 3306 3957 tractus
3345 3918 3375 3957 a
3411 3905 3570 3962 volu-

2002 3989 2165 4051 ptate,
2191 3980 2360 4037 vitam
2386 3986 2639 4041 transibit
2672 4003 2869 4057 expers
2902 4001 3093 4060 gustus
3119 3994 3317 4053 divina:
3346 3997 3565 4063 laetitia,

2005 4082 2291 4145 propterea
2325 4076 2466 4146 quod
2492 4079 2631 4133 solet
2668 4081 2995 4152 plerumque
3022 4086 3166 4155 quod
3220 4092 3571 4158 praestantius

2004 4174 2114 4230 est,
2152 4181 2181 4219 a
2232 4165 2489 4222 deteriori
2549 4171 2852 4226 obscurari.
2894 4173 3106 4240 Quibus
3142 4189 3320 4235 autem
3356 4181 3571 4238 deside—

2005 4258 2146 4311 rium
2172 4257 2236 4312 ad
2271 4258 2437 4314 Deum
2467 4270 2550 4316 est
2594 4279 2943 4333 propensum,
2984 4269 3051 4325 iis
3110 4285 3216 4326 non
3267 4273 3569 4331 involutum

2006 4348 2246 4404 tenebris
2278 4360 2457 4407 manet
2481 4352 2706 4419 bonum,
2735 4365 2789 4410 et
2818 4369 3074 4414 censetur
3101 4376 3225 4418 esse
3257 4362 3571 4432 fugiendum

317 4437 459 4489 ὅταν
505 4437 640 4510 μόνῃ
687 4441 751 4510 τῇ
788 4438 992 4513 θεωρίᾳ
1036 4442 1129 4495 τοῦ
1172 4443 1323 4507 ὄντος
1348 4446 1724 4518 εὐφραίνηται,
1767 4451 1898 4521 πρὸς

2006 4437 2270 4525 quidquid
2292 4442 2459 4496 veluti
2486 4444 2813 4513 quihusdam
2849 4450 3075 4520 magicis
3116 4456 3449 4513 carminibus
3479 4458 3575 4514 dc-

316 4527 482 4582 ούδέν
531 4531 800 4601 ἐγρήγορε
834 4532 943 4586 τῶν
988 4534 1392 4605 ἐνεργουμένων
1443 4538 1564 4590 καθ’
1606 4539 1798 4611 ἡδονὴν
1834 4541 1899 4595 δι’

320 4619 669 4689 αἰσθήσεως·
718 4621 854 4674 ἀλλὰ
886 4624 1063 4676 πᾶσαν
1096 4626 1411 4698 σωματικὴν
1449 4632 1901 4702 κατακοιμήσασα

320 4711 563 4781 κίνησιν,
597 4716 777 4785 γυμνῇ
813 4732 870 4767 τε
906 4715 1001 4768 καί⁵
1052 4716 1267 4789 καθαρᾷ
1306 4720 1373 4789 τῇ
1418 4717 1625 4792 διανοίᾳ
1667 4721 1756 4775 διὰ
1804 4724 1901 4793 τῆς

312 4803 479 4866 Οείας
507 4805 892 4876 ἐγρηγόρσεως
935 4806 1149 4878 δέχεται
1177 4808 1271 4862 τοῦ
1301 4809 1434 4864 Θεοῦ
1459 4811 1556 4882 τὴν
1583 4813 1901 4883 ἐμφάνειαν.

320 4888 437 4956 Ἧς
462 4895 556 4948 καὶ
588 4894 1133 4968 ήμείςλὰξιωθείημεν
1158 4898 1247 4954 διὰ
1275 4898 1368 4954 τοῦ
1412 4901 1703 4973 εἰρημένου
1735 4902 1903 4959 ὕπνου

320 4986 719 5058 κατορθοῦντες
784 4988 887 5058 τῆς
965 4988 1145 5062 ψυχῆς
1213 4991 1313 5064 τὴν
1380 4995 1730 5065 ἐγρήγορσιν.
1817 4997 1906 5049 Ἐν

321 5074 549 5146 Χριστῷ
592 5076 789 5148 Ἰησοῦ,
828 5071 872 5146 ᾧ
902 5079 933 5149 ἡ
967 5079 1092 5144 δόξα
1125 5081 1206 5145 εἰς
1233 5084 1357 5145 τοὺς
1397 5082 1600 5147 αἰῶνας
1642 5083 1750 5138 τῶν
1777 5084 1904 5137 αἰώ-

320 5181 452 5219 νων.
472 5164 665 5237 Ἄρνην.

924 5347 1167 5401 ΟΜΙΛΙΑ
1207 5350 1307 5403 IA'.

397 5432 571 5499 Φωνὴ
619 5433 944 5505 ἀδελφιδοῦ
988 5458 1109 5509 μου
1161 5443 1360 5510 κρούει
1399 5443 1498 5497 ἐπί
1541 5445 1656 5514 τὴν
1697 5449 1903 5515 θύραν.

330 5524 613 5588 ’Λνοιεόν
628 5542 751 5594 μοι,
769 5527 808 5595 ἡ
824 5529 1056 5599 ἀδελφή
1076 5549 1218 5600 μου,
1242 5533 1282 5601 ἡ
1298 5536 1566 5603 πλησίον
1583 5555 1724 5605 μου,
1745 5556 1906 5609 περι-

323 5613 512 5681 στερά
531 5632 676 5682 μου,
712 5620 910 5673 τελεία
939 5639 1080 5690 μου·
1115 5622 1205 5678 ὅτι
1237 5626 1276 5694 ἡ
1312 5626 1544 5694 κεφαλή
1568 5646 1688 5697 μου
1722 5629 1905 5695 ἐπλή-

326 5710 448 5774 οιτη
474 5702 722 5776 δρόσου,
756 5711 851 5764 καί
886 5715 940 5765 οἱ
963 5713 1300 5785 ,ϐόστρυχοί
1332 5732 1452 5787 μου
1493 5718 1774 5787 ψεκάδων
1802 5741 1898 5780 νυ.

2008 4530 2127 4583 linit
2158 4545 2221 4584 ac
2245 4531 2445 4601 decipit
2488 4550 2731 4592 sensum.
2789 4537 3080 4608 Propterea
3116 4546 3297 4601 anima
3355 4551 3575 4620 quando

2008 4623 2311 4677 delectatur
2344 4626 2461 4680 sola
2506 4628 2627 4697 ejus
2684 4631 2828 4699 quod
2860 4643 2946 4688 est
2991 4639 3472 4708 contemplatione,
3506 4645 3572 4699 ad

2008 4713 2144 4768 nihil
2176 4715 2374 4771 dicitur
2429 4718 2657 4788 vigilare
2684 4736 2877 4776 eorum
2940 4740 3062 4795 qua:
3117 4728 3184 4783 ad
3241 4730 3574 4802 voluptatem

2012 4804 2145 4859 tiunt
2177 4821 2275 4874 per
2295 4822 2541 4873 sensum,
2585 4812 2678 4867 sed
2711 4814 2857 4869 omni
2888 4830 3053 4873 sensu
3092 4823 3363 4891 corporali
3392 4834 3576 4891 exuta,

2007 4895 2150 4947 nuda
2179 4902 2233 4950 et
2266 4911 2399 4966 pura
2436 4908 2615 4955 mente
2644 4916 2741 4971 per
2779 4903 3019 4962 divinam
3052 4910 3290 4980 vigiliam
3325 4912 3419 4970 Dei
3452 4933 3577 4974 sus-

2012 4985 2145 5054 cipit
2191 4988 2607 5055 apparitionem.
2665 4993 2838 5058 Quam
2873 5012 2974 5054 nos
3002 5015 3221 5073 quoque
3252 5004 3401 5076 digni
3446 5022 3580 5062 cen-

2007 5091 2227 5131 seatnur
2291 5081 2511 5148 assequi
2575 5097 2673 5152 per
2726 5099 2979 5143 somnum
3050 5094 3368 5162 praedictum
3434 5108 3581 5156 recte

2007 5174 2228 5237 agentes
2257 5169 2454 5225 animae
2485 5171 2748 5241 vigiliam.
2776 5176 2833 5231 In
2860 5179 3079 5238 Christo
3105 5181 3258 5253 Jesu,
3285 5187 3372 5242 cui
3407 5189 3581 5260 gloria

2008 5260 2065 5314 in
2087 5260 2285 5315 saecula
2316 5263 2661 5319 saeculorum.
2698 5267 2891 5325 Amen.

2584 5355 2870 5414 IIOMILIA
2920 5363 3005 5418 XI.

2077 5440 2210 5498 CAP.
2240 5460 2293 5507 ν,
2322 5461 2377 5499 ν.
2417 5445 2470 5501 2.
2506 5446 2616 5501 Vox
2648 5454 2906 5518 patruelis
2937 5458 3037 5509 mei
3067 5460 3246 5527 pulsa!
3265 5460 3336 5514 ad
3363 5465 3579 5521 ostium.

2007 5535 2166 5602 Aperi
2211 5536 2370 5602 mihi,
2429 5555 2581 5593 soror
2624 5558 2758 5602 mea.
2806 5547 3103 5615 propinqua
3152 5568 3286 5617 nica,
3337 5552 3579 5611 columba

2011 5642 2147 5692 mea,
2176 5626 2406 5697 perfecta
2428 5647 2540 5685 mea
2567 5647 2585 5684 :
2614 5637 2861 5703 quoniam
2892 5650 3046 5709 caput
3065 5657 3235 5698 meum
3262 5644 3473 5715 plenum
3502 5659 3582 5703 est

2014 5740 2150 5806 rore,
2189 5735 2236 5782 et
2270 5727 2498 5784 cincinni
2532 5729 2633 5784 mei
2676 5734 2837 5804 guttis
2871 5735 3059 5792 noctis.
3090 5737 3144 5795 3.
3179 5737 3321 5796 Επιιὶ
3350 5740 3580 5799 tunicam
