3948 6192
285 314 382 368 99'?

1327 310 1388 363 IN
1421 309 1716 366 CANTICA
1751 311 2018 367 CANTiC.
2064 311 2345 367 IIOMIIJA
2386 312 2477 366 XI.

3431 319 3544 376 938

277 423 406 484 νίοις
440 420 636 483 πύλαις
658 421 980 490 ἐγρηγορότι
1005 419 1077 490 τῷ
1107 421 1367 492 όςθαλμῷ
1400 425 1836 494 προσκαθήμενοι

1965 428 2243 496 grediatur
2272 427 2382 481 Rex
2417 427 2603 497 glorize
2638 443 2888 484 reversus
2925 444 2953 482 a
3007 433 3216 501 nuptiis
3249 448 3304 488 in
3341 447 3533 504 super-

282 521 364 572 ’ίνα
391 515 555 569 πάλιν
585 513 797 583 εἰσέλθῃ
821 513 888 564 δι’
918 512 1097 566 αὐτῶν
1124 515 1250 566 ὅταν
1274 514 1512 585 ἀναλύσῃ
1538 518 1599 568 ἐκ
1623 517 1731 569 τῶν
1757 520 1856 584 γά-

280 625 394 676 μων
420 609 449 660 ό
480 604 732 674 βασιλεὺς
761 604 863 674 τῆς
906 603 1061 673 δόξης
1107 606 1184 666 είς
1222 605 1320 674 τὴν
1347 605 1736 676 ὑπεροοδράνιον
1802 606 1858 656 ἐι.

279 696 462 764 κείνην
477 695 1048 766 μακαριότητα.”Οθεν
1092 696 1233 748 κατά
1269 696 1368 767 τὴν
1405 696 1740 767 ψαλμῳδίαν,
1781 701 1856 763 ὡς

279 792 340 840 ἐκ
371 787 643 849 παστάδος
683 787 711 837 ὁ
752 790 985 856 νυμφίος
1011 787 1364 856 ἐκπορευθεὶς
1418 788 1697 858 ἡρμόσατο
1733 791 1856 843 ἐαυ-

275 877 351 947 τῷ
406 876 676 945 παρθένον
707 876 854 945 ἡμᾶς
890 875 977 928 διὰ
1016 875 1111 946 τῆς
1161 877 1425 948 μυστικῆς
1451 879 1856 950 ἀναγεννήσεως

279 969 376 1040 τὴν
418 971 530 1032 τοῖς
585 968 822 1032 εἰδώλοις
877 969 1372 1040 ἐκπορνευθεῖσαν,
1427 973 1506 1036 είς
1551 973 1854 1044 ἀφθαρσίαν

276 1060 618 1131 παρθενικὴν
657 1059 1112 1128 ἀναστοιχειώσας
1147 1061 1246 1132 τὴν
1274 1061 1452 1130 φύσιν.
1489 1062 1609 1116 Τῶν
1636 1059 1726 1116 οὖν
1753 1064 1852 1131 γά-

276 1171 395 1225 μων
437 1153 540 1223 ἤδη
575 1151 1006 1221 τετελεσμένων,
1053 1152 1148 1206 καὶ
1193 1154 1592 1226 νυμφευθείσης
1623 1156 1728 1208 ὑπὸ
1759 1156 1850 1208 τοῦ

270 1246 450 1313 Λόγου
488 1244 588 1313 τῆς
626 1243 970 1314 Ἐκκλησίας,
1002 1242 1184 1308 καθώς
1213 1261 1376 1315 φησιν
1401 1248 1430 1299 ό
1470 1246 1741 1317 Ἰωάννης.
1771 1248 1852 1300 ότι

284 1335 348 1386 '0
376 1335 535 1401 ἔχων
558 1334 674 1401 τὴν
709 1334 957 1401 νύμφην·
985 1335 1248 1402 νυμφίος
1278 1335 1442 1400 ἐστι·
1486 1335 1583 1388 καὶ
1631 1339 1709 1400 είς
1761 1337 1851 1390 τὸν

270 1426 382 1479 τῶν
417 1425 728 1497 μυστηρίων
758 1425 1000 1495 θάλαμον
1045 1427 1212 1495 αὐτῆς
1261 1427 1712 1498 παραδεχθείσης,
1760 1431 1853 1482 ἁν-

270 1519 467 1588 έμενον
496 1519 545 1570 οἱ
591 1517 811 1586 ἄγγελοι
858 1518 956 1589 τὴν
1001 1518 1256 1572 ἐπάνοδον
1297 1519 1390 1572 τοῦ
1435 1518 1715 1588 βασιλέως,
1752 1521 1850 1591 τῆς

284 1607 615 1676 Ἐκκλησίας
641 1606 1039 1677 ἐπαναχθείσης
1067 1608 1158 1660 ἐπὶ
1192 1609 1291 1677 τὴν
1314 1608 1453 1662 κατὰ
1482 1609 1640 1677 φύσιν
1677 1626 1851 1678 μακα-

274 1697 521 1768 ριότητα.
561 1699 782 1763 Τούτοις
813 1696 906 1752 οὖν
948 1694 1066 1752 εἷπε
1113 1699 1220 1752 δεῖν
1266 1700 1582 1770 ὁμοιοῦσθαι
1628 1701 1720 1754 καὶ
1759 1701 1850 1753 τὸν

1964 518 2240 572 cmlestem
2300 519 2446 572 illam
2510 520 2920 574 beatitudinem.
2967 521 3120 578 Unde
3166 534 3537 595 congruenter

1963 607 2011 661 ei
2041 608 2183 676 quod
2225 609 2442 662 canitur
2496 608 2552 661 in
2584 609 2827 675 psalmis,
2860 621 3113 679 tanquam
3171 630 3240 667 ex
3289 615 3533 668 thaiamo

1964 697 2265 764 procedens
2306 713 2542 767 sponsus
2563 698 2630 761 “,
2665 713 2766 753 nos
2798 700 2903 753 sibi
2938 701 3228 770 despondit
3262 706 3528 772 virginem

1963 802 2058 856 per
2085 789 2367 857 mysticam
2395 790 2861 859 regenerationem
2891 807 3011 859 quae
3042 806 3162 846 cum
3204 792 3362 848 idolis
3414 796 3532 848 fne-

1963 886 2047 930 rat
2091 875 2376 940 fornicata,
2409 879 2476 932 ad
2530 879 2994 949 incorruptionem
3048 882 3364 952 virginalem
3416 884 3530 953 ipsa

1965 968 2263 1024 reformata
2322 978 2540 1026 natura.
2577 971 2819 1026 Peractis
2853 989 2982 1042 ergo
3016 973 3128 1042 jam
3191 975 3416 1042 nuptiis,
3475 983 3532 1029 et

1963 1055 2202 1113 Ecclesia
2250 1074 2280 1111 a
2309 1058 2487 1114 Verbo
2522 1060 2792 1130 desponsa
2824 1080 2836 1115 :
2874 1062 3016 1115 sicut
3067 1061 3197 1115 dicit
3251 1062 3526 1117 Joannes:

1961 1150 2067 1216 Qui
2099 1152 2251 1206 habet
2292 1170 2556 1217 sponsam,
2591 1171 2813 1222 sponsus
2844 1165 2920 1207 est
2949 1155 3031 1209 ’τε
3089 1163 3143 1208 et
3195 1170 3256 1206 ea
3291 1155 3528 1210 admissa

1959 1243 2014 1296 in
2049 1243 2346 1298 thalamum
2377 1247 2762 1316 mysteriorum
2805 1261 2870 1300 ac
2901 1255 3392 1308 sacramentorum,
3434 1261 3532 1299 ex-

1960 1334 2280 1400 spectabant
2323 1337 2499 1406 angeli
2547 1335 2780 1390 reditum
2815 1337 2976 1406 regis,
3035 1336 3256 1390 reducta
3287 1336 3530 1391 Ecclesia

1959 1423 2024 1477 ad
2053 1425 2444 1480 beatitudinem
2493 1443 2614 1497 qua:
2641 1436 2723 1483 est
2753 1427 3054 1483 secundum
3109 1435 3382 1482 naturam.
3436 1427 3532 1482 His

1959 1531 2089 1587 ergo
2117 1517 2254 1572 dixit
2283 1528 2534 1589 oportere
2573 1521 2738 1573 vitam
2795 1527 3038 1575 nostram
3097 1535 3216 1574 esse
3271 1520 3529 1583 similem,

1959 1612 2018 1657 ut
2052 1607 2192 1662 sicut
2221 1608 2300 1662 illi
2328 1611 2517 1679 procul
2549 1625 2579 1664 a
2607 1611 2741 1663 vitio
2774 1618 2826 1664 et
2857 1626 3042 1665 errore
3075 1611 3240 1664 vitam
3284 1618 3527 1678 agentes,

1959 1709 2092 1753 sunt
2125 1701 2300 1768 parati
2327 1702 2392 1756 ad
2423 1703 2718 1756 adventum
2752 1702 2964 1756 Domini
3001 1701 3376 1770 excipiendum
3403 1720 3413 1753 :
3455 1703 3529 1755 ita

270 1788 544 1859 ἡμέτερον
576 1787 719 1858 βίον·
763 1789 849 1842 ἵνα
883 1789 1132 1859 καθάπερ
1181 1791 1374 1842 ἐκεῖνοι
1430 1791 1616 1862 πόρρω
1655 1789 1847 1853 κακίας

1956 1804 2056 1844 nos
2082 1805 2298 1860 quoque
2329 1791 2634 1848 assidentes
2661 1793 2944 1847 vestibulis
2996 1801 3307 1846 nostrorum
3363 1792 3530 1845 domi-

267 1879 365 1931 καὶ
407 1879 621 1950 ἀπάτης
654 1881 1079 1950 πολιτευόμενοι,
1128 1881 1262 1950 πρὸς
1292 1881 1555 1952 ὑποδοχήν
1596 1883 1731 1934 εἰσιν
1762 1883 1848 1934 εὺ-

187 2006 194 2012 -
264 1973 492 2038 τρεπεῖς
518 1971 616 2039 τῆς
650 1971 974 2040 δεσποτικῆς
1001 1972 1332 2043 παρουσίας·
1373 1972 1515 2025 οὕτω
1554 1974 1648 2026 καὶ
1687 1975 1847 2044 ἡμεῖς

267 2060 377 2120 τοῖς
429 2058 723 2129 προθύροις
766 2059 873 2112 τῶν
919 2061 1275 2129 καταγωγίων
1327 2061 1483 2132 ἡμῶν
1536 2078 1848 2131 προσαγρυ-

263 2149 548 2212 πνοῦντες,
577 2150 824 2219 ἑτοίμους
846 2153 979 2221 πρὸς
1002 2151 1244 2222 ὑπακοὴν
1267 2153 1491 2216 ἑαυτοὺς
1513 2153 1846 2222 ποιήσωμεν,

1955 1880 2230 1945 ciliorum,
2269 1897 2370 1937 nos
2407 1883 2701 1938 reddamus
2732 1892 3010 1952 promptos
3040 1882 3106 1936 ad
3140 1881 3526 1947 obcdiendum,

1955 1972 2176 2040 quando
2205 1973 2500 2030 adveniens
2527 1975 2766 2044 pulsabit
2790 1975 3015 2028 ostium.
3048 1974 3200 2027 Beati
3243 1972 3410 2040 enim,
3444 1974 3529 2027 in-
3570 1969 3576 1974 ⁷

1947 2063 2088 2132 quit,
2138 2068 2308 2132 servi,
2349 2083 2479 2135 quos
2522 2082 2640 2120 cum
2671 2068 2867 2120 venerit
2909 2068 3155 2120 dominus
3194 2067 3414 2120 inveniet
3451 2067 3527 2120 sic

1950 2153 2202 2221 facientes
2225 2157 2292 2208 ’⁸.

263 2242 392 2296 ὃταν
415 2243 646 2305 ἐπιστὰς
666 2244 839 2315 κρούῃ
857 2244 954 2314 τὴν
977 2245 1167 2316 θύραν.
1189 2245 1481 2314 Μακάριοι
1505 2247 1633 2317 γὰρ,
1658 2248 1842 2316 φησὶν,
1883 2249 1937 2300 οἱ
1965 2247 2172 2302 δοῦλοι
2199 2250 2435 2314 ἐκεῖνοι,
2466 2251 2571 2315 οὓς
2597 2251 2789 2305 ἐλθὼν
2826 2254 2858 2304 ὁ
2909 2251 3111 2318 κύριος
3181 2247 3379 2304 αὐτῶν
3431 2251 3527 2304 εὐ-

259 2335 439 2402 ρήσει
473 2336 797 2401 ποιοῦντας
829 2337 1032 2402 οὕτως.

356 2428 512 2479 Ἐπεὶ
549 2423 644 2481 οὖν
680 2427 945 2499 μακάριόν
991 2431 1107 2482 ἐστι
1138 2430 1199 2482 τὸ
1245 2430 1536 2483 ὑπακούειν
1580 2431 1656 2500 τῷ
1686 2431 1849 2502 κρού-

264 2537 402 2581 οντι,
437 2507 626 2572 τούτου
653 2520 812 2589 χάριν
848 2517 1137 2585 διαπαντὸς
1181 2522 1317 2592 πρὸς
1342 2522 1441 2593 τὴν
1472 2524 1849 2594 μακαριότητα

265 2609 568 2678 βλέπουσα,
600 2609 914 2664 αἰσθάνεται
946 2610 1039 2662 τοῦ
1072 2609 1419 2680 παρεστῶτος
1459 2614 1522 2682 τῇ
1556 2611 1715 2682 θύρᾳ,
1747 2629 1846 2665 κα-

266 2701 376 2765 λῶς
425 2705 538 2765 τοῖς
585 2701 732 2766 ίδίοις
774 2704 1066 2774 θησαυροῖς
1095 2702 1516 2773 ἐπαγρυπνοῦσα
1555 2703 1725 2772 ψυχὴ,
1753 2704 1847 2756 καί

268 2809 469 2862 φησιν·
503 2792 674 2859 Φωνὴ
713 2793 819 2846 τοῦ
863 2792 1190 2862 ἀδελφιδοῦ
1219 2811 1336 2861 μου
1357 2795 1557 2861 κρούει
1595 2793 1693 2846 ἐπὶ
1722 2793 1850 2862 ’τὴν

269 2883 482 2949 θύρα-ν.
517 2881 644 2944 Πῶς
672 2883 736 2937 ἄν
757 2901 838 2946 τις
861 2883 956 2952 τὴν
981 2884 1113 2954 πρὸς
1140 2882 1208 2935 τὰ
1233 2883 1475 2952 θειότερα
1506 2885 1606 2953 τῆς
1634 2883 1849 2954 νύμφης

266 2973 460 3026 ἄνοδον
497 2973 588 3026 διὰ
620 2973 726 3026 τῶν
759 2973 1062 3043 λεγομένων
1108 2973 1272 3038 ἀξίως
1316 2976 1734 3045 κατανοήσειεν;
1784 2975 1848 3027 'H

269 3066 413 3136 μετά
470 3066 738 3136 τοσαύτης
797 3065 1038 3130 ἐξουσίας
1090 3083 1144 3120 τε
1197 3068 1288 3120 καὶ
1338 3067 1717 3137 πεποιθήσεως
1760 3066 1849 3119 τὸν

267 3157 510 3228 σκληρὸν
539 3159 743 3210 ἐκεῖνον
782 3157 984 3228 Βορέαν
1017 3158 1108 3228 ἀφ’
1148 3159 1345 3230 ἑαυτῆς
1376 3158 1711 3222 ὲξοικίσασα,
1758 3159 1852 3211 καὶ

2023 2426 2290 2493 Quoniam
2326 2439 2452 2495 ergo
2495 2425 2712 2479 beatum
2764 2432 2848 2480 est
2887 2426 3110 2481 obedire
3165 2426 3424 2496 pulsanti,
3463 2441 3527 2480 ea

1949 2518 2018 2574 de
2051 2532 2220 2571 causa
2261 2517 2441 2568 anima
2489 2520 2610 2584 quae
2648 2525 2910 2585 perpetuo
2964 2518 3159 2585 aspicit
3189 2517 3256 2570 ad
3295 2519 3528 2572 beatitu-

1950 2611 2156 2674 dinem,
2185 2608 2302 2662 suis
2337 2607 2614 2662 thesauris
2647 2609 2956 2689 \di|igenler
3009 2599 3319 2678 invigilans,
3361 2611 3527 2664 sentit

1953 2714 2216 2769 sponsum
2252 2705 2486 2753 stantem
2514 2697 2580 2752 ad
2611 2699 2837 2762 ostium,
2869 2705 2923 2752 et
2973 2699 3138 2752 dicit:
3179 2699 3288 2752 Vox
3320 2713 3526 2768 pan-ue-

1953 2794 2019 2848 lis
2057 2794 2156 2846 mei
2191 2789 2366 2859 pulsat
2397 2789 2464 2842 ad
2489 2790 2700 2844 ostium.
2730 2788 3019 2855 Quomodo
3043 2800 3228 2860 posset
3253 2794 3525 2862 quispiam

1949 2900 2050 2956 pro
2083 2884 2346 2955 dignitate
2378 2882 2730 2937 considerare
2773 2898 2988 2952 sponsa:
3022 2899 3307 2938 ascensum
3360 2886 3427 2940 ad
3462 2901 3524 2940 ea

1947 2992 2070 3047 qua:
2103 2985 2231 3031 sunt
2263 2975 2582 3030 diviniora?
2624 2975 2755 3038 Quae
2782 2989 2905 3027 cum
2959 2982 3112 3028 tanta
3169 2975 3418 3031 libertate
3460 2991 3524 3032 ac

1953 3069 2149 3123 ﬁducia
2181 3069 2376 3122 durum
2411 3067 2561 3120 illum
2594 3067 2816 3120 boream
2846 3081 2875 3120 a
2904 3082 2963 3122 se
2989 3068 3320 3145 amandavitJ
3356 3078 3410 3124 et
3441 3071 3526 3123 lu-

1952 3157 2132 3212 cidum
2163 3157 2414 3227 spiritum
2443 3156 2508 3210 ad
2542 3171 2600 3210 se
2629 3157 2873 3219 attraxit,
2903 3173 3024 3227 quae
3059 3159 3323 3214 malorum
3356 3161 3517 3230 puni-

266 3248 330 3302 τὺ
369 3248 636 3317 φωτεινόν
683 3249 900 3319 πνεῦμα
945 3249 1080 3320 πρὸς
1109 3250 1304 3320 ἑαυτὴν
1349 3250 1782 3320 ἐφελκυσαμένη,
1813 3251 1846 3319 ἡ

1956 3264 2142 3304 carum
2178 3246 2460 3318 paradisos
2492 3263 2588 3317 per
2613 3262 2674 3301 os
2702 3247 2883 3312 elﬁcit,
2917 3264 3146 3319 quorum
3177 3267 3332 3320 poma
3369 3260 3527 3306 erant

266 3339 636 3410 παραδείσους
667 3340 805 3409 ῥοῶν
830 3340 918 3393 διὰ
942 3340 1035 3393 τοῦ
1071 3341 1336 3410 στόματος
1365 3341 1724 3411 ἐργαζομένη,
1773 3334 1848 3393 ὧν

263 3433 541 3504 ἀρώματα
573 3429 640 3503 ἦν
673 3433 962 3504 ἀκρόδρυα,
998 3435 1031 3503 ἡ
1061 3432 1150 3486 τὸν
1179 3434 1352 3504 κῆπον
1397 3432 1597 3502 ἐαυτῆς
1644 3432 1850 3502 τράπε-

265 3525 370 3589 ζαν
403 3524 725 3595 προτιθεῖσα
765 3523 844 3595 τῷ
892 3524 1132 3595 Δεσπότῃ
1179 3525 1278 3595 τῆς
1327 3525 1573 3587 κτίσεως,
1605 3517 1672 3592 ἧς
1713 3523 1847 3576 ἀπό-

265 3617 471 3686 ϐλητον
503 3617 676 3688 ἐφάνη
716 3616 823 3668 τῶν
863 3617 1230 3688 προτεθέντων
1263 3614 1413 3668 οὐδέν
1441 3630 1456 3646 ο
1505 3612 1640 3667 ἀλλὰ
1674 3613 1848 3666 πάντα

261 3703 408 3760 εἶναι
442 3706 584 3759 καλά
616 3707 969 3778 ἐμαρτυρήθη
1002 3709 1036 3778 ἡ
1065 3706 1299 3777 σμύρνα,
1324 3705 1383 3758 τὸ
1406 3704 1622 3775 ἄρωμα,
1653 3706 1681 3756 ὁ
1711 3698 1849 3772 μετὰ

259 3798 364 3851 τοῦ
413 3798 634 3867 μέλιτος
678 3799 860 3867 ἄρτος,
895 3800 924 3851 ό
975 3797 1112 3867 μετὰ
1162 3795 1255 3848 τοῦ
1305 3797 1574 3864 γάλακτος
1620 3785 1845 3865 οἷνος,ᾖ

258 3888 654 3960 ἐμαρτύρησεν
683 3891 711 3941 ὁ
749 3889 921 3957 Λόγος
964 3889 1026 3941 τὸ
1053 3888 1275 3952 τέλειον,
1319 3885 1521 3940 εἰπών’
1573 3887 1652 3938 ὅτι
1701 3885 1845 3952 Ὅλη

259 3979 427 4047 καλ-ὴ
459 3977 535 4043 εἷ,
585 3981 682 4033 καί
722 3978 926 4050 μῶμος
957 3982 1069 4033 οὐκ
1101 3979 1270 4034 ἐστιν
1294 3978 1362 4032 ἐν
1387 3977 1488 4031 σοί
1519 3993 1532 4006 ·
1581 3977 1718 4046 αὕτη
1748 3976 1846 4032 νῦν

254 4074 408 4126 οὕτω
442 4073 731 4133 διάκειται,
771 4074 846 4135 ὡς
876 4069 1106 4142 πρώτως
1157 4069 1423 4140 μέλλουσα
1472 4066 1719 4134 δέχεσθαι
1751 4064 1844 4118 τοῦ

257 4163 404 4218 Θεοῦ
442 4164 544 4242 τῂν
571 4164 889 4235 ἐμφάνειαν,
920 4163 1013 4215 καὶ
1045 4162 1120 4226 ὡς
1147 4161 1360 4215 οὐδέπω
1400 4160 1490 4213 τὸν
1517 4158 1610 4212 νῦν
1637 4157 1845 4211 ἑστῶτα

256 4257 372 4328 πρὸ
406 4256 516 4308 τῶν
559 4255 735 4324 θυρῶν
753 4256 922 4323 Λόγον
955 4252 1311 4323 είσδεξαμένη
1362 4253 1456 4305 καὶ
1489 4249 1843 4311 είσοικίσασα,

257 4349 318 4398 ἐν
370 4346 612 4415 θαύματι
657 4345 758 4414 τῆς
807 4346 989 4416 φωνῆς
1030 4346 1261 4397 ποιεῖται
1305 4342 1402 4413 τὴν
1447 4342 1709 4412 δύναμιν·
1759 4339 1847 4393 διὰ

256 4437 421 4490 τοῦτό
455 4452 620 4506 φησιν
670 4433 821 4488 οὔπω
864 4435 1068 4504 αὐτῆς,
1118 4434 1251 4486 ἀλλὰ
1306 4433 1407 4503 τῆς
1463 4432 1633 4505 θύρας
1678 4432 1847 4501 αὐτῆς

259 4526 534 4580 ἅπτεσθαι
561 4525 658 4596 τὴν
688 4525 780 4578 τοῦ
817 4528 1049 4596 νυμφίου
1082 4527 1283 4596 φωνήν.
1325 4526 1496 4594 Φωνὴ
1529 4525 1658 4596 γὰρ,
1689 4526 1842 4596 φησὶ,

256 4616 371 4669 τοῦ
395 4613 724 4683 ἀδελφιδοῦ
749 4632 866 4684 μου
885 4615 1096 4689 λιμοιῖει
1130 4615 1227 4667 ἐπὶ
1258 4612 1375 4681 τὴν
1405 4615 1612 4681 θύραν.

316 4709 487 4777 Ὀρᾷς
505 4707 621 4769 πῶς
638 4706 883 4776 ἀόριστός
903 4708 1016 4758 ἐστι
1033 4709 1145 4769 τοῖς
1161 4706 1294 4776 πρὸς
1310 4705 1400 4758 τὸν
1413 4704 1543 4758 Θεὸν
1561 4704 1800 4758 ἀνιοῦσιν
1815 4706 1843 4758 ὁ

251 4801 490 4872 δρόμος·
521 4800 637 4862 πῶς
671 4799 730 4852 τὸ
758 4801 844 4852 ἀεὶ
876 4799 1440 4870 καταλαμϐανόμενον,
1460 4797 1600 4868 ἀρχὴ
1627 4797 1762 4867 πρὸς
1783 4795 1843 4849 τὸ

247 4893 281 4945 ύ
293 4910 362 4945 πε
371 4892 495 4963 ρκεί
501 4908 659 4962 μενον
676 4892 881 4960 γίνεται
899 4909 912 4956 ;
934 4893 1054 4945 Ὅτι
1072 4892 1178 4963 γὰρ
1196 4891 1383 4944 στάσιν
1399 4891 1517 4944 τινὰ
1533 4889 1627 4943 τοῦ
1643 4889 1842 4960 δρόμου

244 4985 359 5054 τῆς
384 4985 523 5054 πρὸς
549 4984 618 5037 τὰ
641 4984 817 5055 ὑψηλά
847 4985 1073 5056 πορείας
1099 4984 1188 5038 διὰ
1214 4983 1320 5037 τῶν
1341 4984 1477 5056 πρὸς
1501 4983 1668 5053 αὐτὴν
1699 4984 1843 5054 εἰρη-

249 5077 442 5147 μένων
479 5076 808 5147 ὴλπίσαμεν.
853 5079 918 5130 Τί
938 5078 1046 5150 γὰρ
1075 5077 1140 5132 ἄν
1161 5093 1245 5140 τις
1275 5076 1410 5147 μετὰ
1447 5075 1544 5146 τὴν
1570 5074 1840 5144 τελειότη-

243 5186 346 5230 τος
386 5168 691 5238 μαρτυρίαν
732 5169 892 5223 πλέον
928 5169 1217 5239 ζητήσεως
1272 5157 1404 5220 Τότε
1449 5165 1718 5236 βλέπομεν
1762 5164 1842 5216 ἔτι

241 5259 407 5310 ἔνδον
429 5255 597 5313 οὖσαν
623 5259 813 5331 αὐτὴν,
839 5261 933 5312 καὶ
965 5260 1117 5312 οὔπω
1139 5259 1246 5312 τῶν
1273 5258 1450 5330 θυρῶν
1485 5258 1654 5326 αὐτῆς
1688 5257 1842 5320 ἐκτὸς

233 5353 665 5423 γεγενημένην,
709 5352 830 5405 οὑδέ
877 5354 976 5422 τῆς
1024 5351 1165 5404 κατά
1216 5351 1504 5420 πρόσωπον
1548 5349 1844 5419 ἐμφανείας

237 5446 782 5513 κατατρυφήσασαν,
807 5443 918 5497 ἀλλ’
942 5442 1019 5495 ἔτι
1039 5443 1126 5495 διὰ
1150 5441 1248 5512 τῆς
1269 5442 1435 5510 ἀκοῆς
1463 5439 1597 5511 πρὸς
1617 5440 1716 5507 τὴν
1735 5439 1842 5491 τῶν

239 5533 480 5602 ἀγαθῶν
517 5534 811 5604 μετουσίαν
830 5534 1226 5605 όδηγουμένην,
1282 5531 1451 5585 Τοῦτο
1491 5527 1584 5584 οὖν
1623 5530 1710 5583 διὰ
1732 5530 1840 5582 τῶν

305 5710 359 5740 ³⁵
396 5704 540 5765 Psal.
583 5708 810 5776 xvm,G.
922 5709 1154 5764 "101m-
1193 5706 1382 5773 "b29-

1497 5705 1540 5738 ²⁴
1569 5703 1699 5761 Luc.
1731 5719 1834 5772 xu,
1866 5705 1916 5759 5.

1952 3345 2217 3401 aromata,
2250 3349 2375 3406 quae
2401 3353 2558 3392 suum
2594 3338 2811 3392 hortum
2844 3354 3086 3393 mensam
3126 3341 3380 3410 apposuit
3423 3343 3527 3397 Do-

1952 3430 2100 3482 mino
2142 3437 2426 3489 creaturae,
2458 3429 2615 3497 cujus
2668 3444 2732 3484 ex
2764 3429 2831 3483 iis
2873 3446 2993 3500 qua:
3025 3429 3248 3486 fuerunt
3281 3433 3526 3502 apposita

1951 3517 2087 3570 nihil
2117 3517 2294 3571 visum
2327 3525 2409 3571 est
2431 3517 2812 3587 rejiciendum,
2839 3519 2932 3574 sed
2956 3521 3099 3589 quod
3125 3524 3305 3576 omnia
3340 3532 3528 3579 essent

1951 3609 2180 3677 pulchra
2217 3624 2280 3662 ac
2317 3609 2480 3670 bona,
2512 3609 2700 3664 datum
2735 3619 2820 3666 est
2852 3612 2903 3666 ei
2955 3614 3331 3667 testimonium
3381 3631 3528 3686 myr-

1950 3699 2071 3763 rha,
2105 3713 2311 3761 aroma,
2366 3700 2525 3767 panis
2571 3714 2692 3753 cum
2731 3701 2910 3764 melle,
2964 3701 3146 3755 vinum
3181 3718 3306 3756 cum
3362 3704 3524 3768 lacte,

1951 3789 2038 3844 cui
2094 3787 2468 3843 testimonium
2516 3789 2664 3844 dedit
2725 3791 2904 3859 ipsum
2959 3790 3236 3856 Verbum,
3293 3792 3523 3848 dicens:

1953 3879 2085 3933 Tota
2115 3878 2337 3947 pulchra
2365 3896 2440 3941 es,
2468 3888 2515 3932 et
2544 3879 2753 3933 macula
2786 3897 2886 3935 non
2923 3892 3001 3936 est
3025 3884 3079 3937 in
3113 3893 3159 3937 te
3187 3899 3205 3937 :
3240 3886 3355 3953 ipsa
3381 3901 3527 3939 utine

1948 3973 2023 4024 ita
2055 3978 2138 4026 est
2164 3970 2377 4035 all‘eeta,
2410 3979 2470 4026 ut
2507 3987 2628 4041 qua:
2657 3973 2835 4043 primo
2875 3983 3023 4029 esset
3074 3987 3396 4045 susceptura
3431 3977 3522 4030 Dei

1948 4066 2366 4135 apparitioncm,
2411 4075 2463 4122 et
2498 4067 2658 4137 quasi
2701 4068 2942 4123 nondum
2984 4068 3296 4124 admisisset
3339 4077 3393 4124 et
3441 4069 3525 4124 iu-

1947 4156 2286 4214 troduxisset
2315 4158 2552 4212 Verbum
2585 4159 2729 4229 quod
2797 4166 2906 4215 stat
2939 4175 3037 4230 pro
3072 4161 3300 4225 foribus,
3345 4161 3522 4215 admi-

1947 4257 2101 4303 ratur
2141 4252 2248 4304 vim
2281 4253 2472 4306 vocis:
2515 4263 2801 4322 propterea
2846 4252 2978 4306 dicit
3024 4254 3167 4324 quod
3199 4269 3301 4307 vox
3335 4256 3521 4323 sponsi

1947 4355 2056 4393 non
2087 4340 2285 4410 ipsam,
2321 4341 2416 4398 sed
2455 4343 2656 4397 ostium
2700 4344 2877 4412 ipsum
2920 4351 3126 4412 tangat.
3162 4342 3303 4397 Dicit
3338 4345 3520 4401 enim:

1935 4431 2069 4485 Vox
2105 4433 2361 4502 patruelis
2403 4435 2502 4487 mei
2522 4439 2701 4503 pulsat
2727 4436 2794 4488 ad
2835 4437 3050 4492 ostium.
3075 4472 3102 4495 ο

2017 4524 2184 4582 Vides
2235 4528 2694 4596 quemadmodum
2727 4537 2812 4584 est
2855 4545 2964 4584 non
3004 4529 3263 4586 definitus
3303 4545 3365 4584 ac
3417 4539 3524 4585 ter-

1876 4600 2188 4674 Dminatus
2239 4634 2436 4676 cursus
2516 4621 2583 4675 iis
2653 4623 2744 4690 qui
2807 4624 3112 4677 ascendunt
3180 4623 3245 4677 ad
3308 4623 3521 4678 Deum:

1948 4717 2002 4764 et
2033 4710 2493 4780 quemadmodum
2523 4711 2571 4766 id
2597 4712 2741 4781 quod
2770 4729 2985 4782 semper
3008 4714 3521 4784 comprehenditur,

1947 4810 2032 4855 est
2065 4802 2397 4872 principium
2423 4803 2767 4872 superioris?
2800 4803 2986 4875 Neque
3017 4807 3158 4860 enim
3189 4822 3285 4876 per
3310 4824 3371 4861 ea
3402 4822 3523 4874 qua:

1950 4892 2052 4949 sibi
2086 4893 2230 4946 dicta
2262 4903 2392 4948 sunt
2419 4897 2760 4964 speravimus
2796 4896 2912 4951 fore
2935 4907 2992 4950 ut
3015 4897 3320 4967 ingressum
3357 4898 3520 4953 siste-

1948 4992 2032 5038 ret
2049 4985 2115 5037 ad
2138 4987 2375 5040 excelsa.
2397 4985 2537 5051 Quid
2559 4989 2704 5042 enim
2734 4989 2971 5058 amplius
2999 4999 3202 5059 quaeret.
3223 4991 3518 5060 quispiam,

1949 5084 2071 5146 post
2103 5077 2477 5132 testimonium
2518 5077 2585 5132 de
2614 5079 2970 5148 perfectione,
2999 5080 3193 5136 videns
3217 5097 3336 5136 eam
3375 5081 3519 5132 intus

1948 5177 2283 5232 manentem,
2305 5178 2359 5224 et
2389 5181 2541 5224 extra
2573 5170 2717 5228 fores
2743 5172 2984 5226 nondum
3015 5188 3314 5242 egressam,
3343 5187 3520 5240 neque

1948 5260 2176 5315 visionis
2203 5259 2345 5317 facie
2378 5261 2445 5316 ad
2479 5263 2674 5319 faciem
2701 5266 2914 5335 cepisse
2950 5265 3392 5326 delectationem,
3424 5263 3520 5316 sed

1952 5350 2128 5405 adhuc
2153 5349 2279 5406 duci
2320 5368 2417 5421 per
2455 5355 2789 5410 auditionem
2813 5354 2880 5409 ad
2921 5356 3187 5410 honorum
3226 5353 3521 5425 partit-ipa-

1949 5441 2198 5496 tionem?
2247 5441 2362 5497 Hoc
2412 5444 2578 5514 igitur
2621 5444 2817 5514 dogma
2871 5445 3133 5501 discimus
3164 5459 3261 5514 per
3301 5458 3360 5497 ea
3397 5456 3517 5508 qua:

1947 5529 2094 5586 dicta
2144 5541 2292 5597 sunt,
2339 5535 2484 5605 quod
2547 5535 2616 5590 iis
2664 5536 2755 5604 qui
2809 5535 2876 5589 ad
2943 5535 3152 5605 majora
3204 5533 3514 5605 proﬁciunt,
