  <div class='ocr_page' id='page_1' title='image "/cluster/home/n/w/nwhite01/storage/ocr_20150623/44/hvd.32044052767431/517.png"; bbox 0 0 3948 6192; ppageno 0'>
   <div class='ocr_carea' id='block_1_1' title="bbox 505 291 607 344">
    <p class='ocr_par' dir='ltr' id='par_1_1' title="bbox 505 291 607 344">
     <span class='ocr_line' id='line_1_1' title="bbox 505 291 607 344; baseline 0 0"><span class='ocrx_word' id='word_1_1' title='bbox 505 291 607 344; x_wconf 65' lang='lat'><strong>999</strong></span> 
     </span>
    </p>
   </div>
   <div class='ocr_carea' id='block_1_2' title="bbox 1734 259 2488 326">
    <p class='ocr_par' dir='ltr' id='par_1_2' title="bbox 1734 259 2488 326">
     <span class='ocr_line' id='line_1_2' title="bbox 1734 259 2488 326; baseline -0.015 -2"><span class='ocrx_word' id='word_1_2' title='bbox 1734 271 1790 326; x_wconf 87' lang='lat' dir='ltr'><strong>S.</strong></span> <span class='ocrx_word' id='word_1_3' title='bbox 1835 260 2158 324; x_wconf 67' lang='lat' dir='ltr'><strong>GliEGORll</strong></span> <span class='ocrx_word' id='word_1_4' title='bbox 2197 259 2488 318; x_wconf 75' lang='lat' dir='ltr'><strong>NYSSENI</strong></span> 
     </span>
    </p>
   </div>
   <div class='ocr_carea' id='block_1_3' title="bbox 3557 261 3663 316">
    <p class='ocr_par' dir='ltr' id='par_1_3' title="bbox 3557 261 3663 316">
     <span class='ocr_line' id='line_1_3' title="bbox 3557 261 3663 316; baseline 0.038 -4"><span class='ocrx_word' id='word_1_5' title='bbox 3557 261 3663 316; x_wconf 67' lang='lat'><strong>1000</strong></span> 
     </span>
    </p>
   </div>
   <div class='ocr_carea' id='block_1_4' title="bbox 505 370 2094 466">
    <p class='ocr_par' dir='ltr' id='par_1_4' title="bbox 505 380 2080 466">
     <span class='ocr_line' id='line_1_4' title="bbox 505 380 2080 466; baseline -0.015 -11"><span class='ocrx_word' id='word_1_6' title='bbox 505 413 721 466; x_wconf 80' lang='lat' dir='ltr'><strong>semper</strong></span> <span class='ocrx_word' id='word_1_7' title='bbox 749 396 1003 450; x_wconf 88' lang='lat' dir='ltr'><strong>convenit</strong></span> <span class='ocrx_word' id='word_1_8' title='bbox 1033 407 1136 447; x_wconf 90' lang='lat' dir='ltr'><strong>vox</strong></span> <span class='ocrx_word' id='word_1_9' title='bbox 1165 390 1438 461; x_wconf 82' lang='lat' dir='ltr'><strong>Apostoli,</strong></span> <span class='ocrx_word' id='word_1_10' title='bbox 1473 389 1666 443; x_wconf 89' lang='lat' dir='ltr'><strong>dicens</strong></span> <span class='ocrx_word' id='word_1_11' title='bbox 1695 404 1707 439; x_wconf 90' lang='lat'>:</span> <span class='ocrx_word' id='word_1_12' title='bbox 1741 384 1800 438; x_wconf 88' lang='lat' dir='ltr'><strong>Si</strong></span> <span class='ocrx_word' id='word_1_13' title='bbox 1835 383 1949 451; x_wconf 82' lang='lat' dir='ltr'><strong>quis</strong></span> <span class='ocrx_word' id='word_1_14' title='bbox 1979 380 2080 434; x_wconf 76' lang='lat' dir='ltr'><strong>sibi</strong></span> 
     </span>
    </p>
   </div>
   <div class='ocr_carea' id='block_1_5' title="bbox 2194 370 3671 466">
    <p class='ocr_par' dir='ltr' id='par_1_5' title="bbox 2194 370 3671 447">
     <span class='ocr_line' id='line_1_5' title="bbox 2194 370 3671 447; baseline 0 -19"><span class='ocrx_word' id='word_1_15' title='bbox 2194 377 2486 447; x_wconf 72' lang='grc' dir='ltr'><strong>εἰρημένων</strong></span> <span class='ocrx_word' id='word_1_16' title='bbox 2518 375 2580 428; x_wconf 79' lang='grc' dir='ltr'>τὸ</span> <span class='ocrx_word' id='word_1_17' title='bbox 2619 374 2793 442; x_wconf 81' lang='grc' dir='ltr'>δόγμα</span> <span class='ocrx_word' id='word_1_18' title='bbox 2826 370 3191 446; x_wconf 69' lang='grc' dir='ltr'>μανθάνομεν,</span> <span class='ocrx_word' id='word_1_19' title='bbox 3237 371 3311 422; x_wconf 76' lang='grc' dir='ltr'><strong>ὅτι</strong></span> <span class='ocrx_word' id='word_1_20' title='bbox 3355 370 3548 425; x_wconf 80' lang='grc' dir='ltr'>πάντοτε</span> <span class='ocrx_word' id='word_1_21' title='bbox 3582 378 3671 440; x_wconf 71' lang='grc' dir='ltr'>τοῖς</span> 
     </span>
    </p>
   </div>
   <div class='ocr_carea' id='block_1_6' title="bbox 506 475 2075 556">
    <p class='ocr_par' dir='ltr' id='par_1_6' title="bbox 506 475 2075 556">
     <span class='ocr_line' id='line_1_6' title="bbox 506 475 2075 556; baseline -0.014 -12"><span class='ocrx_word' id='word_1_22' title='bbox 506 487 712 544; x_wconf 62' lang='lat' dir='ltr'><strong>videtur</strong></span> <span class='ocrx_word' id='word_1_23' title='bbox 740 486 941 556; x_wconf 77' lang='lat' dir='ltr'><strong>aliquid</strong></span> <span class='ocrx_word' id='word_1_24' title='bbox 976 487 1133 551; x_wconf 81' lang='lat' dir='ltr'><strong>scire,</strong></span> <span class='ocrx_word' id='word_1_25' title='bbox 1161 482 1393 538; x_wconf 82' lang='lat' dir='ltr'><strong>nondum</strong></span> <span class='ocrx_word' id='word_1_26' title='bbox 1431 481 1525 535; x_wconf 75' lang='lat' dir='ltr'><strong>scit</strong></span> <span class='ocrx_word' id='word_1_27' title='bbox 1555 475 1814 548; x_wconf 79' lang='lat' dir='ltr'><strong>quomodo</strong></span> <span class='ocrx_word' id='word_1_28' title='bbox 1840 480 2075 542; x_wconf 74' lang='lat' dir='ltr'><strong>oporteat</strong></span> 
     </span>
    </p>
   </div>
   <div class='ocr_carea' id='block_1_7' title="bbox 506 573 2075 644">
    <p class='ocr_par' dir='ltr' id='par_1_7' title="bbox 506 573 2075 644">
     <span class='ocr_line' id='line_1_7' title="bbox 506 573 2075 644; baseline -0.011 -11"><span class='ocrx_word' id='word_1_29' title='bbox 506 595 625 633; x_wconf 80' lang='lat' dir='ltr'><strong>eum</strong></span> <span class='ocrx_word' id='word_1_30' title='bbox 654 581 789 633; x_wconf 77' lang='lat' dir='ltr'><strong>scire</strong></span> <span class='ocrx_word' id='word_1_31' title='bbox 812 579 877 631; x_wconf 65' lang='lat'><strong>’9.</strong></span> <span class='ocrx_word' id='word_1_32' title='bbox 907 576 964 631; x_wconf 84' lang='lat' dir='ltr'><strong>in</strong></span> <span class='ocrx_word' id='word_1_33' title='bbox 990 579 1069 632; x_wconf 91' lang='lat' dir='ltr'><strong>eis</strong></span> <span class='ocrx_word' id='word_1_34' title='bbox 1093 576 1238 631; x_wconf 89' lang='lat' dir='ltr'><strong>enim</strong></span> <span class='ocrx_word' id='word_1_35' title='bbox 1269 590 1390 644; x_wconf 73' lang='lat' dir='ltr'><strong>quae</strong></span> <span class='ocrx_word' id='word_1_36' title='bbox 1424 573 1838 642; x_wconf 70' lang='lat' dir='ltr'><strong>prazcesserant,</strong></span> <span class='ocrx_word' id='word_1_37' title='bbox 1867 575 2075 618; x_wconf 85' lang='lat' dir='ltr'><strong>tantum</strong></span> 
     </span>
    </p>
   </div>
   <div class='ocr_carea' id='block_1_8' title="bbox 510 652 2079 741">
    <p class='ocr_par' dir='ltr' id='par_1_8' title="bbox 510 652 2079 741">
     <span class='ocr_line' id='line_1_8' title="bbox 510 652 2079 741; baseline -0.012 -15"><span class='ocrx_word' id='word_1_38' title='bbox 510 687 569 726; x_wconf 90' lang='lat' dir='ltr'><strong>se</strong></span> <span class='ocrx_word' id='word_1_39' title='bbox 619 671 873 741; x_wconf 71' lang='lat' dir='ltr'><strong>cognovit</strong></span> <span class='ocrx_word' id='word_1_40' title='bbox 929 669 1110 722; x_wconf 86' lang='lat' dir='ltr'><strong>anima</strong></span> <span class='ocrx_word' id='word_1_41' title='bbox 1165 675 1426 737; x_wconf 83' lang='lat' dir='ltr'><strong>quantum</strong></span> <span class='ocrx_word' id='word_1_42' title='bbox 1485 657 1916 730; x_wconf 86' lang='lat' dir='ltr'><strong>comprehendit.</strong></span> <span class='ocrx_word' id='word_1_43' title='bbox 1972 652 2079 708; x_wconf 90' lang='lat' dir='ltr'><strong>Sed</strong></span> 
     </span>
    </p>
   </div>
   <div class='ocr_carea' id='block_1_9' title="bbox 511 745 2082 829">
    <p class='ocr_par' dir='ltr' id='par_1_9' title="bbox 511 745 2082 829">
     <span class='ocr_line' id='line_1_9' title="bbox 511 745 2082 829; baseline -0.01 -15"><span class='ocrx_word' id='word_1_44' title='bbox 511 762 768 829; x_wconf 90' lang='lat' dir='ltr'><strong>quoniam</strong></span> <span class='ocrx_word' id='word_1_45' title='bbox 807 759 953 828; x_wconf 89' lang='lat' dir='ltr'><strong>quod</strong></span> <span class='ocrx_word' id='word_1_46' title='bbox 986 758 1226 812; x_wconf 88' lang='lat' dir='ltr'><strong>nondum</strong></span> <span class='ocrx_word' id='word_1_47' title='bbox 1263 764 1348 810; x_wconf 91' lang='lat' dir='ltr'><strong>est</strong></span> <span class='ocrx_word' id='word_1_48' title='bbox 1385 751 1858 821; x_wconf 90' lang='lat' dir='ltr'><strong>comprehensum,</strong></span> <span class='ocrx_word' id='word_1_49' title='bbox 1887 754 1970 802; x_wconf 92' lang='lat' dir='ltr'><strong>est</strong></span> <span class='ocrx_word' id='word_1_50' title='bbox 1998 745 2082 798; x_wconf 83' lang='lat' dir='ltr'><strong>in-</strong></span> 
     </span>
    </p>
   </div>
   <div class='ocr_carea' id='block_1_10' title="bbox 512 837 2082 920">
    <p class='ocr_par' dir='ltr' id='par_1_10' title="bbox 512 837 2082 920">
     <span class='ocr_line' id='line_1_10' title="bbox 512 837 2082 920; baseline -0.011 -15"><span class='ocrx_word' id='word_1_51' title='bbox 512 851 681 905; x_wconf 74' lang='lat' dir='ltr'><strong>[initis</strong></span> <span class='ocrx_word' id='word_1_52' title='bbox 716 852 962 920; x_wconf 86' lang='lat' dir='ltr'><strong>partibus</strong></span> <span class='ocrx_word' id='word_1_53' title='bbox 997 848 1176 916; x_wconf 85' lang='lat' dir='ltr'><strong>majus</strong></span> <span class='ocrx_word' id='word_1_54' title='bbox 1207 862 1372 916; x_wconf 87' lang='lat' dir='ltr'><strong>quam</strong></span> <span class='ocrx_word' id='word_1_55' title='bbox 1418 843 1564 914; x_wconf 82' lang='lat' dir='ltr'><strong>quod</strong></span> <span class='ocrx_word' id='word_1_56' title='bbox 1603 848 1687 896; x_wconf 88' lang='lat' dir='ltr'><strong>est</strong></span> <span class='ocrx_word' id='word_1_57' title='bbox 1724 837 2082 908; x_wconf 83' lang='lat' dir='ltr'><strong>comprehen—</strong></span> 
     </span>
    </p>
   </div>
   <div class='ocr_carea' id='block_1_11' title="bbox 513 934 2084 1010">
    <p class='ocr_par' dir='ltr' id='par_1_11' title="bbox 513 934 2084 1010">
     <span class='ocr_line' id='line_1_11' title="bbox 513 934 2084 1010; baseline -0.009 -14"><span class='ocrx_word' id='word_1_58' title='bbox 513 958 656 1007; x_wconf 86' lang='lat' dir='ltr'><strong>sum,</strong></span> <span class='ocrx_word' id='word_1_59' title='bbox 692 949 979 1010; x_wconf 84' lang='lat' dir='ltr'><strong>pmpterea</strong></span> <span class='ocrx_word' id='word_1_60' title='bbox 1009 940 1205 994; x_wconf 69' lang='lat' dir='ltr'><strong>anima:</strong></span> <span class='ocrx_word' id='word_1_61' title='bbox 1232 939 1430 1008; x_wconf 68' lang='lat' dir='ltr'><strong>saapius</strong></span> <span class='ocrx_word' id='word_1_62' title='bbox 1457 934 1711 1006; x_wconf 81' lang='lat' dir='ltr'><strong>apparuit</strong></span> <span class='ocrx_word' id='word_1_63' title='bbox 1738 945 1996 1002; x_wconf 88' lang='lat' dir='ltr'><strong>sponsus,</strong></span> <span class='ocrx_word' id='word_1_64' title='bbox 2030 938 2084 983; x_wconf 90' lang='lat' dir='ltr'><strong>et</strong></span> 
     </span>
    </p>
   </div>
   <div class='ocr_carea' id='block_1_12' title="bbox 511 1019 2079 1101">
    <p class='ocr_par' dir='ltr' id='par_1_12' title="bbox 511 1019 2079 1101">
     <span class='ocr_line' id='line_1_12' title="bbox 511 1019 2079 1101; baseline -0.008 -15"><span class='ocrx_word' id='word_1_65' title='bbox 511 1043 768 1101; x_wconf 90' lang='lat' dir='ltr'><strong>tanquam</strong></span> <span class='ocrx_word' id='word_1_66' title='bbox 826 1031 1064 1084; x_wconf 91' lang='lat' dir='ltr'><strong>nondum</strong></span> <span class='ocrx_word' id='word_1_67' title='bbox 1105 1036 1434 1098; x_wconf 65' lang='lat' dir='ltr'><strong>consliectus</strong></span> <span class='ocrx_word' id='word_1_68' title='bbox 1489 1025 1685 1080; x_wconf 80' lang='lat' dir='ltr'><strong>fuisset</strong></span> <span class='ocrx_word' id='word_1_69' title='bbox 1721 1023 1842 1092; x_wconf 81' lang='lat' dir='ltr'><strong>ejus</strong></span> <span class='ocrx_word' id='word_1_70' title='bbox 1881 1019 2079 1081; x_wconf 89' lang='lat' dir='ltr'><strong>oculis,</strong></span> 
     </span>
    </p>
   </div>
   <div class='ocr_carea' id='block_1_13' title="bbox 520 1109 2084 1194">
    <p class='ocr_par' dir='ltr' id='par_1_13' title="bbox 520 1109 2084 1194">
     <span class='ocr_line' id='line_1_13' title="bbox 520 1109 2084 1194; baseline -0.008 -17"><span class='ocrx_word' id='word_1_71' title='bbox 520 1140 653 1179; x_wconf 78' lang='lat' dir='ltr'><strong>voce</strong></span> <span class='ocrx_word' id='word_1_72' title='bbox 699 1139 916 1194; x_wconf 78' lang='lat' dir='ltr'><strong>sponsa:</strong></span> <span class='ocrx_word' id='word_1_73' title='bbox 949 1131 1034 1179; x_wconf 88' lang='lat' dir='ltr'><strong>est</strong></span> <span class='ocrx_word' id='word_1_74' title='bbox 1066 1122 1347 1192; x_wconf 70' lang='lat' dir='ltr'><strong>pollicitus</strong></span> <span class='ocrx_word' id='word_1_75' title='bbox 1378 1135 1437 1174; x_wconf 89' lang='lat' dir='ltr'><strong>se</strong></span> <span class='ocrx_word' id='word_1_76' title='bbox 1463 1118 1532 1172; x_wconf 88' lang='lat' dir='ltr'><strong>ab</strong></span> <span class='ocrx_word' id='word_1_77' title='bbox 1569 1133 1634 1172; x_wconf 83' lang='lat' dir='ltr'><strong>ea</strong></span> <span class='ocrx_word' id='word_1_78' title='bbox 1667 1112 1985 1169; x_wconf 80' lang='lat' dir='ltr'><strong>videndum.</strong></span> <span class='ocrx_word' id='word_1_79' title='bbox 2017 1109 2084 1165; x_wconf 86' lang='lat' dir='ltr'><strong>Ut</strong></span> 
     </span>
    </p>
   </div>
   <div class='ocr_carea' id='block_1_14' title="bbox 515 1205 2084 1274">
    <p class='ocr_par' dir='ltr' id='par_1_14' title="bbox 515 1205 2084 1274">
     <span class='ocr_line' id='line_1_14' title="bbox 515 1205 2084 1274; baseline -0.011 -4"><span class='ocrx_word' id='word_1_80' title='bbox 515 1224 696 1270; x_wconf 88' lang='lat' dir='ltr'><strong>autem</strong></span> <span class='ocrx_word' id='word_1_81' title='bbox 738 1216 809 1269; x_wconf 91' lang='lat' dir='ltr'><strong>sit</strong></span> <span class='ocrx_word' id='word_1_82' title='bbox 847 1216 1004 1269; x_wconf 86' lang='lat' dir='ltr'><strong>nobis</strong></span> <span class='ocrx_word' id='word_1_83' title='bbox 1039 1228 1236 1269; x_wconf 86' lang='lat' dir='ltr'><strong>sensus</strong></span> <span class='ocrx_word' id='word_1_84' title='bbox 1291 1209 1602 1272; x_wconf 90' lang='lat' dir='ltr'><strong>dilucidior,</strong></span> <span class='ocrx_word' id='word_1_85' title='bbox 1653 1205 1884 1274; x_wconf 82' lang='lat' dir='ltr'><strong>exempli</strong></span> <span class='ocrx_word' id='word_1_86' title='bbox 1921 1216 2084 1257; x_wconf 87' lang='lat' dir='ltr'><strong>causa</strong></span> 
     </span>
    </p>
   </div>
   <div class='ocr_carea' id='block_1_15' title="bbox 517 1291 2084 1374">
    <p class='ocr_par' dir='ltr' id='par_1_15' title="bbox 517 1291 2084 1374">
     <span class='ocr_line' id='line_1_15' title="bbox 517 1291 2084 1374; baseline -0.01 -15"><span class='ocrx_word' id='word_1_87' title='bbox 517 1306 708 1360; x_wconf 84' lang='lat' dir='ltr'><strong>addam</strong></span> <span class='ocrx_word' id='word_1_88' title='bbox 741 1313 1035 1374; x_wconf 83' lang='lat' dir='ltr'><strong>quamdam</strong></span> <span class='ocrx_word' id='word_1_89' title='bbox 1070 1301 1507 1358; x_wconf 74' lang='lat' dir='ltr'><strong>similitudinem.</strong></span> <span class='ocrx_word' id='word_1_90' title='bbox 1537 1296 1820 1363; x_wconf 87' lang='lat' dir='ltr'><strong>Quomodo</strong></span> <span class='ocrx_word' id='word_1_91' title='bbox 1864 1293 2008 1349; x_wconf 89' lang='lat' dir='ltr'><strong>enim</strong></span> <span class='ocrx_word' id='word_1_92' title='bbox 2038 1291 2084 1346; x_wconf 89' lang='lat' dir='ltr'><strong>si</strong></span> 
     </span>
    </p>
   </div>
   <div class='ocr_carea' id='block_1_16' title="bbox 515 1384 2087 1466">
    <p class='ocr_par' dir='ltr' id='par_1_16' title="bbox 515 1384 2087 1466">
     <span class='ocr_line' id='line_1_16' title="bbox 515 1384 2087 1466; baseline -0.01 -15"><span class='ocrx_word' id='word_1_93' title='bbox 515 1397 641 1466; x_wconf 91' lang='lat' dir='ltr'><strong>quis</strong></span> <span class='ocrx_word' id='word_1_94' title='bbox 668 1394 830 1449; x_wconf 84' lang='lat' dir='ltr'><strong>fuerit</strong></span> <span class='ocrx_word' id='word_1_95' title='bbox 861 1410 1028 1464; x_wconf 82' lang='lat' dir='ltr'><strong>prope</strong></span> <span class='ocrx_word' id='word_1_96' title='bbox 1059 1395 1260 1448; x_wconf 81' lang='lat' dir='ltr'><strong>fontem</strong></span> <span class='ocrx_word' id='word_1_97' title='bbox 1290 1391 1647 1460; x_wconf 90' lang='lat' dir='ltr'><strong>illum,quem</strong></span> <span class='ocrx_word' id='word_1_98' title='bbox 1681 1403 1746 1441; x_wconf 83' lang='lat' dir='ltr'><strong>ex</strong></span> <span class='ocrx_word' id='word_1_99' title='bbox 1781 1394 1930 1440; x_wconf 88' lang='lat' dir='ltr'><strong>terra</strong></span> <span class='ocrx_word' id='word_1_100' title='bbox 1956 1384 2087 1439; x_wconf 87' lang='lat' dir='ltr'><strong>dicit</strong></span> 
     </span>
    </p>
   </div>
   <div class='ocr_carea' id='block_1_17' title="bbox 517 1476 2088 1555">
    <p class='ocr_par' dir='ltr' id='par_1_17' title="bbox 517 1476 2088 1555">
     <span class='ocr_line' id='line_1_17' title="bbox 517 1476 2088 1555; baseline -0.006 -16"><span class='ocrx_word' id='word_1_101' title='bbox 517 1487 586 1542; x_wconf 89' lang='lat' dir='ltr'><strong>ab</strong></span> <span class='ocrx_word' id='word_1_102' title='bbox 619 1486 774 1540; x_wconf 88' lang='lat' dir='ltr'><strong>initio</strong></span> <span class='ocrx_word' id='word_1_103' title='bbox 804 1485 1099 1540; x_wconf 82' lang='lat' dir='ltr'><strong>ascendere</strong></span> <span class='ocrx_word' id='word_1_104' title='bbox 1124 1482 1408 1552; x_wconf 88' lang='lat' dir='ltr'><strong>Scriptura</strong></span> <span class='ocrx_word' id='word_1_105' title='bbox 1425 1481 1492 1546; x_wconf 77' lang='grc' dir='ltr'>⁸ο,</span> <span class='ocrx_word' id='word_1_106' title='bbox 1517 1480 1608 1555; x_wconf 86' lang='lat' dir='ltr'><strong>qui</strong></span> <span class='ocrx_word' id='word_1_107' title='bbox 1638 1487 1824 1533; x_wconf 90' lang='lat' dir='ltr'><strong>tantus</strong></span> <span class='ocrx_word' id='word_1_108' title='bbox 1839 1488 1923 1533; x_wconf 85' lang='lat' dir='ltr'><strong>est</strong></span> <span class='ocrx_word' id='word_1_109' title='bbox 1947 1476 2088 1530; x_wconf 81' lang='lat' dir='ltr'><strong>mul-</strong></span> 
     </span>
    </p>
   </div>
   <div class='ocr_carea' id='block_1_18' title="bbox 516 1554 2088 1633">
    <p class='ocr_par' dir='ltr' id='par_1_18' title="bbox 516 1554 2088 1633">
     <span class='ocr_line' id='line_1_18' title="bbox 516 1554 2088 1633; baseline -0.007 -5"><span class='ocrx_word' id='word_1_110' title='bbox 516 1574 747 1628; x_wconf 86' lang='lat' dir='ltr'><strong>titudine</strong></span> <span class='ocrx_word' id='word_1_111' title='bbox 784 1581 842 1626; x_wconf 91' lang='lat' dir='ltr'><strong>ut</strong></span> <span class='ocrx_word' id='word_1_112' title='bbox 893 1573 1202 1627; x_wconf 84' lang='lat' dir='ltr'><strong>universam</strong></span> <span class='ocrx_word' id='word_1_113' title='bbox 1267 1580 1466 1626; x_wconf 87' lang='lat' dir='ltr'><strong>terram</strong></span> <span class='ocrx_word' id='word_1_114' title='bbox 1521 1554 1842 1633; x_wconf 81' lang='lat' dir='ltr'><strong>Circumeat,</strong></span> <span class='ocrx_word' id='word_1_115' title='bbox 1897 1563 2088 1620; x_wconf 81' lang='lat' dir='ltr'><strong>videns</strong></span> 
     </span>
    </p>
   </div>
   <div class='ocr_carea' id='block_1_19' title="bbox 518 1655 2090 1735">
    <p class='ocr_par' dir='ltr' id='par_1_19' title="bbox 518 1655 2090 1735">
     <span class='ocr_line' id='line_1_19' title="bbox 518 1655 2090 1735; baseline -0.006 -16"><span class='ocrx_word' id='word_1_116' title='bbox 518 1680 712 1735; x_wconf 89' lang='lat' dir='ltr'><strong>aquam</strong></span> <span class='ocrx_word' id='word_1_117' title='bbox 744 1664 889 1718; x_wconf 84' lang='lat' dir='ltr'><strong>illam</strong></span> <span class='ocrx_word' id='word_1_118' title='bbox 930 1664 1220 1728; x_wconf 68' lang='lat' dir='ltr'><strong>infinitam,</strong></span> <span class='ocrx_word' id='word_1_119' title='bbox 1253 1677 1375 1732; x_wconf 59' lang='lat' dir='ltr'><strong>quae</strong></span> <span class='ocrx_word' id='word_1_120' title='bbox 1405 1677 1468 1717; x_wconf 85' lang='lat' dir='ltr'><strong>ex</strong></span> <span class='ocrx_word' id='word_1_121' title='bbox 1495 1675 1562 1715; x_wconf 89' lang='lat' dir='ltr'><strong>eo</strong></span> <span class='ocrx_word' id='word_1_122' title='bbox 1585 1658 1810 1713; x_wconf 91' lang='lat' dir='ltr'><strong>omnino</strong></span> <span class='ocrx_word' id='word_1_123' title='bbox 1848 1655 2016 1712; x_wconf 82' lang='lat' dir='ltr'><strong>etlluit</strong></span> <span class='ocrx_word' id='word_1_124' title='bbox 2037 1661 2090 1709; x_wconf 83' lang='lat' dir='ltr'><strong>et</strong></span> 
     </span>
    </p>
   </div>
   <div class='ocr_carea' id='block_1_20' title="bbox 516 1750 2088 1821">
    <p class='ocr_par' dir='ltr' id='par_1_20' title="bbox 516 1750 2088 1821">
     <span class='ocr_line' id='line_1_20' title="bbox 516 1750 2088 1821; baseline -0.008 -9"><span class='ocrx_word' id='word_1_125' title='bbox 516 1756 839 1821; x_wconf 80' lang='lat' dir='ltr'><strong>eﬂ‘unditur,</strong></span> <span class='ocrx_word' id='word_1_126' title='bbox 895 1771 1006 1810; x_wconf 90' lang='lat' dir='ltr'><strong>non</strong></span> <span class='ocrx_word' id='word_1_127' title='bbox 1065 1754 1268 1810; x_wconf 78' lang='lat' dir='ltr'><strong>dixerit</strong></span> <span class='ocrx_word' id='word_1_128' title='bbox 1307 1770 1367 1809; x_wconf 88' lang='lat' dir='ltr'><strong>se</strong></span> <span class='ocrx_word' id='word_1_129' title='bbox 1411 1761 1584 1808; x_wconf 89' lang='lat' dir='ltr'><strong>totam</strong></span> <span class='ocrx_word' id='word_1_130' title='bbox 1621 1750 1825 1806; x_wconf 85' lang='lat' dir='ltr'><strong>vidisse</strong></span> <span class='ocrx_word' id='word_1_131' title='bbox 1871 1762 2088 1816; x_wconf 86' lang='lat' dir='ltr'><strong>aquam.</strong></span> 
     </span>
    </p>
   </div>
   <div class='ocr_carea' id='block_1_21' title="bbox 517 1836 2092 1913">
    <p class='ocr_par' dir='ltr' id='par_1_21' title="bbox 517 1836 2092 1913">
     <span class='ocr_line' id='line_1_21' title="bbox 517 1836 2092 1913; baseline -0.009 -11"><span class='ocrx_word' id='word_1_132' title='bbox 517 1845 988 1912; x_wconf 85' lang='lat' dir='ltr'><strong>Quemadmodum</strong></span> <span class='ocrx_word' id='word_1_133' title='bbox 1027 1845 1174 1900; x_wconf 89' lang='lat' dir='ltr'><strong>enim</strong></span> <span class='ocrx_word' id='word_1_134' title='bbox 1203 1843 1402 1898; x_wconf 82' lang='lat' dir='ltr'><strong>viderit</strong></span> <span class='ocrx_word' id='word_1_135' title='bbox 1439 1842 1584 1913; x_wconf 82' lang='lat' dir='ltr'><strong>quod</strong></span> <span class='ocrx_word' id='word_1_136' title='bbox 1615 1849 1694 1896; x_wconf 90' lang='lat' dir='ltr'><strong>est</strong></span> <span class='ocrx_word' id='word_1_137' title='bbox 1730 1839 2006 1893; x_wconf 90' lang='lat' dir='ltr'><strong>occultum</strong></span> <span class='ocrx_word' id='word_1_138' title='bbox 2036 1836 2092 1889; x_wconf 88' lang='lat' dir='ltr'><strong>in</strong></span> 
     </span>
    </p>
   </div>
   <div class='ocr_carea' id='block_1_22' title="bbox 518 1929 2090 1997">
    <p class='ocr_par' dir='ltr' id='par_1_22' title="bbox 518 1929 2090 1997">
     <span class='ocr_line' id='line_1_22' title="bbox 518 1929 2090 1997; baseline -0.009 -4"><span class='ocrx_word' id='word_1_139' title='bbox 518 1939 645 1993; x_wconf 88' lang='lat' dir='ltr'><strong>sinu</strong></span> <span class='ocrx_word' id='word_1_140' title='bbox 678 1946 837 1991; x_wconf 83' lang='lat' dir='ltr'><strong>terrae</strong></span> <span class='ocrx_word' id='word_1_141' title='bbox 862 1937 884 1990; x_wconf 89' lang='lat'><strong>?</strong></span> <span class='ocrx_word' id='word_1_142' title='bbox 909 1936 1045 1991; x_wconf 90' lang='lat' dir='ltr'><strong>adeo</strong></span> <span class='ocrx_word' id='word_1_143' title='bbox 1077 1945 1136 1989; x_wconf 92' lang='lat' dir='ltr'><strong>ut</strong></span> <span class='ocrx_word' id='word_1_144' title='bbox 1169 1935 1384 1989; x_wconf 89' lang='lat' dir='ltr'><strong>etiamsi</strong></span> <span class='ocrx_word' id='word_1_145' title='bbox 1417 1933 1510 1987; x_wconf 89' lang='lat' dir='ltr'><strong>diu</strong></span> <span class='ocrx_word' id='word_1_146' title='bbox 1545 1940 1762 1986; x_wconf 75' lang='lat' dir='ltr'><strong>maneat</strong></span> <span class='ocrx_word' id='word_1_147' title='bbox 1792 1929 1860 1996; x_wconf 86' lang='lat' dir='ltr'><strong>ad</strong></span> <span class='ocrx_word' id='word_1_148' title='bbox 1895 1942 2090 1997; x_wconf 87' lang='lat' dir='ltr'><strong>aquam</strong></span> 
     </span>
    </p>
   </div>
   <div class='ocr_carea' id='block_1_23' title="bbox 518 2018 2089 2096">
    <p class='ocr_par' dir='ltr' id='par_1_23' title="bbox 518 2018 2089 2096">
     <span class='ocr_line' id='line_1_23' title="bbox 518 2018 2089 2096; baseline -0.008 -13"><span class='ocrx_word' id='word_1_149' title='bbox 518 2029 913 2090; x_wconf 75' lang='lat' dir='ltr'><strong>salientem,est</strong></span> <span class='ocrx_word' id='word_1_150' title='bbox 931 2042 1148 2096; x_wconf 87' lang='lat' dir='ltr'><strong>semper</strong></span> <span class='ocrx_word' id='word_1_151' title='bbox 1166 2027 1221 2080; x_wconf 93' lang='lat' dir='ltr'><strong>in</strong></span> <span class='ocrx_word' id='word_1_152' title='bbox 1243 2025 1401 2077; x_wconf 87' lang='lat' dir='ltr'><strong>initio</strong></span> <span class='ocrx_word' id='word_1_153' title='bbox 1419 2039 1572 2093; x_wconf 75' lang='lat' dir='ltr'><strong>aqua:</strong></span> <span class='ocrx_word' id='word_1_154' title='bbox 1595 2018 2089 2090; x_wconf 79' lang='lat' dir='ltr'><strong>contemplationis.</strong></span> 
     </span>
    </p>
   </div>
   <div class='ocr_carea' id='block_1_24' title="bbox 517 2110 2092 2185">
    <p class='ocr_par' dir='ltr' id='par_1_24' title="bbox 517 2110 2092 2185">
     <span class='ocr_line' id='line_1_24' title="bbox 517 2110 2092 2185; baseline -0.006 -12"><span class='ocrx_word' id='word_1_155' title='bbox 517 2118 637 2173; x_wconf 78' lang='lat' dir='ltr'><strong>Non</strong></span> <span class='ocrx_word' id='word_1_156' title='bbox 666 2119 812 2172; x_wconf 90' lang='lat' dir='ltr'><strong>enim</strong></span> <span class='ocrx_word' id='word_1_157' title='bbox 837 2125 1021 2171; x_wconf 86' lang='lat' dir='ltr'><strong>cessat</strong></span> <span class='ocrx_word' id='word_1_158' title='bbox 1045 2131 1205 2185; x_wconf 86' lang='lat' dir='ltr'><strong>aqua,</strong></span> <span class='ocrx_word' id='word_1_159' title='bbox 1227 2123 1281 2169; x_wconf 93' lang='lat' dir='ltr'><strong>et</strong></span> <span class='ocrx_word' id='word_1_160' title='bbox 1308 2129 1524 2183; x_wconf 87' lang='lat' dir='ltr'><strong>semper</strong></span> <span class='ocrx_word' id='word_1_161' title='bbox 1545 2113 1721 2166; x_wconf 85' lang='lat' dir='ltr'><strong>ﬂuens</strong></span> <span class='ocrx_word' id='word_1_162' title='bbox 1741 2121 1794 2165; x_wconf 89' lang='lat' dir='ltr'><strong>et</strong></span> <span class='ocrx_word' id='word_1_163' title='bbox 1825 2110 2092 2178; x_wconf 85' lang='lat' dir='ltr'><strong>incipiens</strong></span> 
     </span>
    </p>
   </div>
   <div class='ocr_carea' id='block_1_25' title="bbox 519 2204 2091 2276">
    <p class='ocr_par' dir='ltr' id='par_1_25' title="bbox 519 2204 2091 2276">
     <span class='ocr_line' id='line_1_25' title="bbox 519 2204 2091 2276; baseline -0.008 -10"><span class='ocrx_word' id='word_1_164' title='bbox 519 2210 815 2266; x_wconf 85' lang='lat' dir='ltr'><strong>seaturire.</strong></span> <span class='ocrx_word' id='word_1_165' title='bbox 872 2206 963 2263; x_wconf 90' lang='lat' dir='ltr'><strong>Sic</strong></span> <span class='ocrx_word' id='word_1_166' title='bbox 1001 2215 1072 2262; x_wconf 81' lang='grc' dir='ltr'><strong>-ει</strong></span> <span class='ocrx_word' id='word_1_167' title='bbox 1129 2208 1224 2276; x_wconf 90' lang='lat' dir='ltr'><strong>qui</strong></span> <span class='ocrx_word' id='word_1_168' title='bbox 1277 2207 1345 2260; x_wconf 89' lang='lat' dir='ltr'><strong>ad</strong></span> <span class='ocrx_word' id='word_1_169' title='bbox 1381 2207 1529 2258; x_wconf 88' lang='lat' dir='ltr'><strong>illam</strong></span> <span class='ocrx_word' id='word_1_170' title='bbox 1587 2204 1829 2258; x_wconf 89' lang='lat' dir='ltr'><strong>divinam</strong></span> <span class='ocrx_word' id='word_1_171' title='bbox 1873 2210 1928 2256; x_wconf 89' lang='lat' dir='ltr'><strong>et</strong></span> <span class='ocrx_word' id='word_1_172' title='bbox 1984 2216 2091 2255; x_wconf 92' lang='lat' dir='ltr'><strong>non</strong></span> 
     </span>
    </p>
   </div>
   <div class='ocr_carea' id='block_1_26' title="bbox 518 2292 2091 2369">
    <p class='ocr_par' dir='ltr' id='par_1_26' title="bbox 518 2292 2091 2369">
     <span class='ocr_line' id='line_1_26' title="bbox 518 2292 2091 2369; baseline -0.005 -15"><span class='ocrx_word' id='word_1_173' title='bbox 518 2298 908 2369; x_wconf 87' lang='lat' dir='ltr'><strong>aspectabilem</strong></span> <span class='ocrx_word' id='word_1_174' title='bbox 943 2297 1141 2366; x_wconf 87' lang='lat' dir='ltr'><strong>aspicit</strong></span> <span class='ocrx_word' id='word_1_175' title='bbox 1190 2295 1680 2367; x_wconf 87' lang='lat' dir='ltr'><strong>pulchritudinem,</strong></span> <span class='ocrx_word' id='word_1_176' title='bbox 1718 2292 1936 2365; x_wconf 82' lang='lat' dir='ltr'><strong>quando</strong></span> <span class='ocrx_word' id='word_1_177' title='bbox 1966 2293 2091 2362; x_wconf 84' lang='lat' dir='ltr'><strong>qui-</strong></span> 
     </span>
    </p>
   </div>
   <div class='ocr_carea' id='block_1_27' title="bbox 519 2385 2092 2459">
    <p class='ocr_par' dir='ltr' id='par_1_27' title="bbox 519 2385 2092 2459">
     <span class='ocr_line' id='line_1_27' title="bbox 519 2385 2092 2459; baseline -0.005 -15"><span class='ocrx_word' id='word_1_178' title='bbox 519 2391 644 2446; x_wconf 89' lang='lat' dir='ltr'><strong>dem</strong></span> <span class='ocrx_word' id='word_1_179' title='bbox 677 2389 822 2459; x_wconf 87' lang='lat' dir='ltr'><strong>quod</strong></span> <span class='ocrx_word' id='word_1_180' title='bbox 856 2403 1071 2456; x_wconf 87' lang='lat' dir='ltr'><strong>semper</strong></span> <span class='ocrx_word' id='word_1_181' title='bbox 1103 2388 1396 2450; x_wconf 84' lang='lat' dir='ltr'><strong>invenitur,</strong></span> <span class='ocrx_word' id='word_1_182' title='bbox 1435 2387 1710 2440; x_wconf 80' lang='lat' dir='ltr'><strong>recentius</strong></span> <span class='ocrx_word' id='word_1_183' title='bbox 1749 2394 1802 2438; x_wconf 91' lang='lat' dir='ltr'><strong>et</strong></span> <span class='ocrx_word' id='word_1_184' title='bbox 1853 2385 2092 2439; x_wconf 86' lang='lat' dir='ltr'><strong>admira-</strong></span> 
     </span>
    </p>
   </div>
   <div class='ocr_carea' id='block_1_28' title="bbox 523 2476 2091 2549">
    <p class='ocr_par' dir='ltr' id='par_1_28' title="bbox 523 2476 2091 2549">
     <span class='ocr_line' id='line_1_28' title="bbox 523 2476 2091 2549; baseline -0.004 -13"><span class='ocrx_word' id='word_1_185' title='bbox 523 2483 688 2536; x_wconf 80' lang='lat' dir='ltr'><strong>bilius</strong></span> <span class='ocrx_word' id='word_1_186' title='bbox 734 2480 958 2534; x_wconf 90' lang='lat' dir='ltr'><strong>omnino</strong></span> <span class='ocrx_word' id='word_1_187' title='bbox 990 2480 1275 2546; x_wconf 89' lang='lat' dir='ltr'><strong>cernitur,</strong></span> <span class='ocrx_word' id='word_1_188' title='bbox 1334 2492 1510 2549; x_wconf 89' lang='lat' dir='ltr'><strong>quanr</strong></span> <span class='ocrx_word' id='word_1_189' title='bbox 1549 2478 1603 2532; x_wconf 90' lang='lat' dir='ltr'><strong>id</strong></span> <span class='ocrx_word' id='word_1_190' title='bbox 1649 2478 1796 2549; x_wconf 88' lang='lat' dir='ltr'><strong>quod</strong></span> <span class='ocrx_word' id='word_1_191' title='bbox 1852 2485 1937 2532; x_wconf 91' lang='lat' dir='ltr'><strong>est</strong></span> <span class='ocrx_word' id='word_1_192' title='bbox 1979 2476 2091 2541; x_wconf 87' lang='lat' dir='ltr'><strong>jam</strong></span> 
     </span>
    </p>
   </div>
   <div class='ocr_carea' id='block_1_29' title="bbox 522 2569 2095 2640">
    <p class='ocr_par' dir='ltr' id='par_1_29' title="bbox 522 2569 2095 2640">
     <span class='ocr_line' id='line_1_29' title="bbox 522 2569 2095 2640; baseline -0.004 -13"><span class='ocrx_word' id='word_1_193' title='bbox 522 2573 997 2640; x_wconf 77' lang='lat' dir='ltr'><strong>comprehensum,</strong></span> <span class='ocrx_word' id='word_1_194' title='bbox 1054 2571 1288 2624; x_wconf 86' lang='lat' dir='ltr'><strong>miratur</strong></span> <span class='ocrx_word' id='word_1_195' title='bbox 1321 2569 1544 2640; x_wconf 88' lang='lat' dir='ltr'><strong>quidem</strong></span> <span class='ocrx_word' id='word_1_196' title='bbox 1587 2569 1638 2623; x_wconf 89' lang='lat' dir='ltr'><strong>id</strong></span> <span class='ocrx_word' id='word_1_197' title='bbox 1690 2569 1838 2639; x_wconf 88' lang='lat' dir='ltr'><strong>quod</strong></span> <span class='ocrx_word' id='word_1_198' title='bbox 1881 2582 2095 2637; x_wconf 87' lang='lat' dir='ltr'><strong>semper</strong></span> 
     </span>
    </p>
   </div>
   <div class='ocr_carea' id='block_1_30' title="bbox 521 2657 2093 2735">
    <p class='ocr_par' dir='ltr' id='par_1_30' title="bbox 521 2657 2093 2735">
     <span class='ocr_line' id='line_1_30' title="bbox 521 2657 2093 2735; baseline -0.004 -18"><span class='ocrx_word' id='word_1_199' title='bbox 521 2672 770 2735; x_wconf 86' lang='lat' dir='ltr'><strong>apparet,</strong></span> <span class='ocrx_word' id='word_1_200' title='bbox 795 2664 1035 2716; x_wconf 89' lang='lat' dir='ltr'><strong>nondum</strong></span> <span class='ocrx_word' id='word_1_201' title='bbox 1063 2671 1246 2716; x_wconf 89' lang='lat' dir='ltr'><strong>autem</strong></span> <span class='ocrx_word' id='word_1_202' title='bbox 1268 2661 1485 2716; x_wconf 86' lang='lat' dir='ltr'><strong>desistit</strong></span> <span class='ocrx_word' id='word_1_203' title='bbox 1509 2677 1538 2714; x_wconf 91' lang='lat' dir='ltr'><strong>a</strong></span> <span class='ocrx_word' id='word_1_204' title='bbox 1561 2660 1838 2714; x_wconf 85' lang='lat' dir='ltr'><strong>desiderio</strong></span> <span class='ocrx_word' id='word_1_205' title='bbox 1856 2657 2093 2721; x_wconf 89' lang='lat' dir='ltr'><strong>videndi,</strong></span> 
     </span>
    </p>
   </div>
   <div class='ocr_carea' id='block_1_31' title="bbox 523 2749 2095 2826">
    <p class='ocr_par' dir='ltr' id='par_1_31' title="bbox 523 2749 2095 2826">
     <span class='ocr_line' id='line_1_31' title="bbox 523 2749 2095 2826; baseline -0.003 -18"><span class='ocrx_word' id='word_1_206' title='bbox 523 2762 812 2826; x_wconf 87' lang='lat' dir='ltr'><strong>propterea</strong></span> <span class='ocrx_word' id='word_1_207' title='bbox 846 2753 993 2824; x_wconf 84' lang='lat' dir='ltr'><strong>quod</strong></span> <span class='ocrx_word' id='word_1_208' title='bbox 1033 2754 1279 2823; x_wconf 85' lang='lat' dir='ltr'><strong>quolibet</strong></span> <span class='ocrx_word' id='word_1_209' title='bbox 1311 2752 1456 2822; x_wconf 90' lang='lat' dir='ltr'><strong>quod</strong></span> <span class='ocrx_word' id='word_1_210' title='bbox 1489 2751 1732 2804; x_wconf 90' lang='lat' dir='ltr'><strong>cernitur</strong></span> <span class='ocrx_word' id='word_1_211' title='bbox 1770 2751 1825 2802; x_wconf 82' lang='lat' dir='ltr'><strong>ﬁt</strong></span> <span class='ocrx_word' id='word_1_212' title='bbox 1860 2749 2095 2804; x_wconf 85' lang='lat' dir='ltr'><strong>divinius</strong></span> 
     </span>
    </p>
   </div>
   <div class='ocr_carea' id='block_1_32' title="bbox 522 2839 2096 2910">
    <p class='ocr_par' dir='ltr' id='par_1_32' title="bbox 522 2839 2096 2910">
     <span class='ocr_line' id='line_1_32' title="bbox 522 2839 2096 2910; baseline -0.002 -15"><span class='ocrx_word' id='word_1_213' title='bbox 522 2852 576 2895; x_wconf 88' lang='lat' dir='ltr'><strong>et</strong></span> <span class='ocrx_word' id='word_1_214' title='bbox 629 2841 1068 2910; x_wconf 76' lang='lat' dir='ltr'><strong>magnificentius</strong></span> <span class='ocrx_word' id='word_1_215' title='bbox 1119 2841 1170 2895; x_wconf 90' lang='lat' dir='ltr'><strong>id</strong></span> <span class='ocrx_word' id='word_1_216' title='bbox 1220 2842 1362 2910; x_wconf 89' lang='lat' dir='ltr'><strong>quod</strong></span> <span class='ocrx_word' id='word_1_217' title='bbox 1393 2847 1763 2909; x_wconf 81' lang='lat' dir='ltr'><strong>exspectatur.</strong></span> <span class='ocrx_word' id='word_1_218' title='bbox 1803 2839 2096 2908; x_wconf 82' lang='lat' dir='ltr'><strong>Propterea</strong></span> 
     </span>
    </p>
   </div>
   <div class='ocr_carea' id='block_1_33' title="bbox 524 2931 2096 3005">
    <p class='ocr_par' dir='ltr' id='par_1_33' title="bbox 524 2931 2096 3005">
     <span class='ocr_line' id='line_1_33' title="bbox 524 2931 2096 3005; baseline -0.003 -16"><span class='ocrx_word' id='word_1_219' title='bbox 524 2951 659 3005; x_wconf 76' lang='lat' dir='ltr'><strong>ergo</strong></span> <span class='ocrx_word' id='word_1_220' title='bbox 680 2935 764 2988; x_wconf 90' lang='lat' dir='ltr'><strong>hic</strong></span> <span class='ocrx_word' id='word_1_221' title='bbox 788 2949 1005 3004; x_wconf 88' lang='lat' dir='ltr'><strong>quoque</strong></span> <span class='ocrx_word' id='word_1_222' title='bbox 1030 2949 1230 3003; x_wconf 88' lang='lat' dir='ltr'><strong>sponsa</strong></span> <span class='ocrx_word' id='word_1_223' title='bbox 1254 2948 1466 3002; x_wconf 89' lang='lat' dir='ltr'><strong>semper</strong></span> <span class='ocrx_word' id='word_1_224' title='bbox 1483 2931 1764 2987; x_wconf 88' lang='lat' dir='ltr'><strong>admirans</strong></span> <span class='ocrx_word' id='word_1_225' title='bbox 1790 2940 1846 2985; x_wconf 88' lang='lat' dir='ltr'><strong>et</strong></span> <span class='ocrx_word' id='word_1_226' title='bbox 1869 2941 2096 3000; x_wconf 87' lang='lat' dir='ltr'><strong>stupens</strong></span> 
     </span>
    </p>
   </div>
   <div class='ocr_carea' id='block_1_34' title="bbox 525 3022 2095 3094">
    <p class='ocr_par' dir='ltr' id='par_1_34' title="bbox 525 3022 2095 3094">
     <span class='ocr_line' id='line_1_34' title="bbox 525 3022 2095 3094; baseline -0.003 -17"><span class='ocrx_word' id='word_1_227' title='bbox 525 3026 578 3080; x_wconf 90' lang='lat' dir='ltr'><strong>id</strong></span> <span class='ocrx_word' id='word_1_228' title='bbox 624 3025 767 3094; x_wconf 91' lang='lat' dir='ltr'><strong>quod</strong></span> <span class='ocrx_word' id='word_1_229' title='bbox 829 3025 1204 3094; x_wconf 76' lang='lat' dir='ltr'><strong>cognoscitur,</strong></span> <span class='ocrx_word' id='word_1_230' title='bbox 1263 3037 1545 3091; x_wconf 88' lang='lat' dir='ltr'><strong>nunquam</strong></span> <span class='ocrx_word' id='word_1_231' title='bbox 1587 3022 1642 3075; x_wconf 91' lang='lat' dir='ltr'><strong>in</strong></span> <span class='ocrx_word' id='word_1_232' title='bbox 1695 3022 1763 3075; x_wconf 89' lang='lat' dir='ltr'><strong>iis</strong></span> <span class='ocrx_word' id='word_1_233' title='bbox 1805 3037 1924 3091; x_wconf 62' lang='lat' dir='ltr'><strong>quae</strong></span> <span class='ocrx_word' id='word_1_234' title='bbox 1967 3027 2095 3078; x_wconf 88' lang='lat' dir='ltr'><strong>sunt</strong></span> 
     </span>
    </p>
   </div>
   <div class='ocr_carea' id='block_1_35' title="bbox 526 3109 2099 3182">
    <p class='ocr_par' dir='ltr' id='par_1_35' title="bbox 526 3109 2099 3182">
     <span class='ocr_line' id='line_1_35' title="bbox 526 3109 2099 3182; baseline -0.001 -16"><span class='ocrx_word' id='word_1_235' title='bbox 526 3114 744 3182; x_wconf 80' lang='lat' dir='ltr'><strong>cognita</strong></span> <span class='ocrx_word' id='word_1_236' title='bbox 782 3112 928 3166; x_wconf 86' lang='lat' dir='ltr'><strong>sistit</strong></span> <span class='ocrx_word' id='word_1_237' title='bbox 959 3111 1294 3166; x_wconf 84' lang='lat' dir='ltr'><strong>desiderium</strong></span> <span class='ocrx_word' id='word_1_238' title='bbox 1341 3110 1461 3178; x_wconf 85' lang='lat' dir='ltr'><strong>ejus</strong></span> <span class='ocrx_word' id='word_1_239' title='bbox 1487 3109 1633 3178; x_wconf 91' lang='lat' dir='ltr'><strong>quod</strong></span> <span class='ocrx_word' id='word_1_240' title='bbox 1686 3111 1832 3164; x_wconf 87' lang='lat' dir='ltr'><strong>venit</strong></span> <span class='ocrx_word' id='word_1_241' title='bbox 1882 3111 1936 3163; x_wconf 94' lang='lat' dir='ltr'><strong>in</strong></span> <span class='ocrx_word' id='word_1_242' title='bbox 1968 3125 2099 3165; x_wconf 88' lang='lat' dir='ltr'><strong>con-</strong></span> 
     </span>
    </p>
   </div>
   <div class='ocr_carea' id='block_1_36' title="bbox 527 3201 2096 3272">
    <p class='ocr_par' dir='ltr' id='par_1_36' title="bbox 527 3201 2096 3272">
     <span class='ocr_line' id='line_1_36' title="bbox 527 3201 2096 3272; baseline -0.001 -17"><span class='ocrx_word' id='word_1_243' title='bbox 527 3203 958 3272; x_wconf 86' lang='lat' dir='ltr'><strong>templationem.</strong></span> <span class='ocrx_word' id='word_1_244' title='bbox 994 3201 1360 3265; x_wconf 83' lang='lat' dir='ltr'><strong>Quamobrem</strong></span> <span class='ocrx_word' id='word_1_245' title='bbox 1395 3215 1540 3253; x_wconf 86' lang='lat' dir='ltr'><strong>nunc</strong></span> <span class='ocrx_word' id='word_1_246' title='bbox 1569 3215 1789 3268; x_wconf 88' lang='lat' dir='ltr'><strong>quoq-ue</strong></span> <span class='ocrx_word' id='word_1_247' title='bbox 1838 3209 2096 3267; x_wconf 88' lang='lat' dir='ltr'><strong>tanquam</strong></span> 
     </span>
    </p>
   </div>
   <div class='ocr_carea' id='block_1_37' title="bbox 525 3287 2096 3359">
    <p class='ocr_par' dir='ltr' id='par_1_37' title="bbox 525 3287 2096 3359">
     <span class='ocr_line' id='line_1_37' title="bbox 525 3287 2096 3359; baseline -0.001 -14"><span class='ocrx_word' id='word_1_248' title='bbox 525 3291 596 3345; x_wconf 90' lang='lat' dir='ltr'><strong>ad</strong></span> <span class='ocrx_word' id='word_1_249' title='bbox 629 3291 831 3345; x_wconf 90' lang='lat' dir='ltr'><strong>ostium</strong></span> <span class='ocrx_word' id='word_1_250' title='bbox 887 3291 1116 3359; x_wconf 89' lang='lat' dir='ltr'><strong>pulsans</strong></span> <span class='ocrx_word' id='word_1_251' title='bbox 1164 3290 1332 3344; x_wconf 88' lang='lat' dir='ltr'><strong>sentit</strong></span> <span class='ocrx_word' id='word_1_252' title='bbox 1365 3287 1623 3352; x_wconf 77' lang='lat' dir='ltr'><strong>Verbum,</strong></span> <span class='ocrx_word' id='word_1_253' title='bbox 1655 3298 1709 3343; x_wconf 87' lang='lat' dir='ltr'><strong>et</strong></span> <span class='ocrx_word' id='word_1_254' title='bbox 1740 3289 1822 3342; x_wconf 85' lang='lat' dir='ltr'><strong>-ad</strong></span> <span class='ocrx_word' id='word_1_255' title='bbox 1854 3289 2096 3344; x_wconf 77' lang='lat' dir='ltr'><strong>auditum</strong></span> 
     </span>
    </p>
   </div>
   <div class='ocr_carea' id='block_1_38' title="bbox 526 3380 2097 3452">
    <p class='ocr_par' dir='ltr' id='par_1_38' title="bbox 526 3380 2097 3452">
     <span class='ocr_line' id='line_1_38' title="bbox 526 3380 2097 3452; baseline -0.002 -14"><span class='ocrx_word' id='word_1_256' title='bbox 526 3385 781 3452; x_wconf 78' lang='lat' dir='ltr'><strong>surgitet</strong></span> <span class='ocrx_word' id='word_1_257' title='bbox 809 3382 978 3436; x_wconf 83' lang='lat' dir='ltr'><strong>dicit:</strong></span> <span class='ocrx_word' id='word_1_258' title='bbox 1022 3381 1134 3434; x_wconf 79' lang='lat' dir='ltr'><strong>Vox</strong></span> <span class='ocrx_word' id='word_1_259' title='bbox 1154 3381 1410 3451; x_wconf 79' lang='lat' dir='ltr'><strong>patruelis</strong></span> <span class='ocrx_word' id='word_1_260' title='bbox 1447 3381 1547 3434; x_wconf 83' lang='lat' dir='ltr'><strong>mei</strong></span> <span class='ocrx_word' id='word_1_261' title='bbox 1580 3381 1757 3450; x_wconf 80' lang='lat' dir='ltr'><strong>pulsat</strong></span> <span class='ocrx_word' id='word_1_262' title='bbox 1791 3380 1858 3434; x_wconf 80' lang='lat' dir='ltr'><strong>ad</strong></span> <span class='ocrx_word' id='word_1_263' title='bbox 1883 3384 2097 3436; x_wconf 82' lang='lat' dir='ltr'><strong>ostium.</strong></span> 
     </span>
    </p>
   </div>
   <div class='ocr_carea' id='block_1_39' title="bbox 525 3473 2102 3542">
    <p class='ocr_par' dir='ltr' id='par_1_39' title="bbox 525 3473 2102 3542">
     <span class='ocr_line' id='line_1_39' title="bbox 525 3473 2102 3542; baseline -0.001 -14"><span class='ocrx_word' id='word_1_264' title='bbox 525 3475 731 3529; x_wconf 86' lang='lat' dir='ltr'><strong>Deinde</strong></span> <span class='ocrx_word' id='word_1_265' title='bbox 760 3489 883 3529; x_wconf 89' lang='lat' dir='ltr'><strong>cum</strong></span> <span class='ocrx_word' id='word_1_266' title='bbox 939 3473 1211 3528; x_wconf 86' lang='lat' dir='ltr'><strong>auditioni</strong></span> <span class='ocrx_word' id='word_1_267' title='bbox 1254 3474 1500 3528; x_wconf 84' lang='lat' dir='ltr'><strong>dedisset</strong></span> <span class='ocrx_word' id='word_1_268' title='bbox 1551 3473 1788 3542; x_wconf 85' lang='lat' dir='ltr'><strong>quietem</strong></span> <span class='ocrx_word' id='word_1_269' title='bbox 1839 3490 1902 3527; x_wconf 86' lang='lat' dir='ltr'><strong>ac</strong></span> <span class='ocrx_word' id='word_1_270' title='bbox 1934 3474 2102 3527; x_wconf 85' lang='lat' dir='ltr'><strong>silen-</strong></span> 
     </span>
    </p>
   </div>
   <div class='ocr_carea' id='block_1_40' title="bbox 525 3564 2098 3633">
    <p class='ocr_par' dir='ltr' id='par_1_40' title="bbox 525 3564 2098 3633">
     <span class='ocr_line' id='line_1_40' title="bbox 525 3564 2098 3633; baseline -0.003 -13"><span class='ocrx_word' id='word_1_271' title='bbox 525 3568 684 3630; x_wconf 88' lang='lat' dir='ltr'><strong>tium,</strong></span> <span class='ocrx_word' id='word_1_272' title='bbox 719 3567 871 3620; x_wconf 88' lang='lat' dir='ltr'><strong>audit</strong></span> <span class='ocrx_word' id='word_1_273' title='bbox 895 3564 1132 3620; x_wconf 83' lang='lat' dir='ltr'><strong>Verbum</strong></span> <span class='ocrx_word' id='word_1_274' title='bbox 1161 3566 1241 3620; x_wconf 90' lang='lat' dir='ltr'><strong>sic</strong></span> <span class='ocrx_word' id='word_1_275' title='bbox 1268 3581 1399 3620; x_wconf 90' lang='lat' dir='ltr'><strong>voce</strong></span> <span class='ocrx_word' id='word_1_276' title='bbox 1428 3579 1696 3619; x_wconf 80' lang='lat' dir='ltr'><strong>resonans</strong></span> <span class='ocrx_word' id='word_1_277' title='bbox 1725 3582 1738 3618; x_wconf 88' lang='lat'><strong>:</strong></span> <span class='ocrx_word' id='word_1_278' title='bbox 1770 3565 1928 3633; x_wconf 76' lang='lat' dir='ltr'><strong>Aperi</strong></span> <span class='ocrx_word' id='word_1_279' title='bbox 1953 3565 2098 3627; x_wconf 82' lang='lat' dir='ltr'><strong>mihi,</strong></span> 
     </span>
    </p>
   </div>
   <div class='ocr_carea' id='block_1_41' title="bbox 526 3655 2099 3726">
    <p class='ocr_par' dir='ltr' id='par_1_41' title="bbox 526 3655 2099 3726">
     <span class='ocr_line' id='line_1_41' title="bbox 526 3655 2099 3726; baseline -0.003 -16"><span class='ocrx_word' id='word_1_280' title='bbox 526 3674 676 3711; x_wconf 83' lang='lat' dir='ltr'><strong>soror</strong></span> <span class='ocrx_word' id='word_1_281' title='bbox 708 3675 843 3723; x_wconf 85' lang='lat' dir='ltr'><strong>mea,</strong></span> <span class='ocrx_word' id='word_1_282' title='bbox 894 3658 1140 3710; x_wconf 85' lang='lat' dir='ltr'><strong>columba</strong></span> <span class='ocrx_word' id='word_1_283' title='bbox 1173 3674 1308 3719; x_wconf 82' lang='lat' dir='ltr'><strong>mea,</strong></span> <span class='ocrx_word' id='word_1_284' title='bbox 1357 3655 1588 3726; x_wconf 76' lang='lat' dir='ltr'><strong>perfecta</strong></span> <span class='ocrx_word' id='word_1_285' title='bbox 1644 3671 1803 3709; x_wconf 85' lang='lat' dir='ltr'><strong>mea:</strong></span> <span class='ocrx_word' id='word_1_286' title='bbox 1855 3656 2099 3724; x_wconf 82' lang='lat' dir='ltr'><strong>quoniam</strong></span> 
     </span>
    </p>
   </div>
   <div class='ocr_carea' id='block_1_42' title="bbox 526 3745 2100 3817">
    <p class='ocr_par' dir='ltr' id='par_1_42' title="bbox 526 3745 2100 3817">
     <span class='ocr_line' id='line_1_42' title="bbox 526 3745 2100 3817; baseline -0.004 -13"><span class='ocrx_word' id='word_1_287' title='bbox 526 3759 681 3816; x_wconf 84' lang='lat' dir='ltr'><strong>caput</strong></span> <span class='ocrx_word' id='word_1_288' title='bbox 709 3765 876 3802; x_wconf 84' lang='lat' dir='ltr'><strong>meum</strong></span> <span class='ocrx_word' id='word_1_289' title='bbox 905 3749 1116 3817; x_wconf 79' lang='lat' dir='ltr'><strong>plenum</strong></span> <span class='ocrx_word' id='word_1_290' title='bbox 1147 3757 1225 3802; x_wconf 75' lang='lat' dir='ltr'><strong>est</strong></span> <span class='ocrx_word' id='word_1_291' title='bbox 1257 3765 1394 3811; x_wconf 85' lang='lat' dir='ltr'><strong>rore,</strong></span> <span class='ocrx_word' id='word_1_292' title='bbox 1434 3757 1481 3800; x_wconf 83' lang='lat' dir='ltr'><strong>et</strong></span> <span class='ocrx_word' id='word_1_293' title='bbox 1515 3747 1750 3800; x_wconf 74' lang='lat' dir='ltr'><strong>cincinni</strong></span> <span class='ocrx_word' id='word_1_294' title='bbox 1798 3747 1897 3798; x_wconf 84' lang='lat' dir='ltr'><strong>mei</strong></span> <span class='ocrx_word' id='word_1_295' title='bbox 1939 3745 2100 3814; x_wconf 82' lang='lat' dir='ltr'><strong>guttis</strong></span> 
     </span>
    </p>
   </div>
   <div class='ocr_carea' id='block_1_43' title="bbox 527 3835 2102 3908">
    <p class='ocr_par' dir='ltr' id='par_1_43' title="bbox 527 3835 2102 3908">
     <span class='ocr_line' id='line_1_43' title="bbox 527 3835 2102 3908; baseline -0.003 -14"><span class='ocrx_word' id='word_1_296' title='bbox 527 3843 716 3896; x_wconf 79' lang='lat' dir='ltr'><strong>noctis.</strong></span> <span class='ocrx_word' id='word_1_297' title='bbox 774 3841 947 3908; x_wconf 83' lang='lat' dir='ltr'><strong>Hujus</strong></span> <span class='ocrx_word' id='word_1_298' title='bbox 996 3849 1178 3893; x_wconf 89' lang='lat' dir='ltr'><strong>autem</strong></span> <span class='ocrx_word' id='word_1_299' title='bbox 1230 3854 1452 3894; x_wconf 85' lang='lat' dir='ltr'><strong>sensum</strong></span> <span class='ocrx_word' id='word_1_300' title='bbox 1503 3839 1583 3892; x_wconf 89' lang='lat' dir='ltr'><strong>sic</strong></span> <span class='ocrx_word' id='word_1_301' title='bbox 1618 3835 2102 3907; x_wconf 80' lang='lat' dir='ltr'><strong>comprehenderis</strong></span> 
     </span>
    </p>
   </div>
   <div class='ocr_carea' id='block_1_44' title="bbox 527 3925 2100 4004">
    <p class='ocr_par' dir='ltr' id='par_1_44' title="bbox 527 3925 2100 4004">
     <span class='ocr_line' id='line_1_44' title="bbox 527 3925 2100 4004; baseline -0.006 -17"><span class='ocrx_word' id='word_1_302' title='bbox 527 3933 973 4004; x_wconf 71' lang='lat' dir='ltr'><strong>contemplanda.</strong></span> <span class='ocrx_word' id='word_1_303' title='bbox 1011 3931 1208 4000; x_wconf 81' lang='lat' dir='ltr'><strong>Magno</strong></span> <span class='ocrx_word' id='word_1_304' title='bbox 1244 3930 1378 3985; x_wconf 82' lang='lat' dir='ltr'><strong>Mosi</strong></span> <span class='ocrx_word' id='word_1_305' title='bbox 1415 3946 1511 4000; x_wconf 85' lang='lat' dir='ltr'><strong>per</strong></span> <span class='ocrx_word' id='word_1_306' title='bbox 1561 3931 1740 3983; x_wconf 87' lang='lat' dir='ltr'><strong>lucem</strong></span> <span class='ocrx_word' id='word_1_307' title='bbox 1790 3928 1957 3997; x_wconf 74' lang='lat' dir='ltr'><strong>cmpit</strong></span> <span class='ocrx_word' id='word_1_308' title='bbox 2007 3925 2100 3980; x_wconf 90' lang='lat' dir='ltr'><strong>Dei</strong></span> 
     </span>
    </p>
   </div>
   <div class='ocr_carea' id='block_1_45' title="bbox 527 4017 2104 4094">
    <p class='ocr_par' dir='ltr' id='par_1_45' title="bbox 527 4017 2104 4094">
     <span class='ocr_line' id='line_1_45' title="bbox 527 4017 2104 4094; baseline -0.004 -18"><span class='ocrx_word' id='word_1_309' title='bbox 527 4024 838 4094; x_wconf 82' lang='lat' dir='ltr'><strong>apparitio;</strong></span> <span class='ocrx_word' id='word_1_310' title='bbox 868 4030 1057 4092; x_wconf 91' lang='lat' dir='ltr'><strong>postea</strong></span> <span class='ocrx_word' id='word_1_311' title='bbox 1099 4030 1280 4076; x_wconf 89' lang='lat' dir='ltr'><strong>autem</strong></span> <span class='ocrx_word' id='word_1_312' title='bbox 1317 4036 1411 4090; x_wconf 92' lang='lat' dir='ltr'><strong>per</strong></span> <span class='ocrx_word' id='word_1_313' title='bbox 1441 4019 1638 4073; x_wconf 90' lang='lat' dir='ltr'><strong>nubem</strong></span> <span class='ocrx_word' id='word_1_314' title='bbox 1674 4017 1818 4071; x_wconf 88' lang='lat' dir='ltr'><strong>Deus</strong></span> <span class='ocrx_word' id='word_1_315' title='bbox 1865 4034 1988 4070; x_wconf 84' lang='lat' dir='ltr'><strong>cum</strong></span> <span class='ocrx_word' id='word_1_316' title='bbox 2038 4032 2104 4072; x_wconf 91' lang='lat' dir='ltr'><strong>eo</strong></span> 
     </span>
    </p>
   </div>
   <div class='ocr_carea' id='block_1_46' title="bbox 528 4109 2105 4187">
    <p class='ocr_par' dir='ltr' id='par_1_46' title="bbox 528 4109 2105 4187">
     <span class='ocr_line' id='line_1_46' title="bbox 528 4109 2105 4187; baseline -0.006 -15"><span class='ocrx_word' id='word_1_317' title='bbox 528 4117 792 4187; x_wconf 76' lang='lat' dir='ltr'><strong>loquitur.</strong></span> <span class='ocrx_word' id='word_1_318' title='bbox 825 4114 1032 4170; x_wconf 89' lang='lat' dir='ltr'><strong>Deinde</strong></span> <span class='ocrx_word' id='word_1_319' title='bbox 1066 4131 1189 4168; x_wconf 91' lang='lat' dir='ltr'><strong>cum</strong></span> <span class='ocrx_word' id='word_1_320' title='bbox 1222 4114 1332 4182; x_wconf 87' lang='lat' dir='ltr'><strong>jam</strong></span> <span class='ocrx_word' id='word_1_321' title='bbox 1364 4112 1555 4166; x_wconf 75' lang='lat' dir='ltr'><strong>fuisset</strong></span> <span class='ocrx_word' id='word_1_322' title='bbox 1585 4109 1876 4164; x_wconf 87' lang='lat' dir='ltr'><strong>sublimior</strong></span> <span class='ocrx_word' id='word_1_323' title='bbox 1901 4119 1954 4163; x_wconf 89' lang='lat' dir='ltr'><strong>et</strong></span> <span class='ocrx_word' id='word_1_324' title='bbox 1983 4125 2105 4179; x_wconf 88' lang='lat' dir='ltr'><strong>per-</strong></span> 
     </span>
    </p>
   </div>
   <div class='ocr_carea' id='block_1_47' title="bbox 528 4200 2105 4270">
    <p class='ocr_par' dir='ltr' id='par_1_47' title="bbox 528 4200 2105 4270">
     <span class='ocr_line' id='line_1_47' title="bbox 528 4200 2105 4270; baseline -0.006 -9"><span class='ocrx_word' id='word_1_325' title='bbox 528 4207 742 4270; x_wconf 79' lang='lat' dir='ltr'><strong>fectior,</strong></span> <span class='ocrx_word' id='word_1_326' title='bbox 795 4205 964 4260; x_wconf 84' lang='lat' dir='ltr'><strong>Deum</strong></span> <span class='ocrx_word' id='word_1_327' title='bbox 1018 4205 1166 4259; x_wconf 90' lang='lat' dir='ltr'><strong>videt</strong></span> <span class='ocrx_word' id='word_1_328' title='bbox 1202 4205 1254 4256; x_wconf 89' lang='lat' dir='ltr'><strong>in</strong></span> <span class='ocrx_word' id='word_1_329' title='bbox 1282 4202 1534 4270; x_wconf 77' lang='lat' dir='ltr'><strong>caligine.</strong></span> <span class='ocrx_word' id='word_1_330' title='bbox 1582 4200 1740 4265; x_wconf 87' lang='lat' dir='ltr'><strong>Quod</strong></span> <span class='ocrx_word' id='word_1_331' title='bbox 1784 4208 1964 4252; x_wconf 87' lang='lat' dir='ltr'><strong>autem</strong></span> <span class='ocrx_word' id='word_1_332' title='bbox 2011 4215 2105 4268; x_wconf 88' lang='lat' dir='ltr'><strong>per</strong></span> 
     </span>
    </p>
   </div>
   <div class='ocr_carea' id='block_1_48' title="bbox 528 4289 2104 4363">
    <p class='ocr_par' dir='ltr' id='par_1_48' title="bbox 528 4289 2104 4363">
     <span class='ocr_line' id='line_1_48' title="bbox 528 4289 2104 4363; baseline -0.006 -11"><span class='ocrx_word' id='word_1_333' title='bbox 528 4299 631 4352; x_wconf 91' lang='lat' dir='ltr'><strong>hoc</strong></span> <span class='ocrx_word' id='word_1_334' title='bbox 660 4296 946 4362; x_wconf 88' lang='lat' dir='ltr'><strong>discimus,</strong></span> <span class='ocrx_word' id='word_1_335' title='bbox 1001 4305 1084 4350; x_wconf 89' lang='lat' dir='ltr'><strong>est</strong></span> <span class='ocrx_word' id='word_1_336' title='bbox 1142 4293 1493 4363; x_wconf 87' lang='lat' dir='ltr'><strong>hujusmodi:</strong></span> <span class='ocrx_word' id='word_1_337' title='bbox 1531 4289 1748 4343; x_wconf 86' lang='lat' dir='ltr'><strong>Primus</strong></span> <span class='ocrx_word' id='word_1_338' title='bbox 1779 4305 2030 4345; x_wconf 87' lang='lat' dir='ltr'><strong>recessus</strong></span> <span class='ocrx_word' id='word_1_339' title='bbox 2074 4304 2104 4342; x_wconf 90' lang='lat' dir='ltr'><strong>a</strong></span> 
     </span>
    </p>
   </div>
   <div class='ocr_carea' id='block_1_49' title="bbox 2180 460 3674 538">
    <p class='ocr_par' dir='ltr' id='par_1_49' title="bbox 2180 460 3674 538">
     <span class='ocr_line' id='line_1_49' title="bbox 2180 460 3674 538; baseline -0.001 -18"><span class='ocrx_word' id='word_1_340' title='bbox 2180 469 2274 521; x_wconf 68' lang='grc' dir='ltr'>ἐπὶ</span> <span class='ocrx_word' id='word_1_341' title='bbox 2308 468 2378 519; x_wconf 79' lang='grc' dir='ltr'>τὰ</span> <span class='ocrx_word' id='word_1_342' title='bbox 2428 467 2598 538; x_wconf 77' lang='grc' dir='ltr'>μείζω</span> <span class='ocrx_word' id='word_1_343' title='bbox 2647 465 3065 536; x_wconf 83' lang='grc' dir='ltr'><strong>προκόπτουσιν,</strong></span> <span class='ocrx_word' id='word_1_344' title='bbox 3097 460 3333 531; x_wconf 79' lang='grc' dir='ltr'>άρμόδιός</span> <span class='ocrx_word' id='word_1_345' title='bbox 3372 462 3498 514; x_wconf 77' lang='grc' dir='ltr'>ἐστιν</span> <span class='ocrx_word' id='word_1_346' title='bbox 3541 464 3674 534; x_wconf 63' lang='grc' dir='ltr'><strong>ἰγτοῦ</strong></span> 
     </span>
    </p>
   </div>
   <div class='ocr_carea' id='block_1_50' title="bbox 2195 549 3676 624">
    <p class='ocr_par' dir='ltr' id='par_1_50' title="bbox 2195 549 3676 624">
     <span class='ocr_line' id='line_1_50' title="bbox 2195 549 3676 624; baseline -0.007 -13"><span class='ocrx_word' id='word_1_347' title='bbox 2195 557 2518 610; x_wconf 83' lang='grc' dir='ltr'>Ἀποστόλου</span> <span class='ocrx_word' id='word_1_348' title='bbox 2543 556 2694 624; x_wconf 83' lang='grc' dir='ltr'>φωνὴ</span> <span class='ocrx_word' id='word_1_349' title='bbox 2719 556 2752 624; x_wconf 80' lang='grc' dir='ltr'>ἡ</span> <span class='ocrx_word' id='word_1_350' title='bbox 2777 554 3010 620; x_wconf 82' lang='grc' dir='ltr'>λέγουσα</span> <span class='ocrx_word' id='word_1_351' title='bbox 3031 566 3047 581; x_wconf 75' lang='grc' dir='ltr'><strong>ο</strong></span> <span class='ocrx_word' id='word_1_352' title='bbox 3081 551 3159 602; x_wconf 85' lang='grc' dir='ltr'>ὅτι</span> <span class='ocrx_word' id='word_1_353' title='bbox 3185 551 3253 603; x_wconf 83' lang='grc' dir='ltr'><strong>ΕΖ</strong></span> <span class='ocrx_word' id='word_1_354' title='bbox 3270 568 3351 614; x_wconf 84' lang='grc' dir='ltr'>τις</span> <span class='ocrx_word' id='word_1_355' title='bbox 3378 549 3517 603; x_wconf 81' lang='grc' dir='ltr'>δοκεῖ</span> <span class='ocrx_word' id='word_1_356' title='bbox 3535 551 3676 618; x_wconf 79' lang='grc' dir='ltr'>ἐγνω-</span> 
     </span>
    </p>
   </div>
   <div class='ocr_carea' id='block_1_51' title="bbox 2182 639 3677 716">
    <p class='ocr_par' dir='ltr' id='par_1_51' title="bbox 2182 639 3677 716">
     <span class='ocr_line' id='line_1_51' title="bbox 2182 639 3677 716; baseline -0.007 -12"><span class='ocrx_word' id='word_1_357' title='bbox 2182 649 2367 712; x_wconf 77' lang='grc' dir='ltr'>κέναι,</span> <span class='ocrx_word' id='word_1_358' title='bbox 2415 649 2580 701; x_wconf 82' lang='grc' dir='ltr'>οὔπω</span> <span class='ocrx_word' id='word_1_359' title='bbox 2615 645 2767 716; x_wconf 78' lang='grc' dir='ltr'>ἔγνω</span> <span class='ocrx_word' id='word_1_360' title='bbox 2796 643 2991 709; x_wconf 83' lang='grc' dir='ltr'>καθὼς</span> <span class='ocrx_word' id='word_1_361' title='bbox 3021 642 3116 696; x_wconf 81' lang='grc' dir='ltr'>δεῖ</span> <span class='ocrx_word' id='word_1_362' title='bbox 3157 639 3378 711; x_wconf 72' lang='grc' dir='ltr'>γνῶναι.</span> <span class='ocrx_word' id='word_1_363' title='bbox 3421 641 3574 708; x_wconf 83' lang='grc' dir='ltr'><strong>Ἔγνω</strong></span> <span class='ocrx_word' id='word_1_364' title='bbox 3603 640 3677 708; x_wconf 72' lang='grc' dir='ltr'>μὲν</span> 
     </span>
    </p>
   </div>
   <div class='ocr_carea' id='block_1_52' title="bbox 2183 731 3678 812">
    <p class='ocr_par' dir='ltr' id='par_1_52' title="bbox 2183 731 3678 812">
     <span class='ocr_line' id='line_1_52' title="bbox 2183 731 3678 812; baseline -0.007 -17"><span class='ocrx_word' id='word_1_365' title='bbox 2183 742 2289 812; x_wconf 80' lang='grc' dir='ltr'><strong>γὰρ</strong></span> <span class='ocrx_word' id='word_1_366' title='bbox 2335 741 2498 794; x_wconf 74' lang='grc' dir='ltr'>αὐτὸν</span> <span class='ocrx_word' id='word_1_367' title='bbox 2539 741 2596 791; x_wconf 83' lang='grc' dir='ltr'>ὲν</span> <span class='ocrx_word' id='word_1_368' title='bbox 2635 741 2750 800; x_wconf 86' lang='grc' dir='ltr'><strong>τοίς</strong></span> <span class='ocrx_word' id='word_1_369' title='bbox 2784 736 3056 806; x_wconf 87' lang='grc' dir='ltr'>φθάσασιν</span> <span class='ocrx_word' id='word_1_370' title='bbox 3096 735 3130 804; x_wconf 78' lang='grc' dir='ltr'>ἡ</span> <span class='ocrx_word' id='word_1_371' title='bbox 3158 732 3297 802; x_wconf 75' lang='grc' dir='ltr'>ψυχὴ</span> <span class='ocrx_word' id='word_1_372' title='bbox 3327 731 3544 783; x_wconf 74' lang='grc' dir='ltr'>τοσοῦτον</span> <span class='ocrx_word' id='word_1_373' title='bbox 3587 732 3678 784; x_wconf 80' lang='grc' dir='ltr'>ὅσον</span> 
     </span>
    </p>
   </div>
   <div class='ocr_carea' id='block_1_53' title="bbox 2143 823 3676 898">
    <p class='ocr_par' dir='ltr' id='par_1_53' title="bbox 2143 823 3676 898">
     <span class='ocr_line' id='line_1_53' title="bbox 2143 823 3676 898; baseline -0.008 -10"><span class='ocrx_word' id='word_1_374' title='bbox 2143 833 2501 888; x_wconf 58' lang='grc' dir='ltr'>αρκατέλαόεν.</span> <span class='ocrx_word' id='word_1_375' title='bbox 2534 830 2672 884; x_wconf 83' lang='grc' dir='ltr'>Ἀλλ’</span> <span class='ocrx_word' id='word_1_376' title='bbox 2695 829 2880 898; x_wconf 73' lang='grc' dir='ltr'>ἐπειδὴ</span> <span class='ocrx_word' id='word_1_377' title='bbox 2905 830 2970 883; x_wconf 84' lang='grc' dir='ltr'><strong>τδ</strong></span> <span class='ocrx_word' id='word_1_378' title='bbox 2988 827 3061 898; x_wconf 85' lang='grc' dir='ltr'>μή</span> <span class='ocrx_word' id='word_1_379' title='bbox 3071 843 3152 880; x_wconf 84' lang='grc' dir='ltr'><strong>πω</strong></span> <span class='ocrx_word' id='word_1_380' title='bbox 3165 823 3548 894; x_wconf 78' lang='grc' dir='ltr'><strong>κατειλημμένον</strong></span> <span class='ocrx_word' id='word_1_381' title='bbox 3563 823 3676 877; x_wconf 78' lang='grc' dir='ltr'>ἀπει-</span> 
     </span>
    </p>
   </div>
   <div class='ocr_carea' id='block_1_54' title="bbox 2181 913 3682 1002">
    <p class='ocr_par' dir='ltr' id='par_1_54' title="bbox 2181 913 3682 1002">
     <span class='ocr_line' id='line_1_54' title="bbox 2181 913 3682 1002; baseline -0.011 -21"><span class='ocrx_word' id='word_1_382' title='bbox 2181 925 2470 1002; x_wconf 87' lang='grc' dir='ltr'>ροπλάσιον</span> <span class='ocrx_word' id='word_1_383' title='bbox 2511 919 2607 974; x_wconf 81' lang='grc' dir='ltr'>τοῦ</span> <span class='ocrx_word' id='word_1_384' title='bbox 2681 919 3120 991; x_wconf 77' lang='grc' dir='ltr'><strong>καταληφθέντος</strong></span> <span class='ocrx_word' id='word_1_385' title='bbox 3141 915 3248 970; x_wconf 85' lang='grc' dir='ltr'>ὲστί</span> <span class='ocrx_word' id='word_1_386' title='bbox 3270 932 3282 945; x_wconf 88' lang='grc'><strong>·</strong></span> <span class='ocrx_word' id='word_1_387' title='bbox 3309 915 3391 967; x_wconf 79' lang='grc' dir='ltr'>διὰ</span> <span class='ocrx_word' id='word_1_388' title='bbox 3415 915 3550 967; x_wconf 85' lang='grc' dir='ltr'>τοῦτο</span> <span class='ocrx_word' id='word_1_389' title='bbox 3563 913 3682 983; x_wconf 68' lang='grc' dir='ltr'>ὤφθη</span> 
     </span>
    </p>
   </div>
   <div class='ocr_carea' id='block_1_55' title="bbox 2183 1004 3682 1086">
    <p class='ocr_par' dir='ltr' id='par_1_55' title="bbox 2183 1004 3682 1086">
     <span class='ocr_line' id='line_1_55' title="bbox 2183 1004 3682 1086; baseline -0.01 -16"><span class='ocrx_word' id='word_1_390' title='bbox 2183 1018 2441 1080; x_wconf 73' lang='grc' dir='ltr'><strong>πολλάκις</strong></span> <span class='ocrx_word' id='word_1_391' title='bbox 2497 1018 2564 1086; x_wconf 81' lang='grc' dir='ltr'>τῇ</span> <span class='ocrx_word' id='word_1_392' title='bbox 2617 1014 2762 1084; x_wconf 78' lang='grc' dir='ltr'><strong>ψυχῇ</strong></span> <span class='ocrx_word' id='word_1_393' title='bbox 2808 1014 2838 1066; x_wconf 83' lang='grc' dir='ltr'><strong>ὁ</strong></span> <span class='ocrx_word' id='word_1_394' title='bbox 2878 1013 3143 1080; x_wconf 77' lang='grc' dir='ltr'><strong>νυμφίος,</strong></span> <span class='ocrx_word' id='word_1_395' title='bbox 3189 1006 3276 1060; x_wconf 75' lang='grc' dir='ltr'><strong>καὶ</strong></span> <span class='ocrx_word' id='word_1_396' title='bbox 3308 1006 3377 1068; x_wconf 81' lang='grc' dir='ltr'><strong>ὡς</strong></span> <span class='ocrx_word' id='word_1_397' title='bbox 3426 1004 3612 1074; x_wconf 79' lang='grc' dir='ltr'><strong>μηδέπω</strong></span> <span class='ocrx_word' id='word_1_398' title='bbox 3640 1005 3682 1056; x_wconf 82' lang='grc' dir='ltr'>ὲν</span> 
     </span>
    </p>
   </div>
   <div class='ocr_carea' id='block_1_56' title="bbox 2185 1097 3686 1179">
    <p class='ocr_par' dir='ltr' id='par_1_56' title="bbox 2185 1097 3686 1179">
     <span class='ocr_line' id='line_1_56' title="bbox 2185 1097 3686 1179; baseline -0.024 -1"><span class='ocrx_word' id='word_1_399' title='bbox 2185 1109 2483 1179; x_wconf 74' lang='grc' dir='ltr'><strong>ὀφθαλμοῖς</strong></span> <span class='ocrx_word' id='word_1_400' title='bbox 2515 1106 2828 1176; x_wconf 75' lang='grc' dir='ltr'>γενόμενος,</span> <span class='ocrx_word' id='word_1_401' title='bbox 2861 1101 3190 1173; x_wconf 78' lang='grc' dir='ltr'>ὀφθήσεσθαι</span> <span class='ocrx_word' id='word_1_402' title='bbox 3216 1103 3280 1170; x_wconf 80' lang='grc' dir='ltr'>τῇ</span> <span class='ocrx_word' id='word_1_403' title='bbox 3317 1099 3487 1168; x_wconf 75' lang='grc' dir='ltr'>νύμφῃ</span> <span class='ocrx_word' id='word_1_404' title='bbox 3516 1097 3588 1151; x_wconf 73' lang='grc' dir='ltr'><strong>διὰ</strong></span> <span class='ocrx_word' id='word_1_405' title='bbox 3611 1098 3686 1165; x_wconf 75' lang='grc' dir='ltr'><strong>τῆς</strong></span> 
     </span>
    </p>
   </div>
   <div class='ocr_carea' id='block_1_57' title="bbox 2187 1187 3688 1272">
    <p class='ocr_par' dir='ltr' id='par_1_57' title="bbox 2187 1187 3688 1272">
     <span class='ocr_line' id='line_1_57' title="bbox 2187 1187 3688 1272; baseline -0.011 -17"><span class='ocrx_word' id='word_1_406' title='bbox 2187 1202 2368 1272; x_wconf 77' lang='grc' dir='ltr'>φωνῆς</span> <span class='ocrx_word' id='word_1_407' title='bbox 2399 1197 2814 1267; x_wconf 81' lang='grc' dir='ltr'>ἐπαγγέλλεται.</span> <span class='ocrx_word' id='word_1_408' title='bbox 2875 1196 2962 1257; x_wconf 76' lang='grc' dir='ltr'><strong>Ὠς</strong></span> <span class='ocrx_word' id='word_1_409' title='bbox 2996 1194 3042 1246; x_wconf 84' lang='grc' dir='ltr'>δ’</span> <span class='ocrx_word' id='word_1_410' title='bbox 3080 1193 3145 1246; x_wconf 83' lang='grc' dir='ltr'><strong>ἂν</strong></span> <span class='ocrx_word' id='word_1_411' title='bbox 3178 1191 3484 1259; x_wconf 82' lang='grc' dir='ltr'>σαφέστερον</span> <span class='ocrx_word' id='word_1_412' title='bbox 3510 1190 3618 1257; x_wconf 83' lang='grc' dir='ltr'>ἡμῖν</span> <span class='ocrx_word' id='word_1_413' title='bbox 3642 1187 3688 1240; x_wconf 68' lang='grc' dir='ltr'>τὸ</span> 
     </span>
    </p>
   </div>
   <div class='ocr_carea' id='block_1_58' title="bbox 2187 1278 3692 1362">
    <p class='ocr_par' dir='ltr' id='par_1_58' title="bbox 2187 1278 3692 1362">
     <span class='ocr_line' id='line_1_58' title="bbox 2187 1278 3692 1362; baseline -0.01 -16"><span class='ocrx_word' id='word_1_414' title='bbox 2187 1295 2363 1362; x_wconf 87' lang='grc' dir='ltr'>νόημα</span> <span class='ocrx_word' id='word_1_415' title='bbox 2381 1292 2610 1360; x_wconf 84' lang='grc' dir='ltr'>γένοιτο,</span> <span class='ocrx_word' id='word_1_416' title='bbox 2627 1288 2810 1362; x_wconf 75' lang='grc' dir='ltr'>εἰκόνα</span> <span class='ocrx_word' id='word_1_417' title='bbox 2835 1285 2954 1340; x_wconf 77' lang='grc' dir='ltr'>τινὰ</span> <span class='ocrx_word' id='word_1_418' title='bbox 2971 1286 3037 1339; x_wconf 87' lang='grc' dir='ltr'>δι’</span> <span class='ocrx_word' id='word_1_419' title='bbox 3063 1283 3434 1352; x_wconf 78' lang='grc' dir='ltr'>ὑποδείγματος</span> <span class='ocrx_word' id='word_1_420' title='bbox 3456 1278 3692 1352; x_wconf 74' lang='grc' dir='ltr'>προσθήσω</span> 
     </span>
    </p>
   </div>
   <div class='ocr_carea' id='block_1_59' title="bbox 2187 1359 3691 1455">
    <p class='ocr_par' dir='ltr' id='par_1_59' title="bbox 2187 1359 3691 1455">
     <span class='ocr_line' id='line_1_59' title="bbox 2187 1359 3691 1455; baseline -0.01 -18"><span class='ocrx_word' id='word_1_421' title='bbox 2187 1359 2458 1455; x_wconf 14' lang='grc' dir='ltr'>τῴήλόγῳ.</span> <span class='ocrx_word' id='word_1_422' title='bbox 2493 1359 2708 1451; x_wconf 42' lang='grc' dir='ltr'>Ὥσπερ·</span> <span class='ocrx_word' id='word_1_423' title='bbox 2733 1379 2840 1450; x_wconf 79' lang='grc' dir='ltr'><strong>γὰρ</strong></span> <span class='ocrx_word' id='word_1_424' title='bbox 2870 1379 2923 1431; x_wconf 79' lang='grc' dir='ltr'><strong>εί</strong></span> <span class='ocrx_word' id='word_1_425' title='bbox 2946 1396 3028 1440; x_wconf 88' lang='grc' dir='ltr'>τις</span> <span class='ocrx_word' id='word_1_426' title='bbox 3057 1377 3278 1449; x_wconf 79' lang='grc' dir='ltr'>πλησίον</span> <span class='ocrx_word' id='word_1_427' title='bbox 3313 1375 3506 1443; x_wconf 73' lang='grc' dir='ltr'>ἐκείνης</span> <span class='ocrx_word' id='word_1_428' title='bbox 3528 1373 3691 1440; x_wconf 83' lang='grc' dir='ltr'>γένοιτο</span> 
     </span>
    </p>
   </div>
   <div class='ocr_carea' id='block_1_60' title="bbox 2189 1462 3692 1544">
    <p class='ocr_par' dir='ltr' id='par_1_60' title="bbox 2189 1462 3692 1544">
     <span class='ocr_line' id='line_1_60' title="bbox 2189 1462 3692 1544; baseline -0.009 -17"><span class='ocrx_word' id='word_1_429' title='bbox 2189 1475 2286 1544; x_wconf 83' lang='grc' dir='ltr'><strong>τῆς</strong></span> <span class='ocrx_word' id='word_1_430' title='bbox 2317 1474 2523 1544; x_wconf 79' lang='grc' dir='ltr'>πηγῆς,</span> <span class='ocrx_word' id='word_1_431' title='bbox 2553 1471 2619 1541; x_wconf 83' lang='grc' dir='ltr'>ἢν</span> <span class='ocrx_word' id='word_1_432' title='bbox 2643 1471 2953 1526; x_wconf 76' lang='grc' dir='ltr'>ἀναϐαίνειν</span> <span class='ocrx_word' id='word_1_433' title='bbox 2986 1462 3140 1524; x_wconf 83' lang='grc' dir='ltr'>εἶπεν</span> <span class='ocrx_word' id='word_1_434' title='bbox 3176 1470 3237 1520; x_wconf 75' lang='grc' dir='ltr'>ὲκ</span> <span class='ocrx_word' id='word_1_435' title='bbox 3264 1467 3358 1536; x_wconf 78' lang='grc' dir='ltr'><strong>τῆς</strong></span> <span class='ocrx_word' id='word_1_436' title='bbox 3378 1467 3469 1534; x_wconf 81' lang='grc' dir='ltr'><strong>γῆς</strong></span> <span class='ocrx_word' id='word_1_437' title='bbox 3491 1465 3592 1516; x_wconf 76' lang='grc' dir='ltr'>κατ’</span> <span class='ocrx_word' id='word_1_438' title='bbox 3617 1464 3692 1532; x_wconf 82' lang='grc' dir='ltr'><strong>ἀρ-</strong></span> 
     </span>
    </p>
   </div>
   <div class='ocr_carea' id='block_1_61' title="bbox 2190 1553 3696 1636">
    <p class='ocr_par' dir='ltr' id='par_1_61' title="bbox 2190 1553 3696 1636">
     <span class='ocr_line' id='line_1_61' title="bbox 2190 1553 3696 1636; baseline -0.01 -17"><span class='ocrx_word' id='word_1_439' title='bbox 2190 1567 2288 1636; x_wconf 81' lang='grc' dir='ltr'><strong>χὰς</strong></span> <span class='ocrx_word' id='word_1_440' title='bbox 2318 1567 2352 1634; x_wconf 83' lang='grc' dir='ltr'>ἡ</span> <span class='ocrx_word' id='word_1_441' title='bbox 2389 1562 2603 1635; x_wconf 83' lang='grc' dir='ltr'>Γραφὴ,</span> <span class='ocrx_word' id='word_1_442' title='bbox 2646 1561 2914 1634; x_wconf 83' lang='grc' dir='ltr'>τοσαύτην</span> <span class='ocrx_word' id='word_1_443' title='bbox 2959 1556 3122 1614; x_wconf 79' lang='grc' dir='ltr'>οὖσαν</span> <span class='ocrx_word' id='word_1_444' title='bbox 3169 1558 3228 1610; x_wconf 81' lang='grc' dir='ltr'><strong>τὸ</strong></span> <span class='ocrx_word' id='word_1_445' title='bbox 3259 1556 3464 1626; x_wconf 77' lang='grc' dir='ltr'>πλῆθος,</span> <span class='ocrx_word' id='word_1_446' title='bbox 3497 1554 3560 1616; x_wconf 82' lang='grc' dir='ltr'><strong>ὡς</strong></span> <span class='ocrx_word' id='word_1_447' title='bbox 3585 1553 3696 1606; x_wconf 76' lang='grc' dir='ltr'>ἅπαν</span> 
     </span>
    </p>
   </div>
   <div class='ocr_carea' id='block_1_62' title="bbox 2190 1644 3698 1729">
    <p class='ocr_par' dir='ltr' id='par_1_62' title="bbox 2190 1644 3698 1729">
     <span class='ocr_line' id='line_1_62' title="bbox 2190 1644 3698 1729; baseline -0.011 -18"><span class='ocrx_word' id='word_1_448' title='bbox 2190 1660 2288 1729; x_wconf 79' lang='grc' dir='ltr'><strong>τῆς</strong></span> <span class='ocrx_word' id='word_1_449' title='bbox 2319 1659 2423 1728; x_wconf 75' lang='grc' dir='ltr'>γῆς</span> <span class='ocrx_word' id='word_1_450' title='bbox 2468 1655 2778 1719; x_wconf 77' lang='grc' dir='ltr'>ἐπικλύζειν</span> <span class='ocrx_word' id='word_1_451' title='bbox 2811 1655 2876 1708; x_wconf 85' lang='grc' dir='ltr'>τὺ</span> <span class='ocrx_word' id='word_1_452' title='bbox 2911 1653 3225 1723; x_wconf 84' lang='grc' dir='ltr'>πρόσωπον.</span> <span class='ocrx_word' id='word_1_453' title='bbox 3274 1649 3531 1718; x_wconf 81' lang='grc' dir='ltr'>Θαυμάσει</span> <span class='ocrx_word' id='word_1_454' title='bbox 3573 1644 3698 1714; x_wconf 75' lang='grc' dir='ltr'>μὶνι</span> 
     </span>
    </p>
   </div>
   <div class='ocr_carea' id='block_1_63' title="bbox 2191 1734 3700 1820">
    <p class='ocr_par' dir='ltr' id='par_1_63' title="bbox 2191 1734 3700 1820">
     <span class='ocr_line' id='line_1_63' title="bbox 2191 1734 3700 1820; baseline -0.011 -18"><span class='ocrx_word' id='word_1_455' title='bbox 2191 1753 2258 1820; x_wconf 78' lang='grc' dir='ltr'>τῇ</span> <span class='ocrx_word' id='word_1_456' title='bbox 2296 1751 2448 1819; x_wconf 82' lang='grc' dir='ltr'>πηγῇ</span> <span class='ocrx_word' id='word_1_457' title='bbox 2483 1747 2790 1817; x_wconf 82' lang='grc' dir='ltr'>πλησιάσας</span> <span class='ocrx_word' id='word_1_458' title='bbox 2822 1751 2882 1812; x_wconf 73' lang='grc' dir='ltr'><strong>το</strong></span> <span class='ocrx_word' id='word_1_459' title='bbox 2905 1746 3129 1815; x_wconf 75' lang='grc' dir='ltr'>ἄπειρον</span> <span class='ocrx_word' id='word_1_460' title='bbox 3165 1742 3303 1811; x_wconf 76' lang='grc' dir='ltr'>ὕδωρ</span> <span class='ocrx_word' id='word_1_461' title='bbox 3334 1742 3511 1802; x_wconf 77' lang='grc' dir='ltr'>έκεῖνο,</span> <span class='ocrx_word' id='word_1_462' title='bbox 3536 1736 3586 1789; x_wconf 82' lang='grc' dir='ltr'>τὸ</span> <span class='ocrx_word' id='word_1_463' title='bbox 3604 1734 3700 1787; x_wconf 66' lang='grc' dir='ltr'>πάι-</span> 
     </span>
    </p>
   </div>
   <div class='ocr_carea' id='block_1_64' title="bbox 2189 1825 3698 1911">
    <p class='ocr_par' dir='ltr' id='par_1_64' title="bbox 2189 1825 3698 1911">
     <span class='ocr_line' id='line_1_64' title="bbox 2189 1825 3698 1911; baseline -0.012 -15"><span class='ocrx_word' id='word_1_464' title='bbox 2189 1860 2312 1896; x_wconf 88' lang='grc' dir='ltr'>τοτε</span> <span class='ocrx_word' id='word_1_465' title='bbox 2336 1842 2505 1911; x_wconf 75' lang='grc' dir='ltr'>αὐτῆς</span> <span class='ocrx_word' id='word_1_466' title='bbox 2527 1837 2830 1909; x_wconf 79' lang='grc' dir='ltr'>ἀνομὸροῦν</span> <span class='ocrx_word' id='word_1_467' title='bbox 2858 1854 2916 1889; x_wconf 90' lang='grc' dir='ltr'><strong>τε</strong></span> <span class='ocrx_word' id='word_1_468' title='bbox 2939 1838 3032 1890; x_wconf 76' lang='grc' dir='ltr'>καὶ</span> <span class='ocrx_word' id='word_1_469' title='bbox 3063 1834 3414 1907; x_wconf 79' lang='grc' dir='ltr'>προχεόμενον</span> <span class='ocrx_word' id='word_1_470' title='bbox 3436 1848 3447 1860; x_wconf 81' lang='lat'>&#39;</span> <span class='ocrx_word' id='word_1_471' title='bbox 3464 1830 3519 1883; x_wconf 78' lang='grc' dir='ltr'>οὐ</span> <span class='ocrx_word' id='word_1_472' title='bbox 3542 1828 3627 1898; x_wconf 83' lang='grc' dir='ltr'>μὴν</span> <span class='ocrx_word' id='word_1_473' title='bbox 3645 1825 3698 1879; x_wconf 71' lang='grc' dir='ltr'><strong>τζ-</strong></span> 
     </span>
    </p>
   </div>
   <div class='ocr_carea' id='block_1_65' title="bbox 2192 1918 3701 2002">
    <p class='ocr_par' dir='ltr' id='par_1_65' title="bbox 2192 1918 3701 2002">
     <span class='ocr_line' id='line_1_65' title="bbox 2192 1918 3701 2002; baseline -0.011 -16"><span class='ocrx_word' id='word_1_474' title='bbox 2192 1951 2284 1986; x_wconf 78' lang='grc' dir='ltr'><strong>ποι</strong></span> <span class='ocrx_word' id='word_1_475' title='bbox 2313 1934 2378 1986; x_wconf 86' lang='grc' dir='ltr'><strong>ἂν</strong></span> <span class='ocrx_word' id='word_1_476' title='bbox 2403 1933 2523 1986; x_wconf 82' lang='grc' dir='ltr'>ὅλον</span> <span class='ocrx_word' id='word_1_477' title='bbox 2559 1931 2858 2002; x_wconf 71' lang='grc' dir='ltr'>ἑωρακέναι</span> <span class='ocrx_word' id='word_1_478' title='bbox 2884 1927 2945 1981; x_wconf 82' lang='grc' dir='ltr'><strong>τὸ</strong></span> <span class='ocrx_word' id='word_1_479' title='bbox 2970 1927 3134 1998; x_wconf 74' lang='grc' dir='ltr'>ὕδωρ.</span> <span class='ocrx_word' id='word_1_480' title='bbox 3194 1925 3313 1988; x_wconf 82' lang='grc' dir='ltr'><strong>Πῶς</strong></span> <span class='ocrx_word' id='word_1_481' title='bbox 3353 1923 3454 1994; x_wconf 79' lang='grc' dir='ltr'><strong>γὰρ</strong></span> <span class='ocrx_word' id='word_1_482' title='bbox 3481 1921 3538 1974; x_wconf 81' lang='grc' dir='ltr'>ἂν</span> <span class='ocrx_word' id='word_1_483' title='bbox 3556 1919 3637 1972; x_wconf 84' lang='grc' dir='ltr'>ίδοι</span> <span class='ocrx_word' id='word_1_484' title='bbox 3656 1918 3701 1970; x_wconf 66' lang='grc' dir='ltr'><strong>τ’»</strong></span> 
     </span>
    </p>
   </div>
   <div class='ocr_carea' id='block_1_66' title="bbox 2191 2010 3702 2093">
    <p class='ocr_par' dir='ltr' id='par_1_66' title="bbox 2191 2010 3702 2093">
     <span class='ocr_line' id='line_1_66' title="bbox 2191 2010 3702 2093; baseline -0.013 -12"><span class='ocrx_word' id='word_1_485' title='bbox 2191 2029 2283 2081; x_wconf 71' lang='grc' dir='ltr'><strong>ἐπὶ</strong></span> <span class='ocrx_word' id='word_1_486' title='bbox 2315 2031 2430 2091; x_wconf 82' lang='grc' dir='ltr'>τοῖς</span> <span class='ocrx_word' id='word_1_487' title='bbox 2457 2027 2671 2086; x_wconf 80' lang='grc' dir='ltr'>κόλποις</span> <span class='ocrx_word' id='word_1_488' title='bbox 2708 2024 2806 2093; x_wconf 81' lang='grc' dir='ltr'><strong>τῆς</strong></span> <span class='ocrx_word' id='word_1_489' title='bbox 2835 2021 2939 2092; x_wconf 75' lang='grc' dir='ltr'><strong>γῆς</strong></span> <span class='ocrx_word' id='word_1_490' title='bbox 2973 2019 3438 2090; x_wconf 82' lang='grc' dir='ltr'>ὲγκρυπτόμενον;</span> <span class='ocrx_word' id='word_1_491' title='bbox 3467 2015 3608 2066; x_wconf 80' lang='grc' dir='ltr'>Ὥστε</span> <span class='ocrx_word' id='word_1_492' title='bbox 3627 2010 3702 2063; x_wconf 77' lang='grc' dir='ltr'>κᾶν</span> 
     </span>
    </p>
   </div>
   <div class='ocr_carea' id='block_1_67' title="bbox 2191 2106 3705 2190">
    <p class='ocr_par' dir='ltr' id='par_1_67' title="bbox 2191 2106 3705 2190">
     <span class='ocr_line' id='line_1_67' title="bbox 2191 2106 3705 2190; baseline -0.013 -17"><span class='ocrx_word' id='word_1_493' title='bbox 2191 2120 2421 2174; x_wconf 74' lang='grc' dir='ltr'>ἐπιπολὺ</span> <span class='ocrx_word' id='word_1_494' title='bbox 2458 2117 2771 2190; x_wconf 78' lang='grc' dir='ltr'>παραμείνῃ</span> <span class='ocrx_word' id='word_1_495' title='bbox 2805 2114 2884 2184; x_wconf 78' lang='grc' dir='ltr'>τῷ</span> <span class='ocrx_word' id='word_1_496' title='bbox 2930 2113 3144 2186; x_wconf 82' lang='grc' dir='ltr'>βρύοντι</span> <span class='ocrx_word' id='word_1_497' title='bbox 3168 2151 3184 2174; x_wconf 93' lang='grc'><strong>,</strong></span> <span class='ocrx_word' id='word_1_498' title='bbox 3212 2111 3294 2164; x_wconf 77' lang='grc' dir='ltr'><strong>ἀεὶ</strong></span> <span class='ocrx_word' id='word_1_499' title='bbox 3342 2112 3396 2162; x_wconf 85' lang='grc' dir='ltr'><strong>ὲν</strong></span> <span class='ocrx_word' id='word_1_500' title='bbox 3420 2108 3590 2178; x_wconf 80' lang='grc' dir='ltr'><strong>ἀρχαῖς</strong></span> <span class='ocrx_word' id='word_1_501' title='bbox 3620 2106 3705 2156; x_wconf 76' lang='grc' dir='ltr'>ἐστι</span> 
     </span>
    </p>
   </div>
   <div class='ocr_carea' id='block_1_68' title="bbox 2195 2197 3706 2283">
    <p class='ocr_par' dir='ltr' id='par_1_68' title="bbox 2195 2197 3706 2283">
     <span class='ocr_line' id='line_1_68' title="bbox 2195 2197 3706 2283; baseline -0.013 -17"><span class='ocrx_word' id='word_1_502' title='bbox 2195 2213 2292 2281; x_wconf 84' lang='grc' dir='ltr'><strong>τῆς</strong></span> <span class='ocrx_word' id='word_1_503' title='bbox 2325 2211 2558 2283; x_wconf 79' lang='grc' dir='ltr'>θεωρίας</span> <span class='ocrx_word' id='word_1_504' title='bbox 2598 2209 2691 2262; x_wconf 80' lang='grc' dir='ltr'>τοῦ</span> <span class='ocrx_word' id='word_1_505' title='bbox 2740 2208 2948 2271; x_wconf 81' lang='grc' dir='ltr'>ὓδατος.</span> <span class='ocrx_word' id='word_1_506' title='bbox 2997 2206 3072 2258; x_wconf 81' lang='grc' dir='ltr'><strong>Οὐ</strong></span> <span class='ocrx_word' id='word_1_507' title='bbox 3124 2203 3234 2273; x_wconf 82' lang='grc' dir='ltr'>γὰρ</span> <span class='ocrx_word' id='word_1_508' title='bbox 3280 2201 3497 2254; x_wconf 85' lang='grc' dir='ltr'>παύεται</span> <span class='ocrx_word' id='word_1_509' title='bbox 3520 2199 3571 2251; x_wconf 78' lang='grc' dir='ltr'>τὸ</span> <span class='ocrx_word' id='word_1_510' title='bbox 3597 2197 3706 2263; x_wconf 78' lang='grc' dir='ltr'>ὕδωρ</span> 
     </span>
    </p>
   </div>
   <div class='ocr_carea' id='block_1_69' title="bbox 2192 2285 3708 2374">
    <p class='ocr_par' dir='ltr' id='par_1_69' title="bbox 2192 2285 3708 2374">
     <span class='ocr_line' id='line_1_69' title="bbox 2192 2285 3708 2374; baseline -0.013 -17"><span class='ocrx_word' id='word_1_511' title='bbox 2192 2303 2278 2357; x_wconf 82' lang='grc' dir='ltr'><strong>ἀεί</strong></span> <span class='ocrx_word' id='word_1_512' title='bbox 2306 2321 2366 2356; x_wconf 88' lang='grc' dir='ltr'><strong>τε</strong></span> <span class='ocrx_word' id='word_1_513' title='bbox 2402 2303 2549 2374; x_wconf 77' lang='grc' dir='ltr'>ῥέον,</span> <span class='ocrx_word' id='word_1_514' title='bbox 2588 2301 2680 2353; x_wconf 78' lang='grc' dir='ltr'>καὶ</span> <span class='ocrx_word' id='word_1_515' title='bbox 2712 2299 2800 2352; x_wconf 74' lang='grc' dir='ltr'>ἀεὶ</span> <span class='ocrx_word' id='word_1_516' title='bbox 2830 2297 2924 2351; x_wconf 76' lang='grc' dir='ltr'><strong>τοῦ</strong></span> <span class='ocrx_word' id='word_1_517' title='bbox 2973 2296 3160 2367; x_wconf 80' lang='grc' dir='ltr'>βρύειν</span> <span class='ocrx_word' id='word_1_518' title='bbox 3189 2294 3494 2366; x_wconf 81' lang='grc' dir='ltr'>ἀρχόμενον.</span> <span class='ocrx_word' id='word_1_519' title='bbox 3517 2285 3708 2349; x_wconf 77' lang='grc' dir='ltr'>Οὕτωςὸ</span> 
     </span>
    </p>
   </div>
   <div class='ocr_carea' id='block_1_70' title="bbox 2196 2379 3706 2464">
    <p class='ocr_par' dir='ltr' id='par_1_70' title="bbox 2196 2379 3706 2464">
     <span class='ocr_line' id='line_1_70' title="bbox 2196 2379 3706 2464; baseline -0.015 -16"><span class='ocrx_word' id='word_1_520' title='bbox 2196 2393 2333 2464; x_wconf 82' lang='grc' dir='ltr'>πρὸς</span> <span class='ocrx_word' id='word_1_521' title='bbox 2369 2394 2430 2446; x_wconf 81' lang='grc' dir='ltr'><strong>τὸ</strong></span> <span class='ocrx_word' id='word_1_522' title='bbox 2475 2393 2617 2445; x_wconf 82' lang='grc' dir='ltr'>θεῖον</span> <span class='ocrx_word' id='word_1_523' title='bbox 2652 2393 2828 2444; x_wconf 82' lang='grc' dir='ltr'>ἐκεῖνο</span> <span class='ocrx_word' id='word_1_524' title='bbox 2862 2391 2956 2443; x_wconf 72' lang='grc' dir='ltr'>καὶ</span> <span class='ocrx_word' id='word_1_525' title='bbox 3005 2388 3263 2457; x_wconf 82' lang='grc' dir='ltr'>ἀόριστον</span> <span class='ocrx_word' id='word_1_526' title='bbox 3307 2383 3489 2444; x_wconf 79' lang='grc' dir='ltr'>κάλλος</span> <span class='ocrx_word' id='word_1_527' title='bbox 3524 2379 3706 2450; x_wconf 80' lang='grc' dir='ltr'>βλέπων,</span> 
     </span>
    </p>
   </div>
   <div class='ocr_carea' id='block_1_71' title="bbox 2197 2466 3712 2555">
    <p class='ocr_par' dir='ltr' id='par_1_71' title="bbox 2197 2466 3712 2555">
     <span class='ocr_line' id='line_1_71' title="bbox 2197 2466 3712 2555; baseline -0.013 -17"><span class='ocrx_word' id='word_1_528' title='bbox 2197 2484 2384 2555; x_wconf 80' lang='grc' dir='ltr'>ἐπειδὴ</span> <span class='ocrx_word' id='word_1_529' title='bbox 2423 2484 2485 2536; x_wconf 74' lang='grc' dir='ltr'>τὸ</span> <span class='ocrx_word' id='word_1_530' title='bbox 2520 2483 2750 2535; x_wconf 84' lang='grc' dir='ltr'>πάντοτε</span> <span class='ocrx_word' id='word_1_531' title='bbox 2789 2479 3199 2552; x_wconf 81' lang='grc' dir='ltr'>εὑρισκόμενον,</span> <span class='ocrx_word' id='word_1_532' title='bbox 3240 2472 3532 2544; x_wconf 86' lang='grc' dir='ltr'>καινότερόν</span> <span class='ocrx_word' id='word_1_533' title='bbox 3566 2466 3712 2547; x_wconf 71' lang='grc' dir='ltr'>τεκαὶ</span> 
     </span>
    </p>
   </div>
   <div class='ocr_carea' id='block_1_72' title="bbox 2195 2560 3712 2647">
    <p class='ocr_par' dir='ltr' id='par_1_72' title="bbox 2195 2560 3712 2647">
     <span class='ocr_line' id='line_1_72' title="bbox 2195 2560 3712 2647; baseline -0.015 -17"><span class='ocrx_word' id='word_1_534' title='bbox 2195 2576 2625 2647; x_wconf 81' lang='grc' dir='ltr'>παραδοξότερον</span> <span class='ocrx_word' id='word_1_535' title='bbox 2653 2573 2867 2635; x_wconf 76' lang='grc' dir='ltr'>πάντως</span> <span class='ocrx_word' id='word_1_536' title='bbox 2899 2571 3048 2642; x_wconf 78' lang='grc' dir='ltr'>παρὰ</span> <span class='ocrx_word' id='word_1_537' title='bbox 3073 2569 3153 2638; x_wconf 83' lang='grc' dir='ltr'>τῷ</span> <span class='ocrx_word' id='word_1_538' title='bbox 3181 2569 3308 2621; x_wconf 79' lang='grc' dir='ltr'>εῖδει</span> <span class='ocrx_word' id='word_1_539' title='bbox 3347 2560 3712 2632; x_wconf 74' lang='grc' dir='ltr'>κατειλημμένον</span> 
     </span>
    </p>
   </div>
   <div class='ocr_carea' id='block_1_73' title="bbox 2193 2647 3716 2741">
    <p class='ocr_par' dir='ltr' id='par_1_73' title="bbox 2193 2647 3716 2741">
     <span class='ocr_line' id='line_1_73' title="bbox 2193 2647 3716 2741; baseline -0.017 -15"><span class='ocrx_word' id='word_1_540' title='bbox 2193 2672 2411 2741; x_wconf 79' lang='grc' dir='ltr'>ὁρᾶται,</span> <span class='ocrx_word' id='word_1_541' title='bbox 2447 2669 2718 2737; x_wconf 81' lang='grc' dir='ltr'>θαυμάζει</span> <span class='ocrx_word' id='word_1_542' title='bbox 2763 2667 2859 2735; x_wconf 83' lang='grc' dir='ltr'>μὲν</span> <span class='ocrx_word' id='word_1_543' title='bbox 2907 2664 2966 2716; x_wconf 74' lang='grc' dir='ltr'><strong>τὸ</strong></span> <span class='ocrx_word' id='word_1_544' title='bbox 3010 2663 3096 2716; x_wconf 75' lang='grc' dir='ltr'>ἀεὶ</span> <span class='ocrx_word' id='word_1_545' title='bbox 3140 2659 3574 2732; x_wconf 78' lang='grc' dir='ltr'>προφαινόμενον,</span> <span class='ocrx_word' id='word_1_546' title='bbox 3603 2647 3716 2704; x_wconf 62' lang='grc' dir='ltr'>οὐδὲ·</span> 
     </span>
    </p>
   </div>
   <div class='ocr_carea' id='block_1_74' title="bbox 2197 2742 3715 2826">
    <p class='ocr_par' dir='ltr' id='par_1_74' title="bbox 2197 2742 3715 2826">
     <span class='ocr_line' id='line_1_74' title="bbox 2197 2742 3715 2826; baseline -0.015 -12"><span class='ocrx_word' id='word_1_547' title='bbox 2197 2778 2328 2814; x_wconf 89' lang='grc' dir='ltr'>ποτε</span> <span class='ocrx_word' id='word_1_548' title='bbox 2357 2759 2413 2812; x_wconf 80' lang='grc' dir='ltr'>δὲ</span> <span class='ocrx_word' id='word_1_549' title='bbox 2443 2760 2656 2812; x_wconf 79' lang='grc' dir='ltr'>ἵσταται</span> <span class='ocrx_word' id='word_1_550' title='bbox 2690 2757 2788 2826; x_wconf 81' lang='grc' dir='ltr'><strong>τῆς</strong></span> <span class='ocrx_word' id='word_1_551' title='bbox 2816 2753 2910 2809; x_wconf 81' lang='grc' dir='ltr'>τοῦ</span> <span class='ocrx_word' id='word_1_552' title='bbox 2946 2753 3069 2806; x_wconf 75' lang='grc' dir='ltr'>ἰδεῖν</span> <span class='ocrx_word' id='word_1_553' title='bbox 3103 2749 3412 2818; x_wconf 74' lang='grc' dir='ltr'>ἐπιθυμίας,</span> <span class='ocrx_word' id='word_1_554' title='bbox 3439 2744 3518 2798; x_wconf 83' lang='grc' dir='ltr'>διὰ</span> <span class='ocrx_word' id='word_1_555' title='bbox 3541 2742 3593 2795; x_wconf 81' lang='grc' dir='ltr'><strong>τὸ</strong></span> <span class='ocrx_word' id='word_1_556' title='bbox 3610 2755 3715 2792; x_wconf 78' lang='grc' dir='ltr'>παν-</span> 
     </span>
    </p>
   </div>
   <div class='ocr_carea' id='block_1_75' title="bbox 2195 2831 3718 2920">
    <p class='ocr_par' dir='ltr' id='par_1_75' title="bbox 2195 2831 3718 2920">
     <span class='ocr_line' id='line_1_75' title="bbox 2195 2831 3718 2920; baseline -0.015 -14"><span class='ocrx_word' id='word_1_557' title='bbox 2195 2852 2287 2918; x_wconf 58' lang='grc' dir='ltr'><strong>τὸς</strong></span> <span class='ocrx_word' id='word_1_558' title='bbox 2319 2851 2413 2904; x_wconf 78' lang='grc' dir='ltr'>τοῦ</span> <span class='ocrx_word' id='word_1_559' title='bbox 2442 2848 2718 2920; x_wconf 81' lang='grc' dir='ltr'>ὁρωμένου</span> <span class='ocrx_word' id='word_1_560' title='bbox 2748 2841 3326 2917; x_wconf 83' lang='grc' dir='ltr'>μεγαλοπρεπέστερόν</span> <span class='ocrx_word' id='word_1_561' title='bbox 3361 2855 3416 2890; x_wconf 86' lang='grc' dir='ltr'><strong>τε</strong></span> <span class='ocrx_word' id='word_1_562' title='bbox 3445 2837 3530 2890; x_wconf 70' lang='grc' dir='ltr'><strong>καὶ</strong></span> <span class='ocrx_word' id='word_1_563' title='bbox 3558 2831 3718 2920; x_wconf 63' lang='grc' dir='ltr'>θειότε-</span> 
     </span>
    </p>
   </div>
   <div class='ocr_carea' id='block_1_76' title="bbox 2202 2917 3717 3012">
    <p class='ocr_par' dir='ltr' id='par_1_76' title="bbox 2202 2917 3717 3012">
     <span class='ocr_line' id='line_1_76' title="bbox 2202 2917 3717 3012; baseline -0.016 -17"><span class='ocrx_word' id='word_1_564' title='bbox 2202 2959 2292 3012; x_wconf 91' lang='grc' dir='ltr'><strong>ρον</strong></span> <span class='ocrx_word' id='word_1_565' title='bbox 2315 2937 2456 2996; x_wconf 79' lang='grc' dir='ltr'>εἶναι</span> <span class='ocrx_word' id='word_1_566' title='bbox 2471 2939 2530 2992; x_wconf 85' lang='grc' dir='ltr'><strong>τὸ</strong></span> <span class='ocrx_word' id='word_1_567' title='bbox 2550 2935 3016 3009; x_wconf 79' lang='grc' dir='ltr'>προσδοκώμενον.</span> <span class='ocrx_word' id='word_1_568' title='bbox 3030 2931 3130 2985; x_wconf 80' lang='grc' dir='ltr'><strong>Διὰ</strong></span> <span class='ocrx_word' id='word_1_569' title='bbox 3148 2931 3307 2984; x_wconf 84' lang='grc' dir='ltr'>τοῦτο</span> <span class='ocrx_word' id='word_1_570' title='bbox 3325 2925 3414 2982; x_wconf 77' lang='grc' dir='ltr'><strong>οὖν</strong></span> <span class='ocrx_word' id='word_1_571' title='bbox 3433 2917 3717 2978; x_wconf 62' lang='grc' dir='ltr'>καὶὲνταῦθα</span> 
     </span>
    </p>
   </div>
   <div class='ocr_carea' id='block_1_77' title="bbox 2123 3009 3722 3120">
    <p class='ocr_par' dir='ltr' id='par_1_77' title="bbox 2123 3009 3722 3120">
     <span class='ocr_line' id='line_1_77' title="bbox 2123 3009 3722 3120; baseline -0.021 -25"><span class='ocrx_word' id='word_1_572' title='bbox 2123 3061 2166 3120; x_wconf 76' lang='lat' dir='ltr'><strong>C</strong></span> <span class='ocrx_word' id='word_1_573' title='bbox 2263 3033 2452 3103; x_wconf 82' lang='grc' dir='ltr'>νύμφη</span> <span class='ocrx_word' id='word_1_574' title='bbox 2498 3031 2587 3084; x_wconf 80' lang='grc' dir='ltr'><strong>ἀεὶ</strong></span> <span class='ocrx_word' id='word_1_575' title='bbox 2630 3025 2985 3097; x_wconf 79' lang='grc' dir='ltr'>θαυμάζουσά</span> <span class='ocrx_word' id='word_1_576' title='bbox 3027 3041 3085 3077; x_wconf 87' lang='grc' dir='ltr'><strong>τε</strong></span> <span class='ocrx_word' id='word_1_577' title='bbox 3144 3022 3239 3076; x_wconf 77' lang='grc' dir='ltr'><strong>καὶ</strong></span> <span class='ocrx_word' id='word_1_578' title='bbox 3273 3012 3648 3120; x_wconf 60' lang='grc' dir='ltr'>ὲκπλησσομένη</span> <span class='ocrx_word' id='word_1_579' title='bbox 3675 3009 3722 3062; x_wconf 66' lang='grc' dir='ltr'><strong>τὶ»</strong></span> 
     </span>
    </p>
   </div>
   <div class='ocr_carea' id='block_1_78' title="bbox 2201 3106 3720 3196">
    <p class='ocr_par' dir='ltr' id='par_1_78' title="bbox 2201 3106 3720 3196">
     <span class='ocr_line' id='line_1_78' title="bbox 2201 3106 3720 3196; baseline -0.017 -18"><span class='ocrx_word' id='word_1_580' title='bbox 2201 3124 2620 3196; x_wconf 79' lang='grc' dir='ltr'>γινωσκόμενον,</span> <span class='ocrx_word' id='word_1_581' title='bbox 2666 3119 2923 3172; x_wconf 86' lang='grc' dir='ltr'>οὐδέποτε</span> <span class='ocrx_word' id='word_1_582' title='bbox 2957 3116 3014 3169; x_wconf 82' lang='grc' dir='ltr'>ὲν</span> <span class='ocrx_word' id='word_1_583' title='bbox 3052 3115 3169 3176; x_wconf 86' lang='grc' dir='ltr'>τοῖς</span> <span class='ocrx_word' id='word_1_584' title='bbox 3209 3110 3552 3182; x_wconf 78' lang='grc' dir='ltr'>ἐγνωσμένοις</span> <span class='ocrx_word' id='word_1_585' title='bbox 3580 3106 3720 3196; x_wconf 74' lang='grc' dir='ltr'>ἵστησι</span> 
     </span>
    </p>
   </div>
   <div class='ocr_carea' id='block_1_79' title="bbox 2201 3191 3722 3285">
    <p class='ocr_par' dir='ltr' id='par_1_79' title="bbox 2201 3191 3722 3285">
     <span class='ocr_line' id='line_1_79' title="bbox 2201 3191 3722 3285; baseline -0.013 -16"><span class='ocrx_word' id='word_1_586' title='bbox 2201 3191 2294 3269; x_wconf 74' lang='grc' dir='ltr'>τοῦ</span> <span class='ocrx_word' id='word_1_587' title='bbox 2319 3191 2696 3285; x_wconf 81' lang='grc' dir='ltr'>θεωρουμένου</span> <span class='ocrx_word' id='word_1_588' title='bbox 2728 3212 2820 3264; x_wconf 80' lang='grc' dir='ltr'><strong>τὸν</strong></span> <span class='ocrx_word' id='word_1_589' title='bbox 2853 3208 3036 3262; x_wconf 90' lang='grc' dir='ltr'>πόθον.</span> <span class='ocrx_word' id='word_1_590' title='bbox 3076 3199 3157 3260; x_wconf 74' lang='grc' dir='ltr'><strong>Θῖι</strong></span> <span class='ocrx_word' id='word_1_591' title='bbox 3181 3205 3340 3276; x_wconf 82' lang='grc' dir='ltr'>χάριν</span> <span class='ocrx_word' id='word_1_592' title='bbox 3364 3202 3455 3256; x_wconf 73' lang='grc' dir='ltr'>καὶ</span> <span class='ocrx_word' id='word_1_593' title='bbox 3472 3199 3556 3253; x_wconf 81' lang='grc' dir='ltr'><strong>νῦν</strong></span> <span class='ocrx_word' id='word_1_594' title='bbox 3584 3194 3646 3258; x_wconf 80' lang='grc' dir='ltr'><strong>ὡς</strong></span> <span class='ocrx_word' id='word_1_595' title='bbox 3662 3191 3722 3285; x_wconf 40' lang='lat' dir='ltr'><strong>Et“</strong></span> 
     </span>
    </p>
   </div>
   <div class='ocr_carea' id='block_1_80' title="bbox 2201 3282 3723 3378">
    <p class='ocr_par' dir='ltr' id='par_1_80' title="bbox 2201 3282 3723 3378">
     <span class='ocr_line' id='line_1_80' title="bbox 2201 3282 3723 3378; baseline -0.014 -18"><span class='ocrx_word' id='word_1_596' title='bbox 2201 3282 2652 3378; x_wconf 78' lang='grc' dir='ltr'>θυροκροτοῦντος</span> <span class='ocrx_word' id='word_1_597' title='bbox 2691 3301 2785 3355; x_wconf 83' lang='grc' dir='ltr'>τοῦ</span> <span class='ocrx_word' id='word_1_598' title='bbox 2810 3298 2982 3366; x_wconf 77' lang='grc' dir='ltr'>Λόγου</span> <span class='ocrx_word' id='word_1_599' title='bbox 3014 3295 3354 3358; x_wconf 83' lang='grc' dir='ltr'>αἰσθάνεται,</span> <span class='ocrx_word' id='word_1_600' title='bbox 3395 3292 3484 3360; x_wconf 78' lang='grc' dir='ltr'>καὶ</span> <span class='ocrx_word' id='word_1_601' title='bbox 3513 3282 3723 3378; x_wconf 80' lang='grc' dir='ltr'>πρὸς</span> 
     </span>
    </p>
   </div>
   <div class='ocr_carea' id='block_1_81' title="bbox 2202 3372 3723 3466">
    <p class='ocr_par' dir='ltr' id='par_1_81' title="bbox 2202 3372 3723 3466">
     <span class='ocr_line' id='line_1_81' title="bbox 2202 3372 3723 3466; baseline -0.016 -14"><span class='ocrx_word' id='word_1_602' title='bbox 2202 3395 2444 3466; x_wconf 82' lang='grc' dir='ltr'>ὑπακοὴν</span> <span class='ocrx_word' id='word_1_603' title='bbox 2469 3392 2806 3448; x_wconf 87' lang='grc' dir='ltr'>διανίσταται</span> <span class='ocrx_word' id='word_1_604' title='bbox 2828 3387 2920 3442; x_wconf 85' lang='grc' dir='ltr'><strong>καί</strong></span> <span class='ocrx_word' id='word_1_605' title='bbox 2947 3403 3102 3456; x_wconf 86' lang='grc' dir='ltr'>φησι,</span> <span class='ocrx_word' id='word_1_606' title='bbox 3121 3384 3302 3452; x_wconf 72' lang='grc' dir='ltr'><strong>Φωνὴ</strong></span> <span class='ocrx_word' id='word_1_607' title='bbox 3329 3381 3431 3437; x_wconf 82' lang='grc' dir='ltr'><strong>τοῦ</strong></span> <span class='ocrx_word' id='word_1_608' title='bbox 3455 3372 3723 3446; x_wconf 59' lang='grc' dir='ltr'>ἀδελφιδοῦ</span> 
     </span>
    </p>
   </div>
   <div class='ocr_carea' id='block_1_82' title="bbox 2196 3466 3724 3557">
    <p class='ocr_par' dir='ltr' id='par_1_82' title="bbox 2196 3466 3724 3557">
     <span class='ocr_line' id='line_1_82' title="bbox 2196 3466 3724 3557; baseline -0.014 -14"><span class='ocrx_word' id='word_1_609' title='bbox 2196 3507 2315 3557; x_wconf 77' lang='grc' dir='ltr'>μου</span> <span class='ocrx_word' id='word_1_610' title='bbox 2336 3487 2535 3555; x_wconf 81' lang='grc' dir='ltr'>κρούει</span> <span class='ocrx_word' id='word_1_611' title='bbox 2557 3484 2653 3537; x_wconf 77' lang='grc' dir='ltr'><strong>ἐπὶ</strong></span> <span class='ocrx_word' id='word_1_612' title='bbox 2676 3479 2792 3550; x_wconf 80' lang='grc' dir='ltr'><strong>τὴν</strong></span> <span class='ocrx_word' id='word_1_613' title='bbox 2813 3481 3018 3547; x_wconf 70' lang='grc' dir='ltr'>θύραν.</span> <span class='ocrx_word' id='word_1_614' title='bbox 3047 3478 3185 3534; x_wconf 77' lang='grc' dir='ltr'>Εἶτα</span> <span class='ocrx_word' id='word_1_615' title='bbox 3205 3477 3433 3551; x_wconf 79' lang='grc' dir='ltr'>ἡσυχίαν</span> <span class='ocrx_word' id='word_1_616' title='bbox 3457 3475 3562 3533; x_wconf 84' lang='grc' dir='ltr'>ταῖς</span> <span class='ocrx_word' id='word_1_617' title='bbox 3579 3466 3724 3523; x_wconf 78' lang='grc' dir='ltr'>ἀκοαῖς</span> 
     </span>
    </p>
   </div>
   <div class='ocr_carea' id='block_1_83' title="bbox 2201 3561 3723 3640">
    <p class='ocr_par' dir='ltr' id='par_1_83' title="bbox 2201 3561 3723 3640">
     <span class='ocr_line' id='line_1_83' title="bbox 2201 3561 3723 3640; baseline -0.015 -10"><span class='ocrx_word' id='word_1_618' title='bbox 2201 3577 2445 3640; x_wconf 77' lang='grc' dir='ltr'>ἐνδοῦσα,</span> <span class='ocrx_word' id='word_1_619' title='bbox 2495 3571 2680 3627; x_wconf 86' lang='grc' dir='ltr'>ἀκούει</span> <span class='ocrx_word' id='word_1_620' title='bbox 2711 3569 2804 3622; x_wconf 79' lang='grc' dir='ltr'><strong>τοῦ</strong></span> <span class='ocrx_word' id='word_1_621' title='bbox 2832 3569 2920 3623; x_wconf 77' lang='grc' dir='ltr'>διὰ,</span> <span class='ocrx_word' id='word_1_622' title='bbox 2967 3570 3067 3640; x_wconf 77' lang='grc' dir='ltr'><strong>τῆς</strong></span> <span class='ocrx_word' id='word_1_623' title='bbox 3109 3570 3302 3640; x_wconf 77' lang='grc' dir='ltr'>φωνῆς</span> <span class='ocrx_word' id='word_1_624' title='bbox 3342 3561 3723 3636; x_wconf 76' lang='grc' dir='ltr'>προσηχήσαντος</span> 
     </span>
    </p>
   </div>
   <div class='ocr_carea' id='block_1_84' title="bbox 2198 3645 3727 3730">
    <p class='ocr_par' dir='ltr' id='par_1_84' title="bbox 2198 3645 3727 3730">
     <span class='ocr_line' id='line_1_84' title="bbox 2198 3645 3727 3730; baseline -0.01 -11"><span class='ocrx_word' id='word_1_625' title='bbox 2198 3664 2389 3719; x_wconf 69' lang='grc' dir='ltr'>Αόλου·</span> <span class='ocrx_word' id='word_1_626' title='bbox 2416 3665 2445 3717; x_wconf 86' lang='grc' dir='ltr'>ὁ</span> <span class='ocrx_word' id='word_1_627' title='bbox 2466 3664 2521 3717; x_wconf 83' lang='grc' dir='ltr'>δὲ</span> <span class='ocrx_word' id='word_1_628' title='bbox 2545 3662 2701 3730; x_wconf 84' lang='grc' dir='ltr'>λόγος</span> <span class='ocrx_word' id='word_1_629' title='bbox 2728 3660 2965 3723; x_wconf 81' lang='grc' dir='ltr'>τοιοῦτός</span> <span class='ocrx_word' id='word_1_630' title='bbox 2985 3661 3132 3713; x_wconf 80' lang='grc' dir='ltr'>ἐστιν</span> <span class='ocrx_word' id='word_1_631' title='bbox 3151 3676 3165 3690; x_wconf 90' lang='grc'><strong>·</strong></span> <span class='ocrx_word' id='word_1_632' title='bbox 3190 3657 3459 3722; x_wconf 76' lang='grc' dir='ltr'>Ἀνοιξόν</span> <span class='ocrx_word' id='word_1_633' title='bbox 3472 3669 3580 3723; x_wconf 83' lang='grc' dir='ltr'>μοι,</span> <span class='ocrx_word' id='word_1_634' title='bbox 3598 3645 3727 3702; x_wconf 74' lang='grc' dir='ltr'>ἀδελ·</span> 
     </span>
    </p>
   </div>
   <div class='ocr_carea' id='block_1_85' title="bbox 2204 3736 3727 3824">
    <p class='ocr_par' dir='ltr' id='par_1_85' title="bbox 2204 3736 3727 3824">
     <span class='ocr_line' id='line_1_85' title="bbox 2204 3736 3727 3824; baseline -0.023 -2"><span class='ocrx_word' id='word_1_635' title='bbox 2204 3754 2286 3824; x_wconf 65' lang='grc' dir='ltr'><strong>φή</strong></span> <span class='ocrx_word' id='word_1_636' title='bbox 2313 3772 2455 3823; x_wconf 83' lang='grc' dir='ltr'>μου,</span> <span class='ocrx_word' id='word_1_637' title='bbox 2490 3756 2528 3822; x_wconf 75' lang='grc' dir='ltr'>ἡ</span> <span class='ocrx_word' id='word_1_638' title='bbox 2569 3753 2838 3821; x_wconf 63' lang='grc' dir='ltr'>πλησίον</span> <span class='ocrx_word' id='word_1_639' title='bbox 2872 3768 3014 3820; x_wconf 81' lang='grc' dir='ltr'>μου,</span> <span class='ocrx_word' id='word_1_640' title='bbox 3066 3749 3392 3820; x_wconf 78' lang='grc' dir='ltr'>περιστερὰ</span> <span class='ocrx_word' id='word_1_641' title='bbox 3421 3763 3546 3818; x_wconf 83' lang='grc' dir='ltr'>μου,</span> <span class='ocrx_word' id='word_1_642' title='bbox 3571 3736 3727 3795; x_wconf 70' lang='grc' dir='ltr'>τελεία</span> 
     </span>
    </p>
   </div>
   <div class='ocr_carea' id='block_1_86' title="bbox 2197 3827 3730 3917">
    <p class='ocr_par' dir='ltr' id='par_1_86' title="bbox 2197 3827 3730 3917">
     <span class='ocr_line' id='line_1_86' title="bbox 2197 3827 3730 3917; baseline -0.014 -14"><span class='ocrx_word' id='word_1_643' title='bbox 2197 3863 2349 3917; x_wconf 82' lang='grc' dir='ltr'>μου·</span> <span class='ocrx_word' id='word_1_644' title='bbox 2393 3850 2478 3904; x_wconf 82' lang='grc' dir='ltr'>ὅτι</span> <span class='ocrx_word' id='word_1_645' title='bbox 2519 3844 2558 3912; x_wconf 72' lang='grc' dir='ltr'><strong><em>ἡ</em></strong></span> <span class='ocrx_word' id='word_1_646' title='bbox 2603 3842 2836 3912; x_wconf 69' lang='grc' dir='ltr'>κεφαλή</span> <span class='ocrx_word' id='word_1_647' title='bbox 2864 3858 2984 3908; x_wconf 81' lang='grc' dir='ltr'><strong>μου</strong></span> <span class='ocrx_word' id='word_1_648' title='bbox 3016 3842 3297 3908; x_wconf 62' lang='grc' dir='ltr'>ἐπλήσθη</span> <span class='ocrx_word' id='word_1_649' title='bbox 3320 3840 3551 3908; x_wconf 79' lang='grc' dir='ltr'>δρόσου,</span> <span class='ocrx_word' id='word_1_650' title='bbox 3585 3831 3664 3886; x_wconf 76' lang='grc' dir='ltr'><strong>καί</strong></span> <span class='ocrx_word' id='word_1_651' title='bbox 3690 3827 3730 3879; x_wconf 74' lang='grc' dir='ltr'>ει</span> 
     </span>
    </p>
   </div>
   <div class='ocr_carea' id='block_1_87' title="bbox 2196 3920 3729 4008">
    <p class='ocr_par' dir='ltr' id='par_1_87' title="bbox 2196 3920 3729 4008">
     <span class='ocr_line' id='line_1_87' title="bbox 2196 3920 3729 4008; baseline -0.006 -14"><span class='ocrx_word' id='word_1_652' title='bbox 2196 3939 2530 4008; x_wconf 80' lang='grc' dir='ltr'>βόστρυχοί</span> <span class='ocrx_word' id='word_1_653' title='bbox 2570 3953 2688 4006; x_wconf 80' lang='grc' dir='ltr'><strong>μου</strong></span> <span class='ocrx_word' id='word_1_654' title='bbox 2726 3931 3008 4003; x_wconf 69' lang='grc' dir='ltr'>ψεκάδων</span> <span class='ocrx_word' id='word_1_655' title='bbox 3054 3933 3300 3997; x_wconf 73' lang='grc' dir='ltr'>νυκτός.</span> <span class='ocrx_word' id='word_1_656' title='bbox 3355 3929 3542 3983; x_wconf 86' lang='grc' dir='ltr'>Τούτου</span> <span class='ocrx_word' id='word_1_657' title='bbox 3579 3923 3627 3976; x_wconf 83' lang='grc' dir='ltr'>δὲ</span> <span class='ocrx_word' id='word_1_658' title='bbox 3654 3920 3729 3985; x_wconf 73' lang='grc' dir='ltr'><strong>τὴν</strong></span> 
     </span>
    </p>
   </div>
   <div class='ocr_carea' id='block_1_88' title="bbox 2203 4015 3731 4093">
    <p class='ocr_par' dir='ltr' id='par_1_88' title="bbox 2203 4015 3731 4093">
     <span class='ocr_line' id='line_1_88' title="bbox 2203 4015 3731 4093; baseline -0.012 -9"><span class='ocrx_word' id='word_1_659' title='bbox 2203 4031 2434 4086; x_wconf 80' lang='grc' dir='ltr'>διάνοιαν</span> <span class='ocrx_word' id='word_1_660' title='bbox 2474 4027 2643 4089; x_wconf 70' lang='grc' dir='ltr'>οὕτως</span> <span class='ocrx_word' id='word_1_661' title='bbox 2676 4025 2740 4079; x_wconf 77' lang='grc' dir='ltr'>ἄν</span> <span class='ocrx_word' id='word_1_662' title='bbox 2765 4042 2848 4088; x_wconf 83' lang='grc' dir='ltr'>τις</span> <span class='ocrx_word' id='word_1_663' title='bbox 2871 4023 3168 4077; x_wconf 79' lang='grc' dir='ltr'>καταλάϐοι</span> <span class='ocrx_word' id='word_1_664' title='bbox 3199 4025 3270 4093; x_wconf 81' lang='grc' dir='ltr'>τῇ</span> <span class='ocrx_word' id='word_1_665' title='bbox 3294 4021 3508 4092; x_wconf 77' lang='grc' dir='ltr'>θεωρίᾳ.</span> <span class='ocrx_word' id='word_1_666' title='bbox 3546 4015 3622 4085; x_wconf 80' lang='grc' dir='ltr'><strong>Τῷ</strong></span> <span class='ocrx_word' id='word_1_667' title='bbox 3656 4027 3731 4081; x_wconf 82' lang='grc' dir='ltr'>με·</span> 
     </span>
    </p>
   </div>
   <div class='ocr_carea' id='block_1_89' title="bbox 2205 4104 3727 4192">
    <p class='ocr_par' dir='ltr' id='par_1_89' title="bbox 2205 4104 3727 4192">
     <span class='ocr_line' id='line_1_89' title="bbox 2205 4104 3727 4192; baseline -0.012 -15"><span class='ocrx_word' id='word_1_668' title='bbox 2205 4123 2353 4192; x_wconf 84' lang='grc' dir='ltr'>γάλῳ</span> <span class='ocrx_word' id='word_1_669' title='bbox 2374 4104 2597 4175; x_wconf 79' lang='grc' dir='ltr'>Μωῦσεῖ</span> <span class='ocrx_word' id='word_1_670' title='bbox 2617 4117 2704 4171; x_wconf 80' lang='grc' dir='ltr'><strong>διὰ</strong></span> <span class='ocrx_word' id='word_1_671' title='bbox 2729 4115 2903 4184; x_wconf 80' lang='grc' dir='ltr'>φωτὸς</span> <span class='ocrx_word' id='word_1_672' title='bbox 2925 4114 3128 4185; x_wconf 72' lang='grc' dir='ltr'>ἤρξατο</span> <span class='ocrx_word' id='word_1_673' title='bbox 3150 4116 3184 4186; x_wconf 80' lang='grc' dir='ltr'><strong>ὴ</strong></span> <span class='ocrx_word' id='word_1_674' title='bbox 3213 4113 3310 4167; x_wconf 82' lang='grc' dir='ltr'><strong>τοῦ</strong></span> <span class='ocrx_word' id='word_1_675' title='bbox 3332 4110 3460 4165; x_wconf 77' lang='grc' dir='ltr'>Θεοῦ</span> <span class='ocrx_word' id='word_1_676' title='bbox 3485 4106 3727 4192; x_wconf 59' lang='grc' dir='ltr'>ἐμφάνειω</span> 
     </span>
    </p>
   </div>
   <div class='ocr_carea' id='block_1_90' title="bbox 2209 4185 3734 4284">
    <p class='ocr_par' dir='ltr' id='par_1_90' title="bbox 2209 4185 3734 4284">
     <span class='ocr_line' id='line_1_90' title="bbox 2209 4185 3734 4284; baseline -0.025 -17"><span class='ocrx_word' id='word_1_677' title='bbox 2209 4185 2344 4284; x_wconf 72' lang='grc' dir='ltr'>μετά</span> <span class='ocrx_word' id='word_1_678' title='bbox 2373 4210 2542 4264; x_wconf 81' lang='grc' dir='ltr'>ταῦτα</span> <span class='ocrx_word' id='word_1_679' title='bbox 2565 4206 2650 4260; x_wconf 78' lang='grc' dir='ltr'><strong>διὰ</strong></span> <span class='ocrx_word' id='word_1_680' title='bbox 2677 4205 2904 4274; x_wconf 81' lang='grc' dir='ltr'>νεφέλης</span> <span class='ocrx_word' id='word_1_681' title='bbox 2937 4202 3084 4273; x_wconf 75' lang='grc' dir='ltr'>αὐτῷ</span> <span class='ocrx_word' id='word_1_682' title='bbox 3110 4185 3442 4271; x_wconf 84' lang='grc' dir='ltr'>διαλέγεται.</span> <span class='ocrx_word' id='word_1_683' title='bbox 3494 4185 3612 4251; x_wconf 64' lang='grc' dir='ltr'>Εἶτα</span> 
     </span>
    </p>
   </div>
   <div class='ocr_carea' id='block_1_91' title="bbox 2206 4281 3733 4374">
    <p class='ocr_par' dir='ltr' id='par_1_91' title="bbox 2206 4281 3733 4374">
     <span class='ocr_line' id='line_1_91' title="bbox 2206 4281 3733 4374; baseline -0.012 -17"><span class='ocrx_word' id='word_1_684' title='bbox 2206 4281 2422 4374; x_wconf 83' lang='grc' dir='ltr'>λότερος</span> <span class='ocrx_word' id='word_1_685' title='bbox 2449 4301 2550 4371; x_wconf 73' lang='grc' dir='ltr'>ἤδη</span> <span class='ocrx_word' id='word_1_686' title='bbox 2581 4299 2675 4353; x_wconf 74' lang='grc' dir='ltr'>καὶ</span> <span class='ocrx_word' id='word_1_687' title='bbox 2699 4297 3029 4367; x_wconf 81' lang='grc' dir='ltr'>τελειότερος</span> <span class='ocrx_word' id='word_1_688' title='bbox 3064 4295 3381 4365; x_wconf 76' lang='grc' dir='ltr'>γενόμενος,</span> <span class='ocrx_word' id='word_1_689' title='bbox 3410 4294 3465 4345; x_wconf 78' lang='grc' dir='ltr'>ἐν</span> <span class='ocrx_word' id='word_1_690' title='bbox 3496 4289 3650 4374; x_wconf 65' lang='grc' dir='ltr'>γνόφῳ</span> <span class='ocrx_word' id='word_1_691' title='bbox 3665 4281 3733 4374; x_wconf 48' lang='lat' dir='ltr'><strong>riu</strong></span> 
     </span>
    </p>
   </div>
   <div class='ocr_carea' id='block_1_92' title="bbox 530 4369 2094 4466">
    <p class='ocr_par' dir='ltr' id='par_1_92' title="bbox 530 4381 2094 4447">
     <span class='ocr_line' id='line_1_92' title="bbox 530 4381 2094 4447; baseline -0.008 -3"><span class='ocrx_word' id='word_1_692' title='bbox 530 4390 686 4447; x_wconf 83' lang='lat' dir='ltr'><strong>falsis</strong></span> <span class='ocrx_word' id='word_1_693' title='bbox 733 4399 786 4444; x_wconf 91' lang='lat' dir='ltr'><strong>et</strong></span> <span class='ocrx_word' id='word_1_694' title='bbox 824 4390 1140 4443; x_wconf 88' lang='lat' dir='ltr'><strong>errantibus</strong></span> <span class='ocrx_word' id='word_1_695' title='bbox 1170 4387 1236 4440; x_wconf 90' lang='lat' dir='ltr'><strong>de</strong></span> <span class='ocrx_word' id='word_1_696' title='bbox 1289 4385 1396 4438; x_wconf 85' lang='lat' dir='ltr'><strong>Deo</strong></span> <span class='ocrx_word' id='word_1_697' title='bbox 1455 4381 1960 4437; x_wconf 84' lang='lat' dir='ltr'><strong>existimationibus</strong></span> <span class='ocrx_word' id='word_1_698' title='bbox 2023 4393 2094 4435; x_wconf 79' lang='grc' dir='ltr'>εει</span> 
     </span>
    </p>
   </div>
   <div class='ocr_carea' id='block_1_93' title="bbox 2194 4369 3732 4466">
    <p class='ocr_par' dir='ltr' id='par_1_93' title="bbox 2209 4369 3732 4466">
     <span class='ocr_line' id='line_1_93' title="bbox 2209 4369 3732 4466; baseline -0.016 -18"><span class='ocrx_word' id='word_1_699' title='bbox 2209 4369 2343 4450; x_wconf 80' lang='grc' dir='ltr'>Θεὸν</span> <span class='ocrx_word' id='word_1_700' title='bbox 2369 4369 2572 4466; x_wconf 78' lang='grc' dir='ltr'>βλέπει.</span> <span class='ocrx_word' id='word_1_701' title='bbox 2631 4388 2694 4444; x_wconf 86' lang='grc' dir='ltr'><em>Ὃ</em></span> <span class='ocrx_word' id='word_1_702' title='bbox 2736 4390 2793 4443; x_wconf 80' lang='grc' dir='ltr'>δὲ</span> <span class='ocrx_word' id='word_1_703' title='bbox 2837 4389 2924 4442; x_wconf 83' lang='grc' dir='ltr'><strong>διὰ</strong></span> <span class='ocrx_word' id='word_1_704' title='bbox 2958 4386 3148 4441; x_wconf 86' lang='grc' dir='ltr'>τούτου</span> <span class='ocrx_word' id='word_1_705' title='bbox 3186 4385 3526 4457; x_wconf 82' lang='grc' dir='ltr'>μανθάνομεν</span> <span class='ocrx_word' id='word_1_706' title='bbox 3544 4369 3732 4433; x_wconf 83' lang='grc' dir='ltr'>τοιοῦτόν</span> 
     </span>
    </p>
   </div>
   <div class='ocr_carea' id='block_1_94' title="bbox 531 4475 2098 4545">
    <p class='ocr_par' dir='ltr' id='par_1_94' title="bbox 531 4475 2098 4545">
     <span class='ocr_line' id='line_1_94' title="bbox 531 4475 2098 4545; baseline -0.009 -7"><span class='ocrx_word' id='word_1_707' title='bbox 531 4485 795 4538; x_wconf 88' lang='lat' dir='ltr'><strong>transitus</strong></span> <span class='ocrx_word' id='word_1_708' title='bbox 825 4483 890 4537; x_wconf 88' lang='lat' dir='ltr'><strong>ad</strong></span> <span class='ocrx_word' id='word_1_709' title='bbox 927 4483 1099 4536; x_wconf 78' lang='lat' dir='ltr'><strong>lucem</strong></span> <span class='ocrx_word' id='word_1_710' title='bbox 1134 4495 1163 4532; x_wconf 89' lang='lat' dir='ltr'><strong>a</strong></span> <span class='ocrx_word' id='word_1_711' title='bbox 1204 4478 1465 4532; x_wconf 84' lang='lat' dir='ltr'><strong>tenebris.</strong></span> <span class='ocrx_word' id='word_1_712' title='bbox 1497 4475 1866 4545; x_wconf 82' lang='lat' dir='ltr'><strong>Propinquior</strong></span> <span class='ocrx_word' id='word_1_713' title='bbox 1917 4481 2098 4527; x_wconf 85' lang='lat' dir='ltr'><strong>autem</strong></span> 
     </span>
    </p>
   </div>
   <div class='ocr_carea' id='block_1_95' title="bbox 529 4572 2104 4639">
    <p class='ocr_par' dir='ltr' id='par_1_95' title="bbox 529 4572 2104 4639">
     <span class='ocr_line' id='line_1_95' title="bbox 529 4572 2104 4639; baseline -0.01 -9"><span class='ocrx_word' id='word_1_714' title='bbox 529 4577 871 4630; x_wconf 85' lang='lat' dir='ltr'><strong>occultorum</strong></span> <span class='ocrx_word' id='word_1_715' title='bbox 928 4572 1320 4633; x_wconf 83' lang='lat' dir='ltr'><strong>consideratio,</strong></span> <span class='ocrx_word' id='word_1_716' title='bbox 1375 4586 1467 4639; x_wconf 86' lang='lat' dir='ltr'><strong>per</strong></span> <span class='ocrx_word' id='word_1_717' title='bbox 1513 4584 1576 4623; x_wconf 83' lang='lat' dir='ltr'><strong>ea</strong></span> <span class='ocrx_word' id='word_1_718' title='bbox 1631 4582 1751 4637; x_wconf 72' lang='lat' dir='ltr'><strong>qua:</strong></span> <span class='ocrx_word' id='word_1_719' title='bbox 1804 4575 2104 4621; x_wconf 89' lang='lat' dir='ltr'><strong>cernuntur</strong></span> 
     </span>
    </p>
   </div>
   <div class='ocr_carea' id='block_1_96' title="bbox 531 4660 2102 4731">
    <p class='ocr_par' dir='ltr' id='par_1_96' title="bbox 531 4660 2102 4731">
     <span class='ocr_line' id='line_1_96' title="bbox 531 4660 2102 4731; baseline -0.004 -10"><span class='ocrx_word' id='word_1_720' title='bbox 531 4667 808 4722; x_wconf 90' lang='lat' dir='ltr'><strong>deducens</strong></span> <span class='ocrx_word' id='word_1_721' title='bbox 840 4666 1078 4719; x_wconf 85' lang='lat' dir='ltr'><strong>animam</strong></span> <span class='ocrx_word' id='word_1_722' title='bbox 1110 4665 1176 4718; x_wconf 89' lang='lat' dir='ltr'><strong>ad</strong></span> <span class='ocrx_word' id='word_1_723' title='bbox 1211 4672 1458 4716; x_wconf 87' lang='lat' dir='ltr'><strong>naturam</strong></span> <span class='ocrx_word' id='word_1_724' title='bbox 1495 4677 1616 4731; x_wconf 70' lang='lat' dir='ltr'><strong>qua:</strong></span> <span class='ocrx_word' id='word_1_725' title='bbox 1665 4677 1774 4714; x_wconf 90' lang='lat' dir='ltr'><strong>non</strong></span> <span class='ocrx_word' id='word_1_726' title='bbox 1816 4660 1963 4714; x_wconf 88' lang='lat' dir='ltr'><strong>cadit</strong></span> <span class='ocrx_word' id='word_1_727' title='bbox 1999 4661 2102 4715; x_wconf 90' lang='lat' dir='ltr'><strong>sub</strong></span> 
     </span>
    </p>
   </div>
   <div class='ocr_carea' id='block_1_97' title="bbox 532 4755 2104 4826">
    <p class='ocr_par' dir='ltr' id='par_1_97' title="bbox 532 4755 2104 4826">
     <span class='ocr_line' id='line_1_97' title="bbox 532 4755 2104 4826; baseline -0.002 -15"><span class='ocrx_word' id='word_1_728' title='bbox 532 4767 837 4826; x_wconf 76' lang='lat' dir='ltr'><strong>aspectum,</strong></span> <span class='ocrx_word' id='word_1_729' title='bbox 888 4765 971 4811; x_wconf 92' lang='lat' dir='ltr'><strong>est</strong></span> <span class='ocrx_word' id='word_1_730' title='bbox 1021 4758 1187 4812; x_wconf 87' lang='lat' dir='ltr'><strong>veluti</strong></span> <span class='ocrx_word' id='word_1_731' title='bbox 1241 4757 1484 4825; x_wconf 61' lang='lat' dir='ltr'><strong>quaedam</strong></span> <span class='ocrx_word' id='word_1_732' title='bbox 1535 4756 1710 4809; x_wconf 83' lang='lat' dir='ltr'><strong>nubes</strong></span> <span class='ocrx_word' id='word_1_733' title='bbox 1771 4755 2104 4808; x_wconf 87' lang='lat' dir='ltr'><strong>adumbrans</strong></span> 
     </span>
    </p>
   </div>
   <div class='ocr_carea' id='block_1_98' title="bbox 532 4844 2100 4918">
    <p class='ocr_par' dir='ltr' id='par_1_98' title="bbox 532 4844 2100 4918">
     <span class='ocr_line' id='line_1_98' title="bbox 532 4844 2100 4918; baseline -0.003 -16"><span class='ocrx_word' id='word_1_734' title='bbox 532 4850 792 4918; x_wconf 87' lang='lat' dir='ltr'><strong>quidquid</strong></span> <span class='ocrx_word' id='word_1_735' title='bbox 827 4849 1073 4902; x_wconf 89' lang='lat' dir='ltr'><strong>cernitur</strong></span> <span class='ocrx_word' id='word_1_736' title='bbox 1100 4889 1114 4914; x_wconf 90' lang='lat'><strong>,</strong></span> <span class='ocrx_word' id='word_1_737' title='bbox 1145 4847 1211 4901; x_wconf 88' lang='lat' dir='ltr'><strong>ad</strong></span> <span class='ocrx_word' id='word_1_738' title='bbox 1247 4849 1301 4902; x_wconf 91' lang='lat' dir='ltr'><strong>id</strong></span> <span class='ocrx_word' id='word_1_739' title='bbox 1334 4857 1516 4900; x_wconf 89' lang='lat' dir='ltr'><strong>autem</strong></span> <span class='ocrx_word' id='word_1_740' title='bbox 1549 4845 1924 4914; x_wconf 89' lang='lat' dir='ltr'><strong>aspiciendum</strong></span> <span class='ocrx_word' id='word_1_741' title='bbox 1957 4844 2100 4911; x_wconf 88' lang='lat' dir='ltr'><strong>quod</strong></span> 
     </span>
    </p>
   </div>
   <div class='ocr_carea' id='block_1_99' title="bbox 533 4936 2101 5002">
    <p class='ocr_par' dir='ltr' id='par_1_99' title="bbox 533 4936 2101 5002">
     <span class='ocr_line' id='line_1_99' title="bbox 533 4936 2101 5002; baseline -0.002 -8"><span class='ocrx_word' id='word_1_742' title='bbox 533 4949 614 4994; x_wconf 73' lang='lat' dir='ltr'><strong>est</strong></span> <span class='ocrx_word' id='word_1_743' title='bbox 645 4941 1000 5002; x_wconf 88' lang='lat' dir='ltr'><strong>absconsum,</strong></span> <span class='ocrx_word' id='word_1_744' title='bbox 1031 4939 1266 4992; x_wconf 88' lang='lat' dir='ltr'><strong>animam</strong></span> <span class='ocrx_word' id='word_1_745' title='bbox 1308 4940 1585 4993; x_wconf 88' lang='lat' dir='ltr'><strong>deducens</strong></span> <span class='ocrx_word' id='word_1_746' title='bbox 1615 4946 1668 4991; x_wconf 85' lang='lat' dir='ltr'><strong>et</strong></span> <span class='ocrx_word' id='word_1_747' title='bbox 1701 4936 2101 4994; x_wconf 81' lang='lat' dir='ltr'><strong>assuefaciens.</strong></span> 
     </span>
    </p>
   </div>
   <div class='ocr_carea' id='block_1_100' title="bbox 535 5027 2102 5098">
    <p class='ocr_par' dir='ltr' id='par_1_100' title="bbox 535 5027 2102 5098">
     <span class='ocr_line' id='line_1_100' title="bbox 535 5027 2102 5098; baseline -0.001 -16"><span class='ocrx_word' id='word_1_748' title='bbox 535 5031 727 5082; x_wconf 84' lang='lat' dir='ltr'><strong>Anima</strong></span> <span class='ocrx_word' id='word_1_749' title='bbox 757 5037 934 5082; x_wconf 89' lang='lat' dir='ltr'><strong>autem</strong></span> <span class='ocrx_word' id='word_1_750' title='bbox 987 5044 1106 5097; x_wconf 71' lang='lat' dir='ltr'><strong>qua:</strong></span> <span class='ocrx_word' id='word_1_751' title='bbox 1138 5043 1235 5097; x_wconf 88' lang='lat' dir='ltr'><strong>per</strong></span> <span class='ocrx_word' id='word_1_752' title='bbox 1273 5028 1386 5082; x_wconf 68' lang='lat' dir='ltr'><strong>lucc</strong></span> <span class='ocrx_word' id='word_1_753' title='bbox 1421 5028 1668 5098; x_wconf 88' lang='lat' dir='ltr'><strong>procedit</strong></span> <span class='ocrx_word' id='word_1_754' title='bbox 1725 5027 1790 5080; x_wconf 89' lang='lat' dir='ltr'><strong>ad</strong></span> <span class='ocrx_word' id='word_1_755' title='bbox 1822 5041 2055 5097; x_wconf 89' lang='lat' dir='ltr'><strong>superna</strong></span> <span class='ocrx_word' id='word_1_756' title='bbox 2087 5065 2102 5091; x_wconf 90' lang='lat'><strong>,</strong></span> 
     </span>
    </p>
   </div>
   <div class='ocr_carea' id='block_1_101' title="bbox 535 5119 2106 5190">
    <p class='ocr_par' dir='ltr' id='par_1_101' title="bbox 535 5119 2106 5190">
     <span class='ocr_line' id='line_1_101' title="bbox 535 5119 2106 5190; baseline -0.001 -15"><span class='ocrx_word' id='word_1_757' title='bbox 535 5121 776 5190; x_wconf 82' lang='lat' dir='ltr'><strong>qualibet</strong></span> <span class='ocrx_word' id='word_1_758' title='bbox 829 5135 888 5174; x_wconf 90' lang='lat' dir='ltr'><strong>re</strong></span> <span class='ocrx_word' id='word_1_759' title='bbox 919 5119 1109 5174; x_wconf 89' lang='lat' dir='ltr'><strong>relicta</strong></span> <span class='ocrx_word' id='word_1_760' title='bbox 1158 5134 1320 5188; x_wconf 86' lang='lat' dir='ltr'><strong>quam</strong></span> <span class='ocrx_word' id='word_1_761' title='bbox 1360 5120 1595 5172; x_wconf 88' lang='lat' dir='ltr'><strong>humana</strong></span> <span class='ocrx_word' id='word_1_762' title='bbox 1649 5126 1833 5187; x_wconf 89' lang='lat' dir='ltr'><strong>potest</strong></span> <span class='ocrx_word' id='word_1_763' title='bbox 1887 5123 2106 5188; x_wconf 88' lang='lat' dir='ltr'><strong>assequi</strong></span> 
     </span>
    </p>
   </div>
   <div class='ocr_carea' id='block_1_102' title="bbox 536 5209 2107 5280">
    <p class='ocr_par' dir='ltr' id='par_1_102' title="bbox 536 5209 2107 5280">
     <span class='ocr_line' id='line_1_102' title="bbox 536 5209 2107 5280; baseline -0.003 -12"><span class='ocrx_word' id='word_1_764' title='bbox 536 5222 755 5272; x_wconf 84' lang='lat' dir='ltr'><strong>natura,</strong></span> <span class='ocrx_word' id='word_1_765' title='bbox 782 5220 1032 5266; x_wconf 84' lang='lat' dir='ltr'><strong>versatur</strong></span> <span class='ocrx_word' id='word_1_766' title='bbox 1082 5211 1139 5264; x_wconf 89' lang='lat' dir='ltr'><strong>in</strong></span> <span class='ocrx_word' id='word_1_767' title='bbox 1177 5209 1358 5280; x_wconf 83' lang='lat' dir='ltr'><strong>adytis</strong></span> <span class='ocrx_word' id='word_1_768' title='bbox 1387 5209 1480 5265; x_wconf 91' lang='lat' dir='ltr'><strong>Dei</strong></span> <span class='ocrx_word' id='word_1_769' title='bbox 1530 5211 1881 5280; x_wconf 69' lang='lat' dir='ltr'><strong>cognitionis,</strong></span> <span class='ocrx_word' id='word_1_770' title='bbox 1923 5213 2107 5266; x_wconf 91' lang='lat' dir='ltr'><strong>divina</strong></span> 
     </span>
    </p>
   </div>
   <div class='ocr_carea' id='block_1_103' title="bbox 539 5301 2106 5378">
    <p class='ocr_par' dir='ltr' id='par_1_103' title="bbox 539 5301 2106 5378">
     <span class='ocr_line' id='line_1_103' title="bbox 539 5301 2106 5378; baseline -0.003 -17"><span class='ocrx_word' id='word_1_771' title='bbox 539 5307 766 5378; x_wconf 58' lang='grc' dir='ltr'>ιιετιῑείιιε</span> <span class='ocrx_word' id='word_1_772' title='bbox 793 5307 1031 5375; x_wconf 87' lang='lat' dir='ltr'><strong>undique</strong></span> <span class='ocrx_word' id='word_1_773' title='bbox 1065 5306 1362 5373; x_wconf 86' lang='lat' dir='ltr'><strong>intercepta</strong></span> <span class='ocrx_word' id='word_1_774' title='bbox 1394 5323 1406 5356; x_wconf 91' lang='lat'>:</span> <span class='ocrx_word' id='word_1_775' title='bbox 1444 5302 1498 5356; x_wconf 92' lang='lat' dir='ltr'><strong>in</strong></span> <span class='ocrx_word' id='word_1_776' title='bbox 1533 5319 1639 5373; x_wconf 90' lang='lat' dir='ltr'><strong>qua</strong></span> <span class='ocrx_word' id='word_1_777' title='bbox 1677 5303 1917 5371; x_wconf 86' lang='lat' dir='ltr'><strong>quolibet</strong></span> <span class='ocrx_word' id='word_1_778' title='bbox 1960 5301 2106 5373; x_wconf 89' lang='lat' dir='ltr'><strong>quod</strong></span> 
     </span>
    </p>
   </div>
   <div class='ocr_carea' id='block_1_104' title="bbox 536 5393 2108 5467">
    <p class='ocr_par' dir='ltr' id='par_1_104' title="bbox 536 5393 2108 5467">
     <span class='ocr_line' id='line_1_104' title="bbox 536 5393 2108 5467; baseline -0.006 -10"><span class='ocrx_word' id='word_1_779' title='bbox 536 5401 784 5457; x_wconf 81' lang='lat' dir='ltr'><strong>cernitur</strong></span> <span class='ocrx_word' id='word_1_780' title='bbox 833 5407 888 5452; x_wconf 91' lang='lat' dir='ltr'><strong>et</strong></span> <span class='ocrx_word' id='word_1_781' title='bbox 942 5395 1423 5467; x_wconf 85' lang='lat' dir='ltr'><strong>comprehenditur</strong></span> <span class='ocrx_word' id='word_1_782' title='bbox 1469 5393 1600 5450; x_wconf 78' lang='lat' dir='ltr'><strong>foris</strong></span> <span class='ocrx_word' id='word_1_783' title='bbox 1650 5397 1864 5462; x_wconf 84' lang='lat' dir='ltr'><strong>relicto,</strong></span> <span class='ocrx_word' id='word_1_784' title='bbox 1913 5396 2108 5448; x_wconf 74' lang='lat' dir='ltr'><strong>anima:</strong></span> 
     </span>
    </p>
   </div>
   <div class='ocr_carea' id='block_1_105' title="bbox 541 5488 2109 5562">
    <p class='ocr_par' dir='ltr' id='par_1_105' title="bbox 541 5488 2109 5562">
     <span class='ocr_line' id='line_1_105' title="bbox 541 5488 2109 5562; baseline -0.006 -13"><span class='ocrx_word' id='word_1_785' title='bbox 541 5512 565 5549; x_wconf 68' lang='grc' dir='ltr'>ι’</span> <span class='ocrx_word' id='word_1_786' title='bbox 607 5491 989 5562; x_wconf 82' lang='lat' dir='ltr'><strong>ntemplationi</strong></span> <span class='ocrx_word' id='word_1_787' title='bbox 1021 5493 1198 5547; x_wconf 89' lang='lat' dir='ltr'><strong>solum</strong></span> <span class='ocrx_word' id='word_1_788' title='bbox 1233 5499 1402 5544; x_wconf 83' lang='lat' dir='ltr'><strong>restat</strong></span> <span class='ocrx_word' id='word_1_789' title='bbox 1437 5489 1488 5543; x_wconf 94' lang='lat' dir='ltr'><strong>id</strong></span> <span class='ocrx_word' id='word_1_790' title='bbox 1515 5489 1659 5559; x_wconf 86' lang='lat' dir='ltr'><strong>quod</strong></span> <span class='ocrx_word' id='word_1_791' title='bbox 1691 5505 1800 5544; x_wconf 88' lang='lat' dir='ltr'><strong>non</strong></span> <span class='ocrx_word' id='word_1_792' title='bbox 1830 5488 2109 5557; x_wconf 85' lang='lat' dir='ltr'><strong>inspecta-</strong></span> 
     </span>
    </p>
   </div>
   <div class='ocr_carea' id='block_1_106' title="bbox 654 5669 1663 5742">
    <p class='ocr_par' dir='ltr' id='par_1_106' title="bbox 654 5669 1663 5742">
     <span class='ocr_line' id='line_1_106' title="bbox 654 5669 1663 5742; baseline -0.01 -7"><span class='ocrx_word' id='word_1_793' title='bbox 654 5675 737 5734; x_wconf 74' lang='grc' dir='ltr'>ιυι</span> <span class='ocrx_word' id='word_1_794' title='bbox 769 5676 896 5734; x_wconf 87' lang='lat' dir='ltr'><strong>Cor.</strong></span> <span class='ocrx_word' id='word_1_795' title='bbox 928 5673 1128 5742; x_wconf 78' lang='lat' dir='ltr'><strong>.vm,&#39;2.</strong></span> <span class='ocrx_word' id='word_1_796' title='bbox 1208 5673 1252 5705; x_wconf 75' lang='grc' dir='ltr'><strong>³ο</strong></span> <span class='ocrx_word' id='word_1_797' title='bbox 1310 5669 1442 5726; x_wconf 85' lang='lat' dir='ltr'><strong>Gen.</strong></span> <span class='ocrx_word' id='word_1_798' title='bbox 1484 5686 1543 5739; x_wconf 85' lang='grc' dir='ltr'><strong>ιι,</strong></span> <span class='ocrx_word' id='word_1_799' title='bbox 1587 5670 1663 5726; x_wconf 75' lang='grc'><strong>10.</strong></span> 
     </span>
    </p>
   </div>
   <div class='ocr_carea' id='block_1_107' title="bbox 2203 4466 3729 4556">
    <p class='ocr_par' dir='ltr' id='par_1_107' title="bbox 2203 4466 3729 4556">
     <span class='ocr_line' id='line_1_107' title="bbox 2203 4466 3729 4556; baseline -0.015 -14"><span class='ocrx_word' id='word_1_800' title='bbox 2203 4491 2348 4543; x_wconf 87' lang='grc' dir='ltr'>ἐστιν</span> <span class='ocrx_word' id='word_1_801' title='bbox 2374 4504 2387 4518; x_wconf 93' lang='grc'><strong>·</strong></span> <span class='ocrx_word' id='word_1_802' title='bbox 2421 4486 2488 4540; x_wconf 84' lang='grc' dir='ltr'><strong>Ἥ</strong></span> <span class='ocrx_word' id='word_1_803' title='bbox 2515 4484 2704 4556; x_wconf 86' lang='grc' dir='ltr'>πρώτη</span> <span class='ocrx_word' id='word_1_804' title='bbox 2740 4480 2847 4535; x_wconf 83' lang='grc' dir='ltr'><strong>ἀπὺ</strong></span> <span class='ocrx_word' id='word_1_805' title='bbox 2868 4480 2975 4533; x_wconf 84' lang='grc' dir='ltr'>τῶν</span> <span class='ocrx_word' id='word_1_806' title='bbox 3001 4479 3218 4548; x_wconf 74' lang='grc' dir='ltr'>ψευδῶν</span> <span class='ocrx_word' id='word_1_807' title='bbox 3239 4477 3336 4532; x_wconf 77' lang='grc' dir='ltr'>καὶ</span> <span class='ocrx_word' id='word_1_808' title='bbox 3363 4466 3729 4539; x_wconf 81' lang='grc' dir='ltr'>πεπλανημένων</span> 
     </span>
    </p>
   </div>
   <div class='ocr_carea' id='block_1_108' title="bbox 2203 4556 3732 4652">
    <p class='ocr_par' dir='ltr' id='par_1_108' title="bbox 2203 4556 3732 4652">
     <span class='ocr_line' id='line_1_108' title="bbox 2203 4556 3732 4652; baseline -0.014 -19"><span class='ocrx_word' id='word_1_809' title='bbox 2203 4599 2271 4633; x_wconf 85' lang='grc' dir='ltr'><strong>πε</strong></span> <span class='ocrx_word' id='word_1_810' title='bbox 2281 4581 2332 4652; x_wconf 73' lang='lat' dir='ltr'><strong>pi.</strong></span> <span class='ocrx_word' id='word_1_811' title='bbox 2351 4577 2484 4632; x_wconf 83' lang='grc' dir='ltr'>Θεοῦ</span> <span class='ocrx_word' id='word_1_812' title='bbox 2507 4574 2826 4646; x_wconf 81' lang='grc' dir='ltr'>ὑπολήψεων</span> <span class='ocrx_word' id='word_1_813' title='bbox 2853 4569 3223 4642; x_wconf 82' lang='grc' dir='ltr'>ἀναχώρησις,</span> <span class='ocrx_word' id='word_1_814' title='bbox 3253 4572 3288 4641; x_wconf 79' lang='grc' dir='ltr'>ὴ</span> <span class='ocrx_word' id='word_1_815' title='bbox 3311 4566 3420 4620; x_wconf 79' lang='grc' dir='ltr'>ἀπὸ</span> <span class='ocrx_word' id='word_1_816' title='bbox 3446 4563 3533 4618; x_wconf 75' lang='grc' dir='ltr'>τοῦ</span> <span class='ocrx_word' id='word_1_817' title='bbox 3550 4556 3732 4652; x_wconf 49' lang='grc' dir='ltr'><strong>Δσκότονς</strong></span> 
     </span>
    </p>
   </div>
   <div class='ocr_carea' id='block_1_109' title="bbox 2205 4650 3730 4738">
    <p class='ocr_par' dir='ltr' id='par_1_109' title="bbox 2205 4650 3730 4738">
     <span class='ocr_line' id='line_1_109' title="bbox 2205 4650 3730 4738; baseline -0.026 -2"><span class='ocrx_word' id='word_1_818' title='bbox 2205 4650 2290 4733; x_wconf 64' lang='grc' dir='ltr'><strong>εὶξ</strong></span> <span class='ocrx_word' id='word_1_819' title='bbox 2323 4667 2436 4738; x_wconf 82' lang='grc' dir='ltr'><strong>φῶς</strong></span> <span class='ocrx_word' id='word_1_820' title='bbox 2483 4668 2599 4719; x_wconf 78' lang='grc' dir='ltr'>ἐστι</span> <span class='ocrx_word' id='word_1_821' title='bbox 2647 4662 2994 4734; x_wconf 83' lang='grc' dir='ltr'>μετάστασις.</span> <span class='ocrx_word' id='word_1_822' title='bbox 3042 4660 3106 4712; x_wconf 84' lang='grc' dir='ltr'><strong>Ἦ</strong></span> <span class='ocrx_word' id='word_1_823' title='bbox 3135 4658 3196 4711; x_wconf 81' lang='grc' dir='ltr'>δὲ</span> <span class='ocrx_word' id='word_1_824' title='bbox 3239 4650 3622 4728; x_wconf 73' lang='grc' dir='ltr'>προσεχεστέρα</span> <span class='ocrx_word' id='word_1_825' title='bbox 3652 4655 3730 4693; x_wconf 81' lang='grc' dir='ltr'>των</span> 
     </span>
    </p>
   </div>
   <div class='ocr_carea' id='block_1_110' title="bbox 2206 4745 3730 4828">
    <p class='ocr_par' dir='ltr' id='par_1_110' title="bbox 2206 4745 3730 4828">
     <span class='ocr_line' id='line_1_110' title="bbox 2206 4745 3730 4828; baseline -0.008 -17"><span class='ocrx_word' id='word_1_826' title='bbox 2206 4756 2462 4828; x_wconf 83' lang='grc' dir='ltr'>κρυπτῶν</span> <span class='ocrx_word' id='word_1_827' title='bbox 2479 4753 2870 4822; x_wconf 79' lang='grc' dir='ltr'>κατανόησις,ή</span> <span class='ocrx_word' id='word_1_828' title='bbox 2900 4749 2986 4802; x_wconf 83' lang='grc' dir='ltr'><strong>διὰ</strong></span> <span class='ocrx_word' id='word_1_829' title='bbox 3017 4747 3125 4801; x_wconf 82' lang='grc' dir='ltr'><strong>τῶν</strong></span> <span class='ocrx_word' id='word_1_830' title='bbox 3156 4745 3500 4817; x_wconf 78' lang='grc' dir='ltr'>φαινομένων</span> <span class='ocrx_word' id='word_1_831' title='bbox 3523 4747 3730 4828; x_wconf 46' lang='grc' dir='ltr'><strong>χειραγυθ</strong></span> 
     </span>
    </p>
   </div>
   <div class='ocr_carea' id='block_1_111' title="bbox 2205 4823 3732 4922">
    <p class='ocr_par' dir='ltr' id='par_1_111' title="bbox 2205 4823 3732 4922">
     <span class='ocr_line' id='line_1_111' title="bbox 2205 4823 3732 4922; baseline -0.022 -15"><span class='ocrx_word' id='word_1_832' title='bbox 2205 4823 2377 4921; x_wconf 80' lang='grc' dir='ltr'>γοῦσα</span> <span class='ocrx_word' id='word_1_833' title='bbox 2403 4849 2501 4920; x_wconf 77' lang='grc' dir='ltr'>τὴν</span> <span class='ocrx_word' id='word_1_834' title='bbox 2543 4846 2718 4918; x_wconf 79' lang='grc' dir='ltr'>ψυχὴν</span> <span class='ocrx_word' id='word_1_835' title='bbox 2759 4843 2895 4914; x_wconf 82' lang='grc' dir='ltr'>πρὸς</span> <span class='ocrx_word' id='word_1_836' title='bbox 2936 4841 3036 4911; x_wconf 84' lang='grc' dir='ltr'><strong>τὴν</strong></span> <span class='ocrx_word' id='word_1_837' title='bbox 3091 4839 3330 4910; x_wconf 78' lang='grc' dir='ltr'>ἀόρατον</span> <span class='ocrx_word' id='word_1_838' title='bbox 3365 4835 3537 4905; x_wconf 83' lang='grc' dir='ltr'>φύσιν,</span> <span class='ocrx_word' id='word_1_839' title='bbox 3560 4823 3649 4880; x_wconf 76' lang='grc' dir='ltr'>οἷόν</span> <span class='ocrx_word' id='word_1_840' title='bbox 3673 4832 3732 4922; x_wconf 53' lang='grc' dir='ltr'>τις</span> 
     </span>
    </p>
   </div>
   <div class='ocr_carea' id='block_1_112' title="bbox 2200 4923 3724 5012">
    <p class='ocr_par' dir='ltr' id='par_1_112' title="bbox 2200 4923 3724 5012">
     <span class='ocr_line' id='line_1_112' title="bbox 2200 4923 3724 5012; baseline -0.024 -15"><span class='ocrx_word' id='word_1_841' title='bbox 2200 4943 2393 5012; x_wconf 83' lang='grc' dir='ltr'>νεφέλη</span> <span class='ocrx_word' id='word_1_842' title='bbox 2441 4941 2680 5010; x_wconf 85' lang='grc' dir='ltr'>γίνεται,</span> <span class='ocrx_word' id='word_1_843' title='bbox 2725 4936 2784 4990; x_wconf 77' lang='grc' dir='ltr'>τὸ</span> <span class='ocrx_word' id='word_1_844' title='bbox 2825 4932 3147 5003; x_wconf 78' lang='grc' dir='ltr'>φαινόμενον</span> <span class='ocrx_word' id='word_1_845' title='bbox 3195 4930 3297 4999; x_wconf 84' lang='grc' dir='ltr'>μὲν</span> <span class='ocrx_word' id='word_1_846' title='bbox 3345 4929 3489 4982; x_wconf 76' lang='grc' dir='ltr'>ἅπαν</span> <span class='ocrx_word' id='word_1_847' title='bbox 3531 4923 3724 5012; x_wconf 61' lang='lat' dir='ltr'><strong>intenta-</strong></span> 
     </span>
    </p>
   </div>
   <div class='ocr_carea' id='block_1_113' title="bbox 2201 5011 3734 5102">
    <p class='ocr_par' dir='ltr' id='par_1_113' title="bbox 2201 5011 3734 5102">
     <span class='ocr_line' id='line_1_113' title="bbox 2201 5011 3734 5102; baseline -0.011 -15"><span class='ocrx_word' id='word_1_848' title='bbox 2201 5011 2396 5099; x_wconf 41' lang='lat' dir='ltr'><strong>Cousa;</strong></span> <span class='ocrx_word' id='word_1_849' title='bbox 2440 5031 2575 5102; x_wconf 75' lang='grc' dir='ltr'>πρὸς</span> <span class='ocrx_word' id='word_1_850' title='bbox 2602 5029 2658 5082; x_wconf 79' lang='grc' dir='ltr'>δὲ</span> <span class='ocrx_word' id='word_1_851' title='bbox 2693 5027 2753 5081; x_wconf 82' lang='grc' dir='ltr'><strong>τὸ</strong></span> <span class='ocrx_word' id='word_1_852' title='bbox 2783 5024 3012 5095; x_wconf 82' lang='grc' dir='ltr'>κρύφιον</span> <span class='ocrx_word' id='word_1_853' title='bbox 3069 5022 3292 5092; x_wconf 84' lang='grc' dir='ltr'>βλέπειν</span> <span class='ocrx_word' id='word_1_854' title='bbox 3319 5019 3416 5091; x_wconf 79' lang='grc' dir='ltr'>τὴν</span> <span class='ocrx_word' id='word_1_855' title='bbox 3451 5011 3734 5102; x_wconf 53' lang='grc' dir='ltr'><strong>ψυχὴνμειρ·</strong></span> 
     </span>
    </p>
   </div>
   <div class='ocr_carea' id='block_1_114' title="bbox 2202 5095 3734 5192">
    <p class='ocr_par' dir='ltr' id='par_1_114' title="bbox 2202 5095 3734 5192">
     <span class='ocr_line' id='line_1_114' title="bbox 2202 5095 3734 5192; baseline -0.018 -15"><span class='ocrx_word' id='word_1_856' title='bbox 2202 5121 2492 5191; x_wconf 84' lang='grc' dir='ltr'>αγωγοῦσα</span> <span class='ocrx_word' id='word_1_857' title='bbox 2513 5119 2604 5172; x_wconf 63' lang='grc' dir='ltr'><strong>κοιλ⁸</strong></span> <span class='ocrx_word' id='word_1_858' title='bbox 2634 5117 3006 5178; x_wconf 78' lang='grc' dir='ltr'>συνεθίζουσα.</span> <span class='ocrx_word' id='word_1_859' title='bbox 3026 5111 3085 5166; x_wconf 84' lang='lat' dir='ltr'><strong>&#39;H</strong></span> <span class='ocrx_word' id='word_1_860' title='bbox 3112 5112 3170 5164; x_wconf 85' lang='grc' dir='ltr'>δὲ</span> <span class='ocrx_word' id='word_1_861' title='bbox 3194 5111 3288 5165; x_wconf 87' lang='grc' dir='ltr'>διὰ</span> <span class='ocrx_word' id='word_1_862' title='bbox 3317 5109 3515 5162; x_wconf 85' lang='grc' dir='ltr'>τούτων</span> <span class='ocrx_word' id='word_1_863' title='bbox 3534 5095 3734 5192; x_wconf 39' lang='grc' dir='ltr'>ὁδεύοῖσα</span> 
     </span>
    </p>
   </div>
   <div class='ocr_carea' id='block_1_115' title="bbox 2212 5189 3734 5282">
    <p class='ocr_par' dir='ltr' id='par_1_115' title="bbox 2212 5189 3734 5282">
     <span class='ocr_line' id='line_1_115' title="bbox 2212 5189 3734 5282; baseline -0.016 -16"><span class='ocrx_word' id='word_1_864' title='bbox 2212 5189 2349 5282; x_wconf 61' lang='grc' dir='ltr'>πρὸξ</span> <span class='ocrx_word' id='word_1_865' title='bbox 2377 5209 2445 5264; x_wconf 85' lang='grc' dir='ltr'><strong>τὰ</strong></span> <span class='ocrx_word' id='word_1_866' title='bbox 2472 5209 2582 5263; x_wconf 83' lang='grc' dir='ltr'>ἄνω</span> <span class='ocrx_word' id='word_1_867' title='bbox 2613 5207 2781 5278; x_wconf 74' lang='grc' dir='ltr'>ψυχὴ,</span> <span class='ocrx_word' id='word_1_868' title='bbox 2811 5207 2934 5258; x_wconf 78' lang='grc' dir='ltr'>ὅσον</span> <span class='ocrx_word' id='word_1_869' title='bbox 2968 5200 3191 5272; x_wconf 75' lang='grc' dir='ltr'>ἐφικτόν</span> <span class='ocrx_word' id='word_1_870' title='bbox 3235 5201 3354 5252; x_wconf 73' lang='grc' dir='ltr'>ἐστι</span> <span class='ocrx_word' id='word_1_871' title='bbox 3383 5198 3447 5266; x_wconf 80' lang='grc' dir='ltr'>τῇ</span> <span class='ocrx_word' id='word_1_872' title='bbox 3480 5189 3734 5282; x_wconf 49' lang='grc' dir='ltr'>ἁνθρωπῐξη</span> 
     </span>
    </p>
   </div>
   <div class='ocr_carea' id='block_1_116' title="bbox 2215 5281 3733 5371">
    <p class='ocr_par' dir='ltr' id='par_1_116' title="bbox 2215 5281 3733 5371">
     <span class='ocr_line' id='line_1_116' title="bbox 2215 5281 3733 5371; baseline -0.02 -15"><span class='ocrx_word' id='word_1_873' title='bbox 2215 5303 2395 5371; x_wconf 87' lang='grc' dir='ltr'>φύσει,</span> <span class='ocrx_word' id='word_1_874' title='bbox 2426 5301 2494 5352; x_wconf 80' lang='grc' dir='ltr'><strong>τὰ</strong></span> <span class='ocrx_word' id='word_1_875' title='bbox 2527 5300 2674 5353; x_wconf 84' lang='grc' dir='ltr'>κάτω</span> <span class='ocrx_word' id='word_1_876' title='bbox 2707 5293 3104 5364; x_wconf 81' lang='grc' dir='ltr'>καταλιποῦσα,</span> <span class='ocrx_word' id='word_1_877' title='bbox 3135 5291 3295 5353; x_wconf 77' lang='grc' dir='ltr'>ἐντὸς</span> <span class='ocrx_word' id='word_1_878' title='bbox 3322 5289 3431 5342; x_wconf 84' lang='grc' dir='ltr'><strong>τῶν</strong></span> <span class='ocrx_word' id='word_1_879' title='bbox 3457 5283 3638 5338; x_wconf 80' lang='grc' dir='ltr'>ἀδύτων</span> <span class='ocrx_word' id='word_1_880' title='bbox 3651 5281 3733 5371; x_wconf 56' lang='grc' dir='ltr'>της</span> 
     </span>
    </p>
   </div>
   <div class='ocr_carea' id='block_1_117' title="bbox 2216 5365 3734 5462">
    <p class='ocr_par' dir='ltr' id='par_1_117' title="bbox 2216 5365 3734 5462">
     <span class='ocr_line' id='line_1_117' title="bbox 2216 5365 3734 5462; baseline -0.017 -15"><span class='ocrx_word' id='word_1_881' title='bbox 2216 5365 2538 5462; x_wconf 82' lang='grc' dir='ltr'>θεογνωσίας</span> <span class='ocrx_word' id='word_1_882' title='bbox 2568 5390 2794 5460; x_wconf 80' lang='grc' dir='ltr'>γίνεται,</span> <span class='ocrx_word' id='word_1_883' title='bbox 2824 5387 2900 5457; x_wconf 78' lang='grc' dir='ltr'><strong>τῷ</strong></span> <span class='ocrx_word' id='word_1_884' title='bbox 2931 5386 3061 5456; x_wconf 85' lang='grc' dir='ltr'>θείῳ</span> <span class='ocrx_word' id='word_1_885' title='bbox 3097 5384 3288 5453; x_wconf 82' lang='grc' dir='ltr'>γνόφῳ</span> <span class='ocrx_word' id='word_1_886' title='bbox 3314 5374 3626 5446; x_wconf 81' lang='grc' dir='ltr'>πανταχόθεν</span> <span class='ocrx_word' id='word_1_887' title='bbox 3649 5365 3734 5462; x_wconf 52' lang='grc' dir='ltr'>δξαο</span> 
     </span>
    </p>
   </div>
   <div class='ocr_carea' id='block_1_118' title="bbox 2215 5452 3735 5556">
    <p class='ocr_par' dir='ltr' id='par_1_118' title="bbox 2215 5452 3735 5556">
     <span class='ocr_line' id='line_1_118' title="bbox 2215 5452 3735 5556; baseline -0.013 -19"><span class='ocrx_word' id='word_1_888' title='bbox 2215 5485 2513 5556; x_wconf 76' lang='grc' dir='ltr'>ληφθεῖσα·</span> <span class='ocrx_word' id='word_1_889' title='bbox 2573 5483 2628 5534; x_wconf 78' lang='grc' dir='ltr'>ἐν</span> <span class='ocrx_word' id='word_1_890' title='bbox 2665 5473 2710 5549; x_wconf 78' lang='grc' dir='ltr'>ᾧ</span> <span class='ocrx_word' id='word_1_891' title='bbox 2734 5478 2827 5534; x_wconf 77' lang='grc' dir='ltr'><strong>τοῦ</strong></span> <span class='ocrx_word' id='word_1_892' title='bbox 2861 5477 3185 5548; x_wconf 83' lang='grc' dir='ltr'>φαινομένου</span> <span class='ocrx_word' id='word_1_893' title='bbox 3223 5492 3283 5528; x_wconf 86' lang='grc' dir='ltr'><strong>τε</strong></span> <span class='ocrx_word' id='word_1_894' title='bbox 3331 5471 3422 5526; x_wconf 75' lang='grc' dir='ltr'><strong>καὶ</strong></span> <span class='ocrx_word' id='word_1_895' title='bbox 3444 5452 3735 5530; x_wconf 51' lang='lat' dir='ltr'><strong>antelati-6T</strong></span> 
     </span>
    </p>
   </div>
  </div>
