3948 6192
186 272 307 334 1001

1237 269 1305 330 ΓΝ
1333 272 1627 332 ΟΑΝἹἸΟᾹ
1656 275 1928 334 CANTIC.
1969 279 2250 337 HOMILIA
2290 283 2381 337 XI.

3304 285 3440 344 i002

185 394 405 466 νομένου
437 389 639 454 παντὸς
660 389 765 456 ἔξω
793 390 1266 460 καταλειφθέντος,
1297 394 1454 464 μόνον
1485 394 1764 448 ὑπολείπε-

1874 394 1975 450 bile
1991 406 2044 451 et
2069 377 2640 468 incomprehensibile,
2668 397 2724 450 in
2741 412 2848 466 quo
2869 407 2953 454 est
2976 397 3141 459 Deus.
3164 405 3440 468 quomodo

187 499 272 536 ut
300 483 366 553 τῇ
393 479 602 551 θεωρία
627 479 724 549 τῆς
745 479 924 550 ψυχῆς
948 481 1010 534 τὸ
1035 481 1263 552 ἀόρατόν
1283 500 1342 536 τε
1363 484 1457 536 καὶ
1490 484 1762 555 ἀκατάλη-

189 592 338 636 πτον,
362 575 421 627 ἐν
450 567 496 640 ᾧ
528 573 676 626 ἐστιν
707 575 735 626 ὁ
767 573 921 637 Θεὸς,
953 573 1136 636 καθώς
1165 591 1296 644 φησι
1333 577 1460 647 περὶ
1489 575 1583 629 τοῦ
1612 593 1764 646 νομο-

185 668 394 721 θέτουὸ
423 665 619 732 λόγος·
675 666 756 718 ὄτι
800 663 1063 733 Εισνῆλθε
1107 665 1178 718 δὲ
1223 667 1482 736 Μωῦσῆς
1529 671 1616 734 εις
1661 669 1766 722 τὸν
1847 684 1857 694 ⁸

191 761 416 829 γνόφον
443 755 516 814 οὗ
549 755 628 828 ἦν
652 762 690 813 ό
711 759 880 824 Θεός.

253 850 472 903 Τούτων
515 851 571 903 δὲ
600 852 731 920 ἡμῖν
762 849 904 904 οὕτω
947 850 1352 921 θεωρηθέντων,
1390 855 1653 909 σκεπτέον
1699 855 1764 909 ἂν

186 939 266 1011 εἱή
315 941 409 994 καὶ
461 939 570 992 τῶν
630 940 1003 1009 προκειμένων
1065 943 1195 1012 ἡμῖν
1248 943 1427 1014 ῥητῶν
1481 945 1578 1016 τὴν
1629 947 1766 1017 πρὸς

185 1029 251 1082 τὰ
306 1030 576 1100 ειρημένα
621 1029 959 1098 συγγένειαν.
1027 1028 1137 1086 Ἦν
1188 1035 1276 1086 ὅτε
1339 1034 1564 1104 μέλαινα
1611 1032 1678 1108 ἦν
1731 1037 1764 1108 ἡ

184 1119 394 1190 νύμφη,
432 1123 546 1183 τοῖς
574 1120 898 1188 ἀφωτίστοις
936 1121 1200 1192 δόγμασιν
1229 1125 1585 1196 ἐσκοτισμένη
1605 1167 1620 1192 ,
1663 1145 1766 1180 πα-

187 1210 552 1282 ραϐλέψαντος
580 1210 752 1281 αὐτὴν
771 1211 864 1264 τοῦ
883 1210 1054 1282 ἡλίου,
1084 1213 1175 1266 τοῦ
1200 1213 1286 1267 διὰ
1308 1215 1418 1268 τῶν
1443 1217 1766 1288 πειρασμῶν

183 1305 278 1376 τὴν
330 1303 557 1373 ἄρριζον
594 1303 686 1355 ἐπ)⁸
735 1302 845 1356 τῶν
878 1304 1092 1375 πετρῶν
1135 1307 1342 1377 σπορὰν
1386 1308 1760 1376 ἐπικαίονιιτος⁹

183 1397 269 1448 ὅτε
321 1395 434 1447 τῶν
489 1396 546 1446 ἐν
606 1395 742 1465 αὐτῇ
802 1396 1205 1466 μαχησαμένων
1259 1398 1597 1469 ἡττηθεῖσα,
1674 1402 1767 1454 τὸν

179 1484 483 1554 ἀμπελῶνα
523 1484 614 1538 τὸν
664 1485 862 1555 ἑαυτῆς
918 1486 1019 1538 οὐκ
1077 1485 1340 1554 ἐφύλαξεν
1371 1504 1385 1518 ο
1445 1487 1525 1541 ὅτι
1571 1489 1766 1560 ἑαυτὴν

179 1577 499 1646 ἀγνοήσασα
531 1576 628 1638 τὰς
654 1575 760 1628 τῶν
803 1577 1006 1646 ἐρίφων
1032 1577 1232 1646 ἀγέλας
1266 1579 1387 1632 ἀντὶ
1417 1579 1526 1632 τῶν
1561 1582 1762 1651 προϐά-

182 1683 288 1719 των
312 1666 629 1736 ἐποίμανεν.
679 1665 819 1718 Ἀλλ’
844 1663 1031 1737 ἐπειδὴ
1056 1667 1154 1737 τῆς
1176 1668 1319 1739 ’πρὸς
1343 1669 1403 1722 τὸ
1430 1671 1598 1724 κακὸν
1627 1688 1766 1742 συμ-

181 1760 348 1827 eota;
380 1759 575 1828 ἑαυτὴν
609 1760 987 1830 ἀποστήσασα,
1019 1760 1106 1814 διὰ
1139 1761 1232 1814 τοῦ
1266 1762 1528 1832 μυστικοῦ
1555 1764 1764 1818 ἐκείνου
1803 1737 1842 1792 Β

183 1851 491 1921 φιλήματος
511 1854 577 1921 τῇ
603 1854 754 1922 πηγῇ
783 1851 877 1904 τοῦ
905 1853 1080 1921 φωτὸς
1109 1857 1474 1924 προσαγαγεῖν
1499 1855 1560 1908 τὸ
1593 1856 1764 1925 στόμα
1782 1913 1800 1935 ἃ

184 1941 441 2013 ἐπόθησε,
475 1943 598 1996 τότε
628 1943 766 2012 καλὴ
808 1943 1046 2010 γίνεται,
1097 1944 1174 2013 τῷ
1207 1945 1344 2014 φωτὶ
1377 1946 1475 2015 τῆς
1509 1946 1767 2018 ἀληθείας

182 2033 646 2105 περιλαμφθεῖσα,
681 2034 773 2087 καὶ
802 2035 861 2086 τὸ
892 2035 1059 2104 μέλαν
1087 2036 1184 2105 τῆς
1209 2036 1431 2105 ἀγνοίας
1452 2038 1766 2090 ἀποκλυσα-

182 2127 320 2197 μένη
345 2125 426 2194 τῷ
448 2124 620 2179 ὕδατι.
649 2121 782 2179 Εἶτα
811 2124 961 2197 ἵππῳ
985 2128 1262 2197 ὁμοιοῦται
1286 2127 1374 2182 διὰ
1400 2113 1460 2182 τὸ
1484 2129 1763 2200 εὔδρομον,

178 2218 274 2270 καὶ
307 2219 374 2286 τῇ
413 2218 709 2286 περιστερᾷ
736 2216 826 2280 διὰ
857 2218 917 2270 τὸ
961 2219 1122 2287 τάχος
1159 2221 1255 2289 τῆς
1284 2219 1540 2284 διανοίας.
1587 2223 1665 2273 Δι’
1692 2214 1767 2273 ὧν

184 2309 289 2359 πᾶν
313 2307 374 2358 τὸ
397 2306 948 2377 καταλαμϐανόμενον
968 2324 1026 2359 τε
1048 2309 1140 2360 καὶ
1166 2310 1486 2380 φαινόμενον
1511 2310 1587 2372 ὼς
1604 2311 1767 2374 ἵππος

177 2397 575 2467 διαδραμοῦσα,
609 2398 703 2450 καὶ
748 2397 822 2460 ὡς
849 2400 1147 2470 περιστερά
1185 2400 1476 2466 διαπτᾶσα,
1507 2402 1768 2474 πρότερον

185 2487 288 2556 μὲν
321 2491 390 2558 τῇ
424 2490 551 2557 σκιᾷ
579 2487 670 2540 τοῦ
703 2489 872 2559 μήλου
921 2489 1058 2558 μετὰ
1092 2491 1385 2560 ἐπιθυμίας
1417 2493 1764 2546 ὲπαναπαύει

177 2597 294 2639 ται,
319 2579 488 2649 μῆλον
507 2579 625 2632 ἀντὶ
636 2580 863 2648 νεφέλης
883 2580 941 2632 τὸ
956 2582 1048 2632 ἐπι
1060 2581 1272 2644 σκιάζον
1290 2581 1734 2652 κατονομάζουσα
1750 2598 1762 2610 ·

179 2670 273 2723 ’.ὗν
303 2670 362 2722 δὲ
399 2670 500 2740 ἢδη
529 2670 633 2722 ὑπὸ
661 2670 757 2740 τῆς
789 2669 939 2733 Θείας
972 2671 1164 2734 νυκτὸς
1189 2673 1520 2743 περιέχεται,
1554 2673 1674 2726 καθ’
1700 2674 1768 2743 ἣν

175 2766 207 2817 ὁ
227 2763 471 2834 νυμφίος
500 2763 859 2831 παραγίνεται
891 2764 1008 2833 μὲν,
1041 2764 1100 2815 ού
1132 2763 1381 2832 φαίνεται
1407 2765 1482 2819 δέ.
1515 2763 1638 2828 Πῶς
1658 2761 1767 2836 γὰρ

173 2852 238 2904 ἐν
267 2854 432 2906 νυκτὶ
455 2852 648 2922 φανείη
678 2850 739 2904 τὸ
778 2853 852 2924 μὴ
885 2853 1194 2924 ὀρώμενον;
1248 2855 1362 2908 ἀλλ’
1391 2855 1642 2926 αἴσθησιν
1669 2857 1767 2926 μέν

177 2962 303 2998 τινα
330 2945 513 2997 δίδωσι
535 2947 602 3014 τῇ
631 2943 774 3014 ψυχῇ
811 2945 908 3012 τῆς
939 2946 1261 3014 παρουσίας,
1292 2946 1548 3015 ἐκφεύγει
1588 2947 1644 3000 δὲ
1667 2948 1767 3018 τὴν

173 3038 394 3109 ἐναργῆ
417 3037 744 3106 κατανόησιν
764 3035 842 3105 τῷ
853 3037 1072 3107 ἀοράτῳ
1099 3036 1199 3107 τῆς
1227 3037 1442 3106 φύσεως
1462 3038 1766 3110 ἐγκρυπτό-

179 3145 375 3200 μενος.
423 3127 520 3190 Τίς
547 3126 726 3179 τοίνυν
752 3126 900 3179 ἐστὶν
922 3128 955 3196 ἡ
981 3126 1238 3198 γινομένη
1268 3129 1334 3197 τῇ
1373 3127 1517 3200 ψυχῇ
1557 3127 1644 3180 διὰ
1670 3127 1770 3196 τῆς

178 3219 383 3282 νυκτὸς
420 3218 627 3288 ταύτης
667 3218 1054 3288 μυσταγωγία;
1096 3218 1358 3271 "Art-terat
1392 3221 1494 3290 τῆς
1532 3219 1701 3290 θύρας
1744 3220 1772 3272 ὁ

176 3311 384 3380 Λόγος.
415 3310 594 3382 Θύραν
618 3310 674 3380 δὲ
709 3309 935 3379 νοοῦμεν
959 3309 1057 3381 τὴν
1086 3310 1441 3381 στοχαστικὴν
1468 3307 1578 3364 τῶν
1601 3312 1773 3383 ἀρρή-

175 3420 288 3456 των
313 3403 581 3463 διάνοιαν,
614 3401 680 3454 δι’
704 3396 773 3472 ἧς
797 3400 1146 3465 εἰσοικίζεται
1166 3403 1228 3455 τὸ
1260 3402 1605 3473 ζητούμενον.
1629 3403 1774 3467 Ἕξω

169 3496 368 3548 τοίνυν
396 3492 607 3545 ἑστῶσα
627 3492 727 3562 τῆς
755 3491 968 3561 φύσεως
989 3492 1145 3563 ἡμῶν
1171 3495 1203 3563 ἡ
1227 3492 1452 3564 ἀλήθεια
1479 3494 1566 3546 διὰ
1591 3495 1690 3564 τῆς
1709 3495 1772 3547 ὲκ

177 3589 396 3656 μέρους
425 3585 698 3654 γνώσεως,
731 3585 910 3649 καθώς
940 3604 1103 3656 φησιν
1130 3587 1158 3638 ὁ
1186 3587 1524 3649 Ἀπόστολος,
1554 3589 1611 3639 ἐν
1642 3587 1774 3640 ὑπο-

167 3681 362 3742 νοίαις
393 3679 506 3732 τισὶ
537 3679 632 3732 καὶ
673 3679 956 3749 αἰνίγμασι
983 3679 1368 3751 θυροκρουστεῖ
1391 3679 1489 3750 τὴν
1513 3680 1769 3746 διάνοιαν,

175 3771 467 3834 Ἄνοιξον
496 3769 730 3839 λέγουσα
752 3788 765 3801 ·
793 3771 886 3823 καὶ
911 3771 1047 3841 μετὰ
1068 3774 1380 3843 προτροπῆς
1410 3771 1771 3842 ὑποτιθεμένη

165 3865 264 3917 τὸν
318 3862 565 3932 τρόπον,
619 3862 765 3924 ὅπως
811 3862 1090 3931 ἀνοιγῆναι
1136 3865 1402 3933 προσήκει
1441 3861 1539 3932 τὴν
1582 3861 1768 3932 θύραν,

164 3951 288 4008 οἷόν
317 3971 478 4018 τινας
501 3953 649 4015 κλεῖς
688 3953 976 4023 ὀρέγουσα,
1021 3954 1089 4012 τὰ
1117 3953 1258 4006 καλὰ
1307 3953 1478 4006 ταῦτα
1510 3954 1769 4024 ὀνόματα,

160 4048 236 4102 δι’
263 4041 360 4102 ὧν
396 4046 456 4100 τὸ
488 4045 876 4114 κεκλεισμένον
902 4046 1193 4113 ἀνοίγεται.
1247 4046 1466 4109 Κλείδες
1497 4047 1605 4118 γάρ
1635 4047 1771 4098 είσιν

163 4139 450 4208 ἄντικρυς
478 4138 534 4191 αί
577 4137 686 4188 τῶν
725 4135 1008 4205 ὀνομάτων
1051 4136 1256 4190 τούτων
1295 4137 1584 4206 ἐμφάσεις,
1618 4138 1673 4188 αἱ
1705 4135 1772 4188 τὰ

163 4229 412 4301 κρυπτά
439 4226 828 4294 διανοίγουσαι,
866 4226 1070 4297 ἀδελφὴ
1113 4227 1207 4280 καὶ
1249 4225 1474 4296 πλησίον
1497 4225 1593 4278 καὶ
1618 4243 1682 4278 πε
1691 4243 1772 4296 ρι-

163 4322 360 4393 στερὰ
385 4320 481 4374 καὶ
509 4319 709 4373 τελεία.
735 4319 799 4373 Εί
819 4319 927 4390 γὰρ
951 4318 1128 4388 βούλει
1155 4335 1257 4382 σοι,
1284 4318 1467 4390 φησιν,
1493 4317 1772 4388 ἀνοιγῆναι

155 4413 273 4483 τὴν
309 4412 514 4484 θύραν,
548 4410 642 4464 καὶ
669 4411 976 4482 ἐπαρθῆναι
998 4411 1099 4480 τῆς
1116 4409 1298 4481 ψυχῆς
1326 4427 1421 4464 σου
1449 4412 1545 4474 τὰς
1574 4409 1767 4473 πύλας,
1803 4421 1846 4476 ι)

158 4507 258 4559 ῐνα
297 4503 528 4575 είσέλθῃ
560 4505 589 4556 ὁ
634 4502 883 4572 βασιλεὺς
913 4502 1011 4572 τῆς
1054 4500 1246 4573 δόξης,
1303 4503 1407 4573 χρή
1449 4519 1508 4554 σε
1541 4501 1771 4583 ἀδελφήν

153 4615 279 4669 μου
317 4596 605 4666 γενέσθαι,
635 4597 692 4648 ὲν
711 4594 788 4665 τῷ
803 4594 871 4648 τὰ
895 4593 1174 4664 θελήματά
1197 4609 1296 4664 μου
1320 4595 1384 4663 τῇ
1415 4592 1559 4662 ψυχῇ
1589 4609 1770 4663 παρα-

144 4687 477 4754 δέξασθαι,
539 4685 722 4748 καθὼς
766 4686 824 4737 ἐν
866 4683 950 4755 τῷ
992 4682 1309 4752 Εὐαγγελίῳ
1355 4682 1519 4750 φησὶν
1548 4680 1773 4748 ἀδελφὸν

147 4779 351 4834 αὑτοῦ
404 4777 502 4830 καὶ
545 4775 777 4846 ἀδελφὴν
821 4773 1067 4843 γίνεσθαι
1116 4771 1208 4824 τὸν
1239 4774 1300 4825 ὲν
1332 4773 1444 4834 τοῖς
1473 4770 1772 4841 θελήμασιν

139 4870 347 4928 αὐτοῦ
382 4869 580 4934 ζῶντα.
622 4867 742 4938 Χρὴ
760 4867 817 4920 δέ
835 4883 895 4919 σε
925 4866 1019 4920 καὶ
1041 4863 1398 4936 προσεγγίσαι
1420 4865 1486 4934 τῇ
1520 4861 1768 4933 ἀληθείᾳ,

140 4965 254 5017 καὶ
292 4959 544 5029 πλησίον
565 4956 839 5026 γενέσθαι,
869 4954 1007 5008 ὥστε
1036 4953 1226 5024 μηδενὶ
1266 4952 1416 5022 μέσῳ
1447 4948 1768 5020 διατειχίζε-

137 5057 334 5119 σθαι,
390 5052 486 5104 καὶ
523 5053 583 5103 ὲν
611 5053 679 5120 τῇ
720 5047 879 5117 φύσει
918 5046 1016 5117 τῆς
1054 5045 1378 5116 περιστερᾶς
1407 5042 1550 5113 ἔχειν
1584 5040 1646 5096 τὸ
1678 5040 1768 5093 τέ-

132 5147 316 5201 λειον
345 5160 366 5174 ⁸
418 5141 578 5195 τοῦτο
596 5141 652 5194 δέ
681 5141 797 5193 ἐστι
831 5138 894 5193 τὸ
922 5135 1180 5205 ἀνελλιπῆ
1212 5136 1304 5189 καὶ
1336 5124 1769 5204 πεπληρωμένην

123 5240 310 5295 εἶναι
367 5233 552 5304 πάσης
593 5232 824 5294 ἀκακίας
864 5229 960 5284 καὶ
1005 5227 1389 5297 καθαρότητος.
1443 5224 1628 5278 Ταῦτα
1672 5223 1768 5276 λα-

125 5327 386 5386 ϐοῦσα,
415 5317 460 5376 ὧ
478 5322 646 5394 ψυχὴ,
673 5316 784 5375 οἷόν
821 5337 972 5383 τινας
1000 5318 1146 5382 κλεῖς
1174 5317 1243 5371 τὰ
1269 5317 1527 5386 ὀνόματα,
1562 5314 1770 5379 ἄνοιξον

119 5413 221 5476 δι’
245 5411 467 5470 αὐτῶν
495 5414 562 5482 τῇ
597 5409 823 5481 ἀληθεία
865 5409 966 5478 τὴν
1007 5406 1233 5473 εἴσοδον,
1275 5405 1478 5476 ἀδελφὴ
1504 5405 1770 5476 γενομένη

122 5511 247 5568 καὶ
288 5503 547 5570 πλησίον
574 5504 668 5556 καὶ
694 5500 994 5574 περιστερά
1023 5500 1118 5554 καὶ
1145 5499 1344 5552 τελεία.
1373 5498 1563 5550 Ἔσται
1591 5495 1647 5549 δέ
1675 5513 1766 5549 σου

253 5687 317 5722 ³⁸
355 5680 536 5737 Exod.
564 5698 710 5746 utv,
747 5683 833 5737 18.
917 5683 959 5713 ³⁸
997 5680 1162 5736 lCor.
1198 5696 1315 5744 xtu,
1356 5677 1438 5732 12.

517 5780 788 5839 Ρλτιιοι..
819 5778 940 5837 (in.
988 5777 1209 5841 XLIV.

1865 487 1997 541 dicit
2029 487 2314 560 Scriptura
2345 488 2413 544 de
2440 489 2751 559 legislatore
2779 508 2792 546 :
2832 490 3105 563 Ingressus
3133 501 3212 546 est
3266 492 3439 550 Moses

1865 578 1920 630 in
1947 577 2233 649 caliginem
2265 581 2355 634 ubi
2381 589 2496 634 erat
2525 579 2664 635 Deus
2691 580 2756 636 “.
3301 586 3303 588 ’

1939 845 2035 900 llis
2056 854 2238 902 autem
2267 846 2351 902 sic
2380 861 2412 900 a
2440 846 2600 902 nobis
2623 847 3010 910 consideratis,
3040 848 3440 903 consideranda

1866 947 1950 992 est
1983 939 2147 993 etiam
2184 939 2502 1010 conjunctio
2520 947 2574 994 et
2597 939 2831 994 afﬁnitas
2854 941 3142 994 verborum
3169 955 3289 1009 qua:
3315 947 3444 995 sunt

1867 1029 2024 1084 nobis
2041 1031 2321 1101 proposita
2336 1045 2460 1086 cum
2476 1031 2542 1086 iis
2560 1047 2680 1101 quae
2693 1031 2840 1086 dicta
2854 1032 3131 1086 suut.Fuit
3149 1032 3444 1101 aliquando

1868 1133 2070 1188 sponsa
2095 1120 2272 1190 nigra,
2293 1121 2547 1177 obscuris
2570 1121 2918 1192 dogmatibus
2945 1123 3297 1176 obtenebrata
3318 1139 3443 1176 cum

1861 1226 1985 1265 eam
2003 1213 2084 1266 sol
2101 1213 2524 1284 aspexisset,qui
2543 1214 2980 1283 pertentatioucs
2999 1215 3442 1275 uritsetncntem.

1867 1317 1989 1373 quae
2015 1319 2180 1372 supra
2217 1312 2423 1374 petram
2459 1305 2622 1359 nullis
2671 1304 2867 1360 nititur
2895 1306 3215 1362 radicibus:
3251 1307 3446 1363 deinde

1868 1396 2012 1465 quod
2034 1411 2159 1450 cum
2184 1405 2330 1452 esset
2357 1397 2426 1451 ab
2444 1397 2510 1453 iis
2539 1406 2817 1468 superata,
2843 1399 2934 1468 qui
2953 1414 3072 1453 eam
3100 1414 3446 1468 oppugnave—

1867 1496 2018 1550 runt,
2042 1487 2256 1542 vineam
2288 1503 2442 1542 suam
2481 1505 2590 1543 non
2625 1489 2988 1544 custodierit:
3018 1491 3161 1559 quod
3192 1505 3316 1544 cum
3338 1491 3446 1546 sei-

1868 1588 2021 1643 psam
2041 1574 2584 1645 ignorasset,paverit
2601 1593 2793 1648 greges
2811 1578 3090 1632 haedorum
3109 1594 3208 1648 pro
3225 1579 3444 1634 ovibus.

1866 1663 1976 1718 Sed
2007 1673 2298 1734 postquam
2331 1681 2359 1719 a
2389 1667 2784 1736 conjunctione
2815 1684 2938 1723 cum
2990 1670 3134 1724 malo
3181 1685 3240 1724 se
3288 1677 3447 1724 avul-

1872 1755 2057 1818 sisset,
2090 1766 2141 1809 et
2173 1771 2268 1824 per
2311 1758 2600 1827 mysticum
2637 1758 2770 1812 illud
2819 1760 3066 1814 osculum
3118 1759 3250 1814 fonti
3309 1761 3446 1814 lucis

1873 1859 1936 1898 os
1965 1843 2256 1900 admovere
2304 1845 2690 1913 desiderasset,
2727 1856 2858 1921 tunc
2913 1850 2970 1902 fit
3029 1850 3277 1920 pulchra,
3327 1851 3448 1904 iure

1877 1937 2119 1990 veritatis
2172 1937 2465 2005 illustrata,
2521 1949 2576 1993 et
2633 1955 2774 2010 aqua
2810 1942 2996 1995 abluto
3028 1944 3246 2012 nigrore
3283 1942 3442 2011 igno-

1872 2029 2086 2082 rantiae.
2159 2027 2367 2085 Deinde
2433 2046 2575 2100 equo
2643 2027 2984 2088 assimilatur
3043 2041 3268 2102 propter
3324 2032 3448 2100 ejus

1875 2119 1942 2174 ad
1965 2135 2190 2174 cursum
2227 2121 2630 2190 pernicitatem,
2673 2131 2729 2178 et
2761 2125 3047 2185 columbae,
3101 2132 3325 2193 propter
3361 2123 3447 2176 in-

1873 2212 2123 2266 tellectus
2163 2213 2523 2267 celeritatem.
2572 2214 2941 2280 Quamobrem
2998 2230 3122 2268 cum
3181 2198 3446 2284 quidquid

1874 2301 2363 2370 comprehenditur
2388 2311 2444 2356 et
2485 2305 2737 2358 cernitur
2799 2311 3062 2373 tanquam
3101 2318 3277 2373 equus
3331 2317 3452 2372 pcr-

1875 2393 2161 2457 currisset,
2197 2403 2252 2446 et
2280 2403 2539 2462 tanquam
2576 2395 2826 2450 columba
2848 2397 3270 2461 transvolasset,
3294 2398 3448 2465 prius

1875 2481 2094 2549 quidem
2153 2497 2278 2536 cum
2336 2482 2610 2536 desiderio
2665 2485 2904 2554 quiescit
2940 2487 2995 2540 in
3041 2487 3235 2540 umbra
3293 2487 3447 2548 mali,

1877 2569 2078 2623 malum
2118 2585 2220 2639 pro
2269 2571 2416 2625 nube
2454 2574 2752 2629 nominans
2808 2575 2863 2629 id
2904 2574 3448 2642 quodobscuritatetu

1875 2659 2052 2714 all‘ert.
2084 2659 2244 2714 Nunc
2281 2669 2462 2716 autem
2491 2678 2520 2716 a
2554 2663 2740 2718 divina
2775 2676 2934 2720 nocte
2957 2666 3068 2734 jam
3091 2669 3446 2731 circumitur,

1875 2751 1928 2803 in
1957 2763 2066 2819 qua
2102 2751 2316 2806 accedit
2354 2753 2574 2821 quidem
2609 2769 2870 2824 sponsus,
2907 2757 3004 2810 sed
3048 2772 3157 2809 non
3197 2767 3447 2827 apparet.

1874 2841 2160 2906 Quomodo
2189 2843 2335 2897 enim
2366 2855 2530 2899 noctu
2559 2847 2874 2914 apparuerit
2902 2847 2953 2900 id
2985 2847 3130 2916 quod
3165 2863 3273 2901 non
3322 2863 3449 2904 cer-

1877 2930 2064 2983 nitur?
2094 2930 2186 2984 sed
2215 2931 2419 3000 praebet
2435 2933 2654 3002 quidem
2679 2936 2873 2989 animae
2905 2937 3142 3006 aliquem
3176 2953 3289 2992 sua:
3312 2954 3450 3008 pne-

1877 3023 2068 3077 sentiae
2096 3039 2341 3088 sensum,
2405 3024 2593 3094 eﬂugit
2649 3035 2833 3080 autem
2888 3027 3198 3081 evidentem
3248 3034 3450 3084 mentis

1872 3115 2444 3184 comprehensionem,
2504 3126 2564 3171 ut
2610 3117 2702 3187 qui
2754 3122 3034 3187 operiatur
3080 3129 3273 3173 natura
3327 3137 3451 3189 qua:

1876 3223 1984 3261 non
2015 3209 2162 3262 cadit
2193 3209 2298 3264 sub
2327 3218 2632 3279 aspectum.
2691 3209 2953 3276 Quaenam
2989 3219 3073 3266 est
3108 3223 3290 3267 autem
3329 3229 3450 3285 my-

1873 3298 2032 3352 stcrii
2067 3298 2426 3363 introductio,
2484 3315 2606 3371 quae
2637 3317 2736 3370 per
2766 3302 2909 3356 hanc
2943 3311 3157 3357 noctem
3207 3304 3452 3358 induitur

1876 3388 2119 3442 animae?
2146 3387 2362 3443 Ostium
2393 3392 2564 3459 tangit
2604 3388 2865 3444 Verbum.
2897 3389 3112 3470 Ostium
3157 3402 3336 3448 autem
3365 3393 3453 3447 in--

1876 3479 2172 3549 telligimus
2211 3481 2642 3549 conjecturalem
2667 3497 3000 3537 arcanorum
3036 3484 3448 3552 cogitationem,

1875 3583 1970 3638 per
1997 3584 2160 3638 quam
2186 3570 2623 3625 introduciturid
2647 3573 2795 3642 quod
2823 3573 3111 3642 quaeritur.
3138 3574 3302 3630 Stans
3317 3591 3450 3645 ergo

1874 3671 2031 3715 extra
2083 3670 2330 3717 nostram
2375 3672 2630 3717 naturam
2673 3664 2898 3726 veritas,
2939 3679 3034 3734 per
3073 3667 3450 3734 cognitionem

1874 3767 1940 3808 ex
1975 3761 2150 3821 parte,
2208 3754 2352 3808 sicut
2391 3754 2526 3810 dicit
2575 3755 2957 3825 Apostolus",
2998 3760 3199 3811 mentis
3245 3765 3451 3812 nostrae

1873 3845 2054 3914 pulsat
2082 3845 2285 3900 ostium
2312 3845 2366 3899 in
2399 3846 2679 3916 allegoriis
2703 3855 2757 3902 et
2795 3848 3197 3918 muigtnatihus,
3222 3847 3445 3904 dicens:

1873 3935 2067 4004 Aperi;
2096 3944 2150 3991 et
2185 3950 2311 3990 cum
2347 3937 2728 3994 adhortatione
2774 3939 3038 4007 suggerit,
3087 3940 3447 4008 quemadmo-

1873 4025 2004 4080 dum
2034 4034 2252 4096 Oportet
2293 4030 2508 4098 aperire
2535 4030 2759 4094 ostium,
2805 4030 2968 4084 veluti
2998 4031 3248 4100 praebens
3283 4046 3451 4102 quas-

1873 4113 1998 4169 dam
2037 4115 2243 4183 claves,
2278 4132 2474 4188 nempe
2505 4119 2734 4187 pulchra
2782 4119 2898 4174 haec
2927 4122 3170 4186 nomina,
3207 4137 3306 4192 per
3329 4139 3450 4192 qua:

1875 4207 2121 4275 aperitur
2151 4205 2205 4260 id
2237 4208 2382 4278 quod
2413 4220 2498 4264 est
2550 4210 2823 4266 clausum.
2880 4211 3076 4268 Claves
3106 4213 3250 4267 enim
3288 4214 3450 4284 plane

1874 4306 2003 4354 sunt
2033 4297 2228 4353 horum
2268 4301 2557 4355 nominum
2578 4303 3038 4373 signiﬁcationes,
3071 4321 3193 4375 qua:
3228 4308 3448 4362 occulta

1874 4392 2150 4460 aperiunt,
2181 4406 2380 4461 nempe
2407 4407 2570 4447 soror
2596 4403 2650 4449 et
2677 4397 2993 4466 propinqua
3024 4405 3078 4453 et
3107 4397 3360 4454 columba
3393 4410 3450 4454 et

1875 4483 2145 4554 perfecta.
2182 4481 2241 4538 Si
2287 4485 2374 4540 vis
2396 4485 2564 4550 enim,
2599 4489 2800 4557 inquit,
2845 4489 3044 4559 aperiri
3099 4491 3326 4556 ostium,
3389 4499 3448 4546 et

1873 4575 2050 4632 attolli
2090 4581 2278 4646 portas
2333 4577 2529 4632 animae
2557 4586 2684 4643 tute,
2733 4588 2792 4633 ut
2819 4594 2912 4634 rex
2943 4580 3130 4651 gloriae
3169 4581 3450 4652 ingredia-

1873 4675 1982 4730 tur,
2014 4676 2231 4738 oportet
2276 4675 2328 4723 te
2371 4683 2550 4724 meam
2607 4669 2726 4726 ﬂeri
2771 4685 3041 4737 sororem,
3095 4673 3151 4727 in
3182 4689 3246 4728 eo
3302 4675 3448 4744 quod

1875 4761 2071 4814 anima:
2119 4776 2254 4817 mea:
2311 4762 2648 4818 voluntatem
2701 4765 2968 4834 accipias,
3023 4766 3166 4821 sicut
3200 4765 3336 4822 dicit
3392 4769 3447 4822 in
3537 4792 3542 4797 -

1877 4852 2171 4924 Evangelia
2201 4868 2324 4908 eum
2359 4853 2477 4909 ﬁeri
2504 4855 2727 4912 fratrem
2767 4874 2928 4914 suum
2961 4868 3015 4914 et
3047 4875 3318 4922 sororem,
3345 4862 3442 4932 qui

1876 4943 2010 4997 vivit
2042 4945 2096 4998 in
2133 4945 2258 5014 ejus
2292 4946 2592 5002 voluntate.
2649 4947 2882 5021 Oportet
2915 4958 3099 5006 autem
3145 4960 3200 5006 te
3244 4967 3449 5022 appro-

1877 5038 2142 5106 pinquare
2202 5038 2442 5102 veritati,
2502 5047 2556 5094 et
2619 5041 2756 5096 adeo
2807 5053 2996 5099 exacte
3037 5060 3160 5101 esse
3225 5047 3448 5116 propin-

1872 5142 2066 5196 quum.
2103 5135 2162 5182 ut
2196 5131 2350 5184 nullo
2391 5131 2717 5188 iutermedio
2746 5135 3104 5206 disjungaris,
3158 5147 3213 5193 et
3243 5138 3448 5194 habere

1876 5219 1931 5273 in
1959 5227 2156 5274 natura
2185 5223 2458 5278 columbae
2501 5225 2897 5295 perfectionem
2934 5249 2946 5283 :
2980 5230 3082 5284 hoc
3127 5237 3308 5285 autem
3337 5239 3444 5292 est.

1879 5312 2028 5366 nulla
2055 5313 2110 5366 in
2140 5329 2198 5369 re
2219 5315 2472 5380 deiicere,
2509 5325 2564 5372 et
2601 5335 2724 5376 esse
2755 5322 2974 5390 plenmu
3002 5322 3150 5376 omni
3181 5323 3447 5376 innocen-

1881 5402 1955 5457 tia
1983 5411 2037 5458 et
2060 5405 2319 5474 puritate.
2365 5407 2494 5464 Haec
2545 5412 2767 5466 nomina
2804 5427 2928 5465 cum
2981 5413 3124 5466 velut
3178 5413 3445 5483 quasdam

1878 5494 2062 5550 claves
2090 5498 2391 5569 acceperis,
2416 5514 2450 5555 o
2487 5500 2689 5566 anima,
2716 5516 2813 5572 per
2847 5516 2908 5558 ea
2934 5503 3084 5572 aperi
3139 5503 3442 5574 ingressum

3126 5775 3209 5838 32
