3948 6192
596 271 734 325 ludii

1751 267 1806 322 S.
1849 266 2170 322 GREGORII
2215 266 2504 322 NYSSENl

3630 282 3734 343 1οΜ

595 389 831 450 veritati,
875 385 919 439 si
948 384 1118 438 fueris
1146 396 1302 438 soror
1340 387 1394 434 et
1449 379 1756 449 propinqua
1814 388 1870 433 et
1906 378 2157 433 columba

2266 380 2320 431 τὸ
2341 381 2525 450 κέρδος
2569 381 2632 433 ὲκ
2673 377 2766 433 τού
2800 379 3136 446 εἰσδέξασθαί
3179 399 3242 451 με
3285 385 3370 436 καὶ
3396 387 3734 461 είσοικίσασθαι,

588 484 644 532 et
669 476 932 548 perfecta.
962 474 1041 528 Ex
1068 490 1133 529 eo
1163 481 1345 528 autem
1375 471 1523 541 quod
1565 485 1651 524 me
1683 470 1974 525 admiseris
2003 480 2057 524 et
2081 469 2159 524 in-

591 568 922 630 troduxeris,
963 564 1276 621 lucrifacies
1322 577 1505 618 rorem
1554 577 1618 617 ex
1651 561 1832 632 capite
1881 576 2007 616 meo
2051 575 2158 631 quo

590 677 709 716 sum
743 661 956 729 plenus,
988 665 1044 712 et
1075 672 1140 711 ex
1171 656 1417 710 noctium
1457 653 1626 724 guttis
1658 668 1780 723 quae
1818 653 2068 708 deﬂuunt
2093 667 2159 707 ex

589 753 728 808 meis
749 748 1044 805 cincinnis.
1104 747 1182 800 Ex
1218 747 1303 801 his
1328 752 1510 801 autem
1566 759 1743 801 rorem
1782 746 2002 816 quidem
2038 759 2160 800 esse

589 839 926 894 curationem
960 853 991 892 a
1050 835 1318 907 propheta
1381 834 1645 904 praeclare
1687 833 2004 900 didicimus,
2066 833 2157 904 qui

590 930 720 983 dicit
753 949 765 984 :
801 927 902 981 Ras
931 927 1021 994 qui
1055 943 1088 978 a
1141 934 1186 978 te
1217 925 1339 993 ﬂuit
1400 931 1477 976 est
1537 922 1645 976 illis
1703 922 1929 976 curatio.
1975 919 2160 976 Noctis

592 1031 772 1075 autem
805 1027 968 1089 guttae
1000 1019 1151 1087 prius
1181 1014 1586 1070 consideratam
1617 1012 1868 1083 proxime
1918 1028 2162 1082 sequun-

592 1121 681 1165 tur
708 1110 1056 1165 sententiam.
1087 1107 1206 1160 Non
1226 1111 1404 1175 potest
1428 1105 1575 1160 enim
1605 1103 1719 1159 ﬂeri
1746 1115 1804 1159 ut
1831 1103 1925 1174 qui
1957 1103 2167 1173 ingres-

592 1217 687 1257 sus
712 1201 877 1256 fuerit
900 1199 1061 1270 adyta
1097 1213 1288 1253 eorum
1321 1210 1447 1266 quae
1494 1195 1642 1251 vires
1686 1195 1957 1250 humanas
2005 1209 2166 1263 supe-

590 1299 734 1354 rant,
777 1305 877 1345 nec
905 1289 1110 1344 cadunt
1161 1288 1265 1344 sub
1305 1287 1848 1356 contemplationem,
1908 1284 2166 1340 deveniat

591 1383 658 1436 ad
691 1383 923 1437 imbrem
949 1381 1185 1451 aliquem
1219 1388 1314 1434 aut
1359 1385 1662 1434 torrentem
1692 1375 2164 1448 cognitionis,.sed

590 1476 849 1544 praclare
877 1489 1002 1528 cum
1033 1489 1101 1529 eo
1127 1479 1338 1543 agetur,
1395 1469 1441 1526 si
1467 1469 1798 1539 quibusdam
1841 1467 2080 1522 exilibus
2111 1475 2167 1523 et

589 1565 842 1622 obscuris
871 1563 1157 1620 sententiis
1186 1562 1559 1633 cognitionem
1606 1561 1727 1630 ejus
1775 1560 1976 1616 irroret
2023 1559 2166 1615 veri-

589 1668 693 1720 tas,
724 1672 818 1728 per
852 1657 999 1711 viros
1044 1663 1268 1710 sanctos
1308 1663 1363 1708 et
1411 1653 1628 1708 divinos
1684 1651 1959 1707 delluente
2015 1657 2166 1721 gutta

2263 471 2295 540 η
2330 472 2396 524 ὲκ
2425 471 2524 540 τῆς
2549 470 2790 541 κεφαλῆς
2819 487 2919 540 μου
2948 470 3138 542 δρόσος
3161 467 3225 543 ἦς
3246 472 3439 546 πλήρης
3459 482 3576 548 εἰμὶ,
3600 488 3677 538 καὶ
3696 494 3740 543 αἱ

2259 561 2362 632 τῆς
2408 562 2602 624 νυκτὸς
2644 563 2752 616 τῶν
2788 557 3096 634 βοστρύχων
3127 564 3234 617 τῶν
3278 567 3412 636 ὲμῶν
3443 571 3739 645 ἀπορῤἑουσαι

2260 655 2514 725 ψεκάδες.
2562 655 2662 707 Ἐκ
2685 653 2890 707 τούτων
2914 655 2990 718 δὲ,
3025 654 3086 722 τὸ
3121 654 3217 724 μὲν
3240 656 3373 710 ῐασιν
3411 655 3531 714 εἶναι
3552 664 3633 736 τὴν
3653 669 3743 739 δρό-

2263 764 2383 814 σον,
2423 747 2572 818 παρὰ
2625 747 2736 804 τοῦ,
2767 749 3044 818 προφήτου
3087 747 3268 816 σαφῶς
3308 750 3669 824 μεμαθήκαμεν,
3701 759 3744 823 ὃς

2263 852 2446 906 φησιν’
2480 839 2562 891 ὅτι
2581 840 2804 906 Δρόσος
2829 839 2866 905 ἡ
2899 839 3060 904 παρά
3079 853 3218 901 σου,
3242 837 3376 906 ἴαμα
3399 841 3576 907 αὐτοῖς
3598 845 3744 901 ἐστιν.

2261 929 2326 981 Ai
2349 927 2408 982 δὲ
2436 929 2532 999 τῆς
2565 930 2756 992 νυκτὸς
2784 927 3017 998 ψεκάδες
3045 927 3143 998 τῆς
3173 928 3608 1003 προθεωρηθείσης
3633 935 3748 1004 ἕχον.

2263 1035 2352 1072 ται
2387 1019 2641 1082 διανοίας.
2669 1020 2742 1072 Οὐ
2772 1020 2878 1091 γάρ
2901 1021 3012 1072 ἐστι
3041 1018 3258 1072 δυνατὸν
3279 1020 3364 1071 τὸν
3391 1021 3526 1084 ὲντὺς
3549 1023 3638 1077 τῶν
3654 1027 3750 1079 ἁδύς

2266 1127 2376 1163 των
2410 1110 2504 1164 καὶ
2538 1109 2779 1163 ἀθεάτων
2824 1110 3145 1180 γενόμενον,
3201 1109 3386 1181 ὄμϐρῳ
3423 1112 3517 1163 τιν).
3542 1113 3627 1181 τῆς
3651 1116 3757 1182 γνὼ-

2266 1213 2403 1261 σεως
2450 1199 2688 1267 ἐντυχεῖν
2731 1197 2762 1268 ἢ
2798 1198 3100 1270 χειμάρρῳ.
3169 1198 3306 1251 Ἀλλ’
3341 1200 3610 1271 ἀγαπητὸν,
3629 1205 3668 1256 εί
3687 1204 3755 1258 λε-

2265 1291 2427 1353 πταίς
2476 1307 2584 1342 τισι
2634 1291 2727 1343 καὶ
2767 1291 3034 1360 ἀμυδραῖς
3075 1291 3335 1354 διανοίαις
3377 1293 3658 1361 ὲπιψεκὰζοι
3688 1296 3764 1367 τὴν

2265 1381 2466 1450 γνῶσιν
2492 1380 2712 1452 αὐτοῦή
2752 1382 2996 1452 ἀλήθεια,
3027 1381 3114 1434 διὰ
3145 1382 3254 1435 τῶν
3284 1385 3448 1450 ἁγίων
3473 1402 3524 1438 τε
3562 1387 3641 1439 καὶ
3675 1387 3765 1440 Θεο-

2267 1469 2613 1539 φορουμένων
2636 1469 2736 1538 τῆς
2774 1469 2996 1540 λογικῆς
3026 1470 3283 1538 σταγόνος
3309 1474 3665 1547 ἀπορρεούσης.
3698 1476 3770 1528 ὶὶι·

2269 1559 2532 1632 στρύχους
2573 1560 2679 1632 γὰρ
2718 1556 2868 1631 οἶμαι
2901 1563 2997 1631 τῆς
3042 1562 3135 1614 τοῦ
3171 1563 3370 1633 παντὸς
3410 1566 3625 1635 κεφαλῆς
3654 1568 3768 1635 egw

2267 1650 2536 1720 τημένους
2568 1690 2584 1713 ,
2653 1651 2931 1722 τροπικῶς
2979 1651 3337 1722 ὀνομάζεσθαι
3389 1656 3644 1726 προφήτας
3702 1658 3773 1706 καὶ

588 1751 842 1805 rationis.
885 1748 1187 1804 Cincinnos
1213 1745 1361 1801 enim
1391 1746 1482 1815 qui
1528 1744 1766 1815 pendent
1798 1744 1865 1798 ab
1896 1742 2165 1798 universi-

2266 1741 2652 1824 εὐαγγελιστὰς
2683 1743 2779 1795 καὶ
2804 1743 3154 1807 ἀποστόλους,
3185 1738 3262 1798 ὧν
3293 1746 3513 1808 ἕκαστος
3541 1747 3647 1799 ὅσον
3671 1745 3771 1815 ἐχώ-

589 1843 720 1895 tatis
747 1839 947 1910 capite,
995 1841 1204 1908 tropice
1251 1846 1386 1908 puto
1440 1837 1713 1891 nominari
1765 1835 2059 1906 prophetas
2113 1842 2208 1922 et.

589 1933 955 2000 evangelistas
1021 1940 1071 1984 et
1131 1929 1460 1996 apostolos:
1506 1941 1741 1996 quorum
1786 1925 2167 1994 unusquisque

590 2029 854 2092 quantum
883 2010 1079 2086 capere
1109 2017 1309 2086 potuit,
1335 2015 1597 2070 hauriens
1632 2031 1700 2069 ex
1742 2015 2017 2076 obscuris,
2075 2028 2168 2069 oc-

589 2111 752 2166 cultis
781 2118 834 2166 et
892 2106 1372 2177 iuaspectabilibus
1396 2105 1692 2170 thesauris,
1749 2105 1910 2159 nobis
1944 2106 2167 2175 qurdem

591 2204 728 2256 ﬂunt
757 2199 904 2256 ﬂuvii
935 2199 1078 2270 pleni
1111 2197 1288 2267 aquis.
1349 2195 1408 2250 Si
1435 2197 1512 2250 rei
1545 2203 1726 2250 autem
1762 2203 2041 2268 spectetur
2072 2213 2164 2252 ve-

590 2295 748 2356 ritas,
787 2299 916 2346 sunt
942 2297 1108 2360 gutta:
1142 2289 1308 2350 roris,
1360 2287 1578 2343 etiamsi
1621 2294 1940 2357 restagnent
1980 2287 2168 2341 multi-

590 2383 778 2437 tudine
801 2389 856 2435 et
886 2378 1256 2450 magnitudine
1283 2378 1570 2433 doctrinae.
1617 2375 1941 2448 Cujusmodi
1966 2376 2165 2433 ﬂumen

589 2484 708 2530 erat
737 2475 958 2538 Paulus,
990 2474 1081 2543 qui
1117 2487 1287 2542 supra
1305 2470 1505 2524 caelum
1531 2483 1832 2539 assurgens
1857 2468 2019 2522 undis
2043 2483 2170 2524 sen-

515 2551 524 2560 ’
589 2566 908 2629 tentiarum,
945 2579 1116 2629 usque
1149 2561 1216 2616 ad
1247 2561 1470 2616 tertium
1499 2560 1724 2622 caelum,
1750 2574 1929 2630 usque
1966 2559 2034 2612 ad
2069 2573 2169 2630 pa-

589 2659 857 2719 radisum,
908 2670 1083 2725 usque
1121 2657 1187 2707 ad
1239 2654 1403 2709 verba
1443 2666 1646 2706 arcana
1687 2661 1741 2706 et
1779 2651 2075 2706 ineﬂahilia
2098 2650 2166 2717 ³³,

590 2755 643 2804 et
697 2761 792 2817 per
843 2760 1062 2800 omnem
1137 2741 1406 2810 ejusmodi
1468 2740 1701 2795 docendi
1750 2739 2166 2809 amplitudinem

589 2840 697 2893 late
742 2837 1052 2899 exundans,
1111 2833 1293 2889 verbis
1345 2848 1538 2888 rursus
1577 2831 1836 2896 ostendit,
1891 2831 2037 2901 quod
2079 2830 2167 2884 hic

591 2945 772 2986 sermo
801 2939 885 2983 est
932 2928 1108 2983 instar
1155 2934 1321 2997 guttae
1368 2924 1536 2986 roris,
1575 2924 1622 2978 si
1675 2921 1989 2978 conteratur
2041 2937 2165 2978 cum

592 3019 927 3088 Verhoquod
961 3025 1066 3080 est,
1098 3031 1222 3070 cum
1265 3014 1396 3068 dicit
1429 3033 1441 3068 :
1476 3011 1561 3065 Ea:
1591 3021 1742 3081 parte
1782 3013 2164 3079 cognoscimus,

591 3121 640 3165 et
669 3125 733 3164 ea:
788 3117 938 3177 parte
975 3104 1426 3174 prophetamus“,
1461 3113 1513 3158 et
1540 3122 1552 3157 :
1579 3103 1637 3158 Si
1667 3103 1782 3167 quis
1815 3103 1916 3159 sibi
1968 3102 2169 3157 videtur

589 3202 742 3262 rrire,
799 3197 1027 3251 nondum
1072 3197 1170 3250 scit
1203 3195 1461 3265 quomodo
1505 3195 1640 3248 scire
1670 3203 1906 3262 oporteat
1927 3193 2012 3259 ⁸³;
2065 3202 2166 3248 et:

593 3291 705 3362 Ego
735 3293 987 3357 meipsum
1013 3287 1240 3342 nondum
1272 3288 1516 3341 existimo
1546 3285 1991 3355 comprehendisse
2019 3284 2084 3337 ⁸⁸.
2109 3281 2166 3339 Si

595 3397 721 3452 ergo
756 3381 954 3434 humor
1000 3378 1164 3443 roris,
1221 3386 1274 3433 et
1301 3384 1456 3447 gutta
1488 3377 1872 3431 cincinnorum
1917 3373 2170 3428 videntur

591 3488 713 3528 esse
759 3469 982 3525 ﬂumina
1015 3477 1068 3524 et
1116 3469 1286 3523 maria
1317 3476 1372 3522 et
1424 3467 1643 3532 ﬂuctus,
1701 3468 1748 3522 si
1784 3481 1907 3521 cum
1963 3465 2168 3521 nostris

591 3561 948 3617 conferantur
1004 3557 1419 3628 viribuszquid
1475 3566 1560 3612 est
1612 3555 2035 3612 existimandum
2100 3555 2168 3611 de

595 3653 688 3706 illo
716 3650 864 3706 fonte
897 3650 989 3721 qui
1023 3649 1159 3704 dixit
1193 3647 1292 3703 :Si
1321 3651 1440 3719 quis
1472 3649 1612 3712 sitit,
1649 3648 1821 3701 veniat
1867 3645 1934 3699 ad
1968 3661 2070 3711 me,
2114 3653 2164 3700 et

594 3746 737 3799 bibat
767 3744 808 3780 "'
832 3744 854 3796 ?
877 3743 1115 3809 Quilibet
1140 3756 1206 3797 ex
1241 3740 1311 3796 iis
1335 3741 1428 3811 qui
1461 3739 1694 3794 audiunt
1723 3754 1790 3793 ex
1822 3740 2168 3808 proportione

591 3852 782 3893 eorum
807 3852 927 3906 quae
955 3835 1101 3891 dicta
1137 3842 1287 3899 sunt,
1332 3833 1702 3902 conjecturam
1747 3839 1929 3884 sumat
1961 3829 2030 3886 de
2059 3833 2163 3885 mi-

596 3931 804 3984 raculo.
868 3927 1001 3983 Nam
1035 3929 1079 3983 si
1106 3935 1255 3998 gutta
1285 3925 1480 3981 suﬂicit
1534 3924 1600 3979 ad
1645 3923 2016 4004 generandum
2065 3923 2168 3977 ﬂu-

593 4023 763 4086 vium,
788 4020 918 4090 quid
944 4019 1300 4092 reputandum
1337 4025 1420 4071 est
1439 4030 1559 4070 esse
1587 4015 1762 4085 ipsum
1790 4013 1884 4069 Dei
1914 4013 2164 4083 ﬂuvium,

592 4128 655 4167 cx
689 4112 791 4167 hac
829 4119 981 4183 gutta
1012 4111 1327 4180 conjectura
1367 4105 1571 4161 ducta?

664 4202 962 4258 Videamus
1001 4208 1184 4256 autem
1229 4195 1684 4269 quemadmodum
1733 4211 1935 4265 sponsa
1980 4196 2166 4253 obedit

595 4296 794 4358 Verbo,
827 4292 1283 4366 quemadmodum
1314 4303 1518 4360 sponso
1540 4289 1714 4359 aperit
1742 4287 1971 4342 aditum.
1997 4287 2161 4357 Exui,

2271 1848 2396 1905 ρουν
2421 1834 2486 1886 ὲκ
2515 1833 2622 1886 τῶν
2655 1835 2941 1888 σκοτεινῶν
2970 1852 3028 1889 τε
3058 1837 3153 1890 καὶ
3187 1836 3514 1908 ἀποκρύφων
3545 1837 3630 1889 καὶ
3652 1836 3774 1907 ἀορά-

2265 1939 2372 1975 των
2397 1922 2682 1994 Θησαυρῶν
2706 1926 3017 1996 ἀρυόμενοι,
3051 1929 3183 1998 ἡμῖν
3208 1929 3441 1997 ποταμοὶ
3464 1927 3700 1994 γίνονταν
3723 1926 3776 1989 ὡς

2266 2014 2322 2067 δὲ
2354 2016 2490 2084 πρὸς
2519 2016 2618 2086 τὴν
2655 2016 2821 2080 ὅντως
2849 2017 3128 2088 ἀλήθειαν,
3150 2018 3439 2088 δροσώδεις
3463 2019 3561 2072 εἰσὶ
3578 2018 3775 2089 ψεκάδες.

2279 2105 2382 2159 κᾶν
2407 2106 2484 2176 τῷ
2511 2107 2702 2177 πλήθει
2731 2125 2789 2160 τε
2812 2110 2904 2162 καὶ¹
2939 2109 3156 2179 μεγέθει
3181 2111 3284 2180 τῆς
3312 2110 3634 2174 διδασκαλίας
3653 2109 3782 2179 πλημ-

2271 2197 2536 2268 μυρῶσιν.
2588 2192 2709 2261 Οἷος
2747 2200 2776 2251 ὁ
2804 2198 3010 2263 Παῦλος
3035 2195 3104 2270 ἦν
3131 2201 3383 2271 ποταμδς
3401 2241 3416 2265 ,
3461 2201 3588 2272 ὑπὲρ
3626 2199 3700 2253 τὸν
3717 2199 3784 2251 οὑ-

2275 2285 2435 2357 ρανὸν
2464 2289 2573 2349 τοῖς
2601 2287 2706 2340 τῶν
2736 2288 3019 2358 νοημάτων
3049 2288 3268 2359 κύμασι
3303 2289 3675 2361 κορυφούμενος
3711 2289 3788 2350 ἓως

2268 2375 2453 2446 τρίτου
2484 2377 2736 2446 οὐρανοῦ,
2768 2378 2870 2440 ἕως
2901 2377 2994 2432 τοῦ
3025 2380 3388 2450 παραδείσου,
3420 2380 3520 2443 ἕως
3541 2380 3635 2433 τῶν
3659 2380 3788 2450 apti.

2267 2483 2375 2520 των
2414 2485 2472 2520 τε
2521 2469 2615 2521 καὶ
2643 2471 3038 2542 ὰνεκφωνήτων
3075 2473 3369 2541 ῥημάτων,
3412 2472 3502 2525 κα)⁵
3536 2471 3598 2524 δι’
3621 2472 3793 2540 ἀπάσης

2267 2558 2364 2628 τῆς
2388 2560 2641 2631 τοιαύτης
2672 2562 3074 2632 μεγαληγορίας
3111 2565 3216 2616 πεῖ
3229 2563 3434 2632 αγίξων
3457 2563 3530 2633 τῷ
3553 2562 3677 2634 λόγῳ
3713 2562 3792 2614 δεί-

2269 2666 2423 2702 κνυσι
2470 2650 2628 2704 πάλιν
2668 2653 2750 2705 ὅτι
2797 2651 2972 2721 ψεκάς
3012 2653 3096 2717 τίς
3136 2656 3269 2708 ἐστι
3317 2655 3581 2727 δροσώδης
3619 2657 3646 2709 ὁ
3681 2654 3800 2722 λόγος

2267 2735 2460 2803 οὗτος(
2475 2743 2756 2813 συγκρίσει
2799 2743 2892 2796 τοῦ
2922 2743 3089 2807 ὅντως
3110 2743 3326 2814 Λόγου,
3356 2747 3425 2800 δι’
3457 2740 3527 2800 ὧν
3551 2763 3711 2816 φησιν,
3739 2746 3796 2797 ὅτι

2281 2831 2374 2882 Ἐκ
2385 2831 2606 2899 μέρους·
2628 2832 3018 2902 γινώσκομεν,
3036 2834 3131 2888 καὶ
3165 2838 3238 2890 ἐκ
3256 2836 3481 2906 μέρους
3500 2836 3802 2906 προφητεύο-

2263 2938 2376 2988 μεν
2393 2939 2408 2952 ’
2429 2923 2542 2988 καὶ,
2565 2923 2640 2975 Et
2654 2943 2742 2989 τις
2757 2925 2920 2978 δοκεῖ
2947 2927 3287 2996 ἐγνωκέναι
3304 2947 3378 2994 τι,
3397 2930 3556 2984 οὔπω
3583 2929 3802 2997 ἔγνωκα·

2195 3049 2235 3106 c
2267 3013 2385 3080 θὼς
2434 3014 2528 3068 δεῖ
2553 3015 2798 3084 γνῶναι·
2837 3019 2961 3081 καὶ,
3007 3020 3320 3088 Ἐμαυτὸν
3365 3023 3530 3077 οὔπω
3551 3020 3805 3091 ,λογίζομαι

2271 3107 2713 3174 κατειληφέναι.
2737 3111 2797 3161 Εἰ
2829 3109 3004 3163 τοίνυν
3027 3112 3206 3181 ἰκμὰς
3227 3115 3326 3184 τῆς
3353 3115 3561 3185 δρόσου,
3585 3115 3668 3166 καὶ
3683 3115 3708 3182 ἡ
3726 3112 3804 3162 τῶν

2275 3195 2588 3267 βοστρύχων
2629 3199 2802 3268 ψεκάς
2842 3205 3072 3273 ποταμοὶ
3114 3205 3355 3260 δοκοῦσι
3385 3208 3481 3261 καὶ
3520 3206 3706 3275 πελάγη
3738 3207 3806 3255 καὶ

2270 3289 2491 3358 κύματα
2534 3291 2671 3362 πρὸς
2713 3292 2808 3363 τὴν
2845 3296 3114 3366 ἡμετέραν
3171 3301 3478 3370 κρινόμενα
3510 3298 3732 3366 δύναμιν·
3769 3293 3805 3344 τί

2270 3378 2376 3450 χρὴ
2406 3382 2535 3452 περὶ
2559 3383 2657 3452 τῆς
2685 3385 2868 3455 πηγῆς
2890 3385 3222 3454 λογίσασθαι
3248 3391 3351 3462 τῆς
3379 3389 3644 3460 εἰπούσης,
3670 3388 3736 3442 ὅτι
3759 3382 3807 3438 EI

2268 3488 2358 3537 τις
2387 3473 2535 3542 διψᾷ
2552 3515 2566 3538 ν
2597 3475 2862 3545 ἐρχέσθω
2891 3483 3040 3548 πρός
3058 3499 3148 3550 με
3175 3485 3280 3538 καὶ
3317 3485 3568 3547 πινέτω;
3596 3483 3806 3539 Ἕκαστος

2268 3562 2376 3616 τῶν
2416 3566 2720 3621 ἀκουόντων
2751 3569 2817 3648 δι’
2850 3570 3152 3640 ἀναλογίαν
3191 3577 3307 3629 τῶν
3345 3577 3643 3648 εἰρημένων
3663 3586 3807 3640 στθλ²⁶

2269 3654 2406 3722 σμὸν
2435 3656 2758 3727 λαμϐανέτω
2783 3641 2882 3714 Στοῦ
2908 3661 3222 3733 θαύματος.
3291 3669 3354 3721 Ei
3530 3669 3561 3737 ἡ
3585 3665 3732 3736 ψεκὰς
3753 3662 3810 3719 εἰς

2269 3751 2527 3818 ποταμῶν
2565 3749 2829 3822 ἐξήρκεσε
2859 3755 3101 3822 γένεσιν,
3154 3759 3213 3812 τί
3255 3760 3427 3813 αὐτὸν
3470 3759 3560 3813 τὸν
3601 3755 3684 3811 τοῦ
3709 3751 3808 3807 Θεοῦ

2271 3837 2511 3981 "9":va
2558 3840 2645 3894 διὰ
2704 3842 2803 3911 τῆς
2851 3842 3086 3912 ψεκάδος
3151 3847 3375 3920 ταύτης
3434 3849 3578 3902 ἐστὶν
3613 3844 3812 3910 ἀναλογί-

2271 3945 2371 3980 σασ
2407 3947 2502 3981 αις

2270 3945 2502 3995 cacant;

2341 4200 2566 4272 Ἷδωμεν
2587 4203 2642 4256 δὲ
2672 4203 2764 4257 καὶ
2805 4204 2922 4267 πῶς
2961 4207 3241 4262 ὑπακούει
3288 4210 3373 4281 τῷ
3408 4211 3564 4279 Λόγῳ
3598 4212 3627 4280 ἡ
3654 4208 3815 4275 νύμφη.

2271 4289 2386 4353 πῶς
2421 4291 2624 4358 ἀνοίγει
2661 4294 2738 4363 τῷ
2760 4296 2978 4366 νυμφίῳ
3008 4295 3106 4367 τὴν
3140 4300 3390 4353 εἴσοδον.
3443 4285 3811 4364 Ἐξεδυσὰμηνι

591 4390 790 4457 inquit,
819 4402 987 4441 meam
1020 4384 1276 4445 tunicam,
1331 4379 1590 4453 quomodo
1613 4379 1832 4434 induant
1849 4397 1966 4435 eam
1986 4384 2011 4436 ?
2039 4379 2165 4435 Lavi

2268 4381 2434 4450 φησὶν
2485 4382 2593 4436 τὸν
2643 4383 2864 4452 χιτῶνά
2891 4403 3036 4454 μου⁹
3078 4385 3220 4454 πῶς
3268 4389 3605 4459 ἐνδύσομαι
3641 4386 3815 4440 αὑτόνξ

591 4479 741 4546 pedes
767 4495 929 4541 meos,
965 4474 1224 4546 quomodo
1255 4471 1545 4543 inquinabo
1577 4471 1700 4526 illos
1722 4470 1931 4527 “lecte
1961 4473 2168 4528 audivit

592 4587 715 4626 eum
753 4571 846 4641 qui
871 4571 1038 4641 jussit
1083 4570 1258 4640 ipsam
1308 4566 1423 4622 ﬂeri
1451 4573 1507 4620 et
1555 4565 1939 4635 prapinquam,
1986 4573 2041 4620 et
2076 4579 2166 4622 co~

596 4662 860 4727 lumbam,
891 4669 945 4716 et
973 4659 1292 4731 perlectam,
1332 4665 1391 4712 ut
1431 4673 1525 4728 per
1553 4671 1672 4712 eam
1711 4656 1778 4710 ad
1813 4657 2049 4710 animam
2081 4656 2164 4710 in-

593 4754 920 4808 troducatur
952 4753 1176 4808 veritas.
1206 4751 1356 4805 Fecit
1385 4751 1530 4804 enim
1567 4764 1689 4819 qua:
1715 4747 1942 4811 audivit,
1963 4758 2022 4802 ut
2045 4765 2166 4818 quas

596 4843 806 4899 exuerit
837 4845 1116 4912 pelliceam
1149 4844 1296 4896 illam
1329 4842 1592 4905 tunicam,
1625 4855 1789 4911 quam
1825 4840 2008 4894 induit
2035 4850 2164 4911 post

596 4942 905 5004 peccatum,
939 4942 991 4987 et
1019 4948 1050 4986 a
1076 4933 1302 5001 pedibus
1331 4933 1566 4989 abluerit
1600 4940 1848 4988 terrenas
1884 4933 2007 4988 illas
2039 4948 2164 4988 sor-

595 5026 712 5090 des,
742 5024 942 5095 quibus
964 5031 1080 5077 crat
1113 5024 1376 5090 involuta,
1434 5032 1492 5079 ut
1524 5040 1647 5094 quae
1673 5039 1702 5077 a
1732 5025 1840 5080 vita
1878 5040 2040 5096 quam
2066 5026 2163 5080 de-

601 5123 756 5189 gerat
805 5115 858 5169 in
890 5113 1145 5187 paradiso
1183 5129 1403 5170 reversa
1446 5124 1591 5171 esset
1639 5117 1694 5171 in
1739 5124 1940 5171 terram
1979 5135 1992 5170 :
2029 5131 2166 5186 quo-

593 5211 738 5263 niam
779 5207 988 5260 audivit
1032 5205 1119 5269 ⁸⁷’,
1161 5205 1325 5259 Terra
1351 5221 1426 5272 es,
1467 5215 1514 5260 et
1547 5206 1601 5260 in
1639 5216 1834 5261 terram
1865 5208 2160 5262 reverteris.

596 5297 888 5367 Propterea
925 5296 1130 5352 aditum
1174 5296 1388 5367 aperuit
1436 5295 1614 5353 Verbo
1650 5298 1716 5352 ad
1767 5298 2028 5359 animam,
2088 5298 2166 5352 di-

597 5389 760 5441 ducto
793 5388 978 5445 cordis
1031 5391 1175 5454 velo,
1237 5390 1340 5446 hoc
1385 5397 1472 5445 est
1517 5404 1703 5444 carne.
1760 5388 1990 5444 Carnem
2039 5403 2160 5442 cum

595 5483 740 5542 ilico.
773 5490 1010 5535 veterem
1039 5480 1314 5536 hominem
1357 5479 1626 5550 intelligo,
1662 5494 1822 5548 quem
1857 5485 1915 5533 ut
1956 5489 2162 5535 exuant

2267 4471 2598 4542 Ἔνιψάμην
2624 4473 2766 4540 τοὺς
2784 4474 2972 4542 πόδας
2991 4495 3136 4546 μου,
3166 4478 3310 4547 πῶς
3335 4480 3585 4552 μολυνῶ
3612 4475 3816 4535 αὑτούςῖ

2268 4562 2457 4628 Καλῶς
2501 4565 2700 4636 ἤκουσε
2746 4565 2841 4620 τοῦ
2875 4567 3248 4635 κελεύσαντος
3293 4573 3540 4644 ἀδελφὴν
3581 4569 3724 4639 αὐτὴν
3747 4563 3818 4617 καὶ

2267 4655 2494 4726 πλησίον
2531 4657 2803 4724 γενέσθαι,
2838 4659 2932 4712 καὶ
2975 4664 3335 4735 περιστερὰν
3383 4665 3483 4719 καὶ
3526 4662 3723 4720 τελείαν,
3750 4656 3816 4706 ἵνα

2267 4751 2353 4805 διὰ
2389 4750 2594 4804 τούτων
2619 4751 2917 4825 είσοικισθῇ
2948 4755 3014 4823 τῇ
3055 4752 3216 4827 ψυχῇ
3249 4759 3286 4830 ἡ
3314 4757 3570 4831 ἀλήθεια.
3620 4749 3818 4819 Ἐποίησε

2267 4842 2376 4912 γὰρ
2405 4842 2547 4913 ἅπερ
2579 4844 2828 4914 ἤκουσεν,
2879 4843 3240 4918 ὶκδυσαμένη
3291 4850 3391 4903 τὸν
3438 4849 3729 4920 δερμάτινον
3753 4858 3818 4908 χι·

2264 4933 2430 4998 τῶνα,
2465 4933 2524 4986 δν
2550 4933 2688 5004 μετὰ
2714 4933 2810 5004 τὴν
2839 4935 3115 5005 ἁμαρτίαν
3145 4941 3548 5011 περιεσάλετο,
3569 4938 3652 4994 καὶ
3673 4939 3821 4991 tim“-

2265 5023 2482 5094 ψαμένη
2540 5024 2647 5079 τῶν
2678 5025 2850 5078 ποδῶν
2870 5024 2932 5078 τὸ
2950 5022 3241 5098 γεῶδες,ᾦ
3274 5032 3536 5104 ὲνειλήθη
3561 5030 3658 5084 ἀπὸ
3677 5025 3756 5093 τῆς
3777 5024 3823 5072 ἐν

2267 5114 2582 5185 παραδείσῳ
2632 5115 2908 5186 διαγωγῆς
2952 5117 3032 5180 εἷς
3072 5117 3190 5188 τὴν
3241 5123 3359 5193 γῆν
3395 5123 3717 5182 ἀναλύσασα,
3753 5117 3819 5168 Ξτε

2269 5207 2520 5276 ἤκουσεν,
2547 5208 2630 5258 ὅτι
2680 5205 2771 5273 Γῆ
2809 5202 2889 5269 εἷ.
2930 5209 3029 5262 καὶ
3073 5213 3178 5277 εἰς
3220 5213 3354 5282 Tﬁr
3389 5215 3705 5278 ἀπελεύσῃ,
3745 5204 3819 5256 Διά

2266 5296 2424 5349 τοῦτο
2451 5295 2658 5366 ἤνοιξεν
2689 5298 2778 5349 ἐπὶ
2808 5297 2906 5368 τὴν
2947 5297 3135 5369 ψυχὴν
3186 5303 3276 5373 τῷ
3308 5305 3478 5376 Λόγῳ
3511 5306 3604 5378 τὴν
3641 5295 3817 5355 εἴσοδον,

2266 5386 2636 5450 διασταλέντος
2654 5386 2748 5441 τοῦ
2773 5389 2869 5458 τῆς
2885 5390 3119 5460 καρδίας
3146 5397 3680 5466 παραπετάσματος,
3697 5402 3820 5441 τουτ-

2267 5479 2381 5532 έστι
2407 5480 2505 5549 τῆς
2534 5482 2753 5550 σαρκός.
2797 5481 2982 5552 Σὰρκα
3013 5482 3068 5534 δὲ
3102 5485 3320 5552 εἰπὼν,
3359 5489 3456 5543 τὸν
3487 5485 3694 5543 παλαιὸν
3713 5478 3826 5544 λέγω

608 5633 759 5714 ’ωιι
794 5663 925 5715 Cor.
968 5678 1064 5723 Ill,
1100 5663 1150 5714 4.
1214 5663 1258 5692 ³⁵
1285 5660 1301 5712 ι
1331 5660 1455 5714 Cor.
1486 5676 1601 5724 xm,
1633 5661 1684 5715 9.
1731 5661 1775 5692 ³⁸
1812 5659 1830 5712 1
1867 5660 1989 5714 Cor.
2044 5676 2162 5724 vm,

2301 5661 2343 5692 ³⁸
2388 5659 2524 5714 Phil.
2565 5677 2642 5722 ιιι,
2679 5660 2759 5716 i5.
2828 5661 2868 5693 ³⁷
2903 5660 3056 5715 Joan.
3100 5676 3210 5728 \‘Il,
3245 5666 3341 5720 57.
3414 5668 3478 5699 ⁸⁷·
3509 5664 3640 5720 Gen.
3671 5654 3823 5724 tu,”
