3948 6192
195 266 327 321 H305

1251 266 1315 320 lN
1346 267 1639 324 CANTICA
1664 262 1935 323 CANTIC.
1966 263 2265 320 ἸΙΟΜΙΙΛΑ
2299 267 2389 320 XI.

3312 279 3448 335 1005

185 378 506 449 ἄνθρωπον,
549 376 610 429 ὃν
642 376 972 431 ἐκδύσασθαι
1017 379 1109 431 καὶ
1150 379 1448 435 ἀποθέσθαι
1495 381 1704 434 κελεύει
1749 381 1777 432 6

1885 392 1943 432 ac
1969 377 2267 448 deponant,
2291 379 2540 432 hortatur
2566 380 2785 438 divinus
2812 383 2902 438 ille
2937 386 3227 456 Apostolus
3259 400 3449 442 omnes

186 473 327 532 θεῖος
367 467 722 531 Ἀπόστολος,
781 467 910 530 τοὺς
958 468 1254 538 μέλλοντας
1304 470 1384 541 τῷ
1423 469 1636 542 λουτρῷ
1679 469 1774 522 τοῦ

187 561 344 628 λόγου
375 560 466 612 τὸν
500 558 671 630 ῥύπον
715 559 824 613 τῶν
864 558 1076 629 βάσεων
1119 561 1220 631 τῆς
1247 561 1433 633 ψυχῆς
1462 561 1776 616 ἀποκλύσα-

189 654 330 706 σθαι.
363 651 574 706 Ούκοῦν
600 652 693 705 τὸν
729 653 958 707 παλαιὸν
990 655 1438 725 ἀπεκδυσάμενος
1466 655 1773 727 ἄνθρωπον,

189 744 282 795 καὶ
321 739 594 813 περιελὼν
630 744 726 813 τῆς
759 742 990 814 καρδίας
1033 743 1093 796 τὸ
1133 743 1430 815 κάλυμμα,
1483 743 1663 814 ἤνοιξε
1698 743 1778 813 τῷ

187 836 344 906 Λόγῳ
377 827 478 904 τὴν
521 833 756 900 εἴσοδον,
806 835 865 888 δν
904 835 1056 898 ἐντὸς
1095 836 1386 907 γενόμενον
1417 835 1617 905 ἔνδυμα
1659 853 1777 889 ποι·
1821 821 1829 831 ’

187 929 324 980 εἷται
358 928 558 997 ἑαυτῆς
591 929 624 997 ἡ
671 927 842 997 ψυχὴ,
875 928 1015 981 κατὰ
1042 929 1142 1000 τὴν
1177 929 1271 984 τοῦ
1316 930 1641 983 Ἀποστόλου
1673 930 1776 998 6(9-

187 1024 407 1090 ήγησιν,
435 1019 496 1083 ὃς
518 1019 730 1074 κελεύει
753 1019 844 1073 τὸν
877 1019 1248 1091 έκδυσάμενον
1267 1022 1368 1093 τὴν
1397 1020 1652 1090 σαρκώδη
1679 1021 1776 1074 τοῦ

189 1109 423 1164 παλαιοῦ
450 1108 740 1182 ἀνθρώπου
772 1110 1088 1181 περιϐολὴν,
1114 1111 1436 1165 ἐνδύσασθαι
1461 1111 1664 1182 χιτῶνα
1686 1111 1777 1165 τδν

187 1203 329 1256 κατὰ
357 1201 494 1255 Θεὸν
538 1202 862 1267 κτισθέντα,
917 1206 975 1256 έν
1022 1204 1264 1275 ὁσιότητι
1309 1205 1402 1258 καὶ
1437 1203 1774 1277 δικαιοσύνῃ.

198 1293 410 1364 Ἰησοῦν
440 1294 498 1346 δὲ
523 1294 671 1362 λέγει
696 1290 834 1347 εἶναι
859 1294 923 1348 τὸ
947 1294 1174 1364 ἔνδυμα.
1219 1295 1284 1348 Ἦ
1308 1295 1365 1349 δὲ
1387 1295 1650 1366 ὁμολογία
1677 1295 1778 1366 τῆς

184 1387 410 1458 νύμφης
448 1387 510 1440 τὸ
558 1387 755 1457 μηκέτι
803 1387 894 1440 τὸν
942 1387 1319 1456 ἀποϐληθέντα
1367 1387 1569 1458 χιτῶνα
1615 1387 1778 1440 πάλιν

183 1479 617 1549 ἀναλαμϐάνειν,
664 1478 778 1532 ἀλλ’
814 1478 1103 1550 ἀρκεῖσθαι
1151 1479 1229 1551 τῷ
1272 1481 1354 1533 ἑνὶ
1383 1479 1590 1549 χιτῶνι,
1634 1477 1778 1534 κατὰ

183 1569 274 1622 τὸν
300 1567 528 1621 δοθέντα
555 1571 668 1631 τοῖς
699 1567 972 1640 μαθηταῖς
1003 1569 1189 1640 νόμον,
1225 1568 1284 1622 δν
1317 1569 1404 1622 διὰ
1438 1573 1537 1640 τῆς
1569 1569 1777 1623 ἄνωθεν

185 1661 498 1730 γεννήσεως
515 1660 966 1714 ἀνακαινισθεῖσα
993 1663 1432 1732 μετημφιάσατο,
1453 1660 1662 1731 βεϐαιοῖ
1679 1659 1774 1714 τοῦ

184 1755 395 1826 Κυρίου
424 1754 516 1808 τὸν
547 1754 724 1824 λόγον,
771 1755 863 1808 τὸν
890 1755 1183 1810 κελεύοντα
1205 1757 1332 1819 τοὺς
1361 1755 1506 1822 ἅπαξ
1533 1755 1612 1827 τῷ
1644 1755 1774 1826 θείῳ

185 1847 568 1918 κοσμηθέντας
588 1847 864 1917 ὲνδύματι,
895 1847 1091 1919 μηκέτι
1121 1847 1516 1902 ἐπενδύσασθαι
1559 1848 1648 1901 τὸν
1674 1849 1774 1919 τῆς

185 1938 464 2010 ἁμαρτίας
491 1939 714 2007 χιτῶνα,
755 1938 890 2009 μηδὲ
930 1938 1023 1991 δύο
1054 1937 1290 2009 χιτῶνας
1324 1937 1490 2008 ἔχειν,
1522 1937 1659 1991 ἀλλὰ
1685 1938 1774 1991 τὸν

185 2033 284 2084 ἱνα
315 2031 500 2101 μόνον,
551 2030 640 2083 ἵνα
669 2030 743 2101 μὴ
773 2029 866 2083 δύο
897 2029 1028 2101 περὶ
1065 2029 1158 2082 τὸν
1187 2029 1350 2083 αὑτὸν
1379 2023 1512 2082 ὦσιν
1536 2030 1585 2082 oi
1605 2028 1778 2099 ἀσύμ-

183 2125 342 2178 ϐατοι
379 2123 517 2194 πρὸς
567 2122 828 2191 ἀλλήλους
859 2123 1105 2194 χιτῶνες.
1156 2121 1254 2185 Τίς
1274 2121 1385 2194 γὰρ
1415 2122 1672 2176 κοινωνία
1699 2120 1778 2191 τῷ

187 2214 456 2284 σκοτεινῷ
479 2214 738 2284 ὲνδύματι
764 2215 901 2282 πρὸς
940 2215 1032 2268 τὸν
1062 2213 1322 2284 φωτοειδῆ
1352 2231 1410 2266 τε
1446 2214 1542 2267 καὶ
1571 2214 1733 2268 ἄῦλον
1759 2231 1774 2279 ;

184 2307 263 2360 Ού
307 2307 469 2377 μόνον
508 2306 565 2358 δὲ
592 2305 752 2359 τοῦτό
776 2323 941 2378 φησιν
969 2307 998 2358 6
1020 2306 1204 2375 νόμος,
1243 2305 1304 2359 τὸ
1341 2305 1415 2375 μὴ
1443 2305 1554 2359 δεῖν
1581 2304 1675 2358 δύο
1693 2324 1766 2376 χι-

183 2398 366 2462 τῶνας
391 2398 558 2468 ἔχειν,
572 2397 706 2450 ἀλλὰ
727 2397 862 2469 μηδὲ
882 2398 1242 2469 ὲπιρῤόιπτειν
1262 2398 1323 2451 τὸ
1345 2397 1529 2451 καινὸν
1549 2396 1778 2466 ὕφασμα

180 2489 264 2560 τῷ
300 2489 519 2559 παλαιῷ
547 2488 746 2560 ίματίῳ
770 2506 784 2520 ·
841 2488 929 2543 ῐνα
962 2489 1036 2560 μὴ
1063 2489 1262 2560 χείρων
1282 2489 1508 2560 γένηται
1539 2491 1572 2560 ἡ
1606 2490 1774 2560 ἀσχηο

185 2582 399 2654 μοσύνη
446 2579 542 2635 τοῦ
573 2580 665 2633 τὸν
693 2580 935 2634 τοιοῦτον
969 2581 1460 2652 περιϐαλλομένου,
1514 2582 1652 2652 μήτε
1685 2581 1776 2634 τοῦ

182 2674 525 2747 ὲρῥαφέντος
571 2673 883 2742 μείναντος,
930 2674 1026 2726 καὶ
1071 2672 1165 2727 τοῦ
1214 2674 1446 2728 παλαιοῦ
1493 2678 1674 2745 χεῖρον
1719 2673 1780 2726 τὸ

188 2768 402 2838 σχίσμα
425 2765 688 2828 παθόντος
709 2766 802 2818 καὶ
822 2765 1276 2836 δυσθεράπευτον.
1301 2767 1454 2837 Λῖρει
1478 2767 1606 2838 γὰρ,
1622 2765 1776 2837 φησὶ,

184 2861 246 2912 τὸ
291 2859 570 2930 πλήρωμα
599 2858 661 2910 τὸ
702 2858 886 2911 καινὸν
917 2858 1012 2911 τοῦ
1051 2857 1306 2923 παλαιοῦ,
1336 2860 1431 2912 καὶ
1456 2861 1635 2930 χεῖρον
1672 2857 1780 2928 σχί-

187 2967 306 3021 σμα.
341 2949 582 3018 γίνεται,
626 2948 703 3012 ὼς
740 2949 1163 3019 δημοσιεύεσθαι
1192 2950 1261 3002 δι’
1302 2947 1466 3002 αὐτοῦ
1509 2949 1578 3002 τὰ
1610 2950 1780 3020 ἀσχή-

188 3058 353 3111 μονα.
408 3042 507 3093 Δια
543 3039 702 3092 τοῦτό
734 3056 921 3109 φησιν·
967 3039 1379 3110 Ἐξεδυσάμην
1413 3040 1520 3094 τὸν
1562 3039 1782 3111 χιτῶνά
1807 3081 1854 3143 c

183 3148 310 3201 μου
333 3170 347 3194 ,
396 3129 524 3195 πῶς
559 3129 887 3199 ἐνδύσομαι
915 3131 1144 3196 αῦτόν;
1193 3131 1290 3194 Τίς
1324 3130 1432 3203 γὰρ
1465 3132 1532 3187 ἂν
1563 3131 1774 3201 βλέπων

187 3223 327 3294 περὶ
354 3222 547 3275 ἑαυτὸν
576 3221 666 3275 τὸν
690 3221 927 3292 ἡλιοειδῆ
955 3221 1050 3275 τοῦ
1080 3223 1284 3294 Κυρίου
1323 3223 1545 3293 χιτῶνα,
1577 3223 1667 3277 τὸν
1689 3223 1777 3277 διὰ

184 3313 572 3382 καθαρότητος
637 3312 731 3365 καὶ
763 3310 1068 3382 ἀφθαρσίας
1091 3311 1242 3383 αὐτῷ
1270 3313 1641 3383 περιτεθέντα,
1666 3309 1778 3366 οἷον

185 3407 288 3460 ἐπὶ
315 3406 415 3475 τῆς
433 3403 528 3456 τοῦ
544 3403 703 3474 ὅρους
729 3403 1207 3474 μεταμορφώσεως
1236 3404 1457 3472 ἔδειξεν,
1473 3400 1591 3458 εἶτα
1611 3423 1778 3459 κατα-

182 3497 410 3566 δέχεται
433 3495 494 3547 τὸ
513 3495 724 3565 πτωχόν
738 3511 797 3546 τε
822 3493 913 3547 καὶ
939 3494 1180 3564 ρακῶδες
1202 3496 1414 3566 ίμόιτιον
1431 3496 1609 3567 ἐαυτῷ
1623 3513 1778 3567 περι-

184 3585 392 3648 θεῖναι,
438 3584 575 3653 δπερ
605 3585 634 3636 6
666 3581 898 3653 μέθυσος
924 3583 1020 3636 καὶ
1062 3584 1092 3635 6
1122 3585 1456 3655 πορνοκόπος
1476 3625 1490 3650 ν
1534 3585 1716 3649 καθὼς
1745 3589 1778 3658 ἡ

181 3676 472 3747 παροιμία
501 3674 658 3746 φησὶ,
679 3673 1098 3746 περιϐάλλεται;
1138 3675 1297 3729 Ἀλλὰ
1318 3676 1440 3728 οὐδὲ
1459 3679 1586 3741 τοὺς
1615 3678 1778 3741 πόδας

182 3767 466 3837 νιψαμένη
487 3805 503 3828 ,
548 3765 711 3818 πάλιν
743 3767 810 3836 τῇ
842 3765 998 3835 βάσει
1025 3765 1118 3818 τδν
1153 3767 1217 3819 ἐκ
1237 3765 1340 3836 τῆς
1371 3768 1474 3836 γῆς
1505 3767 1779 3838 μολυσμὸν

181 3877 262 3912 πα
272 3859 571 3930 ραδέχεται
580 3897 594 3912 .

270 3949 618 4018 Ἐνιψάμην
650 3950 786 4019 γὰρ,
835 3950 998 4019 φησι,
1048 3950 1189 4016 τοὺς
1227 3949 1419 4016 πόδας
1457 3969 1612 4021 μου,
1657 3951 1782 4017 πῶς

173 4044 309 4110 μολ
321 4037 448 4094 vch
490 4041 753 4105 αὺτούς-ς
806 4041 940 4094 Οὐδὲ
968 4040 1078 4110 γὰρ
1107 4040 1348 4110 Μωῦσῆς
1378 4039 1457 4109 τῷ
1494 4039 1622 4110 θείῳ
1647 4057 1780 4113 προ-

182 4135 480 4201 στάγματι
507 4131 608 4201 τῆς
639 4132 836 4201 νεκρᾶς
859 4131 969 4185 τῶν
995 4132 1280 4202 δερμάτων
1313 4130 1606 4202 περιϐολῆς
1632 4131 1784 4186 ἐλευ-

176 4225 450 4298 θερώσας
476 4224 604 4288 τοὺς
641 4224 828 4290 πόδας,
873 4226 963 4278 ὅτε
1001 4225 1100 4294 τῆς
1141 4223 1302 4294 ἁγίας
1328 4241 1388 4278 τε
1403 4225 1509 4278 καὶ
1546 4242 1783 4295 πεφωτι-

176 4322 409 4391 σμὲνης
432 4317 688 4373 ἐπέϐαινε
707 4318 830 4389 γῆς,
860 4318 1022 4373 πάλιν
1047 4319 1334 4391 ἱστορεῖται
1362 4319 1632 4374 διαλαϐὼν
1658 4321 1784 4385 τοὺς

1878 470 1970 538 qui
2009 471 2164 524 verbi.
2190 471 2406 525 lavacro
2436 477 2565 526 sunt
2585 471 2826 526 abluturi
2869 474 3060 530 sordes
3095 476 3293 544 pedum
3331 478 3450 532 ani-

1880 576 2000 616 mae.
2053 561 2234 617 Veteri
2270 577 2402 633 ergo
2445 569 2612 617 exuto
2662 562 2906 628 homine,
2947 574 3002 620 et
3033 567 3215 621 ablato
3265 566 3446 623 cordis

1880 654 2184 722 involucro,
2255 657 2430 713 Verbo
2508 656 2721 724 aperuit
2769 655 2999 722 aditum,
3039 674 3202 727 quem
3233 661 3450 730 ingres~

1879 759 2001 799 sum
2050 747 2431 802 indumentum
2479 747 2584 804 sibi
2640 746 2772 802 facit
2818 748 3020 813 anima,
3062 752 3452 806 convenienter

1879 838 2210 906 expositioni
2239 839 2507 907 Apostoli,
2539 839 2632 908 qui
2652 838 2809 908 jubet
2839 848 3006 893 exuto
3041 841 3316 909 corporali
3355 857 3452 896 ve-

1881 930 2015 982 teris
2056 929 2294 984 hominis
2325 928 2665 994 indumento,
2691 929 2921 985 induere
2945 946 3140 986 novam
3186 933 3449 996 tunicam,

1880 1032 2004 1086 quae
2051 1019 2354 1073 secundum
2391 1018 2562 1074 Deum
2613 1027 2698 1076 est
2736 1029 2924 1076 creata
2957 1023 3010 1076 in
3055 1025 3349 1080 sanctitate
3397 1034 3453 1082 et

1875 1109 2184 1179 justitia".
2232 1110 2420 1166 Jesum
2468 1122 2650 1167 autem
2689 1112 2825 1168 dicit
2879 1115 3259 1170 indumentum
3304 1133 3447 1173 esse.

1882 1199 2112 1270 Sponsae
2158 1211 2337 1257 autem
2387 1203 2681 1274 professio,
2726 1205 2872 1275 quod
2924 1222 3087 1276 quam
3147 1209 3298 1263 exuit
3342 1225 3450 1264 non

1880 1294 1952 1348 sit
1981 1309 2176 1349 rursus
2211 1306 2502 1366 acceptura
2534 1299 2800 1362 tunicam,
2821 1297 2917 1353 sed
2951 1308 3208 1354 contenta
3239 1302 3311 1355 sit
3343 1317 3451 1355 una

1879 1384 2086 1447 tunica,
2111 1394 2478 1456 congruenter
2500 1387 2602 1458 legi
2634 1386 2776 1441 datm
2806 1387 3124 1458 discipulis,
3167 1406 3331 1459 quam
3358 1406 3454 1460 per

1877 1478 2346 1547 regenerationem
2396 1487 2656 1534 renovata
2691 1479 2869 1533 induit
2915 1481 3118 1545 anima,
3162 1481 3453 1536 confirmat

1877 1571 2267 1625 convenienter
2285 1571 2333 1625 ei
2360 1571 2502 1640 quod
2534 1570 2674 1624 dixit
2698 1569 3010 1641 Scriptura,
3054 1586 3164 1626 non
3191 1581 3451 1642 Oporterc

1875 1678 1972 1719 eos
2005 1664 2097 1732 qui
2131 1664 2299 1718 semel
2328 1663 2516 1718 divino
2547 1662 2872 1718 indumento
2903 1674 3034 1719 sunt
3082 1665 3286 1726 ornati,
3321 1678 3452 1733 pec.-

1877 1757 1987 1811 cati
2022 1757 2262 1810 tunicam
2308 1757 2557 1820 induere,
2617 1771 2718 1811 nec
2755 1755 2895 1812 duas
2949 1756 3152 1812 habere
3207 1759 3446 1820 tunicas,

1877 1851 1969 1905 sed
2007 1865 2170 1904 unam
2194 1850 2364 1906 Solam
2387 1849 2783 1921 (innocentiae),
2830 1865 2898 1905 ne
2942 1849 3080 1905 duas
3140 1850 3449 1905 contrarias

1877 1942 2020 1995 inter
2053 1956 2111 1996 se
2139 1942 2370 1996 invicem
2399 1940 2730 2010 conjunctas
2762 1941 3002 1995 habeant
3045 1942 3280 1996 tunicas.
3310 1942 3447 2006 Quae

1877 2040 1963 2087 est
1991 2035 2138 2086 enim
2159 2033 2398 2088 societas
2423 2033 2673 2087 obscurae
2692 2040 2746 2087 et
2773 2033 3077 2087 tenebrosa:
3105 2035 3306 2088 tunicae
3326 2049 3449 2088 cum

1880 2123 2150 2178 luminosa
2181 2129 2236 2177 et
2271 2131 2494 2192 experte
2532 2123 2818 2178 materiae?
2873 2121 2991 2178 Non
3027 2123 3204 2176 solum
3263 2133 3446 2178 autem

1879 2213 1962 2268 lex
1993 2213 2097 2268 hoc
2129 2213 2305 2283 jubet,
2332 2227 2443 2268 non
2471 2220 2727 2282 oportere
2749 2213 2952 2268 habere
2981 2213 3120 2269 duas
3141 2214 3359 2269 tunicas
3382 2215 3449 2275 ”,

1879 2303 1975 2361 sed
2006 2320 2106 2360 nec
2126 2319 2326 2359 novum
2347 2319 2589 2376 pannum
2609 2306 2780 2359 veteri
2800 2305 3136 2360 vestimento
3156 2305 3453 2370 assuere".

1878 2413 1949 2452 ne
1980 2397 2100 2467 ejus
2129 2399 2221 2467 qui
2254 2397 2357 2452 hoc
2388 2397 2565 2452 induit
2597 2398 2770 2466 major
2797 2397 2868 2453 sit
2886 2398 3211 2452 deformitas
3245 2412 3308 2452 ac
3336 2406 3447 2451 tur-

1881 2487 2092 2557 pitudo,
2127 2503 2252 2542 cum
2289 2502 2465 2556 neque
2498 2497 2718 2542 maneat
2764 2486 2819 2540 id
2849 2488 2997 2558 quod
3042 2496 3126 2542 cst
3176 2499 3449 2550 assutum,

1880 2594 1934 2638 et
1958 2583 2160 2638 veteris
2197 2583 2268 2638 sit
2302 2583 2547 2637 scissura
2587 2581 2853 2647 deterior,
2916 2596 3018 2636 nec
3066 2582 3228 2636 facile
3275 2584 3451 2651 possit

1880 2673 2180 2729 remedium
2218 2671 2486 2727 adhiberi.
2520 2669 2685 2725 Tollit
2715 2671 2885 2736 enim,
2923 2672 3127 2741 inquit,
3168 2673 3452 2743 plenitudo

1881 2781 2079 2820 novum
2104 2780 2133 2818 a
2173 2771 2354 2819 vetere
2387 2763 2738 2827 vestimento,
2794 2771 2850 2818 et
2891 2763 3047 2833 pejor
3082 2764 3324 2818 scissura
3375 2768 3452 2824 lit,

1884 2857 2020 2912 adeo
2063 2863 2122 2910 ut
2173 2872 2271 2927 per
2323 2870 2467 2918 eam,
2503 2870 2624 2924 quae
2662 2855 2843 2924 turpia
2891 2863 3021 2909 sunt
3078 2853 3452 2924 propalentur.

1884 2949 2148 3019 Proptera
2179 2948 2314 3002 dicit
2349 2965 2362 3000 :
2406 2946 2544 3000 Επιιὶ
2579 2947 2812 2999 tunicam
2857 2961 3048 3010 meam,
3087 2945 3351 3014 quomodo
3382 2945 3460 2996 in-

1884 3040 2046 3094 duam
2081 3039 2287 3094 eam“?
2316 3037 2453 3104 Quis
2483 3037 2628 3092 enim
2657 3051 2779 3091 cum
2799 3037 2881 3091 vel
2901 3038 3018 3107 ipso
3040 3037 3154 3091 sole
3171 3036 3455 3091 clariorem

1886 3129 2102 3184 Domini
2135 3129 2412 3199 aspexerit
2453 3128 2722 3190 tunicam,
2768 3135 3082 3182 contextam
3118 3140 3216 3195 per
3249 3126 3460 3195 purita-

1885 3229 1993 3277 tem
2026 3229 2082 3276 et
2126 3220 2621 3290 incorruptionem,
2665 3220 2880 3290 qualem
2915 3219 3157 3274 ostendit
3191 3218 3247 3272 in
3279 3226 3461 3272 trans-

1887 3300 2210 3384 figuratione
2245 3311 2300 3365 in
2335 3320 2537 3376 monte,
2584 3311 2960 3366 mendicorum
2997 3319 3204 3366 vestem
3253 3325 3462 3381 panno-

1886 3420 2002 3460 sam
2043 3404 2297 3458 lubenter
2326 3403 2586 3468 induerit,
2614 3402 2922 3472 cujusmodi
2959 3410 3042 3458 est
3075 3403 3211 3457 ebrii
3239 3410 3293 3455 et
3344 3401 3463 3456 for-

1885 3497 2176 3559 nicatoris,
2204 3495 2347 3549 sicut
2385 3495 2517 3548 dicit
2537 3493 2928 3562 proverbium?
2955 3491 3061 3548 Sed
3095 3508 3275 3563 neque
3296 3501 3451 3562 post-

1885 3603 2048 3660 quam
2086 3585 2252 3657 pedes
2286 3585 2435 3650 lavit,
2470 3599 2664 3640 rursus
2690 3600 2754 3639 ex
2797 3584 3018 3640 incessu
3047 3593 3295 3638 terrenas
3335 3598 3460 3640 sor-

1888 3680 1985 3737 des
2014 3679 2272 3734 admittit.

1964 3953 2277 4017 Latvienim,
2323 3951 2520 4020 inquit,
2560 3951 2714 4020 pedes
2763 3965 2930 4013 meos,
2975 3959 3239 4020 quomodo
3284 3948 3462 4018 inqui-

1889 4047 2026 4102 nabo
2051 4062 2137 4100 eos
2163 4047 2187 4097 ?
2217 4043 2406 4113 Neque
2439 4042 2583 4098 enim
2626 4041 2807 4098 Moses
2836 4057 2960 4097 cum
2993 4042 3151 4112 jussu
3178 4041 3361 4096 divino
3400 4042 3464 4096 li-

1888 4139 2135 4194 berasset
2155 4133 2318 4205 pedes
2337 4147 2367 4187 a
2397 4140 2616 4186 mortuo
2635 4130 2855 4202 pellium
2880 4131 3218 4196 indumento,
3242 4132 3462 4202 quando

1891 4238 2091 4285 terram
2125 4225 2370 4281 ascendit
2393 4234 2642 4280 sanctam
2675 4231 2731 4276 et
2765 4222 3151 4289 illuminatam,
3204 4231 3462 4276 narratur

1891 4339 2085 4380 rursus
2127 4320 2290 4391 pedes
2322 4318 2569 4373 induisse
2621 4317 2823 4372 calceis
2853 4332 2872 4370 :
2896 4331 3073 4386 neque
3113 4315 3332 4386 quando
3373 4333 3463 4371 ve-

177 4413 373 4473 πόδας
404 4413 518 4474 τοῖς
544 4411 906 4481 ὑποδήμασιν,
928 4411 1016 4465 ὅτε
1043 4411 1137 4465 καὶ
1161 4410 1260 4484 τὴν
1284 4413 1562 4485 ἱερατικὴν
1584 4413 1779 4484 ἐσθῆτα

1891 4425 2029 4472 stem
2051 4411 2852 4480 sacerdotalem,congruenter
2881 4409 3067 4478 ﬁgura:
3093 4424 3217 4478 quae
3240 4416 3461 4463 ostensa

173 4505 347 4560 κατὰ
383 4503 478 4556 τδν
505 4502 674 4556 τύπον
697 4502 792 4558 τὸν
823 4505 881 4557 ἐν
917 4503 994 4574 τῷ
1016 4503 1135 4577 ὄρει
1165 4503 1444 4575 δειχθέντα
1473 4505 1791 4577 φιλοτεχνή-

175 4612 321 4660 σας,
363 4593 570 4666 χρυσοῦ
602 4593 697 4646 καὶ
746 4593 1052 4665 πορφύρας,
1087 4594 1182 4648 καὶ
1211 4594 1430 4664 βύσσου,
1476 4597 1571 4650 καὶ
1601 4597 1785 4650 ὑακίν-

170 4687 312 4748 θου,
357 4685 453 4737 καὶ
494 4683 696 4736 κόκκου
730 4683 826 4747 τὰς
870 4682 1044 4751 αὐγὰς
1076 4685 1425 4755 συγκεράσας
1462 4686 1518 4738 ὲν
1543 4684 1620 4756 τῷ
1651 4687 1791 4754 ὑφά-

1889 4503 1992 4558 fuit
2025 4502 2080 4555 in
2117 4507 2320 4563 monte,
2344 4495 2548 4552 alfabre
2586 4505 2671 4551 est
2713 4495 3032 4564 fabricatus,
3087 4499 3205 4552 auri
3251 4508 3303 4553 et
3335 4513 3465 4568 pur-

1888 4609 2057 4666 purae,
2108 4601 2161 4646 et
2194 4589 2369 4660 byssi,
2421 4597 2472 4643 et
2506 4588 2814 4660 hyacinthi,
2860 4598 2915 4643 et
2965 4590 3118 4643 cocci
3159 4592 3212 4643 in
3248 4597 3462 4645 textura

1887 4682 2311 4754 contemperatis
2341 4681 2750 4752 splendoribus.
2785 4689 2846 4735 ut
2870 4680 3170 4751 refulgerct
3221 4683 3461 4752 pulchrio

1889 4777 2022 4830 tudo
2047 4773 2334 4829 commista
2395 4788 2458 4827 ex
2505 4771 2786 4837 omnibus,
2840 4771 3012 4826 ullum
3075 4781 3461 4828 ornamentum

172 4794 396 4847 σματι,
428 4774 572 4827 ὥστε
613 4773 916 4844 σύμμικτον
945 4775 1009 4828 ὲκ
1039 4776 1256 4829 πάντων
1280 4776 1694 4846 ἀπαστράπτειν
1730 4776 1792 4829 τὸ

165 4870 425 4927 κάλλος,
463 4866 656 4920 οὐδένα
679 4870 792 4930 τοῖς
821 4867 948 4921 ποσὶ
984 4868 1184 4938 κόσμον
1227 4869 1644 4939 ἑπετεχνήσατο,
1670 4868 1788 4922 ἀλλ’

161 4959 245 5033 ἧν
285 4959 689 5030 καλλωπισμὸς
711 4959 806 5012 τοῦ
833 4961 1106 5031 ἱερατικοῦ
1137 4961 1297 5024 ποδὸς
1327 4961 1387 5014 τὸ
1417 4962 1620 5032 γυμνὸν
1650 4958 1787 5016 εἶναι

162 5057 388 5122 πάσης
420 5051 736 5121 περιϐολῆς,
771 5053 864 5105 καὶ
892 5051 1192 5123 ἐλεύθερον.
1231 5053 1350 5123 Χρὴ
1377 5053 1487 5124 γὰρ
1513 5054 1604 5106 τὸν
1637 5055 1787 5124 ἱερέα

159 5146 426 5205 πάντως
449 5143 543 5195 ἐπὶ
559 5143 659 5212 τῆς
682 5142 845 5211 ἁγίας
866 5141 1152 5212 βεϐηκέναι
1173 5142 1296 5212 γῆς,
1321 5139 1386 5214 ἧς
1417 5144 1552 5213 μετὰ
1580 5144 1789 5206 νεκρῶν

153 5235 495 5307 δερμάτων
527 5233 872 5287 ἐπιϐατεύειν
905 5235 967 5287 ού
997 5234 1173 5304 θέμις.
1225 5234 1322 5288 Διὰ
1355 5237 1510 5289 τοῦτο
1549 5237 1642 5289 καὶ
1678 5239 1788 5300 τοῖς

158 5329 483 5398 μαθηταῖς
511 5327 540 5378 6
574 5325 774 5395 Κύριος
799 5325 1133 5394 ἀπαγορεύει
1169 5324 1237 5378 τὰ
1266 5325 1606 5395 ὑποδήματα,
1638 5327 1788 5379 ὲπει-

147 5423 226 5477 δὴ
275 5415 521 5469 κελεύει
537 5415 732 5479 αὐτοὺς
757 5417 836 5479 είς
859 5415 1028 5470 ὲθνῶν
1046 5416 1162 5469 ὁδὸν
1193 5417 1266 5489 μὴ
1292 5416 1787 5490 πορεύεοθαι,ἀλλὰ

147 5514 261 5566 διὰ
307 5509 423 5578 ’τῆς
457 5509 621 5577 ἁγίας
647 5507 766 5562 ὁδοῦ
795 5509 1062 5578 προϊέναι.
1103 5507 1216 5561 Ούκ
1242 5510 1454 5576 ἀγνοεῖς
1474 5507 1531 5562 δὲ
1573 5509 1791 5572 πάντως

1891 4869 2190 4923 fabricatus
2217 4873 2302 4919 est
2341 4865 2590 4934 pedibus,
2639 4862 2734 4920 sed
2779 4863 3140 4919 sacerdotalis
3167 4867 3321 4934 pedis
3348 4873 3466 4920 erat

1889 4968 2266 5015 ornamentum
2290 4973 2411 5013 esse
2442 4956 2648 5011 nudum
2677 4966 2732 5012 et
2763 4957 2995 5012 liberum
3027 4959 3095 5012 ab
3127 4959 3277 5012 omni
3313 4959 3465 5012 indu-

1891 5060 2094 5107 mento.
2135 5050 2360 5118 Oportet
2400 5051 2546 5104 enim
2599 5049 2939 5105 sacerdotem
2986 5065 3203 5120 semper
3257 5051 3461 5120 ingredi

1896 5156 2062 5212 super
2111 5149 2315 5196 terram
2375 5147 2646 5206 sanctam,
2704 5156 2871 5212 super
2910 5156 3076 5212 quam
3121 5156 3229 5194 non
3266 5139 3348 5195 fas
3381 5149 3465 5194 est

1891 5233 2100 5304 ingredi
2134 5249 2257 5287 cum
2317 5234 2554 5302 pellibus
2613 5238 2864 5291 mortuis.
2932 5235 2995 5288 Et
3035 5235 3157 5288 ideo
3203 5235 3464 5290 Dominus

1895 5341 2113 5397 quoque
2159 5326 2444 5395 discipulis
2483 5327 2764 5382 interdicit
2813 5327 3034 5391 calceis.
3093 5327 3312 5396 quando
3369 5341 3464 5381 eos

1893 5419 2047 5488 jubet
2075 5433 2183 5474 non
2224 5418 2302 5473 ire
2332 5419 2384 5472 in
2409 5420 2552 5472 viam
2586 5420 2852 5489 gentium,
2889 5419 2983 5474 sed
3024 5436 3121 5489 per
3157 5421 3295 5473 viam
3335 5433 3462 5473 san-

1895 5519 2038 5565 ctam
2067 5509 2401 5564 incedere".
2438 5509 2692 5563 Sanctam
2732 5517 2911 5565 autem
2949 5511 3090 5565 viam
3133 5512 3355 5564 omnino
3379 5509 3461 5563 in-

262 5690 324 5724 "
370 5683 572 5753 Ephes.
603 5703 674 5753 tv,
705 5687 795 5742 ει.
865 5688 907 5720 ³⁹
936 5687 1126 5743 Matth.
1173 5704 1226 5754 x,
1259 5687 1345 5742 10.
1412 5687 1457 5719 ⁸⁸
1488 5686 1649 5741 Marc.
1684 5703 1742 5753 ll,
1776 5687 1864 5739 2|.
1938 5687 1977 5716 “
2023 5683 2210 5737 Matth.
2239 5699 2368 5747 xvn,
2397 5683 2446 5736 2.
2512 5683 2553 5713 δ’
2586 5682 2773 5735 Matth.
2809 5699 2858 5749 x,
2889 5689 2949 5745 ὅ,
2981 5681 3032 5736 6.
