3948 6192
573 269 706 325 I007

1833 268 1890 326 S.
1931 265 2253 324 GBEGORII
2287 265 2568 327 NYSSENI

3620 289 3724 350 μοι

569 392 787 460 telllgis.
813 403 906 458 per
929 401 1091 456 quam
1131 384 1394 455 iubentur
1441 398 1662 438 currere
1713 383 1992 454 discipuli,
2049 399 2121 452 qu

2247 381 2343 453 τὴν
2377 384 2535 451 ἁγίαν
2582 384 2718 445 ὁδὸν,
2759 385 2825 437 δι’
2868 377 2935 454 ἦς
2969 385 3018 436 oi
3054 382 3288 454 μαθηταὶ
3315 385 3501 460 τρέχειν
3535 397 3728 453 κελεῦον.

569 478 807 533 didicisti
860 478 928 532 a-b
957 493 1022 533 eo
1057 475 1147 546 qui
1197 475 1332 530 dixit
1369 494 1382 530 :
1415 473 1526 546 Ego
1568 491 1684 529 sum
1731 475 1822 528 via
1861 475 1942 539 “,
1983 491 2144 545 quam

568 585 678 624 non
710 569 834 623 licet
891 574 1117 636 tangere
1154 558 1424 634 eumqui
1483 564 1721 619 hominis
1772 565 1973 618 mortui
2035 580 2142 619 non

569 660 735 715 solvit
771 658 1174 713 indumentum.
1205 655 1342 721 Quia
1383 654 1549 726 igitur
1567 654 1708 709 hanc
1727 655 1870 708 viam
1893 655 2138 726 ingressa

567 760 653 806 est
682 764 903 820 sponsa,
937 749 989 802 in
1016 763 1123 819 qua
1160 747 1577 801 ambulantibus
1631 745 1799 817 pedes
1845 761 1986 816 aqua
2037 745 2144 800 Dor-

571 841 753 896 minus
784 839 978 903 abluit,
1033 847 1088 893 et
1132 839 1368 908 extergit
1419 839 1607 901 linteo,
1667 852 1776 908 quo
1812 839 2026 892 cinctus
2059 824 2157 892 est'

571 931 676 1001 (est
706 940 885 985 autem
917 929 1139 983 omnino
1169 926 1378 981 Domini
1414 927 1721 998 cingulum,
1774 929 1857 983 vis
1889 927 2138 997 quaedam

568 1023 867 1096 puriﬁcans
907 1036 937 1076 a
973 1021 1249 1092 peccatis;
1307 1021 1388 1076 sic
1435 1021 1579 1076 enim
1609 1020 1990 1091 prazscriptum
2021 1029 2128 1085 est,

568 1115 828 1170 Dominus
869 1114 1112 1168 virtutem
1163 1111 1334 1166 induit
1383 1127 1544 1183 eaque
1576 1128 1630 1166 se
1674 1112 2012 1183 pra’cinxit):
2056 1112 2138 1166 id-

568 1206 718 1261 circo
756 1204 920 1276 pedes
958 1204 1163 1268 abluta,
1224 1210 1395 1259 semet
1435 1203 1489 1256 in
1532 1204 1621 1257 via
1673 1203 1821 1274 regia
1866 1202 2132 1266 custodit,

568 1314 744 1366 neque
801 1298 869 1352 ad
920 1297 1220 1360 dexteram,
1268 1311 1444 1367 neque
1493 1296 1559 1350 ad
1603 1296 1789 1350 laevam
1819 1293 2134 1360 deﬂectens,

566 1405 635 1444 ne
657 1391 974 1444 alterutram
1031 1387 1100 1443 ad
1133 1395 1340 1457 partem
1388 1387 1724 1451 exorbitans,
1770 1387 1884 1440 luto
1946 1385 2135 1454 pedem

573 1478 1029 1551 suum'inquiuet.
1068 1477 1330 1548 lntelligis
1365 1487 1550 1534 autem
1598 1476 1728 1547 quid
1757 1491 1854 1546 per
1896 1475 2011 1529 hate
2063 1475 2139 1529 si-

563 1571 872 1642 gnificetur,
905 1569 1164 1624 nimirum
1196 1569 1434 1623 animam
1469 1583 1591 1640 quae
1624 1568 1791 1622 semel
1824 1582 1920 1636 per
1953 1566 2137 1636 bapti-

564 1679 743 1720 smum
801 1664 1015 1719 calceos
1070 1662 1316 1724 solverit,
1352 1661 1478 1733 (est
1521 1661 1668 1717 enim
1700 1661 1806 1716 hoc
1847 1660 2138 1715 mersantis

2249 491 2359 536 ται,
2391 472 2578 544 μαθὼν
2625 474 2776 547 παρὰ
2807 474 2902 527 τοῦ
2932 474 3205 538 εἰπόντος·
3247 478 3378 548 Ἐγώ
3399 485 3501 552 ειμι
3539 488 3572 553 ἠ
3601 492 3728 558 ὁδὸς,

2243 560 2309 636 ἦς
2336 566 2434 618 οὐκ
2475 565 2622 618 ἐστιν
2651 564 2891 634 ἅψασθαι
2921 566 3012 618 τὸν
3043 565 3124 636 μὴ
3155 568 3522 641 ύπολυσάμενον
3545 579 3626 650 τὴν
3656 583 3728 637 τοῦ

2243 655 2438 727 νεκροῦ
2463 655 2749 726 ἀνθρώπου
2777 657 3090 728 πῳιὸολήν.
3117 658 3266 711 Ἐπεὶ
3290 658 3374 714 οὖν
3405 665 3456 716 ὲν
3480 667 3625 740 ταύτῃ
3645 675 3728 740 ivi.

2241 763 2362 799 νετο
2409 750 2475 818 τῇ
2531 748 2634 818 ὁδῷ
2663 751 2696 818 ἠ
2726 748 2935 820 νύμφη,
2985 751 3042 801 ὲν
3135 750 3242 802 τῶν
3282 751 3344 804 δι’
3371 755 3521 820 αὐτῆς
3551 777 3730 830 napum.

2239 837 2471 890 τούντων
2506 841 2534 892 ό
2566 837 2766 910 Κύριος
2807 841 2983 892 νίπτει
3031 841 3157 902 τοὺς
3201 841 3357 905 πόδας
3389 844 3458 912 τῷ
3488 845 3633 915 ὕδατι,
3658 855 3729 905 καὶ.

2241 930 2507 1000 ὲκμάσσει
2551 930 2629 1000 τῷ
2659 930 2852 1002 λεντίῳ
2893 923 2938 997 ᾧ
2961 930 3279 995 διεζώσατο·
3336 933 3538 1005 δύναμις
3569 939 3615 992 δέ
3646 942 3733 995 ἐστι

2240 1021 2545 1092 καθαρτικὴ
2571 1020 2674 1074 τῶν
2719 1022 3002 1093 ἁμαρτιῶν
3043 1022 3103 1075 τὸ
3132 1022 3224 1076 τοῦ
3256 1025 3445 1094 Κυρίου
3479 1027 3732 1100 διάζωσμαο

2254 1113 2615 1167 Ἐνεδύσιιτο
2649 1113 2778 1185 γὰρ,
2807 1115 2960 1184 φησὶ,
2991 1115 3205 1182 Κύριος
3243 1115 3502 1185 δύναμιν,
3525 1120 3607 1171 καὶ
3625 1137 3742 1190 περι-

2239 1202 2493 1264 εζώσατο
2520 1220 2532 1235 ⁸
2573 1205 2662 1257 διὰ
2691 1205 2850 1258 τοῦτο
2882 1206 3217 1276 καθαρθεῖσαι
3247 1209 3367 1271 τοὺς
3395 1209 3546 1272 πόδας
3571 1212 3646 1264 ἐπὶ
3665 1215 3741 1283 τῆς

2239 1293 2358 1346 ὁδοῦ
2389 1294 2488 1363 τῆς
2515 1294 2821 1364 βασιλικῆς,
2848 1295 3046 1365 ἑαυτὴν
3070 1296 3350 1363 φυλάσσει,
3371 1299 3466 1350 οὐκ
3483 1300 3748 1357 ἐκκλίνουσα

2239 1386 2318 1446 είς
2349 1383 2518 1448 δεξιὰ,
2550 1384 2582 1454 ἤ
2614 1387 2692 1448 είς
2717 1386 2982 1456 ἀριστερά
3007 1403 3021 1418 ο
3070 1388 3154 1440 ἵνα
3183 1387 3258 1457 μὴ
3281 1378 3396 1441 καθ’
3422 1390 3648 1459 ἑκάτερον
3666 1392 3746 1457 ἔξω

2239 1474 2338 1543 τῆς
2369 1475 2485 1528 ὁδοῦ
2532 1477 2948 1548 παρενεγκοῦσα
2989 1478 3049 1530 τὸ
3092 1478 3261 1546 ἴχνος,
3318 1480 3506 1550 μολύνῃ
3533 1482 3602 1551 τῷ
3629 1483 3750 1552 πηλῷ

2239 1565 2330 1618 τὸν
2357 1565 2510 1620 πόδα.
2547 1567 2705 1630 Νοείς
2724 1567 2781 1620 δὲ
2812 1567 3026 1632 πάντως
3059 1569 3120 1620 τὸ
3138 1568 3229 1620 διὰ
3255 1569 3358 1623 τῶν
3381 1572 3654 1642 εἰρημένων
3680 1573 3754 1642 δη-

2239 1656 2517 1726 λούμενον,
2543 1658 2624 1710 ὅτι
2650 1660 2681 1728 ή
2709 1658 2852 1723 ἅπαξ
2887 1659 2973 1712 διὰ
2999 1659 3093 1712 τοῦ
3131 1659 3501 1731 βαπτίσματος
3533 1662 3754 1715 ὑπολύσα-

563 1772 683 1812 sese
733 1758 1036 1828 proprium,
1097 1764 1156 1810 ut
1214 1757 1523 1811 calceorum
1581 1755 1849 1825 corrigias
1901 1754 2123 1808 solvat:

2241 1747 2374 1819 μένη
2391 1748 2460 1801 τὰ
2488 1749 2807 1820 ὑποδήματα
2833 1767 2845 1780 ο
2875 1749 3006 1805 ἴδιον
3031 1751 3137 1821 γὰρ
3155 1750 3251 1804 τοῦ
3279 1751 3607 1820 βαπτίζοντος
3631 1754 3755 1826 ἔργον

561 1847 1018 1917 quemadmodum
1069 1844 1310 1902 Joannes
1356 1845 1786 1916 protestabatur,
1844 1858 1950 1899 non
1974 1856 2135 1911 posse

562 1953 622 1993 se
650 1938 753 1993 hoc
789 1939 843 1992 in
874 1939 992 1994 solo
1031 1936 1260 1991 Domino
1311 1935 1512 1993 facere.
1563 1935 1698 1989 Nam
1741 1935 1833 2005 qui
1880 1934 2133 1988 solvisset

559 2029 680 2098 ejus
714 2029 1033 2098 corrigiam,
1070 2029 1161 2097 qui
1196 2042 1428 2097 prorsus
1450 2042 1480 2080 a
1505 2027 1736 2096 corrigia
1768 2025 1976 2094 peccati
1996 2039 2130 2078 con-

559 2118 786 2173 strictus
817 2132 926 2171 non
949 2117 1306 2186 tenebatur?)
1343 2132 1459 2171 eam
1486 2116 1651 2186 igitur
1676 2115 1916 2171 abluisse
1941 2115 2126 2186 pedes,

557 2217 609 2264 et
636 2225 741 2264 una
762 2224 884 2263 cum
913 2209 1300 2264 calceamentis
1330 2223 1520 2264 omnes
1550 2216 1796 2263 terrenas
1819 2207 2010 2266 sordes
2027 2207 2126 2262 ab-

554 2302 774 2371 iecisse.
809 2301 994 2369 Itaque
1029 2307 1215 2354 servat
1247 2299 1301 2354 in
1334 2299 1420 2354 via
1455 2308 1627 2355 strata
1661 2299 1826 2370 pedes
1859 2315 1990 2354 suos
2018 2301 2128 2354 im-

557 2394 819 2466 pollutos,
847 2393 988 2447 sicut
1017 2400 1070 2447 ct
1099 2391 1272 2448 David
1303 2391 1558 2456 faciebat,
1592 2407 1718 2447 cum
1758 2392 1941 2446 abluta
1997 2392 2126 2447 illu-

559 2484 642 2538 vie
672 2486 835 2546 omni,
867 2482 1031 2553 pedes
1065 2497 1197 2537 suos
1227 2482 1281 2537 in
1317 2498 1450 2538 saxo
1477 2483 1794 2548 collocaret,
1831 2493 1995 2554 atque
2032 2485 2125 2539 his

554 2569 738 2626 verbis
769 2577 1052 2626 uteretur:
1088 2569 1316 2624 Reduxit
1365 2576 1446 2624 me
1478 2569 1542 2624 de
1569 2571 1687 2624 lacu
1737 2571 1987 2634 miserias.
2035 2572 2125 2626 de-

551 2679 649 2733 que
673 2663 852 2716 illuvie
879 2678 1110 2724 cmnosa,
1140 2670 1188 2714 et
1218 2660 1371 2731 pedes
1409 2679 1550 2715 meos
1569 2672 1740 2732 supra
1783 2672 1988 2730 petram
2011 2673 2120 2718 sta-

553 2755 674 2816 tuit.
701 2770 1010 2824 gressusque
1052 2769 1193 2806 meos
1229 2752 1504 2807 direxit“.
1545 2753 1647 2808 Per
1695 2761 1904 2824 petram
1942 2765 2122 2810 autem

551 2847 693 2901 hanc
725 2847 1014 2901 Dominum
1047 2847 1227 2916 ipsum
1261 2845 1638 2914 intelligimus,
1685 2845 1781 2914 qui
1819 2853 1873 2900 et
1910 2845 2000 2899 lux
2034 2853 2119 2901 est

549 2946 604 2993 et
639 2939 864 3003 veritas,
893 2948 948 2993 et
981 2937 1392 3003 immortalitas,
1415 2943 1470 2990 et
1491 2937 1708 3006 justitia
1749 2955 1762 2991 :
1799 2937 2003 3006 quibus
2030 2952 2119 2992 re-

2237 1840 2297 1893 τὸ
2323 1840 2470 1893 λύειν
2489 1841 2613 1904 τοὺς
2645 1841 2873 1912 ἱμάντας
2899 1842 3007 1895 τῶν
3032 1843 3421 1912 ὑποδημάτων.
3443 1844 3757 1907 καθὼςΊωάν·

2235 1949 2332 2002 νης
2363 1932 2782 2004 διεμαρτύρατο,
2823 1934 2897 2004 μὴ
2914 1932 3175 1987 δύνασθαι
3213 1933 3372 1987 τοῦτο
3401 1938 3491 1988 ἐπὶ
3520 1938 3662 2005 μόνου
3687 1937 3758 1990 τοῦ

2235 2023 2441 2094 Κυρίου
2487 2025 2743 2094 ποιῆσαι·
2795 2025 2909 2087 πῶς
2950 2025 3058 2095 γὰρ
3097 2025 3163 2079 ἂν
3216 2025 3374 2078 ἔλυσε
3417 2026 3491 2096 τῷ
3536 2028 3654 2098 μηδὲ
3684 2029 3756 2096 τὴν

2231 2111 2406 2183 ἀρχὴν
2447 2111 2523 2182 τῷ
2568 2112 2748 2182 ἱμάντι
2790 2113 2887 2184 τῆς
2928 2113 3207 2183 ἁμαρτίας
3249 2113 3600 2184 ὲνδεδεμένῳ;
3645 2113 3762 2181 Δῦτη

2229 2203 2357 2267 τοὺς
2383 2203 2549 2267 πόδας
2581 2204 2822 2273 ἐνίψατο,
2871 2204 3046 2258 πάντα
3075 2206 3272 2274 γήϊνον
3309 2204 3477 2274 ῥύπον
3508 2204 3764 2259 συναποόαο

2229 2294 2393 2348 λοῦσα
2429 2298 2540 2360 τοῖς
2567 2297 2902 2367 ὑποδήμασιο
2954 2296 3225 2365 φυλάσσει
3257 2298 3438 2351 τοίνυν
3474 2298 3560 2349 ἐπὶ
3581 2298 3666 2367 τῆς
3691 2313 3769 2348 περ

2230 2385 2594 2457 πλακωμένης
2616 2386 2736 2440 ὁδοῦ
2764 2387 2862 2456 τὴν
2895 2386 3051 2457 βάσιν
3078 2388 3415 2458 ἁμόλυντον,
3442 2389 3514 2452 ὡς
3545 2391 3627 2441 καὶ
3649 2389 3673 2438 ὁ
3694 2389 3768 2439 Δα-

2229 2476 2312 2528 διδ
2339 2472 2610 2548 ἐποίησεν,
2645 2478 2736 2530 ὅτε
2779 2476 2870 2530 τοῦ
2909 2476 3081 2546 πηλοῦ
3111 2479 3218 2549 τὴν
3248 2478 3384 2549 ὓλην
3413 2477 3772 2547 ἀπολυσάμενος

2225 2568 2317 2620 ἐπὶ
2338 2567 2437 2639 τῆς
2466 2569 2672 2640 πέτρας
2702 2568 2894 2639 ἔστησε
2926 2571 3048 2633 τοὺς
3073 2569 3282 2623 ἑαυτοῦ
3324 2570 3508 2634 πόδας,
3535 2568 3688 2631 οὕτως
3714 2570 3772 2619 εἰ·

2226 2659 2343 2712 πὼν
2370 2660 2447 2729 τῷ
2476 2659 2645 2730 λόγῳ·
2673 2663 2757 2716 ὃτι
2802 2661 3094 2730 Ἁνήγειρέ
3123 2680 3212 2732 με
3243 2663 3316 2717 ὲκ
3351 2661 3580 2717 λάκκου
3608 2664 3776 2714 ταλαι-

2225 2751 2477 2818 πωρίας,
2503 2753 2600 2805 καὶ
2632 2754 2749 2807 ἀπὸ
2789 2754 2991 2821 πηλοῦ
3032 2755 3246 2821 ἰλύος,
3292 2756 3394 2808 καὶ
3423 2757 3673 2820 ἔστησεν
3697 2752 3774 2803 ἐπί

2225 2843 2448 2911 πέτραν
2474 2845 2615 2911 τοὺς
2635 2845 2826 2912 πόδας
2838 2863 2980 2915 μου,
3005 2847 3102 2900 καὶ
3142 2849 3490 2902 uarat-(tvvs
3518 2846 3585 2899 τὰ
3611 2842 3778 2907 6mm-

2218 2936 2380 3005 ματά
2404 2953 2541 3005 μου.
2595 2938 2806 3009 Πέτραν
2843 2939 2901 2991 δὲ
2933 2937 3172 3006 νοοῦμεν
3204 2941 3298 2993 τὸν
3329 2939 3534 3010 Κύριον
3554 2981 3566 2999 ,
3612 2939 3663 2999 ὃς
3689 2939 3778 2987 ἐστι

553 3032 655 3086 bus
703 3031 788 3084 via
843 3029 1154 3100 spiritualis
1209 3029 1368 3098 quasi
1423 3028 1658 3096 quadam
1719 3027 2120 3084 incrustatione

2227 3026 2358 3122 ςρῶς,
2392 3027 2486 3081 καὶ⁸
2515 3027 2762 3099 ἀλήθεια,
2786 3030 2880 3082 καὶ
2915 3029 3226 3100 ἀφθαρσία,
3260 3031 3360 3084 καὶ
3386 3026 3704 3096 δικαιοσύνη,
3727 3025 3778 3077 δι’

551 3122 837 3179 sternitur.
863 3122 945 3175 Ab
977 3121 1064 3175 his
1097 3120 1143 3174 si
1175 3135 1234 3174 se
1269 3129 1519 3174 neutram
1549 3119 1673 3188 quis
1701 3120 1753 3172 in
1791 3126 1999 3189 partem
2025 3118 2121 3173 de-

546 3212 750 3274 ﬂectat,
782 3210 828 3263 is
862 3211 1079 3278 plantas
1117 3222 1249 3264 suas
1281 3223 1447 3277 puras
1493 3216 1806 3270 conservat,
1849 3224 2120 3279 nusquam

550 3318 579 3356 ι
610 3301 904 3371 voluptatis
935 3315 1095 3356 cceno
1126 3300 1382 3370 pollutas.
1411 3299 1533 3354 "11:0
1564 3310 1691 3355 sunt
1718 3300 1864 3370 (meo
1897 3302 2118 3372 quidem

546 3393 777 3465 judiciO)
811 3407 907 3464 per
942 3407 1064 3463 quae
1086 3406 1116 3446 a
1149 3407 1348 3462 sponsa
1397 3391 1577 3447 Verbo
1605 3395 1814 3448 ostium
1846 3395 2113 3464 aperitur.

548 3484 762 3540 Etenim
817 3485 934 3555 ipsa
996 3483 1094 3538 illa
1156 3481 1456 3546 confessio,
1507 3498 1614 3552 qua
1669 3484 1962 3553 pollicetur
2007 3500 2115 3539 non

551 3580 792 3651 amplius
847 3586 1256 3649 resumpturam
1297 3594 1356 3635 se
1405 3580 1579 3633 lutum
1616 3578 1749 3634 illud
1799 3594 2113 3646 excussum,

548 3684 727 3740 neque
760 3668 1065 3723 incedendo
1098 3668 1153 3722 in
1182 3669 1283 3724 hac
1314 3669 1424 3722 vita
1454 3675 1732 3724 terrenam
1764 3669 2109 3740 inquinatio-

548 3775 672 3815 nem
725 3759 1093 3815 admissuram
1133 3777 1144 3812 :
1183 3758 1363 3812 aditus
1419 3766 1508 3814 est
1558 3760 1756 3815 animae
1812 3762 1914 3815 hoc
1957 3761 2118 3816 modo

547 3858 876 3920 comparata:
921 3850 989 3904 ad
1039 3848 1556 3906 sanctificationem.
1608 3850 1984 3907 Sanctiﬁcatio
2020 3867 2118 3907 au-

545 3945 657 3993 tem
702 3946 787 3993 est
817 3938 934 4009 ipse
987 3938 1274 3994 Dominus.
1335 3939 1513 4011 Atque
1562 3939 1652 3995 hic
1711 3949 1792 3996 est
1826 3943 2114 3998 verborum

546 4043 764 4084 sensus.

615 4118 831 4177 Rursus
858 4129 1038 4178 autem
1068 4121 1369 4178 secundum
1397 4123 1527 4191 hoc,
1565 4125 1794 4182 ulterius
1821 4127 2118 4183 ascendere

549 4223 781 4271 conatur
811 4214 991 4268 anima
1011 4255 1027 4279 ,
1055 4230 1164 4270 non
1194 4215 1308 4286 jam
1340 4216 1576 4286 amplius
1605 4231 1736 4272 voce
1759 4217 1960 4272 ostium
1994 4233 2117 4272 cor-

543 4306 629 4360 dis
656 4305 910 4375 pulsante
928 4345 944 4372 ,
971 4303 1065 4359 sed
1093 4305 1212 4374 ipsa
1242 4319 1406 4359 manu
1433 4305 1617 4360 divina
1649 4321 1744 4375 per
1772 4303 2016 4362 foramen
2047 4308 2113 4361 ad

545 4395 804 4464 interiora
838 4402 1179 4466 penetrante.
1213 4395 1484 4450 Patruelis
1504 4397 1651 4457 enim
1687 4413 1864 4461 meus,
1900 4398 2108 4467 inquit,
2141 4394 2188 4450 Ι)

543 4489 686 4542 misit
723 4504 937 4542 manum
993 4503 1145 4541 suam
1193 4503 1287 4557 per
1333 4487 1604 4557 foramen,
1647 4497 1698 4542 et
1745 4498 1918 4544 venter
1971 4506 2114 4544 meus

541 4588 833 4633 commotus
878 4588 956 4632 est
999 4579 1054 4632 in
1099 4578 1290 4647 ipsum.
1338 4577 1656 4649 Perspicere
1701 4588 1882 4634 autem
1936 4582 2117 4651 quivis

541 4672 768 4726 omnino
794 4678 1012 4742 potest,
1040 4671 1133 4742 qui
1162 4672 1458 4742 prudenter
1487 4673 1600 4726 haec
1625 4672 1882 4738 audiunt,
1911 4681 2117 4745 quanto

541 4761 861 4816 sublimiora
910 4771 1040 4816 sunt
1087 4762 1202 4816 haac
1251 4763 1555 4834 prioribus.
1591 4763 1725 4819 Cum
1756 4763 1995 4821 Verbum
2041 4765 2110 4821 ad

541 4866 798 4920 sponsam
851 4853 962 4917 ait,
995 4853 1190 4922 Aperi,
1239 4855 1467 4926 largitur
1517 4855 1567 4911 ei
1618 4856 1932 4914 facultatem
1983 4874 2114 4930 ape-

543 4943 716 4997 riendi
750 4959 845 5014 per
872 4945 1089 5001 divinos
1121 4961 1338 5003 sensus.
1366 4946 1717 5020 Obtemperat
1746 4949 1923 5008 Verbo
1951 4968 2112 5024 spon-

537 5048 635 5100 sa,
670 5032 727 5087 fit
756 5035 901 5089 enim
938 5036 1078 5102 hoc,
1111 5037 1255 5106 quod
1303 5040 1480 5104 audit,
1516 5056 1696 5104 soror,
1746 5044 1924 5098 vicina
1948 5085 1963 5108 ,
2014 5061 2109 5101 co-

540 5124 720 5178 lumba
747 5163 761 5188 ,
798 5125 1079 5194 perfecta:
1118 5128 1270 5182 exuit
1304 5131 1584 5200 pelliceam
1637 5135 1782 5188 illam
1829 5137 2107 5205 tunicam,

541 5215 734 5272 sordes
767 5217 963 5287 pedum
997 5219 1193 5284 abluit,
1231 5236 1294 5276 ac
1326 5239 1504 5294 neque
1557 5227 1758 5282 fmdum
1805 5230 1937 5284 illud
1967 5230 2112 5287 lace-

541 5322 772 5378 rumque
793 5311 1177 5368 vestimentum
1209 5315 1443 5385 amplius
1473 5316 1682 5386 induit,
1715 5336 1892 5392 neque
1915 5322 1984 5378 de
2009 5339 2115 5380 cae-

539 5405 660 5454 tero
694 5400 750 5456 in
787 5408 932 5470 terra
969 5403 1081 5475 figit
1113 5407 1382 5479 vestigia:
1418 5410 1626 5466 audivit
1661 5411 1828 5484 igitur
1859 5415 1981 5486 ejus
2013 5433 2112 5474 vo-

538 5503 691 5553 cem,
730 5498 784 5546 et
827 5501 980 5562 paret
1020 5506 1330 5568 praecepto,
1368 5503 1543 5568 aperit
1586 5506 1787 5559 ostium
1831 5514 1884 5562 et
1927 5509 2107 5568 ablato

594 5671 812 5730 “Joan,
848 5693 954 5743 xiv,
980 5677 1030 5734 6.
1110 5679 1311 5736 “Psal.
1341 5698 1526 5749 χχχιι,
1561 5687 1610 5740 5.

2225 3110 2299 3170 ὧν
2333 3119 2366 3188 ἡ
2397 3119 2738 3191 πνευματικὴ
2766 3120 2885 3183 ὁδὸς
2911 3120 3345 3176 διαπλακοῦται.
3373 3115 3475 3174 Ὧν
3504 3121 3532 3172 ό
3554 3121 3622 3189 μὴ
3644 3134 3784 3187 παρα·

2223 3207 2452 3278 τραπεὶς
2483 3208 2604 3261 καθ’
2631 3210 2908 3281 ἑκάτερον,
2940 3209 3206 3274 διασώζει
3241 3212 3304 3264 τὸ
3327 3212 3498 3282 ἴχνος,
3526 3206 3781 3279 οὐδαμόθεν

2223 3297 2297 3367 τῷ
2320 3298 2475 3369 πηλῷ
2502 3301 2599 3370 τῆς
2629 3301 2821 3370 ἡδονῆς
2852 3301 3247 3370 μολυνόμενον.
3282 3303 3479 3357 Ταῦτά
3510 3304 3640 3364 ἐστι,
3673 3298 3784 3352 κατά

2221 3407 2284 3456 γε
2314 3390 2402 3442 τὸν
2433 3391 2563 3462 ἐμὸν
2593 3392 2766 3459 λόγον,
2792 3393 2859 3446 δι’
2889 3387 2962 3447 ὧν
2992 3396 3024 3463 ὴ
3063 3393 3218 3466 θύρα
3240 3395 3325 3465 τῷ
3363 3395 3525 3463 Λόγῳ
3552 3390 3689 3462 παρὰ
3706 3390 3781 3457 τῆς

2222 3480 2438 3552 νύμφης
2466 3483 2756 3551 ἀνοίγεται.
2807 3484 2869 3536 Ἡ
2900 3485 3007 3557 γὰρ
3035 3487 3321 3556 ὁμολογία
3341 3487 3440 3539 τοῦ
3473 3486 3660 3556 μηκέτι
3679 3483 3784 3535 ἀναο

2221 3573 2403 3626 λαϐεῖν
2429 3573 2519 3626 τὸν
2551 3575 2927 3646 ἀποϐληθέντα
2969 3577 3147 3645 πηλὸν
3169 3619 3184 3641 ,
3236 3579 3380 3650 μηδὲ
3411 3581 3478 3650 τῇ
3509 3576 3690 3646 πορεία
3711 3568 3783 3624 τοῦ

2222 3665 2336 3734 βίου
2373 3664 2460 3718 τὸν
2491 3665 2665 3736 γεώδη
2706 3667 2980 3737 μολυσμὸν
3011 3669 3474 3739 παραδέξασθαι,
3507 3669 3699 3727 εἴσοδος
3723 3661 3789 3729 γί-

2221 3769 2366 3806 νεται
2398 3754 2488 3807 τοῦ
2523 3756 2794 3825 ἁγιασμοῦ
2839 3758 2933 3810 ἐπὶ
2967 3757 3064 3825 τὴν
3094 3757 3258 3811 οὕτω
3295 3754 3786 3828 παρεσκευασμένην

2217 3844 2413 3915 ψυχήν·
2470 3847 2765 3919 Ἀγιασμὺς
2788 3847 2845 3901 δὲ
2889 3851 2916 3900 ὁ
2944 3848 3176 3918 Κύριος.
3234 3851 3355 3904 Καὶ
3386 3850 3548 3904 τοῦτο
3593 3850 3682 3919 μὲν
3709 3844 3794 3897 τῶν

2219 3937 2521 4008 εἰρημένων
2555 3938 2866 4010 ἐπεραιώθη
2899 3939 2958 3994 τὸ
2991 3941 3204 4011 νόημα.

2287 4145 2456 4199 Πάλιν
2481 4143 2538 4199 δὲ
2571 4144 2709 4215 μετὰ
2742 4144 2900 4199 τοῦτο
2924 4147 3022 4218 τῆς
3049 4148 3496 4220 ὑπερκειμένης
3519 4144 3798 4201 ἀναϐάσεως

2217 4236 2444 4290 ἅπτεται
2474 4239 2506 4308 ἡ
2532 4236 2698 4308 ψυχὴ,
2718 4237 2899 4291 οὐκέτι
2921 4238 3106 4308 φωνῆς
3129 4240 3247 4310 τὴν
3277 4240 3519 4311 καρδίαν
3540 4238 3803 4307 θυροκρουο

2220 4327 2468 4396 στούσης,
2506 4327 2621 4382 ἀλλ’
2662 4328 2828 4399 αὐτῆς
2859 4330 2957 4400 τῆς
2990 4329 3150 4393 θείας
3190 4332 3395 4402 χειρὸς
3425 4329 3518 4384 διὰ
3562 4329 3654 4398 τῆς
3685 4320 3799 4387 ὀπῆς

2217 4419 2307 4472 ἐπὶ
2347 4418 2415 4472 τὰ
2461 4418 2608 4483 ἐντὸς
2654 4420 3040 4491 παραδυείσης.
3104 4422 3504 4492 Ἀδελςοιδός
3547 4435 3661 4490 μου
3697 4413 3799 4483 γὲν,

2215 4511 2398 4580 φησιν,
2430 4510 2750 4565 ἀπέστειλε
2777 4512 2892 4579 τὴν
2928 4511 3096 4581 χεῖρα
3142 4516 3362 4570 αὐτοῦ
3392 4515 3498 4568 διὰ
3527 4511 3633 4581 τῆς
3658 4503 3797 4571 ὁ-τῆςι

2215 4603 2314 4655 καί
2361 4603 2398 4669 ἡ
2437 4605 2636 4656 κοιλία
2664 4619 2784 4672 μου
2829 4603 3081 4672 ἐθροήθη
3129 4605 3240 4659 ἐπ’
3290 4608 3516 4662 αὐτόν.
3567 4603 3719 4672 Δῆλον
3757 4595 3801 4648 δδ

2196 4696 2432 4757 ,πάντως
2476 4697 2592 4748 ἐστὶ
2638 4694 2715 4766 τῷ
2750 4695 2984 4759 συνετῶς
3026 4697 3330 4762 ὲπαῖοντι,
3382 4701 3516 4752 ὅσον
3562 4686 3798 4749 πλεοννιίζεε

2217 4785 2296 4855 τῷ
2355 4784 2478 4854 ὕψει
2539 4785 2608 4839 τά
2672 4785 2766 4838 νῦν
2825 4785 3088 4856 εἰρημένα
3188 4788 3368 4858 παρὰ
3426 4789 3492 4842 τὸ
3555 4784 3801 4857 πρότερον

2222 4875 2493 4940 Ἀνοιξον
2540 4876 2711 4946 λέγων
2739 4876 2874 4948 πρὸς
2904 4875 3002 4948 τὴν
3045 4877 3294 4950 νύμφην
3343 4884 3378 4935 ό
3405 4883 3602 4950 Λόγος,
3630 4875 3800 4930 δίδωσιν

2219 4968 2355 5040 αὐτῇ
2389 4968 2478 5022 διὰ
2523 4969 2622 5038 τῆς
2659 4969 2768 5023 τῶν
2805 4955 2963 5023 θειωξι
3000 4971 3318 5040 ὀνομάτων
3366 4975 3471 5029 τοῦ
3504 4971 3696 5038 ἀνοῖξαι
3727 4962 3806 5033 τὴν

2218 5059 2464 5130 δύναμιν.
2501 5061 2796 5115 ’Υπακούει
2827 5061 2905 5131 τῷ
2935 5061 3093 5132 Λόγῳ
3129 5065 3170 5132 ἡ
3225 5065 3466 5136 νύμφηο
3499 5066 3691 5134 γίνεται
3719 5055 3801 5121 γὰρ

2218 5154 2352 5222 ὅπερ
2379 5153 2638 5222 ηκουσεν,
2674 5153 2897 5223 ἀδελφὴ,
2933 5155 3026 5208 καὶ
3069 5155 3364 5227 πλησίον.
3401 5159 3506 5214 καὶ
3535 5143 3803 5228 περιστεμ.

2216 5246 2307 5298 καὶ
2336 5244 2538 5297 τελείαο
2563 5245 2855 5299 ἀποδύεται
2874 5246 2968 5298 τὸν
2993 5247 3367 5316 δερματικδν
3394 5254 3604 5305 ἐκεῖνον
3623 5242 3799 5315 χιτῶνα.

2215 5338 2308 5390 καὶ
2344 5337 2435 5391 τὸν
2471 5336 2640 5409 ῥύπον
2681 5336 2788 5390 τῶν
2819 5336 2992 5390 ποδῶν
3027 5338 3461 5405 ἀπονίπτεται,
3499 5341 3594 5396 καὶ
3635 5335 3736 5391 οὔτε
3757 5326 3804 5379 τδ

2213 5429 2447 5501 είδεχθὲς
2489 5430 2580 5482 καὶ
2615 5429 2885 5500 ῥωγαλέον
2929 5431 3110 5483 ἐκεῖνο
3172 5434 3422 5502 ἱμάτιον
3477 5435 3636 5489 πάλιν
3671 5422 3803 5486 ἑαυτῇ

2215 5520 2582 5590 περιτίθησιν,
2622 5519 2744 5574 οὔτε
2777 5523 2840 5592 τῇ
2871 5523 2940 5593 γῇ
2975 5518 3118 5591 πρὸς
3151 5523 3224 5578 τὸ
3264 5526 3473 5582 λοιπὴν
3516 5509 3810 5590 “amplis:
