3948 6192
182 393 324 449 1009

1244 387 1313 443 ΙΝ
1338 387 1643 444 CANTICA
1669 383 1939 442 CANTIC.
1972 383 2260 440 HOMILIA
2299 383 2387 438 XI.

3315 370 3452 432 {010

176 503 241 556 re
268 503 434 574 ίχνος·
466 505 700 575 ἤκουσεν
726 495 818 559 οὖν
842 503 1010 559 αὑτοῦ
1037 505 1136 576 τῆς
1157 506 1361 577 φωνῆς,
1388 507 1482 559 καὶ
1502 505 1580 577 τῷ
1606 523 1750 578 προσ

1877 501 2059 558 cordis
2092 499 2353 572 operculo
2377 538 2392 564 ,
2430 494 2654 551 deduxit
2684 493 2862 549 velum
2891 491 3054 560 ostii,
3092 490 3147 546 id
3193 497 3278 546 est
3323 506 3446 546 car-

175 594 418 665 τάγματι
455 595 724 648 πείθεται.
773 595 1004 664 Ἀνοίγει
1049 594 1150 666 τὴν
1189 594 1378 666 θύραν,
1412 595 1768 667 περιελομένη

173 682 238 734 τὸ
262 682 532 754 κάλυμμα
551 685 650 754 τῆς
675 684 903 756 καρδίας
921 701 938 716 ο
960 683 1196 754 διέσχισε
1223 685 1326 755 τῆς
1355 684 1523 755 θύρας
1542 725 1557 747 ,
1587 685 1648 738 τὸ
1671 687 1770 755 τῆς

177 773 386 845 σαρκὸς
409 774 779 844 διαπέτασμα,
809 776 959 827 πᾶσα
988 775 1179 845 ἠνοίγη
1208 777 1308 846 τῆς
1335 774 1514 845 ψυχῆς
1542 776 1576 846 ἡ
1601 775 1766 846 πύλη,

176 862 264 916 ενα
302 865 523 936 εἰσέλθῃ
547 867 576 917 ό
605 866 870 930 Βασιλεὺς
892 866 991 936 τῆς
1015 864 1191 936 δόξης.
1231 865 1370 918 Ἀλλ’
1398 869 1430 938 ἡ
1462 867 1563 936 τῆς
1592 866 1768 937 πύλης

174 955 490 1025 εὐρυχωρία
525 957 698 1027 μικρὰ
729 974 813 1020 τις
845 956 1138 1028 ἀπεδείχθη
1173 957 1446 1028 τρυμαλιά
1481 957 1644 1028 στενὴ
1673 958 1766 1011 καὶ⁵

176 1047 431 1116 βραχεῖα,
462 1047 528 1100 δι’
555 1044 624 1120 ἦς
653 1049 753 1101 οὐκ
783 1049 945 1112 αὐτὸς
970 1051 998 1101 ό
1034 1049 1286 1120 νυμφίος,
1314 1049 1430 1102 ἀλλ’
1454 1052 1486 1120 ἡ
1518 1050 1638 1121 χεὶρ
1664 1051 1766 1102 αὐ-

172 1135 265 1189 τοῦ
308 1137 471 1206 μόγις
517 1136 825 1210 ἐχώρησεν.
860 1138 1001 1192 ὥστε
1045 1139 1111 1192 δι’
1155 1139 1327 1208 αὐτῆς
1374 1140 1467 1192 ἐπὶ
1512 1139 1575 1193 τὸ
1617 1139 1766 1203 ἐντὸς

173 1224 448 1293 γενέσθαι,
491 1227 585 1279 καὶ
612 1227 852 1297 ἅψασθαι
883 1228 984 1298 τῆς
1013 1227 1390 1300 ἐπιθυμούσης
1414 1229 1505 1282 τὸν
1533 1230 1764 1299 νυμφίον

177 1317 325 1378 ιδεῖν,
355 1311 400 1384 ᾧ
431 1317 685 1372 τοσοῦτον
715 1319 970 1392 ὲκέρδανε
1004 1320 1192 1390 μόνον,
1219 1321 1342 1374 ὅσον
1366 1320 1587 1388 γνῶναι,
1618 1321 1700 1374 ὅτι
1726 1323 1760 1390 ή

170 1408 294 1478 χεὶρ
325 1410 512 1481 ἐκείνη
549 1411 642 1464 τοῦ
674 1413 1010 1482 ποθουμένου
1045 1414 1212 1467 ἐστίν.
1247 1409 1347 1468 Οἷα
1379 1413 1434 1467 δὲ
1471 1415 1601 1485 ἡμῖν
1631 1415 1763 1467 ὐπο-

171 1500 447 1554 δείκνυται
480 1501 756 1572 δόγματα,
793 1503 880 1556 διὰ
911 1504 1011 1574 τῆς
1038 1505 1096 1556 ὲν
1125 1507 1237 1568 τοίς
1270 1505 1578 1575 εἰρημένοις
1612 1504 1762 1574 φιλο-

174 1592 366 1660 σοφίας
397 1591 664 1663 μάθοιμεν
701 1593 788 1657 ἂν,
821 1596 869 1647 εί
912 1595 1106 1666 μικρὸν
1131 1596 1208 1665 τῷ
1238 1595 1380 1666 λόγῳ
1413 1597 1760 1668 προσδιατρί-

169 1681 382 1752 ψωμεν.
437 1684 500 1736 Ἢ
534 1683 849 1756 ἀνθρωπίνη
883 1685 1030 1757 ψυχὴ
1063 1686 1156 1739 δύο
1189 1687 1402 1756 φύσεων
1433 1683 1565 1740 οὖσα
1601 1687 1760 1756 μεθό-

174 1788 306 1842 ριος,
335 1766 413 1824 ὧν
444 1773 476 1841 ἡ
511 1772 610 1841 μὲν
645 1773 933 1844 ἀσώματός
963 1777 1079 1828 ἐστι
1109 1776 1202 1829 καὶ
1233 1776 1397 1848 νοερὰ
1421 1778 1514 1832 καὶ
1549 1780 1759 1851 ἀκήραο

1872 595 1959 651 nis
1985 612 1999 648 :
2036 601 2226 664 aperta
2255 591 2360 646 fuit
2390 597 2498 645 tota
2527 588 2724 642 animae
2758 595 2910 656 porta
2932 624 2946 648 ,
2977 593 3035 637 ut
3063 583 3448 654 ingrederetur

1870 686 1987 742 Rex
2021 680 2226 757 gloria).
2268 682 2374 738 Sed
2408 690 2602 752 patens
2633 685 2804 748 porta:
2842 676 3073 730 latitudo
3107 683 3329 730 ostensa
3363 684 3449 729 est

1871 793 2100 848 parvum
2130 776 2404 848 quoddam
2438 781 2492 828 et
2523 779 2815 842 angustum
2849 783 2915 822 ac
2956 767 3124 822 breve
3167 765 3411 819 foramen
3433 802 3450 828 ,

1869 885 1969 939 per
1997 869 2144 938 quod
2175 883 2284 922 non
2318 867 2435 936 ipse
2469 877 2707 934 sponsus
2733 901 2748 925 ,
2802 858 2902 914 sed
2952 858 3075 926 ejus
3121 871 3317 910 manus
3361 855 3454 910 vix

1868 960 2002 1014 adeo
2035 957 2342 1030 processit,
2376 964 2433 1010 ut
2469 971 2564 1026 per
2595 955 2776 1023 ipsum
2825 952 3074 1022 ingressa
3121 949 3225 1013 sit,
3271 956 3324 1003 et
3366 949 3451 1003 vi-

1867 1050 2030 1104 dendi
2065 1050 2255 1120 sponsi
2291 1048 2538 1118 tetigerit
2571 1042 2906 1100 desiderium
2931 1081 2946 1108 ,
2978 1055 3088 1111 quo
3119 1041 3209 1094 vix
3241 1047 3454 1095 tantum

1869 1142 2011 1196 lucri
2044 1141 2175 1196 fecit
2200 1180 2215 1204 ,
2251 1148 2313 1196 ut
2341 1143 2700 1209 cognosceret
2731 1134 2875 1205 quod
2907 1133 2999 1187 illa
3035 1133 3106 1188 sit
3133 1147 3329 1188 manus
3359 1129 3454 1186 dc-

1866 1231 2114 1288 siderati.
2167 1229 2493 1300 Cujusmodi
2528 1237 2709 1282 autem
2744 1225 2906 1280 nobis
2941 1227 3312 1278 ostenduntur
3351 1222 3452 1278 do-

1865 1331 2044 1392 gmata
2065 1365 2080 1388 ,
2109 1322 2466 1378 didicerimus
2491 1334 2587 1389 per
2609 1333 2730 1374 eam
2758 1331 2879 1386 quae
2907 1325 2993 1371 est
3018 1315 3072 1369 in
3101 1315 3186 1369 his
3216 1314 3453 1383 philoso-

1815 1455 1822 1460 .
1864 1414 2076 1483 phiam,
2116 1415 2161 1469 si
2194 1415 2247 1468 in
2276 1423 2537 1468 contextu
2576 1411 2870 1466 verborum
2902 1423 3096 1478 parum
3144 1406 3301 1461 fuero
3349 1407 3453 1460 im-

1862 1513 2132 1561 moratus.
2186 1506 2380 1560 Anima
2429 1505 2671 1558 humana
2717 1510 2801 1558 est
2839 1502 2896 1554 in
2942 1499 3180 1555 confinio
3213 1499 3449 1552 duarum

1863 1605 2184 1651 naturarum
2206 1636 2222 1660 ,
2264 1611 2496 1665 quarum
2528 1596 2698 1650 altera
2735 1591 2957 1662 quidem
3011 1599 3096 1646 est
3128 1590 3452 1659 incorporea

1861 1695 1916 1742 et
1948 1687 2279 1757 intelligens,
2314 1697 2367 1741 et
2402 1687 2456 1740 in
2491 1701 2659 1756 quam
2700 1699 2811 1738 non
2845 1681 2996 1737 cadit
3031 1681 3288 1736 interitus
3317 1699 3332 1745 ;
3367 1682 3448 1734 al-

1862 1788 1978 1836 tera
2005 1795 2139 1835 vero
2174 1795 2436 1849 corporea
2459 1819 2474 1844 ,
2505 1786 2559 1833 et
2595 1775 2896 1832 materialis
2917 1816 2930 1840 ,
2967 1786 3022 1830 et
3051 1789 3248 1843 expers
3281 1773 3449 1826 ratio-

72 1847 80 1860 ’
168 1877 260 1924 τος
282 1878 296 1891 ο
320 1863 354 1931 ἡ
386 1861 443 1913 δὲ
478 1861 638 1932 ἑτέρα
674 1863 991 1934 σωματικὴ,
1024 1865 1118 1917 καὶ
1149 1847 1376 1936 ὑλώδης,
1409 1867 1502 1920 καὶ
1545 1847 1750 1936 ἄλογος⁴

1865 1875 1971 1927 nis.
2001 1872 2136 1926 Cum
2171 1847 2408 1941 primum
2439 1877 2624 1924 autem
2656 1875 2885 1939 purgata
2918 1867 2987 1920 ab
3015 1880 3078 1921 ea
3106 1881 3229 1935 quae
3260 1872 3344 1920 est
3379 1862 3448 1916 ad

186 1952 435 2005 Ἐπειδὰν
455 1953 511 2006 δὲ
530 1954 761 2023 τάχιστα
785 1956 882 2025 τῆς
903 1956 1040 2027 πρὸς
1063 1956 1154 2009 τὸν
1181 1959 1357 2028 παχύν
1379 1976 1438 2011 τε
1463 1961 1557 2013 καὶ
1582 1961 1758 2032 γεώδη

169 2041 286 2112 βίον
339 2045 580 2113 σχέσεως
626 2045 1049 2117 ὲκκαθαρθεῖσα,
1105 2048 1172 2101 δι’
1231 2050 1428 2120 ἀρετῆς
1483 2051 1760 2124 ἀναϐλέψῃ

167 2133 306 2203 πρὸς
330 2135 393 2186 τὸ
415 2136 675 2203 συγγενὲς
697 2137 789 2188 καὶ
811 2136 1105 2199 θειότατον,
1135 2139 1194 2191 ού
1225 2139 1454 2195 παύεται
1482 2141 1762 2212 διερευνω-

169 2223 304 2293 μένη
331 2225 422 2277 καὶ
447 2226 792 2296 ἀναζητοῦσα
816 2228 914 2298 τὴν
943 2227 1049 2282 τῶν
1073 2229 1240 2283 όντων
1267 2229 1436 2302 ἀρχήν
1463 2249 1475 2262 ·
1502 2233 1584 2296 τίς
1609 2234 1640 2304 ἡ
1664 2233 1757 2286 τοῦ

167 2313 399 2377 κάλλους
426 2318 534 2369 τῶν
563 2317 731 2371 όντων
775 2318 923 2393 πηγὴ
944 2359 958 2383 ,
993 2319 1154 2372 πόθεν
1187 2320 1338 2390 βρύει
1365 2324 1394 2390 ἡ
1427 2322 1674 2394 δύναμις,
1707 2326 1758 2378 τί

162 2403 225 2457 τὸ
260 2407 511 2474 πηγόζον
560 2407 660 2477 τὴν
706 2408 1117 2478 ἐμφαινομένην
1161 2411 1260 2480 τῆς
1309 2411 1496 2475 οὐσίας
1544 2414 1754 2483 σοφίαν.

163 2496 386 2561 Πάντας
414 2498 470 2550 δὲ
494 2499 787 2569 λογισμοὺς
814 2504 907 2556 καὶ
935 2506 1115 2558 πᾶσαν
1144 2505 1440 2574 ὲρευνητὴν
1472 2505 1758 2576 νοημάτων
1803 2546 1806 2550 -

159 2588 396 2658 δύναμιν
429 2591 741 2645 διακινοῦσα
784 2596 878 2647 καὶ
913 2595 1387 2669 περιεργαζομένη
1430 2598 1756 2652 καταλαϐεῖν

160 2678 220 2731 τὸ
269 2679 632 2751 ζητούμενον,
687 2684 810 2755 ὅρον
844 2689 1078 2741 ποιεῖται
1125 2688 1222 2758 τῆς
1269 2687 1624 2759 καταλήψεως
1660 2687 1755 2742 τοῦ

159 2767 301 2821 Θεοῦ
336 2770 438 2838 τὴν
470 2770 751 2842 ἐνέργειαν
785 2774 952 2844 μόνην
985 2775 1084 2846 τὴν
1134 2776 1295 2846 μέχρι
1340 2776 1496 2845 ἡμῶν
1533 2777 1753 2832 κατιοῦ-

161 2875 286 2922 σαν,
311 2854 380 2928 ἦς
405 2859 493 2913 διὰ
518 2862 617 2932 τῆς
645 2862 791 2933 ζωῆς
817 2867 982 2935 ἡμεῖς
1007 2866 1401 2936 αἰσθανόμεθα.
1432 2869 1542 2922 Καὶ
1565 2869 1755 2940 ὥσπερ

160 2950 219 3002 τὸ
247 2949 331 3019 τῷ
357 2949 510 3004 ὕδατι
546 2953 1020 3024 συναναδιδόμενον
1053 2957 1117 3009 ἐκ
1155 2956 1254 3025 τῆς
1281 2956 1384 3026 γῆς
1413 2957 1630 3028 πνεῦμα
1656 2959 1754 3029 οὐχ

158 3041 382 3095 ῐτταται
417 3045 543 3114 περὶ
578 3045 670 3098 τὸν
702 3045 953 3117 πυθμένα
981 3048 1079 3118 τῆς
1109 3048 1326 3118 λίμνης,
1362 3047 1500 3101 ἀλλὰ
1538 3051 1754 3121 πομφό-

156 3130 256 3199 λυξ
286 3135 579 3204 γενόμενον
609 3135 701 3188 ἐπὶ
734 3136 795 3189 τὸ
819 3138 932 3191 ἄνω
963 3139 1096 3210 πρὸς
1123 3139 1183 3191 τὸ
1225 3140 1491 3208 συγγενὲς
1522 3141 1753 3212 ἀνατρέ-

157 3239 268 3292 χει,
316 3225 412 3276 καὶ
454 3225 585 3278 ὅταν
615 3225 797 3300 διέλθῃ
848 3227 944 3299 τὴν
975 3229 1070 3282 τοῦ
1113 3228 1303 3294 ὕδατος
1333 3229 1509 3302 ἄκραν
1555 3231 1747 3300 ἐπιφάο

155 3331 333 3382 νειαν,
363 3317 458 3371 καὶ
481 3335 618 3372 κατσ
628 3320 792 3392 μιχθῇ
824 3322 961 3393 πρὸς
983 3322 1075 3375 τὸν
1101 3322 1261 3394 ἀέρα,
1293 3323 1415 3376 τότε
1442 3324 1541 3394 τῆς
1564 3324 1656 3377 ἐπὶ
1680 3323 1749 3378 τά

154 3406 272 3460 ἀνω
301 3409 569 3478 κινήσεως
597 3410 807 3465 ἵσταται
829 3428 842 3441 ·
877 3413 1114 3467 τοιοῦτόν
1154 3431 1207 3467 τι
1255 3415 1450 3485 πάσχει
1485 3417 1579 3470 καὶ
1615 3418 1647 3487 ἡ
1680 3418 1747 3469 τά

155 3498 282 3553 θεῖα
325 3499 726 3572 διερευνωμένη
763 3503 906 3574 ψυχή
929 3521 942 3534 ·
995 3505 1214 3559 ἐπειδὰν
1257 3507 1321 3558 ἐκ
1354 3492 1466 3559 ’τῶν
1503 3507 1747 3563 κάτωθεν

1779 3185 1821 3243 C

153 3587 298 3656 πρὸς
319 3586 420 3656 τὴν
445 3587 552 3640 τῶν
573 3589 982 3662 ὑπερκειμένων
1004 3593 1204 3661 γνῶσιν
1235 3595 1432 3666 ἑαυτὴν
1446 3597 1712 3668 ,ἀνατείνῃ
1729 3637 1745 3662 ,

152 3677 223 3730 τὰ
247 3680 350 3748 τῆς
373 3679 652 3750 ἐνεργείας
674 3683 838 3736 αὐτοῦ
864 3683 1120 3755 θαύματα
1139 3686 1540 3752 καταλαϐοῦσα,
1565 3707 1759 3762 περαι-

152 3767 302 3838 τέρω
333 3769 615 3838 προελθεῖν
640 3770 728 3854 διά
747 3773 848 3841 τῆς
870 3774 1398 3848 πολυπραγμοσύνης
1419 3780 1480 3831 ού
1501 3778 1743 3835 ὥναταιο

151 3858 293 3911 ἀλλὰ
323 3859 596 3929 θαυμάζει
621 3862 716 3914 καὶ
749 3863 964 3918 σέϐεται
993 3866 1084 3920 τὸν
1114 3868 1326 3928 ὃτιέστι
1371 3869 1530 3937 μόνον
1563 3869 1630 3923 δι’
1671 3867 1747 3926 ὧν

151 3951 374 4020 ὶνεργεῖ
405 3953 827 4023 γινωσκόμενον.
875 3956 1007 4028 Ὁρᾷ
1032 3957 1095 4011 τὸ
1124 3959 1372 4028 οὐράνιον
1402 3961 1616 4027 κάλλος,
1646 3962 1747 4027 τάς

149 4041 262 4094 τῶν
301 4044 608 4115 φωστήρων
636 4045 832 4114 αὐγὰς,
871 4048 970 4119 τὴν
1013 4050 1192 4116 ὀξεῖαν
1223 4051 1316 4105 τοῦ
1350 4053 1514 4107 πόλου
1548 4055 1744 4109 κυκλο-

148 4136 375 4204 φορίαν,
434 4135 530 4205 τὴν
581 4135 842 4191 εὔτακτόν
885 4157 945 4192 τε
1002 4142 1097 4194 καὶ
1147 4144 1465 4214 ἐναρμόνιον
1521 4147 1578 4198 ὲν
1633 4149 1744 4209 τοῖς

147 4227 378 4297 ἄστροις
428 4230 764 4300 περιφορὰν,
795 4232 886 4285 τὸν
933 4233 1200 4287 ἐνιαύσιον
1245 4235 1442 4290 κύκλον
1482 4237 1743 4310 τέσσαρσι

143 4321 370 4389 καιροῖς
405 4321 486 4382 είς
517 4320 709 4374 ἑαυτὸν
738 4322 1176 4395 ἀναστρέφοντα·
1211 4326 1313 4398 τὴν
1343 4328 1450 4399 γῆν
1480 4329 1744 4384 συνδιατι-

145 4408 392 4480 θεμένην
417 4411 495 4482 τῷ
521 4413 849 4483 περιέχοντι,
873 4416 966 4469 καὶ
987 4419 1051 4488 τῇ
1077 4416 1308 4489 διαφορᾷ
1329 4420 1427 4490 τῆς
1445 4419 1553 4475 τῶν
1577 4422 1744 4493 ὑπερο

1863 1977 2108 2018 crassam
2153 1973 2208 2018 et
2247 1971 2522 2017 terrenam
2553 1961 2726 2014 vitam
2775 1957 3092 2029 habitudine
3118 1996 3132 2019 ,
3172 1955 3450 2026 aspexerit

1864 2069 1959 2123 per
1987 2054 2243 2108 virtutem
2273 2052 2341 2106 ad
2377 2053 2428 2107 id
2465 2051 2612 2121 quod
2645 2057 2731 2106 est
2761 2057 3056 2120 cognatum
3089 2057 3145 2104 et
3169 2048 3440 2111 divinum,

1866 2161 1978 2200 non
2022 2151 2206 2201 cessat
2251 2143 2587 2213 perscrutari
2630 2151 2684 2197 et
2726 2141 3010 2209 inquirere
3061 2155 3289 2198 eorum.
3323 2155 3447 2209 qua:

1862 2243 2018 2295 sunt,
2051 2233 2384 2303 principium
2412 2252 2425 2286 :
2457 2229 2732 2301 quodnam
2774 2230 2847 2285 sit
2877 2229 3096 2284 initium
3126 2229 3445 2299 pulchritu-

1860 2323 2007 2378 diuis
2059 2337 2276 2386 rerum,
2328 2321 2602 2377 undenam
2649 2328 2871 2376 emanet
2921 2321 3003 2375 vis
3058 2334 3123 2374 ac
3171 2320 3443 2385 facultas,

1859 2413 1989 2485 quid
2022 2414 2094 2468 sit
2128 2430 2158 2468 a
2193 2429 2301 2482 quo
2334 2412 2616 2467 derivetur
2655 2411 2926 2481 sapientia
2977 2426 3099 2482 quae
3130 2411 3185 2465 in
3223 2411 3292 2466 iis
3321 2427 3444 2482 qua:

1859 2511 1987 2559 sunt
2015 2504 2280 2568 cernitur,
2311 2511 2364 2558 et
2389 2517 2511 2573 quae
2545 2511 2724 2557 movet
2766 2517 2961 2557 omnes
2989 2501 3403 2572 disputationes
3423 2541 3440 2566 ,

1859 2611 2186 2666 omnemque
2219 2596 2328 2648 vim
2367 2593 2782 2664 perscrutandi,
2831 2609 3066 2663 quaeque
3109 2595 3328 2650 curiose
3361 2595 3442 2648 la-

1858 2687 2014 2742 borat
2049 2686 2102 2739 in
2134 2685 2655 2754 comprehendendo
2689 2699 2754 2740 eo
2785 2683 2931 2753 quod
2964 2684 3252 2753 quaeritur,
3289 2695 3343 2739 et
3386 2686 3442 2740 in

1859 2774 2109 2831 faciendo
2135 2777 2428 2830 terminum
2459 2775 2552 2830 Dei
2580 2773 3090 2844 comprehensionis
3118 2774 3292 2841 solam
3317 2790 3444 2844 ope-

1855 2869 2124 2922 rationem
2165 2882 2286 2937 qua:
2319 2867 2387 2921 ad
2431 2881 2531 2922 nos
2567 2881 2741 2937 usque
2775 2866 3106 2921 descendit:
3145 2882 3239 2935 per
3277 2867 3442 2936 cujus

1855 2959 2022 3013 vitam
2054 2974 2155 3014 nos
2202 2960 2473 3014 sentimus
2503 2977 2516 3013 :
2552 2971 2605 3014 et
2631 2958 2906 3028 quomodo
2929 2957 3160 3026 spiritus
3193 2959 3286 3027 qui
3312 2974 3440 3012 cum

1855 3065 1996 3121 aqua
2042 3053 2206 3108 simul
2247 3053 2516 3107 emittitur
2545 3068 2612 3108 ex
2641 3059 2788 3106 terra
2811 3093 2826 3118 ,
2861 3065 2970 3105 non
3007 3058 3190 3105 manet
3218 3051 3272 3104 in
3306 3065 3436 3120 pro-

1853 3140 2023 3200 fundo
2052 3145 2207 3201 lacus
2227 3184 2242 3210 ,
2269 3144 2363 3200 sed
2391 3145 2540 3199 bulla
2568 3143 2747 3198 factus
2768 3157 2991 3198 sursum
3021 3143 3268 3199 excurrit
3291 3129 3438 3198 ad'id

1851 3235 2000 3302 quod
2032 3243 2118 3290 est
2142 3234 2248 3290 sibi
2273 3233 2608 3305 cognatione
2641 3233 3000 3303 conjunctum
3031 3252 3044 3287 :
3072 3243 3126 3288 et
3156 3248 3280 3287 cum
3315 3247 3440 3302 per-

1855 3325 2060 3380 vaserit
2086 3309 2263 3396 usque
2289 3325 2354 3379 ad
2391 3339 2661 3381 summam
2693 3322 2858 3394 aqua?
2879 3323 3225 3394 superliciem
3246 3363 3262 3388 ,
3297 3324 3438 3378 aerio

1854 3432 1962 3487 que
1994 3417 2155 3472 mista
2181 3417 2376 3482 fuerit,
2404 3425 2533 3472 tunc
2560 3415 2763 3470 desinit
2794 3430 3016 3472 sursum
3047 3414 3254 3469 moveri
3287 3432 3299 3468 :
3331 3414 3440 3468 tale

1851 3503 2074 3574 quidem
2102 3505 2267 3558 etiam
2300 3503 2559 3559 usuvenit
2587 3504 2787 3558 animae
2811 3503 3000 3559 divina
3028 3504 3397 3574 perscrutanti
3420 3543 3435 3570 ,

1851 3603 2140 3664 postquam
2170 3609 2201 3648 a
2231 3595 2396 3650 rebus
2443 3594 2798 3650 inferioribus
2842 3611 2904 3651 se
2946 3594 3195 3650 extendit
3225 3593 3292 3646 ad
3340 3610 3437 3650 su-

1852 3701 2149 3757 pernarum
2191 3700 2374 3739 rerum
2420 3687 2828 3758 cognitionem,
2875 3694 3065 3756 utpote
3144 3701 3267 3756 quae
3308 3701 3432 3740 cum

1849 3773 2325 3844 comprehenderit
2354 3774 2623 3829 miracula
2653 3776 2776 3845 ejus
2801 3775 3136 3846 operationis
3155 3817 3170 3841 ,
3202 3775 3434 3831 ulterius

1848 3867 2067 3921 curiose
2095 3866 2393 3922 scrutando
2425 3865 2631 3922 desinit
2666 3865 2956 3938 progredi,
2991 3866 3088 3922 sed
3121 3866 3302 3936 ipsum
3336 3865 3436 3920 ad-

1849 3957 2082 4011 miratur
2110 3963 2164 4011 et
2190 3956 2619 4025 contemplatur,
2656 3958 2751 4028 qui
2789 3973 2886 4027 per
2919 3972 2983 4012 ea
3013 3971 3136 4027 quae
3163 3966 3429 4027 operatur

1848 4063 1972 4109 esse
1999 4049 2374 4119 cognoscitur.
2412 4047 2572 4104 Videt
2599 4050 2882 4105 caelestem
2921 4048 3388 4119 pulchritudinem
3414 4089 3428 4112 ,

1850 4139 2200 4194 luminarium
2224 4139 2575 4210 splendorem
2597 4182 2612 4207 ,
2638 4141 2872 4196 celerem
2905 4141 3014 4210 poli
3041 4140 3431 4195 circumactio-

1847 4245 1997 4295 nem,
2026 4231 2336 4286 ordinatam
2367 4239 2422 4288 et
2453 4246 2830 4298 numerosam,
2855 4238 3131 4286 astrorum
3165 4230 3428 4295 ambitus,

1845 4322 1941 4394 qui
1970 4323 2158 4379 orbem
2192 4337 2437 4378 annuum
2471 4331 2712 4394 quatuor
2747 4322 3088 4392 temporibus
3118 4322 3173 4375 in
3203 4336 3262 4376 se
3294 4335 3430 4375 eon-

1843 4423 2108 4470 vertunt:
2138 4423 2344 4471 terram
2373 4429 2496 4485 quae
2529 4415 2697 4471 simul
2729 4413 2964 4469 allicitur
2999 4428 3125 4468 cum
3171 4427 3238 4466 eo
3276 4412 3427 4482 quod

143 4504 430 4573 κειμένων
459 4507 724 4576 κινήσεως
759 4507 859 4571 τάς
895 4508 1031 4572 ἰδίας
1072 4509 1352 4578 ἐνεργείας
1388 4510 1744 4576 συνεξαλλὰσ-

1854 4507 2049 4570 ambit,
2081 4515 2136 4563 et
2165 4521 2289 4562 cum
2324 4506 2636 4562 diﬂ‘erentia
2686 4516 2869 4561 motus
2930 4519 3300 4576 supernorum
3353 4504 3429 4558 si-

142 4612 379 4660 σουσαν,
413 4597 511 4660 τὰς
544 4614 604 4650 τε
643 4598 939 4663 πολυειδεῖς
976 4599 1036 4653 έν
1067 4603 1180 4664 τοῖς
1210 4601 1369 4666 ζώοις
1395 4602 1604 4672 φύσεις,
1637 4604 1746 4657 τῶν

1854 4598 2040 4664 derum
2087 4599 2250 4653 simul
2303 4598 2468 4652 etiam
2520 4593 2696 4652 mutat
2735 4597 3118 4667 operationes;
3154 4605 3208 4652 et
3243 4595 3428 4650 multi-

133 4705 204 4742 τε
251 4689 382 4742 καθ’
432 4688 638 4743 ὑδάτων
681 4691 1078 4761 διαιτωμένων,
1117 4694 1212 4746 καὶ
1259 4693 1368 4746 τῶν
1416 4694 1516 4766 τὴν
1561 4696 1745 4767 ἀέριον

133 4779 537 4849 ἀπολαχόντων
570 4780 763 4851 φοράν,
793 4782 888 4834 καὶ
915 4777 999 4846 οἷς
1033 4786 1286 4855 χερσαῖος
1314 4785 1342 4836 ὁ
1372 4784 1485 4854 βίος
1507 4801 1521 4815 ·
1556 4786 1654 4849 τάς
1684 4803 1742 4839 τε

132 4869 503 4932 παντοδαπὰς
557 4870 667 4923 τῶν
713 4871 894 4940 φυτῶν
960 4873 1136 4938 ίδέας,
1196 4874 1290 4927 καὶ
1337 4875 1437 4937 τὰς
1492 4877 1742 4941 ποικίλας

129 4962 309 5024 πόας,
351 4959 620 5031 ποιότητι,
668 4963 763 5016 καὶ
793 4963 1039 5034 δυνάμει,
1077 4965 1170 5019 καὶ
1215 4969 1449 5037 σχήματι
1494 4966 1737 5039 ἀλλήλων

122 5052 545 5124 διαφερούσας,
599 5054 693 5107 καὶ
736 5055 836 5118 τὰς
879 5055 989 5108 τῶν
1035 5056 1260 5128 καρπῶν
1306 5074 1365 5110 τε
1410 5058 1503 5111 καὶ
1546 5057 1736 5129 χυμῶν

124 5148 446 5216 ἰδιότητας,
480 5148 571 5201 καὶ
605 5147 672 5200 τὰ
705 5147 860 5213 ἄλλα,
890 5147 955 5202 δι’
993 5142 1069 5204 ὧν
1100 5151 1134 5220 ἡ
1170 5149 1419 5221 ἐνέργεια
1454 5150 1548 5203 τοῦ
1599 5147 1734 5203 Θεοῦ

118 5236 533 5298 διαδείκνυται,
583 5235 854 5306 βλέπουσα
895 5239 929 5308 ἡ
981 5237 1148 5310 ψυχὴ,
1190 5238 1278 5294 διὰ
1323 5239 1418 5294 τοῦ
1459 5241 1736 5310 θαύματος

117 5327 251 5378 τῶν
284 5327 632 5396 φαινομένων
655 5327 1034 5396 ἀναλογίζεται
1063 5333 1129 5401 τῇ
1156 5329 1360 5402 διανοίᾳ
1387 5332 1479 5386 τὸν
1508 5332 1596 5386 διά
1624 5333 1731 5388 τῶν

113 5419 329 5488 ἔργων
359 5417 648 5488 νοούμενον
679 5419 762 5473 ὅτι
789 5421 964 5475 ἔστιν.
990 5423 1150 5485 Ἴσως
1177 5421 1234 5475 δὲ
1271 5422 1412 5476 κατὰ
1433 5422 1525 5477 τὸν
1563 5423 1732 5479 αίῶνα

113 5511 232 5563 τὸν
264 5507 554 5579 μέλλοντα,
579 5511 709 5566 ὅταν
735 5513 982 5586 παρέλθῃ
1029 5515 1135 5566 πᾶν
1173 5514 1232 5567 τὸ
1265 5514 1562 5585 ὁρώμενον,
1593 5516 1734 5571 κατὰ

111 5604 242 5671 τὴν
273 5599 373 5652 τοῦ
409 5601 614 5672 Κυρίου
646 5604 849 5674 φωνὴν,
881 5604 938 5667 ὃς
970 5621 1132 5672 φησιν
1156 5621 1170 5636 ·
1206 5606 1268 5658 '0
1297 5607 1555 5674 οὐρανὸς
1579 5608 1676 5660 καὶ
1695 5607 1732 5673 ἡ

109 5691 218 5762 τῆ
252 5695 737 5759 παρελεύσονται
757 5710 771 5726 ⁸
800 5695 871 5750 τὰ
894 5696 958 5749 δέ
982 5695 1220 5765 ῥήματά
1235 5715 1354 5765 μου
1377 5699 1448 5751 οὐ
1477 5698 1562 5767 μὴ
1598 5715 1736 5765 παρ-

108 5782 526 5846 ελεύσονται,
557 5787 648 5838 καὶ
678 5789 757 5850 είς
787 5789 1000 5858 ἐκείνην
1049 5789 1392 5860 μετέλθωμεν
1435 5789 1531 5861 τὴν
1567 5791 1732 5863 ζωὴν,

226 5892 268 5917 ’⁵³
303 5891 496 5948 Hattb.
520 5911 663 5959 utr,
695 5897 786 5952 35.

1848 4690 2017 4760 plices
2044 4700 2270 4744 naturas
2300 4690 2660 4744 animantium
2679 4730 2693 4755 ,
2726 4697 2780 4744 et
2805 4704 2994 4744 eorum
3027 4704 3150 4756 qua:
3179 4687 3243 4742 in'
3265 4687 3425 4758 aquis

1845 4781 2084 4852 degunt,
2120 4788 2175 4835 et
2215 4781 2419 4851 quibus
2453 4791 2636 4837 motus
2663 4783 2832 4838 cessit
2856 4782 2912 4836 in
2947 4795 3106 4845 aere,
3132 4789 3187 4837 et
3215 4795 3339 4851 qua:
3369 4782 3424 4835 in

1843 4875 2009 4930 terris
2035 4873 2202 4928 vitam
2230 4883 2429 4943 agunt:
2485 4882 2540 4928 et
2583 4875 2768 4928 omnia
2818 4873 3129 4944 plantarum
3182 4888 3426 4944 genera.

1843 4974 1898 5021 et
1939 4965 2138 5021 herbas
2182 4965 2364 5020 varias
2385 5004 2400 5030 ,
2428 4966 2694 5035 qualitate
2718 4974 2772 5021 et
2799 4968 3004 5021 virtute
3075 4973 3130 5021 et
3172 4965 3423 5036 ﬁgurasa

1846 5073 1906 5112 se
1949 5057 2180 5112 invicem
2224 5056 2579 5124 differentes,
2625 5056 3015 5127 fructuumque
3056 5065 3111 5113 et
3162 5071 3422 5127 saporum

1847 5147 2249 5218 praprietates,
2284 5154 2339 5202 et
2377 5163 2499 5218 quae
2543 5163 2639 5218 per
2685 5163 2747 5203 ea
2793 5163 2916 5219 qua:
2962 5155 3320 5217 operantura
3362 5161 3422 5203 se

1846 5241 2079 5295 invicem
2125 5239 2388 5295 distincta
2433 5238 2824 5305 ostenduntur,
2871 5238 3150 5308 aspiciens
3198 5238 3418 5300 anima,

1836 5349 1933 5404 per
1960 5331 2287 5387 miraculum
2323 5346 2512 5388 eorum
2542 5347 2669 5402 qua:
2706 5339 2990 5401 apparent,
3023 5341 3204 5387 mente
3237 5337 3420 5385 versat

1836 5438 1890 5484 et
1917 5426 2230 5483 considerat
2267 5440 2390 5480 eum
2447 5425 2541 5496 qui
2574 5439 2639 5479 ex
2678 5423 2961 5493 cperibus,
3011 5422 3155 5492 quod
3197 5422 3290 5484 sit,
3335 5421 3418 5475 in-

1838 5519 2126 5589 telligitur.
2173 5514 2338 5572 Forte
2391 5522 2572 5570 autem
2620 5515 2674 5566 in
2725 5512 2909 5567 futuro
2953 5513 3154 5566 saeculo
3197 5510 3419 5579 quando

1840 5606 2102 5679 quidquid
2131 5606 2346 5660 videtur
2382 5602 2706 5674 praeterierit
2737 5602 3128 5657 convenienter
3162 5599 3278 5652 νοιὶ
3310 5598 3417 5651 Do-

1846 5700 1975 5754 mini
2016 5720 2026 5753 :
2059 5697 2270 5752 Cwlum.
2293 5707 2340 5748 et
2371 5706 2513 5749 terra
2543 5694 2845 5749 transibunt
2874 5708 2890 5745 :
2917 5693 3070 5747 verba
3098 5703 3270 5746 autem
3299 5709 3412 5746 mea

1849 5807 1948 5843 mm
1991 5785 2286 5842 transibunt
2309 5785 2356 5817 "
2387 5803 2398 5838 :
2431 5791 2483 5839 et
2512 5782 2578 5836 ad
2609 5782 2756 5836 illam
2802 5783 2968 5837 vitam
3001 5781 3413 5839 transierimus.
