3948 6192
473 351 600 408 10ιί

1784 356 1841 411 S.
1873 352 2195 411 GREGORII
2234 352 2526 409 NYSSENI

3550 357 3649 412 lOI‘Z

474 453 597 536 quae
627 475 682 521 et
704 467 884 521 visum
910 477 1153 528 superat.
1185 475 1238 522 et
1263 469 1510 522 auditum
1533 477 1588 522 et
1617 470 2040 539 cogitationem:
2071 516 2074 527 .

2175 496 2179 539 ι
2216 469 2356 539 ὑπὲρ
2403 468 2678 540 ὀφθαλμόν
2720 469 2780 523 τέ
2821 471 3058 524 ἐστικαὶ
3097 470 3263 540 ἀκοὴν
3309 472 3398 524 καὶ
3441 471 3649 524 διάνοιαν·

475 567 605 611 tunc
633 571 742 610 non
772 556 1007 626 amplius
1036 572 1103 612 ex
1136 571 1289 628 parte
1326 575 1422 628 per
1454 560 1830 628 operationem
1857 575 2050 615 eorum

475 660 597 717 quas
646 654 956 701 cernuntur
1001 647 1128 701 boni
1169 657 1426 702 naturam
1475 664 1836 719 agnoscemus
1857 649 1938 713 “,
1993 657 2052 702 ut

475 752 624 792 nunc
666 737 744 801 tit,
784 752 885 791 nec
914 752 980 791 ex
1025 753 1215 793 eorum
1247 754 1368 808 qua:
1398 748 1678 810 apparent,
1711 741 2048 809 Operatione,

477 828 815 898 intelligetur;
855 828 909 882 id
952 827 1099 898 quod
1143 831 1514 899 supereminet
1549 830 1686 886 :sed
1733 830 1892 885 aliter
1935 845 2053 883 om-

477 919 608 972 nino
661 919 1161 989 comprehendetur
1210 921 1499 978 ineﬂ‘ahilis
1552 938 1725 992 genus
1759 923 2054 979 beatitudi-

478 1009 584 1070 nis,
618 1017 669 1063 et
697 1010 802 1062 alia
835 1009 959 1078 ejus
990 1008 1236 1064 fruendae
1269 1011 1430 1075 ratio,
1464 1011 1624 1080 cujus
1654 1027 1762 1066 non
1795 1020 2054 1068 estnunc

477 1115 540 1155 ea
569 1107 767 1154 natura
790 1107 849 1155 ut
874 1101 1136 1156 ascendat
1163 1100 1218 1154 in
1251 1115 1348 1156 cor
1381 1101 1641 1158 hominis.
1673 1102 1832 1158 Nunc
1870 1112 2054 1160 tamen

479 1195 749 1263 tantisper
801 1193 997 1248 animae
1032 1201 1238 1249 nostrae
1269 1194 1483 1263 positus
1524 1202 1608 1250 est
1648 1195 1739 1250 hic
1786 1195 2056 1250 terminus

480 1285 815 1356 cognitionis
844 1285 1015 1350 illius,
1045 1286 1140 1356 qui
1167 1285 1459 1342 ineﬁ‘ahilis
1492 1294 1598 1351 est,
1629 1287 1750 1356 ejus
1781 1287 2052 1358 operatio,

480 1392 602 1446 quae
632 1376 686 1430 in
711 1375 874 1431 rebus
903 1377 1108 1431 creatis
1136 1385 1382 1446 apparet,
1405 1392 1569 1446 quam
1602 1377 1812 1446 tropice
1837 1392 2055 1431 manum

482 1467 588 1521 dici
639 1467 1032 1522 intelleximus.
1084 1466 1199 1522 Hoc
1227 1483 1359 1538 ergo
1402 1468 1562 1522 nobis
1587 1467 1785 1538 dogma
1815 1467 2058 1537 philoso-

483 1559 643 1628 phice
695 1569 780 1615 est
826 1559 1089 1616 traditum
1139 1575 1236 1631 per
1274 1560 1392 1615 haec
1443 1560 1631 1615 divina
1674 1561 1914 1630 eloquia,
1966 1575 2061 1628 per

484 1666 607 1720 quze
655 1666 793 1720 pura
849 1653 1053 1716 anima,
1100 1659 1156 1707 et
1203 1666 1311 1706 non
1359 1651 1596 1721 amplius
1643 1651 1954 1721 ingrediens
2005 1650 2060 1702 in

485 1744 600 1795 vita
634 1750 852 1797 terrena
881 1749 935 1796 et
962 1742 1270 1808 materiali,
1293 1757 1360 1798 ne
1393 1757 1492 1797 sua
1524 1741 1775 1810 inquinet
1806 1740 2060 1809 vestigia,

2150 563 2270 616 τότε
2301 562 2482 615 οὐκέτι
2521 562 2585 614 ὲκ
2617 561 2814 633 μέρους
2845 562 2932 615 διὰ
2963 562 3070 614 τῶν
3104 561 3279 631 ἔργων
3311 564 3654 632 mmmam

2149 652 2248 718 τὴν
2284 651 2378 704 τοῦ
2407 651 2608 720 ἀγαθοῦ
2636 651 2816 720 φύσιν,
2844 651 3034 723 ὥσπερ
3071 654 3165 706 καὶ
3192 652 3287 706 νῦν
3311 671 3322 684 ·
3353 654 3467 706 οὐδὲ
3497 654 3562 705 διὰ
3583 655 3656 722 τῆς

2150 743 2259 795 τῶν
2288 742 2626 812 φαινομένων
2649 743 2928 813 ἐνεργείας
2955 744 3016 796 τὸ
3047 745 3440 812 ὑπερκείμενον
3466 744 3660 812 veneﬁca-

2152 848 2275 884 ται·
2321 831 2433 886 ἀλλ’
2468 832 2672 903 ἑτέρως
2718 831 3195 903 καταληφθήσεται
3241 833 3455 895 πάντως
3485 831 3535 884 τὸ
3561 827 3663 893 εἶδος

2153 925 2253 993 τῆς
2292 924 2568 994 ἀφράστου
2615 925 3032 996 μακαριότητος,
3073 925 3167 978 καὶ
3201 910 3357 988 ἄλλος
3395 926 3564 994 τρόπος
3590 927 3666 992 τῆς

2153 1012 2530 1078 ἀπολαύσεως,
2551 1014 2610 1078 ὃς
2639 1014 2731 1067 νῦν
2752 1013 2843 1066 ἐπὶ
2865 1013 3090 1083 καρδίαν
3110 1013 3397 1085 ἀνθρώπου
3419 1013 3669 1067 ἀναϐαίνειν

2158 1101 2317 1171 φύσιν
2357 1101 2456 1154 οὐκ
2499 1101 2634 1171 ἔχει.
2663 1101 2812 1169 Τέως
2850 1102 2908 1154 δὲ
2942 1101 3035 1155 νῦν
3070 1104 3194 1174 ὅρος
3221 1105 3286 1173 τῇ
3315 1103 3458 1172 ψυχῇ
3491 1103 3569 1172 τῆς
3596 1103 3673 1156 τοῦ

2157 1191 2436 1263 ἀφράστου
2477 1190 2729 1260 γνώσεώς
2777 1193 2922 1244 ἐστιν
2960 1194 2993 1263 ή
3027 1193 3398 1262 ἐμφαινομένη
3438 1195 3535 1255 τοίς
3561 1188 3678 1245 οὖσιν

2157 1283 2441 1354 ἐνέργεια,
2489 1285 2555 1353 ἢν
2601 1286 2759 1353 χεῖρα
2799 1282 3054 1349 λέγεσθαι
3100 1283 3377 1353 τροπικῶς
3412 1284 3685 1352 ἐνοήσαμεν.

2158 1374 2329 1428 Τοῦτο
2358 1375 2536 1428 τοίνυν
2564 1376 2694 1446 ἡμῖν
2720 1375 2780 1427 τὸ
2803 1374 2978 1444 δόγμα
2999 1374 3084 1428 διὰ
3107 1375 3214 1428 τῶν
3243 1374 3403 1429 θείων
3426 1373 3599 1427 τούτων
3616 1374 3691 1426 λο-

2159 1465 2292 1534 γίων
2323 1463 2770 1535 πεφιλοσόφηται,
2791 1467 2855 1518 δι’
2886 1459 2961 1519 ὧν
2983 1466 3017 1534 ὴ
3051 1465 3268 1535 καθαρὰ
3300 1465 3463 1535 ψυχὴ,
3487 1465 3567 1518 καὶ⁵
3588 1465 3696 1517 οὑκ-

2162 1556 2243 1610 έτι
2279 1555 2372 1610 τοῦ
2411 1558 2602 1626 γηΐνου
2653 1573 2708 1608 τε
2769 1556 2866 1609 καὶ
2917 1555 3102 1609 ὑλικοῦ
3151 1555 3265 1624 βίου
3310 1555 3699 1615 ἐπιϐατεύουσα,

2161 1648 2250 1702 ἵνα
2283 1647 2357 1716 μὴ
2395 1645 2599 1716 μολύνῃ
2638 1647 2834 1716 ἑαυτῆς
2863 1645 2923 1699 τὺ
2966 1645 3109 1716 ἴχνος
3147 1649 3258 1710 τοῖς
3295 1647 3443 1700 κάτω
3470 1646 3704 1717 ὲνερειδο-

2169 1739 2328 1809 μένη,
2362 1737 2776 1808 προσδοκήκασα
2798 1737 2958 1790 αὐτὸν
2982 1736 3342 1803 ὑποδέξασθαι
3363 1737 3452 1790 τὸν
3481 1736 3706 1806 νυμφίον,

488 1835 542 1887 in
578 1835 744 1888 rebus
789 1834 1054 1889 insistens
1093 1832 1470 1898 inferioribus,
1505 1842 1832 1902 exspectans
1862 1831 1975 1886 fore.
2005 1840 2063 1883 ut

2175 1803 2304 1880 ὅλον*
2321 1827 2380 1878 ἐν
2514 1803 2646 1896 οἴκιρ
2686 1825 2974 1895 γενόμενον
2995 1842 3006 1855 ·
3037 1825 3290 1894 ἠγάπησε
3332 1825 3487 1895 μόνον
3513 1803 3634 1886 τέως
3661 1825 3710 1876 ὲν

486 1935 660 1980 totum
693 1926 968 1995 exciperet
995 1939 1259 1994 sponsum
1295 1924 1516 1979 domum
1553 1925 1860 1992 ingressum
1887 1940 1900 1975 :
1929 1936 2066 1991 prae-

487 2016 636 2069 clare
681 2028 864 2068 secum
919 2013 1005 2082 agi
1051 2013 1401 2076 existimavit,
1451 2013 1497 2067 si
1552 2013 1726 2068 solum
1769 2027 1867 2080 per
1907 2009 2062 2064 fene-

490 2114 658 2160 stram
713 2118 935 2158 manum
985 2104 1316 2171 aspexisset,
1372 2119 1470 2170 per
1526 2118 1690 2172 quam
1745 2102 2067 2170 intelligitur

490 2197 668 2249 virtus
709 2194 831 2263 ejus
865 2207 1119 2263 operans.
1156 2191 1426 2245 Patruelis
1470 2207 1634 2255 meus,
1683 2190 1884 2260 inquit,
1923 2189 2066 2242 misit

490 2301 709 2337 manum
752 2300 908 2336 suam
959 2298 1050 2350 per
1101 2282 1363 2350 foramen.
1417 2280 1534 2336 Non
1578 2281 1722 2335 enim
1761 2289 1938 2349 potest
1984 2280 2067 2334 vis

493 2377 733 2428 humana
780 2374 836 2427 in
888 2368 950 2428 se'
996 2371 1241 2442 recipere
1288 2381 1539 2427 naturam
1594 2372 1862 2426 inﬁnitam
1897 2380 1950 2426 et
1983 2369 2069 2424 in-

492 2465 1066 2536 eomprehensihilem.
1137 2464 1328 2519 Venter
1391 2476 1565 2519 autem
1629 2481 1810 2525 metu,
1856 2463 2066 2533 inquit,

493 2567 784 2610 commotus
834 2563 912 2608 est
949 2554 1004 2607 in
1037 2555 1228 2622 ipsum.
1259 2552 1466 2610 Numen
1511 2555 1643 2608 illud
1684 2553 2071 2608 cornrnotionis

494 2647 766 2717 signiﬁcat
801 2645 1094 2717 quemdam
1129 2655 1414 2717 stuporem
1447 2656 1502 2702 et
1544 2646 1972 2702 admirationem
2000 2645 2072 2701 ob

495 2737 818 2791 miraculum
849 2734 998 2806 quod
1033 2737 1306 2806 apparuit.
1345 2735 1613 2792 Universa
1643 2739 1788 2791 enim
1820 2736 1942 2805 ejus
1974 2751 2072 2790 θος

494 2826 703 2896 gitandi
756 2835 812 2880 et
869 2826 1214 2896 intelligendi
1262 2825 1496 2881 facultas
1549 2835 1820 2881 commota
1865 2834 1950 2881 est
2003 2825 2072 2881 ad

498 2917 824 2972 miraculum
861 2932 1054 2972 eorum
1087 2931 1209 2987 quae
1244 2931 1341 2985 per
1374 2930 1595 2970 manum
1625 2916 1876 2972 divinam
1895 2931 2071 2984 agun-

498 3017 587 3087 tur
616 3027 629 3063 :
666 3023 901 3079 quorum
937 3008 1304 3063 consideratio
1346 3006 1640 3062 humanam
1675 3010 1940 3075 superans
1972 3020 2070 3060 na-

2165 1919 2271 1989 ὁπῇ
2319 1917 2418 1986 τὴν
2474 1919 2630 1988 χεῖρα
2687 1916 3019 1984 θεάσασθαι,
3069 1917 3137 1969 δι’
3185 1912 3254 1988 ἧς
3304 1915 3712 1987 ἑρμηνεύεταιὴ

2167 2008 2490 2079 ὲνεργητικὴ
2525 2007 2689 2060 αὑτοῦ
2723 2006 2967 2077 δύναμις.
3010 2006 3355 2076 Ἀδελφιὸός
3382 2025 3520 2076 μου,
3550 2007 3713 2074 φησίν,

2165 2101 2487 2154 ἀπέστειλε
2519 2099 2632 2167 τὴν
2655 2098 2820 2168 χεῖρα
2845 2100 3030 2152 αὐτοῦ
3063 2097 3162 2151 διὰ
3191 2097 3301 2165 τῆς
3324 2096 3498 2166 ὀπῆς.
3528 2097 3595 2148 Οὐ
3623 2097 3714 2164 γὰρ

2168 2192 2334 2260 χωρεί
2386 2193 2419 2259 ἡ
2476 2187 2788 2259 ἀνθρωπίνη
2852 2187 3078 2258 δύναμις
3122 2186 3218 2258 τὴν
3258 2187 3504 2257 ἀόριστόν
3549 2202 3604 2237 τε
3637 2185 3715 2236 καὶ

2169 2279 2538 2350 ἀπερίληπτον
2567 2277 2728 2345 φύσιν
2761 2280 2818 2330 ὲν
2841 2279 3002 2348 ἑαυτῇ
3035 2276 3308 2341 δέξασθαι.
3347 2277 3420 2331 ἹΙ
3449 2274 3515 2328 δὲ
3543 2273 3717 2326 κοιλία

2163 2389 2304 2441 μου,
2346 2372 2540 2442 φησὶν,
2593 2369 2843 2438 ἐθροήθη
2893 2368 2984 2422 ἐπ’
3032 2369 3255 2424 αὐτόν.
3298 2365 3590 2435 Ἐκπληξίν
3617 2380 3723 2415 τινα

2170 2464 2263 2518 καὶ
2293 2463 2541 2533 ξενισμὸν
2575 2461 2827 2532 σημαίνει
2847 2461 2938 2513 ἐπὶ
2958 2458 3035 2529 τῷ
3057 2459 3278 2527 φανέντι
3296 2457 3531 2527 θαύματι
3564 2457 3620 2507 τὸ
3637 2454 3725 2523 τῆς

2171 2557 2446 2627 θροήσεως
2499 2555 2686 2624 ὄνομα.
2749 2554 2906 2606 Πᾶσα
2966 2550 3076 2621 γὰρ
3135 2550 3303 2620 αὐτῆς
3349 2551 3383 2620 ἠ
3432 2546 3732 2616 διανοητικὴ

2169 2647 2392 2714 δύναμις
2424 2646 2746 2716 συνεκινήθη
2773 2644 2908 2715 πρὸς
2938 2643 2997 2696 τὸ
3025 2643 3209 2712 θαῦμα
3235 2642 3341 2696 τῶν
3365 2641 3451 2695 διὰ
3477 2640 3578 2710 τῆς
3600 2638 3739 2700 θείας

2170 2738 2348 2809 χειρὸς
2379 2738 2778 2809 ἐνεργουμένων
2799 2754 2810 2766 ·
2848 2730 2922 2790 ὧν
2955 2739 2990 2806 ἡ
3020 2735 3345 2805 κατανόησις
3376 2729 3746 2803 ὑπερκειμένη

2171 2830 2232 2882 τὸ
2257 2828 2634 2900 ἀκατάληπτον
2654 2845 2713 2880 τε
2737 2828 2831 2880 καὶ
2852 2825 3133 2907 ἁχὼρητον
3159 2826 3255 2895 τῆς
3275 2823 3370 2878 τοῦ
3399 2821 3752 2893 ἐνεργοῦντος

2173 2920 2387 2990 φύσεως
2427 2919 2491 2972 δι’
2522 2919 2718 2990 ἑαυτῆς
2757 2917 3069 2990 ἑρμηνεύει.
3111 2917 3269 2969 Πᾶσα
3302 2914 3410 2985 γὰρ
3449 2915 3482 2983 η
3516 2911 3635 2964 τῶν
3675 2910 3759 2961 δν·

2172 3029 2280 3065 των
2309 3011 2483 3074 κτίσις
2502 3011 2605 3085 τῆς
2631 3010 2812 3080 χειρὸς
2839 3009 3053 3079 ἐκείνης
3083 3008 3182 3076 τῆς
3216 3005 3306 3059 διὰ
3330 3007 3429 3074 τῆς
3449 3002 3602 3071 ὀπῆς
3632 3002 3762 3070 ἡμῖν

499 3109 699 3162 turam,
741 3115 838 3170 per
879 3115 940 3155 se
983 3099 1381 3168 interpretatur
1417 3098 1813 3168 comprehendi
1854 3107 1910 3152 et
1952 3097 2071 3168 capi

2178 3103 2580 3174 φανερωθείσης
2622 3101 2781 3173 ἔργον
2815 3102 2980 3165 ἐστὶν,
3028 3100 3103 3164 ὡς
3147 3101 3175 3150 ὁ
3225 3098 3476 3166 Ἰωάννης
3523 3095 3630 3165 βοᾷ
3681 3088 3770 3141 λέ-

499 3205 610 3245 ιιοιι
651 3205 814 3260 posse
845 3197 1098 3244 naturam
1135 3189 1258 3255 ejus
1301 3189 1395 3258 qui
1436 3197 1715 3258 operatur.
1761 3186 1898 3242 Nam
1951 3188 2077 3242 uni-

501 3295 663 3334 versa
697 3293 910 3344 eorum,
943 3293 1065 3348 qua:
1099 3285 1252 3342 sunt,
1279 3285 1555 3342 creatura,
1590 3286 1674 3333 est
1704 3294 1842 3348 opus
1886 3294 2081 3334 manus

501 3370 653 3424 illius
691 3383 814 3438 qua:
847 3369 1104 3438 apparuit
1138 3384 1237 3438 per
1279 3367 1548 3430 foramen.
1594 3377 1653 3424 ut
1699 3367 1938 3424 Joannes
1971 3370 2084 3424 cla-

503 3469 619 3516 mat
653 3460 706 3514 in
734 3458 1051 3529 Evangelia,
1085 3467 1139 3515 et
1171 3459 1434 3530 propheta
1462 3459 1538 3513 illi
1571 3459 1919 3529 suﬂ‘ragatur.
1947 3459 2082 3516 Nam

503 3554 596 3607 ille
637 3551 856 3622 quidem
897 3551 1073 3607 dicit:
1110 3552 1304 3607 Omnia
1350 3568 1442 3621 per
1479 3552 1650 3620 ipsum
1683 3551 1828 3619 facta
1869 3563 1990 3606 sunt
2016 3553 2080 3605 ⁸⁷.

505 3645 780 3715 Propheta
832 3655 1015 3698 autem
1069 3645 1318 3698 nominat
1363 3659 1590 3698 manum
1631 3643 1952 3698 ellicientem
2001 3660 2085 3699 eo-

507 3749 629 3788 rum
662 3750 784 3804 quze
825 3741 978 3797 sunt,
1007 3735 1289 3799 virtutem,
1313 3733 1548 3789 dicens:
1580 3732 1775 3790 Manus
1819 3752 1937 3788 mea
1963 3735 2086 3804 fecit

508 3826 619 3879 haec
651 3827 831 3880 omnia
851 3826 918 3878 ⁸⁸.
974 3823 1031 3879 Si
1063 3839 1194 3894 ergo
1222 3839 1389 3895 opera
1439 3825 1592 3880 illius
1631 3827 1990 3896 Operationis,
2035 3835 2090 3880 et

509 3918 616 3972 alia
647 3918 853 3982 omnia,
897 3927 950 3972 et
977 3917 1257 3972 ctelestem
1307 3917 1799 3986 pulchritudinem,
1843 3918 2086 3972 nondum

511 4005 929 4074 comprehendit
961 4005 1245 4073 inquirens
1279 4005 1519 4059 hominis
1553 4004 1932 4076 intelligentia,
1958 4005 2088 4076 quid

511 4096 586 4150 sit
609 4095 773 4150 homo
806 4096 1111 4151 secundum
1145 4095 1464 4156 essentiam,
1502 4097 1584 4150 vel
1617 4096 1722 4158 sol.
1765 4097 1851 4151 vel
1884 4097 2090 4166 aliquid

512 4200 578 4240 ex
614 4186 685 4240 iis
716 4202 839 4256 quae
871 4187 928 4240 in
963 4187 1243 4242 creatione
1270 4194 1537 4256 apparent
1567 4186 1848 4241 miraculis
1881 4205 1895 4240 :
1931 4203 1993 4242 ea
2025 4189 2094 4244 de

514 4292 687 4333 causa
716 4286 1093 4332 commovetur
1124 4293 1280 4332 mens
1309 4278 1570 4339 humana,
1605 4284 1662 4331 et
1695 4277 1936 4332 divinam
1965 4293 2093 4349 ope.

513 4370 781 4425 rationem
830 4371 1084 4425 miratur.
1128 4369 1262 4423 Nam
1310 4369 1356 4424 si
1403 4370 1866 4438 comprehendere
1904 4375 2092 4442 nequit

2180 3213 2312 3263 γων,
2353 3194 2446 3247 καὶ
2473 3195 2502 3246 ὁ
2548 3194 2832 3266 προφήτης
2860 3191 2937 3262 τῷ
2975 3189 3288 3259 Εὑαγγελίῳ
3324 3186 3769 3257 συμφθέγγεται.

2193 3286 2254 3342 '0
2292 3287 2390 3356 μὲν
2419 3286 2526 3358 γάρ
2564 3301 2753 3354 φησιν·
2785 3287 2868 3338 ὅτι
2904 3281 3106 3337 Πάντα
3149 3280 3224 3335 δι’
3262 3277 3450 3334 αὑτοῦ
3497 3274 3769 3344 ἐγένετο·

2182 3379 2212 3431 ὁ
2259 3377 2316 3431 δὲ
2352 3379 2634 3446 προφήτης
2676 3375 2831 3444 χεῖρα
2876 3371 3131 3443 ὀνομάζει
3169 3370 3266 3438 τὴν
3321 3367 3623 3436 ποιητικὴν
3668 3359 3774 3412 τῶν

2183 3469 2349 3520 ὄντων
2374 3466 2630 3536 δύναμίν,
2667 3462 2836 3517 εἰπών
2854 3480 2867 3492 ·
2915 3463 2976 3517 Ἠ
3000 3462 3128 3531 χείρ
3150 3478 3268 3529 μου
3294 3459 3555 3524 ἐποίησε
3589 3451 3776 3507 ταῦτα

2185 3558 2399 3614 πάντα.
2433 3557 2496 3610 Et
2524 3553 2617 3611 οὖν
2643 3555 2712 3609 τά
2744 3555 2844 3624 τῆς
2876 3552 3152 3624 ἐνεργείας
3182 3552 3396 3621 ἐκείνης
3421 3549 3593 3619 ἔργα,
3619 3545 3691 3596 τά
3723 3555 3779 3592 τε

2185 3653 2321 3708 ἄλλα
2342 3652 2538 3714 πάντα,
2561 3651 2656 3705 καὶ
2685 3648 2752 3702 τά
2777 3648 3002 3720 οὐράνια
3024 3645 3216 3716 κάλλη.
3247 3643 3399 3696 ούπω
3421 3643 3475 3694 δὲ
3511 3635 3776 3699 κατείλη·

2187 3761 2285 3813 φεν
2331 3743 2365 3812 ἡ
2406 3740 2672 3813 ζητητικὴ
2707 3739 2799 3792 τοῦ
2843 3735 3127 3810 ἀνθρώπου
3165 3734 3394 3790 διάνοια,
3433 3730 3485 3782 τί
3530 3724 3662 3781 κατ’
3692 3721 3781 3774 οὐ·

2191 3835 2310 3889 σίαν
2339 3836 2366 3887 ὁ
2405 3832 2689 3903 ἄνθρωπός
2729 3832 2876 3884 ἐστιν
2900 3870 2915 3896 ,
2972 3827 3005 3899 ἢ
3041 3829 3070 3881 ὁ
3107 3826 3290 3896 ἥλιος,
3325 3822 3359 3893 ἦ
3403 3820 3536 3873 ἄλλο
3578 3833 3635 3868 τι
3676 3813 3780 3865 τὼν

2190 3923 2530 3995 φαινομένων
2573 3924 2630 3975 ὲν
2679 3924 2744 3992 τῇ
2784 3919 2962 3973 κτίσει
3007 3915 3297 3987 θαυμάτων
3322 3928 3335 3941 '
3372 3910 3571 3964 τούτου
3621 3904 3780 3995 κάρ-’ξ

2191 3989 2428 4087 θροεῖται
2457 4013 2591 4084 πρὸς
2626 3989 2742 4083 τὴν⁷
2760 4011 2908 4064 θείαν
2951 4008 3231 4077 ἐνέργειαν
3257 4006 3290 4074 ἡ
3323 4001 3521 4071 καρδία
3545 4015 3560 4027 °
3604 3997 3689 4087 ὅτι
3733 3989 3778 4040 εἰ

2189 4107 2366 4161 ταῦτα
2403 4103 2724 4159 καταλαϐεῖν
2761 4102 2823 4154 οὐ
2852 4102 3046 4171 χωρεῖ,
3081 4097 3196 4160 πῶς
3226 4096 3325 4162 τὴν
3363 4083 3776 4160 ὑπερκειμένην

2192 4195 2394 4250 τούτων
2426 4192 2788 4264 καταλήψεται
2837 4191 3029 4258 φύσινς
3065 4187 3216 4257 Τάχα
3249 4185 3306 4239 δέ
3344 4202 3428 4246 τις
3460 4182 3560 4235 xat‘t
3602 4175 3773 4232 ἄλλως

2197 4284 2512 4358 μεταλαϐὼν
2555 4284 2622 4337 τά
2662 4283 2770 4336 τῶν
2808 4280 3108 4352 εἰρημένων
3155 4279 3487 4349 αἰνίγματα,
3537 4272 3640 4325 ούκ
3672 4265 3774 4331 ἔξω

2193 4378 2287 4431 τοῦ
2316 4377 2520 4440 εἰκότος
2555 4374 2814 4446 προσάξει
2851 4374 2948 4443 τὴν
2979 4371 3231 4443 θεωρίαν.

513 4463 641 4524 ista,
677 4459 1140 4531 quemadmodum
1185 4459 1610 4528 comprehendet
1644 4475 1787 4522 eam.
1826 4479 1950 4532 qua:
1997 4477 2082 4522 est
2148 4469 2258 4524 illis
2326 4468 2596 4537 superior,
2653 4464 2939 4530 naturam?
2987 4462 3148 4516 Forte
3197 4468 3380 4514 autem
3414 4461 3581 4512 etiam
3634 4448 3765 4503 alius

516 4557 792 4626 quispiam
823 4556 878 4609 in
916 4555 1079 4608 aliam
1107 4555 1435 4608 sententiam
1481 4555 1723 4624 acceptis
1762 4572 1951 4613 eorum
2014 4579 2134 4632 qua:
2173 4563 2317 4618 dicta
2359 4571 2488 4617 sunt
2549 4559 2948 4631 mnigtnatibus.
2971 4571 3078 4610 non
3111 4556 3179 4609 ab
3208 4567 3274 4608 eo
3298 4551 3442 4622 quod
3469 4557 3557 4604 est
3585 4539 3766 4598 verisi-

518 4650 666 4711 mile,
693 4654 960 4702 remotam
991 4646 1154 4700 faciet
1190 4646 1708 4713 contemplationem
1740 4648 1839 4718 (α).

589 4739 842 4793 Arbitror
869 4738 1014 4793 enim
1044 4751 1141 4806 per
1168 4751 1386 4805 sponsa:
1411 4736 1633 4790 domum
1661 4737 1887 4810 intelligi
1920 4749 2074 4798 totan

2269 4739 2434 4813 Οἶμαι
2464 4741 2572 4810 γὰρ
2602 4737 2747 4795 οἷκον
2785 4739 3022 4793 νοεῖσθαι
3054 4739 3150 4807 τῆς
3190 4736 3410 4806 νύμφης
3453 4734 3629 4784 πᾶσαν
3673 4721 3763 4813 ῖὴν

520 4831 685 4884 vitam
714 4831 1034 4889 humanam,
1059 4828 1200 4881 hanc
1223 4843 1350 4881 vero
1383 4842 1605 4881 manum
1629 4829 1980 4886 conditricem
2013 4849 2099 4889 re-

521 4933 644 4972 rum
671 4918 915 4972 omnium
946 4916 1105 4986 quasi
1141 4915 1580 4984 peregrinatione
1614 4926 1866 4986 suscepta
1902 4919 1957 4973 in
2001 4920 2096 4974 ho-

524 5011 732 5064 minum
759 5008 926 5059 vitam
957 5006 1152 5060 exilem
1188 5021 1251 5059 ac
1291 5006 1498 5061 nullius
1533 5008 1817 5072 momenti,
1859 5009 2096 5078 seipsatn

525 5099 676 5153 velut
711 5097 920 5151 arctius
971 5097 1336 5156 contraxisse,
1391 5097 1554 5166 idque
1598 5100 1652 5151 in
1689 5114 1754 5152 eo
1801 5100 1947 5168 quod
2002 5115 2100 5168 per

526 5189 710 5245 omnia
739 5194 947 5240 natura:
972 5194 1174 5240 nostra:
1213 5187 1483 5257 particeps
1510 5188 1681 5252 ﬁeret,
1711 5197 1938 5260 excepto
1969 5205 2097 5260 pec-

529 5289 673 5335 cato.
719 5281 904 5347 Itaque
941 5285 1301 5348 posteaquam
1354 5279 1420 5333 ad
1455 5294 1558 5334 nos
1606 5283 1922 5347 accesserit,
1969 5296 2100 5337 con-

470 5403 501 5441 ρ
534 5373 922 5431 sternationem
962 5370 1256 5440 quamdam
1285 5377 1339 5424 et
1371 5371 1788 5427 admirationem
1822 5373 1902 5428 rei
1942 5386 2100 5427 novas

585 5555 672 5608 ιιι
709 5557 837 5610 Cor.
863 5571 984 5615 χιιι,
1017 5556 1104 5609 l2.
1174 5553 1217 5585 ⁸⁷
1249 5549 1446 5606 Joann.
1478 5565 1517 5616 ι,
1543 5552 1596 5606 3.
1654 5550 1701 5583 "
1725 5549 1833 5606 lsa.
1871 5567 2017 5620 ιινι,
2043 5553 2097 5608 2.

2199 4811 2541 4904 ἀνθρωπίνην
2573 4832 2746 4902 ζωήν·
2779 4829 2982 4898 ταύτην
3009 4829 3064 4882 δὲ
3100 4827 3197 4896 τὴν
3234 4828 3393 4895 χεῖρα
3422 4823 3518 4891 τὴν
3547 4816 3646 4871 τῶν
3683 4811 3757 4904 ὖνς

2198 4897 2312 4978 των-
2339 4897 2644 4993 ποιητικὴν,
2672 4897 3057 4991 ’ἐνδημῆσασαν
3090 4915 3226 4989 πρὸς
3265 4915 3329 4968 τὺ
3368 4911 3538 4984 βραχύ
3577 4922 3629 4956 τε

2199 5014 2468 5068 ούτιδανὸν
2497 5011 2589 5064 τοῦ
2620 5011 2958 5082 ἀνθρωπίνου
2994 5009 3106 5079 βίου
3138 5006 3334 5075 ἑαυτὴν
3365 4998 3647 5055 συστεῖλαι,

2199 5103 2294 5158 τοῦ
2327 5106 2612 5173 μετασχεῖν
2649 5102 2746 5172 τῆς
2787 5101 3000 5170 φύσεως
3037 5097 3194 5168 ἡμῶν
3233 5094 3374 5148 κατὰ
3403 5092 3602 5144 πάντα.
3641 5073 3735 5173 ξαθ

2203 5166 2716 5264 ὁμοιοτηταῖχωρὶς,
2742 5166 3035 5261 ἁμαρτίας.
3062 5166 3177 5238 ἡἘν
3213 5186 3342 5254 ἡμῖν
3379 5182 3432 5232 δὲ
3472 5166 3750 5266 γενομένηῖ

2205 5245 2424 5356 θρόησιύ
2458 5245 2750 5352 ὲμτῖοιῆσαι
2782 5245 2882 5333 ικαί
2909 5277 3156 5347 ξενισμὸν
3190 5279 3310 5339 ταῖς
3347 5270 3555 5343 ψυχαῖς,
3588 5245 3745 5360 ﬁlioli}

2207 5376 2335 5439 Θεὸς
2356 5377 2412 5428 ὲν
2435 5375 2593 5446 σαρκὶ
2619 5372 2946 5444 φανεροῦται
2969 5387 2983 5436 ;
3011 5369 3133 5434 Πῶς
3173 5373 3202 5426 ὁ
3219 5359 3742 5437 Λόγοςγίνεταισάρςῖ

605 5672 684 5738 (α)
740 5670 1018 5726 Hactenus
1066 5667 1308 5723 excurrit
1350 5665 1566 5720 llerveti
1619 5666 1894 5736 exemplar
1933 5683 2098 5738 :quaa
2135 5680 2264 5722 vero
2307 5669 2634 5732 sequuntur,
2677 5667 2804 5716 sunt
2857 5673 2921 5713 ex
2992 5655 3349 5711 translatione
3394 5648 3548 5703 Joan.
3624 5632 3757 5688 ιω·

554 5746 819 5803 wenciali.
