3948 6192
487 248 630 310 1015

1745 251 1802 309 S.
1834 252 2161 312 GREGOBII
2193 250 2480 311 NYSSENI

3551 271 3659 328 l0l‘3

487 371 718 433 faciunt,
771 368 926 440 quasi
971 371 1245 440 quoddam
1295 375 1621 444 prommium
1671 378 2066 448 navigationis,

2187 375 2334 448 εὐχὴν
2367 375 2642 430 ποιοῦνται
2672 375 2773 446 τῆς
2796 375 3075 440 ναυτιλίας
3103 380 3386 451 προοίμιον,
3413 383 3526 440 Θεδν
3547 389 3665 456 γίνε-

487 478 553 517 ac
590 469 784 531 petunt
817 463 893 516 uti
939 461 1083 518 Deus
1123 465 1260 534 ipsis
1288 466 1398 522 dux
1439 469 1511 524 sit
1549 468 1614 522 ad
1657 470 2064 540 navigationem

487 553 711 607 felicem
732 569 796 608 ac
830 570 1168 627 prosperam.
1204 558 1465 629 Adeoque
1497 563 1613 616 voti
1646 567 1816 618 totius
1852 579 2070 619 summa

487 651 591 710 est,
624 653 686 699 ut
727 656 924 704 ventus
956 649 1090 704 levis
1137 659 1191 704 et
1245 651 1474 708 idoneus
1505 654 1836 724 navigationi
1888 657 1944 710 in
1977 673 2070 711 ve-

488 733 601 787 lum
650 734 855 790 incidat
896 738 962 792 ad
991 754 1114 792 eum
1155 740 1539 810 gubernatoris
1588 759 1836 814 scopum,
1874 747 1966 819 qui
2012 748 2068 801 in

488 826 653 896 puppi
707 829 980 885 consistit.
1040 830 1091 885 ls
1143 840 1324 887 autem
1375 847 1570 891 ventus
1619 838 1665 891 si
1716 853 1782 893 ex
1824 839 2068 909 ipsorum

490 927 620 971 voto
661 920 742 975 eis
781 922 1008 991 aspiret,
1044 932 1100 977 et
1148 926 1625 996 marejucundum
1661 931 1718 984 lit
1769 930 1924 1002 ipsis,
1968 932 2069 987 llu-

491 1009 673 1065 ctibus
716 1011 946 1080 placidis
995 1030 1116 1070 sese
1162 1015 1358 1072 leniter
1388 1019 1629 1090 erigens,
1667 1037 1849 1092 neque
1886 1024 2067 1095 pelagi

493 1098 798 1166 amplitudo
837 1101 1135 1171 quidquam
1185 1103 1342 1160 affert
1376 1108 1664 1174 molestiae,
1699 1127 1823 1166 cum
1873 1128 2070 1184 magna

465 1185 756 1244 'l‘acilitate
788 1191 944 1245 navis
977 1191 1030 1246 in
1069 1193 1205 1264 ipsis
1239 1197 1400 1253 undis
1444 1201 1603 1269 quasi
1639 1202 1800 1267 volet,
1850 1211 1906 1259 et
1941 1219 2074 1275 opes

491 1280 668 1334 oculis
713 1281 1111 1350 obversantur,
1165 1303 1303 1357 quas
1346 1306 1412 1344 ex
1461 1303 1771 1348 mercatura
1825 1305 2070 1366 sperant,

477 1371 601 1438 jam
678 1373 795 1443 ipsa
877 1378 1245 1448 navigationis
1301 1385 1710 1453 prosperitate,
1778 1397 2072 1458 antequam

495 1466 798 1535 periculum
855 1467 1058 1523 factum
1111 1473 1225 1534 sit,
1284 1490 1531 1545 magnam
1604 1493 1787 1534 rerum
1861 1481 2073 1550 copiam

494 1554 803 1624 pollicente.
898 1557 1018 1625 Quo
1128 1570 1309 1617 autem
1386 1567 1686 1636 respiciens
1769 1569 1872 1624 hoc
1955 1578 2078 1624 utar

495 1648 740 1711 exordio,
802 1652 1106 1721 intelligere
1168 1655 1450 1712 auditores
1491 1661 1752 1726 arbitror,
1807 1671 2078 1733 quotquot

494 1754 594 1808 pro
642 1743 1030 1812 perspicuitate
1073 1747 1274 1818 ingenii
1320 1751 1404 1805 sui
1436 1751 1568 1822 quid
1603 1755 1946 1825 propositum
1987 1771 2078 1810 no-

495 1832 582 1887 his
624 1834 714 1896 sit,
752 1836 960 1890 vident.
997 1837 1208 1894 Etenim
1259 1842 1454 1912 ingens
1502 1859 1653 1899 mare
1687 1846 2077 1902 consideratio-

496 1928 582 1980 nis
613 1925 924 1981 divinorum
962 1931 1249 1984 verborum
1287 1933 1444 1988 nobis
1477 1937 1817 2005 propositum
1854 1948 1978 2003 est;
2023 1948 2077 1994 ct

495 2019 690 2086 amplae
722 2019 821 2072 hac
853 2036 916 2073 ex
953 2022 1301 2088 navigatione
1341 2026 1671 2095 cognitionis
1699 2044 1830 2097 opes
1858 2045 2079 2098 speran-

497 2113 584 2158 tur
617 2126 629 2160 :
661 2119 710 2159 et
748 2110 984 2174 animata
1025 2111 1181 2164 navis
1221 2111 1356 2176 haac,
1383 2112 1646 2166 nimirum
1695 2113 1936 2169 Ecclesia
1973 2131 2074 2170 no-

496 2203 630 2255 stra,
670 2203 784 2248 toto
822 2195 941 2263 ejus
971 2197 1206 2262 collecto
1243 2213 1495 2268 corpore,
1527 2203 1682 2269 quasi
1721 2216 1979 2273 provecta
2021 2206 2077 2259 in

495 2286 688 2350 altum,
725 2285 791 2339 ad
843 2287 1214 2344 enarrationis
1267 2299 1470 2346 nostra:
1522 2293 1690 2347 veluti
1737 2295 1959 2352 divitias
1993 2298 2078 2352 in-

496 2385 642 2428 tenta
684 2385 788 2430 est.
830 2375 1026 2431 Verum
1063 2381 1242 2434 oratio
1277 2391 1489 2448 nostra,
1523 2401 1646 2454 quae
1694 2389 2078 2458 gubernatoris

495 2465 670 2519 cilicio
703 2464 1110 2536 iungitur,,nou
1141 2471 1294 2540 prius
1323 2474 1538 2528 clavum
1573 2476 1627 2529 in
1659 2491 1855 2532 manus
1886 2485 2072 2543 sumit,

495 2571 660 2624 quam
704 2562 962 2614 universe
1015 2568 1188 2614 totum
1234 2563 1390 2619 navis
1434 2564 1600 2634 hujus
1639 2579 1841 2636 corpus
1891 2575 2074 2622 votum

496 2647 605 2702 Deo
642 2649 824 2709 faciat,
861 2659 920 2703 ut
950 2651 998 2706 is
1031 2654 1237 2722 aSpiret
1269 2655 1431 2710 nobis
1485 2657 1631 2710 sacri
1663 2657 1902 2728 Spiritus
1943 2661 2075 2726 vim,

496 2742 1002 2812 Cogitationumque
1049 2743 1247 2802 [luctus
1297 2758 1530 2812 moveat,
1577 2765 1642 2803 ac
1685 2765 1782 2818 per
1811 2751 1912 2806 hos
1953 2767 2077 2806 orao

496 2834 698 2888 tionem
740 2845 984 2890 nostram
1032 2839 1188 2907 quasi
1241 2854 1500 2909 prospera
1548 2841 1896 2912 navigatione
1943 2862 2082 2915 qua-

496 2926 619 2980 dam
690 2938 931 2985 utentem
1005 2943 1148 2985 recta
1208 2932 1502 2988 deducat:

2173 468 2296 521 σθαι
2325 465 2678 538 καθηγέμονά
2698 483 2828 536 φασι
2847 467 2949 533 τῆς
2971 469 3221 534 εὐπλοίας
3241 473 3536 544 αἰτούμενοι.
3551 480 3671 534 rm

2171 560 2466 631 κεφάλαιόν
2500 562 2647 614 ἐστιν
2679 560 2863 623 αὐτοῖς
2893 561 2992 631 τῆς
3019 562 3179 632 εὐχῆς
3208 565 3408 635 πνεῦμα
3444 573 3672 640 προσηνές

2172 669 2230 705 τε
2260 653 2355 706 καὶ
2387 652 2618 722 πλόϊμον
2656 653 2917 722 ἐμπεσεῖν
2947 652 3026 723 τῷ
3061 655 3210 726 ἱστίῳ
3240 656 3364 726 πρὸς
3391 658 3474 712 τὸν
3510 663 3678 716 σκοπὸν

2170 741 2264 795 τοῦ
2305 743 2636 813 κυϐερνήτου
2669 743 2808 796 κατὰ
2839 743 3095 815 πρύμναν
3123 746 3388 817 ἱσταμένου
3412 766 3425 780 ο
3450 741 3504 802 οὗ
3539 767 3674 806 κατα·

2173 833 2383 904 θυμίως
2437 835 2617 897 αὐτοῖς
2667 835 3043 902 ἐπιπνέοντος,
3086 837 3236 906 ἡδεῖα
3278 839 3434 911 μένὴ
3477 841 3678 897 θάλασσα

2173 925 2380 994 γίνεται
2406 964 2421 987 ,
2465 927 2576 988 τοῖς
2605 927 2889 997 ἠρεμαίοις
2933 927 3140 998 κύμασι
3169 929 3441 999 γλαφυρῶς
3469 935 3681 1004 ἐπιφρίσο

2177 1032 2343 1068 σουσα
2369 1033 2382 1045 ·
2411 1015 2594 1070 ἄλυπα
2617 1017 2674 1070 δέ
2698 1017 2791 1070 τοῦ
2819 1017 3090 1086 πελάγους
3116 1018 3181 1071 τὰ
3202 1020 3368 1092 πλάτη
3395 1022 3454 1075 δι’
3481 1024 3683 1088 εὐκολίας

2174 1107 2274 1175 τῆς
2317 1105 2444 1176 νηὸς
2507 1107 2903 1178 ἐφιπταμένης,
2955 1107 3051 1160 καὶ
3101 1108 3555 1181 ἀπολισθαινούσης
3597 1117 3688 1176 τοῖς

2177 1195 2359 1248 ὐδασι’
2391 1194 2496 1263 πρὸ
2534 1194 2825 1265 ὀφθαλμῶν
2856 1195 2912 1248 δὲ
2954 1196 2982 1248 ὁ
3013 1194 3238 1259 πλοῦτος
3263 1198 3290 1249 ὁ
3319 1197 3401 1250 διὰ
3439 1197 3528 1264 τῆς
3553 1199 3690 1267 ἐμπο-

2178 1285 2300 1358 ρίας
2330 1287 2499 1357 αὐτῆς
2525 1287 2870 1359 ἐλπιζόμενος
2897 1287 3019 1358 ἤδη,
3043 1288 3142 1358 τῆς
3165 1287 3406 1351 εὐπλοίας
3431 1289 3694 1359 ὲγνωμένης

2177 1378 2271 1431 καὶ
2305 1377 2411 1448 πρὸ
2442 1378 2542 1444 τῆς
2587 1379 2802 1444 πείρας.
2837 1379 3006 1449 Δῆλον
3053 1379 3266 1442 πάντως
3293 1378 3404 1432 ἐστὶ
3430 1381 3527 1441 τοῖς
3552 1381 3693 1448 εὐμα-

2179 1467 2452 1539 θεστέροις
2483 1468 2589 1522 τῶν
2622 1470 2908 1541 ἀκροατῶν
2938 1472 2996 1523 τὸ
3023 1469 3102 1540 τῷ
3134 1470 3318 1540 σκοπῷ
3345 1469 3434 1524 τοῦ
3457 1473 3697 1542 προοιμίου

2181 1561 2559 1633 προκείμενον.
2605 1563 2763 1630 Μέγα
2814 1562 3099 1633 πρόκειται
3130 1561 3209 1632 τῷ
3254 1561 3393 1632 λόγῳ
3423 1561 3478 1614 τὸ
3506 1562 3699 1629 πέλαγος

2181 1653 2282 1722 τῆς
2325 1652 2432 1705 τῶν
2483 1651 2644 1704 θείων
2685 1652 2862 1724 ῥητῶν
2913 1653 3168 1724 θεωρίας.
3232 1652 3399 1714 Πολὺς
3423 1651 3475 1703 δέ
3513 1651 3590 1703 διὰ
3625 1651 3704 1720 τῆς

2184 1745 2458 1808 ναυτιλίας
2486 1744 2690 1815 ταύτης
2716 1747 2744 1796 ὁ
2777 1745 2874 1814 τῆς
2898 1745 3155 1813 γνώσεως
3192 1743 3412 1805 πλοῦτος
3438 1741 3702 1806 ἐλπίζεταιο

2185 1838 2218 1906 ἡ
2259 1836 2312 1888 δὲ
2355 1835 2596 1907 ἔμψυχος
2645 1835 2782 1906 αὐτη
2811 1835 2941 1899 ναῦς
3007 1835 3305 1904 Ἐκκλησία
3329 1874 3343 1897 ,
3385 1834 3438 1886 ἐν
3477 1831 3619 1885 παντὶ
3646 1829 3710 1900 τῷ

2186 1929 2301 1999 ἰδίῳ
2354 1928 2457 1997 πλη
2469 1928 2676 1998 ρώ-ματι
2722 1927 2857 1998 πρὸς
2893 1929 2984 1981 τὸν
3034 1926 3266 1981 πλοῦτον
3318 1926 3411 1996 τῆς
3446 1923 3712 1992 ἐξηγήσεως

2187 2021 2372 2089 βλέπει
2425 2021 2714 2092 μετέωρος.
2777 2021 2913 2073 Ἀλλ’
2963 2021 3024 2074 οὐ
3074 2021 3344 2092 πρότερον
3386 2019 3595 2071 ἅπτεται
3625 2012 3713 2065 τῶν

2182 2110 2382 2163 οἰάκων
2425 2113 2452 2162 ὁ
2482 2112 2823 2182 κυϐερνήτης
2852 2110 3008 2180 λόγος
3033 2152 3047 2176 ,
3077 2113 3215 2182 πρὶν
3242 2111 3304 2162 ἐκ
3335 2106 3503 2162 κοινοῦ
3530 2104 3715 2173 γένηται

2181 2202 2275 2256 τοῦ
2311 2203 2674 2275 πληρώματος
2703 2203 2803 2273 τῆς
2834 2201 2959 2272 νηὸς
2994 2204 3027 2273 ὴ
3058 2202 3220 2272 εὐχὴ,
3249 2201 3322 2263 ὡς
3359 2195 3648 2250 ἐπιπνεῦσαί
3668 2210 3716 2245 τε

2182 2297 2313 2365 ἡμῖν
2341 2296 2438 2365 τὴν
2479 2295 2572 2348 τοῦ
2619 2295 2776 2365 ἁγίου
2806 2294 3128 2366 Πνεύματος
3154 2293 3380 2363 δύναμιν
3398 2330 3413 2351 .
3453 2289 3541 2342 καὶ
3569 2289 3719 2340 ἀνακι-

2177 2391 2343 2462 ,νῆσαι
2391 2392 2500 2445 τῶν
2528 2393 2812 2463 νοημάτων
2836 2393 2905 2446 τά
2950 2391 3200 2462 κύματα,
3235 2389 3328 2444 καὶ
3367 2388 3430 2441 δι’
3471 2381 3626 2440 αὐτῶν
3651 2378 3721 2431 εὐ-

2185 2483 2448 2537 πνοοῦντα
2478 2487 2811 2555 προαγαγεῖν
2848 2485 2927 2537 δι’.
2949 2484 3172 2547 εὐθείας
3194 2483 3286 2536 τὸν
3311 2481 3460 2548 λόγον
3484 2493 3496 2506 ·
3522 2475 3581 2528 ἵν’
3608 2471 3724 2525 οὐτω

2181 2572 2427 2644 πελάγιοι
2449 2576 2536 2630 διά
2563 2578 2662 2647 τῆς
2689 2563 2921 2650 θεωρίας
2943 2580 3260 2649 γενόμενοι,
3287 2577 3379 2629 τὸν
3398 2575 3490 2644 τῆς
3513 2567 3723 2640 γνώσεως

2183 2668 2407 2721 πλοῦτον
2447 2669 2921 2741 ἐμπορευσώμεθα
2946 2712 2960 2734 ,
3004 2671 3174 2741 εἴπερ
3205 2668 3345 2722 ἔλθοι
3366 2665 3450 2720 διὰ
3467 2663 3564 2717 τῶν
3584 2657 3728 2728 εὖχῶν

2183 2760 2338 2831 ὑμῶν
2368 2762 2428 2815 τὸ
2461 2762 2685 2835 Πνεῦμα
2725 2763 2785 2816 τὸ
2826 2763 2982 2831 ἆγιον
3009 2764 3102 2816 ἐπὶ
3141 2764 3232 2817 τὸν
3256 2761 3430 2830 λόγον,
3461 2757 3547 2811 καὶ
3581 2752 3734 2821 πλήσῃ,

2185 2851 2247 2904 τὸ
2273 2853 2462 2906 ἱστίον.

1559 2941 1620 2986 ut
1663 2935 1764 2989 hoc
1833 2936 1995 2992 modo
2041 2940 2094 2994 in
2141 2943 2308 2997 altum
2366 2961 2462 3014 per
2523 2947 3034 3016 contemplationem
3103 2946 3400 3018 provecti,
3452 2932 3730 3010 cognitionis

496 3038 629 3092 ones
663 3027 830 3079 veluti
865 3042 1076 3081 merces
1116 3028 1382 3097 quasdam
1413 3044 1823 3100 comparemus,
1872 3033 1919 3088 si
1989 3034 2138 3094 forte
2214 3056 2310 3112 per
2338 3052 2547 3099 vestras
2576 3059 2766 3113 preces
2796 3055 2854 3100 ut
2883 3045 3123 3100 orationi
3154 3054 3357 3101 nostra:
3385 3037 3538 3096 ﬂatus
3567 3039 3643 3093 ille
3667 3048 3735 3090 sa-

496 3134 592 3173 cer
622 3120 899 3174 secundus
931 3122 1021 3185 sit,
1058 3132 1109 3175 et
1142 3123 1260 3175 vela
1291 3122 1537 3191 impleat,
1572 3125 1913 3195 impelretur.

570 3213 700 3266 Esto
733 3223 912 3268 autem
944 3216 1213 3270 orationis
1247 3217 1458 3271 initium
1491 3221 1608 3290 ipsa
1644 3225 2011 3294 proiectorum
2049 3243 2078 3282 a
2112 3234 2154 3293 C

502 3304 706 3372 Spiritu
744 3305 931 3358 divino
968 3307 1260 3361 verborum
1301 3317 1775 3381 commemoratio,
1811 3334 1932 3388 qua:
1966 3320 2086 3389 qui-

502 3395 624 3448 dem
658 3411 886 3463 prorsus
925 3397 1036 3453 hare
1078 3408 1226 3456 sunt:
1266 3399 1491 3456 διιπεπὶ
1541 3407 1800 3475 equidem,
1830 3418 1886 3461 ut
1919 3412 2088 3478 aperi-

504 3502 610 3540 rem
649 3498 870 3557 cognato
915 3505 1047 3544 men.
1095 3491 1287 3546 Manus
1322 3509 1450 3548 mea:
1483 3497 1758 3552 stillarum
1794 3501 2083 3570 myrrham,

504 3579 658 3649 digiti
694 3582 793 3633 mei
826 3588 1098 3652 myrrham
1130 3586 1361 3638 uberem.
1403 3584 1523 3641 Non
1553 3604 1716 3658 posse
1760 3599 1939 3646 autem
1983 3595 2089 3648 alia

503 3676 717 3735 ratione
749 3675 886 3740 fieri,
908 3684 964 3730 ut
1001 3677 1183 3731 vivum
1216 3676 1455 3734 Verbum
1492 3681 1561 3735 sit
1594 3682 1648 3736 in
1685 3683 2085 3755 uobis,purus.

508 3766 754 3836 inquam,
791 3767 884 3822 ille
913 3775 968 3822 et
1003 3767 1364 3840 incorporeus
1393 3787 1652 3841 sponsus,
1705 3776 1799 3846 qui
1835 3791 1931 3846 per
1986 3778 2088 3832 im-

507 3859 898 3912 mortalitatem
932 3874 995 3914 ac
1032 3863 1380 3917 sanctitatem
1418 3865 1523 3920 sibi
1576 3867 1815 3921 animam
1847 3869 2087 3938 copulat,

508 3951 614 4004 nisi
650 3953 774 4020 quis
811 3951 1058 4007 necando
1090 3954 1331 4008 membra
1363 3972 1463 4010 sua
1487 3967 1722 4024 terrena,
1755 3961 1940 4016 carnis
1969 3975 2093 4014 cor-

468 4112 473 4116 ,
511 4040 683 4093 tinam
715 4042 1025 4109 sustulerit,
1053 4050 1217 4113 atque
1245 4043 1321 4097 ita
1346 4043 1526 4100 Verbo
1543 4047 1746 4101 ostium
1791 4049 2088 4118 aperuerit,

513 4148 611 4202 per
644 4133 788 4203 quod
817 4134 871 4188 in
905 4135 1146 4189 animam
1202 4136 1571 4206 ingrediatur:
1597 4141 1650 4193 id
1695 4155 1824 4194 vero
1859 4141 2093 4196 manife-

509 4235 655 4280 stum
681 4235 763 4280 est
797 4242 906 4280 non
943 4227 1104 4282 modo
1132 4245 1199 4284 ex
1253 4229 1456 4285 divinis
1494 4231 1737 4300 Apostoli
1797 4232 2091 4303 dogmatis,

510 4319 605 4372 sed
642 4319 805 4374 etiam
836 4334 901 4374 ex
944 4319 1032 4384 iis,
1062 4337 1184 4390 qute
1222 4321 1308 4376 hic
1336 4337 1368 4376 a
1399 4336 1602 4392 Sponsa
1637 4323 1916 4378 dicuntur.
1956 4323 2094 4378 Sur-

509 4409 647 4475 rexi,
674 4409 773 4472 ait,
803 4416 862 4463 ut
885 4410 1154 4478 aperirem
1189 4419 1423 4481 cognato
1448 4427 1591 4477 meo,
1619 4412 1782 4482 idque
1809 4413 2093 4468 eﬂiciendo

509 4515 574 4553 ex
612 4502 866 4556 manibus
928 4503 1064 4558 meis
1132 4506 1364 4573 myrrha:
1429 4502 1631 4570 fontes,
1679 4520 1709 4559 e
1747 4506 1948 4575 quibus
1992 4505 2095 4559 hoc

2276 3233 2441 3306 Ἀρχὴ
2480 3233 2536 3286 δὲ
2592 3221 2832 3300 γενέσθω
2884 3229 2978 3283 τοῦ
3035 3229 3207 3299 λόγου
3255 3227 3365 3282 τῶν
3415 3219 3737 3306 θεοπνεύστων

2193 3305 2450 3398 ῥημάτων
2497 3327 2528 3395 ἡ
2564 3324 2776 3394 μνήμη,
2816 3323 2908 3374 ἐπὶ
2935 3321 3144 3386 λέξεως
3169 3321 3366 3390 ἔχουσα
3394 3316 3575 3377 οὕτως’
3611 3305 3736 3364 Ἀνέ-

2189 3430 2346 3479 στην
2375 3411 2490 3481 ἐγὼ
2536 3411 2769 3474 ἀνοῖξαι
2815 3408 2894 3475 τῷ
2920 3407 3234 3477 ἀδελφιδῷ
3257 3426 3399 3478 μου.
3435 3403 3618 3472 Χεῒρές
3646 3414 3741 3469 μου

2190 3503 2459 3568 ἐσταξαν
2522 3503 2828 3571 σμύρναν,
2884 3503 2939 3554 οἱ
2996 3499 3306 3554 δάκτυλοί
3348 3515 3466 3567 μου
3511 3493 3740 3563 σμύρναν
3784 3552 3791 3560 ν

2192 3593 2414 3662 πλήρη.
2458 3593 2582 3646 ’Ότι
2616 3595 2714 3662 μὲν
2752 3591 2852 3644 οὐκ
2882 3590 3029 3645 ἐστιν
3067 3592 3132 3643 ἐν
3162 3591 3298 3661 ἡμῖν
3325 3587 3494 3649 ἄλλως
3535 3576 3742 3653 γενέσθαι

2191 3685 2281 3739 τὸν
2321 3683 2499 3748 ζῶντα
2531 3683 2725 3752 Λόγον,
2756 3680 2846 3733 τὸν
2875 3679 3119 3751 καθαρὸν
3165 3679 3312 3747 λέγω
3341 3678 3450 3763 ,καὶ
3476 3675 3742 3772 ἀσήμαντον

2190 3774 2442 3849 νυμφίον,
2486 3773 2575 3826 τὸν
2600 3772 2666 3827 δι’
2692 3770 3000 3842 ἀφθαρσίας
3042 3771 3143 3824 καὶ
3170 3760 3461 3840 ἁγιότητος
3491 3760 3647 3830 ἐαυτῷ
3667 3760 3742 3849 τὴν

2189 3848 2796 3937 ψυχὴνίσυνοικίζοντα,
2829 3866 2876 3917 εί
2912 3864 2986 3935 μή
3035 3881 3126 3926 τις
3155 3863 3250 3917 διά
3290 3860 3385 3915 τοῦ
3414 3856 3656 3925 νεκρῶσαι
3689 3848 3743 3901 τὰ

2195 3957 2332 4030 μέλη
2356 3957 2425 4010 τὰ
2451 3958 2543 4009 ἐπὶ
2572 3957 2669 4026 τῆς
2691 3957 2791 4026 γῆς
2826 3954 3133 4022 περιέλοιτο
3160 3953 3225 4007 τὸ
3256 3954 3360 4022 τῆς
3387 3948 3577 4046 σαρκος
3601 3953 3746 4046 παρρῖ

2195 4048 2484 4118 πέτασμα,
2512 4047 2605 4100 καὶ
2644 4044 2817 4108 οὕτως
2857 4039 3156 4111 ἀνοίξοιτῷ
3179 4044 3342 4112 Λόγῳ
3369 4042 3465 4112 τὴν
3496 4036 3662 4106 θύραν,
3690 4029 3730 4080 δι

2191 4135 2260 4212 ἦς
2295 4142 2372 4203 εἰς
2405 4140 2503 4209 τὴν
2533 4137 2708 4208 ψυχὴν
2739 4135 3088 4200 είσοικίζεται
3117 4151 3131 4164 ·
3165 4133 3328 4205 δῆλόν
3360 4127 3599 4222 ἐστινού
3621 4121 3747 4222 μόνον

2193 4232 2257 4284 ἐκ
2292 4231 2395 4284 τῶν
2426 4231 2583 4284 θείων
2615 4227 2707 4283 τοῦ
2749 4227 3073 4280 Ἀποστόλου
3095 4226 3420 4296 δογμάτων,
3452 4220 3561 4276 ἀλλ’
3586 4221 3641 4270 ἐκ
3664 4220 3748 4265 των

2196 4323 2292 4377 νῦν
2347 4321 2654 4392 εἰρημένων
2702 4319 2853 4391 παρὰ
2903 4319 3004 4390 τῆς
3044 4320 3297 4390 νύμφης,
3357 4315 3600 4384 Ἀνέστην
3643 4305 3745 4376 γάρν

2195 4413 2381 4487 φησὶν,
2411 4414 2620 4478 ἀνοῖξαι
2671 4413 2750 4484 τῷ
2793 4411 3059 4482 ἀδελφιδῷ
3093 4430 3202 4482 μου
3227 4429 3241 4443 ·
3290 4411 3384 4464 διὰ
3427 4406 3535 4499 τοῦ,
3563 4401 3745 4499 ποιῆσαι

2193 4508 2292 4572 τὰς
2345 4508 2535 4578 χεῖράς
2577 4525 2679 4577 μου
2727 4507 2826 4578 τῆς
2873 4505 3120 4576 σμύρνης
3174 4503 3402 4574 πηγὰς,
3450 4498 3540 4569 ἀφ’
3578 4497 3745 4548 ἑαυτῶν

509 4605 694 4645 aroma
729 4592 982 4662 proﬂuat,
1015 4603 1067 4648 et
1088 4591 1420 4648 declaranda
1449 4594 1651 4666 digitos
1683 4611 1844 4651 meos
1869 4595 2082 4667 myrrha

2204 4600 2431 4672 ῥεούσας
2448 4599 2507 4652 τὸ
2529 4600 2748 4670 ἄρωμα,
2778 4599 2872 4652 καὶ
2895 4597 3176 4668 πλήρωμα
3196 4597 3314 4649 τῶν
3333 4593 3602 4648 δακτύλων
3617 4585 3746 4672 δεῖξαῗι

508 4698 632 4737 esse
663 4687 921 4754 repletos.
959 4685 1093 4738 Nam
1127 4685 1214 4741 his
1249 4687 1430 4742 verbis
1461 4688 1680 4742 modum
1713 4687 1941 4753 indicat,
1978 4703 2090 4758 quo

509 4775 789 4843 aperiatur
815 4775 1016 4830 ostium
1048 4792 1274 4846 sponso:
1312 4776 1538 4833 Surrexi
1588 4787 1878 4848 propterea
1941 4779 2090 4849 quod

511 4867 725 4935 sepulta
752 4883 876 4921 cum
907 4884 972 4922 eo
993 4869 1190 4923 fuerim
1229 4886 1324 4938 per
1357 4871 1693 4941 baptismum
1739 4872 1792 4925 in
1829 4879 2087 4927 mortem.

509 4955 628 5010 Non
678 4959 825 5011 enim
880 4961 1212 5014 resurrectio
1249 4961 1549 5030 quidquam
1597 4962 1934 5017 eﬂicacitatis
1993 4964 2092 5017 ha-

509 5050 747 5116 buisset,
790 5052 896 5107 nisi
954 5053 1306 5107 mortilicatio
1348 5056 1658 5109 voluntaria
1694 5057 2091 5126 praacessisset.

513 5142 823 5198 Voluntarii
878 5152 1060 5198 autem
1116 5143 1384 5198 indicium
1413 5155 1498 5201 est
1554 5148 1898 5204 stillicidium
1959 5149 2092 5204 illud

512 5238 747 5310 myrrhrc
796 5238 1017 5292 ﬂuentis
1060 5254 1127 5294 ex
1158 5238 1332 5308 ipsius
1390 5240 1665 5302 manibus,
1719 5249 1772 5296 et
1801 5242 1948 5310 quod
1989 5243 2095 5297 hoc

513 5342 756 5385 aromate
787 5331 939 5400 digiti
981 5329 1102 5399 ejus
1139 5331 1421 5386 abundare
1456 5331 1732 5387 dicantur.
1780 5332 1898 5387 Non
1948 5333 2091 5387 enim

513 5424 735 5478 aliunde
769 5422 1046 5493 myrrham
1079 5423 1134 5478 in
1167 5438 1389 5478 manum
1448 5423 1624 5494 ipsius
1675 5427 1750 5479 ait
1783 5426 2089 5495 pervenire.

510 5511 646 5568 Nam
678 5513 721 5567 si
775 5528 865 5568 res
914 5513 986 5566 ita
1029 5529 1088 5567 se
1137 5511 1386 5574 haberet,
1426 5515 1852 5569 existimandum
1912 5525 2094 5579 esset,

515 5607 732 5660 aliunde
767 5613 972 5668 ortum,
1005 5613 1058 5659 et
1099 5603 1320 5675 quidem
1360 5605 1476 5675 ipsa
1508 5608 1672 5659 invita
1709 5607 1754 5661 ei
1787 5607 2050 5662 accidisse
2073 5646 2085 5668 ,

517 5702 658 5766 quod
698 5714 794 5768 per
839 5699 1116 5772 myrrham
1175 5697 1539 5767 significatur.
1584 5699 1850 5756 Nimirum
1890 5716 2086 5755 manus

2201 4671 2300 4763 τῂν
2331 4691 2592 4763 σμύρναν.
2649 4689 2752 4742 Τὸν
2797 4688 2906 4760 γὰρ
2951 4688 3156 4759 τρόπον
3192 4688 3265 4741 δι’
3300 4682 3364 4741 οὗ
3410 4684 3659 4752 ἀνοίγεται
3690 4671 3748 4736 τῷ

2201 4761 2418 4854 ννμφίίῳ
2520 4781 2676 4852 Θύρα,
2707 4782 2840 4853 φησὶ
2861 4779 2950 4834 διὰ
2972 4779 3079 4834 τῶν
3115 4779 3440 4852 εἰρημένων
3460 4794 3472 4808 ·
3511 4778 3585 4829 ὅτι
3607 4767 3683 4823 Διὰ
3703 4763 3749 4812 τὸ

2202 4875 2535 4942 συνταφῆναι
2571 4872 2720 4943 αὐτῷ
2758 4871 2848 4925 διὰ
2869 4869 2960 4924 τοῦ
2993 4870 3320 4941 βαπτισμοῦ
3345 4871 3426 4931 εἰς
3449 4868 3537 4919 τὸν
3549 4861 3747 4913 θάνατον

2201 4964 2455 5034 ἀνέστην.
2485 4963 2562 5016 Οὐ
2584 4962 2692 5034 γὰρ
2719 4962 2785 5016 ἂν
2802 4963 3098 5033 ἐνήργησεν
3127 4961 3164 5029 ἠ
3201 4961 3526 5019 ἀνάστασις,
3553 4952 3619 5023 μὴ
3644 4960 3748 5015 προ·

2202 5053 2665 5125 καθηγησαμένης
2693 5053 2791 5124 τῆς
2815 5051 3060 5104 ἑκουσίου
3089 5051 3452 5120 νεκρότητος.
3502 5039 3749 5098 Ἐνδείκνυ·

2199 5163 2290 5201 ται
2312 5147 2366 5200 δέ
2390 5147 2452 5200 τὸ
2472 5147 2716 5199 ἑκούσιον
2743 5147 2776 5214 ἡ
2809 5146 2872 5197 ἐκ
2899 5143 3005 5197 τῶν
3027 5143 3239 5213 χειρῶν
3258 5141 3435 5211 αὐτῆς
3455 5131 3751 5206 ἀπορρέουσα

2199 5241 2298 5310 τῆς
2327 5240 2572 5312 σμύρνης
2614 5237 2847 5307 σταγὼν,
2877 5236 2971 5291 καὶ
3000 5235 3061 5289 τὸ
3083 5233 3497 5307 πεπληρῶσθαι
3517 5229 3630 5287 τοὺς
3650 5222 3750 5312 δέκ’

2199 5310 2389 5396 τύλους
2407 5310 2578 5401 αὐτῆς
2603 5329 2697 5383 τοῦ
2725 5329 3015 5400 ἀρώματος
3041 5326 3266 5381 τούτου.
3295 5327 3374 5381 Οὐ
3405 5325 3510 5415 γάρ
3533 5310 3750 5415 ἐτέρφθξῇ

2201 5424 2520 5494 ἐγγενέσθαι
2552 5425 2618 5493 τῇ
2662 5422 2803 5492 χειρὶ
2832 5420 2979 5488 λέγει
3017 5419 3114 5490 τὴν
3159 5419 3438 5489 σμύρναν·
3484 5413 3553 5467 Ἦ
3583 5408 3676 5477 γὰρ
3700 5408 3750 5504 ἦν

2207 5516 2464 5587 ἐνομίσθη
2503 5515 2589 5568 διὰ
2632 5511 2851 5574 τούτου,
2898 5511 3295 5583 περιστατικὸν
3335 5510 3474 5579 αὐτῇ
3510 5505 3593 5559 κα⁴ί

2204 5627 2314 5662 σιον
2343 5607 2618 5676 συμϐῆναι
2645 5606 2705 5660 τὸ
2740 5607 2828 5660 διὰ
2856 5606 2952 5676 τῆς
2976 5602 3229 5675 σμύρνης
3253 5603 3598 5674 δηλούμενον.
3639 5584 3740 5685 ’Λξλ

2200 5699 2365 5763 αὐτάς
2390 5716 2520 5770 φησι
2562 5699 2658 5762 τὰς
2691 5702 2872 5769 χεῖρας
2908 5693 3206 5767 (σημαίνει
3241 5695 3299 5748 δὲ
3335 5693 3425 5750 διὰ
3462 5688 3565 5746 τῶν
3591 5692 3755 5754 χειρων
