3948 6192
251 285 390 342 1017

1292 297 1362 354 ΙΝ
1387 300 1685 362 CANTICA
1713 303 1979 364 CANTIC.
2007 308 2286 369 HOMILIA
2326 316 2438 373 ΧΠ.

3366 329 3498 387 i018

247 404 346 505 τὰς
379 403 738 505 ἐνερητικάς
759 404 858 477 τῆς
877 406 1050 479 ψυχῆς
1075 410 1333 486 κινήσεις)
1357 417 1448 485 ἀφ’
1475 419 1682 474 ἑαυτῶν
1706 421 1826 474 στά-

1936 421 2076 492 ipsas
2116 424 2293 497 inquit
2325 429 2415 500 (et
2447 443 2709 487 manuum
2766 435 3129 505 appellatione
3169 447 3351 496 motus
3378 446 3500 499 ani-

251 496 339 562 ξαι
371 495 471 567 τὴν
505 495 774 569 σμύρναν,
815 501 914 570 τὴν
953 502 1164 556 οἴκοθεν
1196 507 1261 558 ἐκ
1304 510 1676 582 προαιρέσεως
1718 514 1826 567 τῶν

253 587 579 656 σωματικῶν
601 589 891 658 γινομένην
916 590 1292 662 νέκρωσιν·διὰ
1312 596 1502 652 τούτου
1548 600 1826 670 σημαίνων

250 678 346 748 τὴν
378 679 436 728 ἐν
468 677 603 730 πᾶσι
635 683 746 742 τοῖς
771 681 1053 746 δακτύλοις
1099 689 1559 762 πεπληρωμένην.
1587 693 1748 760 Λέγει
1771 695 1828 748 δὲ

251 772 318 824 τὰ
345 771 467 824 καθ’
489 772 718 826 ἕκαστον
753 774 866 842 εῐδη
895 775 963 828 τά
984 777 1322 848 διῃρημένως
1345 763 1420 833 ,δι’
1448 781 1649 853 ἀρετῆς
1673 801 1830 837 σπου-

250 859 554 931 δαζόμενα,
587 861 664 932 τῷ
701 863 809 914 τῶν
841 863 1120 918 δακτύλων
1148 866 1518 940 διερμηνεύων
1561 873 1784 944 ὀνόματι
1811 914 1826 940 ,

251 951 324 1015 t'o;
355 948 493 1005 εἶναι
529 953 703 1007 πάντα
740 955 830 1008 τὸν
873 955 996 1008 νοῦν
1040 957 1150 1011 τῶν
1199 959 1506 1031 λεγομένων
1552 965 1825 1019 τοιοῦτονο

251 1040 332 1092 ὅτι
365 1040 597 1094 Ἕλαϐον
633 1041 861 1113 δύναμιν
904 1044 1251 1111 ἀναστάσεως
1283 1049 1372 1104 διά
1415 1051 1509 1104 τοῦ
1559 1053 1829 1126 νεκρῶσαι

249 1132 316 1184 τὰ
349 1131 485 1204 μέλη
523 1150 627 1202 μου
669 1134 738 1186 τὰ
764 1135 855 1187 ἐπὶ
885 1136 999 1206 τῆς,
1020 1139 1142 1208 γῆς,
1189 1141 1447 1206 ἑκουσίως
1477 1161 1568 1214 μοι
1593 1145 1692 1214 τῆς
1721 1147 1830 1200 τῶν

253 1221 432 1291 μελῶν
487 1223 595 1275 τῶν
634 1224 890 1278 τοιούτων
931 1227 1326 1302 ἐνηργηθείσης
1364 1232 1722 1304 νεκρώσεως,
1767 1237 1828 1290 ού

250 1317 382 1387 παρ’
415 1315 575 1369 ἀλλου
602 1320 720 1380 ταῖς
747 1318 932 1389 χερσὶν
960 1319 1265 1392 ἐντεθείσης
1291 1323 1388 1392 τῆς
1418 1324 1683 1396 σμύρνης,
1715 1327 1830 1380 ἀλλ’

251 1406 316 1458 ἐκ
349 1407 447 1478 τῆς
478 1409 617 1478 ἐμῆς
644 1408 1014 1480 προαιρέσεως
1045 1411 1442 1484 ἀπορρεούσης·
1476 1414 1551 1478 ὼς
1573 1418 1667 1470 κοιλ⁸
1697 1419 1829 1471 πᾶσι

250 1498 364 1557 τοῖς
409 1496 529 1549 κατ’
585 1497 785 1567 ἀρετὴν
835 1497 1281 1569 ἐπιτηδεύμασιν,
1345 1500 1488 1569 ἅπερ
1535 1503 1831 1567 δακτύλους

250 1586 565 1656 ὠνόμασεν,
595 1588 853 1658 ἀνελλιπῆ
887 1589 985 1659 τὴν
1020 1591 1274 1661 τοιαύτην
1300 1593 1528 1662 ὁρᾶσθαι
1566 1595 1826 1652 διάθεσιν.

255 1677 414 1729 Ἔστι
451 1679 558 1749 γὰρ
586 1679 676 1731 ἐπὶ
713 1680 820 1732 τῶν
855 1680 954 1751 τὴν
988 1681 1186 1752 ἀρετὴν
1227 1684 1522 1752 μετιόντων
1571 1687 1718 1750 ἰδεῖν,
1750 1689 1831 1741 ἐνὶ

255 1768 354 1838 μὲν
385 1769 580 1828 αὐτούς
608 1771 1041 1836 τινι³τεθνεῶτας
1070 1773 1258 1838 πάθει,
1281 1775 1338 1826 ἐν
1367 1777 1573 1846 ἑτέροις
1606 1779 1660 1831 δὲ
1695 1779 1828 1844 ζῶν-

251 1875 350 1920 τας
370 1876 384 1889 ·
415 1858 665 1931 καθάπερ
686 1860 898 1931 δρῶμέν
927 1879 1098 1926 τινας,
1135 1863 1463 1934 νεκροῦντας
1500 1866 1595 1936 μὲν
1620 1868 1830 1932 ἑαυτοῖς

252 1949 311 2001 τὸ
339 1949 657 2008 ἀκόλαστον,
697 1949 762 2003 ἂν
805 1950 946 2004 οὕτω
980 1953 1150 2024 τύχοι,
1186 1955 1484 2026 τρέφοντας
1511 1958 1566 2010 δὲ
1607 1957 1672 2010 δι’
1712 1963 1830 2012 ἐπι-

256 2039 473 2109 μελείας
499 2040 590 2094 τὸν
626 2039 812 2109 τύφον,
850 2042 882 2114 ἢ
927 2043 1112 2114 ἔτερόν
1139 2061 1192 2096 τι
1226 2045 1396 2109 πάθος
1430 2047 1490 2098 τὸ
1520 2048 1616 2118 τὴν
1651 2049 1829 2119 ψυχὴν

252 2130 678 2200 λυμαινόμενονο
717 2126 822 2184 οἷον
868 2132 928 2185 τὸ
970 2133 1390 2204 φιλοχρήματον,
1429 2135 1552 2205 se
1595 2136 1828 2206 ὀργίλον,

252 2220 369 2291 me
397 2220 757 2291 φιλόχρηστον
789 2222 881 2274 καὶ
919 2221 1210 2290 φιλόδοξον,
1241 2222 1273 2294 ἢ
1308 2223 1434 2276 ἄλλο
1460 2225 1737 2295 τοιοῦτον·
1768 2219 1829 2278 οὗ

253 2311 443 2373 κακῶς
489 2314 545 2364 ἐν
585 2315 650 2382 τῇ
697 2311 840 2384 ψυχῇ
883 2312 1115 2378 ζῶντος,
1161 2315 1261 2366 οὐκ
1293 2313 1408 2366 ἐστι
1445 2313 1672 2386 πλήρεις
1703 2317 1830 2382 τοὺς

251 2399 550 2465 δακτύλους
585 2401 846 2467 ἐπιδεῖξαι
869 2405 968 2474 τῆς
995 2402 1259 2472 σμύρνης.
1284 2403 1358 2456 Oti
1382 2403 1486 2474 γάρ
1509 2405 1594 2458 διὰ
1616 2407 1831 2460 πάντων

219 2490 506 2566 ,φαίνεται
541 2489 988 2561 ἐπιτηδευμάτων
1039 2491 1072 2561 ή
1116 2490 1210 2544 τοῦ
1254 2492 1423 2545 κακοῦ
1469 2493 1733 2566 νέκρωσίς
1771 2514 1830 2549 τε

254 2582 349 2636 καὶ
371 2583 746 2654 ἀλλοτρίωσις.
775 2583 998 2636 Πάντων
1031 2583 1088 2636 δέ
1112 2582 1504 2654 πληρωθέντων
1527 2586 1635 2639 τῶν
1662 2588 1832 2640 τοιού-

253 2690 362 2726 των
388 2673 668 2727 δακτύλων
698 2674 795 2745 τῆς
817 2673 1104 2745 νοηθείσης
1135 2674 1406 2744 σμύρνης,
1437 2677 1528 2729 καὶ
1549 2677 1831 2731 ἀνίσταται

254 2763 289 2833 ή
305 2761 472 2833 ψυχὴ,
508 2766 603 2817 καὶ
626 2764 830 2832 ἀνοίγει
857 2763 933 2834 τῷ
954 2765 1169 2836 νυμφίῳ
1191 2767 1286 2837 τὴν
1310 2769 1527 2822 εἴσοδονε
1552 2770 1648 2822 Διὶ
1675 2768 1832 2821 τοῦτο

256 2855 398 2924 τάχα
443 2856 538 2908 καὶ
587 2855 616 2907 ὁ
663 2856 836 2925 μέγας
887 2855 1098 2920 Παῦλος
1136 2857 1314 2922 καλῶς
1356 2861 1552 2930 νοήσας
1601 2859 1698 2931 τὴν
1737 2858 1830 2912 τοῦ

257 2943 530 2996 Δεσπότω
560 2945 762 3016 φωνὴν,
787 2946 821 3015 ἥ
845 2963 1028 3016 φησιν,
1051 2948 1131 3000 ὅτι
1162 2951 1281 3002 Οὐκ
1301 2950 1430 3002 ἔστι
1452 2948 1673 3018 φυῆναι
1696 2949 1834 3004 στά-

259 3052 408 3129 iur,
445 3033 674 3129 ἐὰνίμὴ
720 3035 1110 3129 abode—(1.113057
1131 3037 1221 3129 tq’i
1248 3037 1478 3129 (icti-dm)
1507 3042 1544 3129 id
1587 3041 1828 3129 κόκκος.
1859 3072 1900 3129 c

259 3123 428 3177 Τοῦτο
453 3125 714 3195 κηρύσσει
742 3128 806 3196 τῇ
861 3125 1152 3197 Ἐκκλησία
1177 3126 1237 3178 τὸ
1269 3127 1444 3197 δόγμα
1463 3170 1476 3190 ,
1499 3128 1580 3181 ὅτι
1609 3128 1713 3198 χρὴ
1746 3129 1834 3183 θά·

257 3230 416 3266 νατον
454 3213 553 3282 τῆς
583 3212 727 3284 ζωῆς
760 3215 1211 3286 καθηγήσασθαι,
1248 3216 1322 3279 ὡς
1353 3219 1453 3270 οὐκ
1492 3217 1834 3288 ἐνδεχόμενον

262 3304 437 3368 ἄλλως
483 3305 541 3357 ἐν
585 3304 858 3376 ἀνθρώπῳ
895 3307 997 3376 τὴν
1043 3305 1188 3378 ζωὴν
1233 3307 1517 3375 γενέσθαι,
1551 3310 1598 3362 εί
1642 3311 1715 3379 μὴ
1747 3309 1834 3362 διὰ

259 3393 490 3447 θανάτου
518 3393 670 3447 λάϐοι
709 3395 810 3464 τὴν
854 3395 1104 3464 πάροδον.
1132 3396 1334 3467 Διπλῆς
1366 3399 1476 3468 γὰρ
1513 3401 1570 3451 ἐν
1597 3401 1725 3470 ἡμῖν
1747 3399 1835 3452 ού-

259 3501 360 3555 σης
390 3482 490 3554 τῆς
516 3484 757 3551 φύσεως,
787 3485 882 3555 τῆς
921 3485 1020 3556 μὲν
1055 3486 1260 3556 λεπτῆς
1300 3505 1356 3540 τε
1386 3490 1477 3542 καὶ
1519 3491 1709 3559 νοερᾶς
1741 3489 1836 3542 καὶ

258 3575 468 3644 κούφης
492 3591 506 3604 ·
541 3574 638 3644 τῆς
676 3575 730 3628 δὲ
781 3577 1012 3645 παχείας
1059 3578 1152 3630 καὶ
1187 3579 1378 3649 ὑλικῆς
1426 3579 1520 3632 καὶ
1569 3579 1792 3650 βαρείας
1817 3597 1830 3611 ·

256 3663 471 3732 ἀνάγκη
499 3663 646 3714 πᾶσα
665 3661 976 3732 ἀσύμϐατον
1003 3664 1138 3734 πρὸς
1164 3664 1260 3735 τὴν
1292 3666 1485 3735 ἑτέραν
1511 3669 1568 3720 ἐν
1591 3667 1836 3740 ἑκατέρα

258 3753 464 3804 τούτων
495 3753 593 3820 τὴν
631 3753 808 3824 ὁρμὴν
843 3749 979 3806 εἷναι
1017 3755 1110 3808 καὶ
1137 3754 1460 3818 ἰδιάζουσαν.
1495 3755 1568 3808 Τὸ
1603 3757 1699 3826 μέν
1729 3758 1837 3830 γὰρ

259 3844 444 3915 νοερόν
475 3862 532 3897 τε
580 3843 674 3896 καὶ
700 3844 902 3912 κοῦφον
942 3847 1145 3898 οἰκείαν
1181 3846 1295 3917 ἐχει
1346 3847 1443 3918 τὴν
1474 3849 1567 3900 ἐπὶ¹
1611 3849 1680 3902 τά
1723 3849 1836 3903 ἄνω

261 3937 432 4005 φοράν
460 3953 473 3965 ο
505 3935 566 3987 τὸ
599 3936 654 3989 δέ
693 3935 830 4007 βαρὺ
877 3937 972 3990 καὶ
1008 3936 1206 4001 ὑλῶδες
1231 3979 1245 4002 ,
1277 3939 1364 3990 ἀεὶ
1413 3939 1548 4010 πρὸς
1579 3938 1640 3992 τὸ
1688 3940 1840 3994 κάτω

263 4026 418 4097 ῥέπει
470 4027 564 4079 καὶ
613 4027 861 4097 φέρεται.
917 4026 1007 4092 Ἐξ
1049 4028 1292 4081 ἐναντίου
1335 4029 1518 4083 τοίνυν
1549 4032 1838 4102 γινομένης

261 4117 443 4179 αὐτοῖς
471 4117 711 4185 φυσικῶς
750 4117 851 4186 τῆς
880 4119 1145 4188 κινήσεως
1168 4160 1181 4183 ,
1208 4119 1307 4172 οὐκ
1341 4119 1486 4173 ἐστιν
1512 4121 1838 4193 εὑδδωθῆναι

260 4207 322 4260 τὸ
355 4208 440 4260 ἒτε
452 4225 562 4278 ρον,
589 4207 662 4279 μὴ
690 4210 1047 4279 ἀτονήσαντος
1083 4209 1176 4262 τοῦ
1214 4210 1374 4264 ἄλλου
1403 4213 1536 4282 πρὸς
1561 4213 1661 4284 τὴν
1698 4214 1838 4267 κατά

262 4302 424 4372 φύσιν
457 4287 661 4373 φοράν·
695 4301 831 4373 μέση
862 4301 916 4355 δέ
948 4303 1150 4382 ἀμφοῖν
1194 4303 1407 4356 ἐστῶσα
1435 4307 1467 4376 ή
1501 4305 1841 4370 αύτεξούσιος

1930 513 2024 575 mi,
2057 515 2150 584 qui
2197 519 2471 573 actionum
2503 521 2785 578 eﬂectores
2815 536 2961 587 sunt,
2995 525 3211 581 denotat
3239 529 3256 598 )
3285 546 3350 584 ex
3376 548 3499 588 sese

1930 604 2170 660 stillasse
2201 611 2500 679 myrrham,
2534 627 2644 680 quo
2675 615 2985 682 significare
3029 621 3198 671 voluit
3250 637 3313 673 ex
3347 631 3499 676 certo

1931 696 2097 749 animi
2125 698 2338 766 judicio
2372 703 2679 757 institutam
2722 723 3110 773 corporearum
3149 712 3494 767 all'ectimmin

1929 813 2378 879 exstinctionem,
2432 834 2592 887 quam
2660 823 2916 875 omnibus
2981 825 3032 874 in
3080 824 3264 891 digitis
3329 827 3498 882 fuisse

1933 901 2155 957 uberem
2210 908 2286 959 ait
2339 926 2352 961 :
2399 909 2695 979 digilorum
2759 913 3128 980 appellatione
3187 916 3500 985 intelligens

1932 993 2177 1062 singulas
2205 1013 2393 1052 eorum
2430 1003 2664 1070 species,
2697 1020 2818 1074 qua:
2853 1007 2905 1058 in
2960 1006 3110 1059 cultu
3166 1007 3382 1062 virtutis
3414 1007 3498 1060 di-

1931 1097 2088 1138 verse
2125 1101 2153 1138 a
2185 1088 2343 1144 nobis
2375 1089 2758 1146 instituuntur.
2792 1096 2872 1146 Ita
2914 1102 2974 1147 ut
3031 1095 3224 1147 horum
3256 1097 3500 1150 Omnium

1932 1190 2054 1244 quae
2091 1177 2349 1233 dicuntur
2380 1181 2485 1246 hic,
2519 1198 2716 1240 sensus
2749 1186 2968 1255 quidem
3011 1194 3081 1243 sit
3137 1188 3452 1259 hujusmodi
3482 1205 3498 1244 :

1931 1285 2129 1356 Accepi
2155 1288 2260 1341 vim
2292 1293 2712 1348 resurrectionis
2738 1309 2804 1349 ex
2831 1311 2915 1359 eo,
2939 1299 3081 1366 quod
3114 1298 3351 1351 membra
3383 1311 3503 1352 mea

1935 1386 2152 1433 terrena
2185 1388 2400 1437 m'ortua
2452 1384 2803 1453 reddiderim,
2842 1403 3074 1458 eamque
3127 1391 3501 1444 membrorum

1933 1470 2412 1525 mortificationem
2450 1483 2643 1543 sponte
2699 1492 2819 1530 mea
2877 1478 3230 1540 instituerim,
3293 1495 3400 1533 non
3434 1479 3506 1534 ab

1933 1557 2041 1612 alio
2086 1561 2305 1631 myrrha
2343 1564 2472 1618 mihi
2518 1567 2570 1618 in
2619 1582 2814 1621 manus
2871 1568 2994 1622 data
3034 1589 3046 1623 :
3084 1571 3177 1624 sed
3233 1571 3506 1625 defluente

1933 1649 2023 1702 illa
2055 1662 2206 1705 certo
2230 1655 2420 1707 ‘animi
2455 1657 2556 1709 mei
2599 1659 2867 1711 arbitratu
2899 1679 2910 1712 :
2947 1661 3016 1712 ita
3049 1669 3105 1712 ut
3135 1661 3185 1713 in
3245 1663 3503 1716 omnibus

1863 1753 1903 1808 Β
1933 1741 2068 1796 meis
2102 1744 2286 1797 virtuti
2327 1749 2712 1802 consentaneis
2768 1753 3074 1812 conatibus,
3131 1768 3268 1820 quos
3303 1753 3503 1821 digitos

1933 1835 2170 1896 vocavit,
2214 1835 2325 1889 haec
2355 1837 2519 1890 animi
2571 1838 2784 1894 affectio
2832 1843 3051 1910 copiose
3106 1844 3498 1911 eoiispiciatur.

1936 1921 2144 1976 Etenim
2180 1925 2363 1980 videre
2390 1936 2473 1981 est
2503 1943 2597 1982 eos
2633 1931 2724 1999 qui
2783 1917 2914 1984 non.
2948 1933 3186 2002 perfecte
3243 1934 3502 1988 virtutem

1932 2014 2142 2078 colunt,
2183 2031 2294 2070 uno
2336 2018 2553 2086 quidem
2617 2022 2738 2075 illos
2778 2024 2943 2077 animi
3004 2026 3194 2079 morbo
3254 2035 3503 2080 mortuos

1932 2119 2074 2170 esse,
2117 2107 2209 2159 sed
2242 2106 2294 2160 in
2328 2109 2542 2164 caeteris
2572 2111 2792 2166 vivere:
2848 2114 3307 2182 quemadmodum
3355 2115 3505 2169 vide-

1933 2209 2056 2250 mus
2088 2199 2380 2253 nonnullos
2447 2199 2948 2270 intemperantiam,
2982 2205 3131 2259 verbi
3189 2205 3384 2275 gratia,
3447 2205 3504 2262 in

1933 2291 2133 2359 seipsis
2163 2291 2320 2362 quasi
2357 2301 2533 2347 morte
2572 2295 2824 2356 multare,
2859 2295 2952 2348 sed
2980 2312 3176 2366 magno
3203 2296 3384 2351 studio
3413 2313 3506 2351 su-

1934 2383 2175 2452 perbiam
2231 2383 2398 2447 alere,
2447 2385 2731 2450 vel‘aliud
2767 2388 3038 2456 quoddam
3091 2388 3280 2442 vitium
3325 2387 3506 2442 animo

1933 2475 2347 2544 perniciosum:
2390 2477 2539 2532 verbi
2572 2479 2767 2546 gratia,
2796 2479 3154 2548 cupiditatem
3195 2495 3382 2549 opum,
3419 2478 3504 2533 vel

1932 2566 2298 2629 iracundiam,
2326 2567 2408 2622 vel
2437 2569 2814 2632 ambitionem,
2846 2571 2931 2624 vel
2968 2569 3096 2639 quid
3144 2570 3290 2623 aliud
3320 2569 3508 2638 eiusce

1932 2659 2169 2728 generis,
2205 2659 2351 2728 quod
2403 2659 2530 2714 dum
2582 2659 2760 2713 adhuc
2815 2661 2956 2714 male
3009 2660 3142 2713 vivit
3172 2661 3223 2713 in
3284 2661 3506 2722 animo,

1934 2751 2047 2804 fieri
2079 2766 2187 2804 non
2225 2757 2406 2820 potest
2437 2758 2496 2806 ut
2531 2751 2652 2820 quis
2685 2750 2885 2820 digitos
2917 2765 3048 2805 suos
3084 2751 3302 2820 myrrha
3331 2749 3509 2804 refer-

1934 2854 2020 2898 tos
2051 2843 2326 2898 ostendat.
2355 2841 2473 2896 Non
2502 2843 2646 2896 enim
2685 2842 2864 2896 elucet
2904 2843 2959 2896 in
2995 2841 3250 2896 omnibus
3311 2840 3508 2896 studiis

1933 2941 1987 2989 et
2034 2935 2344 2990 actionibus
2397 2933 2692 2989 exstinctio
2721 2934 2869 2998 mali,
2929 2942 2982 2988 et
3027 2933 3273 3003 quietiam
3321 2933 3390 2988 ab
3439 2947 3509 2988 eo

1935 3027 2082 3082 velut
2113 3027 2464 3081 abalienatio.
2499 3027 2568 3081 At
2595 3043 2718 3081 cum
2780 3027 2934 3096 digiti
2967 3041 3157 3080 omnes
3190 3024 3506 3092 huiusmodi

1935 3120 2177 3188 myrrha,
2208 3135 2328 3188 quae
2355 3118 2446 3172 hic
2477 3117 2822 3189 intelligitur,
2845 3117 3036 3187 repleti
3065 3126 3215 3180 sunt,
3241 3125 3354 3170 tuin
3378 3132 3509 3171 vero

1934 3216 1988 3264 et
2017 3210 2194 3280 surgit
2223 3212 2426 3274 anima,
2458 3219 2512 3265 et
2548 3209 2752 3263 aditum
2802 3224 3006 3279 sponso
3049 3207 3329 3278 patefacit.
3366 3206 3508 3261 Pro-

1935 3308 2120 3370 pterea
2153 3299 2338 3356 forsan
2382 3308 2436 3355 et
2463 3315 2693 3371 magnus
2727 3300 2816 3354 ille
2854 3298 3056 3354 Paulus
3089 3306 3238 3352 recte
3289 3297 3508 3352 intelle-

1935 3401 2024 3447 cta
2066 3391 2280 3446 Domini
2313 3408 2447 3447 voce
2474 3393 2568 3452 ait.
2605 3392 2719 3446 fieri
2759 3407 2868 3445 non
2907 3405 3072 3461 posse
3101 3398 3160 3444 ut
3187 3390 3334 3459 spica
3378 3403 3509 3458 pro-

1935 3483 2138 3548 veniat,
2175 3483 2280 3538 nisi
2316 3483 2469 3552 prius
2507 3491 2681 3536 morte
2711 3497 2940 3552 granum
2982 3481 3334 3536 dissolvatur.
3372 3478 3511 3544 Qui-

1935 3576 2039 3630 bus
2081 3575 2134 3628 in
2193 3575 2374 3628 verbis
2432 3574 2572 3628 hanc
2627 3572 2886 3628 Ecclesiae
2939 3572 3245 3626 doctrinam
3307 3569 3508 3633 tradit,

1938 3675 2191 3736 oportere
2229 3665 2488 3719 nimirum
2545 3671 2671 3718 ante
2705 3665 2872 3716 vitam
2906 3663 3210 3732 praecedere
3252 3668 3508 3725 mortem,

1938 3757 2084 3830 quod
2117 3757 2412 3824 ceteroqui
2446 3755 2561 3809 fieri
2596 3762 2850 3823 nequeat,
2885 3761 2943 3806 ut
2974 3755 3082 3805 vita
3135 3753 3205 3807 sit
3239 3752 3292 3804 in
3335 3749 3508 3803 homi-

1938 3863 2027 3914 ne,
2048 3847 2152 3902 nisi
2191 3862 2287 3916 per
2315 3854 2545 3899 mortem
2577 3841 3138 3913 ingrediatur”.Nam
3157 3856 3281 3894 cum
3310 3846 3508 3893 natura

1939 3940 2009 3996 sit
2035 3939 2233 4008 duplex
2267 3939 2319 3992 in
2356 3939 2536 4000 nobis,
2580 3937 2751 3990 altera
2801 3936 3038 3996 subtilis.
3086 3932 3421 4002 intelligendi
3455 3929 3509 3984 vi

1940 4032 2191 4103 prardita,
2225 4030 2402 4097 levis;
2441 4032 2611 4083 altera
2647 4043 2857 4089 crassa,
2893 4035 3068 4081 terrea
3118 4025 3341 4080 materie
3374 4037 3508 4076 con-

1940 4133 2117 4187 stans,
2153 4121 2370 4192 gravis:
2403 4119 2626 4174 omnino
2661 4133 2885 4173 necesse
2913 4118 3074 4171 est'in
3109 4116 3303 4169 harum
3357 4121 3510 4167 utra-

1939 4229 2046 4282 que
2078 4213 2336 4282 impetum
2367 4211 2698 4280 peculiarem
2735 4217 2788 4262 et
2823 4209 3204 4262 abhorrentem
3238 4207 3305 4259 ab
3338 4204 3510 4258 altera

1939 4321 2082 4360 esse.
2111 4303 2243 4358 Nam
2275 4302 2418 4372 quod
2448 4301 2817 4370 intelligentia:
2839 4301 2943 4353 vim
2970 4299 3128 4351 habet
3161 4311 3224 4348 ac
3256 4295 3370 4347 leve
3401 4302 3509 4356 est,

262 4396 416 4466 ήμῶν
428 4394 654 4462 δύναμίς
671 4409 728 4444 τε
747 4393 839 4446 κα)⁹
869 4396 1202 4466 προαίρεσις,
1224 4393 1289 4448 δι’
1310 4397 1736 4468 ἑαυτῆς-ἐμποιεῖ
1750 4397 1833 4450 καλ

1947 4396 2296 4468 peculiariter
2325 4395 2396 4448 ita
2421 4400 2797 4461 comparatum
2829 4398 3010 4452 est,ut
3040 4401 3258 4443 sursum
3293 4383 3507 4438 tendat:

261 4487 411 4540 τόνον
445 4485 520 4555 τῷ
553 4485 808 4554 κάμνοντι
837 4486 931 4538 καὶ
957 4485 1172 4538 ἀτονίαν
1185 4486 1262 4557 τῷ
1288 4490 1646 4559 κατισχύοντι.
1689 4491 1775 4543 Ἐν
1802 4483 1846 4558 ᾧ

257 4577 369 4648 γὰρ
399 4575 624 4646 γένηται
651 4575 829 4647 μέρει,
863 4574 1037 4645 τούτῳ
1059 4576 1242 4629 δίδωσι
1285 4587 1422 4630 κατὰ
1453 4578 1548 4631 τού
1587 4577 1746 4632 ἄλλου
1775 4578 1846 4631 τὰ

257 4673 574 4742 νικητήρια.
609 4670 793 4734 Οὕτως
815 4671 872 4723 ἐν
911 4668 986 4739 τῷ
1010 4671 1326 4741 Εὑαγγελίῳ
1359 4673 1660 4725 ἐπαινεῖται
1683 4673 1783 4742 μέν
1805 4673 1834 4725 ὁ

260 4763 455 4826 πιστὸς
473 4765 566 4816 καὶ
593 4762 854 4832 φρόνιμος
881 4761 1194 4833 οἰκονόμος·
1221 4757 1373 4824 οὗτος
1401 4758 1508 4833 γάρ
1529 4765 1665 4827 ἐστι,
1701 4764 1844 4818 κατά

260 4871 324 4922 γε
350 4854 442 4906 τὸν
466 4855 594 4923 ἐμῦν
627 4852 802 4919 λόγον,
835 4853 868 4922 ή
896 4851 1074 4914 καλῶς
1098 4851 1206 4904 τῶν
1233 4852 1289 4904 ἐν
1320 4852 1450 4922 ἡμῖν
1475 4853 1841 4908 ἐπιστατοῦσα

260 4947 604 5019 προαίρεσις.
647 4947 979 5000 Ἐπαινεῖται
1006 4945 1114 5015 γάρ
1138 4945 1220 4997 ὅτι
1250 4944 1442 5014 τρέφει
1473 4943 1574 5014 τὴν
1610 4944 1847 4997 οἰκετίαν

259 5039 354 5093 τοῦ
391 5038 676 5097 δεσπότου.
715 5036 805 5089 διά
835 5036 936 5106 τῆς
975 5035 1083 5089 τῶν
1123 5037 1378 5088 ἐναντίων
1411 5032 1728 5106 νεκρώσεως
1754 5047 1770 5064 ⁶
1805 5037 1837 5106 ἡ

261 5129 373 5200 γάρ
398 5128 624 5182 ἐκείνων
646 5127 840 5199 φθορὰ,
864 5128 1036 5199 τροφή
1058 5143 1118 5180 τε
1142 5128 1234 5180 καὶ
1258 5127 1438 5192 εὐεξία
1463 5127 1572 5180 τῶν
1602 5123 1848 5197 κρειττό-

262 5235 369 5272 νων
405 5218 542 5270 ἐστί.
584 5219 987 5288 Κατηγορείται
1026 5217 1082 5270 δέ
1107 5219 1134 5270 ὁ
1172 5217 1340 5281 κακὸς
1368 5217 1552 5280 δοῦλος
1594 5219 1800 5282 ἐκεῖνος
1823 5259 1839 5285 ,

264 5310 293 5362 ὁ
322 5307 412 5362 διά
444 5308 538 5361 τοῦ
567 5311 678 5372 τοῖς
708 5308 966 5378 μεθύουσι
1009 5311 1263 5374 συνεῖναι,
1300 5309 1533 5378 πληγαῖς
1565 5310 1841 5382 αἰκιζόμε-

267 5416 355 5462 νος
378 5399 478 5470 τὴν
511 5399 607 5452 τοῦ
645 5398 781 5451 Θεοῦ
802 5398 1060 5452 οἰκετίαν.
1091 5399 1279 5470 Πληγὴ
1301 5399 1409 5471 γάρ
1435 5402 1584 5453 ἐστιν
1612 5402 1687 5464 ὠς
1711 5402 1838 5473 ἀληι

266 5486 537 5551 Θῶςκατά
560 5489 669 5542 τῶν
707 5489 935 5560 ἀρετῶν,
965 5489 1120 5561 ήτῆς
1147 5491 1344 5555 κακίας
1378 5492 1666 5565 εύημερία.
1695 5494 1838 5548 Ούκ-

328 5689 408 5745 ”l
433 5690 557 5747 Cor.
590 5706 681 5755 xv,
707 5691 775 5745 4‘2
802 5706 921 5762 sqq.

1943 4481 2088 4552 quod
2129 4496 2258 4535 vero
2298 4495 2463 4550 grave
2500 4487 2606 4542 est,
2656 4476 2831 4546 deque
2869 4476 3095 4530 materie
3149 4489 3337 4528 crassa
3372 4487 3510 4526 con-
3606 4481 3616 4489 ‘

1941 4583 2073 4638 stat,
2119 4587 2334 4641 semper
2389 4571 2646 4625 deorsum
2681 4570 2851 4639 vergit
2893 4583 2956 4622 ac
3004 4574 3272 4620 movetur.
3332 4563 3514 4630 Quare

1941 4680 2065 4720 cum
2095 4680 2125 4718 a
2174 4671 2370 4718 natura
2415 4663 2496 4716 sic
2531 4668 2844 4730 comparata
2901 4659 3032 4719 sint,
3066 4665 3126 4710 ut
3153 4666 3334 4710 motus
3379 4668 3508 4708 con-

1941 4757 2143 4812 trarios
2173 4756 2443 4809 habeant:
2481 4752 2596 4808 fieri
2629 4751 2816 4820 nequit
2849 4757 2906 4803 ut
2934 4757 3080 4804 recte
3127 4748 3324 4802 habeat
3370 4746 3510 4800 alte-

1943 4864 2087 4914 rum,
2123 4847 2229 4902 nisi
2259 4847 2484 4900 alterius
2516 4843 2784 4897 naturalis
2813 4851 2995 4896 motus
3026 4841 3298 4908 langueat.
3345 4836 3512 4891 Stans

1944 4949 2124 4995 autem
2158 4937 2340 4991 medio
2380 4937 2523 4990 inter
2568 4945 2798 5003 utraque
2857 4933 2980 4986 loco
3020 4931 3253 4984 facultas
3305 4929 3396 4983 illa
3457 4927 3514 4980 in

1945 5031 2106 5086 nobis
2147 5029 2338 5095 libera,
2370 5035 2426 5082 et
2456 5025 2623 5080 animi
2657 5024 2876 5088 electio,
2933 5030 3043 5075 tam
3078 5019 3390 5076 ﬁrmitatem
3449 5030 3514 5071 ac

1945 5123 2114 5178 robur
2152 5119 2452 5190 languenti,
2496 5131 2659 5188 quam
2716 5113 3125 5186 praavalescenti
3180 5111 3512 5167 debilitatem

1948 5215 2107 5272 indit.
2139 5211 2274 5267 Nam
2327 5211 2507 5267 cuicui
2562 5207 2778 5263 tandem
2832 5207 2973 5277 parti
3010 5221 3132 5260 sese
3179 5199 3512 5272 adjunxerit,

1948 5307 2025 5362 illi
2058 5305 2319 5360 adversus
2381 5303 2609 5356 alteram
2661 5300 2948 5354 victoriam
3004 5295 3254 5366 largitur.
3308 5291 3399 5344 Sic
3456 5289 3514 5342 in

1947 5397 2240 5469 Evangelio
2273 5394 2528 5450 laudatur
2558 5390 2732 5445 fidelis
2762 5405 2825 5444 ac
2858 5387 3098 5458 prudens
3126 5385 3216 5438 ille
3246 5382 3321 5438 rei
3355 5378 3514 5433 fami-

1946 5488 2103 5544 liaris
2135 5486 2571 5547 administrator,
2599 5480 2691 5552 qui
2724 5478 2943 5550 quidem
2982 5485 3064 5533 est
3111 5475 3218 5546 (ut
3271 5470 3520 5541 equidem
