3948 6192
463 229 550 283 ιθι
565 231 596 282 ')
1466 243 1468 245 ’
1655 228 1713 284 S.
1756 228 2080 286 GRECORII
2121 225 2416 284 NYSSENI
3525 235 3636 294 l020

458 348 683 417 statuo)
710 347 875 401 animi
907 347 1079 402 nostri
1113 347 1337 414 electio,
1371 365 1492 420 quae
1531 352 1790 420 praeclare
1821 353 1874 407 in
1919 368 2017 408 nm

2079 351 2213 411 ,οὖν
2260 349 2437 411 καλῶς
2474 347 2586 418 ἔχει
2641 348 2732 401 τὸν
2781 349 3114 420 προφητικὸν
3143 340 3458 422 ζηλώσαντας
3491 327 3638 425 λόγον,

459 441 545 495 bis
581 454 706 493 cum
771 439 1000 508 imperio
1037 447 1252 507 praeest.
1323 439 1598 495 Laudatur
1635 443 1821 507 enim,
1881 444 2018 512 quod

2136 442 2348 511 πρωΐαν
2391 441 2602 503 ἑαυτοῖς
2649 441 2841 504 ποιεῖν,
2888 439 2976 493 διὰ
3013 437 3107 492 τοῦ
3152 444 3438 499 ἀποκτεῖναι
3470 450 3639 511 πάντας

459 530 576 585 heri
607 530 692 584 sui
727 527 988 582 familiam
1021 530 1152 594 alat,
1197 530 1360 600 idque
1384 533 1630 586 necando
1660 533 2018 589 adversantia.

2132 528 2258 590 τοὺς
2302 526 2656 597 ἁμαρτωλοὺς
2688 526 2788 596 τῆς
2816 527 2938 597 γῆς,
2967 527 3060 580 τοῦ
3101 528 3444 600 ἐξολοθρεῦσαι
3473 535 3526 585 ἐκ
3559 535 3637 587 πό-

458 618 592 672 Nam
626 619 840 672 illorum
892 618 1146 672 interitus
1197 619 1513 672 alimentum
1554 627 1657 682 est,
1718 627 1772 673 et
1821 619 2017 674 sanitas

2133 619 2269 682 λεως
2298 618 2498 691 Κυρίου
2530 617 2706 689 (ψυχὴ
2745 618 2801 672 δὲ
2841 620 2872 688 ἡ
2908 619 3098 688 πόλις)
3135 622 3329 684 πάντας
3356 623 3466 686 τοὺς
3492 625 3640 692 λογισ-

460 711 770 766 meliorum.
798 709 1002 765 Contra
1028 711 1366 779 vituperatur
1393 711 1622 781 ignavus
1641 713 1730 766 ille
1750 727 1941 766 servus
1961 712 2019 773 ⁵¹,

2140 712 2275 781 μοὺς
2322 711 2449 773 τοὺς
2491 710 2894 792 ἐργαζομένους
2922 711 3020 780 τὴν
3063 713 3312 783 ἀνομίαν,
3354 707 3421 767 ὧν
3466 716 3640 784 θλεθρπ

460 803 552 872 qui
584 811 865 873 propterea
900 802 1046 871 quod
1079 819 1203 856 cum
1249 804 1561 860 temulentis
1593 813 1860 867 versetur,
1905 820 2019 858 ver-

2136 801 2248 872 ζωὴ
2279 802 2486 870 γίνεται
2515 800 2623 854 τῶν
2645 801 2969 871 ἀμεινόνων.
2997 801 3178 866 υῦτως
3199 800 3284 857 οῦν
3309 805 3388 858 διὰ
3412 805 3493 857 τοῦ
3515 806 3641 859 θανά-

462 895 686 950 beribus
741 894 833 949 Dei
896 894 1160 948 familiam
1215 895 1612 950 contumeliose
1675 895 1858 950 allicit.
1896 895 2021 950 Nam

2131 910 2225 946 του
2269 893 2474 962 ζῶμεν,
2504 893 2629 945 ὅταν
2658 891 2766 944 τῶν
2790 893 2846 944 ἐν
2870 893 3020 962 ἡμῖν,
3053 893 3225 957 καθώς
3251 899 3442 964 φησινὸ
3465 897 3643 965 Προφή-

461 1001 588 1040 vere
612 987 784 1040 virtus
811 987 1055 1056 vapulat,
1101 1001 1226 1039 cum
1264 987 1394 1040 vitia
1434 986 1647 1041 ﬂorent.
1694 987 2020 1056 Quaproptel

2142 1001 2259 1056 της,
2290 984 2380 1036 τὸν
2414 984 2512 1054 μὲν
2535 983 2850 1055 ἀποκτείνῃ,
2892 984 2982 1036 τὸν
3005 983 3060 1037 δὲ
3093 985 3388 1056 ζωοποιήτῃ
3415 989 3440 1038 6
3462 988 3599 1055 Λόγος
3624 991 3646 1042 6

463 1083 609 1129 recte
633 1074 828 1129 facturi
862 1091 1075 1137 sumus,
1101 1075 1146 1130 si
1173 1076 1396 1130 verbum
1420 1076 1553 1130 illud
1577 1069 1731 1128 Vatis
1749 1077 1943 1130 imitati
1962 1077 2022 1141 δ’,

2131 1079 2327 1132 εἰπών’
2550 1079 2877 1141 ἀποκτενῶ,
2915 1079 3011 1132 καί
3052 1078 3395 1144 ζωοποιήσω.
3435 1081 3510 1143 Ὠς
3531 1083 3647 1133 καὶὸ

464 1166 789 1218 matutinam
841 1166 1000 1221 nobis
1044 1167 1234 1220 horam
1279 1168 1676 1222 constituemus
1721 1169 1789 1222 ad
1829 1167 2023 1222 interti-

2134 1166 2344 1228 Παῦλος
2381 1165 2667 1220 ἀποθανὼν
2701 1166 2819 1236 ἔζη,
2855 1168 2948 1220 καὶ
2977 1167 3212 1220 ἀσθενῶν
3233 1169 3447 1237 ἐνίσχυε,
3477 1170 3558 1220 καὶ
3586 1168 3650 1220 δε-

464 1256 718 1310 cieudum
753 1272 943 1311 omnes
972 1265 1286 1326 peccatores
1311 1266 1490 1321 terrm,
1535 1265 1588 1312 et
1626 1259 1692 1313 ad
1731 1259 2023 1313 tollendum

2134 1258 2189 1312 δε
2199 1259 2356 1328 μένος
2375 1259 2592 1329 ἐνήργει
2621 1259 2709 1312 τὸν
2731 1259 2950 1330 δρόμον,
2977 1259 3070 1314 καὶ
3102 1258 3382 1329 πτωχεύων
3402 1259 3649 1322 ἐπλούτιζε,

462 1361 494 1401 e
532 1348 753 1402 civitate
788 1347 880 1402 Dei
915 1349 932 1418 (
960 1365 1082 1418 quae
1130 1349 1327 1404 civitas
1361 1349 1543 1403 anima
1573 1350 1694 1415 est)
1725 1364 1914 1404 omnes
1945 1365 2021 1403 rat

2136 1349 2228 1401 καὶ
2255 1349 2428 1402 πάντα
2450 1353 2698 1419 κατεῖχεν
2722 1349 2860 1419 ἔχων
2881 1350 3052 1413 οὐδὲν,
3079 1350 3302 1404 πάντοτε
3323 1351 3413 1423 τὴν
3436 1352 3653 1422 νέκρωσιν

464 1437 852 1493 tiocinationes
883 1438 1233 1508 designantes
1280 1440 1648 1509 iniquitatem,
1684 1455 1913 1510 quarum
1949 1441 2023 1493 in-

1684 1455 1913 1510 quarum
1949 1441 2036 1493 in-
2146 1443 2240 1495 τοῦ
2279 1441 2452 1511 Ἰησοῦ
2484 1443 2540 1494 ἐν
2561 1441 2638 1512 τῷ
2671 1440 2882 1513 σώματι
2908 1442 3236 1514 περιφέρων.

463 1529 660 1586 teritus
710 1530 994 1583 meliorum
1043 1529 1152 1582 vita
1196 1537 1300 1584 est.
1358 1530 1546 1599 itaque
1587 1530 1689 1584 hoc
1746 1529 1908 1584 modo
1941 1545 2037 1599 per
2075 1540 2305 1586 mortem
2339 1533 2594 1596 vivimus,
2624 1547 2747 1588 cum
2777 1548 2840 1587 ea
2867 1549 2988 1603 qua:
3031 1541 3161 1588 sunt
3217 1534 3268 1587 in
3301 1533 3447 1587 nobis
3483 1524 3659 1596 (quem-

465 1620 756 1675 admodum
787 1618 1054 1688 Propheta
1083 1617 1362 1693 loquitur)
1409 1621 1602 1689 partim
1637 1619 1838 1672 occidit
1895 1617 2168 1685 Verbum,
2207 1620 2404 1689 partim
2475 1620 2728 1685 viviﬁcat,
2779 1621 2922 1675 sicut
2968 1621 3085 1690 ipse
3162 1620 3368 1690 inquit:
3442 1620 3536 1690 lt'gu
3597 1622 3660 1674 in-

471 1711 726 1781 ter/icium
759 1721 808 1764 et
842 1712 1114 1780 viviﬁcabo
1143 1712 1210 1764 ⁸³.
1272 1711 1392 1777 Quo
1431 1722 1589 1781 pacto
1623 1710 1822 1766 Paulus
1877 1712 2042 1766 etiam
2082 1721 2330 1767 mortuus
2365 1713 2597 1780 vivebat,
2638 1713 2946 1768 imbecillus
2974 1714 3124 1768 vires
3189 1712 3428 1775 habebat,
3485 1715 3660 1766 vinctus

467 1819 690 1857 cursum
727 1802 1057 1872 perﬁciebat,
1091 1811 1410 1872 paupertate
1448 1820 1673 1873 pressus
1702 1804 1856 1858 dives
1885 1813 2021 1869 erat,
2059 1803 2197 1856 nihil
2227 1820 2351 1857 cum
2381 1805 2621 1870 haberet,
2654 1805 2889 1859 habebat
2949 1805 3154 1868 omnia,
3219 1820 3418 1873 semper
3475 1805 3663 1858 mortiﬁ-

463 1896 736 1950 εειιίοιιεῐιι
776 1893 905 1949 Jesu
945 1896 1000 1947 in
1044 1909 1276 1964 corpore
1329 1911 1430 1948 suo
1459 1896 1941 1966 circumgestabat,
1975 1905 2029 1949 et
2064 1909 2281 1965 semper
2309 1897 2473 1950 vitam
2499 1897 2619 1965 ejus
2647 1897 2698 1950 in
2732 1913 2789 1950 se
2817 1896 3158 1951 declarabat.

540 1987 832 2040 Enimvero
887 1987 954 2039 ad
1002 1986 1095 2048 id,
1146 1987 1292 2056 quod
1322 1990 1663 2057 propositum
1712 1989 1872 2042 nobis
1928 1995 2099 2051 0st,!

2103 1997 2120 2047 ι
2232 1990 2368 2042 Ἀλλ’
2400 1991 2492 2042 ἐπὶ
2523 1990 2580 2044 τὸ
2605 1990 2860 2061 προτεθὲν
2888 1987 3303 2056 ἐπανέλθωμεν·
3337 1987 3411 2040 ὅτι
3436 1984 3514 2037 διὰ
3537 1982 3662 2036 θανά·

471 2091 813 2134 revertamur
838 2096 852 2130 :
888 2078 1146 2130 nimirum
1179 2079 1414 2130 animam
1444 2094 1540 2146 per
1564 2086 1794 2132 mortem
1818 2094 1848 2133 e
1874 2085 2030 2132 morti

2147 2098 2239 2133 του
2284 2082 2316 2150 ἡ
2358 2081 2504 2153 ψυχὴ
2553 2083 2616 2134 ἐκ
2669 2080 2763 2133 τοῦ
2795 2079 3019 2132 θανάτου
3053 2077 3348 2131 ἀνίσταται.
3397 2076 3474 2137 Ὠς
3501 2074 3557 2127 ἂν
3583 2073 3665 2142 γὰρ

471 2184 776 2236 resurgere.
816 2167 950 2220 Nam
991 2168 1038 2220 si
1079 2183 1188 2220 non
1249 2168 1534 2232 moriatur,
1584 2183 1798 2237 semper
1854 2179 2030 2224 manet

2149 2175 2225 2244 μὴ
2261 2171 2508 2244 ἀποθάνῃ
2531 2212 2545 2236 ,
2581 2172 2750 2244 νεκρὰ
2780 2172 2867 2224 διὰ
2899 2170 3098 2233 παντὸς
3135 2170 3296 2239 μένει,
3328 2167 3415 2221 καὶ
3441 2168 3527 2235 τῆς
3552 2165 3664 2228 ζωῆς

471 2262 708 2320 mortua,
751 2273 926 2326 neque
961 2258 1085 2311 vitae
1117 2271 1288 2326 capax
1323 2266 1428 2313 est.
1458 2259 1528 2310 At
1564 2259 1849 2313 moriendo
1880 2260 2030 2312 vitan

2147 2263 2540 2334 ἁπαράδεκτος.
2583 2263 2676 2316 Ἐκ
2701 2262 2756 2314 δὲ
2780 2261 2872 2314 τοῦ
2902 2261 3220 2321 ἀποθανεῖν,
3254 2261 3307 2312 ἐν
3344 2257 3447 2328 ζωῇ
3472 2255 3666 2325 γίνεται,

473 2349 855 2416 consequitur,
919 2348 1069 2400 omni
1150 2349 1486 2403 mortalitate
1549 2349 1818 2418 deposita.
1870 2351 2032 2420 Atqut

2148 2357 2326 2409 πᾶσαν
2355 2355 2662 2427 ἀποθεμένη
2697 2354 3015 2424 νεκρότητα.
3044 2352 3164 2405 Καὶ
3197 2350 3348 2404 τοῦτο
3375 2351 3492 2419 ἡμῖν
3519 2348 3572 2399 ἐκ
3593 2349 3661 2400 τοῦ

473 2438 589 2492 haec
620 2438 778 2492 nobis
805 2438 1054 2492 doctrina
1091 2453 1157 2491 ex
1203 2438 1350 2492 dicto
1405 2439 1493 2492 hic
1528 2440 1813 2509 proposito
1847 2440 2032 2494 contir-

2149 2445 2505 2517 προκειμένου
2551 2444 2712 2516 ῥητοῦ
2750 2442 3058 2514 βεϐαιοῦται
3110 2442 3173 2494 τὸ
3201 2441 3398 2510 δόγμα,
3438 2437 3586 2497 οὕτως
3612 2437 3677 2484 εξ-

473 2539 680 2594 matur,
708 2545 832 2583 cum
864 2532 943 2585 sic
976 2531 1232 2601 loquatur
1259 2545 1501 2601 sponsa:
1536 2531 1757 2585 Surrexi
1786 2531 2023 2601 equidem

2148 2537 2354 2606 πούσης
2381 2537 2481 2606 τῆς
2512 2538 2727 2608 νύμφης
2750 2554 2763 2568 ο
2795 2538 2874 2589 ὅτι
2923 2535 3214 2602 Ἀνέστην
3248 2531 3356 2601 ἐγὼ
3390 2528 3589 2592 ἀνοῖξαι
3609 2522 3669 2590 τῷ

470 2631 529 2675 ut
559 2624 814 2691 aperirem
868 2633 1088 2692 cognato
1131 2640 1267 2686 meo.
1327 2621 1528 2678 Manus
1585 2639 1714 2678 mete
1772 2624 2029 2678 stillarum

2147 2627 2445 2696 ἀδελφιδῷ
2467 2646 2604 2697 μου.
2643 2631 2712 2682 Al
2747 2626 2941 2696 χεῖρές
2962 2643 3079 2693 μου
3132 2621 3667 2689 ἔσταξανσμύρναν.

473 2704 765 2783 myrrham,
829 2714 982 2782 digiti
1037 2716 1137 2768 ntei
1173 2715 1400 2784 myrrha:
1437 2715 1599 2784 pleni.
1636 2713 1703 2768 Et
1767 2717 2032 2786 myrrham

2148 2723 2200 2773 οἱ
2258 2719 2544 2773 δάκτυλοί
2584 2736 2703 2788 μου
2756 2720 3028 2786 σμύρνης
3069 2715 3342 2783 πλήρεις.
3379 2711 3588 2765 Θανάτου
3627 2707 3671 2759 δέ

473 2807 669 2860 mortis
701 2821 821 2860 esse
852 2805 1178 2876 symbolum,
1209 2821 1368 2860 nemo
1394 2806 1656 2860 dubitarit
1683 2821 1897 2870 eorum,
1941 2806 2032 2877 qui

2151 2812 2413 2882 σύμϐολον
2446 2807 2584 2864 εἶναι
2616 2810 2714 2880 τὴν
2756 2809 3000 2880 σμύρναν
3033 2809 3144 2862 οὐκ
3189 2810 3252 2862 ἀν
3283 2823 3362 2868 τις
3396 2799 3672 2873 ἀμφιὸἀλλοι

473 2899 648 2953 sacris
683 2897 737 2950 in
775 2897 1000 2952 Litteris
1051 2897 1251 2951 versati
1277 2904 1426 2952 sunt.
1467 2895 1571 2962 Qui
1626 2913 1754 2968 ergo
1785 2913 1935 2954 mors
1975 2914 2032 2953 ex

2152 2903 2258 2956 τῶν
2289 2905 2408 2965 ταῖς
2437 2899 2608 2963 θείαις
2636 2899 2987 2970 ὡμιληκότων
3013 2898 3283 2969 Γραφαῖς.
3311 2894 3424 2957 Πῶς
3445 2887 3527 2945 οὖν
3552 2892 3576 2942 6
3599 2887 3672 2941 θά-

471 2998 646 3046 morte
671 3005 770 3045 nos
792 2989 1043 3052 suscitat,
1074 2989 1142 3045 de
1178 3004 1244 3044 eo
1270 2988 1550 3059 requirere
1591 2990 1859 3059 quosdam
1923 3004 2030 3044 ora-

2148 3011 2303 3058 νατος
2335 2993 2399 3046 ἐκ
2427 2992 2520 3046 τοῦ
2562 2990 2788 3044 θανάτου
2822 2991 2969 3060 ἡμᾶς
2996 2989 3301 3060 ἀνίστησιν,
3339 2984 3582 3053 ἐπιζητεῖν
3613 2975 3671 3032 οἷ-

477 3083 682 3138 tionem
711 3082 1126 3137 luculentiorem
1171 3079 1429 3134 arbitror.
1484 3081 1670 3146 Itaque
1698 3096 1799 3136 nos
1863 3080 1916 3135 id
1952 3096 2036 3136 ex-

2151 3086 2248 3157 μαί
2275 3102 2426 3146 τινας
2456 3083 2546 3135 τὸν
2579 3082 2706 3150 περὶ
2735 3081 2927 3135 τούτου
2963 3081 3127 3148 λόγον
3157 3076 3519 3151 εὐκρινηθῆναι
3544 3070 3671 3139 σαφέ-

479 3190 772 3245 ponemus,
808 3181 968 3242 prout
999 3187 1028 3223 a
1065 3170 1223 3225 nobis
1257 3171 1504 3240 praestari
1559 3172 1775 3238 poterit,
1832 3171 2038 3227 ordine-

2149 3192 2356 3246 στερον.
2412 3174 2678 3244 Ἐροῦμεν
2709 3171 2886 3224 τοίνυν
2930 3172 3076 3234 ὅπως
3121 3171 3186 3224 ἂν
3228 3167 3333 3222 οἷον
3375 3185 3430 3220 τε
3458 3162 3520 3241 ᾖ,
3554 3161 3673 3226 τάξιν

473 3283 579 3334 que
610 3266 662 3318 in
704 3264 807 3318 hac
841 3261 1168 3316 tractatione
1202 3263 1634 3332 progrediemur.
1699 3263 1892 3318 Omnia
1930 3280 2032 3334 qua

2114 3321 2115 3332 γ
2147 3264 2266 3317 τινὰ
2315 3263 2380 3316 δι’
2428 3261 2746 3324 ἀκολουθίας
2790 3259 3066 3322 ἐπιθέντες
3089 3259 3178 3330 τῷ
3219 3259 3374 3328 λόγῳ.
3411 3257 3571 3310 Πάντα
3596 3253 3673 3304 ὅσα

475 3363 618 3416 Deus
644 3354 975 3416 condiderit,
1011 3353 1167 3409 valde
1214 3355 1474 3424 prieclara
1519 3370 1642 3410 esse
1663 3353 1739 3417 “,
1763 3354 2034 3410 Commen-

2115 3350 2118 3370 ⁵
2151 3357 2402 3425 ἐποίησεν
2437 3356 2466 3407 6
2497 3353 2628 3416 Θεὸς
2658 3351 2798 3407 καλά
2827 3350 2946 3402 λίαν
2979 3347 3128 3403 εἶναι
3159 3351 3186 3402 6
3216 3349 3312 3418 τῆς
3348 3341 3674 3417 κοσμογενείας

475 3449 648 3502 tarius
676 3446 742 3500 de
778 3453 902 3500 ortu
937 3443 1126 3498 mundi
1167 3452 1422 3500 testatur.
1489 3444 1568 3498 Ex
1604 3445 1815 3515 reliquo
1865 3457 2034 3501 autem

2149 3445 2304 3513 λόγος
2339 3443 2690 3516 μαρτύρεται.
2751 3441 2847 3518 ’,Εκ
2874 3441 2930 3493 δέ
2975 3439 3084 3493 τῶν
3123 3440 3241 3494 λίαν
3269 3437 3438 3492 καλῶν
3476 3431 3534 3506 ἦν
3558 3431 3675 3486 καὶὸ

475 3554 657 3594 rerum
715 3537 870 3592 valde
931 3536 1317 3606 praeclararum
1375 3552 1608 3591 numero
1659 3537 1822 3590 etiam
1887 3538 2034 3590 homc

2150 3535 2452 3603 ἄνθρωπος·
2491 3531 2688 3603 μᾶλλον
2715 3531 2772 3584 δέ
2801 3530 2984 3582 πλεῖον
3025 3529 3140 3583 τῶν
3177 3528 3353 3583 καλῶν
3381 3520 3675 3593 κεκοσμημέ-

476 3635 614 3692 erat,
645 3627 726 3681 vel
759 3626 938 3696 potius
963 3624 1009 3679 is
1037 3624 1196 3695 longe
1226 3639 1391 3694 supra
1414 3632 1611 3679 caetera
1639 3623 2035 3694 pulchritudini

2150 3643 2238 3689 νος
2262 3625 2340 3695 τῷ
2358 3625 2562 3678 κάλλει.
2593 3625 2656 3676 Τί
2682 3623 2789 3695 γὰρ
2816 3622 2880 3676 ἀν
2903 3623 3088 3693 ἕτερον
3123 3622 3294 3684 οὕτως
3326 3620 3405 3688 εἴη
3434 3616 3592 3671 καλὸν.
3619 3611 3675 3673 ὡς

475 3727 702 3773 ornatus
730 3725 865 3772 erat.
902 3715 1043 3782 Quid
1077 3715 1222 3771 enim
1262 3715 1410 3768 aliud
1443 3731 1566 3770 esse
1599 3724 1707 3769 tam
1739 3716 2023 3786 pulchrum

2150 3717 2211 3770 τὸ
2231 3716 2323 3770 τοῦ
2355 3717 2630 3788 ἀκηράτου
2660 3714 2885 3777 κάλλους
2906 3713 3164 3785 ὁμοίωμα
3185 3733 3199 3781 ;
3227 3715 3288 3766 Εἰ
3308 3711 3364 3766 δῖε
3387 3711 3544 3763 πάντα
3567 3702 3675 3757 καλά

478 3811 672 3882 possit,
707 3825 868 3880 quam
911 3820 993 3864 ρει
1023 3807 1170 3862 nulla
1213 3807 1428 3862 foedata:
1461 3807 1582 3862 labe
1631 3809 2037 3878 pulchritudinis

2150 3807 2291 3870 λίαν,
2325 3808 2382 3860 ἐν
2420 3807 2477 3860 δὲ
2511 3809 2622 3870 τοῖς
2651 3808 2804 3869 πᾶσι,
2839 3805 2871 3875 ἢ
2914 3806 3008 3857 κοιλ⁸
3035 3805 3146 3874 πρὸ
3177 3804 3424 3857 ἀπάντων
3449 3801 3475 3852 6
3504 3795 3673 3864 ἄνθρω-

479 3899 819 3956 similitudo?
852 3895 971 3956 Jain
1025 3898 1070 3953 si
1119 3897 1302 3950 omnia
1357 3896 1508 3952 fuere
1560 3899 1820 3966 praeclara
1857 3899 2038 3965 valde,

2154 3915 2252 3962 πος
2289 3894 2377 3967 ἦν,
2420 3898 2519 3950 οὐκ
2551 3893 2617 3968 ἦν
2647 3897 2861 3959 πάντως
2892 3898 2949 3948 ἐν
2979 3894 3059 3965 τῷ
3089 3895 3362 3966 ἀνθρώπῳ
3405 3895 3432 3947 ὁ
3469 3890 3671 3946 θάνατοςο

477 4001 641 4062 atque
674 3992 816 4044 inter
846 3996 1046 4043 caetera
1076 3988 1282 4052 omnia,
1315 3989 1398 4040 vel
1427 3988 1608 4056 potius
1646 4003 1811 4058 supra
1868 3989 2036 4044 omnia

2152 3989 2226 4044 Οὐ
2272 3989 2392 4060 γὰρ.
2424 3989 2489 4042 ἂν
2523 3988 2682 4042 καλόν
2707 4005 2757 4040 τι
2796 3989 2824 4040 ὁ
2861 3987 3147 4059 ἄνθρωπος
3179 3983 3269 4057 ἦν’
3301 3985 3452 4054 εἴπερ
3483 3977 3603 4050 εἶχεν
3629 3975 3675 4027 ὲν

479 4085 684 4139 homo:
717 4082 862 4136 haud
898 4080 1063 4136 dubie
1093 4096 1244 4136 mors
1272 4081 1330 4134 in
1366 4079 1588 4134 homine
1624 4095 1733 4134 non
1763 4087 1898 4134 erat.
1941 4079 2038 4136 Nec

2151 4079 2327 4149 ἐαυτῷ
2348 4079 2444 4148 τῆς
2468 4076 2560 4131 τοῦ
2589 4077 2815 4130 θανάτου
2845 4077 3151 4147 κατηφείας
3174 4076 3265 4128 τὸν
3291 4069 3580 4142 σκυθρωπὸν
3599 4081 3674 4134 χα-

476 4177 622 4234 enim
664 4175 983 4246 praclarum
1021 4173 1278 4242 quiddam
1309 4170 1506 4226 fuisset
1539 4171 1721 4236 homo,
1755 4171 1802 4226 si
1836 4172 2035 4227 tristen

2156 4171 2424 4243 ρακτῆρα.
2461 4159 2621 4223 Ἀλλά
2645 4170 2743 4238 τῆς
2775 4169 2948 4221 ἀϊδίου
2975 4167 3120 4238 ζωῆς
3147 4166 3498 4234 ἀπεικόνισμα
3521 4161 3583 4212 ὢν
3601 4158 3669 4246 καί

477 4267 629 4321 illum
664 4243 878 4319 mortis
952 4263 1329 4318 characterem
1389 4260 1689 4316 habuisset.
1757 4260 2036 4317 Enimvcrc

2151 4264 2419 4333 ὁμοίωμα,
2472 4261 2634 4324 καλὸς
2679 4256 2746 4330 ἦν
2787 4260 2862 4323 ὼς
2903 4259 3115 4328 ἀληθῶς
3150 4259 3244 4311 xal.
3273 4257 3389 4310 λίαν
3424 4251 3593 4314 καλὸς,
3617 4243 3674 4314 τῷ

477 4373 604 4412 cum
635 4369 852 4412 aeternae
885 4355 1006 4408 vita:
1049 4352 1406 4406 simulacrum
1452 4359 1506 4406 et
1535 4351 1836 4407 similitudo
1881 4361 2036 4417 esset,

2154 4352 2362 4423 φαιδρῷ
2406 4353 2504 4422 τῆς
2549 4349 2694 4420 ζωῆς
2733 4350 3038 4422 χαρακτῆρι
3081 4347 3554 4416 καλλωπιζόμενος.
3594 4334 3676 4389 Ἦν

479 4465 666 4506 revera
697 4448 921 4519 pulcher
951 4452 1089 4512 erat,
1123 4459 1186 4500 ac
1216 4444 1374 4499 valde
1420 4444 1642 4515 quidem
1684 4444 1932 4516 pulcher,
1969 4447 2038 4500 hi4

2150 4443 2206 4497 δὲ
2238 4443 2330 4496 καὶ
2369 4441 2516 4513 αύτῴ
2546 4441 2639 4494 καὶ
2671 4443 2700 4493 ὁ
2730 4440 2871 4504 θεῖος
2903 4439 3254 4510 παράδεισος,
3290 4438 3374 4490 διὰ
3402 4436 3490 4506 τῆς
3514 4431 3674 4519 εὐκαρῗ

480 4540 580 4594 lari
615 4515 739 4594 vitae
776 4540 1093 4594 charactere
1125 4537 1533 4593 cohonestatus.
1569 4537 1710 4604 Quin
1741 4547 1794 4592 et
1829 4539 2039 4608 paradi-

2153 4537 2281 4600 πίας
2306 4536 2413 4588 τῶν
2438 4534 2669 4606 δένδρων
2693 4533 2869 4604 βρύων
2892 4532 3055 4602 ζωὴν,
3085 4532 3181 4585 καὶ
3209 4534 3242 4602 ἡ
3267 4529 3358 4583 τοῦ
3386 4526 3509 4581 Θεοῦ
3531 4515 3673 4585 ἐντολὴ

479 4649 578 4689 sus
613 4633 702 4686 ille
733 4630 951 4686 divinus
981 4630 1028 4684 ei
1061 4644 1158 4698 per
1195 4629 1453 4684 arborum
1513 4628 1848 4685 feracitatem
1886 4631 2038 4686 vitam

2114 4628 2300 4703 μξωῆς
2347 4623 2413 4696 ἦν
2457 4626 2649 4696 νόμος,
2690 4625 2752 4677 τὸ
2801 4623 2874 4695 μὴ
2918 4621 3208 4676 ἀποθανεῖν
3263 4616 3673 4706 παραγγέλλουσα.

479 4721 812 4794 proferebat,
853 4729 908 4776 et
941 4720 1254 4774 mandatum
1287 4718 1380 4774 Dei
1431 4719 1557 4774 vitae
1605 4720 1689 4774 lex
1743 4729 1883 4786 erat,
1931 4736 2038 4790 qua

2117 4698 2120 4701 ν
2162 4715 2350 4778 ’Όντος
2378 4713 2433 4768 δὲ
2464 4713 2600 4766 κατὰ
2631 4712 2690 4765 τὸ
2716 4711 2876 4783 μέσον
2900 4712 2996 4779 τῆς
3025 4709 3116 4762 τοῦ
3144 4709 3467 4782 παραδείσου
3501 4698 3676 4797 φυτείας

480 4789 591 4868 non
617 4811 942 4864 moriturum
981 4811 1249 4865 hominem
1284 4810 1664 4879 pollicebatur.
1695 4810 1830 4866 Cum
1865 4821 2039 4866 autem

2156 4805 2250 4860 τοῦ
2267 4807 2361 4877 τὴν
2395 4805 2538 4876 ζωὴν
2569 4804 2820 4875 βρνῦοντος
2852 4801 3028 4868 ξύλου,
3071 4802 3168 4856 ὅτι
3195 4799 3324 4854 ποτέ
3355 4798 3453 4869 χρὴ
3485 4794 3536 4846 τὸ
3557 4789 3674 4856 ξύλον

477 4900 708 4962 essetin
763 4901 940 4954 medio
972 4899 1210 4968 paradisi
1259 4901 1464 4971 lignum
1535 4900 1692 4967 illud,
1728 4903 1872 4972 quod
1925 4903 2036 4959 vita

2156 4901 2294 4954 νοεῖν
2321 4901 2512 4962 ἐκεῖνο,
2543 4892 2602 4951 οῦ
2630 4897 2659 4948 6
2687 4895 2896 4968 καρπὸς
2933 4894 3068 4964 ζωήο
3098 4893 3193 4946 καὶ
3225 4891 3320 4946 τοῦ
3355 4882 3672 4972 θανατηφόρνυ

481 4993 631 5048 ferax
665 4998 784 5045 erat.
809 5008 822 5044 :
867 4989 1132 5059 quidquid
1161 4969 1378 5047 tandem
1407 4993 1476 5048 de
1501 5008 1566 5048 eo
1595 4969 1944 5049 statuendum
1975 4996 2040 5050 sit

2152 4992 2209 5046 δὲ
2243 4990 2418 5056 ξύλου,
2450 4985 2510 5044 οῦ
2542 4988 2704 5043 καλὸν
2737 4987 2851 5058 ἅμα
2898 4985 2990 5041 καὶ
3029 4986 3199 5038 κακὸν
3233 4981 3370 5036 εἶναι
3399 4980 3483 5033 τὸν
3510 4969 3672 5069 καρπὸν

482 5085 652 5152 ligno,
685 5083 844 5152 cujus
890 5081 1102 5136 fructus
1156 5083 1372 5138 exsistit
1420 5085 1549 5138 vita.
1617 5085 1804 5142 Itidem
1836 5087 2041 5159 lignum

2154 5083 2538 5152 ἀποφαίνεται,
2588 5081 2682 5134 καὶ
2731 5078 2893 5134 αὑτοῦ
2943 5079 3081 5133 κατά
3118 5078 3181 5130 τὸ
3235 5079 3393 5149 μέσον
3432 5073 3564 5131 ὄντος
3604 5079 3672 5164 τξυ

481 5175 778 5236 letiferum,
811 5190 968 5242 ciuus
1011 5174 1219 5229 fructus
1277 5175 1442 5231 simul
1477 5185 1532 5232 et
1566 5177 1744 5231 bonus
1777 5188 1832 5232 et
1870 5180 2040 5234 malus

2153 5175 2499 5246 παραδείσουο
2528 5173 2789 5227 ἀδυνάτου
2819 5173 2875 5225 δὲ
2899 5173 3049 5235 ὄντος
3079 5171 3136 5223 ἐν
3179 5169 3258 5240 τῷ
3285 5163 3568 5238 μεσαιτάτῳ
3588 5163 3671 5246 tofi

480 5268 652 5324 fuisse
695 5267 1097 5338 pronuntiatur,
1133 5265 1312 5322 medio
1370 5267 1425 5322 in
1470 5267 1730 5340 paradiso
1791 5277 1928 5324 erat.
1979 5271 2039 5324 AI

2153 5237 2328 5335 ξύλοις
2374 5265 2555 5337 χώραν
2588 5263 2858 5332 γενέσθαιο
2905 5263 3161 5332 ὁπότερον
3349 5256 3412 5310 ἂν
3438 5251 3592 5322 δῶμεν
3631 5237 3672 5299 ἐξ

479 5359 626 5416 enim
657 5357 774 5413 ﬁeri
811 5358 1020 5426 nequit,
1056 5357 1197 5412 utin
1228 5358 1349 5414 loco
1381 5360 1618 5416 maxime
1671 5359 1853 5414 medio
1891 5360 2038 5430 lignis

2151 5359 2472 5430 ἀμφοτέρων
2503 5356 2719 5426 ἐπέχειν
2750 5354 2811 5406 τὸ
2857 5354 3040 5425 μέσον,
3080 5353 3224 5406 κατά
3270 5351 3442 5418 πᾶσαν
3473 5341 3671 5405 ἀνάγκην

478 5454 696 5511 duobus
726 5451 963 5521 spatium
992 5448 1177 5505 fuerit.
1217 5449 1351 5506 Nam
1387 5460 1568 5506 utrum
1595 5451 1819 5507 tandem
1849 5465 2037 5507 conce-

2150 5453 2210 5506 τὸ
2240 5451 2422 5520 ἕτερον
2452 5451 2549 5518 τῆς
2583 5447 2675 5502 τοῦ
2722 5446 2887 5518 μέσου
2923 5447 3103 5518 χώρας
3132 5444 3348 5507 πάντως
3391 5437 3667 5506 ἐξείργεται·

556 5627 598 5656 ⁸¹
637 5625 826 5680 Matth.
855 5642 1002 5691 XXIV,
1030 5629 1116 5682 69.
1174 5627 1218 5658 ⁸⁸
1253 5626 1392 5682 l‘sal.
1425 5644 1473 5695 ο,
1505 5628 1554 5682 8.
1619 5630 1662 5660 "
1698 5630 1853 5682 Deut.
1886 5628 2164 5695 xsx11,59.
2222 5629 2264 5657 ⁵⁸·
2297 5625 2430 5681 Gen.
2467 5643 2503 5689 l,
2531 5626 2620 5679 31.
