3948 6192
307 223 440 284 1011

1332 237 1397 292 IN
1436 240 1736 295 CANTICA
1781 242 2054 302 CANTIC.
2091 249 2369 306 IIOMILIA
2414 253 2525 307 XII.

3438 252 3578 313 ιοεε

309 349 450 421 Πρὸς
479 350 591 422 γάρ
629 351 691 404 τὸ
729 353 1004 422 περιέχον,
1042 357 1074 426 ἡ
1122 357 1359 429 ἀκριϐὴς
1393 359 1488 412 τοῦ
1536 361 1700 428 μέσου
1739 363 1890 427 θέσις

2014 369 2188 426 lamus
2238 373 2476 427 medium
2513 372 2841 434 obtinuisse,
2875 372 3111 428 alterum
3183 376 3496 430 necessario
3518 379 3584 430 dc

307 440 828 511 καταλαμϐάνεται,
862 445 991 498 ὅταν
1041 446 1192 510 ἱστὰς
1227 449 1601 518 ἁπανταχόθεν
1636 455 1748 516 τοῖς
1777 454 1896 507 δια-

311 533 586 601 στήμασιν
611 533 790 604 ἀπέχῃ
821 535 914 587 τοῦ
957 535 1213 606 πέρατος.
1261 540 1509 593 Ἐπειδὰν
1537 543 1715 596 τοίνυν
1746 543 1804 596 ἒν
1829 546 1895 598 δι’

309 621 597 694 ἀκριϐείας
682 625 777 677 τοῦ
814 626 1012 681 κύκλου
1036 629 1097 682 τὸ
1125 629 1308 699 μέσον,
1339 631 1437 684 οὐκ
1457 630 1523 684 ἂν
1549 633 1759 699 γένοιτο
1793 651 1898 704 μη-

309 712 445 782 χανὴ
477 712 574 766 τοῦ
615 715 781 767 αὑτοῦ
829 717 1084 786 μένοντος
1112 719 1313 773 κύκλου
1335 761 1348 783 ,
1382 721 1476 775 δύο
1519 722 1722 792 κέντρα
1756 725 1900 777 κατὰ

308 802 368 854 τὸ
399 802 565 871 μέσον
589 802 772 875 χώραν
801 806 1004 876 εὑρεῖν.
1032 809 1093 860 Ei
1123 809 1228 881 γὰρ
1258 810 1442 880 ἕτερον
1476 813 1745 884 παραθείη
1773 815 1897 866 κέν-

308 908 436 960 τρον
469 893 548 963 τῷ
574 895 897 964 προλαϐόντι
930 898 1065 968 πρὸς
1093 901 1252 953 τοῦτο
1275 943 1287 962 ,
1319 904 1437 954 κατ’
1468 903 1714 972 ἀνάγκην
1759 922 1898 975 συμ-

312 984 706 1052 μετατεθέντος
743 987 836 1039 τοῦ
871 989 1072 1041 κύκλου
1121 989 1225 1054 ἔξω
1271 991 1368 1046 τοῦ
1406 993 1574 1061 μέσου
1605 994 1667 1046 τὸ
1705 995 1896 1064 πρότε-

309 1092 403 1145 ρον
456 1076 666 1143 γίνεται
718 1079 820 1147 τῆς
865 1079 956 1133 τοῦ
1007 1081 1206 1135 κύκλου
1241 1085 1500 1154 περιοχῆς
1547 1085 1625 1155 τῷ
1665 1086 1900 1158 δευτέρῳ

311 1167 524 1238 κέντρῳ
545 1171 1000 1241 περιγραφείσης.
1045 1173 1204 1226 Ἀλλά
1238 1176 1342 1244 μὴν
1370 1178 1428 1228 ἐν
1454 1176 1531 1246 τῷ
1557 1177 1706 1247 μέσῳ
1736 1180 1900 1248 φησιν

308 1253 449 1312 εἶναι
483 1259 578 1312 τοῦ
621 1262 953 1331 παραδείσου
1001 1264 1092 1317 καὶ
1131 1266 1290 1318 τοῦτο
1367 1267 1462 1320 καὶ
1510 1267 1686 1320 τοῦτο’
1724 1269 1900 1325 καίτοι

311 1350 570 1416 ἐναντίως
601 1351 735 1422 πρὸς
776 1353 980 1423 ἄλληλα
1010 1355 1150 1410 κατὰ
1187 1356 1286 1426 τὴν
1324 1357 1554 1428 δύναμιν
1588 1359 1811 1429 ἔχοντα,
1839 1361 1901 1413 τό

310 1459 370 1494 τε
401 1440 667 1505 ζωοποιὸν
693 1444 834 1513 λέγω
858 1445 1033 1510 ξύλον,
1060 1448 1155 1500 καί⁵
1179 1444 1238 1502 οὗ
1265 1451 1294 1501 ὁ
1320 1448 1546 1513 Θάνατος
1571 1445 1640 1521 ἦν
1667 1451 1899 1520 καρπὸς,

309 1536 453 1604 ὅπερ
480 1537 754 1606 ἁμαρτίαν
788 1537 1070 1608 ὠνόμασεν
1096 1542 1125 1593 ὁ
1157 1541 1388 1608 Παῦλος,
1417 1542 1607 1598 εἰπών’
1631 1545 1712 1597 ὃτι
1745 1543 1901 1614 Καρ-

311 1626 426 1693 πὸς
466 1629 757 1697 ἁμαρτίας
779 1633 812 1684 o’
843 1629 1121 1698 θάνατος.

377 1903 596 1972 Νοῆσαι
642 1902 753 1975 ἄρα
789 1911 1056 1977 προσήκει
1083 1906 1171 1961 διὰ
1213 1910 1310 1978 τῆς
1341 1908 1450 1963 τῶν
1475 1910 1776 1981 εἰρημένων
1811 1929 1902 1979 φι-

313 1995 572 2064 λοσοφίας
605 1995 763 2048 τοῦτο
790 1996 852 2049 τὸ
874 1997 1048 2068 δόγμα
1069 2039 1084 2062 ,
1124 1999 1205 2052 ὅτι
1238 1999 1340 2069 τῆς
1373 2003 1471 2070 μὲν
1503 2001 1594 2053 τοῦ
1624 2001 1758 2054 Θεοῦ
1802 2019 1903 2069 φυ-

312 2087 465 2150 τείας
487 2087 550 2140 τὸ
585 2088 905 2157 μεσαίτατὼ
934 2091 1081 2142 ἐστιν
1115 2092 1146 2160 ἡ
1182 2090 1321 2161 ζωήο
1345 2095 1373 2145 ὁ
1412 2092 1470 2144 δὲ
1495 2092 1724 2156 θάνατός
1754 2096 1902 2146 ἐστιν

311 2179 620 2245 ἀφύτευτος
649 2179 741 2231 καὶ
767 2178 1023 2250 ἇρῤιζος,
1063 2181 1199 2234 ἰδίαν
1225 2181 1462 2252 οὐδαμοῦ
1509 2184 1690 2252 χώραν
1731 2182 1900 2253 ἔχωνο

311 2272 373 2338 τῇ
408 2269 472 2320 δὲ
501 2265 775 2340 στερήσει
797 2271 897 2340 τῆς
933 2271 1078 2340 ζωῆς
1117 2273 1502 2342 ἐμφυτεύεται,
1532 2275 1661 2326 ὅταν
1684 2275 1902 2345 ἁργήσῃ

312 2362 423 2422 τοῖς
459 2359 692 2430 ζῶσινή
737 2361 996 2430 μετουσία
1028 2362 1122 2414 τοῦ
1172 2364 1500 2432 κρείττονος.
1553 2365 1768 2435 Ἐπειδὴ
1812 2361 1906 2419 οῦν

311 2449 367 2501 ἐν
404 2449 488 2518 τῷ
537 2450 686 2519 μέσῳ
723 2451 832 2504 τῶν
876 2453 1034 2505 θείων
1083 2453 1265 2520 φυτῶν
1299 2456 1446 2507 ἐστιν
1490 2455 1522 2524 ή
1571 2453 1717 2526 ζωὴ,
1751 2460 1818 2526 τῇ
1848 2455 1904 2508 δὲ

311 2538 633 2592 ἁποπτώσει
664 2539 836 2611 ταύτῃ
866 2541 1218 2610 ὲνυφίσταται
1255 2544 1288 2612 ή
1324 2544 1418 2598 τοῦ
1457 2544 1687 2598 θανάτου
1721 2545 1903 2613 φύσις*

312 2631 402 2684 διὰ
430 2631 597 2684 τοῦτο
619 2633 790 2686 καὶτὸ
813 2634 1185 2706 θανατηφόρον
1209 2635 1382 2701 ξύλον,
1412 2638 1440 2689 ὁ
1461 2636 1521 2690 τὸ
1547 2638 1723 2707 δόγμα
1747 2637 1908 2693 τοῦτο

313 2721 376 2774 δι’
419 2723 764 2793 αἰνιγμάτων
799 2725 1166 2796 φιλοσοφήσας
1208 2729 1266 2780 ἐν
1311 2727 1389 2798 τῷ
1431 2729 1580 2798 μέσῳ
1628 2721 1766 2783 εἶναι
1810 2729 1905 2782 τοῦ

316 2815 656 2884 παραδείσου
687 2815 855 2884 λέγει,
913 2810 974 2869 οὗ
1017 2817 1109 2870 τὸν
1155 2818 1366 2890 καρπὸν
1411 2815 1560 2872 εἶπεν
1601 2820 1908 2890 σύμμικτον

315 2906 462 2975 ἔχειν
486 2907 553 2958 ὲκ
581 2906 690 2959 τῶν
711 2907 970 2960 ἐναντίων
989 2908 1089 2979 τὴν
1121 2908 1367 2979 δύναμιν.
1402 2911 1476 2963 Τὸ
1514 2910 1623 2982 γάρ
1654 2912 1784 2964 αὐτὸ
1813 2929 1912 2966 κα-

316 2998 405 3049 λὸν
450 3013 511 3049 τε
565 2993 704 3050 εἶναι
751 3001 842 3052 καὶ
889 3000 1056 3052 κακὸν
1094 3001 1422 3070 διωρίσατο,
1459 3002 1558 3070 τῆς
1597 3003 1906 3074 ἁμαρτίας,

316 3082 498 3156 οἶμαι,
521 3087 613 3139 διὰ
640 3086 831 3164 τούτου
859 3089 959 3158 τὴν
989 3089 1149 3156 φύσιν
1178 3064 1650 3162 ύπαινιττόμένοςί
1937 3064 1980 3121 C

317 3180 542 3233 πάντων
577 3178 688 3232 τῶν
718 3179 808 3233 διὰ
836 3180 1036 3244 κακίας
1067 3182 1470 3253 ἐνεργουμένων
1509 3183 1669 3255 ἡδονή
1699 3201 1783 3248 τις
1816 3203 1914 3239 κα-

318 3273 574 3343 θηγεῖται
627 3272 879 3338 πάντως,
923 3275 1018 3326 καὶ
1061 3273 1163 3327 οὐκ
1212 3274 1360 3328 ἐστιν
1409 3276 1587 3346 εὑρεῖν
1640 3277 1913 3347 ἁμαρτίαν

319 3366 518 3437 ἡδονῆς
565 3365 972 3436 διεζευγμένην,
1003 3366 1104 3418 ὅσα
1144 3383 1202 3419 τε
1229 3365 1317 3419 διὰ
1358 3367 1556 3436 θυμοῦ,
1590 3369 1684 3421 καὶ
1713 3369 1812 3421 ὃσα
1846 3369 1913 3421 δι’

317 3457 624 3528 ἐπιθυμίας
668 3458 876 3526 γίνεται
918 3457 1100 3527 πάθη·
1133 3456 1326 3511 τούτου
1367 3458 1527 3529 χάριν
1570 3459 1665 3512 καὶ
1696 3459 1858 3522 καλὸς
1887 3461 1916 3513 δ

319 3550 537 3621 καρπὸς
568 3548 893 3621 ὀνομάζεται
921 3550 1060 3603 κατὰ
1088 3550 1185 3618 τὴν
1209 3551 1602 3620 ἡμαρτημένην
1625 3551 1720 3604 τοῦ
1749 3550 1913 3604 καλοῦ

319 3645 527 3712 κρίσιν,
553 3645 666 3704 τοῖς
706 3642 766 3694 τὸ
795 3641 958 3694 καλὸν
1003 3643 1061 3694 ἐν
1100 3642 1258 3712 ἡδονῇ
1299 3640 1606 3712 τιθεμένοις
1631 3682 1646 3704 ,
1675 3641 1917 3705 τοιοῦτος

318 3726 519 3786 δοκῶνο
549 3732 782 3802 πονηρὸς
817 3731 875 3784 δὲ
914 3732 1050 3802 μετὰ
1073 3731 1248 3786 ταῦτα
1278 3736 1343 3803 τῇ
1371 3735 1542 3804 πικρᾷ
1569 3735 1632 3803 τῇ
1659 3731 1916 3804 βρώσεως

320 3824 582 3878 ἀναδύσει
611 3824 949 3893 εὑρίσκεται,
997 3825 1139 3875 κατὰ
1181 3822 1280 3893 τὴν
1331 3822 1668 3894 προοιμιώδη
1710 3826 1913 3894 φωνὴν,

319 3918 354 3986 ἦ
387 3933 546 3987 φησι,
581 3915 703 3985 μέλι
731 3915 840 3968 τῶν
887 3915 1110 3986 χειλέων
1150 3915 1250 3983 τῆς
1275 3916 1474 3980 κακίας
1503 3916 1852 3981 ἀποστάζειν,
1881 3919 1916 3988 ἢ

322 4008 466 4077 πρὸς
495 4006 686 4076 καιρὸν
720 4007 817 4076 μὲν
852 4005 1088 4060 λιπαίνει
1123 4007 1214 4060 τὸν
1245 4008 1504 4078 φάρυγγα
1525 4047 1540 4071 ,
1577 4009 1714 4079 μετὰ
1745 4009 1918 4062 ταῦτα

320 4098 380 4152 δὲ
410 4100 738 4168 πικρότερον
785 4098 945 4168 χολῆς
987 4101 1099 4161 τοῖς
1130 4099 1315 4162 κακῶς
1356 4099 1738 4169 γλυκανθεῖσιν
1767 4099 1916 4171 εὑρίο

322 4205 540 4244 σκεται.
584 4189 803 4260 Ἐπειδὴ
823 4189 1002 4243 τοίνυν
1025 4191 1268 4254 ἀποστὰς
1285 4191 1380 4261 τῆς
1399 4191 1506 4244 τῶν
1527 4190 1746 4260 ἀγαθῶν
1780 4207 1920 4259 παγ-

324 4281 572 4353 καρπίας
615 4284 646 4334 ὁ
691 4281 1007 4353 ἄνθρωπος,
1055 4282 1149 4335 τοῦ
1189 4282 1516 4355 φθοροποιοῦ
1568 4284 1783 4357 καρποῦ
1831 4283 1920 4337 διὰ

2007 4103 2290 4158 .distillare
2311 4101 2381 4164 ⁸⁸,

2004 462 2194 516 eodem
2227 463 2346 517 loco
2375 464 2707 518 excluditur.
2741 463 2950 518 Etenim
2984 465 3049 518 de
3070 479 3153 525 ea,
3187 479 3308 533 qua:
3337 478 3452 518 rem
3521 462 3586 513 li~

2006 567 2168 620 quam
2216 553 2486 616 ambiunt,
2530 559 2824 607 accuratus
2880 553 3041 607 medii
3077 553 3217 607 situs
3254 553 3343 606 ille
3377 550 3582 605 intelli-

2005 645 2172 712 gitur,
2199 657 2322 696 cum
2353 644 2654 712 aequalibus
2685 643 2753 696 ab
2781 643 2926 695 onmi
2954 651 3106 712 parte
3144 641 3447 696 intervallis
3511 640 3581 694 ab

2007 742 2252 788 extremo
2279 735 2449 788 abest.
2481 735 2662 800 Quare
2693 735 2737 790 si
2778 750 2944 788 unum
2983 735 3035 786 in
3091 733 3298 786 circulo
3345 731 3582 786 medium

2006 837 2266 880 accurate
2323 834 2618 889 statuatur,
2682 826 2795 879 ﬁeri
2834 826 2983 878 nulla
3041 827 3256 878 ratione
3290 831 3486 891 potest,
3525 829 3583 874 ut

2006 917 2194 972 eodem
2231 928 2488 973 manente
2522 919 2753 981 circulo,
2787 927 2972 972 centra
3013 916 3122 970 duo
3163 918 3339 969 locum
3381 917 3434 968 in
3472 929 3584 967 me-

2006 1007 2096 1062 dio
2128 1011 2423 1079 reperiant.
2469 1009 2604 1063 Nam
2641 1011 2686 1064 si
2752 1017 2951 1078 praeter
2993 1009 3044 1062 id
3102 1015 3382 1070 centrum,
3439 1003 3584 1074 quod

2009 1097 2178 1152 semel
2215 1106 2482 1152 statutum
2511 1107 2618 1161 est,
2667 1098 2816 1152 aliud
2871 1103 3166 1156 statuatur,
3227 1109 3452 1149 necesse
3499 1099 3585 1147 est

2007 1201 2132 1240 cum
2177 1203 2244 1242 eo
2279 1189 2550 1242 circulum
2602 1189 2767 1244 etiam
2827 1188 2993 1241 alium
3049 1188 3240 1248 statui,
3291 1193 3456 1254 atque
3509 1185 3584 1236 ita

2007 1279 2161 1348 prius
2207 1280 2342 1336 illud
2401 1291 2650 1335 centrum
2701 1296 2732 1336 ο
2775 1279 2953 1334 medio
2986 1278 3314 1340 excluditur,
3379 1274 3585 1328 ambitu

2007 1370 2202 1424 circuli
2233 1381 2483 1425 centrum
2523 1371 2656 1425 illud
2687 1371 2919 1425 alterum
2953 1367 3463 1439 circumscribente.
3513 1366 3583 1418 At

2006 1459 2151 1516 enim
2183 1462 2361 1515 medio
2392 1462 2444 1516 in
2478 1461 2735 1531 paradiso
2763 1469 2872 1514 tam
2903 1460 3006 1514 hoc
3037 1475 3199 1528 quam
3245 1457 3378 1512 illud
3413 1456 3585 1512 fuisse

2007 1550 2231 1614 dicitur,
2262 1565 2576 1620 quanquam
2604 1562 2752 1607 esset
2778 1553 2832 1606 in
2867 1560 3103 1619 utroque
3133 1549 3214 1603 vis
3266 1549 3424 1617 plane
3455 1562 3588 1602 con-

2010 1643 2200 1704 traria,
2239 1642 2294 1695 in
2325 1642 2491 1712 ligno,
2541 1644 2787 1713 inquam,
2823 1643 3058 1701 vivilico.
3096 1653 3150 1695 et
3203 1641 3376 1693 altero
3424 1637 3586 1705 cujus

1927 1727 1970 1782 Β
1999 1729 2216 1785 fructus
2243 1748 2394 1788 mors
2423 1741 2562 1797 erat,
2599 1734 2744 1803 quod
2781 1741 3066 1802 peccatum
3110 1730 3402 1801 appellavit
3444 1728 3588 1782 Pau-

2002 1819 2110 1885 lus,
2142 1838 2266 1876 cum
2300 1823 2376 1877 ait
2407 1841 2421 1877 :
2462 1821 2694 1876 Fructus
2728 1825 2928 1890 peccati
2956 1840 3095 1876 mors
3117 1823 3188 1878 ⁵⁸.

2074 1911 2188 1967 ἱιοο
2239 1914 2408 1982 igitur
2464 1913 3004 1968 animadvertendum
3061 1920 3152 1966 est
3205 1927 3267 1965 ex
3323 1911 3426 1963 hac
3475 1915 3587 1962 tota

2002 2006 2493 2070 commentatione,
2523 2006 2688 2059 vitam
2743 2006 2797 2058 in
2833 1995 3174 2074 plantatione
3205 2001 3298 2056 Dei
3351 2000 3472 2055 loco
3517 1999 3592 2054 si-

2004 2105 2113 2149 tam
2149 2096 2256 2150 luis
2289 2112 2319 2150 e
2358 2098 2594 2151 maxime
2658 2095 2878 2150 medio:
2919 2105 3151 2148 mortem
3189 2106 3317 2147 vero
3365 2091 3592 2145 minime

2003 2189 2304 2257 plantatam
2337 2187 2530 2252 fuisse,
2564 2203 2741 2257 neque
2785 2187 3000 2240 radices
3045 2187 3248 2256 egisse,
3282 2199 3463 2252 neque
3511 2181 3594 2235 lo-

2005 2295 2130 2332 cum
2169 2294 2402 2348 usquam
2436 2278 2766 2348 peculiarem
2811 2277 3092 2337 habuisse,
3126 2275 3220 2330 sed
3268 2288 3366 2342 per
3412 2271 3594 2341 priva-

2007 2374 2212 2426 tionem
2273 2371 2396 2424 vita:
2450 2370 2690 2433 conseri,
2749 2384 2873 2421 cum
2910 2368 3021 2421 vita
3052 2365 3265 2436 praediti
3299 2364 3593 2433 participes

2007 2477 2130 2516 esse
2160 2461 2287 2514 boni
2313 2459 2594 2515 desinunt.
2619 2457 2989 2524 Quamobrem
3013 2473 3136 2511 cum
3171 2456 3352 2510 medio
3381 2454 3594 2509 divinas

2007 2553 2152 2606 inter
2183 2552 2401 2620 plantas
2437 2551 2556 2604 loco
2592 2551 2703 2602 vita
2741 2548 2835 2608 sit,
2877 2549 2945 2602 de
2978 2547 3136 2616 cujus
3182 2546 3342 2599 ruina
3401 2543 3595 2597 mortis

2010 2649 2208 2695 natura
2232 2641 2446 2695 exsistit
2475 2659 2486 2696 :
2527 2637 2738 2694 idcirco
2774 2639 2820 2692 is
2850 2638 2942 2707 qui
2979 2638 3284 2690 doctrinam
3329 2636 3470 2688 hanc
3503 2649 3596 2701 per

2007 2733 2254 2803 quadam
2308 2732 2457 2786 velut
2512 2731 2800 2799 aenigmata
2860 2727 3109 2791 tradidit,
3166 2729 3330 2780 etiam
3389 2727 3595 2794 lignum

2010 2823 2143 2877 illud
2184 2821 2456 2876 letiferum
2505 2837 2627 2877 esse
2663 2823 2717 2876 in
2753 2821 2934 2876 medio
3001 2818 3239 2888 paradisi
3277 2819 3373 2879 ait,
3435 2817 3596 2886 cujus

2010 2916 2250 2970 fructum
2279 2913 2479 2968 habere
2509 2913 2616 2967 vim
2643 2913 2936 2984 quamdam
2957 2928 3024 2967 ex
3048 2910 3346 2966 contrariis
3378 2912 3593 2963 mistaln

2011 3012 2425 3060 commemorat.
2451 3002 2585 3058 Nam
2624 3005 2766 3059 idem
2802 3012 2860 3058 et
2888 3005 3085 3058 bonum
3139 3010 3193 3056 et
3229 3003 3430 3056 malum
3475 3016 3598 3056 esse

2015 3094 2235 3159 deﬁnit,
2292 3093 2504 3162 peccati
2555 3093 2664 3164 (ut
2732 3090 2985 3161 equidem
3051 3090 3286 3159 Opinor)
3343 3097 3596 3142 naturam

2014 3189 2249 3242 obscure
2279 3183 2438 3239 nobis
2476 3184 2816 3240 describens.
2840 3181 2974 3236 Nam
3008 3181 3136 3251 quia
3162 3180 3415 3248 voluptas
3445 3194 3596 3248 qum-

2015 3280 2139 3334 dam
2174 3281 2230 3334 in
2261 3278 2541 3343 omnibus,
2587 3291 2711 3347 qua:
2766 3274 3016 3344 improbe
3045 3278 3331 3342 geruntur,
3368 3269 3594 3323 omnino

2015 3372 2299 3442 praecedit,
2335 3386 2512 3440 neque
2547 3368 2776 3438 reperiri
2825 3374 3112 3437 peccatum
3151 3363 3322 3417 ullum
3360 3368 3536 3430 potest
3569 3373 3598 3410 a

2015 3467 2298 3534 voluptate
2353 3464 2690 3531 seiunctum,
2757 3459 2870 3513 sive
2899 3456 3030 3527 quid
3084 3471 3179 3524 per
3238 3453 3599 3511 iracundiam,

2017 3560 2132 3613 sive
2161 3571 2256 3626 per
2289 3553 2571 3609 libidinem
2601 3551 2956 3619 designetur:
2989 3562 3052 3601 ea
3081 3547 3148 3600 de
3182 3559 3349 3598 causa
3386 3543 3598 3596 fructus

2018 3649 2106 3702 hic
2139 3649 2305 3700 etiam
2329 3642 2562 3714 pulcher
2603 3640 2932 3711 appellatur,
2964 3637 3165 3706 quippe
3188 3635 3281 3704 qui
3306 3634 3602 3702 depravato

2012 3736 2222 3808 judicio
2263 3735 2388 3790 talis
2425 3747 2550 3788 esse
2598 3731 2854 3787 videatur
2905 3729 2995 3790 iis,
3030 3726 3124 3796 qui
3157 3725 3361 3779 bonum
3404 3719 3458 3776 in
3505 3736 3602 3774 vo-

2017 3826 2224 3892 luptate
2258 3830 2489 3894 ponunt,
2537 3820 2630 3876 sed
2691 3818 2890 3875 deinde
2941 3817 3120 3870 malus
3150 3830 3216 3868 ex
3272 3827 3457 3867 amara
3491 3810 3600 3864 cibi

2018 3915 2324 3986 digestione
2355 3912 2651 3983 reperitur,
2696 3909 2999 3965 secundum
3042 3905 3175 3960 illud
3216 3903 3339 3958 libri
3370 3901 3603 3956 Prover-

2018 4011 2233 4065 biorum
2267 4007 2515 4069 verbum,
2553 4019 2664 4076 quo
2695 4003 2899 4084 dicitur
2925 4001 3032 4056 mel
3071 4000 3139 4054 de
3170 3999 3333 4054 labiis
3380 3995 3603 4050 malitia:

2447 4113 2571 4169 qua:
2634 4095 2855 4167 quidem
2922 4093 2989 4148 ad
3048 4101 3265 4161 tempus
3326 4090 3604 4143 humectet

2019 4202 2228 4265 guttur,
2266 4190 2362 4247 sed
2398 4190 2661 4259 deinceps
2697 4187 2823 4241 felle
2873 4184 3111 4239 amarior
3155 4180 3465 4236 inveniatur
3511 4177 3601 4238 iis,

2020 4286 2115 4355 qui
2167 4285 2308 4338 male
2374 4280 2722 4337 dulcedinem
2786 4276 2934 4330 illam
2996 4271 3360 4344 perceperint.
3419 4269 3603 4336 Itaque

324 4378 428 4445 τῆς
463 4373 750 4444 παρακοῆς
779 4373 1081 4445 ἐνεπλήσθη
1105 4393 1118 4407 ·
1147 4374 1318 4446 ὄνομα
1345 4376 1402 4429 δὲ
1438 4375 1532 4430 τοῦ
1562 4374 1774 4448 καρποῦ
1799 4375 1910 4428 τού-

2025 4382 2316 4443 postquam
2356 4370 2520 4424 homo
2558 4383 2586 4422 a
2637 4366 2801 4421 fertili
2862 4363 3040 4417 omnis
3093 4359 3305 4430 generis
3334 4359 3603 4413 bonorum

326 4480 421 4520 mu
474 4466 508 4533 ἡ
561 4464 913 4528 θανατοποιδς
971 4465 1246 4536 ἀμαρτίαο
1297 4467 1458 4529 εὐθὺς
1511 4465 1788 4538 ἐνεκρὼθη
1843 4466 1922 4537 τῷ

327 4557 601 4628 κρείττονι
647 4557 779 4628 βίῳ,
825 4556 922 4627 τὴν
967 4558 1158 4625 ἄλογον
1205 4558 1300 4610 καὶ⁸
1347 4557 1591 4629 κτηνὼδη
1629 4557 1774 4630 ζωὴν
1821 4559 1920 4629 τῆς

330 4649 614 4720 θειοτέρας
647 4649 1134 4720 ὰνταλλαξάμενος.
1175 4651 1286 4704 Καὶ
1324 4649 1752 4720 καταμιχθέντος
1777 4651 1924 4716 ἅπαξ

329 4735 427 4788 τοῦ
476 4734 708 4788 θανάτου
739 4738 807 4806 τῇ
859 4736 1056 4805 φύσει,
1089 4737 1430 4809 συνδιεξῆλθε
1452 4742 1572 4800 ταῖς
1602 4739 1708 4793 τῶν
1743 4757 1923 4794 τικτο-

337 4828 518 4898 μένων
553 4828 823 4899 διαδοχαῖς
857 4829 891 4899 ή
921 4831 1202 4902 νεκρότης.
1233 4831 1396 4884 Ὅθεν
1428 4831 1618 4901 νεκρὸς
1644 4834 1790 4903 ἡμᾶς
1817 4832 1922 4885 διε-

333 4919 524 4982 δέξατο
560 4918 701 4988 βίος,
737 4919 906 4988 αὐτῆς
930 4921 1131 4990 τρόπον
1155 4920 1277 4973 τινὰ
1302 4921 1401 4990 τῆς
1425 4920 1569 4990 ζωῆς
1605 4920 1762 4990 ἡμῶν
1788 4923 1924 4974 ἀπο-

335 5009 624 5080 θανούσης.
671 5011 860 5082 Νεκρὰ
910 5011 1018 5081 γάρ
1051 5011 1310 5082 άντικρύς
1346 5014 1493 5066 ἐστιν
1523 5013 1680 5083 ἡμῶν
1718 5015 1751 5082 ἡ
1785 5012 1919 5084 ζωὴ,

335 5102 435 5170 τῆς
473 5102 773 5166 ἀθανασίας
806 5101 1167 5173 ἐστερημένη.
1204 5102 1304 5155 Διὰ
1333 5103 1492 5156 τοῦτο
1519 5105 1638 5165 ταῖς
1674 5102 1767 5155 δύο
1794 5103 1925 5156 ταύ-⁹

336 5209 461 5256 ταις
489 5194 656 5258 ζωαῖς
686 5193 956 5264 μεσιτεύει
985 5197 1014 5247 ὁ
1039 5196 1097 5246 ἐν
1133 5195 1283 5265 μέσῳ
1311 5194 1419 5248 τῶν
1445 5193 1538 5247 δύο
1575 5194 1731 5258 ζωῶν
1759 5213 1922 5262 γινω-

340 5286 622 5354 σκόμενος·
653 5286 742 5338 ἵνα
771 5288 836 5357 τῇ
869 5284 1147 5356 ἀναιρέσει
1175 5287 1276 5357 τῆς
1304 5287 1565 5358 χείρονος,
1592 5285 1666 5356 δῷ
1690 5289 1756 5358 τῇ
1791 5289 1922 5356 ἀκη-

344 5373 488 5444 ράτῳ
527 5377 596 5428 τὰ
621 5378 934 5447 νικητήρια.
981 5377 1192 5449 Ὥσπερ
1216 5379 1398 5430 τοίνυν
1432 5377 1511 5447 τῷ
1537 5377 1830 5431 ἀποθανεῖν
1854 5380 1922 5449 τῇ

342 5467 566 5539 ἀληθινῇ
603 5468 716 5539 ζωῇ
760 5471 790 5522 ὀ
816 5468 1101 5542 ἄνθρωπος
1121 5472 1202 5533 είς
1227 5470 1318 5523 τὸν
1349 5470 1542 5540 νεκρὸν
1573 5469 1762 5524 τοῦτον
1792 5487 1920 5538 μετ-

415 5645 458 5678 ⁸⁹
483 5650 641 5707 IIoru.
675 5667 747 5718 v1,
775 5653 864 5707 25.
923 5653 968 5684 ⁵⁸
989 5652 1147 5708 Prov.
1177 5669 1231 5720 v,
1259 5652 1312 5705 5.

2024 4465 2181 4534 copia
2212 4462 2488 4524 discessit,
2541 4474 2606 4514 ac
2660 4459 2846 4512 fructu
2897 4454 3179 4510 interitmn
3213 4450 3472 4505 aﬂ'crente
3509 4463 3606 4519 per

2025 4553 2450 4610 inobedientiam
2499 4557 2776 4605 saturatus
2835 4555 2917 4603 est
2971 4545 3102 4618 (cui
3151 4542 3354 4598 fructui
3405 4556 3606 4595 nomen

2024 4658 2108 4704 est
2140 4654 2422 4718 peccatum
2461 4643 2795 4714 letiferum),
2831 4641 3012 4696 statim
3052 4639 3118 4692 ad
3171 4636 3605 4708 praestantiorem

2025 4741 2188 4795 vitam
2225 4738 2369 4809 quod
2428 4737 2646 4800 attinet,
2707 4743 2883 4789 morte
2929 4733 3188 4786 multatus
3227 4738 3333 4792 est,
3365 4727 3600 4782 rationis

2024 4840 2248 4901 experte
2279 4845 2343 4883 ac
2373 4829 2535 4883 bruta
2578 4841 2703 4882 cum
2749 4824 3024 4880 diviniore
3081 4823 3192 4877 vita
3252 4827 3596 4876 commutata.

2020 4922 2087 4976 Et
2111 4923 2235 4991 quia
2262 4921 2429 4975 semel
2455 4918 2832 4973 immiscuerat
2862 4931 2924 4971 se
2950 4929 3101 4969 mors
3127 4924 3338 4968 natura:
3367 4921 3605 4977 nostrae,

2021 5027 2128 5065 una
2165 5025 2287 5064 cum
2317 5009 2452 5080 ipsis
2480 5023 2670 5063 eorum
2702 5007 2796 5077 qui
2820 5004 3257 5077 procreabantur
3284 5001 3604 5057 successio-

2022 5104 2184 5158 nibus
2241 5101 2546 5155 mortalitas
2601 5099 2930 5170 penetravit.
2982 5096 3104 5163 Quo
3140 5095 3342 5149 factum
3380 5100 3440 5146 ut
3495 5091 3608 5145 vita

2022 5212 2126 5252 nos
2152 5194 2429 5264 exciperet
2461 5203 2702 5254 mortua,
2747 5193 2864 5262 ipsa
2894 5186 3301 5261 quodammodo
3347 5185 3459 5238 vita
3507 5197 3609 5236 no—

2024 5300 2138 5348 stra
2174 5295 2350 5341 morte
2380 5293 2683 5356 perempta.
2722 5282 2857 5336 Nam
2894 5281 3043 5335 haud
3081 5278 3250 5334 dubie
3279 5276 3388 5327 vita
3417 5281 3606 5326 nostra

2025 5392 2242 5437 mortua
2273 5390 2377 5445 est,
2411 5395 2536 5434 cum
2566 5375 2980 5432 immortalitate
3029 5372 3264 5440 spoliata
3296 5366 3386 5420 sit.
3423 5357 3610 5423 Itaque

2021 5474 2168 5529 inter
2199 5473 2365 5528 hasce
2397 5471 2534 5527 duas
2563 5468 2702 5523 vitas
2737 5464 2917 5521 medio
2956 5463 3114 5532 quasi
3152 5457 3303 5528 degit
3334 5453 3479 5520 loco,
3513 5445 3608 5513 qui
