3948 6192
382 251 404 312 1
416 255 517 314 023

1645 267 1703 324 s.
1735 269 2060 327 GBEGORII
2085 271 2380 342 stsysm

3489 277 3631 335 {02‘

377 371 524 425 inter
552 370 691 428 duas
719 371 857 430 vitas
884 378 1233 448 cognoscitur
1252 419 1268 446 ,
1298 387 1358 436 ut
1395 393 1674 454 perempta
1735 389 1930 457 pejore,

2051 392 2214 446 έπεσε
2265 393 2379 464 βίον
2396 409 2410 426 ’
2441 391 2614 457 οὕτως
2645 393 2771 446 ὅταν
2787 390 3032 462 ἀποθάνῃ
3056 393 3119 464 τῇ
3142 393 3311 464 νεκρᾷ
3333 392 3505 467 ταύτῃ
3533 397 3631 450 καὶ

380 465 630 520 interitus
669 465 884 535 experti
907 466 1194 523 victoriam
1220 471 1446 526 tribuat.
1475 471 1945 538 Quemadmodum

379 554 546 622 igitur
575 555 736 610 homo
767 555 897 611 dum
927 573 1065 613 verae
1099 560 1224 614 vitae
1279 562 1529 630 moritur,
1584 565 1639 618 in
1673 575 1944 623 mortuam

378 643 519 696 hane
551 645 716 698 vitam
745 646 938 700 incidit
962 665 976 701 :
1006 649 1079 702 ita
1110 665 1235 703 cum
1263 650 1390 706 huic
1415 662 1642 710 mortuae
1666 657 1944 729 brutzeque

374 734 501 788 vitae
525 738 778 798 moritur,
821 740 1062 794 vicissim
1089 750 1353 798 aeternum
1401 746 1602 800 viventi
1631 749 1753 803 vitae
1781 752 1943 806 resti-

377 824 570 878 tuitur.
600 827 718 891 Quo
757 827 838 895 ﬁt,
874 840 932 884 ut
962 839 1115 886 extra
1158 848 1374 889 omnem
1414 835 1810 894 dubitationem
1847 855 1944 910 po-

374 913 538 968 situm
583 918 688 982 sit,
712 934 822 973 non
863 935 1023 989 posse
1050 937 1150 978 nos
1177 923 1388 978 beatam
1420 927 1566 980 illam
1596 929 1759 983 vitam
1804 945 1941 985 con-

373 1007 550 1074 sequi,
584 1009 688 1062 nisi
719 1021 940 1078 peccato
965 1015 1286 1071 moriamur.
1328 1015 1403 1071 Ea
1438 1017 1505 1073 de
1553 1035 1721 1075 causa
1771 1021 1944 1076 tradi-

371 1103 486 1149 tum
517 1111 708 1168 argute
729 1109 836 1167 est,
867 1105 1059 1160 eodem
1106 1107 1229 1162 loco
1274 1108 1328 1162 in
1357 1109 1536 1165 medio
1585 1112 1840 1181 paradiso
1874 1113 1942 1168 li-

371 1203 538 1257 gnum
569 1199 861 1262 utrumque
887 1210 1051 1251 esse:
1082 1199 1226 1267 quod
1266 1200 1496 1255 alterum
1532 1202 1609 1256 ibi
1657 1219 1687 1258 a
1743 1211 1940 1260 natura

371 1281 462 1340 sit.
497 1283 744 1343 _alterum
777 1286 844 1340 ad
887 1286 940 1340 id
970 1290 1114 1358 quod
1152 1291 1306 1359 prius
1339 1293 1577 1359 exsistit,
1611 1310 1707 1364 per
1760 1296 1942 1366 priva-

371 1373 572 1426 tionem
602 1376 845 1432 accedat.
879 1377 1014 1433 Nam
1049 1396 1116 1436 ex
1141 1383 1333 1438 eodem
1365 1385 1418 1438 in
1468 1385 1608 1440 idem
1641 1403 1737 1456 per
1794 1388 1937 1444 frui-

369 1461 570 1516 tionem
625 1472 678 1517 et
722 1466 1118 1535 privationem,
1186 1471 1242 1524 iit
1297 1476 1652 1528 commutatio
1703 1477 1828 1532 vitae
1873 1494 1938 1534 ac

369 1554 560 1607 mortis
609 1572 623 1607 :
662 1570 784 1609 eum
843 1561 934 1628 qui
979 1570 1227 1617 mortuus
1276 1563 1361 1618 est
1392 1563 1557 1628 bono,
1582 1566 1712 1620 vivit
1752 1567 1934 1623 malo:

366 1650 421 1698 et
444 1645 534 1712 qui
572 1654 820 1702 mortuus
849 1658 931 1703 est
966 1651 1019 1703 in
1051 1652 1379 1719 vitiositate,
1407 1654 1473 1708 ad
1509 1655 1763 1711 virtutem
1794 1660 1938 1712 revi-

367 1735 544 1789 viscit.
609 1736 952 1809 Quapropter
1010 1742 1236 1807 pulchre
1277 1759 1480 1814 sponsa
1545 1761 1740 1801 manus
1783 1752 1940 1804 'suas

366 1826 583 1895 myrrha
613 1829 800 1896 plenas
829 1832 1082 1894 ostendit,
1115 1849 1238 1887 cum
1274 1835 1419 1889 vitiis
1447 1837 1702 1892 omnibus
1727 1845 1938 1893 mortua

366 1923 596 1984 surgat,
656 1926 714 1970 ut
770 1917 947 1973 Verbo
1018 1921 1225 1977 aditum
1280 1923 1334 1977 in
1400 1940 1459 1980 se
1513 1926 1820 1994 patefaciat.
1872 1927 1938 1981 Et

365 1999 601 2058 Verbum
658 2009 804 2076 quod
854 2009 1194 2076 intromittit,
1247 2014 1364 2083 ipsa
1413 2017 1526 2068 vita
1556 2024 1662 2071 est.
1708 2015 1934 2071 'I’antam

364 2110 493 2149 vero
526 2097 589 2149 ad
623 2098 1007 2152 sublimitatem
1042 2100 1094 2153 in
1142 2101 1232 2164 iis,
1264 2118 1384 2171 quae
1438 2104 1932 2174 consideravimus,

361 2190 546 2237 evecta
577 2184 776 2248 anima,
808 2201 927 2254 qua:
956 2187 1022 2240 ad
1059 2187 1224 2242 Deum
1255 2197 1464 2258 spectat
1506 2209 1518 2247 :
1553 2193 1793 2246 nondum
1848 2205 1932 2248 ta-

2050 482 2312 552 κτηνώδει
2351 481 2499 552 ζωῇ,
2547 483 2683 553 πρὸς
2709 482 2808 552 τὴν
2838 483 2923 535 ἀεὶ
2952 482 3130 545 ζῶσαν
3158 484 3626 554 άντιμεθίσταται.

2058 569 2145 632 Ὡς
2175 571 2540 640 άναμφίϐολον
2568 566 2726 635 εἶναι,
2761 571 2841 623 ὅτι
2866 571 2966 622 οὑκ
2995 570 3141 623 ἔστιν
3179 573 3236 624 ἐν
3271 575 3337 643 τῇ
3381 576 3628 647 μακαρίᾳ

2043 660 2294 726 γενέσθαι
2329 658 2462 730 ζωῇ,
2500 660 2572 729 μὴ
2607 659 2798 729 νεκρὸν
2823 660 2888 728 τῇ
2931 659 3175 729 ἁμαρτίᾳ
3207 660 3517 729 γενόμενον.
3553 655 3631 715 υἷι

2042 751 2203 820 χάριν
2237 752 2294 802 ἐν
2321 749 2399 820 τῷ
2425 749 2573 820 αὑτῷ
2598 749 2739 803 κατὰ
2758 748 2816 801 τὸ
2847 748 3008 818 μέσον
3031 749 3290 819 ἑκάτερον
3315 750 3423 802 τῶν
3456 749 3632 816 ξύλων

2041 836 2178 891 εἷναι
2214 839 2318 892 ὑπὸ
2343 839 2435 892 τοῦ
2467 839 2625 903 λόγου
2654 838 3118 908 πεφιλοσόφηταισ
3153 838 3230 902 ὡς
3257 839 3350 892 τοῦ
3384 840 3481 909 μὲν
3513 842 3632 893 ἑκεέ

2042 929 2200 998 φύσει
2225 930 2394 992 ὄντος,
2421 930 2514 982 τοῦ
2539 931 2598 982 δέ
2631 930 3010 1000 ἐπιγινομένου
3037 930 3114 998 τῷ
3153 930 3270 984 ὅντι
3313 930 3400 984 διὰ
3427 933 3626 1001 στερή..

2042 1037 2196 1084 σεως.
2247 1022 2342 1073 Ἐκ
2371 1020 2482 1091 γὰρ
2519 1020 2612 1075 τοῦ
2653 1019 2817 1074 αὑτοῦ
2858 1022 2951 1074 ἐπὶ
2975 1023 3035 1073 τὸ
3059 1021 3191 1074 αὑτό
3217 1021 3305 1074 διὰ
3338 1022 3628 1092 μετουσίας

2041 1110 2135 1162 καὶ
2169 1110 2510 1180 στερήσεως,
2543 1110 2576 1180 ἡ
2622 1109 3080 1178 άντιμετάστασις
3115 1108 3324 1177 γίνεται
3352 1111 3448 1163 καὶ
3479 1109 3628 1181 ζωῆς

2040 1199 2134 1252 καὶ
2182 1198 2433 1252 θανάτου.
2482 1198 2704 1270 Ἐπειδὴ
2747 1199 2776 1252 6
2827 1199 3120 1269 νεκρωθεὶς
3155 1199 3242 1269 .τῷ
3285 1198 3510 1269 ἀγαθῷ,
3556 1199 3626 1272 ζῇ

2039 1289 2117 1360 τῷ
2146 1289 2322 1361 κακῷ,
2346 1291 2440 1343 καὶ
2477 1292 2504 1343 6
2533 1290 2724 1360 νεκρὸς
2754 1291 2811 1342 ἐν
2843 1291 3012 1361 κακίᾳ
3047 1290 3338 1360 γενόμενος
3367 1291 3503 1362 πρὸς
3530 1291 3627 1360 τὴν

2037 1381 2236 1453 ἀρετὴν
2263 1380 2581 1435 ἀνεϐίωσεν.
2610 1380 2818 1434 οὑκοῦν
2844 1381 3024 1445 καλῶς
3045 1381 3281 1436 δείκνυσι
3314 1384 3378 1453 τῇ
3411 1387 3630 1454 σμύρνῃ

2038 1471 2261 1542 πλήρεις
2283 1471 2379 1535 τὰς
2409 1471 2611 1541 ἑαυτῆς
2639 1475 2824 1543 χεῖρας
2857 1474 2890 1544 ἡ
2918 1472 3126 1543 νύμφη,
3153 1471 3241 1525 διὰ
3262 1475 3358 1542 τῆς
3389 1473 3446 1524 ἐν
3475 1473 3626 1542 πάσῃ

2038 1566 2204 1636 κακίᾳ
2253 1565 2577 1635 νεκρὸτητος
2617 1565 2948 1636 ἀνισταμένη
2976 1603 2992 1628 ,
3027 1565 3164 1636 πρὸς
3204 1564 3264 1618 τὺ
3301 1565 3509 1630 ἀνοῖξαι
3546 1563 3628 1634 τῷ

2037 1657 2193 1726 Λόγῳ
2214 1657 2312 1727 τὴν
2341 1659 2441 1734 είς,
2453 1658 2650 1729 ἐαυτὴν
2673 1657 2896 1712 εἴσοδον.
2938 1655 3060 1727 Ζωή
3089 1655 3147 1709 δέ
3177 1658 3206 1709 6
3231 1656 3402 1722 Λόγος
3428 1655 3486 1708 ὃν
3512 1655 3629 1707 εισ-

1974 1737 2013 1791 Β
2040 1746 2323 1809 οικίζεται.
2382 1747 2526 1818 Πρὸς
2565 1746 2817 1800 τοσοῦτον
2859 1746 2917 1800 δὲ
2953 1744 3182 1818 μέγεθος
3207 1744 3507 1815 ἐπαρθεῖσα
3537 1743 3630 1796 διὰ

2043 1837 2151 1892 τῶν
2177 1837 2556 1909 θεωρηθέντων
2580 1839 2710 1908 ἡμῖν
2742 1840 2774 1908 ή
2800 1837 2936 1909 πρὸς
2957 1837 3048 1891 τὸν
3073 1836 3207 1890 Θεὸν
3237 1836 3425 1908 ὁρῶσα
3452 1835 3627 1905 ψυχή’

2043 1927 2226 1991 ούπω,
2270 1927 2452 1992 καθώς
2498 1947 2664 2000 φησιν
2699 1931 2730 1983 6
2760 1929 2992 1995 Παῦλος,
3027 1928 3199 1994 οὕτως
3239 1929 3414 1997 ἔγνω,
3441 1927 3632 1991 καθὼς

2041 2017 2120 2070 δεῖ
2141 2019 2362 2085 γνῶναι,
2392 2021 2513 2072 οὑδὲ
2540 2019 2814 2088 λογίζεται
2837 2020 2955 2075 καθ’
2985 2020 3182 2092 ἑαυτὴν
3212 2019 3630 2090 κατειληφέναιι

2039 2108 2152 2160 ἀλλ’
2176 2109 2254 2162 ἔτι
2283 2109 2419 2181 πρὸς
2448 2109 2508 2163 τὸ
2530 2111 2922 2182 ὑπερκείμενον
2943 2112 3146 2184 τρέχει,
3171 2113 3284 2175 τοῖς
3313 2109 3626 2182 ἔμπροσθεν

2039 2197 2236 2269 ἑαυτὴν
2270 2199 2677 2255 ἐπεκτείνουσα.
2816 2208 2818 2210 ’

365 2291 509 2338 men,
545 2275 620 2328 uti
651 2275 854 2332 Paulus
893 2278 1154 2348 loquitur,
1185 2281 1258 2334 ita
1297 2283 1569 2351 cegnovit,
1611 2284 2065 2354 quemadmodum
2103 2297 2338 2359 oportet,
2372 2306 2550 2361 neque
2591 2307 2650 2347 se
2695 2290 3173 2362 comprehendisse
3209 2291 3509 2346 arbitratur
3534 2291 3581 2323 ⁸⁷
3603 2309 3623 2347 :

362 2368 454 2420 sed
487 2368 662 2420 adhuc
691 2369 757 2422 ad
814 2371 1096 2439 superiora
1129 2375 1322 2438 currit,
1351 2378 1605 2434 enitendo
1635 2379 1703 2434 ad
1729 2395 1813 2444 ea,
1845 2397 1964 2451 qua:
1989 2391 2116 2438 ante
2153 2400 2210 2439 se
2245 2384 2427 2440 habet.

435 2457 550 2512 lloc
577 2459 719 2512 enim
752 2469 810 2512 ut
835 2462 901 2515 de
930 2464 1046 2531 ipsa
1081 2472 1406 2528 statuamus,
1439 2471 1728 2526 verborum
1776 2473 1932 2529 dein-

359 2560 488 2615 ceps
528 2551 871 2616 sequentium
924 2552 1093 2607 series
1139 2566 1344 2610 monet.
1394 2558 1678 2625 Adhibitis,
1730 2563 1930 2633 inquit,

364 2639 610 2692 manibus
640 2640 896 2705 claustro,
933 2647 1114 2713 aperui
1140 2650 1376 2717 equidem
1409 2663 1630 2722 cognato
1660 2672 1794 2710 meo.
1829 2657 1933 2711 Ad-

357 2726 440 2781 dit
482 2731 670 2793 etiam,
726 2728 993 2785 Prwteriit
1045 2747 1295 2805 cognatus
1350 2757 1527 2806 meus,
1584 2747 1765 2798 anima
1817 2763 1932 2801 mea

358 2833 569 2886 egressa
602 2829 679 2872 est
719 2819 787 2873 ad
837 2838 1131 2877 sermonem
1167 2827 1302 2897 ejus.
1336 2830 1548 2895 Quibus
1595 2849 1694 2890 nos
1745 2837 1926 2901 docet,

359 2923 528 2962 unum
575 2925 697 2964 esse
739 2912 959 2966 modum
1007 2917 1343 2986 percipiendi
1399 2929 1722 2990 potestatem
1778 2927 1925 2982 illam

2122 2477 2186 2530 Ἦ
2224 2477 2332 2549 γὰρ
2365 2478 2655 2532 ἀκολουθία
2686 2478 2796 2532 τῶν
2824 2478 3023 2548 ἐφεξῆς
3061 2479 3234 2548 λόγων
3273 2478 3446 2532 ταῦτα
3479 2480 3626 2533 νοεῖν

2039 2570 2166 2640 περὶ
2197 2570 2364 2640 αὐτῆς
2389 2570 2722 2623 ὑποτίθεταιο
2765 2571 2897 2624 Ἐπὶ
2930 2570 3149 2639 χεῖρας
3191 2570 3296 2624 τοῦ
3337 2571 3624 2639 κλείθρου

2037 2658 2251 2727 ἤνοιξα
2283 2659 2396 2728 ἐγὼ
2424 2658 2503 2724 τῷ
2535 2659 2840 2730 ἀδελφιδῷ
2878 2677 3020 2730 μου.
3067 2660 3178 2713 Kal.
3209 2661 3506 2729 ἐπήγαγεν,
3538 2661 3626 2714 ὅτι

2051 2749 2396 2819 Ἀδελφιδός
2425 2768 2546 2820 μου
2575 2751 2912 2819 παρῆλθεν·
2944 2753 2982 2819 ἡ
3014 2750 3184 2820 ψυχή
3217 2768 3336 2820 μου
3358 2748 3627 2818 ἐξῆλθεν

2035 2839 2107 2893 ἐν
2135 2841 2296 2909 λόγῳ
2319 2841 2523 2895 αὐτοῦ.
2553 2843 2804 2896 Διδάσκει
2836 2843 2945 2913 γὰρ
2973 2841 3060 2895 διὰ
3091 2841 3294 2894 τούτων
3327 2842 3502 2911 ἡμᾶς,
3537 2841 3625 2895 ὅτι

2033 2931 2127 2985 ἐπὶ
2169 2932 2268 3001 τῆς
2304 2931 2482 2986 πάντα
2514 2930 2639 2986 νοῦν
2677 2932 3053 3003 ὑπερεχούσης
3081 2931 3364 3002 δυνάμεως
3401 2926 3481 2995 εἷς
3516 2949 3624 2986 κα-

357 3001 706 3055 excedentem
759 3018 974 3060 onmem
1016 3015 1271 3072 mentem,
1306 3011 1563 3066 nimirum
1607 3030 1716 3070 non
1745 3019 1928 3074 subsio

2035 3021 2314 3091 ταλήψεώς
2360 3025 2478 3076 ἐστι
2506 3024 2737 3097 τρόπος,
2768 3001 2831 3076 τὸ
2854 3001 3140 3094 μηδέποτε
3172 3001 3362 3092 στῆναι
3395 3025 3528 3094 περὶ
3555 3023 3622 3077 τὸ

358 3101 501 3145 stere
527 3093 576 3145 in
612 3093 679 3146 iis
711 3109 830 3162 qua:
855 3099 1204 3165 perceperis:
1243 3100 1337 3154 sed
1371 3103 1553 3170 potius
1582 3121 1927 3179 nequaquam

2035 3113 2484 3184 κατειλημμένον
2525 3093 2664 3168 άλλά
2698 3115 2789 3168 τὸν
2842 3093 2939 3168 ἀεὶ.
2972 3113 3243 3184 ζητοῦντα
3288 3113 3366 3184 τῷ
3408 3093 3618 3169 πλείονι

359 3181 648 3249 quiescere
674 3198 889 3252 semper
933 3186 1294 3254 inquirentem
1342 3193 1544 3261 aliquid
1573 3199 1807 3268 amplius
1838 3216 1925 3265 eo,

354 3269 502 3337 quod
548 3271 714 3324 semel
761 3277 1263 3342 comprehenderis.
1291 3277 1501 3351 Etenim
1552 3301 1674 3354 qua:
1708 3291 1927 3359 myrrha

356 3363 512 3429 plena
551 3361 691 3415 facta
721 3371 828 3428 est,
866 3367 1230 3439 omnibusque
1259 3372 1380 3426 vitae
1400 3377 1596 3433 studiis
1620 3378 1760 3450 (qua:
1793 3382 1930 3454 ligu-

358 3461 474 3504 rate
502 3450 704 3521 digitos
740 3455 918 3526 vocat)
952 3458 1334 3516 mortiﬁcatum
1377 3463 1433 3517 in
1464 3480 1524 3520 se
1554 3470 1754 3523 malum
1786 3450 1927 3536 indi-

356 3547 465 3604 cat,
498 3550 858 3608 Spontaneum
892 3543 1112 3601 virtutis
1139 3548 1349 3604 cultum
1383 3566 1446 3606 ea
1480 3554 1598 3622 ipsa
1622 3572 1679 3612 re
1705 3559 1930 3621 demon-

355 3636 516 3693 strat,
541 3630 686 3698 quod
713 3649 776 3686 ex
807 3649 867 3688 se
897 3650 1093 3692 manus
1121 3637 1293 3707 ipsius
1317 3644 1595 3712 myrrham
1625 3647 1922 3706 distillant:

356 3721 473 3774 luet:
501 3722 668 3791 igitur
695 3725 940 3795 attigisse
974 3742 1170 3784 manus
1200 3745 1330 3788 suas
1355 3735 1653 3792 claustrum
1687 3741 1784 3805 ait,
1826 3743 1927 3798 huc

353 3820 457 3876 est,
488 3828 652 3882 opera
683 3830 779 3869 sua
817 3833 981 3888 prope
1012 3823 1316 3879 accessisse
1351 3825 1417 3880 ad
1450 3838 1738 3898 angustum
1774 3834 1922 3887 illum

355 3909 410 3954 et
448 3904 696 3958 strictum
728 3905 972 3962 aditum:
1024 3909 1181 3978 cujus
1215 3913 1419 3968 clavem
1462 3915 1700 3972 Verbum
1749 3921 1924 3989 ipsum

358 3993 523 4044 tradit
573 3994 676 4056 eis,
731 3997 823 4064 qui
873 3996 1033 4053 Petro
1087 4001 1296 4058 similes
1345 4017 1492 4060 sunt.
1525 4008 1711 4077 Aperit
1747 4004 1924 4067 autem

356 4081 458 4136 sibi
491 4083 640 4152 regni
667 4086 865 4138 ostium
893 4103 988 4155 per
1011 4089 1123 4144 haec
1145 4091 1273 4154 duo,
1311 4094 1565 4148 nimirum
1589 4112 1684 4165 per
1707 4114 1921 4164 manus,

354 4189 476 4241 quae
513 4189 738 4243 operum
778 4177 1226 4246 significationem
1274 4183 1494 4247 habent,
1545 4195 1598 4257 et
1647 4203 1741 4257 per
1769 4191 1924 4246 clau-

355 4269 527 4316 strum
562 4263 701 4318 lidei.
739 4263 871 4318 Nam
907 4281 1001 4334 per
1033 4267 1146 4323 haec
1176 4269 1304 4334 duo,
1337 4287 1433 4342 per
1461 4275 1639 4342 iidem,
1677 4278 1919 4348 inquam,
1947 4266 1952 4272 ’

2027 3202 2121 3256 τοῦ
2166 3204 2615 3273 καταλειφθέντος
2672 3204 2746 3276 μὴ
2791 3205 3066 3259 ἵστασθαι.
3112 3205 3180 3258 Ἠ
3232 3205 3342 3276 γὰρ
3399 3206 3617 3278 πλήρης

2028 3292 2290 3364 γενομένη
2323 3295 2424 3364 τῆς
2455 3295 2721 3365 σμύρνης,
2757 3295 2890 3348 πᾶσι
2921 3297 3034 3357 τοῖς
3055 3293 3148 3347 τοῦ
3183 3294 3298 3364 βίου
3331 3293 3613 3364 ἐπιτηδεύο

2031 3400 2192 3454 μασιν
2219 3384 2394 3455 (ἅπερ
2421 3385 2718 3448 δακτύλους
2742 3385 3020 3456 τροπικῶς
3045 3385 3298 3454 ὀνομάζει
3319 3385 3336 3454 )
3359 3386 3457 3454 τὴν
3477 3385 3612 3455 πρὸς

2026 3472 2086 3526 τὸ
2128 3473 2293 3527 κακὸν
2325 3475 2758 3546 ἐπισημαίνουσα
2801 3474 3089 3546 νέκρωσιν·
3126 3477 3222 3529 καὶ
3257 3477 3318 3529 τὸ
3364 3476 3608 3528 ἑκούσιον

2025 3564 2123 3634 τῆς
2166 3564 2365 3636 ἀρετῆς
2408 3565 2494 3618 διὰ
2539 3566 2600 3618 :6
2637 3566 2848 3620 οίκοθεν
2900 3566 3206 3633 άποστάξαι
3245 3566 3350 3620 τῶν
3409 3566 3606 3636 χειρῶν

2025 3656 2124 3727 τὴν
2165 3656 2406 3727 σμύρναν
2439 3657 2810 3727 ἐνδειξαμένη,
2847 3657 3088 3726 ἅψασθαί
3121 3675 3255 3728 φησι
3294 3660 3391 3720 τὰς
3421 3661 3606 3728 χεῖρας

2027 3748 2223 3819 ἑαυτῆς
2252 3747 2344 3800 τοῦ
2371 3748 2642 3819 κλείθρου,
2669 3749 2936 3813 τουτέστι,
2965 3749 3036 3802 τὰ
3060 3750 3196 3820 ἔργα
3229 3752 3432 3821 ἑαυτῆς
3457 3749 3602 3817 ἐγγί-

2029 3855 2118 3892 σαι
2149 3838 2300 3906 λέγει
2334 3841 2403 3909 τῇ
2437 3841 2594 3909 στενῇ
2627 3855 2686 3891 τε
2715 3839 2807 3892 καὶ
2836 3840 3171 3912 τεθλιμμένη
3200 3841 3414 3912 εἰσόδῳ,
3443 3839 3510 3915 ἧς
3543 3842 3604 3895 :6

2027 3930 2272 4001 κλεῖθρον
2299 3929 2592 4000 ἐγχειρίζει
2620 3931 2734 3993 τοῖς
2753 3930 2896 3984 κατὰ
2922 3932 3127 4002 Πέτρον
3151 3933 3181 3984 6
3202 3932 3393 4000 Λόγος.
3440 3933 3602 3985 ’Δνοί-

2024 4038 2111 4089 γει
2139 4020 2315 4074 τοίνυν
2349 4019 2414 4072 δι’
2445 4019 2718 4090 ἑκατέρων
2754 4021 2920 4093 ἑαυτῇ
2948 4024 3049 4093 τῆς
3082 4023 3360 4094 βασιλείας
3389 4025 3486 4092 τὴν
3513 4023 3601 4076 θύ-

2028 4130 2146 4182 ραν,
2195 4111 2283 4165 διά
2326 4128 2386 4164 τε
2418 4110 2524 4165 τῶν
2557 4112 2778 4183 χειρῶν,
2817 4115 2884 4168 δι’
2925 4108 3000 4169 ὧν
3043 4115 3110 4168 τὰ
3164 4116 3299 4186 ἔργα
3328 4115 3598 4186 δηλοῦται’

2025 4202 2120 4256 καὶ
2143 4203 2233 4255 διὰ
2255 4201 2347 4255 τοῦ
2374 4202 2623 4274 κλείθρου
2649 4205 2747 4273 τῆς
2767 4204 3025 4270 πίστεως.
3051 4208 3129 4259 Δι’
3154 4208 3478 4276 ἀμφοτέρων
3497 4209 3604 4281 γὰρ

2023 4293 2250 4360 τούτων,
2296 4293 2472 4363 ἔργων
2505 4311 2566 4347 τε
2613 4295 2709 4346 καὶ
2745 4295 2980 4359 πίστεως
3022 4295 3202 4364 λέγω,
3251 4297 3466 4368 ήκλεὶς
3507 4299 3602 4365 τῆς

353 4363 407 4405 et
430 4368 614 4422 opera,
671 4356 840 4412 clavis
896 4359 1044 4428 regni
1099 4362 1258 4417 nobis
1309 4379 1338 4416 a
1374 4380 1626 4423 sermone
1678 4380 1920 4439 paratur.

2035 4356 2405 4453 Baatlsitzc'k'v
2452 4386 2585 4454 ἡμῖν
2628 4383 2734 4438 ὑπὸ
2765 4383 2859 4438 τοῦ
2902 4356 3060 4453 λόγου
3096 4356 3599 4451 κατασκευάζεται.

353 4441 488 4496 Cum
526 4459 658 4512 ergo
695 4456 942 4514 speraret
976 4446 1041 4500 ad
1077 4451 1384 4520 exetnplum
1419 4452 1582 4509 Mosis
1608 4455 1798 4512 faciem
1831 4459 1920 4514 de-

353 4532 577 4590 siderati
615 4536 695 4590 sic
731 4536 1186 4594 manifestandam
1219 4543 1348 4606 sibi,
1381 4552 1439 4597 ut
1472 4561 1590 4600 eam
1624 4564 1924 4618 agnoscere

354 4633 578 4694 posset:
637 4637 750 4681 tum
802 4644 930 4682 vero
974 4634 1375 4701 perceptionem
1411 4636 1531 4704 ejus
1565 4642 1822 4707 praateriit
1878 4643 1924 4699 is

351 4718 442 4785 qui
468 4718 834 4785 quaerebatur.
865 4721 1111 4776 Aitenim
1139 4743 1151 4778 :
1175 4723 1438 4780 Praeteriit
1459 4739 1723 4797 cognatus
1749 4750 1920 4801 meus,

353 4821 460 4862 non
492 4808 582 4861 ille
610 4809 827 4876 quidem
874 4812 1064 4866 relicta
1099 4815 1420 4884 desertaque
1453 4831 1712 4886 sequente
1742 4826 1918 4893 ipsum

351 4898 554 4962 anima,
609 4897 703 4953 sed
744 4901 810 4954 ad
847 4902 1088 4971 seipsum
1137 4913 1385 4962 attracta.
1427 4909 1619 4964 Anima
1657 4931 1802 4980 mea,
1838 4919 1922 4973 in-

350 4991 505 5057 quit,
551 5005 760 5058 egressa
809 5002 885 5052 est
927 4992 996 5044 ad
1011 4996 1318 5050 'sermonem
1359 4999 1493 5068 ejus.
1534 5001 1578 5056 Ο
1612 5002 1822 5061 felicem
1859 5009 1922 5063 il-

350 5078 456 5131 lam
489 5079 880 5150 egressionem,
915 5099 1078 5153 quatn
1103 5087 1379 5155 egreditur
1402 5078 1918 5154 anima-sermonem

350 5173 572 5225 secuta!
632 5171 901 5235 Dominus
960 5177 1232 5232 custodiet
1295 5180 1600 5250 ingressum
1655 5194 1807 5244 tuum
1867 5199 1921 5254 et

348 5264 715 5330 egressionem
740 5272 912 5332 tuam,
955 5268 1132 5339 inquit
1160 5268 1505 5341 Propheta”.
1544 5276 1806 5335 Nimirum
1836 5299 1920 5338 re-

351 5370 475 5407 Vera
517 5354 631 5410 haec
678 5355 768 5409 illa
806 5366 912 5422 est,
963 5376 1084 5430 quae
1133 5362 1313 5433 dignis
1363 5379 1392 5418 a
1438 5365 1547 5424 Deo
1587 5372 1913 5440 custoditur,

350 5443 592 5514 egressio
619 5446 822 5515 pariter
852 5456 904 5504 et
940 5450 1229 5522 ingressio.
1281 5452 1413 5509 Nam
1445 5460 1689 5528 egressio
1726 5477 1794 5518 ex
1823 5479 1911 5532 eo,

409 5613 453 5646 "
486 5619 719 5695 Philipp.
747 5644 824 5694 ιιι,
859 5631 943 5684 15.
1007 5632 1050 5663 ⁸⁸
1081 5631 1226 5688 Psal.
1255 5649 1380 5695 cxx,
1405 5635 1456 5689 8.

2027 4477 2158 4529 Ὅτε
2191 4474 2370 4528 τοίνυν
2397 4475 2594 4546 ἠλπισε
2623 4475 2765 4528 κατὰ
2799 4475 2890 4528 τὸν
2922 4476 3164 4530 Μωῦσέα
3195 4478 3454 4545 γνωστῶς
3503 4481 3602 4548 ἐμ-

2027 4567 2352 4637 φανισθῆναι
2390 4568 2556 4638 ἑαυτῇ
2599 4567 2693 4620 τοῦ
2730 4567 2996 4637 βασιλέως
3036 4569 3098 4622 τὸ
3132 4570 3454 4642 πρόσωπονο
3486 4571 3602 4623 τότε

2025 4658 2270 4728 παρῆλθε
2315 4659 2411 4729 τὴν
2446 4657 2750 4730 κατάληψιν
2781 4659 2950 4730 αὐτῆς
2989 4662 3017 4714 6
3062 4661 3412 4732 ποθούμενος.
3465 4662 3603 4730 Φησὶ

2025 4749 2154 4820 γάρ’
2203 4751 2284 4803 ὅτι
2342 4749 2644 4818 ’Λδελφιδὸς
2695 4767 2794 4820 μου
2844 4750 3142 4820 παρῆλθεν·
3195 4753 3256 4804 οὑ
3288 4751 3604 4805 καταλιπὼν

2025 4840 2122 4908 τὴν
2157 4840 2428 4910 ἑπομένην
2457 4840 2606 4910 αὐτῷ
2647 4839 2842 4912 ψυχὴν,
2877 4842 3195 4912 ἀλλὰπρὸς
3231 4843 3422 4897 ἐαυτὸν
3449 4844 3606 4913 ἐφελ-

2026 4931 2272 4999 κόμενος.
2308 4929 2374 4985 Ἢ
2398 4931 2570 4999 ψυχὴ
2593 4932 2699 5002 γάρ
2714 4949 2832 5000 μου
2851 4932 3366 5003 ἐξῆλθενὲνλόνῳ
3391 4935 3600 4989 αὐτοῦ.

2028 5021 2092 5072 Ὢ
2123 5021 2398 5092 μακαρίας
2430 5022 2610 5088 ἐξόδου
2648 5025 2862 5094 ἐκείνης
2886 5025 2953 5096 ἢν
2987 5026 3266 5097 ἐξέρχεται
3301 5030 3334 5098 ὴ
3355 5028 3435 5098 τῷ
3461 5029 3605 5098 λόγῳ

2035 5109 2272 5182 ἑπομένη
2303 5111 2478 5183 ᾦυχήί
2517 5114 2721 5186 Κύριος
2754 5116 2975 5184 φυλάξει
3019 5116 3117 5187 τὴν
3163 5117 3338 5182 ἐξοδόν
3376 5133 3470 5170 σου
3509 5120 3606 5172 καὶ

2025 5199 2122 5268 τὴν
2158 5201 2362 5254 είσοδόν
2405 5219 2522 5267 σου,
2557 5205 2722 5274 φησὶν
2751 5206 2779 5257 6
2809 5205 3119 5276 Προφήτης.
3151 5205 3298 5275 Αὕτη
3343 5207 3495 5259 ἐστὶν
3529 5209 3605 5270 t‘o;

2015 5291 2239 5362 άληθῶς
2282 5294 2315 5364 ἡ
2350 5294 2456 5347 ὑπὸ
2500 5295 2593 5349 τοῦ
2641 5295 2775 5349 Θεοῦ
2821 5296 3201 5366 φυλασσομένη
3243 5300 3356 5362 τοῖς
3393 5299 3600 5364 ἀξίοις.

2021 5378 2199 5443 ἐξοδός
2223 5397 2283 5433 τε
2313 5381 2407 5436 καὶ
2438 5383 2659 5446 είσοδος.
2692 5384 2802 5437 Καὶ
2827 5387 2933 5454 γὰρ
2965 5387 2997 5455 ἡ
3023 5385 3131 5438 ἀπὸ
3151 5384 3245 5438 τοῦ
3269 5387 3328 5438 ἐν
3356 5379 3400 5454 ᾧ
3429 5389 3606 5456 ἐσμεν

2022 5467 2218 5533 ἔξοδος,
2247 5468 2356 5523 τῶν
2405 5471 2817 5543 ὑπερκειμένων
2863 5473 3083 5543 ἀγαθῶν
3112 5473 3317 5538 εἴσοδος
3358 5473 3599 5544 γίνεται.
