3948 6192
452 172 586 227 ΙίὶΞἹ
1643 156 1700 210 S.
1743 147 2071 208 GllEGORIl
2107 149 2398 207 NYSSENI
3532 146 3638 204 l0‘28

449 291 618 347 Deum
650 289 856 358 cupiat,
892 284 1150 340 desiderii
1195 286 1502 350 compotem
1530 277 1648 330 ﬁeri
1693 286 1910 342 semper
1940 285 2008 325 se!

2082 270 2105 324 ι
2130 269 2221 321 τὸν
2253 267 2478 337 πορεία,
2521 265 2708 337 πρόσω
2735 264 2824 318 διὰ
2853 264 2916 316 τὸ
2941 263 3170 316 κατόπιν
3199 262 3406 315 ἕπεσθαι
3433 265 3641 336 τῷΛόγῳ

449 383 690 453 quendo,
721 355 775 434 et
800 378 999 433 divina:
1030 375 1186 431 faciei
1221 369 1614 440 contemplatio
1641 374 1728 422 est
1757 363 1839 418 ad.
1859 367 2008 421 Deun

2137 361 2572 432 κατορθουμένη.
2623 357 2782 412 Οὕτω
2818 357 2997 410 τοίνυν
3043 355 3136 408 καὶ
3187 355 3276 408 νῦν
3316 356 3528 425 ἡψυχὴ,
3568 358 3639 410 ὅτε

450 491 732 547 nunquam
771 475 1076 543 interrupta
1128 466 1461 540 progressio,
1495 478 1619 534 quae
1663 471 1779 516 tum
1809 462 2009 516 demun

2133 453 2338 524 ἀνέστη
2367 451 2456 506 διὰ
2484 451 2579 504 τοῦ
2606 449 2968 512 θανάτου,ὃτε
3004 446 3280 518 ἐπληρώθη
3309 447 3397 516 τῆς
3421 447 3645 520 σμύρνης,

453 570 615 623 nobis
642 566 900 637 praaclare
950 561 1216 626 succedit,
1237 537 1388 613 ﬁcum
1423 554 1663 610 Verbum
1699 569 1729 607 a
1765 562 1918 623 tergo
1944 566 2012 607 se.

2131 547 2221 599 ὅτε
2242 545 2560 616 προσήγαγε
2587 541 2666 613 τῷ
2681 540 2915 612 κλείθρῳ
2939 538 3029 592 διὰ
3052 538 3155 591 τῶν
3177 538 3342 608 έργων
3368 537 3457 600 τὰς
3475 541 3645 608 χεῖρας,

451 662 693 730 quimur.
731 659 823 712 Sic
847 657 1016 727 igitur
1052 667 1199 708 nunc
1229 651 1393 706 etiam
1443 658 1797 718 posteaquam
1847 644 2010 698 anim:

2134 639 2230 692 καὶ
2257 637 2633 690 ἐσοικίσασθαι
2662 633 2756 686 τὸν
2799 630 3132 700 ποθούμενον
3155 629 3343 698 ἢλπισε
3359 641 3372 656 '
3393 628 3502 679 τότε
3521 628 3546 678 ὁ
3573 628 3650 696 μὲν

453 766 553 820 per
589 758 816 814 mortem
852 712 1114 810 suurrexit,
1163 751 1520 812 posteaquam
1556 712 1778 808 myrrha
1827 735 2012 804 replet:

2136 730 2495 802 παρέρχεται,
2517 729 2551 798 ἡ
2571 727 2628 780 δὲ
2649 725 2948 797 ἐξέρχεται,
2967 721 3150 774 οὐκέτι
3180 719 3400 790 μένουσα
3417 721 3468 770 ἐν
3490 712 3557 781 οἷς
3580 713 3649 787 ἢν·

452 809 558 902 est,
590 809 942 905 posteaquam
976 848 1074 903 per
1096 809 1261 900 Opera
1287 809 1484 882 manus
1506 824 1747 879 admovit
1773 823 2011 878 claustro

2135 821 2270 876 ἀλλὰ
2302 819 2396 874 τοῦ
2433 819 2607 888 Λόγου
2645 818 2736 871 ἐπὶ
2781 817 2849 870 τὰ
2899 814 3085 885 πρόσω
3135 809 3520 882 προηγουμένου
3558 811 3656 876 ἐφα-

452 945 620 1000 seque
675 927 1116 981 intromissuram
1174 920 1544 976 desideratum
1597 913 1861 986 speravit,
1919 922 2037 967 tum
2137 913 2401 985 πτομένη.
3457 932 3462 934 -

453 1028 670 1082 demum
713 1023 804 1077 ille
841 1019 1061 1092 quidem
1107 1014 1366 1087 praeterit,
1435 1013 1550 1067 haec
1598 1024 1730 1066 vero
1800 1007 2098 1080 egreditur,
2140 1025 2250 1065 non
2303 1008 2538 1079 amplius
2588 1017 2819 1061 manens
2856 1002 2913 1056 in
2963 1001 3054 1066 iis,
3101 999 3157 1053 in
3187 996 3382 1068 quibus
3413 1004 3536 1058 erat,
3581 993 3660 1048 sed

457 1116 690 1173 Verbum
723 1123 972 1184 tangens,
998 1110 1142 1179 quod
1176 1108 1242 1163 ad
1275 1107 1538 1162 ulteriora
1577 1103 1748 1158 ducit.

524 1210 657 1274 Qua:
695 1214 871 1260 autem
905 1210 1214 1273 sequuntur
1239 1198 1426 1263 verba,
1480 1197 1656 1266 magis
1708 1193 1870 1249 etiam
1903 1207 2036 1248 con-

2225 1192 2283 1243 Ὀ
2310 1189 2367 1243 δέ
2397 1187 2595 1259 ἐφεξῆς
2620 1187 2777 1254 λόγος
2822 1182 3018 1256 μᾶλλον
3044 1183 3176 1253 ἡμῖν
3216 1177 3414 1249 βεϐαιοί
3450 1176 3536 1244 τὴν
3562 1193 3665 1245 προ-

455 1302 673 1356 firmant
705 1296 1105 1352 consideratam
1139 1308 1168 1346 a
1191 1287 1349 1346 nobis
1379 1289 1644 1343 hactenus
1671 1286 1998 1341 sententiam

2143 1281 2512 1353 θεωρηθείσαν
2543 1278 2802 1340 διάνοιαν,
2841 1277 2924 1328 ὅτι
2955 1275 3056 1328 οὐκ
3086 1275 3144 1326 ἐν
3187 1270 3264 1342 τῷ
3303 1267 3665 1336 καταλαμϐάνε-

453 1408 563 1446 non
591 1389 850 1460 cognosci
890 1396 1102 1441 natura:
1131 1385 1331 1440 divinae
1360 1379 1797 1452 magnitudinem
1830 1379 1884 1432 in
1911 1393 2012 1448 per

2144 1374 2268 1428 σθαι
2299 1374 2361 1426 τὸ
2409 1371 2639 1444 μέγεθος
2671 1371 2772 1441 τῆς
2802 1367 2953 1431 θείας
2980 1363 3301 1436 γνωρίζεται
3333 1359 3546 1430 φύσεως,
3575 1358 3666 1411 ἀλλ’

456 1485 727 1553 cipiendo,
767 1482 860 1535 sed
919 1483 973 1534 in
1005 1494 1073 1534 eo
1110 1477 1256 1548 quod
1315 1488 1532 1530 omnem
1583 1471 2015 1541 imaginationen

2141 1465 2200 1517 ἐν
2235 1461 2316 1533 τῷ
2350 1461 2603 1533 παριέναι
2639 1461 2821 1513 πᾶσαν
2856 1453 3269 1527 καταληπτικὴν
3295 1449 3568 1520 φαντασίαν
3595 1447 3671 1501 καὶ

2143 1555 2196 1566 μ.
2427 1552 2490 1566 ..νιν
2569 1549 2581 1566 \
2659 1551 2671 1566 ο
2728 1549 2794 1566 pq
2844 1565 2863 1566 γε
2903 1548 2994 1566 pth-
3039 1545 3136 1566 -1”
3171 1540 3480 1566 ---ε---..1-....1.
3530 1540 3593 1566 3.-
3623 1539 3671 1566 ἓ...

457 1539 525 1632 ac
550 1577 680 1639 vim,
709 1589 814 1643 qua
845 1573 976 1644 quid
1021 1539 1522 1640 comprehenditur,
1564 1539 1872 1635 prastereat.
1901 1561 2016 1617 Nan

2138 1555 2389 1624 δύναμιν.
2427 1552 2492 1605 Ἦ
2523 1549 2630 1620 γὰρ
2656 1549 2869 1603 ἐκΰᾶσα
2901 1548 3004 1617 ήδη
3035 1545 3137 1614 τὴν
3167 1543 3326 1614 φύσιν
3347 1540 3500 1610 ψυχὴ,
3529 1540 3593 1602 ὼς
3621 1539 3671 1592 ἂν

457 1681 579 1735 quae
621 1673 772 1720 extra
809 1672 1062 1717 naturam
1117 1674 1272 1715 suam
1308 1670 1530 1728 egressa
1575 1654 1686 1722 jam
1716 1657 1899 1708 anima
1931 1661 2015 1708 est

2143 1646 2333 1720 μηδενὶ
2376 1643 2484 1698 τῶν
2515 1640 2760 1712 συνήθων
2804 1640 2942 1710 πρὸς
2969 1637 3066 1708 τὴν
3093 1635 3296 1704 γνῶσιν
3335 1631 3437 1686 τῶν
3468 1632 3675 1701 ἀοράτων

459 1775 526 1812 ne
561 1757 631 1811 ab
679 1755 787 1810 ulla
842 1769 902 1808 re
946 1761 1208 1807 consueta
1260 1747 1592 1818 impediatur
1639 1745 1695 1800 in
1729 1746 2018 1814 cognitioni

2141 1741 2407 1795 κωλύοιτο
2431 1757 2446 1772 ο
2469 1737 2592 1793 οὕτε
2613 1734 2853 1807 ζητοῦσα
2875 1732 2936 1785 τὸ
2959 1730 3032 1801 μὴ
3067 1727 3447 1799 εὑρισκόμενον
3473 1725 3671 1786 ἵσταται,

458 1864 643 1904 rerum
693 1847 796 1901 sub
840 1848 1032 1898 oculos
1082 1857 1189 1896 non
1238 1839 1551 1894 cadentium
1591 1856 1604 1892 :
1650 1852 1828 1907 neque
1861 1835 2015 1906 inqui

2140 1829 2262 1884 οὔτε
2296 1828 2538 1883 καλοῦσα
2569 1827 2631 1880 τὸ
2680 1823 3062 1894 ἀνεκςρὼνητον
3109 1821 3364 1874 παύεται.
3394 1817 3521 1888 Φησὶ
3557 1818 3676 1888 γάρ·

461 1941 614 1995 rendi
641 1939 765 2000 hoc,
801 1934 947 2006 quod
983 1949 1090 1989 non
1119 1932 1450 1995 inveniebat,
1491 1932 1651 1983 linem
1681 1905 1829 1993 facit,
1863 1943 2020 1995 nequi

2141 1923 2222 1974 ὅτι
2276 1921 2570 1988 Ἐζτήτησα
2605 1918 2811 1979 αὑτὸν,
2848 1915 2944 1968 καὶ
2977 1915 3091 1982 οὐχ
3144 1907 3324 1980 εὗρον
3358 1909 3546 1963 αὐτόν.
3583 1905 3681 1970 Πῶς

459 2044 658 2083 vocare
682 2026 905 2090 desinit,
939 2024 1084 2094 quod
1112 2021 1405 2090 caeteroqui
1436 2018 1669 2074 neminis
1697 2018 1878 2073 eﬁ'erri
1907 2033 2018 2072 vom

2140 2013 2250 2083 γὰρ
2275 2012 2342 2066 ἂν
2369 2010 2642 2082 εὑρεθείη,
2665 2008 2696 2062 ὃ
2723 2006 2916 2079 μηνύει
2947 2003 3056 2058 τῶν
3088 2001 3503 2072 γινωσκομένων
3531 1997 3680 2058 οὐδένς

461 2129 663 2191 potest.
712 2115 806 2171 Sic
843 2089 987 2170 enim
1019 2114 1134 2168 ait:
1173 2089 1406 2176 Quasim’
1443 2125 1584 2170 eum,
1619 2119 1669 2163 et
1715 2125 1820 2163 non
1867 2110 2016 2162 inven

2141 2105 2246 2160 οὐκ
2285 2100 2443 2167 εἶδος,
2473 2102 2536 2154 οὐ
2570 2099 2788 2171 χρῶμα,
2817 2099 2879 2151 οὐ
2908 2093 3254 2168 περιγραφὴ,
3279 2093 3338 2146 ού
3369 2090 3599 2160 ποσότης,
3629 2089 3677 2140 οὒ

457 2228 597 2268 eum.
631 2209 767 2264 Nam
815 2221 924 2276 quo
967 2214 1128 2274 pacto
1165 2201 1400 2256 inveniri
1449 2207 1655 2270 posset,
1689 2195 1837 2270 quod
1879 2199 2016 2253 nulla

2139 2196 2322 2259 τόπος,
2357 2195 2418 2247 οὺ
2451 2193 2659 2264 σχῆμα,
2690 2191 2751 2244 οὐ
2799 2188 3140 2260 στοχασμὸς,
3175 2185 3274 2240 οὐκ
3305 2181 3547 2253 εἰκασμὸς
3567 2222 3580 2243 ,
3606 2180 3685 2232 οὐκ

461 2320 550 2359 res
581 2302 741 2356 nobis
781 2273 1014 2368 cognitae
1051 2291 1344 2349 ostendere
1387 2291 1660 2361 possunt?
1697 2305 1808 2345 non
1842 2289 2014 2345 forma

2142 2287 2423 2356 ἀναλογία·
2459 2285 2597 2340 ἀλλὰ
2628 2283 2811 2354 πάσης
2841 2279 3260 2350 καταληπτικῆς
3299 2277 3478 2346 ἐφόδου
3521 2273 3681 2339 ἐξώτε-

460 2411 568 2449 non
600 2393 772 2452 color,
816 2404 926 2443 non
968 2383 1430 2453 circumscriptio,
1466 2397 1572 2437 non
1604 2381 1904 2451 quantitas,
1930 2396 2019 2435 nor

2174 2399 2236 2435 ›ον
2268 2380 2359 2434 ἀεὶ
2393 2377 2804 2450 εὑρισκόμενον,
2839 2373 3096 2443 ἐκφεύγει
3142 2372 3355 2432 πάντως
3373 2367 3466 2438 τὴν
3491 2365 3585 2420 τῶν
3607 2363 3688 2432 ζη·
3731 2427 3733 2431 λ

459 2485 634 2546 locus,
669 2496 775 2535 non
805 2479 1000 2548 ﬁgura,
1034 2491 1143 2529 non
1169 2473 1512 2542 conjectura,
1541 2487 1649 2526 non
1691 2472 2017 2527 assimilatio

2141 2466 2580 2538 τούντωνλαϐήν⁹
2613 2467 2702 2521 διὰ
2727 2466 2888 2520 τοῦτό
2919 2481 3106 2534 φησιν,
3157 2462 3325 2515 Αὑτὸν
3362 2459 3598 2528 ἐζήτησα,
3620 2456 3690 2508 διὰ

460 2591 568 2630 non
595 2571 896 2644 proportio,
930 2567 1023 2622 sed
1054 2565 1199 2636 quod
1232 2579 1448 2634 semper
1471 2569 1625 2616 extra
1655 2577 1872 2616 omnem
1919 2577 2019 2631 per

2143 2561 2252 2615 τῶν
2283 2557 2591 2633 εύρητικῶν
2635 2558 2736 2628 τῆς
2785 2555 2966 2626 ψυχῆς
3009 2554 3325 2624 δυνάμεων,
3372 2553 3425 2603 ἐν
3455 2546 3691 2616 λογισμοῖς

461 2664 731 2733 ceptionis
776 2661 918 2714 viam
969 2659 1228 2729 positum,
1273 2653 1817 2724 comprehensionem
1854 2667 2020 2721 perve

2147 2655 2241 2708 καὶ
2275 2655 2512 2724 νοήμασι
2555 2667 2568 2681 ⁸
2602 2651 2698 2704 καὶ
2731 2652 2950 2712 πάντως
2983 2644 3261 2717 ἐξώτερος
3313 2641 3379 2714 ἦν
3398 2683 3412 2706 ,
3439 2642 3521 2696 τὸν
3553 2655 3691 2709 προσ-

461 2727 780 2828 stigantium
820 2727 983 2820 plane
1026 2745 1184 2815 fugit.
1219 2743 1536 2812 Propterea,
1569 2741 1766 2811 inquit,
1815 2741 2020 2810 quazsiv

2147 2745 2410 2815 εγγισμὸν
2455 2744 2557 2813 τῆς
2587 2741 2823 2803 διανοίας
2873 2738 3296 2808 διαδιδράσκων.
3350 2735 3405 2787 Ὀ
3432 2733 3484 2786 δὲ
3527 2727 3692 2790 παντὸς

460 2862 584 2901 eum
627 2858 723 2914 per
774 2839 943 2895 animi
993 2837 1284 2890 facultates
1319 2848 1434 2896 cas,
1485 2847 1605 2901 quae
1650 2831 1962 2917 inveniendi
2001 2849 2019 2883 ι

2155 2836 2514 2909 γνωριστικοῦ
2533 2834 2878 2906 χαρακτῆρος
2908 2822 3192 2902 ἐξώτερος
3210 2829 3298 2882 ἀεὶ
3334 2824 3690 2897 εὑρισκόμενος,

463 2912 700 3007 ριιωιιίιω
740 2941 890 2994 sunt,
934 2946 1029 3000 per
1060 2926 1511 2982 ratiocinationes
1558 2933 1612 2978 et
1645 2912 2012 2994 cogitationes

2153 2929 2268 2993 πῶς
2288 2930 2354 2983 ἂν
2372 2930 2461 2982 διά
2482 2944 2624 2990 τινος
2649 2924 3014 2996 ὀνομαπικῆς
3037 2940 3101 2992 ση
3117 2921 3326 2993 μασίας
3352 2935 3414 2971 πε
3423 2912 3691 2988 ριληφθείης

464 3041 518 3083 at
546 3039 699 3081 extra
742 3027 856 3078 haec
889 3022 1071 3076 omnia
1103 3021 1314 3089 positus
1340 3023 1478 3076 erat,
1533 3031 1817 3072 accessum
1851 3017 2018 3071 menti

2152 3021 2354 3074 Τούτου
2382 3019 2539 3090 χάριν
2567 3019 2772 3071 ἐπινοεῖ
2796 3015 2892 3086 μὲν
2917 3011 3192 3066 παντοίαν
3221 3009 3487 3080 ὀνομάτων
3509 3005 3695 3072 δύναμιν

463 3121 773 3190 pr0piorem
827 3113 1114 3182 ell‘ugiens.
1170 3109 1273 3173 Qui
1327 3121 1459 3160 vero
1509 3121 1728 3175 semper
1776 3107 2016 3175 reperitu

2152 3114 2232 3176 είς
2259 3111 2354 3182 τὴν
2390 3110 2483 3163 τοῦ
2515 3103 3037 3180 ἁφράστουάγαθοῦ
3088 3102 3394 3174 σημασίαν,
3429 3099 3631 3169 ἡττᾶται
3650 3091 3694 3144 δὲ

464 3187 612 3266 omni
647 3219 772 3260 nota
806 3218 1013 3262 carere,
1045 3200 1111 3254 de
1141 3214 1246 3268 qua
1278 3198 1452 3268 possit
1481 3198 1727 3268 agnosci,
1759 3213 1868 3266 quo
1892 3206 2023 3266 pact.

2155 3206 2307 3258 πᾶσα
2333 3202 2605 3274 φραστικὴ
2618 3201 2778 3268 λόγου
2801 3198 3050 3268 δύναμις,
3067 3196 3176 3250 καί
3203 3196 3303 3266 τῆς
3327 3191 3568 3262 ἀληθείας
3581 3187 3695 3274 ὲλάτσ

465 3307 629 3369 queat
657 3301 702 3351 is
738 3311 832 3365 per
870 3292 1259 3348 iudicationem
1290 3288 1533 3358 aliquam
1562 3303 1757 3342 vocum
1801 3290 2010 3359 percipi

2154 3313 2260 3348 των
2314 3273 2614 3363 ἐλέγχεται.
2669 3293 2761 3348 Διό
2813 3304 2978 3358 φησιν
3014 3301 3030 3316 ⁵
3076 3285 3236 3354 Ἐγὼ
3285 3283 3382 3354 μὲν
3415 3279 3616 3335 ἐκάλουν
3638 3273 3695 3334 ὡς

468 3390 620 3443 llanc
643 3387 712 3440 ob
735 3399 960 3440 causam
979 3383 1250 3452 excogitat
1277 3380 1498 3450 quidem
1519 3380 1630 3435 vim
1660 3380 2027 3435 vocabuloruu

2154 3384 2446 3455 ἐδυνάμην,
2477 3380 2764 3435 ἐπινοοῦσα
2814 3377 2997 3446 φωνὰς
3041 3374 3392 3437 ὲνδεικτικὰς
3428 3373 3520 3441 τῆς
3557 3364 3697 3437 ἀφρά-

467 3481 646 3534 omnis
677 3478 911 3549 generis,
965 3473 1031 3528 ad
1067 3473 1489 3544 explicationem
1523 3469 1650 3526 boni
1691 3470 1816 3540 ejus
1863 3471 2026 3527 inell'a

2155 3490 2280 3526 στου
2343 3471 2743 3543 μακαριότητος
2757 3484 2780 3500 ’⁸
2807 3469 2836 3521 ὁ
2861 3466 2918 3519 δέ
2967 3466 3248 3536 κρείττων
3279 3460 3346 3536 ἦν
3375 3464 3468 3532 τῆς
3493 3458 3588 3512 τῶν
3610 3472 3698 3526 ση-

467 3573 618 3635 bilis,
655 3548 750 3627 sed
780 3568 925 3624 enim
967 3565 1145 3622 omnis
1173 3563 1256 3619 vis
1285 3563 1577 3628 orationis,
1605 3577 1712 3632 qua
1739 3562 1870 3632 quid
1903 3561 2026 3618 eﬂel

2158 3563 2500 3636 μαινομένων
2552 3560 2828 3626 ἐνδείξεως
2864 3598 2876 3612 .
2917 3550 3042 3610 Οἷον
3093 3557 3171 3628 δὴ
3219 3558 3363 3610 ποιεῖ
3394 3554 3482 3607 καὶ
3506 3555 3533 3605 ὁ
3562 3548 3700 3620 μέγας

468 3674 580 3726 tur,
616 3662 843 3718 inferior
873 3666 977 3727 est,
1011 3667 1066 3714 et
1098 3657 1322 3710 minime
1351 3656 1644 3710 veritatem
1679 3669 1898 3725 aequare
1929 3669 2027 3709 con

2153 3635 2338 3721 Δαὸὶδ,
2369 3653 2628 3715 πολλάκις
2661 3650 2876 3723 μυρίοις
2899 3649 3132 3718 ὀνόμασι
3166 3649 3229 3702 τὸ
3251 3649 3403 3705 Θεῑον
3426 3641 3604 3698 καλῶν,
3625 3635 3698 3689 καὶ

468 3755 722 3809 vincitur.
786 3750 996 3806 Idcirco
1051 3749 1155 3804 ait:
1214 3746 1417 3802 Vocavi
1480 3745 1701 3816 quidem
1753 3747 2027 3817 (quantum

2155 3745 2422 3819 ἡττᾶσθαι
2449 3746 2549 3815 τῆς
2599 3743 2858 3814 ἀληθείας
2889 3741 3198 3812 ὁμολογῶν.
3230 3740 3304 3792 Σὺ
3342 3738 3463 3806 γὰρ,
3494 3733 3652 3804 φησιν.
3679 3727 3701 3778 ὀ

471 3846 652 3918 potui)
681 3842 1042 3913 excogitando
1075 3855 1238 3895 voces
1268 3841 1472 3910 quibus
1497 3837 1790 3894 iuell‘abilis
1812 3839 1904 3893 illa
1928 3837 2027 3892 bea

2153 3841 2306 3903 Θεὸς,
2363 3838 2722 3906 οίκτείρμων,
2753 3835 2849 3887 καὶ
2907 3833 3182 3902 ἐλεήμων,
3237 3828 3595 3902 μακρόθυμος,
3626 3821 3697 3873 καὶ

472 3917 646 3992 titudo
689 3941 1249 3998 commonstraretur;
1297 3938 1351 3984 at
1377 3931 1468 3985 ille
1497 3929 1680 4000 major
1721 3940 1860 3995 erat,
1893 3943 2031 3999 quan

2155 3932 2460 3994 πολυέλεος,
2494 3929 2585 3983 καὶ
2628 3927 2899 3998 ἀληθινὸς,
2945 3927 3040 3979 καὶ
3090 3927 3271 3995 ἰσχῦς,
3306 3924 3400 3977 καὶ
3436 3917 3697 3990 στερέωμα.

472 4032 568 4102 qui
615 4047 713 4101 per
745 4030 844 4084 has
877 4025 1304 4096 signiﬁcationes
1359 4019 1589 4075 indicari
1639 4028 1848 4089 posset.
1903 4018 2031 4074 Faci

2155 4023 2470 4093 καταφυγὴ,
2501 4022 2595 4075 καὶ
2622 4019 2872 4090 δύναμις,
2898 4019 2994 4072 καὶ
3025 4016 3246 4088 βοηθὸς,
3267 4016 3360 4069 καὶ
3379 4011 3696 4080 ἀντιλήπτωρ.

474 4098 578 4178 hoc
611 4098 981 4191 saepenumero
1016 4116 1180 4170 etiam
1208 4128 1439 4182 magnus
1468 4111 1559 4166 ille
1590 4109 1783 4174 David,
1820 4103 2033 4165 inﬁniti:

2156 4117 2251 4170 xui.
2309 4115 2476 4186 κέρας
2532 4111 2825 4184 σωτηρίας,
2872 4110 3066 4164 καὶτὰ
3116 4108 3364 4164 τοιαῦτα.
3415 4104 3519 4159 Καὶ
3574 4098 3699 4154 πάλιν

473 4214 788 4270 nominibus
825 4210 1031 4264 Numen
1063 4208 1308 4263 divinqu
1353 4204 1711 4273 compellans,
1743 4219 1808 4259 ac
1838 4203 2032 4258 nihilo.

2158 4182 2408 4276 ὁμολογεῖ
2437 4205 2517 4257 ὃτι
2540 4182 2712 4272 ὄνομα
2752 4199 2916 4253 αὑτοῦ
2949 4200 3007 4253 ἐν
3046 4200 3200 4271 πάσῃ
3225 4202 3294 4270 τῇ
3326 4201 3398 4270 γῇ
3430 4196 3542 4264 οὐχὶ
3575 4187 3702 4258 γινὼο

475 4309 657 4364 minus
706 4307 988 4362 veritatem
1031 4317 1091 4357 se
1136 4315 1244 4354 non
1288 4297 1510 4368 assequi
1541 4297 1758 4354 fatetur.
1820 4295 1924 4362 Tu,
1967 4297 2034 4350 in

2161 4312 2382 4356 σκεται,
2435 4291 2572 4346 ἀλλὰ
2619 4288 2975 4360 θαυμάζεται,
3026 4287 3122 4352 Ὠς
3199 4285 3540 4355 θαυμαστὸν
3586 4280 3700 4348 γὰρ.

475 4401 614 4472 quit,
665 4399 808 4454 Deus
842 4412 924 4460 es,
972 4393 1286 4454 miserator,
1321 4390 1692 4463 longanimus,
1735 4390 1918 4445 multa:
1953 4389 2034 4442 mi

2161 4384 2313 4455 φησὶ,
2359 4382 2426 4436 τὸ
2459 4379 2646 4450 ὄνομά
2675 4394 2792 4433 σου
2831 4379 2898 4432 ἐν
2936 4375 3103 4446 πάσῃ
3131 4377 3213 4446 τῇ
3254 4377 3360 4447 τῇ]
3382 4376 3558 4436 Οὕτως
3597 4367 3702 4438 φησὶ

477 4493 809 4556 εοτὶεονόἰω,
858 4488 1113 4552 verax“,
1163 4493 1222 4539 tu
1252 4483 1443 4550 robur,
1485 4483 1914 4547 firmamentum,
1968 4496 2030 4536 re

2161 4477 2255 4530 καὶ
2291 4475 2427 4547 πρὸς
2462 4474 2552 4528 τὸν
2579 4471 2781 4527 Μανωὲ
2835 4474 2863 4526 ό
2888 4470 3018 4539 περὶ
3041 4468 3136 4522 τοῦ
3183 4469 3382 4532 παιδὸς
3415 4463 3568 4520 αὑτοῦ
3598 4475 3702 4530 χρη·

479 4584 719 4645 fugium,
752 4581 858 4644 vis,
908 4576 1149 4646 adiutor,
1185 4573 1502 4643 0pitulator,
1551 4588 1724 4628 cornu
1771 4572 1966 4629 salutis
1989 4574 2034 4606 ⁶²

2165 4566 2413 4638 ματίσας,
2454 4565 2543 4618 ὅτε
2575 4563 2834 4635 ἠρωτήθη
2869 4561 2996 4631 περὶ
3047 4559 3141 4614 τοῦ
3197 4561 3485 4631 ὀνόματος,
3508 4557 3702 4610 ὃτιΘαυ-

477 4677 691 4744 aliaque
729 4672 879 4726 talia.
923 4669 1162 4724 Rursum
1201 4664 1367 4720 David
1423 4663 1566 4719 idem
1623 4663 1823 4719 fatetur
1857 4678 2036 4720 uomet

2166 4661 2369 4732 μαστόν
2398 4661 2513 4713 ἐστι
2544 4657 2701 4711 τοῦτο
2739 4657 2832 4710 καὶ
2859 4659 3106 4727 κρεῖττον
3137 4655 3172 4725 ἢ
3207 4655 3353 4710 ὥστε
3389 4655 3490 4708 ὑπὸ
3514 4653 3601 4720 τῆς
3632 4647 3703 4699 άν-

475 4735 704 4833 εῙυίὶιι
749 4767 861 4814 tota
911 4767 1058 4814 terra
1095 4763 1286 4811 notum
1331 4768 1442 4808 non
1492 4768 1636 4819 esse,
1694 4752 1792 4808 sed
1846 4761 2034 4807 tantun

2162 4752 2440 4822 θρωπίνης
2484 4751 2654 4822 ἀκοῆς
2695 4747 3026 4820 χωρηθῆναι.
3075 4747 3178 4799 Διὰ
3228 4747 3392 4800 τοῦτο
3425 4745 3513 4799 καὶ
3545 4735 3702 4812 ἡψυχὴ

477 4828 600 4905 esse
635 4849 691 4903 in
723 4845 1106 4902 admiratione.
1144 4843 1320 4911 Quam
1358 4841 1696 4907 admirabile,
1731 4842 1828 4904 ait,
1871 4859 2036 4897 nomen

2162 4843 2252 4897 τὸν
2276 4837 2450 4910 Λόγον
2485 4842 2642 4894 καλεῖ
2671 4841 2768 4911 μὲν
2807 4841 2883 4902 ὼς
2924 4837 3144 4892 δύναται
3169 4855 3183 4867 ·
3217 4837 3444 4891 δύναται
3467 4837 3520 4888 δὲ
3537 4833 3620 4900 οὐχ
3647 4828 3703 4888 ὡς

479 4952 623 4996 tuum
680 4950 757 4995 est
825 4953 916 5006 per
962 4937 1261 4990 universam
1311 4944 1506 4988 terram
1530 4935 1612 4989 “l
1653 4933 1745 4988 Sic
1791 4934 1954 4990 etiam
1990 4949 2038 4988 at

2169 4934 2438 5006 βούλεται.
2497 4932 2754 4986 Βούλεται
2802 4931 2911 5001 γὰρ
2952 4931 3111 4983 πλέον
3148 4931 3182 5000 ἢ
3223 4931 3493 4984 δύναται·
3523 4928 3578 4979 οὐ
3625 4921 3705 4990 μὴν

477 5031 705 5087 Manoen
764 5027 942 5098 inquit
980 5027 1026 5082 is
1055 5025 1150 5095 qui
1182 5024 1499 5078 vaticinium
1535 5024 1584 5078 ei
1615 5024 1683 5079 de
1712 5023 1820 5078 lilio
1842 5023 2034 5079 edebat

2165 5027 2284 5080 οὐδὲ
2317 5025 2569 5079 τοσοῦτον
2596 5025 2900 5094 θελήσεται,
2923 5024 3044 5076 ὅσον
3065 5023 3245 5074 ἐκείνὸ
3305 5025 3470 5078 ἐστιν,
3492 5016 3593 5071 ἀλλ’
3611 5015 3703 5065 ὅσον

475 5140 600 5180 cum
628 5123 994 5190 interrogatus
1015 5117 1082 5174 de
1105 5114 1347 5175 nomine,
1379 5116 1669 5184 respondet
1694 5132 1706 5168 :
1749 5115 1807 5169 Id
1837 5116 2034 5186 quiden

2169 5113 2556 5185 βουληθῆναιὴ
2595 5114 2910 5184 προαίρεσις
2956 5112 3202 5166 δύναται.
3243 5112 3401 5165 Ἐπεὶ
3447 5107 3536 5163 οὖν
3561 5105 3707 5169 ἀνέᾳβ

475 5225 561 5273 est
589 5213 907 5269 admirabile
940 5209 1098 5268 mihi.
1133 5222 1198 5262 ac
1237 5207 1522 5263 sublimius
1553 5221 1718 5274 quam
1750 5208 1908 5276 cujus
1937 5223 2034 5263 0884

2167 5207 2292 5269 κτός
2322 5208 2468 5259 ἐστιν
2501 5208 2529 5258 ὁ
2557 5205 2887 5272 καλούμενος
2925 5208 2990 5276 τῇ
3025 5203 3116 5256 τοῦ
3154 5203 3457 5265 καλοῦντος
3483 5191 3706 5270 ὁρμῇιδιά

475 5324 644 5379 capax
677 5305 826 5359 auris
860 5304 1096 5357 humana
1141 5301 1313 5372 possit
1334 5299 1400 5351 ⁸⁵⁵.
1445 5297 1738 5365 Propterea
1773 5298 1861 5351 hic
1893 5300 2034 5352 etian

2165 5298 2322 5351 τοῦτό
2356 5314 2551 5368 φησιν’
2587 5295 2875 5350 Ἐκάηλεσα
2898 5297 3101 5360 αὑτὸν,
3133 5295 3238 5347 καὶ
3276 5297 3391 5364 οὐχ
3436 5281 3706 5359 ὑπήκουσέ

477 5401 656 5456 anima
701 5407 860 5451 vocat
893 5393 1130 5449 Verbum
1180 5402 1440 5462 quantum
1489 5398 1694 5459 potest,
1751 5404 1850 5444 nec
1885 5398 2062 5458 potest
2163 5407 2303 5459 μου.

476 5498 686 5547 tantum
724 5495 983 5559 quantum
1007 5487 1153 5540 vult:
1188 5485 1386 5555 quippe
1409 5497 1528 5552 qua:
1554 5483 1850 5552 plusyelit,
1886 5498 2047 5550 quam
2089 5482 2286 5554 possit,
2314 5481 2422 5533 imo
2449 5495 2514 5532 ne
2545 5487 2751 5531 tantum
2777 5479 2994 5548 quidem
3021 5479 3157 5534 velle
3221 5490 3425 5549 potest,
3486 5485 3707 5550 quantum

539 5581 583 5614 ει
611 5579 760 5636 Ρρἱι.
799 5596 892 5651 cn,
930 5581 961 5634 8
997 5595 1118 5648 sqq.
1230 5579 1273 5608 ⁶¹
1304 5575 1445 5631 Psal.
1500 5577 1691 5639 “11,2
1718 5590 1837 5644 sqq.
1878 5575 1920 5605 ⁸³
1946 5573 2094 5633 [’sal.

1370 5577 1445 5629 .al.
1500 5591 1629 5639 mi,
1657 5577 1691 5628 ἓ
1718 5590 1837 5644 sqq.
1878 5573 2094 5633 “I’sal.
2126 5591 2245 5637 vm,
2288 5573 2336 5625 l.
2425 5570 2800 5632 Mludicri",
2845 5571 2929 5626 l8.
