3948 6192
304 211 437 262 ίυῖο

1377 211 1444 266 lN
1479 207 1775 268 CANTICA
1816 206 2085 265 CANTIC.
2131 207 2414 266 HOMILIA
2459 210 2573 268 ΧΠ.

295 324 428 379 illud
450 333 556 385 est,
581 323 674 378 sed
700 332 964 393 quantum
995 331 1110 380 toto
1134 325 1298 380 animi
1317 325 1498 380 studio
1519 324 1654 380 velle
1706 331 1905 395 potest.

3425 218 3556 272 1030

1983 319 2171 392 Itaque
2195 338 2319 378 cum
2351 325 2396 380 is
2431 325 2525 396 qui
2565 334 2740 391 vocat,
2795 329 3014 398 assequi
3049 333 3231 392 studio
3259 347 3362 389 suo
3389 346 3523 386 voca
3543 373 3556 385 .

297 423 409 469 tum
444 429 552 468 non
583 416 787 484 possit,
823 416 1029 472 idcirco
1057 417 1279 482 dicitur,
1311 418 1497 472 Vocavi
1518 433 1658 483 eum,
1692 427 1740 472 et
1771 431 1876 470 non
1914 413 2083 467 audiit
2116 431 2210 469 me.
2650 479 2664 490 ἐ
2746 479 2753 492 λ

366 507 511 559 Ὅσα
549 505 607 559 δὲ
635 510 750 570 τοῖς
778 507 1090 577 εἰρημένοις
1125 510 1158 578 ἡ
1189 507 1376 579 νύμφη
1407 509 1748 580 προστίθησι,
1783 505 1881 561 κᾶν

2062 504 2194 570 Quae
2225 514 2406 561 autem
2443 521 2609 577 porro
2638 507 2725 564 his
2751 509 2941 580 adjicit
2969 526 3206 582 sponsa,
3246 527 3562 583 quanquam

296 598 757 671 σκυθρωποτέραν
790 600 931 654 κατὰ
969 600 1032 653 τὸ
1070 601 1357 672 πρόχειρον
1379 601 1475 672 ἔχῃ
1505 601 1606 672 τὴν
1629 600 1878 666 ἔνδειξινο

295 688 406 742 ἀλλ’
441 689 566 758 ἐμοὶ
597 688 750 742 δοκεῖ
787 689 924 760 πρὸς
966 690 1058 743 τὸν
1091 689 1252 744 αὐτὸν
1289 692 1754 762 σκοπὸν.βλέπειν,
1787 691 1881 744 καὶ

294 783 395 852 τῆς
437 783 550 836 τῶν
592 781 942 852 ὑψηλοτέρων
975 780 1293 846 ἀναϐάσεως
1331 781 1722 852 ἔχεσθαι.Φησὶ
1748 780 1877 852 γὰρ,

295 875 577 945 Εὕροσάν
604 892 680 944 με
709 876 763 929 ol
794 875 1067 943 φύλακες
1105 877 1159 928 οι
1185 875 1555 941 κυκλοῦντες
1577 873 1648 928 ἐν
1673 873 1751 942 τῇ
1781 874 1882 927 πό-

292 970 408 1022 λει.
471 964 813 1029 Ἐπάταξὰν
848 981 948 1034 με,
997 964 1440 1034 ἐτραυμάτισάν
1473 983 1581 1036 με,
1620 962 1774 1036 ἦραν
1813 965 1880 1019 τὸ

293 1059 609 1128 θέριστρον
625 1058 726 1112 ἀπ’
737 1057 885 1127 ἐμοῦ
908 1060 963 1110 οἱ
989 1058 1260 1126 φύλακες
1277 1058 1396 1111 τῶν
1420 1057 1679 1128 τειχέων.
1698 1058 1879 1112 Ταῦτα

293 1151 402 1222 γὰρ
422 1151 554 1214 ἴσως
572 1149 712 1214 δόξει
727 1149 870 1202 τισὶν
890 1148 1220 1220 ὀδυρομένης
1245 1149 1464 1220 μᾶλλον,
1492 1152 1634 1223 ἢπερ
1655 1147 1885 1222 εὑφραιέ

292 1242 522 1313 νομένης
542 1237 770 1295 εἶναιτὰ
798 1241 1042 1314 ῥήματα,
1081 1241 1141 1294 τὸ
1174 1241 1536 1306 Ἐπάταξαν,
1565 1243 1658 1296 καὶ
1673 1245 1877 1312 ἐτραυ-

288 1334 582 1402 μάτισαν,
613 1332 707 1386 καὶ
737 1331 894 1399 ἦραν
928 1331 992 1385 τὸ
1030 1330 1340 1400 θέριστρον
1367 1349 1380 1364 ο
1421 1333 1496 1404 τῷ
1530 1334 1586 1386 δὲ
1635 1333 1879 1406 ἀκριϐῶς

293 1424 690 1495 ὲπεσκεμμένῳ
719 1423 817 1493 τὴν
842 1421 952 1476 τῶν
977 1421 1283 1494 λεγομένων
1309 1424 1572 1488 διάνοιαν,
1603 1426 1879 1500 μεγαλαυ-

292 1515 567 1586 χουμένης
596 1515 686 1567 ἐπὶ
712 1516 825 1576 τοῖς
864 1512 1168 1578 καλλίστοις
1203 1517 1342 1569 είσὶν
1377 1518 1434 1570 ai
1466 1516 1660 1585 φωναί.
1691 1516 1880 1580 Οὕτως

291 1607 338 1662 δ’
364 1608 430 1661 ἂν
460 1607 667 1675 γένοιτο
716 1608 846 1678 ἡμῖν
879 1608 1188 1677 καταφανὲς
1217 1609 1280 1662 τὸ
1322 1608 1634 1680 λεγόμενον⁶
1673 1610 1878 1681 Μικρὸν

295 1702 402 1771 πρὸ
440 1699 644 1753 τούτων
674 1699 733 1752 ὲν
765 1703 878 1763 τοῖς
905 1701 1155 1762 κατόπιν,
1188 1699 1513 1770 καθαρεύειν
1545 1702 1714 1773 αὐτὴν
1742 1718 1878 1755 παν-

1983 595 2164 664 primo
2193 596 2342 650 velut
2379 597 2583 652 intuitu
2617 599 2911 655 tristiorem
2947 603 3239 672 quamdam
3275 603 3562 659 indicatio-

1981 700 2108 740 nem
2157 685 2434 754 habeant,
2487 704 2607 745 mea
2655 699 2838 746 tamen
2881 693 3152 747 sententia
3195 693 3444 750 eumdem
3491 695 3558 750 ad

1982 789 2208 846 scopum
2243 785 2523 846 spectare,
2554 786 2609 834 et
2639 779 2844 836 habere
2869 780 3328 851 significationem
3364 798 3560 839 ascen-

1981 881 2078 922 sus
2135 867 2205 921 ad
2250 869 2571 924 sublimiora
2611 871 2885 928 videntur.
2928 873 3019 927 Ait
3066 873 3210 928 enim
3259 891 3274 927 :
3315 873 3558 943 Olfendw

1979 965 2104 1009 runt
2134 972 2214 1010 me
2246 957 2487 1011 custodes
2521 959 2612 1028 qui
2645 959 2705 1012 in
2744 960 2870 1014 urbe
2901 961 3246 1018 circumeunt.
3276 961 3562 1018 Percussa-

1980 1056 2102 1100 runt
2134 1064 2250 1114 me,
2285 1049 2690 1103 vulneraverunt
2737 1067 2816 1105 me
2841 1091 2856 1115 ,
2900 1051 3233 1106 abstulerunt
3277 1042 3487 1121 peplum
3528 1071 3560 1108 a

1980 1155 2062 1193 me
2109 1140 2355 1195 custodes
2409 1157 2706 1197 murorum.
2757 1141 3104 1199 Videbuntur
3157 1145 3272 1200 haec
3326 1144 3565 1202 fortasse

1980 1231 2268 1286 nonnullis
2317 1247 2444 1288 esse
2491 1234 2730 1304 lugentis
2778 1235 2962 1306 potius
3010 1238 3208 1302 verba,
3244 1253 3406 1308 quam
3441 1239 3564 1308 ejus

1979 1338 2102 1392 qua:
2148 1323 2272 1378 laeta
2327 1323 2441 1392 sit;
2486 1326 2790 1396 praesertim
2839 1327 2968 1392 illa,
3019 1343 3396 1396 percusserunt
3443 1347 3559 1393 me,

1979 1413 2385 1470 vulneraverunt
2434 1432 2546 1482 nte,
2609 1415 2948 1471 abstulerunt
2998 1419 3229 1489 peplum.
3262 1420 3462 1487 Verum
3513 1420 3561 1475 si

1979 1505 2102 1575 quis
2152 1514 2412 1562 accurate
2455 1509 2769 1563 consideret
2814 1524 3041 1575 eorum,
3100 1527 3222 1581 quae
3276 1511 3558 1574 dicuntur,

1979 1609 2224 1656 mentem
2256 1619 2269 1655 :
2311 1602 2494 1671 potius
2526 1609 2656 1656 sunt
2684 1617 2849 1658 voces
2878 1604 3117 1674 gloriose
3139 1604 3407 1673 jactantis
3441 1620 3563 1661 sese

1979 1693 2050 1749 ob
2081 1709 2170 1748 res
2202 1694 2630 1764 pulcherrimas.
2668 1693 2725 1749 Id
2762 1704 2945 1750 autem
2985 1695 3090 1750 hoc
3124 1695 3362 1766 quodam
3399 1697 3560 1751 modo

290 1793 386 1855 τὸς
412 1790 878 1861 προκαλύμματος
905 1793 934 1843 ό
967 1790 1124 1859 λόγος
1159 1789 1518 1861 μαρτύρεται.
1548 1791 1606 1844 ὲν
1631 1784 1675 1858 ᾧ
1710 1809 1874 1862 φησιν

1983 1787 2331 1856 perspicuum
2385 1785 2547 1842 nobis
2598 1787 2724 1841 erit.
2776 1785 2948 1842 Paulo
3006 1793 3134 1842 ante
3185 1787 3560 1842 testimonium

292 1885 358 1936 ὲκ
407 1881 703 1952 προσώπου
750 1882 850 1952 τῆς
900 1881 1142 1953 νύμφης,
1190 1883 1273 1936 ὃτι
1327 1882 1737 1951 Ἐξεδυσάμην
1768 1883 1877 1937 τὸν

293 1975 515 2044 χιτῶνά
539 1994 681 2045 μου,
729 1974 857 2041 πῶς
911 1974 1242 2044 ἐνδύσομαι
1275 1976 1506 2038 adadv;
1541 1974 1801 2028 Ἐνταῦθα
1821 1973 1884 2030 δὲ

292 2065 460 2116 πάλιν
499 2063 820 2136 ἀφῃρῆσθαι
871 2063 1019 2132 λέγει
1077 2065 1248 2134 αὐτῆς
1287 2063 1348 2116 τὸ
1395 2064 1695 2136 θέριστρον.
1726 2066 1882 2137 Περι-

290 2157 512 2210 ϐόλαιον
544 2156 600 2209 δὲ
623 2157 892 2227 νυμφικόν
924 2158 1040 2209 ἐστι
1066 2155 1127 2208 τὸ
1161 2157 1466 2227 θέριστρον.
1505 2156 1881 2225 συγκαλύπτον

293 2249 439 2317 μετὰ
469 2247 568 2318 τῆς
590 2247 830 2317 κεφαλῆς
866 2248 958 2302 καὶ
995 2246 1057 2300 τὸ
1086 2247 1396 2318 πρόσωπον,
1421 2246 1602 2312 καθὼς
1635 2249 1729 2303 καὶ
1754 2248 1882 2322 περὶ

288 2343 392 2409 τῆς
423 2340 720 2403 Ῥεϐέκκας
766 2338 911 2408 λέγει
941 2340 974 2408 ἡ
1021 2339 1252 2408 ἱστορία.
1284 2339 1409 2404 Πῶς
1445 2333 1539 2393 οὖν
1579 2341 1612 2410 ἡ
1663 2357 1883 2411 γυμνω-

289 2431 451 2484 θεῖσα
503 2430 702 2494 παντὸς
749 2429 1178 2500 περιδλήματος,
1221 2429 1300 2483 ἔτι
1344 2430 1406 2483 τὸ
1435 2430 1716 2503 θέριστρον
1742 2431 1878 2502 ἔχει,

287 2521 430 2588 ὅπερ
463 2519 559 2572 νῦν
587 2519 755 2590 αὐτῆς
801 2519 1164 2592 ἀφαιροῦνται
1211 2521 1262 2574 oi
1297 2520 1570 2590 φύλακεςς
1599 2523 1677 2578 Ἦ
1725 2522 1880 2592 δῆλον

286 2609 383 2661 διὰ
429 2608 538 2661 τῶν
594 2608 902 2679 εἰρημένων
943 2609 1126 2674 ἐστὶν,
1154 2609 1276 2663 ὅσον
1321 2610 1416 2665 ἀπ’
1459 2611 1667 2666 ἐκείνου
1720 2612 1882 2667 πάλιν

287 2702 388 2752 ἐπὶ
439 2699 500 2752 τὸ
554 2698 884 2770 ὑψηλότερον
935 2698 1026 2752 διὰ
1072 2701 1359 2772 προκοπῆς
1411 2697 1776 2772 ἀνελήλυθεν;
1815 2703 1883 2757 Ἡ

289 2793 405 2862 γὰρ
457 2789 878 2862 ἁπεκδυσαμένη
925 2789 1017 2843 τὸν
1069 2789 1296 2845 παλαιὸν
1346 2792 1587 2863 χιτῶνα,
1627 2791 1725 2846 καὶ
1777 2793 1882 2848 πά-

291 2899 399 2950 σης
451 2880 745 2951 περιϐολῆς
799 2879 1216 2951 καθαρεύσασα,
1247 2882 1499 2936 τοσοῦτον
1558 2883 1756 2954 ἑαυτῆς
1803 2883 1885 2950 γί-

290 2989 445 3026 νεται
506 2971 900 3042 καθαρωτέρα,
948 2972 1024 3035 ὡς
1074 2972 1356 3045 συγκρίσει
1403 2975 1502 3042 τῆς
1549 2974 1674 3045 ἄρτι
1728 2991 1882 3042 γενο-

298 3065 477 3137 μένης
526 3063 661 3132 αὑτῇ
717 3062 1116 3134 καθαρότητος,
1164 3063 1238 3134 μὴ
1273 3063 1449 3117 δοκεῖν
1486 3065 1881 3119 ἀπεκδεδῦσθαι

1983 1892 2205 1947 sponsae
2259 1877 2597 1946 perhibetur,
2662 1877 2809 1949 quod
2862 1878 3124 1932 immunis
3180 1878 3252 1933 sit
3296 1878 3365 1933 ab
3411 1879 3562 1932 omni

1979 1969 2250 2024 velamine
2274 2009 2288 2031 .
2320 1985 2446 2024 cum
2491 1971 2548 2025 in
2579 1970 2700 2040 ejus
2729 1986 2968 2041 persona
2997 1971 3205 2026 dicitur
3233 1990 3247 2025 :
3296 1969 3438 2024 Επιιὶ
3481 1980 3564 2024 tu-

1980 2060 2152 2114 nicam
2183 2076 2352 2114 meam
2373 2099 2388 2122 ,
2426 2061 2688 2130 quomodo
2715 2063 2932 2115 induam
2971 2061 3171 2117 illam?
3203 2061 3304 2115 Hic
3337 2077 3561 2117 rursum

1981 2151 2059 2204 ait
2086 2151 2203 2222 ipsa
2226 2152 2538 2222 ademptum
2564 2152 2668 2208 sibi
2691 2168 2815 2208 esse
2840 2153 3059 2223 peplum
3081 2193 3096 2219 ,
3117 2154 3233 2208 sive
3252 2153 3558 2224 θέριστρον.

1983 2240 2105 2307 Quo
2136 2243 2408 2298 vocabulo
2455 2244 2681 2314 pallium
2717 2246 2975 2315 sponsale
3008 2246 3377 2316 signiﬁcatur,
3413 2247 3564 2318 quod

1980 2349 2090 2389 una
2125 2350 2251 2389 cum
2285 2335 2467 2405 capite
2506 2334 2700 2391 faciem
2750 2339 2974 2406 quo'que
3007 2338 3266 2404 obvelat,
3299 2340 3566 2408 quemad-

1981 2427 2204 2484 modum
2229 2436 2314 2484 est
2342 2411 2398 2481 in
2428 2429 2661 2484 liiSlOl'ia
2689 2429 2758 2484 de
2786 2428 3038 2486 Rebecca
3070 2432 3136 2486 °'.
3170 2431 3273 2498 Qui
3302 2448 3434 2504 ergo
3459 2450 3564 2488 nu-

1981 2517 2108 2574 data
2151 2517 2498 2572 vestimentis
2541 2517 2834 2583 omnibus,
2881 2520 3099 2589 peplum
3153 2521 3333 2577 adhuc
3371 2522 3562 2590 habet,

1981 2623 2141 2679 quem
2166 2609 2215 2662 ei
2241 2623 2389 2662 nunc
2417 2606 2674 2663 custodes
2699 2608 2941 2665 civitatis
2971 2611 3263 2667 adimunt?
3289 2612 3562 2668 Numnam

1982 2698 2123 2755 forte
2151 2700 2219 2754 de
2257 2700 2439 2761 verbis
2485 2699 2638 2755 hisce
2683 2703 3041 2771 perspicitur,
3073 2712 3344 2774 quantum
3389 2706 3459 2760 ab
3496 2721 3564 2762 eo

1984 2796 2230 2858 tempore
2281 2803 2503 2844 rursum
2543 2791 2597 2845 in
2633 2793 2869 2849 sublime
2901 2793 3176 2864 pergendo
3216 2793 3561 2863 perfecerit?

1981 2875 2116 2930 Nam
2149 2891 2213 2932 ea
2256 2893 2378 2948 qua:
2403 2878 2520 2946 jam
2555 2888 2684 2935 ante
2717 2881 2964 2934 tunicam
3009 2888 3250 2936 veterem
3299 2888 3562 2945 exuerat,

1982 2968 2132 3023 etab
2175 2969 2325 3023 omni
2357 2970 2523 3039 pallio
2555 2970 2816 3027 immunis
2858 2979 3014 3037 erat,
3060 2987 3236 3042 usque
3281 2972 3420 3027 adeo
3475 2987 3564 3028 se-

1985 3061 2103 3132 ipsa
2132 3064 2191 3115 lit
2219 3062 2430 3132 purior,
2461 3070 2520 3116 ut
2552 3061 2619 3117 ad
2651 3063 2842 3134 priora
2872 3073 3190 3136 comparata
3221 3064 3326 3120 hac
3354 3065 3564 3140 recenti

296 3158 362 3212 τὸ
423 3155 766 3226 περιϐόλαιον
803 3173 816 3185 ο
861 3155 971 3208 ἀλλ’
1027 3157 1204 3225 εὑρεῖν
1250 3171 1304 3207 τι
1361 3155 1522 3208 πάλιν
1581 3155 1721 3226 μετὰ
1783 3156 1881 3228 τὴν

1985 3154 2261 3224 puritate,
2306 3170 2416 3208 non
2461 3154 2686 3210 exuisse
2716 3155 2950 3211 antehac
2993 3156 3220 3227 pallium
3269 3155 3562 3224 videatur;

299 3249 588 3320 γύμνωσιν
642 3245 860 3316 ἐκείνην
921 3248 1048 3318 περὶ⁸
1093 3247 1260 3317 αὑτὴν
1296 3247 1326 3300 ὃ
1359 3247 1648 3318 ἀποθῆται.
1697 3249 1880 3315 Οὕτως

299 3345 336 3411 ἡ
404 3339 540 3410 πρὸς
599 3336 662 3389 τὸ
714 3337 868 3390 Θεῖον
927 3337 1140 3402 ἄνοδος,
1184 3336 1279 3388 τοῦ
1338 3336 1424 3389 ἀεὶ
1493 3337 1880 3409 εὑρισκομένου

297 3450 354 3486 τι
385 3430 512 3501 περὶ
548 3429 720 3498 αὐτὴν
769 3427 912 3498 παχύ
933 3439 1042 3495 περ
1069 3427 1386 3482 ἑνδείκνυσι.
1420 3428 1520 3483 Διὰ
1571 3427 1728 3483 τοῦτο
1781 3430 1882 3500 τῆς

299 3524 404 3578 νῦν
461 3521 828 3593 καθαρότητος
884 3522 951 3590 τῇ
997 3521 1280 3592 συγκρίσει
1327 3522 1358 3591 ἡ
1414 3521 1881 3593 προγεγραμμένη

295 3614 400 3671 τοῦ
446 3595 671 3686 χιτῶνος
731 3611 938 3666 ἐκείνου
974 3611 1371 3682 γύμνωσις,ὼς
1416 3612 1680 3684 κάλυμμα
1721 3613 1882 3666 πάλιν

297 3707 672 3778 περιαιρεῖται
711 3703 862 3778 παρὰ
885 3703 992 3756 τῶν
1024 3702 1384 3772 εὑρισκόντων
1415 3703 1605 3774 αὐτήν.
1642 3698 1800 3758 Οὗτοι
1825 3704 1882 3757 δέ

295 3802 443 3851 εἰσιν
475 3799 523 3849 oi
573 3795 813 3865 φύλακες·
847 3794 897 3847 οἱ
941 3791 1265 3856 κυκλοῦντες
1296 3793 1394 3864 τὴν
1428 3793 1580 3847 πόλιν
1601 3811 1613 3824 ’
1651 3793 1795 3865 ψυχὴ
1825 3794 1882 3847 δὲ

294 3892 326 3960 ἡ
355 3889 514 3952 πόλις
543 3905 557 3918 ·
587 3883 656 3960 ἧς
677 3886 764 3940 διὰ
791 3885 886 3939 τοῦ
921 3884 1154 3950 πατάξαι
1203 3885 1298 3937 καὶ
1335 3885 1698 3955 τραυματίσαι
1731 3903 1883 3956 περι-

293 3979 513 4041 ελόντες
538 3976 599 4030 τὸ
632 3976 938 4048 θέριστρον,
962 3967 1036 4028 ὧν
1069 3973 1227 4044 ἔργον
1257 3973 1373 4026 ἐστὶ
1400 3973 1461 4026 τὸ
1493 3973 1783 4042 φυλάσσειν
1815 3974 1884 4028 τὰ

293 4067 455 4136 τείχη
491 4065 591 4135 τῆς
640 4063 868 4126 πόλεως.
902 4063 1025 4116 Ὀτι
1080 4061 1178 4132 μὲν
1210 4057 1302 4115 οὖν
1340 4063 1541 4131 ἀγαθόν
1572 4063 1623 4117 τί
1669 4064 1815 4117 ἐστιν
1848 4066 1880 4136 ἡ

297 4155 396 4209 τοῦ
427 4155 713 4226 θερίστρου
750 4153 1110 4226 περιαίρεσις,
1142 4151 1283 4206 ὥστε
1309 4149 1591 4226 ἐλεύθερον
1614 4155 1706 4210 τοῦ
1747 4175 1881 4228 προ-ο

295 4247 661 4318 καλύμματος
709 4246 799 4298 τὸν
828 4245 1130 4316 ὀφθαλμὸν,
1157 4246 1613 4316 άπαραποδίστως
1645 4248 1880 4302 ὲνατενί-

296 4342 418 4404 ζειν
465 4338 545 4409 τῷ
575 4338 894 4409 ποθουμένῳ
937 4337 1144 4402 κάλλει,
1187 4339 1285 4390 οὑκ
1330 4341 1394 4393 ἄν
1439 4358 1520 4403 τις
1555 4341 1881 4411 ἀμφιϐάλλοι

300 4433 440 4502 πρὸς
458 4431 549 4484 τὸν
583 4429 898 4483 Ἀπόστολον
927 4429 1159 4500 βλέπων,
1183 4429 1240 4495 ὃς
1262 4434 1328 4503 τῇ
1358 4432 1583 4502 δυνάμει
1609 4433 1701 4486 τοῦ
1730 4435 1882 4487 πνεύ-

1984 3246 2080 3300 sed
2111 3260 2309 3301 rursus
2339 3245 2623 3301 invenisse
2653 3255 2778 3317 post
2809 3247 3166 3304 nudationem
3200 3248 3348 3302 illam
3372 3289 3386 3312 ,
3415 3249 3564 3319 quod

1984 3333 2244 3404 deponat.
2286 3332 2378 3388 Sic
2406 3349 2673 3392 ascensus
2732 3336 2798 3390 ad
2840 3335 3240 3392 sublimitatem
3288 3336 3436 3390 illam
3483 3335 3567 3389 di-

1983 3425 2164 3479 vinam
2197 3439 2413 3495 semper
2445 3425 2652 3495 aliquid
2699 3427 2950 3483 ostendit
2980 3431 3058 3484 rei
3095 3444 3303 3484 crassae
3328 3469 3342 3493 ,
3369 3437 3567 3499 praeter

1984 3517 2038 3572 id
2077 3517 2224 3587 quod
2260 3515 2457 3587 quovis
2487 3524 2736 3588 tempore
2765 3519 3217 3590 deprehenditur.
3247 3519 3455 3577 Idcirco
3489 3532 3568 3576 tu-

1984 3611 2120 3665 uicae
2152 3609 2300 3664 illius
2331 3609 2531 3678 prioris
2561 3608 2836 3680 ademptio
2857 3651 2873 3675 ,
2912 3613 3109 3667 collata
3144 3629 3270 3668 cum
3308 3615 3563 3684 praesenti

1984 3701 2256 3772 puritate,
2297 3715 2515 3754 rursum
2543 3708 2599 3756 et
2631 3701 2751 3772 ipsa
2783 3703 2945 3773 quasi
2979 3703 3255 3773 quoddam
3286 3705 3564 3761 velamen-

1987 3802 2102 3848 tum
2136 3794 2346 3848 tollitur
2379 3792 2449 3848 ab
2483 3792 2627 3857 illis,
2664 3795 2759 3864 qui
2793 3809 2912 3849 eam
2947 3795 3256 3865 reperiunt.
3289 3795 3432 3850 Sunt
3465 3812 3566 3851 au-

1987 3894 2093 3942 tem
2131 3887 2166 3940 ii
2196 3886 2492 3948 custodes.
2534 3886 2588 3940 in
2639 3887 2775 3942 urbe
2827 3888 3237 3944 circumeuntes
3270 3891 3288 3959 (
3325 3897 3382 3944 et
3432 3889 3564 3945 urbs

1985 3979 2099 4034 haec
2130 3979 2314 4033 anima
2344 3987 2429 4035 est
2447 3979 2598 4050 ),qui
2634 3979 2979 4035 verberando
3003 3994 3068 4034 ac
3092 3980 3432 4036 vulnerando
3467 3996 3563 4051 pe-

1984 4072 2132 4142 plum
2169 4070 2454 4138 adimunt,
2499 4083 2553 4127 et
2601 4072 2802 4142 quibus
2847 4071 2949 4127 hoc
3000 4071 3188 4127 datum
3225 4073 3470 4144 negotii,
3505 4082 3564 4126 ut

1983 4163 2224 4220 civitatis
2250 4179 2440 4218 muros
2465 4163 2802 4218 custodiant.
2839 4161 3130 4218 Enimvero
3156 4163 3562 4232 ademptionem

1983 4256 2126 4326 pepli
2173 4256 2382 4310 bonum
2427 4255 2690 4324 quiddam
2725 4271 2880 4317 esse.
2903 4254 2974 4309 ut
3005 4256 3200 4309 oculus
3233 4254 3500 4309 liberatus
3531 4269 3563 4307 a

1984 4348 2256 4402 velamine
2285 4347 2731 4417 puchritudinem
2758 4347 3126 4402 desideratam
3160 4346 3370 4416 absque
3395 4345 3565 4416 impeo

1983 4438 2227 4492 dimento
2260 4441 2559 4502 intueatur,
2588 4452 2749 4492 nemo
2773 4436 3082 4500 dubitabit,
3111 4436 3206 4506 qui
3232 4435 3298 4489 ad
3322 4436 3564 4505 Aposto-

301 4537 478 4591 ματος
526 4519 625 4590 τὴν
675 4518 769 4572 τοῦ
810 4519 1163 4589 καλύμματος
1207 4522 1546 4592 περιαίρεσιν
1600 4523 1881 4594 ἀνατίθησι

1989 4529 2098 4582 lum
2131 4528 2410 4598 respiciet.
2453 4527 2502 4583 ls
2531 4529 2676 4582 enim
2709 4528 2777 4583 ad
2811 4527 2918 4581 vim
2947 4528 3181 4597 spiritus
3213 4526 3380 4581 refert
3413 4527 3565 4580 vela-

296 4614 479 4680 λέγων
509 4628 523 4642 °
560 4612 745 4664 Ὅταν
781 4610 849 4664 δὲ
889 4611 1221 4680 ἐπιστρέψῃ
1269 4612 1418 4680 πρὸς
1463 4615 1698 4680 Κύριον,
1734 4633 1884 4685 περι-

299 4701 552 4772 αιρεῖται
601 4700 667 4754 τὸ
717 4700 1031 4771 κάλυμμα·
1063 4705 1096 4755 ό
1147 4701 1216 4755 δὲ
1262 4705 1510 4771 Κύριος,
1541 4707 1605 4759 τὸ
1648 4709 1883 4776 πνεῦμά

297 4798 496 4849 ἐστιν.
527 4795 649 4847 Ὅτι
685 4793 741 4847 δὲ
784 4794 847 4847 τὸ
880 4793 974 4846 τοῦ
1006 4793 1214 4862 ἀγαθοῦ
1258 4800 1762 4866 παρασκευαστικὸν
1792 4801 1884 4854 καὶ

298 4883 437 4937 αὑτὸ
478 4883 693 4946 πάντως
733 4883 882 4937 ἐστὶν
919 4883 1150 4952 ἀγαθὸν,
1186 4883 1285 4938 οὑκ
1335 4885 1400 4940 ἄν
1437 4904 1521 4949 τις
1553 4890 1880 4959 ἀμφιϐάλλοι

297 4974 414 5029 τῶν
458 4973 836 5044 ἐπισταμένων
895 4973 1030 5045 πρὸς
1082 4975 1140 5027 τὸ
1190 4975 1482 5030 ἀκόλουθον
1535 4978 1770 5048 βλέπειν.
1818 4980 1881 5032 Εἰ

296 5065 486 5118 τοίνυν
522 5064 724 5132 ἀγαθὸν
761 5065 795 5136 ἡ
829 5063 922 5118 τοῦ
965 5064 1323 5136 καλύμματος
1364 5068 1716 5139 περιαίρεσις,
1740 5071 1881 5139 ἀγα-

298 5158 398 5210 θὸν
433 5157 500 5210 ἂν
539 5156 618 5226 εἴη
651 5158 866 5221 πάντως
897 5159 1046 5228 καὶὴ
1083 5158 1285 5230 πληγὴ,
1325 5160 1420 5213 καὶ⁵
1451 5160 1511 5214 τὸ
1546 5162 1786 5233 τραῦμα,
1813 5164 1881 5218 δι’

295 5246 379 5302 ὦν
432 5249 792 5319 κατορθοῦται
845 5251 878 5322 ἡ
929 5251 1290 5322 περιαίρεσις.
1332 5253 1470 5306 Ἀλλ’
1504 5255 1688 5326 ἐπειδὴ
1739 5256 1880 5310 κατὰ

301 5342 398 5408 τὴν
422 5343 712 5413 πρόχειρον
740 5341 1139 5412 ἕννοιαν,ἁηδία
1163 5362 1247 5409 τις
1281 5346 1603 5415 ἐμφαίνεται
1639 5351 1752 5412 τοῖς
1784 5352 1881 5422 ῥή-

299 5449 440 5498 μασι
485 5432 721 5497 τούτοις*
749 5433 968 5504 ἄλγημα
998 5435 1106 5506 γὰρ
1146 5437 1476 5491 ἐνδείκνυται
1516 5440 1547 5510 ἡ
1584 5441 1734 5512 φωνὴ
1762 5441 1876 5508 τοῦ,

371 5615 558 5671 "Gen.
615 5611 874 5675 ntv,6;i.
989 5615 1032 5643 °‘
1059 5613 1099 5666 ll
1139 5615 1261 5669 Cor.
1301 5633 1352 5681 γ,
1387 5616 1468 5678 l6.

1987 4619 2152 4674 minis
2179 4619 2583 4689 ademptionem
2609 4659 2624 4685 ,
2667 4637 2790 4674 cum
2832 4622 2945 4675 ait:
2979 4619 3080 4674 Ubi
3121 4635 3238 4675 vero
3278 4634 3562 4673 conversus

1986 4711 2144 4780 fuerit
2179 4712 2246 4764 ad
2277 4710 2591 4776 Dominum,
2627 4714 2836 4766 tollitur
2869 4714 3101 4768 velamen
3125 4729 3143 4766 :
3177 4711 3438 4766 Dominus
3465 4727 3566 4764 att-

1987 4813 2086 4858 tem
2126 4805 2347 4873 spiritus
2379 4804 2470 4858 ille
2495 4813 2574 4858 est
2609 4805 2674 4859 “.
2725 4803 2914 4876 Neque
2941 4820 3072 4861 vero
3099 4804 3345 4859 dubitari
3382 4811 3565 4875 potest

1987 4898 2054 4950 ab
2085 4897 2151 4951 iis
2173 4935 2188 4960 ,
2218 4898 2312 4967 qui
2349 4911 2530 4951 rerum
2563 4897 2760 4952 seriem
2790 4905 2846 4952 et
2873 4897 3325 4969 consequentiam
3361 4896 3562 4952 intueri

1987 4995 2227 5051 norunt,
2265 4988 2429 5041 etiam
2465 4987 2516 5042 id
2561 4987 2708 5058 quod
2741 4985 2810 5041 ad
2859 4987 3062 5042 bonum
3109 4997 3379 5058 prmparat
3441 5001 3565 5041 om-

1987 5079 2119 5132 nino
2169 5079 2373 5133 bonum
2431 5094 2578 5135 esse.
2627 5078 2814 5146 Quare
2865 5081 2912 5136 si
2943 5081 3234 5135 velaminis
3284 5079 3564 5148 ademptio

1987 5169 2189 5224 bonum
2219 5169 2481 5240 quiddam
2515 5177 2634 5234 est,
2682 5171 2908 5226 omnino
2938 5172 3102 5225 etiam
3148 5181 3260 5224 tum
3307 5169 3566 5224 verbera-

1989 5262 2232 5324 tionem,
2275 5270 2390 5317 tum
2433 5264 2632 5319 vulnus
2677 5264 2732 5318 in
2780 5264 2939 5319 bonis
2966 5279 3230 5332 ponemus
3255 5301 3268 5324 ,
3294 5259 3440 5330 quod
3468 5269 3563 5322 per

1985 5368 2052 5408 ea
2094 5356 2186 5408 fiat
2231 5356 2527 5426 ademptio.
2575 5356 2683 5410 Sed
2725 5357 2852 5426 quia
2905 5371 3072 5410 sensu
3121 5357 3353 5424 primum
3403 5351 3565 5403 obvio

1988 5446 2220 5504 insuave
2270 5450 2534 5519 quiddam
2588 5449 2656 5504 de
2723 5448 2906 5504 verbis
2961 5448 3045 5503 his
3104 5449 3279 5502 elucet
3315 5443 3563 5510 (ctenim
