3948 6192
429 190 558 248 1051
1310 237 1312 239 ,
1675 175 1735 230 S.
1775 169 2104 228 GRECOR"
2146 168 2434 225 NYSSENI
3508 175 3618 232 "in

429 326 534 364 vox
569 311 656 362 illa
680 350 694 372 ,
725 315 1121 375 percusserunt.
1143 320 1207 358 ac
1243 304 1582 358 vulnerarunt
1619 315 1728 359 me.
1760 297 1988 352 dolentel

2062 299 2084 353 ι
2126 292 2466 357 Ἐποίταξάν
2479 306 2576 359 με’
2595 290 2686 345 καὶ
2707 289 2821 353 τοῦ,
2841 285 3390 357 Ἑτραισμὰτισάιομε,
3407 295 3558 360 καλῶς
3572 301 3621 352 ἂν

433 397 668 469 proterri
696 396 913 451 videtur
936 404 975 461 ),
1016 401 1162 448 recte
1199 391 1398 447 facturi
1433 404 1625 445 sumus
1648 431 1663 456 ,
1697 387 1741 444 si
1779 386 1992 458 primum

2120 384 2233 455 ἔχει
2263 384 2597 454 κατανοῆσαι
2630 383 2844 455 πρῶτον
2877 383 2976 452 τῆς
3006 380 3165 449 ἁγίας
3196 380 3395 454 Γραφῆς
3431 387 3515 456 τὴν
3539 391 3625 443 τῶν

432 485 745 554 bujusmodi
777 484 1069 538 verborum
1103 481 1156 534 in
1187 481 1362 536 sacris
1392 479 1615 533 Litteris
1645 493 1802 532 usum
1831 477 1991 530 obser

2119 476 2373 530 τοιούτων
2423 476 2681 546 ῥημάτων
2730 475 2925 544 χρῆσιν
2948 514 2961 537 ,
2994 473 3148 525 εἵπου
3181 471 3305 544 πρὸς
3333 475 3386 528 τὸ
3423 482 3628 548 κρεῖττον

431 576 780 640 vat-erimus,
815 590 946 628 num
992 574 1134 628 forte
1182 573 1297 626 haec
1337 571 1406 626 de
1454 586 1512 625 re
1559 570 1701 623 bona
1751 574 1990 637 usurpat;

2120 563 2300 620 αὑτῶν
2338 565 2436 636 τὴν
2481 568 2700 636 μνήμην
2732 564 3028 634 πεποίηται
3063 579 3076 593 ο
3101 558 3197 614 εἷθ’
3224 563 3379 630 οὑτως
3404 566 3631 640 θεωρῆσαι

433 668 799 736 reperiantur,
836 675 998 737 atque
1031 666 1104 718 ita
1147 664 1348 720 deinde
1389 663 1500 716 vim
1551 677 1743 718 eorum
1780 676 1900 732 qua‘
1932 661 1986 716 di

1668 678 1743 715 tm
1780 676 1900 732 qua‘
1932 661 2018 716 di-
2118 655 2228 710 τῶν
2263 657 2496 710 ἐνταῦθα
2526 657 2832 727 λεγομένων
2853 655 2950 726 τὴν
2984 654 3227 724 δύναμιν.

433 771 632 815 Ctlttlur
669 758 775 824 hic,
814 757 1374 813 consideraverimus.

505 852 626 916 Quo
659 858 821 919 pacto
873 850 1151 919 sapientia
1178 849 1244 904 de
1289 858 1464 902 morte
1501 846 1722 916 juvenis
1775 845 2016 900 animam

2191 838 2314 902 Πῶς
2347 837 2532 910 ῥύεται
2565 840 2597 909 ἡ
2644 837 2802 906 σοφία
2831 835 2930 906 τὴν
2972 834 3065 889 τοῦ
3093 836 3208 889 νέου
3240 837 3404 908 ψυχὴν
3430 840 3522 892 ἀπὸ
3561 842 3635 896 θαι

436 942 664 1006 liberet,
696 941 824 1011 quid
851 941 1158 995 faciendum
1191 939 1442 993 consulat
1466 979 1480 1003 ,
1509 946 1569 991 ut
1596 953 1662 990 ne
1692 943 1866 990 morte
1891 949 1995 1005 pert

2120 932 2278 985 νάτου
2305 931 2402 995 ;Τί
2435 929 2790 1000 συμϐουλεύει
2813 931 3008 990 ποιεῖν,
3037 929 3123 981 ἴνα
3143 929 3215 999 μὴ
3240 929 3463 1002 ἀποθάνῃ
3481 935 3506 984 ό
3528 933 3636 998 νέος,

434 1045 520 1086 eat
552 1032 808 1102 juvenis,
860 1048 924 1086 ex
975 1033 1211 1102 ipsamet
1262 1029 1574 1084 audiamus.
1614 1029 1674 1082 Si
1718 1030 1897 1098 virga,
1937 1027 1990 1080 in

2120 1023 2291 1093 αὑτῆς
2319 1023 2640 1092 ἀκούσωμεν
2667 1022 2765 1092 τῆς
2793 1021 3004 1088 σοφίας.
3049 1020 3183 1074 Ἐὰν
3209 1019 3461 1088 nardi-ﬁne
3488 1025 3639 1076 αὑτὸν

436 1126 588 1194 quit,
624 1126 946 1193 percusseris
991 1140 1149 1188 cum,
1203 1141 1306 1177 non
1363 1123 1617 1176 morietur
1651 1121 1718 1173 "'.
1769 1119 1906 1174 Nam
1961 1129 1995 1174 tt

2112 1115 2332 1183 ῥάϐδῳ,
2359 1115 2543 1185 φησὶν,
2580 1117 2651 1168 οὐ
2691 1114 2776 1184 μὴ
2825 1112 3120 1180 ἀποθάνῃ.
3146 1114 3217 1166 Σὺ
3255 1114 3346 1183 μὲν
3371 1114 3468 1184 γὰρ
3489 1115 3636 1188 ῥάϐδῳ

435 1216 658 1286 quidem
709 1219 860 1284 virga
913 1232 1037 1269 eum
1093 1214 1302 1280 caedes,
1366 1230 1552 1268 verum
1607 1213 1842 1266 animam
1899 1212 1994 1281 eju:

2121 1206 2381 1272 πατάξεις
2402 1207 2584 1266 αὑτὸν.
2607 1205 2704 1276 τὴν
2720 1204 2775 1258 δὲ
2795 1203 2972 1281 ψυχὴν
2996 1203 3157 1256 αὑτοῦ
3180 1203 3313 1274 ῥύσῃ
3338 1205 3396 1256 ὲκ
3425 1204 3641 1260 θανάτου.

438 1309 598 1362 morti
631 1307 853 1377 eripies.
887 1307 1068 1372 Quare
1099 1305 1314 1360 videtur
1342 1320 1446 1360 vox
1508 1305 1873 1376 percutiendi,
1907 1303 1997 1357 ιιο(

2124 1301 2308 1352 Ἔοικε
2332 1299 2510 1352 τοίνυν
2541 1297 2838 1352 ἀθανασίαν
2858 1296 3176 1368 ἑρμηνεύειν
3203 1299 3234 1367 ἡ
3263 1296 3350 1350 τοῦ
3388 1299 3649 1364 Ἑπάταξαν

436 1400 560 1454 loco
593 1406 785 1452 notare
814 1398 1307 1458 inunortalitatem,
1351 1411 1476 1451 cum
1512 1397 1766 1452 dicatur:
1807 1395 1867 1452 Si
1901 1411 1992 1464 per

2120 1391 2264 1455 λέξις
2284 1430 2298 1454 ,
2335 1388 2515 1453 καθὼς
2543 1392 2571 1443 ὁ
2602 1389 2758 1458 λόγος
2785 1389 2952 1458 φησίν
2978 1405 2992 1418 ’
3027 1389 3109 1441 δτι
3150 1387 3288 1442 Ἐὰν
3324 1389 3568 1456 πατάξῃς
3596 1390 3649 1459 τῇ

436 1492 661 1545 casteria
690 1507 807 1544 eum
840 1491 1021 1560 virga,
1057 1506 1160 1544 non
1199 1490 1477 1545 morietur.
1517 1490 1649 1546 Item
1695 1489 1843 1559 quod
1887 1489 1995 1544 sub

2121 1481 2335 1548 ῥάϐδῳ,
2373 1480 2562 1550 οὒμὴ
2599 1479 2892 1547 ἀποθάνῃ,
2927 1480 3019 1532 καὶ
3065 1480 3148 1532 ὃτι
3202 1479 3294 1532 οὑκ
3331 1479 3464 1532 ἐστιν
3512 1480 3654 1544 ἄλλως

433 1585 677 1654 jiciatur,
711 1585 871 1639 aliter
905 1585 1145 1638 animam
1175 1583 1298 1654 ejus
1332 1583 1400 1639 de
1443 1591 1622 1638 morte
1655 1583 1880 1636 liberari
1908 1597 1992 1636 non

2126 1570 2388 1642 ρυσθῆναι
2427 1570 2521 1641 τὴν
2564 1570 2744 1640 ψυχὴν
2775 1571 2837 1622 ὲκ
2881 1569 2974 1622 τοῦ
3009 1569 3258 1632 Θανάτου,
3287 1571 3376 1622 ἐὰν
3414 1570 3481 1639 μὴ
3509 1569 3657 1622 πατά-

1180 1633 1296 1654 Ἰη-
1336 1633 1398 1639 η

437 1691 622 1746 posse,
657 1693 821 1746 quam
855 1677 902 1731 si
938 1677 1092 1747 virga
1125 1677 1388 1732 cadatur.
1414 1677 1602 1748 Itaque
1627 1676 1694 1731 de
1718 1675 1805 1732 his
1835 1675 1996 1731 verbi:

2119 1633 2222 1731 χθῃ
2250 1633 2316 1730 τῆ
2351 1633 2530 1732 ρἀδιρ
2560 1633 2591 1692 ο-
2610 1633 2774 1714 καλὸν
2821 1661 2930 1732 ἄρα
2965 1659 3026 1712 τὸ
3057 1633 3426 1730 παταχθῆναι,
3457 1633 3536 1712 διὰ
3573 1660 3660 1711 τῶν

437 1767 870 1831 demonstratur,
903 1770 1107 1822 bonum
1149 1784 1273 1824 esse
1307 1767 1485 1834 credi;
1528 1783 1652 1823 cum
1694 1782 1882 1822 revera
1919 1767 1996 1820 bo

2121 1753 2426 1823 εἰρημένων
2464 1754 2596 1823 ἡμῖν
2644 1752 3039 1806 ἀποδέδεικται.
3075 1751 3221 1804 Διὸτι
3247 1751 3402 1804 καλόν
3433 1751 3564 1803 ἐστιν
3600 1750 3660 1814 ὡς

438 1874 569 1913 num
603 1860 706 1921 sit,
744 1861 983 1913 animam
1038 1876 1068 1913 a
1115 1870 1290 1915 morte
1333 1859 1577 1914 liberari.
1630 1859 1723 1913 Sic
1765 1867 1819 1913 et
1850 1857 1997 1913 Deun

2121 1843 2339 1913 ἀληθῶς
2376 1843 2437 1896 τὸ
2485 1845 2548 1896 ὲκ
2596 1843 2828 1897 Θανάτου
2876 1843 2974 1914 τὴν
3009 1843 3189 1914 ψυχὴν
3236 1843 3500 1913 ρυσθῆναι.
3533 1841 3664 1895 Οὑτω

441 1966 603 2018 agerc
639 1960 792 2006 vates
823 1953 935 2014 ait,
971 1951 1281 2006 occidendo
1312 1951 1715 2016 viviﬁcantem,
1743 1959 1796 2004 et
1827 1964 2000 2018 percu

2120 1941 2295 1991 ποιεῖν
2326 1937 2420 1990 καὶ
2451 1937 2540 1990 τὸν
2567 1935 2698 1989 Θεδν
2731 1938 2759 1989 ό
2802 1936 3082 2007 προφήτης
3113 1936 3299 2005 φησὶν,
3329 1935 3420 1988 διὰ
3442 1935 3528 1988 τοῦ
3554 1936 3664 1988 ἀπο-

445 2042 634 2095 tiendo
667 2051 974 2096 sanantcm.
1013 2041 1127 2111 Ego
1149 2082 1162 2106 ,
1203 2043 1416 2111 inquit,
1449 2042 1765 2110 interﬁciam
1807 2050 1856 2094 et
1891 2041 2004 2094 vivi-

2121 2029 2350 2083 κτείνειν
2379 2026 2764 2092 ζωοποιοῦντα,
2801 2026 2895 2078 καί
2917 2026 3005 2079 διὰ
3035 2025 3129 2078 τοῦ
3148 2027 3440 2078 πατάσσειν
3458 2024 3666 2095 ἰώμενον.

441 2133 644 2201 litabo;
686 2134 978 2200 percutiant
1002 2173 1015 2193 ,
1046 2141 1095 2186 et
1129 2148 1342 2185 rursum
1378 2133 1486 2198 ipse
1531 2130 1734 2184 sanabo
1767 2131 1834 2184 ⁸⁸.
1883 2129 2000 2184 Pro-

2135 2120 2277 2190 Ἐγὼ
2323 2119 2432 2190 γὰρ
2457 2159 2470 2182 ,
2503 2120 2689 2189 φησιν,
2719 2115 3028 2172 ἀποκτενῶ
3052 2156 3064 2180 ,
3113 2116 3214 2170 καὶ
3274 2114 3378 2182 ζῇν
3425 2115 3663 2182 ποιήσω·

440 2225 627 2292 pterea
657 2238 888 2292 magnus
925 2223 1092 2276 etiam
1131 2222 1297 2276 David
1337 2222 1429 2276 ille
1469 2228 1578 2275 non
1635 2221 1875 2283 vulnus.
1924 2236 1999 2276 set

2127 2211 2384 2276 πατάξω,
2420 2209 2581 2279 κάγὼ
2623 2207 2881 2278 ἰάσομαι.
2914 2208 3012 2261 Διὰ
3041 2207 3200 2260 τοῦτο
3239 2208 3334 2259 καὶ
3354 2208 3382 2259 ὁ
3410 2206 3568 2276 μέγας
3587 2210 3675 2257 Δα-

439 2313 873 2368 cousolationem
899 2313 1032 2367 oriri
1062 2313 1129 2368 de
1160 2313 1475 2382 bujusmodi
1509 2313 1660 2382 virga
1693 2313 1869 2379 dixit,
1893 2328 1998 2366 cun

2122 2304 2206 2358 δὶδ
2251 2303 2371 2373 οὑχὶ
2420 2302 2636 2372 πληγὴν
2693 2296 2866 2362 εἶπεν,
2928 2299 3059 2352 ἀλλὰ
3109 2297 3456 2370 παράκλησιν
3502 2297 3560 2347 ὲκ
3595 2294 3674 2361 τῆς

439 2406 546 2458 ait:
588 2402 745 2474 Virga
775 2415 866 2458 tua
892 2415 942 2458 et
978 2404 1198 2459 baculus
1234 2415 1354 2459 tuus
1377 2445 1392 2470 ,
1435 2408 1552 2476 ipsa
1583 2405 1860 2459 consolala
1893 2422 1993 2458 sua

2121 2391 2379 2462 τοιαύτης
2418 2390 2660 2459 γίνεσθαι
2693 2388 2919 2476 ράὁδουῌ,
2952 2387 3163 2455 λέγων·
3211 2387 3276 2442 Ἡ
3308 2384 3524 2452 ῥάϐδος
3562 2399 3676 2445 σου,

439 2513 522 2550 me
560 2498 624 2549 θ’.
680 2495 746 2550 Et
787 2497 1006 2566 quidem
1050 2511 1147 2565 per
1190 2496 1304 2551 haec
1347 2511 1593 2551 mensam
1630 2496 1734 2550 sibi
1775 2496 1998 2550 divina"

2122 2478 2219 2530 καί
2255 2477 2292 2545 ὴ
2321 2478 2621 2546 ,βακτηρία
2667 2492 2805 2540 σου,
2830 2471 3007 2530 αὗταί
3023 2492 3101 2544 με
3132 2475 3546 2543 παρεκάλεσαν
3574 2490 3585 2502 ·
3616 2472 3677 2524 δι’

441 2589 623 2654 parari
654 2561 819 2643 tradit
839 2627 852 2647 .
883 2561 1126 2656 itemque
1153 2587 1258 2641 alia
1287 2602 1629 2657 quacunque
1658 2587 1906 2656 psalmus
1933 2586 2000 2639 ἱΙιι

2123 2562 2198 2623 ὧν
2224 2569 2432 2637 γίνεται
2471 2571 2564 2623 καὶ
2611 2567 2760 2630 θείας
2800 2566 3080 2638 τραπέζης
3119 2564 3430 2636 ὲτοιμασία,
3470 2563 3555 2616 καὶ
3599 2561 3682 2615 ὅσα

441 2680 744 2733 secundum
799 2679 912 2733 haec
961 2689 1252 2734 recenset:
1309 2679 1458 2734 verbi
1503 2679 1708 2748 gratia,
1751 2679 1929 2732 oleum
1966 2679 2000 2732 it

2124 2661 2265 2714 κατὰ
2288 2661 2348 2713 τὸ
2380 2659 2666 2713 ἀκόλουθον
2697 2659 2938 2728 περιέχει
2977 2660 3010 2728 ἠ
3054 2657 3374 2728 ψαλμῳδία·
3407 2656 3495 2708 καὶ
3530 2653 3584 2706 τὸ
3610 2653 3683 2706 ἐπὶ

441 2773 654 2841 capite,
693 2787 902 2826 merum
939 2771 992 2825 in
1026 2772 1261 2841 poculo,
1313 2771 1458 2840 quod
1496 2770 1817 2825 ebrietatem
1869 2770 2000 2823 illan

2127 2752 2220 2823 τῆς
2246 2751 2486 2823 κεφαλῆς
2515 2750 2710 2815 ἔλαιον,
2755 2751 2850 2803 καὶ
2889 2752 2918 2803 ὁ
2947 2748 3039 2802 τοῦ
3091 2748 3360 2819 ποτηρίου
3406 2745 3686 2816 ἇκρατος,ό

441 2865 683 2920 sobriam
715 2864 942 2928 eﬂiciat,
976 2864 1357 2919 misericordia
1405 2861 1631 2933 pulchre
1677 2863 1858 2927 ipsum
1896 2877 2000 2931 pro

2130 2843 2221 2914 τὴν
2249 2843 2505 2912 νηφάλιον
2533 2841 2704 2913 μέθην
2737 2841 3120 2911 ἐργαζόμενος,
3158 2839 3258 2892 καὶ
3291 2839 3320 2890 ὁ
3350 2836 3526 2898 καλῶς
3556 2834 3689 2888 αὑτὸν

443 2971 684 3026 sequens
719 2965 771 3010 et
801 2955 964 3026 longa
998 2956 1054 3009 in
1087 2957 1251 3009 domo
1287 2953 1379 3008 Dei
1405 2927 1589 3006 mora.
1627 2951 1784 3019 Quod
1822 2954 1868 3007 si
1896 2927 2002 3007 itaet

2136 2933 2484 2987 καταδιώκων
2546 2932 2716 2996 ἔλεος,
2747 2933 2841 2985 καὶ
2883 2933 2916 3003 ἡ
2966 2933 3024 2983 ὲν
3051 2930 3130 3001 τῷ
3157 2930 3305 3002 οἴκῳ
3344 2928 3436 2982 τοῦ
3463 2927 3587 2981 Θεοῦ
3614 2941 3695 2996 μαι

442 3016 623 3103 dulcis
667 3049 760 3102 illa
809 3016 1117 3102 vcrbcratio
1166 3043 1519 3114 suppeditat,
1555 3016 2001 3114 quemadmodum

2137 3025 2440 3096 κροὸίωσις.
2481 3025 2544 3077 Εί
2593 3020 2686 3077 οὖν
2717 3023 2890 3077 ταῦτα
2932 3023 3160 3092 παρέχει
3211 3022 3497 3093 ήγλυκεῖα
3543 3016 3696 3084 ἐκείνη

441 3148 498 3196 el
529 3139 950 3194 Proverbiorum
1005 3138 1164 3201 liber,
1214 3106 1290 3190 εἰ-
1315 3106 1589 3205 Propheta
1642 3137 1731 3190 hic
1776 3135 1978 3191 docent

2134 3119 2310 3190 πληγή
2338 3135 2354 3150 ο
2403 3119 2543 3172 κατά
2589 3133 2648 3169 τε
2694 3116 2790 3186 τὴν
2839 3113 3189 3186 παροιμιώδη
3229 3112 3587 3172 διδασκαλίαν,
3619 3106 3693 3160 καὶ

446 3232 703 3285 nimirum
758 3231 906 3297 virga
960 3229 1092 3282 credi
1144 3229 1348 3283 bonum
1395 3233 1516 3290 est,
1568 3243 1690 3297 quae
1741 3234 2005 3280 tantornn

2136 3209 2270 3263 κατὰ
2301 3208 2398 3280 τὴν
2439 3207 2533 3261 τοῦ
2579 3205 2860 3280 Προφήτου
2905 3207 3088 3275 φωνήν
3107 3223 3120 3235 ·
3149 3205 3360 3274 ἀγαθὸν
3395 3205 3499 3274 ἄρα
3528 3201 3629 3253 ἐστὶ
3651 3198 3695 3248 τὸ

445 3322 713 3375 bonorum
771 3317 1114 3372 fertilitatem
1149 3327 1204 3372 et
1242 3318 1457 3385 copiam
1494 3318 1795 3370 contineat.
1835 3317 2004 3371 Enim

2137 3300 2472 3371 παταχθῆναι
2495 3303 2560 3370 τῇ
2607 3299 2807 3369 ῥάϐδῳ,
2839 3300 2929 3370 ἀφ’
2952 3294 3014 3351 οὗ
3041 3301 3160 3350 ἐστι
3185 3297 3298 3350 τῶν
3325 3295 3570 3350 τοιούτων
3593 3293 3696 3356 ἀγα..

445 3423 578 3462 vero
607 3415 754 3462 recte
796 3406 1095 3461 fecerimus
1124 3447 1139 3472 ,
1176 3408 1222 3461 si
1271 3407 1436 3462 etiam
1470 3406 1522 3460 id
1567 3407 1710 3476 quod
1756 3416 1883 3462 ante
1913 3408 2004 3462 im

2140 3392 2239 3446 θῶν
2267 3391 2510 3459 εὑθηνία.
2550 3389 2766 3443 Μᾶλλον
2795 3389 2850 3441 δὲ
2875 3389 2935 3440 τὸ
2973 3387 3219 3458 παρεθὲν
3247 3387 3357 3457 πρὸ
3378 3386 3484 3438 τῶν
3509 3380 3699 3453 εἰρημέ-

445 3502 612 3555 verba
642 3501 906 3554 omissum
937 3514 967 3552 a
1003 3499 1166 3554 nobis
1195 3508 1280 3553 est
1302 3539 1316 3562 ,
1355 3498 1718 3568 inquiramus.
1760 3498 1998 3555 Praeterii

2138 3501 2236 3537 νων
2253 3483 2612 3553 ἐξετάσωμεν.
2628 3481 2876 3552 Παρῆλθε
2895 3484 2960 3551 τῇ
2981 3479 3168 3550 νύμφῃ
3191 3481 3221 3531 ὁ
3239 3479 3434 3540 Λόγος,
3450 3476 3697 3542 ἀνέφικτος

447 3605 708 3662 sponsam
739 3588 977 3644 Verbum
1009 3590 1089 3643 sic
1109 3628 1122 3652 ,
1153 3597 1211 3643 ut
1246 3590 1338 3643 illa
1371 3563 1659 3658 tantopere
1702 3590 2006 3644 desiderans

2136 3579 2196 3646 τῇ
2216 3577 2351 3646 λαὸῇ
2375 3577 2472 3646 τῆς
2493 3573 2761 3644 ποθούσης
2783 3573 3089 3642 γενόμενος·
3108 3569 3367 3642 παρῆλθε
3391 3569 3446 3621 δὲ
3475 3569 3564 3636 οὑχ
3584 3563 3695 3616 ὦπτε

447 3681 664 3751 ipsum,
710 3695 820 3734 non
875 3687 1058 3733 tamen
1121 3679 1509 3749 prehenden’do
1561 3686 1861 3732 consecuta
1912 3679 1985 3733 sit

2134 3669 2225 3721 καὶ
2267 3667 2584 3720 καταλιπεῖν
2633 3667 2700 3737 ἢν
2749 3665 3114 3736 παρέδραμεν,
3165 3663 3287 3716 ἀλλ’
3343 3663 3480 3714 ὥστε
3529 3656 3693 3728 μᾶλλον

449 3772 711 3840 praeteriit
751 3779 972 3834 autem,
1009 3785 1117 3824 non
1159 3778 1218 3823 ut
1260 3771 1480 3824 deserat
1529 3772 1898 3839 praeteritam,
1933 3787 2008 3824 set

2143 3759 2301 3829 αὐτὴν
2335 3758 2472 3830 πρὸς
2517 3757 2706 3810 ἑαυτὸν
2747 3754 3173 3809 ἐπισπάσασθαι.
3203 3754 3352 3824 Φησὶ
3379 3754 3517 3822 γάρ·
3544 3751 3616 3802 ὅτι
3649 3746 3702 3799 Ἢ

451 3871 513 3916 ιιι
557 3863 732 3932 magis
763 3876 880 3917 eam
914 3861 980 3914 ad
1013 3876 1137 3916 sese
1163 3861 1425 3914 attrahat.
1465 3859 1558 3914 Sic
1601 3860 1747 3913 enim
1795 3860 2003 3929 ipsame

2140 3850 2306 3920 ψυχή
2355 3869 2475 3920 μου
2519 3849 2780 3918 ἐξῆλθεν
2833 3849 2902 3902 ἐγ
2943 3850 3104 3918 λόγῳ
3160 3848 3382 3902 αὑτοῦ.
3431 3844 3699 3932 Ἐξέρχεται

453 3954 523 4006 ait
555 3971 569 4005 ι
601 3953 791 4005 Anima
823 3967 939 4005 mea
971 3966 1180 4022 egressa
1211 3959 1288 4004 est
1319 3949 1387 4002 ad
1421 3964 1712 4002 sermonem
1741 3947 1877 4017 ejus.
1914 3947 2012 3999 Prii

2144 3941 2312 3995 τοίνυν
2341 3941 2450 3994 ἀπὸ
2479 3939 2574 3993 τοῦ
2602 3942 2658 3994 ὲν
2683 3932 2727 4006 ᾧ
2751 3934 2819 4008 ἦν
2851 3939 2883 4008 ἡ
2909 3936 3075 4007 ψυχὴ,
3116 3937 3214 3989 καὶ
3266 3935 3448 3997 οὕτως
3481 3932 3581 3986 ἀπὸ
3617 3925 3703 3980 τῶν

454 4057 605 4097 nium
638 4041 805 4112 igitur
842 4041 938 4095 illo
969 4020 1036 4095 de
1071 4041 1192 4095 loco
1231 4038 1516 4109 egreditur
1553 4040 1735 4092 anima
1759 4075 1775 4101 ,
1827 4037 1881 4091 in
1923 4052 2013 4106 qut

2142 4033 2518 4102 φυλασσόντων
2563 4032 2659 4104 τὴν
2707 4032 2862 4084 πόλιν
2905 4028 3222 4099 εὑρίσκεται
3245 4045 3260 4057 ·
3285 4028 3568 4094 Εὗροσαν
3599 4020 3701 4088 γὰρ,

449 4142 608 4190 erat:
645 4144 810 4203 atque
842 4134 918 4186 ita
964 4132 1243 4187 invenitur
1273 4131 1342 4186 ab
1376 4130 1442 4185 iis
1477 4131 1575 4199 qui
1619 4131 1809 4184 urbem
1847 4137 2008 4183 custo

2137 4126 2290 4197 φησι,
2319 4128 2398 4195 μὲ
2425 4127 2480 4178 οἱ
2506 4125 2792 4193 φύλακες,
2827 4124 2881 4175 οἱ
2908 4118 3292 4185 κυκλοῦντες
3324 4119 3446 4186 τὴν
3470 4116 3651 4169 πόλιν,

451 4226 632 4281 diunt.
659 4224 782 4279 Haec
809 4224 955 4279 enim
985 4209 1152 4296 verba
1185 4231 1493 4294 sequuntur
1521 4239 1534 4275 :
1571 4219 1918 4290 O/fenderunt
1955 4237 2035 4274 me

453 4315 694 4373 custodes
715 4356 730 4382 ,
757 4317 848 4388 qui
877 4321 934 4374 in
961 4315 1088 4368 urbe
1117 4315 1464 4367 circumeunt.
2070 4315 2114 4369 D

537 4398 691 4462 Quod
720 4384 908 4464 εἰει-κο
923 4394 1008 4448 vel
1035 4391 1232 4448 inferni
1258 4393 1500 4461 pericula
1520 4407 1640 4448 eam
1669 4392 2036 4458 invenissent,

2203 4399 2267 4451 Ei
2297 4397 2394 4468 μὲν
2421 4391 2513 4448 οὖν
2543 4395 2593 4447 οί
2626 4394 2858 4448 κίνδυνοι
2891 4393 3017 4464 ᾅδου
3045 4384 3208 4462 εὗρον
3244 4395 3451 4466 αὐτὴν,
3482 4393 3513 4462 ἢ
3543 4384 3708 4458 λῃστὰς

469 4488 552 4540 vel
584 4487 650 4540 ab
678 4485 984 4539 latronibus
1009 4483 1286 4536 inventam
1314 4480 1542 4546 diceret,
1571 4481 1754 4551 gravis
1788 4480 2028 4550 profecto

2149 4490 2304 4562 ιὺτῆν
2353 4487 2607 4558 εὑρέσθαι
2644 4487 2824 4555 λέγει·
2860 4485 3093 4557 χαλεπὸν
3136 4481 3209 4556 ἦν
3252 4486 3319 4539 τὸ
3361 4483 3613 4562 τοιούτων
3635 4476 3708 4531 air

467 4593 633 4633 casus
658 4577 704 4630 is
735 4573 896 4630 foret.
921 4573 1066 4627 Nam
1089 4573 1178 4642 {ur
1199 4589 1302 4626 non
1327 4572 1484 4636 venit,
1517 4572 1622 4624 nisi
1646 4580 1703 4624 ut
1727 4571 1956 4639 furatur,
1983 4578 2026 4624 et

2145 4581 2234 4650 τὴν
2263 4559 2484 4649 εὕρημα
2512 4576 2780 4644 γενέσθαι.
2812 4576 2874 4627 '0
2898 4574 3008 4643 γὰρ
3031 4573 3312 4640 κλέπτης
3332 4576 3451 4627 οὐκ
3487 4559 3704 4639 ἔρχεται.

468 4674 678 4731 mactet,
696 4674 748 4721 et
761 4664 944 4736 perdat
964 4663 1034 4719 ὀ.
1061 4663 1129 4718 At
1147 4664 1194 4719 si
1211 4661 1468 4718 custodes
1485 4675 1606 4716 eam
1626 4660 1926 4726 inveniunt,
1941 4659 2027 4728 qui

2147 4673 2189 4725 εὶ
2203 4669 2289 4738 μὴ
2322 4670 2422 4722 ἵνα
2451 4667 2676 4735 κλέψῃ,
2713 4666 2812 4719 καὶ
2835 4667 3015 4732 θύσῃ.
3036 4665 3133 4718 καὶ
3157 4665 3487 4733 ἀπολέσῃ.
3522 4659 3645 4716 Εἰδὲ
3671 4654 3706 4708 0i

469 4760 527 4814 in
552 4760 687 4814 urbe
707 4758 1070 4822 circumeunt,
1102 4755 1328 4811 omnino
1372 4754 1533 4808 talem
1565 4752 1634 4805 ob
1665 4751 2028 4805 inventionem

2150 4761 2377 4830 φύλακες
2410 4759 2578 4830 αὑτὴν
2608 4757 2947 4828 εὑρίσκουσιν
2981 4756 3030 4808 οί
3069 4755 3422 4818 κυκλοῦντες
3461 4739 3520 4808 ὲν
3549 4756 3609 4822 τῇ
3639 4746 3709 4800 1:6-

472 4854 628 4908 beata
643 4849 930 4922 praedicari
944 4845 1262 4902 debet.Nam
1275 4845 1368 4916 qui
1385 4859 1413 4898 a
1427 4841 1653 4898 custode
1670 4849 1919 4912 repertus
1929 4848 2031 4905 est,

2143 4859 2232 4915 tet,
2270 4849 2580 4922 μακαριστὴ
2614 4850 2828 4910 πάντως
2856 4847 2972 4900 ἐστὶ
3001 4847 3099 4916 τῆς
3126 4847 3406 4918 τοιαύτης
3446 4845 3702 4918 εὑρήσεως.

471 4960 501 4998 a
530 4942 831 4997 latronibus
849 4937 1075 4995 subduci
1091 4936 1274 4991 furtim
1301 4935 1510 5005 nequit.
1525 4935 1754 4999 Quinam
1780 4931 2030 5002 igiturilli

2150 4946 2198 4998 Ὀ
2225 4945 2329 5017 γὰρ
2365 4943 2472 4997 ὑπὸ
2507 4943 2601 4995 τοῦ
2646 4941 2881 5011 φύλακος
2916 4939 3181 5009 εὑρεθεὶς,
3221 4941 3350 4995 ὑπὸ,
3375 4938 3590 5011 λῃστῶν
3612 4932 3709 4985 ula-

469 5031 728 5089 custodes
748 5028 1147 5099 sunt?quinam
1176 5027 1288 5089 alii,
1339 5041 1502 5095 quam
1532 5024 1764 5079 ministri
1781 5023 1924 5092 ejus,
1943 5021 2028 5092 qui

2147 5037 2296 5107 τῆναι
2327 5036 2388 5088 οὑ
2419 5034 2662 5088 δύναται.
2696 5033 2850 5096 Τίνες
2887 5029 2978 5086 οὖν
3005 5033 3142 5084 εἰσιν
3182 5033 3239 5083 οἱ
3269 5032 3561 5101 φύλακες;
3589 5024 3706 5079 Τίνες

471 5123 711 5179 custodit
758 5120 1010 5178 lsraelem
1047 5118 1139 5170 “1'
1168 5117 1260 5186 qui
1289 5114 1607 5171 excubando
1632 5128 1850 5168 manum
1881 5127 2030 5168 suam

2148 5127 2298 5193 ἱλλοι,
2332 5126 2366 5197 ἢ
2406 5125 2619 5187 πάντως
2671 5125 2721 5177 0i
2771 5123 3060 5194 ὑπηρέται,
3112 5122 3159 5174 οἱ
3223 5122 3608 5190 φυλάσσοντες
3643 5110 3707 5163 τὸν

469 5205 750 5270 deiter-am
779 5213 949 5284 tegit;
981 5210 1068 5267 cui
1093 5209 1273 5264 anima
1299 5207 1483 5262 omnia
1505 5206 1647 5260 malo
1679 5203 2028 5262 custodienda

2150 5217 2400 5288 Ἰσραήλ;
2453 5215 2559 5270 T06
2612 5215 2700 5268 διὰ
2745 5214 2848 5284 τῆς
2901 5213 3144 5282 φυλακῆς
3187 5211 3299 5281 τὴν
3348 5210 3534 5276 δεξιὰν
3585 5203 3705 5276 χεῖρα

470 5305 678 5361 credita
703 5303 824 5359 est?
852 5303 944 5373 qui
973 5303 1256 5372 ingressus
1283 5297 1684 5367 etegressionis
1699 5301 1784 5350 est
1805 5289 2029 5348 custos!

2146 5310 2462 5373 σκέποντος;
2518 5306 2622 5359 T06
2671 5305 2778 5358 ἀπὺ
2825 5304 3021 5368 ⁴παντὸς
3075 5303 3258 5358 κακοῦ
3303 5305 3411 5374 τὴν
3441 5299 3611 5373 ψυχὴν
3633 5311 3705 5361 ου’

472 5400 520 5456 is
563 5400 818 5454 nimirum
845 5404 929 5453 est
977 5395 1126 5450 urbis
1175 5393 1268 5449 ille
1312 5400 1498 5448 custos
1526 5391 1593 5445 de
1635 5403 1745 5459 quo
1789 5385 2030 5442 dicitur:

2146 5400 2358 5453 λάσσειν
2390 5396 2856 5466 πεπιστευμένου;
2891 5398 2986 5461 Ὃς
3021 5396 3113 5449 καὶ
3153 5396 3387 5449 εἰσόδου
3439 5394 3535 5448 καὶ
3567 5380 3705 5450 ἐξάδω

533 5599 757 5654 "Prov.
804 5612 959 5661 χχιιι,
986 5593 1072 5649 i5.
1185 5591 1229 5623 “
1263 5587 1420 5644 Deut.
1460 5582 1744 5649 “111,39.
1820 5585 1864 5616 "
1900 5582 2048 5640 Psal.
2083 5599 2092 5636 ι

1972 5582 2048 5639 al.
2083 5597 2223 5654 ult,
2265 5583 2318 5635 ι.
2433 5581 2478 5612 ⁷⁸
2519 5578 2715 5634 Joann.
2756 5595 2809 5646 ιι,
2837 5579 2922 5634 lo.
3035 5579 3077 5610 ⁷⁸
3109 5575 3244 5630 Psal
3301 5594 3439 5641 cxx,
3480 5587 3529 5628 Δ,
