3948 6192
239 345 376 401 ίυὸί

1309 291 1706 396 ιλέΑδΤιοΑ
1740 336 2009 394 CANTIC.
2051 336 2336 394 HOMILIA
2372 338 2512 392 Xlll.

3367 331 3504 388 1038

236 459 294 512 τὸ
327 455 640 528 ὑπέρθυρον
668 455 901 527 αἴρεται,
946 454 1087 509 ὥστε
1123 447 1514 526 ἀνεμπόδιστον
1561 453 1710 525 αὑτῷ
1737 468 1831 521 γε-

1952 451 2250 524 recipienda
2302 451 2465 506 verba
2525 456 2913 520 purgarentur.
2987 448 3258 506 Nimirum
3319 458 3380 529 ut
3425 449 3514 507 hic

236 550 422 605 νέσθαι
449 550 558 603 τῶν
588 552 646 603 ὲν
677 552 788 613 τοῖς
828 536 1037 613 ἀδύτοίς
1065 549 1163 621 τὴν
1202 548 1462 620 Θεωρίαν·
1499 548 1619 602 ἀντὶ
1640 547 1695 600 δὲ
1723 543 1830 598 τῶν

239 640 495 710 φυλάκων
523 637 592 691 τὰ
621 639 874 709 Σεραφὶμ
917 638 1273 710 ὀνομάζεται·
1321 639 1441 692 ἀντὶ
1478 637 1536 691 δὲ
1573 638 1674 708 τῆς
1702 635 1834 709 p016-

239 730 346 793 δου,
385 728 416 780 ὁ
446 727 686 800 ἄνθραξ·
715 729 839 781 ἀντὶ
875 727 940 808 δὲ,
957 731 1054 799 τῆς
1087 729 1328 799 πληγῆς,
1362 731 1394 800 ἡ
1437 727 1651 791 καῦσις.

1938 557 2257 611 percussam
2299 558 2359 598 se
2400 555 2603 612 sponsa
2657 539 2809 606 dicit,
2849 557 2914 597 ac
2967 542 3305 597 vulneratam
3353 555 3384 594 a
3420 554 3518 596 eu-

1941 634 2213 698 stodibus,
2262 649 2438 704 eoque
2483 640 2642 703 pacto
2686 632 2945 688 nudatam
2980 633 3122 703 pepli
3153 632 3352 687 amictu
3387 649 3400 685 :
3435 632 3516 688 sic

1940 726 2016 780 ibi
2052 726 2191 797 pepli
2245 726 2463 796 quidem
2495 725 2615 780 loco
2668 725 2834 780 limen
2887 727 3142 796 superius
3184 723 3421 791 tollitur,
3457 731 3518 776 ut

249 821 616 892 contemplari
676 819 886 890 absque
944 820 1332 884 impedimento
1375 837 1496 891 qua:
1543 821 1598 875 in
1654 817 1831 890 adytis
1869 827 2057 874 essent
2128 829 2361 889 posset;
2434 833 2533 889 pro
2572 817 2897 892 custodibus
2934 831 3085 884 vero,
3131 814 3422 914 §erapliint
3459 815 3520 868 lit

249 916 490 981 mentio;
527 932 626 986 pro
657 917 829 988 virga,
859 918 1116 974 carbonis
1141 935 1155 984 ;
1184 934 1279 988 pro
1303 917 1545 982 verbere,
1572 915 1824 971 ustionis.

311 1009 506 1062 Κοινὺν
549 1009 606 1062 δὲ
641 1011 704 1063 τὸ
741 1011 913 1083 πέρας
952 1011 1126 1066 ἐπίςτε
1173 1013 1272 1080 τῆς
1323 1011 1559 1082 νύμφης,
1602 1011 1696 1064 καὶ
1740 1008 1831 1061 ἐπὶ

236 1099 340 1169 τῆς
377 1101 473 1153 τοῦ
528 1102 805 1174 προφήτου
844 1101 1043 1172 ψυχῆς,
1096 1105 1128 1172 ἡ
1183 1101 1491 1173 καθαρότης
1541 1101 1706 1154 ἐστίν.
1742 1101 1830 1162 Ὠς

236 1190 331 1246 οἷν
379 1197 410 1246 ὸ
469 1196 754 1264 προφήτης
802 1193 888 1248 διὰ
932 1195 1026 1248 τοῦ
1075 1195 1342 1265 ἄνθρακος
1379 1194 1498 1265 ούχὶ
1544 1192 1830 1261 ἀλγύνεται

237 1285 551 1354 καιόμενος,
581 1284 716 1338 ἀλλὰ
741 1285 1021 1352 δοξάζεται
1046 1285 1515 1357 λαμπρυνάμενος,
1540 1285 1711 1349 οὕτως
1738 1283 1830 1336 καὶ

235 1375 532 1447 ἐνταῦθαὴ
563 1375 769 1448 νύμφη.
799 1378 899 1430 ούκ
934 1377 1126 1446 ὀδύνην
1169 1378 1233 1430 ἐκ
1272 1377 1370 1447 τῆς
1404 1377 1617 1447 πληγῆς
1656 1376 1831 1428 αἰτιᾶ-

234 1486 352 1531 ται,
388 1468 503 1521 ἀλλ’
536 1469 898 1539 ἐπικαυχᾶται
943 1472 1008 1539 τῇ
1040 1470 1137 1538 τῆς
1182 1469 1491 1540 παρρησίας
1525 1469 1831 1542 προσθήκῃ,

235 1563 304 1629 τῇ
368 1560 654 1631 ἀφαιρέσει
703 1560 797 1613 τοῦ
853 1560 1338 1630 προκαλύμματος,
1392 1561 1420 1613 ὂ
1479 1559 1762 1632 θέριστρον
1807 1560 1835 1612 ὁ

2012 1003 2280 1058 Cseterum
2341 1005 2464 1060 linis
2523 1013 2576 1059 et
2647 1004 2700 1058 in
2753 1020 2968 1074 sponsa:
3023 1004 3186 1060 et'in
3243 1005 3524 1076 prophetae

1941 1097 2122 1150 animo
2155 1095 2297 1152 idem
2327 1104 2431 1160 est,
2475 1096 2732 1150 nimirum
2782 1097 3010 1166 puritas.
3060 1097 3408 1167 Quapropter
3443 1096 3522 1153 uti

1939 1199 2092 1245 vates
2124 1203 2220 1258 per
2249 1188 2545 1244 carbonem
2595 1195 2753 1243 ustus
2785 1187 3028 1243 dolorem
3078 1188 3288 1243 nullum
3332 1189 3522 1253 sentit,

1942 1281 2037 1336 sed
2062 1283 2383 1352 ampliorem
2411 1283 2639 1353 gloriam
2665 1282 2974 1337 illustratus
3000 1283 3360 1352 consequitur
3391 1300 3404 1335 :
3440 1281 3523 1336 sic

1943 1377 2104 1430 etiam
2138 1376 2240 1430 hoc
2275 1376 2392 1430 loco
2423 1390 2625 1446 sponsa
2655 1389 2765 1429 non
2802 1377 2868 1430 de
2899 1374 3022 1428 ullo
3055 1390 3122 1429 ex
3149 1374 3378 1429 vulnere
3417 1374 3518 1429 do-

1943 1470 2059 1525 lore
2099 1470 2368 1539 queritur,
2411 1469 2505 1524 sed
2553 1468 2814 1524 audacter
2861 1469 3025 1523 etiam
3069 1469 3350 1540 libereque
3397 1484 3523 1539 pro.

1945 1568 2065 1630 pter
2086 1559 2488 1631 ademptionem
2520 1559 2829 1624 velaminis,
2868 1559 3014 1629 quod
3051 1559 3140 1614 hic
3172 1561 3393 1630 peplum
3431 1576 3525 1630 ap-

236 1650 398 1722 λόγος
436 1652 736 1721 ὠνόμασεν.
771 1653 928 1705 Ἔστι
976 1652 1034 1705 δὲ
1086 1652 1180 1704 καὶ
1227 1652 1392 1723 ἄλλην
1432 1653 1554 1706 τινὰ
1601 1652 1838 1706 διάνοιαν

1952 1651 2202 1720 pellatur,
2237 1665 2358 1706 sese
2393 1651 2586 1720 jactat.
2640 1648 2818 1704 Etiam
2857 1650 2996 1705 alius
3049 1649 3273 1720 quidam
3322 1664 3524 1704 sensus

239 1745 300 1797 ἐν
341 1744 457 1805 τοῖς
491 1742 872 1812 προκειμένοις
906 1742 1107 1812 εὑρεῖν,
1143 1741 1296 1794 οὐδὲν
1344 1742 1450 1795 τῶν
1494 1740 1838 1812 τεθεωρημέο

239 1851 349 1887 νων
386 1833 721 1904 ἀπᾴδουσαν.
768 1832 832 1885 Ἠ
861 1833 969 1904 γὰρ
1002 1832 1288 1897 ἐξελθοῦσα
1317 1834 1470 1904 ψυχὴ.
1493 1835 1549 1888 ἐν
1579 1833 1656 1904 τῷ
1693 1834 1838 1905 λόγῳ

242 1925 432 1990 αὑτοῦ,
464 1925 556 1979 καὶ
591 1924 829 1996 ζητοῦσα
859 1927 956 1997 μὲν
989 1926 1080 1979 τὸν
1120 1928 1217 1996 οὑχ
1246 1928 1630 1998 εὑρισκόμενον
1654 1945 1666 1957 ·
1701 1930 1839 1982 ἁνοι⁸

243 2015 488 2070 καλοῦσα
518 2016 574 2070 δὲ
612 2016 705 2070 τὸν
731 2019 797 2087 τῇ
829 2018 1073 2092 σημασίει
1096 2017 1202 2071 τῶν
1231 2015 1838 2089 ὀνομάτωντὰνέφικτον,

238 2108 552 2162 διδάσκεται
602 2107 754 2179 παρὰ
800 2108 908 2160 τῶν
951 2109 1224 2177 φυλάκων,
1266 2109 1347 2162 ὅτι
1403 2109 1497 2162 τοῦ
1552 2111 1839 2179 ἀνεφίκτου

241 2200 365 2270 ἐρᾷ,
409 2198 501 2250 καὶ
542 2198 637 2250 τοῦ
673 2198 1060 2268 ἀκαταλήπτου
1119 2199 1349 2268 ἐφίεται.
1401 2201 1478 2252 Δι’
1521 2194 1596 2254 ὧν
1631 2185 1840 2272 τρόπον

240 2290 367 2343 τινὰ
395 2290 690 2361 πλήσσεται
723 2290 817 2343 καὶ
843 2291 1264 2360 τραυματίζεται
1303 2295 1367 2362 τῇ
1399 2291 1719 2365 ἀνελπιστίᾳ
1748 2292 1840 2346 τοῦ

243 2377 606 2447 ποθουμένου,
653 2378 817 2449 ἀτελῆ
864 2396 922 2432 τε
968 2380 1060 2432 καὶ
1103 2380 1508 2433 ἀναπόλαυστον
1546 2379 1638 2433 τοῦ
1682 2381 1841 2434 ἄλλου

241 2470 342 2540 τὴν
379 2469 674 2540 ἐπιθυμίαν
717 2471 1005 2541 νομίσασα.
1046 2469 1204 2523 Ἀλλὰ
1248 2475 1612 2543 περιαιρεῖται
1647 2473 1709 2526 τὸ
1745 2473 1844 2544 τῆς

239 2563 426 2633 λύπης
460 2563 761 2634 θέριστρον,
811 2562 897 2616 διὰ
945 2563 1037 2616 τοῦ
1089 2564 1280 2634 μαθεῖν
1317 2565 1397 2616 ὅτι
1438 2564 1498 2617 τὸ
1523 2566 1610 2618 ἀεὶ
1642 2566 1843 2636 προκό-

241 2672 400 2708 πτειν
454 2655 511 2708 ὲν
565 2653 642 2723 τῷ
685 2653 886 2724 ζητεῖν,
939 2655 1029 2710 καὶ
1080 2655 1142 2707 τὸ
1190 2655 1456 2724 μηδέποτε
1509 2655 1608 2725 τῆς
1655 2656 1844 2710 ἀνόδου

242 2746 541 2810 παύεσθαι,
569 2746 843 2800 τουτέστιν
882 2749 914 2817 η
958 2746 1162 2816 ἀληθὴς
1207 2747 1300 2800 τοῦ
1349 2747 1680 2818 ποθουμένου
1712 2747 1846 2802 ἁπό-

241 2837 461 2900 λαυσις,
492 2837 590 2907 τῆς
622 2838 848 2890 πάντοτε
881 2837 1263 2908 πληρουμένης
1304 2837 1620 2908 ἐπιθυμίας,
1651 2839 1844 2909 ἑτέραν

242 2929 545 3000 ἐπιθυμίαν
567 2928 661 2982 τοῦ
694 2930 1089 3000 ὑπερκειμένου
1119 2930 1412 3002 γεννώσης.
1449 2932 1538 2991 Ὠς
1567 2926 1660 2983 οῦν
1693 2948 1845 3001 περι-

243 3023 423 3077 είλετο
459 3023 558 3092 τῆς
599 3021 948 3085 ἀνελπιστίας
985 3023 1045 3075 τὸ
1093 3023 1394 3094 θέριστρον,
1427 3025 1519 3077 καὶ
1563 3023 1636 3076 ἴδε
1665 3023 1725 3076 τὺ
1754 3024 1846 3077 ἀν-

246 3115 504 3168 ἑλπιστόν
533 3132 590 3167 τε
624 3115 718 3168 καὶ
748 3115 1158 3185 ἀπερίγραπτον
1183 3115 1276 3168 τοῦ
1309 3116 1676 3186 ἀγαπωμένου
1716 3116 1846 3170 κάλα

245 3206 338 3269 λος
381 3207 441 3258 ἐν
487 3207 633 3277 πασῃ
681 3208 748 3276 τῇ
801 3207 1063 3277 ἀῐδιότητι
1099 3207 1206 3259 τῶν
1235 3206 1446 3261 αἰώνων
1488 3209 1849 3278 κρεῖττονκὰεὶ

245 3298 668 3370 εὑρισκόμενον·
703 3299 760 3350 ἐν
789 3297 1127 3368 σφοδροτέρῳ
1158 3299 1388 3352 τείνεται
1415 3299 1583 3369 πόθῳ,
1621 3300 1712 3353 καὶ
1742 3317 1849 3370 μη-

244 3392 364 3445 νύει
391 3391 470 3461 τῷ
503 3391 854 3461 ἀγαπωμένῳ
901 3391 989 3445 διὰ
1018 3389 1126 3442 τῶν
1158 3391 1256 3458 τῆς
1296 3390 1645 3462 Ἰερουσαλὴμ
1682 3392 1846 3460 θυγα-

243 3483 428 3554 τέρων
475 3483 573 3551 τὴν
620 3483 719 3551 τῆς
765 3482 994 3553 καρδίας
1045 3481 1304 3547 διάθεσιν,
1352 3483 1432 3534 ὅτι
1481 3483 1544 3535 τὸ
1597 3483 1847 3536 ἐκλεκτὸν

247 3574 408 3644 βέλος
442 3572 538 3626 τοῦ
567 3573 703 3626 Θεοῦ
735 3575 792 3626 ὲν
822 3575 988 3644 ἑαυτῇ
1022 3574 1311 3644 δεξαμένη,
1337 3573 1424 3628 διὰ
1451 3575 1547 3645 τῆς
1584 3577 1724 3628 κατὰ
1753 3576 1848 3648 τὴν

243 3668 438 3720 πίστιν
480 3667 662 3730 ἀκίδος
707 3667 962 3737 βέϐληται
1008 3667 1106 3738 τὴν
1150 3667 1395 3736 καρδίαν,
1443 3667 1502 3718 ὲν
1535 3667 1613 3737 τῷ
1651 3669 1849 3740 καιρίῳ

240 3755 524 3827 δεξαμένη
569 3756 668 3827 τὴν
699 3756 798 3827 τῆς
831 3756 1049 3825 ἀγάπης
1092 3755 1322 3819 τοξείαν.
1360 3755 1491 3819 Θεὸς
1533 3755 1591 3809 δέ
1627 3757 1774 3809 ἐστιν
1814 3759 1847 3828 ὴ

240 3849 469 3919 ἀγάπη,
518 3847 659 3900 κατὰ
699 3849 800 3918 τὴν
844 3847 1089 3901 Ἰωάννου
1139 3848 1348 3919 φωνήν·
1385 3839 1428 3915 ᾧ
1475 3848 1674 3918 πρέπει
1721 3849 1847 3916 δόξα

241 3941 346 3995 καὶ
381 3939 444 3992 τὸ
473 3938 673 4008 κράτος
697 3940 775 4002 είς
801 3939 927 4001 τοὺς
955 3938 1154 4001 αἰῶνας
1179 3937 1287 3990 τῶν
1317 3937 1546 3993 αἰώνων.
1591 3932 1782 4010 Ἇμήν.

1944 1758 2010 1798 ex
2057 1743 2242 1797 verbis
2291 1741 2442 1795 hisce
2491 1748 2668 1811 potest
2714 1740 2862 1803 elici,
2912 1740 3135 1795 minime
3184 1740 3350 1796 abiis
3402 1755 3524 1810 quae

1943 1833 2417 1889 consideravimus
2449 1833 2713 1889 hactenus
2743 1833 3068 1888 abhorrens.
3094 1832 3308 1888 Etenim
3332 1833 3514 1888 anima

1944 1937 2168 1992 egressa
2203 1921 2271 1976 ad
2317 1936 2626 1976 sermonem
2673 1921 2815 1992 ejus,
2847 1930 2900 1976 et
2938 1937 3192 1992 quaerens
3241 1922 3393 1977 illum
3426 1923 3521 1992 qui

1945 2030 2056 2068 non
2102 2014 2399 2084 reperitur,
2447 2029 2655 2069 vocans
2681 2029 2807 2068 eum
2859 2015 2954 2084 qui
2985 2015 3136 2069 nulla
3184 2015 3523 2070 indicatione

1944 2122 2139 2160 vocum
2197 2106 2592 2176 comprehendi
2627 2115 2831 2177 potest,
2862 2122 2892 2160 a
2927 2107 3248 2162 custodibus
3277 2108 3525 2170 docetur,

1945 2197 2191 2252 adamari
2243 2197 2314 2252 ah
2365 2212 2431 2252 ea
2490 2197 2637 2267 quod
2685 2213 2848 2252 nemo
2904 2199 3169 2269 consequi
3219 2199 3415 2269 possit.
3472 2209 3528 2254 et

1946 2289 2128 2360 expeti
2166 2289 2311 2359 quod
2346 2289 2450 2344 sub
2491 2289 2897 2368 perceptionem
2947 2305 3058 2344 non
3090 2291 3274 2362 cadat,
3305 2306 3417 2362 quo
3449 2292 3525 2357 tit,

1947 2389 2008 2436 ut
2050 2382 2144 2436 illa
2187 2380 2427 2450 quodam
2467 2381 2630 2437 modo
2679 2391 2902 2453 propter
2933 2383 3370 2454 desperationem
3403 2400 3529 2439 conn

1947 2473 2213 2543 sequendi
2249 2471 2395 2543 quod
2429 2473 2729 2539 desiderat,
2758 2475 3078 2530 verberetur
3115 2491 3182 2531 ac
3208 2477 3529 2531 vulneribus

1949 2562 2216 2617 atliciatur
2263 2580 2278 2616 :
2322 2562 2584 2616 arbitrata
2640 2563 2996 2633 cupiditatem
3053 2566 3196 2621 hanc
3260 2567 3372 2622 ﬁne
3428 2582 3530 2622 suo

1947 2653 2222 2715 excidere.
2257 2668 2437 2722 neque
2471 2669 2530 2708 se
2579 2653 2723 2708 bono
2761 2655 2854 2710 illo
2904 2656 3284 2726 potiripossc.
3325 2657 3526 2714 Verum

1947 2743 2208 2797 adimitur
2251 2743 2342 2796 hic
2394 2743 2444 2797 ei
2484 2745 2742 2800 mmroris
2793 2746 3006 2816 peplus,
3047 2748 3175 2801 dum
3226 2747 3384 2803 discit
3436 2765 3532 2804 ve-

1949 2849 2066 2888 ram
2119 2834 2418 2890 desiderati
2467 2833 2780 2890 fruitiouem
2827 2851 2970 2902 esse,
3031 2853 3247 2908 semper
3287 2839 3344 2893 in
3381 2854 3532 2909 qua-

1959 2925 2134 2980 rendo
2199 2909 2508 2996 prolicere,
2570 2943 2746 3011 n‘eque
2810 2927 3052 3000 unquam
3114 2932 3170 2985 in
3236 2947 3529 3003 progressu

1903 3006 1915 3025 ⁸
1951 3034 2194 3083 cessare,
2227 3034 2445 3090 semper
2476 3035 2539 3074 ea
2573 3006 2893 3090 cupiditate,
2933 3025 3025 3078 cui
3067 3025 3262 3093 quovis
3289 3036 3532 3095 tempore

1951 3111 2174 3178 satislit,
2217 3112 2378 3166 aliam
2428 3113 2780 3182 cupiditatem
2827 3115 3207 3172 sublimiorum
3255 3120 3528 3188 gignente.

1953 3203 2248 3275 Postquam
2312 3206 2415 3261 hoc
2471 3206 2636 3262 modo
2694 3206 3095 3277 desperationis
3159 3210 3375 3281 peplum
3425 3212 3530 3267 sibi

1955 3295 2178 3360 ademit,
2216 3295 2594 3367 inﬁnitamque
2622 3312 2686 3351 ac
2719 3297 2889 3353 nullis
2914 3297 3247 3368 descriptam
3284 3300 3534 3355 terminis

1959 3386 2143 3442 dilecti
2175 3397 2515 3445 venustatem
2554 3389 2708 3453 vidit,
2760 3405 2880 3459 qum
2913 3405 3009 3461 per
3042 3405 3259 3446 omnem
3295 3393 3535 3448 saculo-

1954 3493 2075 3532 rum
2111 3479 2472 3544 aeternitatem
2516 3497 2731 3550 semper
2771 3482 2949 3550 major
2988 3497 3052 3536 ac
3078 3484 3254 3553 major
3285 3499 3408 3540 esse
3437 3484 3536 3540 de-

1953 3569 2326 3640 prehenditur,
2363 3571 2756 3625 vehementiori
2817 3571 3094 3627 desiderio
3135 3572 3532 3637 inﬂammatur.

1953 3663 2233 3732 animique
2269 3662 2353 3716 sui
2388 3662 2731 3718 aﬂ'ectionem
2770 3680 2864 3734 per
2911 3665 3052 3722 ﬁlias
3102 3664 3407 3720 Jerusalem
3446 3666 3531 3719 di—

1954 3756 2097 3810 lecto
2125 3755 2422 3825 signiﬁcat,
2453 3755 2710 3810 nimirum
2746 3757 2892 3826 quod
2925 3757 3100 3811 electo
3129 3757 3219 3812 Dei
3252 3758 3358 3812 telo
3390 3757 3534 3812 intra

1955 3864 2016 3905 se
2049 3855 2269 3917 recepto
2302 3862 2398 3916 per
2428 3846 2548 3902 lidei
2574 3848 2879 3917 cuspidem.
2925 3849 3212 3904 vulnerata
3243 3850 3412 3908 corde
3440 3852 3533 3914 sit.

1951 3940 2288 4011 jaculatione
2317 3940 2626 3996 dilectionis
2658 3941 2712 3994 in
2752 3941 2901 3995 letali
2944 3941 3065 3996 loco
3112 3949 3356 4013 accepta.
3397 3943 3536 4000 Deus

239 4043 438 4089 autem
486 4031 708 4088 dilectio
761 4041 869 4099 est,
926 4032 1384 4103 quemadmodum
1429 4031 1671 4090 Joannes
1715 4035 1792 4090 ait
1814 4037 1883 4104 ⁸³,
1946 4053 2106 4106 quem
2153 4039 2311 4095 decet
2355 4038 2528 4109 gloria
2569 4045 2626 4093 et
2667 4037 2956 4108 imperium
3001 4035 3233 4094 inﬁnitis
3294 4037 3532 4095 saeculis.

241 4131 450 4182 Amen.

867 4219 1115 4272 OMIMA
1145 4218 1245 4272 ll".

319 4311 586 4378 Ὠρκισα
604 4305 789 4378 ὑμᾶς,
814 4306 1134 4375 θυγατέρες
1172 4307 1593 4377 Ἰερουσαλὴμ,
1625 4308 1694 4362 ἐν
1719 4309 1846 4377 ταῖς

233 4399 557 4468 δυνάμεσι
584 4439 600 4462 ,
637 4397 733 4451 καί
771 4397 844 4450 ἐν
876 4396 1009 4462 ταῖς
1045 4398 1329 4466 ισχύσεσι
1359 4397 1465 4450 τοῦ
1495 4397 1680 4465 ἀγροῦ
1702 4438 1716 4461 ,
1740 4398 1849 4452 ἐὰν

230 4493 473 4564 εὕρητε
501 4489 608 4540 τὸν
626 4486 954 4555 ἀδελφιδῶν·
980 4503 1121 4554 μου,
1141 4487 1201 4539 τί
1224 4486 1624 4556 ἀπαγγείλητε
1652 4488 1847 4554 αὐτῷ;

233 4583 343 4636 ὅτι
381 4575 720 4646 τετρωμένη
781 4575 1019 4644 ἀγάπης
1070 4575 1183 4644 ἐγώ
1220 4577 1352 4644 ειμι.
1410 4575 1478 4629 Τί
1526 4575 1851 4646 ἁδελφιδός

2503 4215 2791 4272 llOMlLlA
2829 4213 2968 4269 XIII.

2017 4313 2149 4368 CAP.
2180 4327 2232 4377 ν,
2258 4311 2364 4381 Ῡ8.
2397 4309 2759 4379 Jurejurando
2796 4309 3025 4362 astrinxi
3065 4323 3175 4370 vos,
3205 4310 3336 4378 ﬁlia:
3375 4309 3533 4365 Jeru-

1948 4407 2140 4467 salem,
2176 4405 2228 4458 iu
2251 4403 2595 4472 potestatibus
2626 4418 2689 4455 ac
2714 4402 2912 4454 uiribus
2946 4403 3062 4471 agri
3095 4416 3114 4454 :
3156 4402 3203 4454 si
3236 4403 3537 4460 inveneritis

1951 4507 2229 4569 cognatum
2257 4511 2449 4561 meum,
2483 4494 2608 4564 quid
2665 4494 3035 4548 renuutiabitis
3069 4495 3158 4549 ei?
3183 4495 3320 4563 quod
3349 4513 3382 4550 α
3403 4496 3538 4552 dile-

1951 4592 2120 4644 ctione
2143 4587 2418 4641 vuluerata
2446 4586 2547 4640 sim
2571 4603 2682 4655 ego.
2706 4585 2761 4639 9.
2783 4583 2924 4651 Quid
2938 4585 3117 4654 differt
3139 4596 3393 4656 cognatus
3417 4597 3535 4642 tuus

229 4690 375 4728 σου
413 4668 538 4725 ἀπὸ
594 4666 956 4736 ἀδελφιδοῦ,
994 4656 1050 4720 (is.
1088 4666 1246 4734 καλὴ
1289 4667 1359 4719 ἐν
1400 4667 1718 4736 γυναιξίν;
1763 4668 1852 4722 ὅτι

229 4767 455 4828 οὕτως
484 4761 746 4830 ὢρκισας
773 4757 972 4827 mlite;
1007 4757 1332 4827 ἀδελφιδός
1354 4775 1474 4828 μου
1508 4760 1726 4826 λευκός
1755 4761 1851 4815 καί

227 4853 1046 4928 πιιρῤὀς,ὲκλελοχισμένος
1079 4851 1198 4905 ἀπὸ
1246 4851 1570 4921 μυριάδων.
1608 4855 1850 4923 Κεφαλὴ

221 4947 454 5007 αὐτοῦ
489 4946 747 5014 χρυσίον
780 4943 1010 5012 Κεφὰς,
1039 4943 1378 5011 ,ϐόστρυχοι
1406 4945 1593 4999 αὐτοῦ
1620 4945 1850 5013 exural,

220 5042 529 5115 μέλανες
555 5037 635 5101 ὡς
663 5034 846 5102 κόραξ
871 5050 884 5063 ·
915 5033 1211 5102 ὀφθαλμοὶ
1245 5034 1430 5088 αὐτοῦ
1461 5035 1542 5102 ὡς
1587 5052 1854 5105 περίστει-

216 5132 357 5204 ραὶ
384 5128 492 5182 ἐπὶ
540 5125 903 5195 πληρώματα
947 5122 1185 5178 ὑδάτων
1208 5165 1222 5189 ,
1265 5126 1626 5195 ,λελουμέναι
1654 5128 1726 5183 ἐν
1755 5131 1855 5198 γά-

218 5230 467 5282 λακτι,
499 5218 826 5288 καθήμεναι
857 5216 959 5270 ἐπὶ
992 5215 1356 5287 πληρώματα
1383 5218 1641 5274 ὑδάτων.

337 5320 408 5372 Ὁ
441 5315 533 5370 διὰ
560 5315 839 5379 Μωῦσέως
875 5314 975 5382 μὲν
1013 5314 1381 5386 νομοθετήσας
1433 5316 1502 5371 τὰ
1547 5317 1641 5371 τοῦ
1691 5319 1854 5390 νόμοὺ

221 5407 586 5484 μυστήρια·
625 5403 920 5475 πληρώσας
949 5403 1008 5466 δὲ
1058 5402 1124 5456 δι’
1162 5403 1357 5456 ἑαυτοῦ
1388 5405 1509 5460 ὅλον
1557 5407 1648 5460 τὸν
1691 5408 1855 5478 νόμον

217 5503 353 5560 καὶ
388 5498 532 5561 τοὺς⁴
553 5497 842 5567 προφήτας
866 5535 882 5559 ,
912 5493 1092 5559 καθὼς
1122 5495 1180 5547 ὲν
1214 5495 1292 5567 τῷ
1321 5497 1638 5568 Εὑαγγελίῳ
1667 5499 1850 5569 φησίν·

219 5597 335 5652 ετι
382 5587 514 5645 οὐκ
542 5585 737 5656 ἦλθον
768 5584 1103 5640 καταλῦσαι
1137 5585 1244 5638 τὸν
1274 5587 1482 5655 νόμον,
1516 5589 1676 5645 ἀλλὰ
1702 5594 1855 5661 πλη-

1957 4690 2250 4750 acoguato,
2283 4694 2314 4731 ο
2353 4678 2589 4746 [annosa
2625 4678 2762 4731 inter
2801 4679 3090 4732 mulieres?
3123 4677 3251 4748 quid
3279 4691 3535 4751 cognatus

1953 4785 2076 4828 tuus
2101 4792 2132 4827 a
2157 4783 2378 4842 cognato
2398 4769 2750 4840 diﬂ'ert,quod
2767 4771 2842 4826 ita
2853 4770 3210 4839 jurejurando
3231 4781 3327 4826 nos
3344 4775 3540 4828 astrin-

1955 4869 2098 4920 a'eris
2116 4867 2141 4918 ?
2167 4867 2248 4919 ιο.
2276 4863 2544 4933 Cognatus
2562 4877 2706 4916 meus
2725 4871 2802 4916 est
2821 4861 3080 4916 candidus
3103 4878 3166 4916 ac
3189 4863 3532 4929 rubicundus,

1955 4960 2151 5013 electus
2186 4973 2251 5012 ex
2270 4956 2445 5010 decem
2467 4954 2725 5009 millibus.
2751 4954 2839 5008 Η.
2860 4952 3033 5023 Caput
3058 4955 3195 5024 ejus,
3229 4973 3423 5010 aurum
3440 4955 3538 5011 Ce-

1954 5050 2093 5119 phaz
2125 5065 2144 5102 :
2175 5047 2404 5102 cincinni
2440 5046 2553 5115 ejus
2581 5047 2782 5100 abietes
2811 5086 2825 5109 ,
2869 5047 3009 5116 nigri
3045 5056 3298 5116 tanquam
3327 5063 3533 5102 corvus.

1959 5140 2044 5194 12.
2081 5139 2238 5194 Oculi
2279 5138 2396 5208 ejus
2422 5139 2560 5190 sicut
2605 5135 2884 5202 columba,
2930 5136 3007 5191 adv
3032 5153 3294 5207 aquarum
3335 5138 3533 5206 copias,

1959 5230 2154 5284 abluta:
2177 5230 2336 5296 lacte,
2374 5228 2609 5284 sedentes
2633 5228 2795 5297 juxta
2825 5229 3011 5298 copias
3046 5245 3330 5297 aquarum.

2029 5320 2080 5375 Is
2127 5320 2222 5390 qui
2259 5334 2356 5389 per
2396 5319 2601 5376 Mosen:
2642 5319 2860 5388 quidem
2902 5321 3034 5390 legis
3075 5319 3227 5373 initia
3261 5317 3493 5375 sancivit
3519 5356 3534 5379 ,

1960 5427 2058 5482 per
2085 5427 2145 5468 se
2178 5427 2310 5467 vero
2331 5411 2577 5483 implevit
2605 5411 2919 5468 universam
2942 5413 3114 5482 legem
3140 5419 3195 5466 et
3219 5411 3531 5480 prephetas,

1960 5504 2418 5574 quemadmodum
2450 5504 2526 5558 ait
2557 5504 2612 5558 in
2642 5502 2938 5571 Evangelio
2971 5522 2984 5557 :
3022 5501 3148 5557 Non
3182 5502 3296 5556 ueni
3321 5499 3391 5554 ad
3421 5497 3536 5554 dis-

1961 5594 2265 5651 solvendam
2299 5595 2487 5667 legem,
2516 5593 2607 5650 sed
2633 5593 2952 5665 implendam
2973 5593 3020 5626 ⁸³
3053 5593 3183 5663 :qui
3216 5592 3295 5647 ira
3321 5588 3536 5648 sublata

211 5611 302 5652 ετ

365 5768 423 5800 ⁸³
452 5763 616 5820 Juan.
650 5779 724 5830 tv,
749 5762 836 5817 lli.
951 5762 998 5794 "
1023 5758 1212 5816 Matth.
1249 5777 1300 5830 v,
1334 5760 1417 5817 l7.
