3948 6192
449 261 597 342 tunc,

1675 248 1732 308 S.
1765 251 2090 309 GREGORII
2126 252 2417 312 NYSSENI

3476 256 3480 258 ⁷
3496 261 3611 321 {MO

445 372 645 428 cmdem
703 369 864 425 etiam
927 366 1197 430 abolevit,
1251 374 1305 422 et
1364 380 1468 420 una
1527 380 1654 421 cum
1713 367 2012 438 cupiditate

2122 371 2303 438 ρῶσαι
2329 389 2341 406 ·
2371 374 2398 426 ὁ
2433 367 2496 442 τῇ
2539 368 2635 440 μὲν
2669 365 2944 438 ἀναιρέσει
2979 364 3075 435 τῆς
3106 363 3264 436 ὀργῆς
3295 368 3617 445 συνεξαλείψας

445 462 778 519 adulterium
810 474 1030 530 quoque
1051 458 1273 514 sustulit
1304 476 1320 532 ξ
1349 458 1437 512 hic
1461 457 1625 530 igitur
1657 458 1809 528 ejicit
1848 459 2012 514 etiam

447 575 478 609 e
528 554 640 607 vita
684 549 1018 609 exsecranda
1064 549 1339 620 perjuria,
1394 549 1523 604 dum
1571 564 1667 620 per
1717 548 2014 619 juramenti

447 645 866 716 prohibitionem
928 643 1042 697 otio
1106 641 1263 712 quasi
1316 639 1506 695 falcem
1573 639 1849 695 astrinxit.
1905 639 2014 695 Ne-

445 753 552 808 que
578 736 723 791 enim
756 734 870 790 fleri
895 741 1077 806 potest
1129 740 1183 787 ut
1215 732 1588 802 juramcntum
1619 732 1743 802 quis
1769 747 1876 787 non
1897 747 2016 787 ser-

447 836 558 892 vet,
611 828 656 884 si
683 828 1050 897 juramentum
1084 825 1289 878 nullum
1329 825 1420 880 sit.
1456 824 1750 895 Propterea
1786 825 1961 894 inquit
1995 841 2010 878 :

446 919 684 974 Audistis
710 917 909 972 dictum
951 916 1115 984 fuisse
1142 917 1331 984 priscis
1368 915 1518 970 illis:
1551 914 1672 970 Non
1724 914 2012 984 pejerabis,

442 1009 534 1063 sed
573 1007 756 1063 reddes
808 1007 1032 1061 Domino
1085 1007 1386 1070 iuramenta
1439 1017 1551 1059 tua.
1587 1005 1698 1075 Ego
1737 1022 1858 1060 vero
1897 1004 2015 1058 dico

447 1100 611 1163 vobis,
641 1115 702 1153 ne
735 1098 921 1162 iuretis
947 1096 1158 1151 omnino
1185 1112 1202 1150 :
1228 1112 1387 1166 neque
1408 1111 1499 1163 per
1525 1096 1713 1150 caelum
1733 1135 1749 1160 ,
1777 1096 1901 1166 quia
1928 1109 2017 1148 so-

443 1190 578 1242 lium
635 1188 731 1242 Dei
762 1197 880 1254 est;
917 1203 1078 1256 neque
1104 1202 1196 1256 per
1228 1187 1562 1258 Jerosolyma
1585 1229 1598 1253 ,
1623 1187 1748 1256 quia
1783 1185 1907 1240 urbs
1939 1194 2016 1240 est

448 1279 629 1349 magni
661 1280 837 1348 regis;
869 1294 1029 1348 neque
1051 1293 1142 1346 per
1158 1287 1312 1347 caput
1337 1286 1481 1330 tuum
1504 1277 1735 1347 jurabis,
1767 1279 1888 1348 quia
1914 1294 2016 1331 non

447 1377 590 1436 potes
615 1367 862 1436 capillum
896 1367 1074 1420 album
1105 1376 1196 1420 aut
1228 1367 1435 1436 nigrum
1462 1367 1653 1436 facere.
1677 1366 1806 1421 Esto
1840 1376 2017 1420 autem

448 1475 617 1515 sermo
657 1468 838 1524 rester,
893 1458 1104 1523 Etiam,
1147 1458 1307 1512 etiam
1348 1474 1366 1512 :
1409 1469 1457 1514 et
1487 1457 1611 1512 Non
1635 1498 1649 1522 ,
1682 1475 1784 1512 non
1819 1474 1838 1513 :
1877 1457 2016 1529 quod

447 1559 623 1603 autem
659 1564 819 1616 supra
880 1549 988 1603 Iure
1039 1546 1294 1612 abundat,
1333 1563 1399 1602 ea:
1445 1547 1657 1602 diabolo
1701 1557 1779 1602 est
1814 1548 1882 1603 ⁸⁸.
1942 1547 2010 1601 At

447 1641 646 1705 anima,
679 1641 766 1695 cui
795 1638 1078 1693 Canticum
1105 1638 1208 1692 hoc
1249 1637 1505 1692 eximium
1541 1637 1896 1708 perfectionis
1924 1645 2012 1692 te-

2119 464 2208 519 τὸν
2235 465 2410 534 φόνον,
2434 462 2512 533 τῷ
2537 461 2593 514 δὲ
2621 455 2909 530 ἀφανισμῷ
2939 452 3039 525 τῆς
3063 455 3335 527 ἐπιθυμίας
3363 463 3620 529 συνεξελαύ.

2119 570 2224 607 νων
2257 553 2353 623 τῆς
2386 549 2627 623 μοιχείας
2663 548 2722 602 τὸ
2754 547 2911 614 ἄγος·
2948 539 3100 607 οὗτος
3138 545 3366 602 ὲκϐἀλλει
3407 549 3487 605 τοῦ
3529 553 3622 621 βίου

2120 644 2214 698 καὶ
2245 643 2344 714 τὴν
2379 643 2443 694 ἐκ
2471 641 2567 712 τῆς
2595 638 2881 705 ἐπιορκίας
2913 635 3176 707 κατάραν,
3209 640 3271 708 τῇ
3311 639 3624 711 ἀπαγορεύσει

2120 735 2213 788 τοῦ
2242 736 2404 805 ὅρκου
2453 731 2693 802 πεδήσας
2720 730 2776 781 ὲν
2803 727 3044 798 ἀπραξίᾳ
3072 727 3130 780 τὸ
3159 727 3424 798 δρέπανον.
3456 732 3520 784 Ub
3541 734 3627 805 γάρ

2121 827 2235 879 ἐστι
2259 824 2482 879 δυνατὸν
2529 824 2693 894 ὅρκου
2736 820 2986 889 γενέσθαι
3041 819 3375 891 παράϐασιν,
3419 821 3486 893 μὴ
3508 823 3627 889 ὅντος

2120 915 2312 987 ὅρκου.
2334 915 2422 967 Διό
2450 930 2613 983 φησιν
2633 930 2648 944 ο
2695 911 3016 967 Ἠκούσατε
3045 910 3134 962 ὅτι
3160 909 3358 978 ἐρῤἐθη
3387 912 3629 981 ἀρχαίοιςο

2124 1008 2246 1061 Οὐκ
2276 1003 2657 1075 ἐπιορκήσεις
2678 1045 2693 1068 ,
2733 1001 3068 1067 ἀποδώσεις
3107 1000 3174 1054 δὲ
3205 1001 3282 1066 τῷ
3311 1003 3489 1070 Κυρίῳ
3521 1005 3633 1072 τοὺς

2121 1099 2338 1168 ὅρκους
2368 1111 2503 1151 σου.
2563 1093 2712 1164 Ἐγὼ
2762 1094 2916 1163 λέγω
2958 1110 3090 1158 σοι,
3138 1092 3304 1162 φησι,
3338 1092 3418 1161 μὴ
3459 1095 3638 1162 ὀμόσαι

2123 1191 2275 1256 ὅλως
2294 1205 2308 1221 °
2352 1188 2504 1260 μήτε
2531 1187 2600 1242 ἐν
2623 1186 2704 1252 τῷ
2731 1183 2965 1253 οὐρανῷ
2989 1223 3004 1247 ,
3048 1182 3137 1236 ὅτι
3165 1183 3368 1250 θρόνος
3401 1183 3518 1237 ἐστὶ
3553 1185 3639 1239 τοῦ

2125 1281 2271 1336 Θεοῦ
2292 1297 2306 1311 ο
2339 1279 2490 1349 μήτε
2516 1278 2585 1332 ἐν
2631 1273 3055 1345 Ἰερουσαλὴμ,
3089 1274 3179 1327 ὅτι
3212 1274 3381 1340 πόλις
3407 1274 3525 1328 ἐστὶ
3556 1276 3644 1329 τοῦ

2117 1372 2384 1444 μεγάλου
2399 1371 2703 1438 βασιλέως
2723 1387 2737 1402 ο
2767 1371 2918 1439 μήτε
2945 1369 3014 1421 ἐν
3041 1367 3116 1436 τῇ
3145 1367 3374 1436 κεφαλῇ
3400 1382 3504 1422 σου
3530 1369 3643 1437 ὀμό-

2123 1481 2254 1530 σεις
2278 1482 2292 1495 ο
2341 1463 2430 1517 ὅτι
2479 1464 2551 1516 οὐ
2586 1461 2845 1515 δύνασαι
2882 1458 3129 1524 ποιῆσαι
3175 1459 3348 1527 τρίχα
3379 1457 3585 1526 λευκὴν
3614 1459 3645 1528 ἦ

2120 1556 2430 1627 μέλαιναν,
2466 1555 2658 1608 Ἔστω
2683 1553 2750 1607 δὲ
2777 1553 2943 1622 ὑμῶν
2976 1556 3008 1607 ὁ
3033 1555 3217 1622 λόγος
3250 1554 3313 1605 τὸ
3337 1593 3352 1618 ,
3384 1551 3510 1616 Nai,
3532 1555 3618 1608 ναι
3632 1569 3645 1583 ”

2124 1647 2221 1701 καὶ
2249 1646 2336 1710 τὸ,
2371 1642 2475 1710 Οὓ,
2510 1643 2616 1700 οὔ·
2661 1643 2729 1697 τὸ
2769 1644 2836 1697 δὲ
2873 1644 3305 1711 περισσότερον
3337 1645 3569 1708 τούτων,
3598 1643 3652 1698 ἐκ

449 1733 766 1788 stimonium
809 1731 1035 1796 tribuit,
1078 1732 1166 1786 cui
1215 1728 1397 1785 cordis
1427 1729 1670 1784 velamen
1717 1735 1800 1784 est
1836 1727 2014 1784 adem-

2122 1737 2224 1790 τοῦ
2248 1736 2530 1789 διαϐόλου
2559 1735 2749 1789 ἐστίν.
2806 1733 2872 1786 Ἦ
2916 1733 2971 1786 δὲ
3009 1733 3098 1787 διὰ
3147 1732 3241 1786 τοῦ
3272 1734 3537 1806 ’ᾼσματος
3567 1734 3653 1786 τῶν

448 1829 597 1891 ptum
621 1821 674 1875 in
699 1821 1035 1892 depositione
1059 1821 1257 1875 tunica:
1289 1820 1514 1882 veteris,
1549 1833 1672 1888 qua:
1702 1818 2019 1873 theristrum

449 1914 644 1968 faciem
677 1921 866 1983 tegens
907 1912 1106 1982 abjecit
1131 1951 1146 1976 ,
1179 1927 1278 1982 per
1317 1911 1461 1981 quod
1492 1910 1850 1980 intelligimus
1895 1924 2017 1963 om-

448 2014 572 2054 nem
621 2000 1017 2070 cogitationem
1057 1999 1393 2053 dubitantem
1435 1999 1702 2068 quasique
1739 1998 2013 2068 palpitan-

451 2097 582 2153 tem,
616 2089 690 2142 ita
720 2097 779 2143 ut
804 2089 917 2159 jam
948 2105 1083 2160 pure
1114 2104 1178 2143 ac
1209 2090 1326 2144 sine
1353 2089 1692 2145 dubitatione
1723 2095 2010 2145 veritatem

448 2181 726 2234 intueatur
765 2199 777 2233 :
843 2180 956 2234 haec
1003 2179 1169 2249 igitur
1218 2179 1576 2250 jurejurando
1627 2180 1764 2234 filias
1797 2179 2020 2236 Jerusa-

447 2273 553 2325 lem
596 2270 890 2338 astringit,
954 2284 1128 2339 neque
1173 2284 1270 2340 per
1303 2269 1497 2324 solium
1543 2268 1822 2335 divinum,
1873 2272 2018 2341 quod

435 2356 648 2410 coelum
695 2370 817 2411 esse
844 2354 1046 2410 dicitur
1081 2373 1094 2410 :
1133 2371 1308 2425 neque
1339 2371 1434 2425 per
1472 2354 1565 2410 Dei
1611 2357 1820 2426 regiam
1847 2397 1860 2422 ,
1897 2374 2019 2428 qua:

439 2445 791 2518 Jerosolyma
837 2455 1099 2514 vocatur;
1150 2462 1329 2517 neque
1384 2462 1482 2516 per
1525 2444 1890 2503 venerandum
1953 2451 2018 2504 il-

437 2538 538 2591 {Iud
589 2545 789 2606 caput,
834 2537 992 2606 cujus
1021 2537 1200 2608 capilli
1240 2552 1338 2592 nec
1389 2536 1498 2591 albi
1544 2552 1644 2593 nec
1695 2540 1839 2610 nigri
1900 2540 2017 2596 ﬁeri

447 2638 714 2699 possunt,
769 2630 863 2684 Sed
903 2629 968 2682 ad
1018 2643 1203 2700 agrum
1233 2628 1604 2698 juramcntum
1644 2646 1801 2686 suum
1848 2640 2020 2689 trans-

452 2740 555 2796 fert
587 2779 602 2804 ,
655 2755 748 2810 per
785 2747 1080 2810 potestates
1120 2741 1239 2810 ejus
1280 2740 1590 2811 juvenculis
1630 2742 2017 2812 jusjurandum

449 2828 726 2892 deferens,
757 2844 881 2883 cum
914 2830 989 2882 ait
1021 2849 1033 2885 :
1067 2829 1430 2899 Jurejurando
1465 2832 1694 2886 astrinxi
1721 2849 1852 2896 vos,
1891 2833 2018 2898 ﬁlia:

448 2921 780 2987 'Jerusalem,
824 2923 877 2976 in
926 2925 1274 2991 potestatibus
1317 2941 1378 2978 ac
1411 2924 1604 2979 viribus
1647 2926 1780 2996 agri.
1835 2923 2017 2980 Enim-

444 3030 580 3069 vero
609 3015 778 3080 illam,
809 3015 896 3069 cui
925 3015 1258 3085 perhibitum
1295 3025 1377 3071 est
1417 3017 1788 3072 testimonium
1820 3059 1834 3083 ,
1870 3019 2015 3090 quod

449 3113 564 3160 tota
595 3106 664 3162 sit
683 3106 931 3176 pulchra,
951 3112 1004 3160 et
1031 3105 1183 3160 omni
1210 3107 1332 3161 labe
1359 3115 1561 3171 careat,
1593 3109 1728 3164 nihil
1763 3124 2018 3180 superva-

443 3211 679 3250 caneum
713 3197 956 3266 proferre
979 3195 1159 3266 (quod
1197 3197 1415 3266 quidem
1444 3199 1644 3255 diaboli
1675 3205 1803 3268 est),
1835 3200 1930 3256 sed
1953 3217 2016 3257 ex

449 3286 562 3342 Deo
589 3285 757 3356 loqui,
802 3301 832 3341 a
869 3300 976 3356 quo
1009 3286 1110 3357 (de
1141 3288 1407 3343 sententia
1449 3287 1686 3344 Michaeae
1713 3291 1887 3361 vatis)
1924 3306 2019 3346 ex-

354 3395 357 3397 ·
451 3377 632 3439 sistit,
671 3377 715 3432 si
742 3376 875 3446 quid
903 3377 1128 3444 bonum,
1164 3385 1217 3433 et
1246 3378 1290 3434 si
1322 3379 1450 3448 quid
1493 3379 1781 3449 pulchrum
1813 3389 1919 3448 est,
1955 3396 2020 3436 ac

467 3475 663 3538 praeter
691 3467 807 3522 haec
832 3466 967 3521 nihil
995 3509 1010 3534 ,
1048 3469 1357 3539 perspicere
1380 3471 1558 3540 quivis
1587 3478 1766 3541 potest
1792 3512 1806 3536 ,
1835 3473 1926 3543 qui
1955 3488 2022 3528 ex

454 3559 770 3617 testimonio
820 3559 1288 3641 Dominiedoctus
1335 3571 1419 3618 est
1462 3563 1661 3632 quibus
1711 3578 1777 3617 ex
1852 3563 2021 3620 rebus

455 3662 657 3717 sponsa
695 3649 948 3704 excellat.
1009 3647 1220 3704 Etenim
1270 3665 1392 3705 cum
1427 3652 1644 3706 omittat
1671 3666 1861 3708 omnes
1887 3667 2020 3724 pro-

455 3739 656 3794 hibitas
672 3739 973 3810 juramcnti
1001 3740 1234 3810 species,
1259 3755 1436 3810 neque
1458 3755 1554 3810 per
1575 3741 1764 3797 urbem
1792 3743 2020 3813 regiam,

454 3843 634 3898 neque
681 3843 778 3898 per
829 3828 1011 3899 magni
1061 3829 1208 3898 regis
1258 3829 1454 3884 solium
1504 3830 1668 3886 hasce
1701 3831 2023 3901 juvenculas

454 3921 724 3989 astringat
805 3919 949 3989 (quo
1036 3918 1300 3974 discimus
1394 3928 1658 3989 quantum
1728 3920 1921 3976 abesse
1992 3935 2024 3975 a

456 4011 618 4067 nobis
647 4009 842 4065 debeat
897 4017 957 4063 ut
994 4008 1254 4065 audacter
1282 4010 1573 4064 abutamur
1609 4010 1663 4064 in
1700 4009 2025 4079 iuramentis

463 4101 592 4167 Deo,
656 4113 783 4154 cum
822 4113 1000 4169 neque
1027 4098 1170 4163 solii,
1210 4113 1387 4168 neque
1429 4098 1664 4152 civitatis
1696 4096 1842 4153 illius
1872 4113 2025 4154 men-

453 4192 660 4248 tionem
695 4191 752 4246 in
787 4189 1146 4262 jurejurando
1173 4189 1416 4244 faciundi
1463 4189 1617 4258 copia
1659 4189 1819 4245 nobis
1849 4189 2022 4260 ﬂat);

450 4300 576 4340 cum
612 4291 800 4355 parcat
842 4283 974 4338 item
1015 4281 1324 4339 venerando
1358 4281 1555 4352 capiti,
1591 4280 1736 4352 quod
1765 4280 2024 4352 deinceps

2121 1828 2377 1898 ᾀσμάτων
2406 1825 2497 1878 ἐπὶ
2531 1823 2821 1894 τελειότητι
2863 1823 3328 1894 μεμαρτυρημένη
3377 1822 3547 1894 ψυχὴ,
3579 1823 3657 1877 καὶ

2123 1917 2476 1991 περιελομένη
2507 1916 2604 1986 μὲν
2635 1917 2730 1986 τῆς
2755 1915 2931 1985 ψυχῆς
2958 1915 3018 1967 τὸ
3043 1914 3313 1985 κάλυμμα
3345 1916 3400 1967 ὲν
3429 1917 3492 1984 τῇ
3517 1915 3658 1967 ἀπεκ-

2121 2009 2268 2063 δύσει
2301 2008 2394 2060 τοῦ
2443 2005 2669 2060 παλαιοῦ
2720 2006 2980 2076 χιτῶνος,
3036 2003 3130 2057 τοῦ
3193 2021 3253 2056 τε
3309 2003 3580 2074 προσώπου
3611 2002 3659 2056 τὸ

2123 2098 2403 2170 θέριστρον
2453 2095 2797 2150 ἀποϐαλοῦσα
2818 2137 2832 2162 ,
2868 2095 3004 2164 ὅπερ
3032 2093 3266 2164 νοοῦμεν
3299 2094 3478 2146 πᾶσαν
3510 2093 3661 2146 διστάο

2123 2191 2316 2258 ζουσάν
2340 2208 2399 2244 τε
2425 2190 2518 2244 καὶ
2544 2187 2971 2260 κραδαινομένην
2993 2186 3259 2249 διάνοιαν,
3285 2183 3424 2237 ὥστε
3445 2182 3661 2254 καθαρῶς

2121 2301 2180 2336 τε
2209 2284 2301 2337 καὶ
2323 2281 2705 2354 ἀναμφιϐόλως
2736 2274 2995 2350 πρδςτὴν
3027 2276 3296 2346 ἀλήθειαν
3329 2275 3564 2344 βλέπειν,
3595 2275 3665 2343 ὀρ-

2122 2375 2263 2441 κίζει
2311 2375 2410 2438 τὰς
2455 2373 2760 2444 θυγατέρας
2801 2367 3158 2441 Ἰερουσαλὴμ
3186 2410 3201 2432 ,
3245 2365 3373 2420 οῦτε
3423 2365 3552 2419 κατά
3588 2361 3662 2415 τοῦ

2122 2467 2264 2522 θείου
2292 2466 2501 2538 θρόνου,
2531 2467 2588 2520 ὃν
2608 2463 2832 2535 οὐρανὸν
2857 2459 3112 2532 ὀνομάζει
3137 2462 3169 2514 ὁ
3191 2460 3357 2528 λόγος
3376 2474 3388 2488 ·
3420 2456 3534 2511 οὔτε
3555 2453 3669 2508 κατά

2119 2560 2226 2614 τῶν
2258 2559 2392 2613 Θεοῦ
2423 2558 2708 2629 βασιλείων
2746 2551 2826 2621 οἷς
2882 2555 3054 2625 ὄνομά
3099 2555 3262 2607 ἐστιν
3306 2548 3665 2620 Ἰερουσαλήμο

2120 2651 2180 2704 οὐ
2219 2651 2326 2722 μὴν
2375 2650 2497 2703 οὒτε
2531 2648 2672 2702 κατὰ
2722 2647 2820 2717 τῆς
2868 2645 3110 2715 κεφαλῆς
3167 2645 3274 2715 τῆς
3299 2642 3517 2713 τιμίας,
3554 2634 3612 2711 ἧς
3630 2638 3674 2690 αὶ

2118 2743 2303 2815 τρίχες
2333 2741 2455 2795 οῦτε
2503 2740 2724 2802 λευκαὶ,
2761 2737 2884 2792 οὔτε
2918 2738 3170 2810 μέλαιναι
3225 2733 3481 2803 γενέσθαι
3513 2731 3672 2784 δύναν-

2119 2851 2238 2887 ται’
2271 2833 2384 2887 ἀλλ’
2418 2834 2508 2885 ἐπὶ
2540 2831 2629 2885 τὸν
2664 2829 2831 2900 ἀγρὸν
2877 2828 3179 2899 μεταφέρει
3206 2827 3302 2880 τὸν
3345 2827 3504 2895 ὅρκον
3526 2864 3539 2889 ,
3564 2819 3678 2875 κατὰ

2118 2926 2225 2980 τῶν
2264 2928 2319 2979 ὲν
2353 2923 2500 2995 αὐτῷ
2530 2923 2808 2994 δυνάμεων
2834 2921 2924 2974 τδν
2962 2922 3238 2991 ὁρκισμὸν
3275 2917 3554 2984 ἐπάγουσα
3580 2915 3676 2974 ταῖς

2122 3017 2324 3072 νεάνισι
2369 3017 2628 3085 λέγουσα·
2681 3015 2930 3081 Ὣρκισα
2981 3011 3182 3081 ὑμᾶς,
3238 3008 3558 3080 θυγατέρες
3595 3006 3681 3059 ἰε-

2115 3109 2439 3180 ρουσαλὴμ
2459 3150 2473 3173 ,
2516 3108 2584 3161 ἐν
2618 3105 2743 3172 ταῖς
2776 3104 3068 3174 δυνάμεσι
3109 3103 3224 3159 καὶ
3274 3105 3557 3172 ὶσχύσεσι
3596 3096 3680 3151 τοῦ

2120 3200 2366 3269 δρυμοῦ.
2393 3199 2515 3252 Ὅτι
2552 3197 2650 3269 μὲν
2681 3193 2772 3250 οὖν
2804 3198 2836 3266 ἡ
2874 3196 2942 3248 δι’
2964 3194 3087 3248 ὅλου
3123 3193 3545 3267 μαρτυρηθεκα
3575 3186 3682 3244 εἶναι

2120 3292 2260 3363 καλὴ
2291 3292 2386 3345 καὶ
2421 3289 2619 3353 παντὸς
2661 3287 3037 3358 καθαρεύουσα
3073 3287 3314 3358 μώμου,
3364 3285 3514 3339 οὐδὲν
3550 3279 3685 3352 obﬁ-

2120 3400 2277 3452 γεται
2315 3381 2422 3435 τῶν
2477 3379 2783 3452 περιττῶν,
2836 3377 2864 3430 ὃ
2894 3377 2993 3447 τῆς
3047 3379 3147 3430 τοῦ
3200 3377 3466 3432 διαϐόλου
3509 3370 3686 3452 μερίδος

2121 3451 2266 3526 ἐστίν
2285 3488 2300 3503 ο
2325 3471 2438 3524 ἀλλ’
2474 3471 2537 3522 ὲκ
2554 3451 2654 3522 τοῦ
2679 3465 2814 3520 θεοῦ
2850 3468 3082 3519 ποιεῖται
3114 3466 3218 3520 τὸν
3255 3465 3442 3533 λόγον,
3478 3462 3597 3532 παρ’
3621 3451 3685 3516 οὗ.

2122 3558 2262 3614 κατά
2287 3557 2377 3611 τὸν
2403 3557 2658 3626 Μιχαίαν,
2678 3554 2730 3606 εἴ
2754 3572 2804 3607 τι
2833 3554 3034 3622 ἀγαθόν
3067 3555 3214 3618 ἐστι,
3242 3554 3342 3607 καὶ
3372 3553 3428 3606 εί
3450 3569 3502 3604 τι
3534 3548 3687 3603 καλὸν.

2123 3651 2217 3705 καὶ.
2245 3649 2393 3721 παρὰ
2417 3647 2588 3702 ταῦτα
2625 3645 2807 3700 οὐδέν’
2845 3645 3005 3698 παντὶ
3053 3645 3224 3714 δῆλόν
3269 3648 3392 3698 ἐστι
3417 3687 3431 3708 ,
3466 3643 3542 3712 τῷ
3567 3638 3690 3707 παρὰ

2122 3741 2220 3810 τῆς
2246 3737 2567 3807 δεσποτικῆς
2616 3737 2922 3808 μαρτυρίας
2950 3735 3267 3805 διδαχθέντι
3297 3774 3314 3798 ,
3348 3733 3417 3786 τὰ
3455 3729 3690 3802 προσόντα

2123 3833 2188 3901 τῇ
2223 3829 2408 3901 νύμφῃ
2447 3829 2906 3899 πλεονεκτήματα.
2952 3827 3011 3878 Ἦ
3045 3825 3160 3897 γὰρ
3205 3828 3421 3894 ἀφεῖσα
3462 3824 3624 3876 πάντα
3640 3819 3691 3869 ra

2124 3920 2547 3991 ἀπηγορευμένα
2595 3919 2706 3989 εἴδη
2748 3917 2841 3971 τοῦ
2886 3918 3048 3988 ὅρκου
3073 3956 3087 3980 ,
3125 3917 3232 3970 καὶ
3269 3919 3417 3988 μήτε
3445 3915 3541 3986 τὴν
3569 3912 3692 3984 βατι-

2123 4015 2382 4069 λεύουσαν
2413 4014 2564 4069 πόλιν
2586 4054 2599 4075 ,
2633 4015 2768 4083 μήτε
2794 4013 2886 4065 τὸν
2926 4011 3116 4083 θρόνον
3149 4011 3256 4064 τοῦ
3291 4010 3535 4082 μεγάλου
3566 4007 3694 4077 βασι·

2123 4107 2256 4171 λέως
2285 4108 2466 4179 ὅρκιον
2497 4107 2615 4168 ταῖς
2636 4105 2839 4158 νεάνισι
2867 4103 3223 4174 ποιησαμένη
3246 4121 3263 4135 ο
3291 4104 3386 4157 διὰ
3410 4101 3589 4155 τούτου
3605 4094 3692 4164 γὰρ

2127 4198 2490 4268 παιδευόμεθα
2529 4197 2694 4250 πόσον
2727 4197 2952 4266 ἀπέχειν
2981 4197 3129 4266 ἡμᾶς
3165 4197 3287 4268 χρὴ
3330 4195 3432 4250 τοῦ
3474 4187 3696 4249 aturato).-

2129 4290 2364 4363 μᾷντοῦ
2406 4289 2538 4343 Θεοῦ
2578 4289 2634 4341 ἐν
2679 4290 2792 4352 τοῖς
2835 4289 3047 4359 ὅρκοις,
3078 4289 3165 4340 ὅτι
3204 4287 3344 4340 οὒτε
3375 4288 3472 4342 τὸν
3515 4283 3692 4353 θρόνον,

453 4385 513 4432 ιιι
545 4391 769 4432 aureum
797 4374 1058 4447 depingit,
1103 4375 1261 4446 cujus
1292 4373 1472 4445 capilli
1512 4388 1612 4429 nec
1640 4374 1747 4429 albi
1802 4389 1902 4430 nec
1936 4375 2018 4428 ni-

2127 4381 2249 4436 οὔτε
2273 4380 2368 4452 τὴν
2392 4379 2545 4432 πόλιν
2571 4381 2626 4431 ἐν
2663 4378 2738 4450 τῷ
2764 4379 2910 4450 ὅρκῳ
2941 4378 3156 4449 παραλα
3167 4378 3419 4452 μϐἀνειν
3442 4371 3699 4446 ἐπιτρεπό-

452 4465 536 4536 gri
575 4467 714 4531 sint;
752 4464 886 4535 (qui
931 4464 1074 4520 enim
1125 4464 1210 4520 vel
1244 4463 1516 4534 denigrari
1573 4463 1746 4534 possit
1779 4479 1970 4519 aurum
2004 4501 2020 4529 ,

450 4556 536 4612 vel
564 4555 689 4610 albo
725 4555 908 4611 colore
933 4555 1188 4624 obduci?)
1234 4557 1455 4624 omnino
1483 4553 1588 4609 tale
1624 4553 2020 4625 jusjurandum

450 4646 758 4717 virginibus
801 4646 954 4702 hisce
1004 4646 1257 4717 proponit
1281 4686 1297 4712 ,
1329 4645 1471 4714 quod
1503 4660 1676 4714 neque
1706 4659 1830 4699 cum
1859 4659 2024 4699 evan-

451 4738 757 4808 gelicalege
787 4744 1008 4809 pugnet,
1043 4745 1097 4794 et
1117 4737 1294 4793 laudis
1327 4737 1603 4792 materiem
1635 4737 2022 4806 praestantibus

452 4832 632 4899 ipsum
679 4830 1023 4899 suppeditet,
1071 4829 1526 4902 quemadmodum
1578 4830 1653 4884 ait
1699 4829 1970 4900 Propheta
2007 4848 2020 4884 :

455 4919 788 4977 Laudabitur
831 4922 1000 4975 omnis
1048 4923 1137 4992 qui
1192 4922 1344 4990 jurat
1386 4938 1476 4989 per
1513 4938 1632 4976 eum
1673 4921 1740 4976 ⁸⁵.
1797 4921 1916 4988 Quo
1968 4921 2026 4975 m

454 5012 592 5067 adeo
633 5018 694 5067 ut
737 5026 926 5066 eorum
967 5027 1089 5081 quas
1128 5011 1218 5067 hic
1269 5013 1528 5068 dicuntur
1585 5014 1876 5069 sententia"
1913 5028 2022 5067 non

455 5109 636 5159 careat
667 5103 760 5157 illo
798 5102 1014 5172 gemino
1053 5116 1162 5172 quo
1207 5102 1485 5158 veritatem
1532 5105 1873 5174 comprobari
1933 5105 2020 5159 lex

455 5193 776 5264 Evangelica
818 5193 933 5248 vult
976 5210 990 5247 :
1035 5207 1159 5247 cum
1205 5193 1413 5262 inquit,
1463 5193 1590 5248 Esto
1641 5205 1815 5250 autem
1851 5213 2020 5251 sermo

453 5293 638 5350 vester,
674 5285 890 5350 Etiam,
937 5285 1096 5338 etiam
1125 5297 1146 5338 :
1181 5292 1232 5338 et
1261 5281 1418 5348 Non,
1461 5299 1582 5340 non.
1615 5285 1794 5352 Quare
1821 5288 1868 5342 si
1902 5303 2027 5358 pro-

453 5375 672 5432 hibetur
705 5376 760 5430 in
786 5375 1110 5444 iuramentis
1157 5391 1227 5431 ne
1257 5385 1571 5431 assumatur
1611 5377 1806 5432 solium
1859 5380 2020 5453 regis,

455 5476 512 5522 et
532 5465 728 5524 civitas
761 5465 952 5538 inqua
984 5467 1128 5539 regia
1167 5475 1292 5532 est,
1330 5474 1385 5521 et
1431 5469 1618 5521 verum
1677 5467 1806 5522 illud
1837 5478 2018 5538 caput,

552 5637 597 5668 ιδ
625 5639 809 5696 Matth.
843 5657 894 5708 γ,
927 5640 1112 5696 53-56.
1223 5642 1265 5673 κε
1294 5599 1438 5697 pan.
1474 5611 1603 5709 an,
1648 5643 1731 5696 ιε.

2130 4471 2268 4544 μεθα
2295 4488 2308 4502 ·
2340 4471 2637 4541 φεισαμένη
2669 4485 2727 4522 τε
2762 4471 2898 4539 πρὸς
2936 4469 3147 4533 τούτοις
3183 4471 3299 4540 τῆς
3350 4469 3591 4538 κεφαλῆς
3620 4464 3697 4531 τῆς

2125 4563 2343 4634 τιμίας,
2375 4563 2439 4634 ἣν
2487 4564 2543 4615 ὲν
2577 4563 2691 4624 τοῖς
2734 4560 2934 4630 ἑφεξῆς
2984 4562 3202 4632 χρυσῆν
3243 4557 3395 4615 εἶναι.
3446 4557 3698 4629 διαγράφει

2126 4655 2203 4726 τῷ
2241 4655 2418 4725 λόγῳ·
2453 4650 2606 4726 ﬁgat
2637 4653 2818 4724 τρίχες
2852 4651 2975 4704 οὗτε
3010 4652 3214 4706 λευκαί
3253 4656 3406 4707 εἰσιν
3433 4697 3448 4721 ,
3476 4650 3592 4704 οὔτε
3629 4643 3698 4714 μέ-

2127 4745 2306 4799 λαιναι
2329 4762 2342 4776 ο
2377 4743 2494 4808 πῶς
2525 4743 2632 4815 γὰρ
2665 4743 2730 4796 ἂν
2758 4743 2790 4813 ἢ
2826 4739 3110 4813 μελανθείη
3149 4742 3380 4814 χρυσδς
3406 4785 3420 4808 ,
3453 4741 3489 4812 ἢ
3527 4731 3698 4809 πρδςτδ

2128 4833 2316 4887 λευκὸν
2339 4828 2477 4895 εἶδος
2509 4831 2915 4903 μεταχρωσθείη
2937 4849 2951 4896 ;
2976 4831 3206 4894 πάντως
3234 4833 3330 4885 ὅτι
3354 4829 3592 4885 τοιοῦτόν
3609 4838 3696 4878 τινα

2127 4925 2397 4996 προτείνει
2430 4923 2520 4977 τὸν
2557 4923 2821 4994 ὁρκισμὸν
2857 4924 2976 4992 ταῖς
3017 4921 3371 4992 παρθένοις,
3413 4923 3475 4986 ὅς
3517 4910 3696 4989 ούχὶτῷ

2127 5015 2460 5086 εὖαγγελικῷ
2487 5015 2714 5086 μάχεται
2742 5013 2888 5084 νόμῳ
2913 5051 2928 5076 ,
2964 5016 3056 5067 καὶ
3100 5013 3357 5068 ἐπαίνου
3390 5015 3594 5082 γίνεται
3615 5007 3696 5063 τοῖς

2127 5105 2470 5178 ὀμωμοκόσιν
2496 5105 2782 5170 ὑπόθεσις,
2831 5103 2972 5157 κατά
3015 5104 3115 5174 τὴν
3151 5105 3264 5158 τοῦ
3301 5106 3590 5177 Προφήτου
3615 5112 3696 5167 φω-

2126 5199 2242 5270 νὴν,
2272 5199 2307 5267 ἢ
2356 5213 2520 5268 φησιν
2545 5215 2558 5228 ⁸
2596 5200 2676 5253 ὅτι
2723 5195 3240 5266 Ἐπαινηθήσεται
3274 5197 3408 5263 πᾶς
3445 5199 3481 5250 ὁ
3504 5191 3698 5263 ὀμνύων

2125 5289 2197 5342 ἐν
2215 5287 2393 5355 αὐτῷ.
2426 5288 2588 5343 Ὥστε
2619 5290 2716 5362 τὴν
2747 5291 2853 5344 τῶν
2881 5288 3200 5359 λεγομένων
3238 5289 3500 5344 διάνοιαν
3535 5281 3601 5355 μὴ
3619 5276 3695 5342 ἔξω

2127 5377 2267 5435 εἶναι
2314 5383 2407 5437 τοῦ
2455 5383 2640 5436 διπλοῦ
2666 5422 2681 5446 ,
2715 5376 2758 5451 ᾧ
2780 5379 3098 5436 πιστοῦσθαι
3135 5378 3423 5448 βούλεται
3464 5375 3560 5444 τὴν
3601 5367 3696 5461 ἀλῘΓ

2127 5472 2276 5526 θειαν
2307 5476 2335 5528 ὁ
2364 5474 2715 5543 εῦαγγελικδς
2747 5473 2909 5542 νόμος
2931 5510 2945 5538 ,
2982 5469 3158 5539 λέγων
3183 5485 3200 5500 ο
3241 5469 3456 5525 Ἔστω
3486 5463 3552 5518 δὲ
3570 5461 3694 5529 ὑμῖν
