  <div class='ocr_page' id='page_1' title='image "/cluster/home/n/w/nwhite01/storage/ocr_20150623/44/hvd.32044052767431/538.png"; bbox 0 0 3948 6192; ppageno 0'>
   <div class='ocr_carea' id='block_1_1' title="bbox 235 355 368 414">
    <p class='ocr_par' dir='ltr' id='par_1_1' title="bbox 235 355 368 414">
     <span class='ocr_line' id='line_1_1' title="bbox 235 355 368 414; baseline -0.008 -2"><span class='ocrx_word' id='word_1_1' title='bbox 235 355 368 414; x_wconf 74' lang='grc' dir='ltr'><strong>10ιὶ</strong></span> 
     </span>
    </p>
   </div>
   <div class='ocr_carea' id='block_1_2' title="bbox 1223 349 2416 416">
    <p class='ocr_par' dir='ltr' id='par_1_2' title="bbox 1223 349 2416 416">
     <span class='ocr_line' id='line_1_2' title="bbox 1223 349 2416 416; baseline 0.003 -4"><span class='ocrx_word' id='word_1_2' title='bbox 1223 356 1290 413; x_wconf 80' lang='lat' dir='ltr'><strong>IN</strong></span> <span class='ocrx_word' id='word_1_3' title='bbox 1319 356 1619 415; x_wconf 77' lang='lat' dir='ltr'><strong>CANTICA</strong></span> <span class='ocrx_word' id='word_1_4' title='bbox 1665 349 1935 416; x_wconf 79' lang='lat' dir='ltr'><strong>CANTIC.</strong></span> <span class='ocrx_word' id='word_1_5' title='bbox 1967 357 2250 414; x_wconf 77' lang='lat' dir='ltr'><strong>HOMILIA</strong></span> <span class='ocrx_word' id='word_1_6' title='bbox 2281 358 2416 415; x_wconf 80' lang='lat' dir='ltr'><strong>Xlll.</strong></span> 
     </span>
    </p>
   </div>
   <div class='ocr_carea' id='block_1_3' title="bbox 3344 345 3484 416">
    <p class='ocr_par' dir='ltr' id='par_1_3' title="bbox 3344 345 3484 416">
     <span class='ocr_line' id='line_1_3' title="bbox 3344 345 3484 416; baseline -0.029 0"><span class='ocrx_word' id='word_1_7' title='bbox 3344 345 3484 416; x_wconf 72' lang='lat' dir='ltr'><strong>una</strong></span> 
     </span>
    </p>
   </div>
   <div class='ocr_carea' id='block_1_4' title="bbox 233 466 1809 542">
    <p class='ocr_par' dir='ltr' id='par_1_4' title="bbox 233 466 1809 539">
     <span class='ocr_line' id='line_1_4' title="bbox 233 466 1809 539; baseline 0.002 -15"><span class='ocrx_word' id='word_1_8' title='bbox 233 473 266 525; x_wconf 87' lang='grc' dir='ltr'><strong>ό</strong></span> <span class='ocrx_word' id='word_1_9' title='bbox 291 468 480 539; x_wconf 63' lang='grc' dir='ltr'>λόγος</span> <span class='ocrx_word' id='word_1_10' title='bbox 504 467 590 534; x_wconf 82' lang='grc' dir='ltr'>τὸ,</span> <span class='ocrx_word' id='word_1_11' title='bbox 622 466 752 534; x_wconf 78' lang='grc' dir='ltr'>Ναί,</span> <span class='ocrx_word' id='word_1_12' title='bbox 783 468 910 522; x_wconf 78' lang='grc' dir='ltr'>ναι·</span> <span class='ocrx_word' id='word_1_13' title='bbox 944 467 1042 522; x_wconf 80' lang='grc' dir='ltr'><strong>καί</strong></span> <span class='ocrx_word' id='word_1_14' title='bbox 1075 467 1165 533; x_wconf 87' lang='grc' dir='ltr'>τὸ,</span> <span class='ocrx_word' id='word_1_15' title='bbox 1193 468 1297 536; x_wconf 88' lang='grc' dir='ltr'><strong>οὒ,</strong></span> <span class='ocrx_word' id='word_1_16' title='bbox 1325 469 1423 524; x_wconf 78' lang='grc' dir='ltr'>οὔ.</span> <span class='ocrx_word' id='word_1_17' title='bbox 1455 473 1518 525; x_wconf 87' lang='lat' dir='ltr'><strong>El</strong></span> <span class='ocrx_word' id='word_1_18' title='bbox 1551 471 1728 527; x_wconf 86' lang='grc' dir='ltr'>τοίνυν</span> <span class='ocrx_word' id='word_1_19' title='bbox 1756 474 1809 527; x_wconf 84' lang='grc' dir='ltr'><strong>ἐν</strong></span> 
     </span>
    </p>
   </div>
   <div class='ocr_carea' id='block_1_5' title="bbox 1914 466 3488 542">
    <p class='ocr_par' dir='ltr' id='par_1_5' title="bbox 1916 468 3488 542">
     <span class='ocr_line' id='line_1_5' title="bbox 1916 468 3488 542; baseline 0.001 -13"><span class='ocrx_word' id='word_1_20' title='bbox 1916 473 2094 530; x_wconf 90' lang='lat' dir='ltr'><strong>solum</strong></span> <span class='ocrx_word' id='word_1_21' title='bbox 2121 487 2255 529; x_wconf 88' lang='lat' dir='ltr'><strong>vero</strong></span> <span class='ocrx_word' id='word_1_22' title='bbox 2278 470 2602 529; x_wconf 69' lang='lat' dir='ltr'><strong>conceditur</strong></span> <span class='ocrx_word' id='word_1_23' title='bbox 2625 468 3004 542; x_wconf 72' lang='lat' dir='ltr'><strong>usurpandum</strong></span> <span class='ocrx_word' id='word_1_24' title='bbox 3030 469 3230 538; x_wconf 84' lang='lat' dir='ltr'><strong>Etiam,</strong></span> <span class='ocrx_word' id='word_1_25' title='bbox 3253 479 3310 528; x_wconf 88' lang='lat' dir='ltr'><strong>et</strong></span> <span class='ocrx_word' id='word_1_26' title='bbox 3339 471 3488 541; x_wconf 88' lang='lat' dir='ltr'><strong>Non.</strong></span> 
     </span>
    </p>
   </div>
   <div class='ocr_carea' id='block_1_6' title="bbox 231 560 1814 636">
    <p class='ocr_par' dir='ltr' id='par_1_6' title="bbox 231 560 1814 636">
     <span class='ocr_line' id='line_1_6' title="bbox 231 560 1814 636; baseline 0.003 -22"><span class='ocrx_word' id='word_1_27' title='bbox 231 563 344 625; x_wconf 73' lang='grc' dir='ltr'>τοῖς</span> <span class='ocrx_word' id='word_1_28' title='bbox 380 561 588 633; x_wconf 83' lang='grc' dir='ltr'>ὁρκίοις</span> <span class='ocrx_word' id='word_1_29' title='bbox 619 562 855 632; x_wconf 89' lang='grc' dir='ltr'>νοήμασι</span> <span class='ocrx_word' id='word_1_30' title='bbox 883 560 1151 616; x_wconf 81' lang='grc' dir='ltr'><strong>κωλύεται</strong></span> <span class='ocrx_word' id='word_1_31' title='bbox 1187 564 1285 632; x_wconf 74' lang='grc' dir='ltr'>μὲν</span> <span class='ocrx_word' id='word_1_32' title='bbox 1318 563 1347 615; x_wconf 89' lang='grc' dir='ltr'><strong>ό</strong></span> <span class='ocrx_word' id='word_1_33' title='bbox 1381 561 1567 634; x_wconf 81' lang='grc' dir='ltr'>θρόνος</span> <span class='ocrx_word' id='word_1_34' title='bbox 1587 565 1681 618; x_wconf 79' lang='grc' dir='ltr'>τοῦ</span> <span class='ocrx_word' id='word_1_35' title='bbox 1717 565 1814 636; x_wconf 87' lang='grc' dir='ltr'>βα-</span> 
     </span>
    </p>
   </div>
   <div class='ocr_carea' id='block_1_7' title="bbox 141 652 1812 727">
    <p class='ocr_par' dir='ltr' id='par_1_7' title="bbox 141 652 1812 727">
     <span class='ocr_line' id='line_1_7' title="bbox 141 652 1812 727; baseline 0.002 -21"><span class='ocrx_word' id='word_1_36' title='bbox 141 691 152 696; x_wconf 86' lang='grc'><strong><em>-</em></strong></span> <span class='ocrx_word' id='word_1_37' title='bbox 234 652 427 715; x_wconf 82' lang='grc' dir='ltr'>σιλέως</span> <span class='ocrx_word' id='word_1_38' title='bbox 453 652 980 727; x_wconf 83' lang='grc' dir='ltr'>παραλαμϐάνεσθαι</span> <span class='ocrx_word' id='word_1_39' title='bbox 1005 667 1020 682; x_wconf 85' lang='grc'>⁶</span> <span class='ocrx_word' id='word_1_40' title='bbox 1063 653 1330 708; x_wconf 81' lang='grc' dir='ltr'><strong>κωλύεται</strong></span> <span class='ocrx_word' id='word_1_41' title='bbox 1362 655 1418 709; x_wconf 89' lang='grc' dir='ltr'><strong>δέ</strong></span> <span class='ocrx_word' id='word_1_42' title='bbox 1449 655 1543 708; x_wconf 79' lang='grc' dir='ltr'>καὶ</span> <span class='ocrx_word' id='word_1_43' title='bbox 1579 657 1613 726; x_wconf 85' lang='grc' dir='ltr'>ή</span> <span class='ocrx_word' id='word_1_44' title='bbox 1639 657 1812 724; x_wconf 85' lang='grc' dir='ltr'><strong>πόλις,</strong></span> 
     </span>
    </p>
   </div>
   <div class='ocr_carea' id='block_1_8' title="bbox 231 736 1816 819">
    <p class='ocr_par' dir='ltr' id='par_1_8' title="bbox 231 736 1816 819">
     <span class='ocr_line' id='line_1_8' title="bbox 231 736 1816 819; baseline 0.003 -23"><span class='ocrx_word' id='word_1_45' title='bbox 231 745 290 796; x_wconf 72' lang='grc' dir='ltr'><strong>ἐν</strong></span> <span class='ocrx_word' id='word_1_46' title='bbox 330 736 456 814; x_wconf 78' lang='grc' dir='ltr'>ᾖτά</span> <span class='ocrx_word' id='word_1_47' title='bbox 492 742 734 813; x_wconf 87' lang='grc' dir='ltr'>βασίλεια</span> <span class='ocrx_word' id='word_1_48' title='bbox 754 759 768 774; x_wconf 79' lang='grc'><em>’</em></span> <span class='ocrx_word' id='word_1_49' title='bbox 801 743 1069 798; x_wconf 82' lang='grc' dir='ltr'><strong>κωλύεται</strong></span> <span class='ocrx_word' id='word_1_50' title='bbox 1103 745 1159 798; x_wconf 82' lang='grc' dir='ltr'><strong>δὲ</strong></span> <span class='ocrx_word' id='word_1_51' title='bbox 1186 746 1448 809; x_wconf 84' lang='grc' dir='ltr'>ὡσαύτως</span> <span class='ocrx_word' id='word_1_52' title='bbox 1479 746 1574 801; x_wconf 75' lang='grc' dir='ltr'>καὶ</span> <span class='ocrx_word' id='word_1_53' title='bbox 1617 748 1652 818; x_wconf 71' lang='grc' dir='ltr'>ἡ</span> <span class='ocrx_word' id='word_1_54' title='bbox 1684 748 1816 819; x_wconf 88' lang='grc' dir='ltr'>ἀλη-</span> 
     </span>
    </p>
   </div>
   <div class='ocr_carea' id='block_1_9' title="bbox 231 833 1815 908">
    <p class='ocr_par' dir='ltr' id='par_1_9' title="bbox 231 833 1815 908">
     <span class='ocr_line' id='line_1_9' title="bbox 231 833 1815 908; baseline 0.006 -24"><span class='ocrx_word' id='word_1_55' title='bbox 231 833 350 903; x_wconf 80' lang='grc' dir='ltr'>θινὴ</span> <span class='ocrx_word' id='word_1_56' title='bbox 385 833 595 904; x_wconf 75' lang='grc' dir='ltr'>κεφαλὴ</span> <span class='ocrx_word' id='word_1_57' title='bbox 626 834 754 905; x_wconf 75' lang='grc' dir='ltr'>περὶ</span> <span class='ocrx_word' id='word_1_58' title='bbox 802 834 899 906; x_wconf 85' lang='grc' dir='ltr'>τὴν</span> <span class='ocrx_word' id='word_1_59' title='bbox 928 833 1025 888; x_wconf 83' lang='grc' dir='ltr'><strong>τοῦ</strong></span> <span class='ocrx_word' id='word_1_60' title='bbox 1055 836 1220 906; x_wconf 84' lang='grc' dir='ltr'>ὅρκου</span> <span class='ocrx_word' id='word_1_61' title='bbox 1270 836 1616 907; x_wconf 78' lang='grc' dir='ltr'>παράληψιν·</span> <span class='ocrx_word' id='word_1_62' title='bbox 1656 839 1815 908; x_wconf 88' lang='grc' dir='ltr'>μόνον</span> 
     </span>
    </p>
   </div>
   <div class='ocr_carea' id='block_1_10' title="bbox 227 921 1811 1001">
    <p class='ocr_par' dir='ltr' id='par_1_10' title="bbox 227 921 1811 1001">
     <span class='ocr_line' id='line_1_10' title="bbox 227 921 1811 1001; baseline 0.006 -26"><span class='ocrx_word' id='word_1_63' title='bbox 227 923 284 976; x_wconf 80' lang='grc' dir='ltr'><strong>δὲ</strong></span> <span class='ocrx_word' id='word_1_64' title='bbox 315 924 376 976; x_wconf 84' lang='grc' dir='ltr'>τὸ</span> <span class='ocrx_word' id='word_1_65' title='bbox 408 925 536 990; x_wconf 72' lang='grc' dir='ltr'>Ναὶ,</span> <span class='ocrx_word' id='word_1_66' title='bbox 567 925 748 991; x_wconf 79' lang='grc' dir='ltr'>καὶτὸ</span> <span class='ocrx_word' id='word_1_67' title='bbox 770 921 870 989; x_wconf 65' lang='lat' dir='ltr'><strong>OG,</strong></span> <span class='ocrx_word' id='word_1_68' title='bbox 907 925 1321 998; x_wconf 87' lang='grc' dir='ltr'>συγκεχώρηται</span> <span class='ocrx_word' id='word_1_69' title='bbox 1346 968 1361 993; x_wconf 92' lang='grc'><strong>,</strong></span> <span class='ocrx_word' id='word_1_70' title='bbox 1391 927 1456 981; x_wconf 78' lang='grc' dir='ltr'><strong>δι’</strong></span> <span class='ocrx_word' id='word_1_71' title='bbox 1487 929 1811 1001; x_wconf 78' lang='grc' dir='ltr'>ἀμφοτέρων</span> 
     </span>
    </p>
   </div>
   <div class='ocr_carea' id='block_1_11' title="bbox 229 1017 1807 1090">
    <p class='ocr_par' dir='ltr' id='par_1_11' title="bbox 229 1017 1807 1090">
     <span class='ocr_line' id='line_1_11' title="bbox 229 1017 1807 1090; baseline 0.001 -20"><span class='ocrx_word' id='word_1_72' title='bbox 229 1017 371 1070; x_wconf 79' lang='grc' dir='ltr'>κατὰ</span> <span class='ocrx_word' id='word_1_73' title='bbox 403 1018 466 1070; x_wconf 83' lang='grc' dir='ltr'><strong>τὺ</strong></span> <span class='ocrx_word' id='word_1_74' title='bbox 500 1019 614 1070; x_wconf 87' lang='grc' dir='ltr'>ῐσον</span> <span class='ocrx_word' id='word_1_75' title='bbox 641 1020 742 1088; x_wconf 83' lang='grc' dir='ltr'>τῆς</span> <span class='ocrx_word' id='word_1_76' title='bbox 766 1017 1020 1088; x_wconf 74' lang='grc' dir='ltr'>ἀληθείας</span> <span class='ocrx_word' id='word_1_77' title='bbox 1049 1018 1106 1070; x_wconf 89' lang='grc' dir='ltr'><strong>ἐν</strong></span> <span class='ocrx_word' id='word_1_78' title='bbox 1144 1017 1224 1087; x_wconf 78' lang='grc' dir='ltr'><strong>τῷ</strong></span> <span class='ocrx_word' id='word_1_79' title='bbox 1244 1017 1348 1071; x_wconf 73' lang='grc' dir='ltr'>Ναὶ</span> <span class='ocrx_word' id='word_1_80' title='bbox 1394 1017 1770 1090; x_wconf 79' lang='grc' dir='ltr'>θεωρουμένης</span> <span class='ocrx_word' id='word_1_81' title='bbox 1793 1036 1807 1050; x_wconf 73' lang='grc' dir='ltr'><strong><em>ο</em></strong></span> 
     </span>
    </p>
   </div>
   <div class='ocr_carea' id='block_1_12' title="bbox 227 1109 1811 1180">
    <p class='ocr_par' dir='ltr' id='par_1_12' title="bbox 227 1109 1811 1180">
     <span class='ocr_line' id='line_1_12' title="bbox 227 1109 1811 1180; baseline 0.001 -18"><span class='ocrx_word' id='word_1_82' title='bbox 227 1109 388 1180; x_wconf 79' lang='grc' dir='ltr'>δῆλον</span> <span class='ocrx_word' id='word_1_83' title='bbox 409 1110 475 1163; x_wconf 80' lang='grc' dir='ltr'>ἂν</span> <span class='ocrx_word' id='word_1_84' title='bbox 502 1109 609 1180; x_wconf 75' lang='grc' dir='ltr'>εἴη,</span> <span class='ocrx_word' id='word_1_85' title='bbox 640 1110 722 1162; x_wconf 87' lang='grc' dir='ltr'><strong>ὅτι</strong></span> <span class='ocrx_word' id='word_1_86' title='bbox 754 1109 847 1162; x_wconf 70' lang='lat' dir='ltr'><strong>xui.</strong></span> <span class='ocrx_word' id='word_1_87' title='bbox 879 1109 973 1162; x_wconf 80' lang='grc' dir='ltr'>νῦν</span> <span class='ocrx_word' id='word_1_88' title='bbox 1001 1111 1030 1162; x_wconf 84' lang='grc' dir='ltr'>ὁ</span> <span class='ocrx_word' id='word_1_89' title='bbox 1058 1111 1179 1172; x_wconf 88' lang='grc' dir='ltr'>ταῖς</span> <span class='ocrx_word' id='word_1_90' title='bbox 1211 1110 1443 1164; x_wconf 84' lang='grc' dir='ltr'>νεάνισιν</span> <span class='ocrx_word' id='word_1_91' title='bbox 1474 1111 1811 1180; x_wconf 85' lang='grc' dir='ltr'>ἐπαγόμενος</span> 
     </span>
    </p>
   </div>
   <div class='ocr_carea' id='block_1_13' title="bbox 225 1200 1809 1272">
    <p class='ocr_par' dir='ltr' id='par_1_13' title="bbox 225 1200 1809 1272">
     <span class='ocr_line' id='line_1_13' title="bbox 225 1200 1809 1272; baseline 0.001 -18"><span class='ocrx_word' id='word_1_92' title='bbox 225 1202 388 1272; x_wconf 88' lang='grc' dir='ltr'>ὅρκος</span> <span class='ocrx_word' id='word_1_93' title='bbox 415 1201 566 1272; x_wconf 89' lang='grc' dir='ltr'><strong>παρά</strong></span> <span class='ocrx_word' id='word_1_94' title='bbox 593 1204 692 1272; x_wconf 83' lang='grc' dir='ltr'>τῆς</span> <span class='ocrx_word' id='word_1_95' title='bbox 717 1200 932 1270; x_wconf 76' lang='grc' dir='ltr'>νύμφης</span> <span class='ocrx_word' id='word_1_96' title='bbox 955 1240 970 1266; x_wconf 91' lang='grc'><strong>,</strong></span> <span class='ocrx_word' id='word_1_97' title='bbox 1016 1201 1144 1272; x_wconf 75' lang='grc' dir='ltr'>περὶ</span> <span class='ocrx_word' id='word_1_98' title='bbox 1176 1200 1274 1272; x_wconf 85' lang='grc' dir='ltr'>τὴν</span> <span class='ocrx_word' id='word_1_99' title='bbox 1317 1200 1410 1255; x_wconf 81' lang='grc' dir='ltr'><strong>τοῦ</strong></span> <span class='ocrx_word' id='word_1_100' title='bbox 1443 1201 1550 1255; x_wconf 79' lang='grc' dir='ltr'><strong>Ναὶ</strong></span> <span class='ocrx_word' id='word_1_101' title='bbox 1575 1201 1809 1256; x_wconf 85' lang='grc' dir='ltr'>διάνοιαν</span> 
     </span>
    </p>
   </div>
   <div class='ocr_carea' id='block_1_14' title="bbox 1917 559 3489 633">
    <p class='ocr_par' dir='ltr' id='par_1_14' title="bbox 1917 559 3489 633">
     <span class='ocr_line' id='line_1_14' title="bbox 1917 559 3489 633; baseline -0.001 -14"><span class='ocrx_word' id='word_1_102' title='bbox 1917 563 1976 619; x_wconf 90' lang='lat' dir='ltr'><strong>in</strong></span> <span class='ocrx_word' id='word_1_103' title='bbox 2025 577 2259 633; x_wconf 93' lang='lat' dir='ltr'><strong>quorum</strong></span> <span class='ocrx_word' id='word_1_104' title='bbox 2322 568 2556 632; x_wconf 86' lang='lat' dir='ltr'><strong>utroque</strong></span> <span class='ocrx_word' id='word_1_105' title='bbox 2606 559 2807 616; x_wconf 86' lang='lat' dir='ltr'><strong>veritas</strong></span> <span class='ocrx_word' id='word_1_106' title='bbox 2862 575 2929 615; x_wconf 81' lang='lat' dir='ltr'><strong>ex</strong></span> <span class='ocrx_word' id='word_1_107' title='bbox 2963 574 3118 632; x_wconf 63' lang='lat' dir='ltr'><strong>aequo</strong></span> <span class='ocrx_word' id='word_1_108' title='bbox 3172 575 3270 632; x_wconf 88' lang='lat' dir='ltr'><strong>per</strong></span> <span class='ocrx_word' id='word_1_109' title='bbox 3303 559 3489 618; x_wconf 72' lang='lat' dir='ltr'><strong>Etiam</strong></span> 
     </span>
    </p>
   </div>
   <div class='ocr_carea' id='block_1_15' title="bbox 1917 652 3481 728">
    <p class='ocr_par' dir='ltr' id='par_1_15' title="bbox 1917 652 3481 728">
     <span class='ocr_line' id='line_1_15' title="bbox 1917 652 3481 728; baseline -0.002 -17"><span class='ocrx_word' id='word_1_110' title='bbox 1917 654 2326 725; x_wconf 74' lang='lat' dir='ltr'><strong>conspiciatur:</strong></span> <span class='ocrx_word' id='word_1_111' title='bbox 2362 652 2716 710; x_wconf 79' lang='lat' dir='ltr'><strong>manifestum</strong></span> <span class='ocrx_word' id='word_1_112' title='bbox 2743 660 2828 708; x_wconf 89' lang='lat' dir='ltr'><strong>est</strong></span> <span class='ocrx_word' id='word_1_113' title='bbox 2859 652 2952 706; x_wconf 90' lang='lat' dir='ltr'><strong>hic</strong></span> <span class='ocrx_word' id='word_1_114' title='bbox 2987 667 3206 728; x_wconf 71' lang='lat' dir='ltr'><strong>quoque</strong></span> <span class='ocrx_word' id='word_1_115' title='bbox 3235 653 3481 709; x_wconf 89' lang='lat' dir='ltr'><strong>delatum</strong></span> 
     </span>
    </p>
   </div>
   <div class='ocr_carea' id='block_1_16' title="bbox 1917 744 3491 818">
    <p class='ocr_par' dir='ltr' id='par_1_16' title="bbox 1917 744 3491 818">
     <span class='ocr_line' id='line_1_16' title="bbox 1917 744 3491 818; baseline 0.002 -18"><span class='ocrx_word' id='word_1_116' title='bbox 1917 761 1949 800; x_wconf 84' lang='lat' dir='ltr'><strong>a</strong></span> <span class='ocrx_word' id='word_1_117' title='bbox 2007 762 2210 817; x_wconf 83' lang='lat' dir='ltr'><strong>sponsa</strong></span> <span class='ocrx_word' id='word_1_118' title='bbox 2252 747 2568 818; x_wconf 82' lang='lat' dir='ltr'><strong>jnvenculis</strong></span> <span class='ocrx_word' id='word_1_119' title='bbox 2614 744 3009 817; x_wconf 84' lang='lat' dir='ltr'><strong>jusjurandum</strong></span> <span class='ocrx_word' id='word_1_120' title='bbox 3059 746 3115 799; x_wconf 90' lang='lat' dir='ltr'><strong>in</strong></span> <span class='ocrx_word' id='word_1_121' title='bbox 3170 744 3491 803; x_wconf 81' lang='lat' dir='ltr'><strong>afﬁrmando</strong></span> 
     </span>
    </p>
   </div>
   <div class='ocr_carea' id='block_1_17' title="bbox 1915 835 3488 905">
    <p class='ocr_par' dir='ltr' id='par_1_17' title="bbox 1915 835 3488 905">
     <span class='ocr_line' id='line_1_17' title="bbox 1915 835 3488 905; baseline 0 -15"><span class='ocrx_word' id='word_1_122' title='bbox 1915 837 2162 905; x_wconf 88' lang='lat' dir='ltr'><strong>versari,</strong></span> <span class='ocrx_word' id='word_1_123' title='bbox 2210 837 2304 892; x_wconf 90' lang='lat' dir='ltr'><strong>ubi</strong></span> <span class='ocrx_word' id='word_1_124' title='bbox 2363 836 2679 892; x_wconf 85' lang='lat' dir='ltr'><strong>conﬁrmari</strong></span> <span class='ocrx_word' id='word_1_125' title='bbox 2738 851 3028 892; x_wconf 78' lang='lat' dir='ltr'><strong>assensum</strong></span> <span class='ocrx_word' id='word_1_126' title='bbox 3083 835 3253 890; x_wconf 88' lang='lat' dir='ltr'><strong>animi</strong></span> <span class='ocrx_word' id='word_1_127' title='bbox 3307 838 3488 892; x_wconf 89' lang='lat' dir='ltr'><strong>nostri</strong></span> 
     </span>
    </p>
   </div>
   <div class='ocr_carea' id='block_1_18' title="bbox 1917 925 3490 998">
    <p class='ocr_par' dir='ltr' id='par_1_18' title="bbox 1917 925 3490 998">
     <span class='ocr_line' id='line_1_18' title="bbox 1917 925 3490 998; baseline -0.002 -14"><span class='ocrx_word' id='word_1_128' title='bbox 1917 935 2153 998; x_wconf 86' lang='lat' dir='ltr'><strong>oportet.</strong></span> <span class='ocrx_word' id='word_1_129' title='bbox 2194 926 2372 984; x_wconf 75' lang='lat' dir='ltr'><strong>Verba</strong></span> <span class='ocrx_word' id='word_1_130' title='bbox 2415 936 2544 984; x_wconf 92' lang='lat' dir='ltr'><strong>sunt</strong></span> <span class='ocrx_word' id='word_1_131' title='bbox 2586 926 2902 997; x_wconf 90' lang='lat' dir='ltr'><strong>hujusmodi</strong></span> <span class='ocrx_word' id='word_1_132' title='bbox 2942 945 2955 980; x_wconf 89' lang='lat'>:</span> <span class='ocrx_word' id='word_1_133' title='bbox 2993 925 3358 995; x_wconf 83' lang='lat' dir='ltr'><strong>Jurejurando</strong></span> <span class='ocrx_word' id='word_1_134' title='bbox 3399 944 3490 982; x_wconf 84' lang='lat' dir='ltr'><strong>as-</strong></span> 
     </span>
    </p>
   </div>
   <div class='ocr_carea' id='block_1_19' title="bbox 1920 1017 3493 1090">
    <p class='ocr_par' dir='ltr' id='par_1_19' title="bbox 1920 1017 3493 1090">
     <span class='ocr_line' id='line_1_19' title="bbox 1920 1017 3493 1090; baseline -0.001 -17"><span class='ocrx_word' id='word_1_135' title='bbox 1920 1020 2084 1073; x_wconf 69' lang='lat' dir='ltr'><strong>trinxi</strong></span> <span class='ocrx_word' id='word_1_136' title='bbox 2111 1035 2199 1073; x_wconf 81' lang='lat' dir='ltr'><strong>vos</strong></span> <span class='ocrx_word' id='word_1_137' title='bbox 2218 1059 2233 1084; x_wconf 97' lang='lat'><strong>,</strong></span> <span class='ocrx_word' id='word_1_138' title='bbox 2269 1020 2401 1090; x_wconf 73' lang='lat' dir='ltr'><strong>ﬁlia:</strong></span> <span class='ocrx_word' id='word_1_139' title='bbox 2427 1017 2731 1073; x_wconf 78' lang='lat' dir='ltr'><strong>Jerusalem</strong></span> <span class='ocrx_word' id='word_1_140' title='bbox 2751 1057 2765 1082; x_wconf 94' lang='lat'><strong>,</strong></span> <span class='ocrx_word' id='word_1_141' title='bbox 2807 1018 2866 1071; x_wconf 86' lang='lat' dir='ltr'><strong>in</strong></span> <span class='ocrx_word' id='word_1_142' title='bbox 2892 1018 3244 1086; x_wconf 76' lang='lat' dir='ltr'><strong>potestatibus</strong></span> <span class='ocrx_word' id='word_1_143' title='bbox 3276 1035 3340 1072; x_wconf 88' lang='lat' dir='ltr'><strong>ac</strong></span> <span class='ocrx_word' id='word_1_144' title='bbox 3363 1018 3493 1072; x_wconf 74' lang='lat' dir='ltr'><strong>tiri-</strong></span> 
     </span>
    </p>
   </div>
   <div class='ocr_carea' id='block_1_20' title="bbox 1920 1109 3492 1181">
    <p class='ocr_par' dir='ltr' id='par_1_20' title="bbox 1920 1109 3492 1181">
     <span class='ocr_line' id='line_1_20' title="bbox 1920 1109 3492 1181; baseline 0.001 -18"><span class='ocrx_word' id='word_1_145' title='bbox 1920 1110 2014 1164; x_wconf 85' lang='lat' dir='ltr'><strong>bus</strong></span> <span class='ocrx_word' id='word_1_146' title='bbox 2048 1112 2162 1181; x_wconf 89' lang='lat' dir='ltr'><strong>agri</strong></span> <span class='ocrx_word' id='word_1_147' title='bbox 2193 1127 2212 1164; x_wconf 90' lang='lat'><strong><em>:</em></strong></span> <span class='ocrx_word' id='word_1_148' title='bbox 2247 1113 2296 1166; x_wconf 97' lang='lat' dir='ltr'><strong>si</strong></span> <span class='ocrx_word' id='word_1_149' title='bbox 2338 1111 2638 1166; x_wconf 76' lang='lat' dir='ltr'><strong>inveneritis</strong></span> <span class='ocrx_word' id='word_1_150' title='bbox 2670 1117 2946 1178; x_wconf 83' lang='lat' dir='ltr'><strong>cognatum</strong></span> <span class='ocrx_word' id='word_1_151' title='bbox 2987 1127 3189 1176; x_wconf 87' lang='lat' dir='ltr'><strong>meum,</strong></span> <span class='ocrx_word' id='word_1_152' title='bbox 3239 1109 3366 1180; x_wconf 85' lang='lat' dir='ltr'><strong>quid</strong></span> <span class='ocrx_word' id='word_1_153' title='bbox 3407 1124 3492 1164; x_wconf 16' lang='lat' dir='ltr'><strong>ret-</strong></span> 
     </span>
    </p>
   </div>
   <div class='ocr_carea' id='block_1_21' title="bbox 1916 1201 3416 1272">
    <p class='ocr_par' dir='ltr' id='par_1_21' title="bbox 1916 1201 3416 1272">
     <span class='ocr_line' id='line_1_21' title="bbox 1916 1201 3416 1272; baseline -0.001 -16"><span class='ocrx_word' id='word_1_154' title='bbox 1916 1202 2231 1257; x_wconf 80' lang='lat' dir='ltr'><strong>nantiabitis</strong></span> <span class='ocrx_word' id='word_1_155' title='bbox 2262 1204 2310 1256; x_wconf 87' lang='lat' dir='ltr'><strong>ei</strong></span> <span class='ocrx_word' id='word_1_156' title='bbox 2325 1204 2351 1256; x_wconf 71' lang='grc' dir='ltr'><strong><em>Ρ</em></strong></span> <span class='ocrx_word' id='word_1_157' title='bbox 2374 1205 2511 1272; x_wconf 87' lang='lat' dir='ltr'><strong>quod</strong></span> <span class='ocrx_word' id='word_1_158' title='bbox 2535 1219 2566 1255; x_wconf 92' lang='lat' dir='ltr'><strong>a</strong></span> <span class='ocrx_word' id='word_1_159' title='bbox 2584 1201 2863 1255; x_wconf 80' lang='lat' dir='ltr'><strong>dilectione</strong></span> <span class='ocrx_word' id='word_1_160' title='bbox 2881 1201 3153 1256; x_wconf 85' lang='lat' dir='ltr'><strong>vulnerata</strong></span> <span class='ocrx_word' id='word_1_161' title='bbox 3183 1203 3280 1255; x_wconf 77' lang='lat' dir='ltr'><strong>sim</strong></span> <span class='ocrx_word' id='word_1_162' title='bbox 3304 1218 3416 1271; x_wconf 84' lang='lat' dir='ltr'><strong>ego.</strong></span> 
     </span>
    </p>
   </div>
   <div class='ocr_carea' id='block_1_22' title="bbox 227 1292 3485 1366">
    <p class='ocr_par' dir='ltr' id='par_1_22' title="bbox 227 1292 3485 1366">
     <span class='ocr_line' id='line_1_22' title="bbox 227 1292 3485 1366; baseline -0.001 -18"><span class='ocrx_word' id='word_1_163' title='bbox 227 1294 639 1365; x_wconf 82' lang='grc' dir='ltr'>ἀναγράφεται,</span> <span class='ocrx_word' id='word_1_164' title='bbox 673 1295 810 1347; x_wconf 86' lang='grc' dir='ltr'>ὅπου</span> <span class='ocrx_word' id='word_1_165' title='bbox 859 1292 964 1364; x_wconf 81' lang='grc' dir='ltr'><strong>χρὴ</strong></span> <span class='ocrx_word' id='word_1_166' title='bbox 999 1293 1396 1364; x_wconf 81' lang='grc' dir='ltr'>ἐρηρεισμένην</span> <span class='ocrx_word' id='word_1_167' title='bbox 1448 1294 1607 1366; x_wconf 81' lang='grc' dir='ltr'>ἡμῶν</span> <span class='ocrx_word' id='word_1_168' title='bbox 1664 1295 1803 1348; x_wconf 82' lang='grc' dir='ltr'>εἶναι</span> <span class='ocrx_word' id='word_1_169' title='bbox 1880 1295 1976 1366; x_wconf 86' lang='grc' dir='ltr'>τὴν</span> <span class='ocrx_word' id='word_1_170' title='bbox 2001 1295 2101 1365; x_wconf 85' lang='grc' dir='ltr'>τῆς</span> <span class='ocrx_word' id='word_1_171' title='bbox 2129 1295 2308 1366; x_wconf 80' lang='grc' dir='ltr'>ψυχῆς</span> <span class='ocrx_word' id='word_1_172' title='bbox 2375 1293 2793 1363; x_wconf 84' lang='grc' dir='ltr'>συγκατάθεσιν.</span> <span class='ocrx_word' id='word_1_173' title='bbox 2827 1294 2979 1364; x_wconf 87' lang='grc' dir='ltr'>Ἔχει</span> <span class='ocrx_word' id='word_1_174' title='bbox 3001 1293 3274 1366; x_wconf 78' lang='grc' dir='ltr'>δὲηλέξις</span> <span class='ocrx_word' id='word_1_175' title='bbox 3296 1293 3485 1354; x_wconf 77' lang='grc' dir='ltr'>οὕτως·</span> 
     </span>
    </p>
   </div>
   <div class='ocr_carea' id='block_1_23' title="bbox 226 1383 3490 1456">
    <p class='ocr_par' dir='ltr' id='par_1_23' title="bbox 226 1383 3490 1456">
     <span class='ocr_line' id='line_1_23' title="bbox 226 1383 3490 1456; baseline -0.001 -15"><span class='ocrx_word' id='word_1_176' title='bbox 226 1387 486 1456; x_wconf 80' lang='grc' dir='ltr'>Ὠρκισα</span> <span class='ocrx_word' id='word_1_177' title='bbox 518 1385 705 1456; x_wconf 81' lang='grc' dir='ltr'>ὑμᾶς,</span> <span class='ocrx_word' id='word_1_178' title='bbox 741 1385 1060 1456; x_wconf 76' lang='grc' dir='ltr'>θυγατέρες</span> <span class='ocrx_word' id='word_1_179' title='bbox 1097 1385 1486 1456; x_wconf 72' lang='grc' dir='ltr'>Ἰερουσαλὴμ</span> <span class='ocrx_word' id='word_1_180' title='bbox 1514 1426 1529 1452; x_wconf 94' lang='grc'><strong>,</strong></span> <span class='ocrx_word' id='word_1_181' title='bbox 1579 1387 1648 1440; x_wconf 78' lang='grc' dir='ltr'><strong>ἐν</strong></span> <span class='ocrx_word' id='word_1_182' title='bbox 1680 1386 1810 1452; x_wconf 84' lang='grc' dir='ltr'>ταῖς</span> <span class='ocrx_word' id='word_1_183' title='bbox 1847 1385 2140 1455; x_wconf 81' lang='grc' dir='ltr'>δυνάμεσι</span> <span class='ocrx_word' id='word_1_184' title='bbox 2207 1387 2306 1440; x_wconf 79' lang='grc' dir='ltr'>καὶ</span> <span class='ocrx_word' id='word_1_185' title='bbox 2375 1387 2664 1455; x_wconf 73' lang='grc' dir='ltr'>ἰσχύσεσι</span> <span class='ocrx_word' id='word_1_186' title='bbox 2713 1387 2822 1443; x_wconf 84' lang='grc' dir='ltr'>τοῦ</span> <span class='ocrx_word' id='word_1_187' title='bbox 2872 1386 3089 1456; x_wconf 80' lang='grc' dir='ltr'>ἀγροῦ’</span> <span class='ocrx_word' id='word_1_188' title='bbox 3142 1385 3250 1439; x_wconf 81' lang='grc' dir='ltr'><strong>ἐὰν</strong></span> <span class='ocrx_word' id='word_1_189' title='bbox 3278 1383 3490 1453; x_wconf 80' lang='grc' dir='ltr'>εὕρητε</span> 
     </span>
    </p>
   </div>
   <div class='ocr_carea' id='block_1_24' title="bbox 225 1477 2608 1551">
    <p class='ocr_par' dir='ltr' id='par_1_24' title="bbox 225 1477 2608 1551">
     <span class='ocr_line' id='line_1_24' title="bbox 225 1477 2608 1551; baseline 0.001 -19"><span class='ocrx_word' id='word_1_190' title='bbox 225 1479 338 1532; x_wconf 75' lang='grc' dir='ltr'><strong>τὸν</strong></span> <span class='ocrx_word' id='word_1_191' title='bbox 365 1477 692 1546; x_wconf 67' lang='grc' dir='ltr'>ἀδελφιδόν</span> <span class='ocrx_word' id='word_1_192' title='bbox 733 1495 854 1547; x_wconf 84' lang='grc' dir='ltr'>μου</span> <span class='ocrx_word' id='word_1_193' title='bbox 879 1517 895 1543; x_wconf 92' lang='grc'><strong>,</strong></span> <span class='ocrx_word' id='word_1_194' title='bbox 951 1480 1010 1533; x_wconf 82' lang='grc' dir='ltr'><strong>τι</strong></span> <span class='ocrx_word' id='word_1_195' title='bbox 1040 1478 1430 1550; x_wconf 76' lang='grc' dir='ltr'>ἀπαγγελεῖτε</span> <span class='ocrx_word' id='word_1_196' title='bbox 1477 1479 1675 1546; x_wconf 62' lang='lat' dir='ltr'><strong>adtrib;</strong></span> <span class='ocrx_word' id='word_1_197' title='bbox 1721 1479 1813 1535; x_wconf 84' lang='grc' dir='ltr'><strong>ὅτι</strong></span> <span class='ocrx_word' id='word_1_198' title='bbox 1849 1480 2180 1551; x_wconf 72' lang='grc' dir='ltr'>τετρωμένη</span> <span class='ocrx_word' id='word_1_199' title='bbox 2208 1479 2450 1550; x_wconf 75' lang='grc' dir='ltr'>ἀγάπης</span> <span class='ocrx_word' id='word_1_200' title='bbox 2477 1481 2608 1549; x_wconf 73' lang='grc' dir='ltr'>ἐγώ.</span> 
     </span>
    </p>
   </div>
   <div class='ocr_carea' id='block_1_25' title="bbox 299 1571 1810 1646">
    <p class='ocr_par' dir='ltr' id='par_1_25' title="bbox 299 1571 1810 1646">
     <span class='ocr_line' id='line_1_25' title="bbox 299 1571 1810 1646; baseline 0.005 -23"><span class='ocrx_word' id='word_1_201' title='bbox 299 1571 490 1624; x_wconf 73' lang='grc' dir='ltr'>Ταῦτα</span> <span class='ocrx_word' id='word_1_202' title='bbox 527 1571 583 1624; x_wconf 75' lang='grc' dir='ltr'><strong>δὲ</strong></span> <span class='ocrx_word' id='word_1_203' title='bbox 610 1571 941 1643; x_wconf 81' lang='grc' dir='ltr'>τεθεώρηται</span> <span class='ocrx_word' id='word_1_204' title='bbox 973 1573 1072 1645; x_wconf 85' lang='grc' dir='ltr'>μὲν</span> <span class='ocrx_word' id='word_1_205' title='bbox 1101 1574 1202 1646; x_wconf 72' lang='grc' dir='ltr'><strong>ἤδη</strong></span> <span class='ocrx_word' id='word_1_206' title='bbox 1231 1576 1327 1628; x_wconf 61' lang='grc' dir='ltr'><strong>καὶ⁸</strong></span> <span class='ocrx_word' id='word_1_207' title='bbox 1352 1575 1412 1628; x_wconf 89' lang='grc' dir='ltr'><strong>ἐν</strong></span> <span class='ocrx_word' id='word_1_208' title='bbox 1443 1577 1555 1639; x_wconf 82' lang='grc' dir='ltr'>τοῖς</span> <span class='ocrx_word' id='word_1_209' title='bbox 1598 1575 1810 1644; x_wconf 82' lang='grc' dir='ltr'>φθάσα-</span> 
     </span>
    </p>
   </div>
   <div class='ocr_carea' id='block_1_26' title="bbox 229 1662 1812 1737">
    <p class='ocr_par' dir='ltr' id='par_1_26' title="bbox 229 1662 1812 1737">
     <span class='ocr_line' id='line_1_26' title="bbox 229 1662 1812 1737; baseline -0.001 -19"><span class='ocrx_word' id='word_1_210' title='bbox 229 1681 316 1718; x_wconf 86' lang='grc' dir='ltr'><strong>σιν</strong></span> <span class='ocrx_word' id='word_1_211' title='bbox 341 1704 357 1728; x_wconf 90' lang='grc'><strong>,</strong></span> <span class='ocrx_word' id='word_1_212' title='bbox 387 1664 463 1727; x_wconf 83' lang='grc' dir='ltr'><strong>ὡς</strong></span> <span class='ocrx_word' id='word_1_213' title='bbox 492 1665 525 1734; x_wconf 81' lang='grc' dir='ltr'>ἠ</span> <span class='ocrx_word' id='word_1_214' title='bbox 555 1663 847 1718; x_wconf 79' lang='grc' dir='ltr'>ἀκολουθία</span> <span class='ocrx_word' id='word_1_215' title='bbox 885 1664 994 1716; x_wconf 90' lang='grc' dir='ltr'><strong>τῶν</strong></span> <span class='ocrx_word' id='word_1_216' title='bbox 1023 1665 1307 1735; x_wconf 83' lang='grc' dir='ltr'>νοημάτων</span> <span class='ocrx_word' id='word_1_217' title='bbox 1346 1662 1615 1720; x_wconf 77' lang='grc' dir='ltr'>ἐνέϐαλεν.</span> <span class='ocrx_word' id='word_1_218' title='bbox 1645 1666 1812 1737; x_wconf 85' lang='grc' dir='ltr'><strong>Είρὴ-</strong></span> 
     </span>
    </p>
   </div>
   <div class='ocr_carea' id='block_1_27' title="bbox 1991 1573 3488 1645">
    <p class='ocr_par' dir='ltr' id='par_1_27' title="bbox 1991 1573 3488 1645">
     <span class='ocr_line' id='line_1_27' title="bbox 1991 1573 3488 1645; baseline -0.001 -17"><span class='ocrx_word' id='word_1_219' title='bbox 1991 1575 2167 1645; x_wconf 88' lang='lat' dir='ltr'><strong>Atque</strong></span> <span class='ocrx_word' id='word_1_220' title='bbox 2189 1575 2305 1630; x_wconf 83' lang='lat' dir='ltr'><strong>haec</strong></span> <span class='ocrx_word' id='word_1_221' title='bbox 2332 1575 2678 1631; x_wconf 86' lang='lat' dir='ltr'><strong>considerata</strong></span> <span class='ocrx_word' id='word_1_222' title='bbox 2709 1581 2836 1629; x_wconf 89' lang='lat' dir='ltr'><strong>sunt</strong></span> <span class='ocrx_word' id='word_1_223' title='bbox 2869 1588 2899 1627; x_wconf 89' lang='lat' dir='ltr'><strong>a</strong></span> <span class='ocrx_word' id='word_1_224' title='bbox 2924 1573 3084 1628; x_wconf 86' lang='lat' dir='ltr'><strong>nobis</strong></span> <span class='ocrx_word' id='word_1_225' title='bbox 3115 1573 3279 1628; x_wconf 88' lang='lat' dir='ltr'><strong>etiam</strong></span> <span class='ocrx_word' id='word_1_226' title='bbox 3321 1586 3488 1641; x_wconf 70' lang='lat' dir='ltr'><strong>supe-</strong></span> 
     </span>
    </p>
   </div>
   <div class='ocr_carea' id='block_1_28' title="bbox 1919 1659 3483 1734">
    <p class='ocr_par' dir='ltr' id='par_1_28' title="bbox 1919 1659 3483 1734">
     <span class='ocr_line' id='line_1_28' title="bbox 1919 1659 3483 1734; baseline -0.004 -16"><span class='ocrx_word' id='word_1_227' title='bbox 1919 1664 2058 1727; x_wconf 86' lang='lat' dir='ltr'><strong>rius,</strong></span> <span class='ocrx_word' id='word_1_228' title='bbox 2097 1671 2259 1734; x_wconf 86' lang='lat' dir='ltr'><strong>prout</strong></span> <span class='ocrx_word' id='word_1_229' title='bbox 2305 1664 2704 1718; x_wconf 82' lang='lat' dir='ltr'><strong>sententiarum</strong></span> <span class='ocrx_word' id='word_1_230' title='bbox 2741 1663 2912 1718; x_wconf 86' lang='lat' dir='ltr'><strong>series</strong></span> <span class='ocrx_word' id='word_1_231' title='bbox 2947 1661 3106 1716; x_wconf 89' lang='lat' dir='ltr'><strong>nobis</strong></span> <span class='ocrx_word' id='word_1_232' title='bbox 3139 1659 3483 1730; x_wconf 74' lang='lat' dir='ltr'><strong>suggerebat.</strong></span> 
     </span>
    </p>
   </div>
   <div class='ocr_carea' id='block_1_29' title="bbox 229 1751 1809 1828">
    <p class='ocr_par' dir='ltr' id='par_1_29' title="bbox 229 1754 1809 1828">
     <span class='ocr_line' id='line_1_29' title="bbox 229 1754 1809 1828; baseline 0.001 -20"><span class='ocrx_word' id='word_1_233' title='bbox 229 1772 385 1808; x_wconf 85' lang='grc' dir='ltr'>σεται</span> <span class='ocrx_word' id='word_1_234' title='bbox 415 1755 471 1808; x_wconf 81' lang='grc' dir='ltr'><strong>δὲ</strong></span> <span class='ocrx_word' id='word_1_235' title='bbox 497 1756 588 1808; x_wconf 71' lang='grc' dir='ltr'>καὶ</span> <span class='ocrx_word' id='word_1_236' title='bbox 616 1754 712 1808; x_wconf 78' lang='grc' dir='ltr'>νῦν</span> <span class='ocrx_word' id='word_1_237' title='bbox 739 1754 825 1808; x_wconf 76' lang='grc' dir='ltr'>διὰ</span> <span class='ocrx_word' id='word_1_238' title='bbox 853 1755 1099 1826; x_wconf 87' lang='grc' dir='ltr'>βραχέων</span> <span class='ocrx_word' id='word_1_239' title='bbox 1123 1755 1195 1808; x_wconf 88' lang='grc' dir='ltr'><strong>τά</strong></span> <span class='ocrx_word' id='word_1_240' title='bbox 1223 1756 1604 1828; x_wconf 74' lang='grc' dir='ltr'>εὑρισκόμενα.</span> <span class='ocrx_word' id='word_1_241' title='bbox 1648 1756 1809 1826; x_wconf 83' lang='grc' dir='ltr'>Ἀμε-</span> 
     </span>
    </p>
   </div>
   <div class='ocr_carea' id='block_1_30' title="bbox 1914 1751 3487 1828">
    <p class='ocr_par' dir='ltr' id='par_1_30' title="bbox 1916 1751 3487 1825">
     <span class='ocr_line' id='line_1_30' title="bbox 1916 1751 3487 1825; baseline -0.003 -16"><span class='ocrx_word' id='word_1_242' title='bbox 1916 1755 2284 1811; x_wconf 83' lang='lat' dir='ltr'><strong>Nihilominus</strong></span> <span class='ocrx_word' id='word_1_243' title='bbox 2311 1757 2476 1810; x_wconf 90' lang='lat' dir='ltr'><strong>etiam</strong></span> <span class='ocrx_word' id='word_1_244' title='bbox 2522 1756 2685 1809; x_wconf 89' lang='lat' dir='ltr'><strong>modo</strong></span> <span class='ocrx_word' id='word_1_245' title='bbox 2709 1797 2724 1820; x_wconf 93' lang='lat'><strong>,</strong></span> <span class='ocrx_word' id='word_1_246' title='bbox 2763 1752 2912 1825; x_wconf 85' lang='lat' dir='ltr'><strong>quod</strong></span> <span class='ocrx_word' id='word_1_247' title='bbox 2962 1752 3310 1815; x_wconf 87' lang='lat' dir='ltr'><strong>invenimus,</strong></span> <span class='ocrx_word' id='word_1_248' title='bbox 3344 1751 3487 1805; x_wconf 83' lang='lat' dir='ltr'><strong>indi-</strong></span> 
     </span>
    </p>
   </div>
   <div class='ocr_carea' id='block_1_31' title="bbox 227 1841 1813 1917">
    <p class='ocr_par' dir='ltr' id='par_1_31' title="bbox 227 1841 1813 1917">
     <span class='ocr_line' id='line_1_31' title="bbox 227 1841 1813 1917; baseline 0.001 -19"><span class='ocrx_word' id='word_1_249' title='bbox 227 1844 457 1898; x_wconf 82' lang='grc' dir='ltr'>τάθετόν</span> <span class='ocrx_word' id='word_1_250' title='bbox 479 1862 535 1897; x_wconf 92' lang='grc' dir='ltr'><strong>τι</strong></span> <span class='ocrx_word' id='word_1_251' title='bbox 571 1847 802 1916; x_wconf 84' lang='grc' dir='ltr'>πρᾶγμα</span> <span class='ocrx_word' id='word_1_252' title='bbox 830 1845 920 1897; x_wconf 84' lang='grc' dir='ltr'>τὸν</span> <span class='ocrx_word' id='word_1_253' title='bbox 949 1845 1108 1916; x_wconf 83' lang='grc' dir='ltr'>ὅρκον</span> <span class='ocrx_word' id='word_1_254' title='bbox 1131 1841 1269 1899; x_wconf 79' lang='grc' dir='ltr'>εἷναί</span> <span class='ocrx_word' id='word_1_255' title='bbox 1305 1862 1468 1917; x_wconf 84' lang='grc' dir='ltr'>φησιν</span> <span class='ocrx_word' id='word_1_256' title='bbox 1494 1845 1522 1897; x_wconf 80' lang='grc' dir='ltr'><strong>ό</strong></span> <span class='ocrx_word' id='word_1_257' title='bbox 1553 1846 1813 1900; x_wconf 83' lang='grc' dir='ltr'>Ἀπόστο-</span> 
     </span>
    </p>
   </div>
   <div class='ocr_carea' id='block_1_32' title="bbox 227 1933 1811 2007">
    <p class='ocr_par' dir='ltr' id='par_1_32' title="bbox 227 1933 1811 2007">
     <span class='ocr_line' id='line_1_32' title="bbox 227 1933 1811 2007; baseline 0.003 -21"><span class='ocrx_word' id='word_1_258' title='bbox 227 1935 318 1999; x_wconf 85' lang='grc' dir='ltr'><strong>λος</strong></span> <span class='ocrx_word' id='word_1_259' title='bbox 337 1976 354 2002; x_wconf 94' lang='grc'><strong>,</strong></span> <span class='ocrx_word' id='word_1_260' title='bbox 400 1933 722 2006; x_wconf 81' lang='grc' dir='ltr'>βεϐαιοῦντα</span> <span class='ocrx_word' id='word_1_261' title='bbox 757 1935 822 1989; x_wconf 80' lang='grc' dir='ltr'><strong>δι’</strong></span> <span class='ocrx_word' id='word_1_262' title='bbox 851 1934 1016 1989; x_wconf 78' lang='grc' dir='ltr'>αὐτοῦ</span> <span class='ocrx_word' id='word_1_263' title='bbox 1066 1935 1165 2006; x_wconf 79' lang='grc' dir='ltr'>τὴν</span> <span class='ocrx_word' id='word_1_264' title='bbox 1193 1936 1481 2007; x_wconf 82' lang='grc' dir='ltr'>ἀλήθειαν,</span> <span class='ocrx_word' id='word_1_265' title='bbox 1510 1937 1606 1990; x_wconf 78' lang='grc' dir='ltr'>καὶ</span> <span class='ocrx_word' id='word_1_266' title='bbox 1630 1936 1811 2007; x_wconf 85' lang='grc' dir='ltr'>πάσης</span> 
     </span>
    </p>
   </div>
   <div class='ocr_carea' id='block_1_33' title="bbox 229 2027 1810 2099">
    <p class='ocr_par' dir='ltr' id='par_1_33' title="bbox 229 2027 1810 2099">
     <span class='ocr_line' id='line_1_33' title="bbox 229 2027 1810 2099; baseline 0.003 -19"><span class='ocrx_word' id='word_1_267' title='bbox 229 2027 394 2080; x_wconf 75' lang='grc' dir='ltr'>αὐτὸν</span> <span class='ocrx_word' id='word_1_268' title='bbox 431 2027 740 2095; x_wconf 81' lang='grc' dir='ltr'>ἀντιλογίας</span> <span class='ocrx_word' id='word_1_269' title='bbox 775 2027 949 2097; x_wconf 81' lang='grc' dir='ltr'>πέρας</span> <span class='ocrx_word' id='word_1_270' title='bbox 976 2027 1214 2099; x_wconf 79' lang='grc' dir='ltr'>ὁρίζεται</span> <span class='ocrx_word' id='word_1_271' title='bbox 1258 2027 1435 2095; x_wconf 80' lang='grc' dir='ltr'>εἶναι,</span> <span class='ocrx_word' id='word_1_272' title='bbox 1459 2032 1542 2091; x_wconf 83' lang='grc' dir='ltr'><strong>είς</strong></span> <span class='ocrx_word' id='word_1_273' title='bbox 1579 2029 1677 2099; x_wconf 83' lang='grc' dir='ltr'>τὴν</span> <span class='ocrx_word' id='word_1_274' title='bbox 1702 2027 1810 2084; x_wconf 87' lang='grc' dir='ltr'><strong>τῶν</strong></span> 
     </span>
    </p>
   </div>
   <div class='ocr_carea' id='block_1_34' title="bbox 227 2120 1810 2196">
    <p class='ocr_par' dir='ltr' id='par_1_34' title="bbox 227 2120 1810 2196">
     <span class='ocr_line' id='line_1_34' title="bbox 227 2120 1810 2196; baseline 0.002 -23"><span class='ocrx_word' id='word_1_275' title='bbox 227 2120 592 2190; x_wconf 77' lang='grc' dir='ltr'>ἐγνωσμένων</span> <span class='ocrx_word' id='word_1_276' title='bbox 616 2120 924 2190; x_wconf 88' lang='grc' dir='ltr'>βεϐαίωσιν.</span> <span class='ocrx_word' id='word_1_277' title='bbox 960 2121 1185 2190; x_wconf 88' lang='grc' dir='ltr'>Ἐπάγει</span> <span class='ocrx_word' id='word_1_278' title='bbox 1225 2121 1404 2177; x_wconf 90' lang='grc' dir='ltr'>τοίνυν</span> <span class='ocrx_word' id='word_1_279' title='bbox 1431 2121 1522 2177; x_wconf 81' lang='grc' dir='ltr'>τὸν</span> <span class='ocrx_word' id='word_1_280' title='bbox 1549 2122 1810 2196; x_wconf 80' lang='grc' dir='ltr'>ὀρκισμδν</span> 
     </span>
    </p>
   </div>
   <div class='ocr_carea' id='block_1_35' title="bbox 225 2211 1812 2286">
    <p class='ocr_par' dir='ltr' id='par_1_35' title="bbox 225 2211 1812 2286">
     <span class='ocr_line' id='line_1_35' title="bbox 225 2211 1812 2286; baseline 0.002 -24"><span class='ocrx_word' id='word_1_281' title='bbox 225 2213 352 2274; x_wconf 75' lang='grc' dir='ltr'>ταῖς</span> <span class='ocrx_word' id='word_1_282' title='bbox 383 2211 671 2282; x_wconf 82' lang='grc' dir='ltr'>παρθένοις</span> <span class='ocrx_word' id='word_1_283' title='bbox 697 2215 730 2282; x_wconf 75' lang='grc' dir='ltr'><strong>ἡ</strong></span> <span class='ocrx_word' id='word_1_284' title='bbox 758 2211 965 2283; x_wconf 80' lang='grc' dir='ltr'>νύμφη,</span> <span class='ocrx_word' id='word_1_285' title='bbox 993 2211 1133 2266; x_wconf 82' lang='grc' dir='ltr'>ὥστε</span> <span class='ocrx_word' id='word_1_286' title='bbox 1158 2213 1512 2286; x_wconf 79' lang='grc' dir='ltr'>ἀπαράϐατον</span> <span class='ocrx_word' id='word_1_287' title='bbox 1541 2213 1812 2284; x_wconf 79' lang='grc' dir='ltr'>φυλαχθῆ-</span> 
     </span>
    </p>
   </div>
   <div class='ocr_carea' id='block_1_36' title="bbox 227 2303 1811 2375">
    <p class='ocr_par' dir='ltr' id='par_1_36' title="bbox 227 2303 1811 2375">
     <span class='ocr_line' id='line_1_36' title="bbox 227 2303 1811 2375; baseline 0.003 -23"><span class='ocrx_word' id='word_1_288' title='bbox 227 2319 318 2356; x_wconf 89' lang='grc' dir='ltr'><strong>ναι</strong></span> <span class='ocrx_word' id='word_1_289' title='bbox 373 2303 560 2367; x_wconf 80' lang='grc' dir='ltr'>αὐταῖς</span> <span class='ocrx_word' id='word_1_290' title='bbox 606 2304 668 2356; x_wconf 88' lang='grc' dir='ltr'>τδ</span> <span class='ocrx_word' id='word_1_291' title='bbox 715 2303 1027 2374; x_wconf 87' lang='grc' dir='ltr'>λεγόμενον.</span> <span class='ocrx_word' id='word_1_292' title='bbox 1084 2303 1223 2357; x_wconf 83' lang='grc' dir='ltr'>Ἀλλ’</span> <span class='ocrx_word' id='word_1_293' title='bbox 1261 2305 1448 2375; x_wconf 82' lang='grc' dir='ltr'>ἐπειδὴ</span> <span class='ocrx_word' id='word_1_294' title='bbox 1500 2305 1606 2367; x_wconf 81' lang='grc' dir='ltr'><strong>πᾶς</strong></span> <span class='ocrx_word' id='word_1_295' title='bbox 1651 2305 1811 2375; x_wconf 84' lang='grc' dir='ltr'>ὅρκος</span> 
     </span>
    </p>
   </div>
   <div class='ocr_carea' id='block_1_37' title="bbox 227 2393 1812 2467">
    <p class='ocr_par' dir='ltr' id='par_1_37' title="bbox 227 2393 1812 2467">
     <span class='ocr_line' id='line_1_37' title="bbox 227 2393 1812 2467; baseline 0.003 -21"><span class='ocrx_word' id='word_1_296' title='bbox 227 2393 375 2447; x_wconf 83' lang='grc' dir='ltr'><strong>κατά</strong></span> <span class='ocrx_word' id='word_1_297' title='bbox 403 2393 500 2447; x_wconf 79' lang='grc' dir='ltr'><strong>τοῦ</strong></span> <span class='ocrx_word' id='word_1_298' title='bbox 538 2393 780 2463; x_wconf 79' lang='grc' dir='ltr'>μείζονος</span> <span class='ocrx_word' id='word_1_299' title='bbox 805 2395 1046 2463; x_wconf 87' lang='grc' dir='ltr'>γίνεται,</span> <span class='ocrx_word' id='word_1_300' title='bbox 1079 2395 1261 2461; x_wconf 85' lang='grc' dir='ltr'>καθώς</span> <span class='ocrx_word' id='word_1_301' title='bbox 1292 2413 1456 2467; x_wconf 82' lang='grc' dir='ltr'>φησιν</span> <span class='ocrx_word' id='word_1_302' title='bbox 1480 2398 1510 2449; x_wconf 82' lang='grc' dir='ltr'><strong><em>ὁ</em></strong></span> <span class='ocrx_word' id='word_1_303' title='bbox 1552 2395 1812 2450; x_wconf 83' lang='grc' dir='ltr'>Ἀπόστο-</span> 
     </span>
    </p>
   </div>
   <div class='ocr_carea' id='block_1_38' title="bbox 227 2483 1813 2560">
    <p class='ocr_par' dir='ltr' id='par_1_38' title="bbox 227 2483 1813 2560">
     <span class='ocr_line' id='line_1_38' title="bbox 227 2483 1813 2560; baseline 0.003 -24"><span class='ocrx_word' id='word_1_304' title='bbox 227 2485 321 2548; x_wconf 86' lang='grc' dir='ltr'><strong>λος</strong></span> <span class='ocrx_word' id='word_1_305' title='bbox 348 2501 363 2514; x_wconf 90' lang='grc'><strong>·</strong></span> <span class='ocrx_word' id='word_1_306' title='bbox 395 2485 458 2538; x_wconf 86' lang='grc' dir='ltr'>οὐ</span> <span class='ocrx_word' id='word_1_307' title='bbox 485 2483 592 2557; x_wconf 80' lang='grc' dir='ltr'>γὰρ</span> <span class='ocrx_word' id='word_1_308' title='bbox 615 2486 680 2540; x_wconf 80' lang='grc' dir='ltr'>ἄν</span> <span class='ocrx_word' id='word_1_309' title='bbox 710 2503 794 2551; x_wconf 86' lang='grc' dir='ltr'><strong>τις</strong></span> <span class='ocrx_word' id='word_1_310' title='bbox 826 2487 987 2558; x_wconf 87' lang='grc' dir='ltr'>ὅρκον</span> <span class='ocrx_word' id='word_1_311' title='bbox 1027 2489 1308 2560; x_wconf 83' lang='grc' dir='ltr'>ποιήσαιτο</span> <span class='ocrx_word' id='word_1_312' title='bbox 1339 2489 1535 2542; x_wconf 76' lang='grc' dir='ltr'>ἑαυτοῦ</span> <span class='ocrx_word' id='word_1_313' title='bbox 1558 2489 1813 2560; x_wconf 84' lang='grc' dir='ltr'>ἀτιμότε-</span> 
     </span>
    </p>
   </div>
   <div class='ocr_carea' id='block_1_39' title="bbox 228 2577 1812 2654">
    <p class='ocr_par' dir='ltr' id='par_1_39' title="bbox 228 2577 1812 2654">
     <span class='ocr_line' id='line_1_39' title="bbox 228 2577 1812 2654; baseline 0.004 -26"><span class='ocrx_word' id='word_1_314' title='bbox 228 2592 324 2645; x_wconf 85' lang='grc' dir='ltr'><strong>ρον</strong></span> <span class='ocrx_word' id='word_1_315' title='bbox 351 2592 366 2606; x_wconf 82' lang='grc'><em>’</em></span> <span class='ocrx_word' id='word_1_316' title='bbox 397 2577 664 2647; x_wconf 86' lang='grc' dir='ltr'>σκοπῆσαι</span> <span class='ocrx_word' id='word_1_317' title='bbox 699 2581 963 2649; x_wconf 81' lang='grc' dir='ltr'>προσήκει</span> <span class='ocrx_word' id='word_1_318' title='bbox 989 2580 1040 2632; x_wconf 92' lang='grc' dir='ltr'><strong>τί</strong></span> <span class='ocrx_word' id='word_1_319' title='bbox 1080 2583 1194 2644; x_wconf 82' lang='grc' dir='ltr'>ταῖς</span> <span class='ocrx_word' id='word_1_320' title='bbox 1217 2581 1452 2635; x_wconf 85' lang='grc' dir='ltr'>νεάνισιν</span> <span class='ocrx_word' id='word_1_321' title='bbox 1485 2582 1544 2634; x_wconf 89' lang='grc' dir='ltr'><strong>ἐν</strong></span> <span class='ocrx_word' id='word_1_322' title='bbox 1567 2582 1646 2654; x_wconf 82' lang='grc' dir='ltr'><strong>τῷ</strong></span> <span class='ocrx_word' id='word_1_323' title='bbox 1665 2582 1812 2652; x_wconf 82' lang='grc' dir='ltr'>ὅρκῳ</span> 
     </span>
    </p>
   </div>
   <div class='ocr_carea' id='block_1_40' title="bbox 226 2664 1808 2739">
    <p class='ocr_par' dir='ltr' id='par_1_40' title="bbox 226 2664 1808 2739">
     <span class='ocr_line' id='line_1_40' title="bbox 226 2664 1808 2739; baseline 0.003 -23"><span class='ocrx_word' id='word_1_324' title='bbox 226 2664 385 2734; x_wconf 86' lang='grc' dir='ltr'><strong>παρά</strong></span> <span class='ocrx_word' id='word_1_325' title='bbox 445 2665 541 2736; x_wconf 80' lang='grc' dir='ltr'>τῆς</span> <span class='ocrx_word' id='word_1_326' title='bbox 594 2665 809 2736; x_wconf 73' lang='grc' dir='ltr'>νύμφης</span> <span class='ocrx_word' id='word_1_327' title='bbox 884 2667 1066 2737; x_wconf 82' lang='grc' dir='ltr'>μεῖζον</span> <span class='ocrx_word' id='word_1_328' title='bbox 1130 2669 1488 2739; x_wconf 85' lang='grc' dir='ltr'>προτείνεται.</span> <span class='ocrx_word' id='word_1_329' title='bbox 1558 2671 1808 2738; x_wconf 81' lang='grc' dir='ltr'>Ὠρκισα</span> 
     </span>
    </p>
   </div>
   <div class='ocr_carea' id='block_1_41' title="bbox 225 2753 1812 2831">
    <p class='ocr_par' dir='ltr' id='par_1_41' title="bbox 225 2753 1812 2831">
     <span class='ocr_line' id='line_1_41' title="bbox 225 2753 1812 2831; baseline 0.003 -21"><span class='ocrx_word' id='word_1_330' title='bbox 225 2756 417 2826; x_wconf 81' lang='grc' dir='ltr'>ὑμᾶς,</span> <span class='ocrx_word' id='word_1_331' title='bbox 448 2758 611 2828; x_wconf 80' lang='grc' dir='ltr'>φησὶν</span> <span class='ocrx_word' id='word_1_332' title='bbox 634 2797 648 2821; x_wconf 89' lang='grc'><strong>,</strong></span> <span class='ocrx_word' id='word_1_333' title='bbox 680 2753 727 2812; x_wconf 85' lang='grc' dir='ltr'><strong>ὦ</strong></span> <span class='ocrx_word' id='word_1_334' title='bbox 763 2758 1082 2828; x_wconf 80' lang='grc' dir='ltr'>θυγατέρες</span> <span class='ocrx_word' id='word_1_335' title='bbox 1119 2759 1508 2831; x_wconf 73' lang='grc' dir='ltr'>Ἰερουσαλὴμ</span> <span class='ocrx_word' id='word_1_336' title='bbox 1530 2800 1546 2825; x_wconf 94' lang='grc'><strong>,</strong></span> <span class='ocrx_word' id='word_1_337' title='bbox 1577 2760 1648 2814; x_wconf 75' lang='grc' dir='ltr'><strong>ἐν</strong></span> <span class='ocrx_word' id='word_1_338' title='bbox 1682 2762 1812 2829; x_wconf 80' lang='grc' dir='ltr'>ταῖς</span> 
     </span>
    </p>
   </div>
   <div class='ocr_carea' id='block_1_42' title="bbox 225 2845 1812 2923">
    <p class='ocr_par' dir='ltr' id='par_1_42' title="bbox 225 2845 1812 2923">
     <span class='ocr_line' id='line_1_42' title="bbox 225 2845 1812 2923; baseline 0.004 -25"><span class='ocrx_word' id='word_1_339' title='bbox 225 2845 528 2915; x_wconf 79' lang='grc' dir='ltr'>δυνάμεσι</span> <span class='ocrx_word' id='word_1_340' title='bbox 559 2847 654 2901; x_wconf 79' lang='grc' dir='ltr'>καὶ</span> <span class='ocrx_word' id='word_1_341' title='bbox 682 2849 966 2919; x_wconf 78' lang='grc' dir='ltr'>ίσχύσεσι</span> <span class='ocrx_word' id='word_1_342' title='bbox 996 2851 1101 2905; x_wconf 82' lang='grc' dir='ltr'>τοῦ</span> <span class='ocrx_word' id='word_1_343' title='bbox 1130 2851 1334 2920; x_wconf 76' lang='grc' dir='ltr'>ἀγροῦ.</span> <span class='ocrx_word' id='word_1_344' title='bbox 1372 2852 1437 2904; x_wconf 93' lang='grc' dir='ltr'><strong>Τί</strong></span> <span class='ocrx_word' id='word_1_345' title='bbox 1462 2846 1557 2906; x_wconf 79' lang='grc' dir='ltr'>οὖν</span> <span class='ocrx_word' id='word_1_346' title='bbox 1581 2851 1643 2904; x_wconf 76' lang='grc' dir='ltr'><strong>τὸ</strong></span> <span class='ocrx_word' id='word_1_347' title='bbox 1673 2851 1812 2923; x_wconf 85' lang='grc' dir='ltr'>ὑπὲρ</span> 
     </span>
    </p>
   </div>
   <div class='ocr_carea' id='block_1_43' title="bbox 226 2939 1814 3014">
    <p class='ocr_par' dir='ltr' id='par_1_43' title="bbox 226 2939 1814 3014">
     <span class='ocr_line' id='line_1_43' title="bbox 226 2939 1814 3014; baseline 0.005 -25"><span class='ocrx_word' id='word_1_348' title='bbox 226 2939 382 3008; x_wconf 71' lang='grc' dir='ltr'>ἡμᾶς</span> <span class='ocrx_word' id='word_1_349' title='bbox 424 2940 482 2990; x_wconf 91' lang='grc' dir='ltr'><strong>ἐν</strong></span> <span class='ocrx_word' id='word_1_350' title='bbox 511 2939 716 3003; x_wconf 84' lang='grc' dir='ltr'>τούτοις</span> <span class='ocrx_word' id='word_1_351' title='bbox 740 2940 918 3007; x_wconf 86' lang='grc' dir='ltr'>ἐστίν;</span> <span class='ocrx_word' id='word_1_352' title='bbox 967 2942 1160 3012; x_wconf 78' lang='grc' dir='ltr'>Ἀγρὸν</span> <span class='ocrx_word' id='word_1_353' title='bbox 1208 2941 1316 3013; x_wconf 89' lang='grc' dir='ltr'><strong>γάρ</strong></span> <span class='ocrx_word' id='word_1_354' title='bbox 1348 2943 1438 2996; x_wconf 79' lang='grc' dir='ltr'>τὸν</span> <span class='ocrx_word' id='word_1_355' title='bbox 1490 2945 1694 3014; x_wconf 82' lang='grc' dir='ltr'>κόσμον</span> <span class='ocrx_word' id='word_1_356' title='bbox 1725 2943 1814 2997; x_wconf 88' lang='grc' dir='ltr'>διά</span> 
     </span>
    </p>
   </div>
   <div class='ocr_carea' id='block_1_44' title="bbox 225 3017 1808 3106">
    <p class='ocr_par' dir='ltr' id='par_1_44' title="bbox 225 3017 1808 3106">
     <span class='ocr_line' id='line_1_44' title="bbox 225 3017 1808 3106; baseline 0.007 -28"><span class='ocrx_word' id='word_1_357' title='bbox 225 3027 331 3096; x_wconf 77' lang='grc' dir='ltr'>τῆς</span> <span class='ocrx_word' id='word_1_358' title='bbox 356 3023 925 3100; x_wconf 72' lang='grc' dir='ltr'>τροπικῆςσημασίας</span> <span class='ocrx_word' id='word_1_359' title='bbox 959 3017 1192 3085; x_wconf 75' lang='grc' dir='ltr'>νοεῖσθαι</span> <span class='ocrx_word' id='word_1_360' title='bbox 1219 3073 1233 3098; x_wconf 91' lang='grc'><strong>,</strong></span> <span class='ocrx_word' id='word_1_361' title='bbox 1260 3033 1358 3086; x_wconf 76' lang='grc' dir='ltr'>οὐκ</span> <span class='ocrx_word' id='word_1_362' title='bbox 1378 3033 1808 3106; x_wconf 82' lang='grc' dir='ltr'>ἀμφιϐάλλομεν,</span> 
     </span>
    </p>
   </div>
   <div class='ocr_carea' id='block_1_45' title="bbox 1913 1842 3487 1916">
    <p class='ocr_par' dir='ltr' id='par_1_45' title="bbox 1913 1842 3487 1916">
     <span class='ocr_line' id='line_1_45' title="bbox 1913 1842 3487 1916; baseline -0.002 -16"><span class='ocrx_word' id='word_1_363' title='bbox 1913 1861 2042 1902; x_wconf 88' lang='lat' dir='ltr'><strong>care</strong></span> <span class='ocrx_word' id='word_1_364' title='bbox 2074 1846 2312 1902; x_wconf 83' lang='lat' dir='ltr'><strong>breviter</strong></span> <span class='ocrx_word' id='word_1_365' title='bbox 2333 1846 2483 1901; x_wconf 88' lang='lat' dir='ltr'><strong>libet.</strong></span> <span class='ocrx_word' id='word_1_366' title='bbox 2517 1847 2604 1899; x_wconf 80' lang='lat' dir='ltr'><strong>Ait</strong></span> <span class='ocrx_word' id='word_1_367' title='bbox 2633 1847 2928 1916; x_wconf 85' lang='lat' dir='ltr'><strong>Apostolus</strong></span> <span class='ocrx_word' id='word_1_368' title='bbox 2957 1842 3345 1915; x_wconf 84' lang='lat' dir='ltr'><strong>jusjurandum</strong></span> <span class='ocrx_word' id='word_1_369' title='bbox 3363 1855 3487 1897; x_wconf 85' lang='lat' dir='ltr'><strong>esse</strong></span> 
     </span>
    </p>
   </div>
   <div class='ocr_carea' id='block_1_46' title="bbox 1911 1934 3488 2009">
    <p class='ocr_par' dir='ltr' id='par_1_46' title="bbox 1911 1934 3488 2009">
     <span class='ocr_line' id='line_1_46' title="bbox 1911 1934 3488 2009; baseline -0.003 -17"><span class='ocrx_word' id='word_1_370' title='bbox 1911 1938 2173 2009; x_wconf 83' lang='lat' dir='ltr'><strong>quiddam</strong></span> <span class='ocrx_word' id='word_1_371' title='bbox 2226 1936 2374 2007; x_wconf 93' lang='lat' dir='ltr'><strong>quod</strong></span> <span class='ocrx_word' id='word_1_372' title='bbox 2418 1938 2615 1991; x_wconf 84' lang='lat' dir='ltr'><strong>mutari</strong></span> <span class='ocrx_word' id='word_1_373' title='bbox 2669 1944 2939 2006; x_wconf 85' lang='lat' dir='ltr'><strong>nequeat,</strong></span> <span class='ocrx_word' id='word_1_374' title='bbox 2972 1934 3237 2006; x_wconf 87' lang='lat' dir='ltr'><strong>quodque</strong></span> <span class='ocrx_word' id='word_1_375' title='bbox 3272 1947 3371 2002; x_wconf 85' lang='lat' dir='ltr'><strong>per</strong></span> <span class='ocrx_word' id='word_1_376' title='bbox 3425 1947 3488 1987; x_wconf 88' lang='lat' dir='ltr'><strong>se</strong></span> 
     </span>
    </p>
   </div>
   <div class='ocr_carea' id='block_1_47' title="bbox 1914 2024 3488 2109">
    <p class='ocr_par' dir='ltr' id='par_1_47' title="bbox 1914 2024 3488 2109">
     <span class='ocr_line' id='line_1_47' title="bbox 1914 2024 3488 2109; baseline -0.004 -26"><span class='ocrx_word' id='word_1_377' title='bbox 1914 2028 2195 2109; x_wconf 67' lang='lat' dir='ltr'><strong>veritatem</strong></span> <span class='ocrx_word' id='word_1_378' title='bbox 2224 2028 2554 2092; x_wconf 85' lang='lat' dir='ltr'><strong>conllrmct,</strong></span> <span class='ocrx_word' id='word_1_379' title='bbox 2599 2038 2651 2082; x_wconf 86' lang='lat' dir='ltr'><strong>et</strong></span> <span class='ocrx_word' id='word_1_380' title='bbox 2685 2027 2868 2081; x_wconf 90' lang='lat' dir='ltr'><strong>omnis</strong></span> <span class='ocrx_word' id='word_1_381' title='bbox 2909 2025 3042 2081; x_wconf 90' lang='lat' dir='ltr'><strong>adeo</strong></span> <span class='ocrx_word' id='word_1_382' title='bbox 3089 2024 3488 2081; x_wconf 68' lang='lat' dir='ltr'><strong>controversia:</strong></span> 
     </span>
    </p>
   </div>
   <div class='ocr_carea' id='block_1_48' title="bbox 1913 2116 3479 2188">
    <p class='ocr_par' dir='ltr' id='par_1_48' title="bbox 1913 2116 3479 2188">
     <span class='ocr_line' id='line_1_48' title="bbox 1913 2116 3479 2188; baseline -0.006 -14"><span class='ocrx_word' id='word_1_383' title='bbox 1913 2120 2036 2175; x_wconf 78' lang='lat' dir='ltr'><strong>linis</strong></span> <span class='ocrx_word' id='word_1_384' title='bbox 2054 2119 2146 2181; x_wconf 90' lang='lat' dir='ltr'><strong>sit,</strong></span> <span class='ocrx_word' id='word_1_385' title='bbox 2175 2119 2239 2174; x_wconf 84' lang='lat' dir='ltr'><strong>ad</strong></span> <span class='ocrx_word' id='word_1_386' title='bbox 2263 2118 2697 2173; x_wconf 84' lang='lat' dir='ltr'><strong>conﬁrmandum</strong></span> <span class='ocrx_word' id='word_1_387' title='bbox 2721 2134 2783 2173; x_wconf 91' lang='lat' dir='ltr'><strong>ea</strong></span> <span class='ocrx_word' id='word_1_388' title='bbox 2827 2132 2949 2187; x_wconf 73' lang='lat' dir='ltr'><strong>qua:</strong></span> <span class='ocrx_word' id='word_1_389' title='bbox 2965 2116 3387 2188; x_wconf 81' lang='lat' dir='ltr'><strong>cognoverimus</strong></span> <span class='ocrx_word' id='word_1_390' title='bbox 3409 2116 3479 2165; x_wconf 75' lang='grc'><strong>⁸⁵.</strong></span> 
     </span>
    </p>
   </div>
   <div class='ocr_carea' id='block_1_49' title="bbox 1912 2203 3477 2279">
    <p class='ocr_par' dir='ltr' id='par_1_49' title="bbox 1912 2203 3477 2279">
     <span class='ocr_line' id='line_1_49' title="bbox 1912 2203 3477 2279; baseline -0.003 -15"><span class='ocrx_word' id='word_1_391' title='bbox 1912 2209 2282 2276; x_wconf 88' lang='lat' dir='ltr'><strong>Quamobrem</strong></span> <span class='ocrx_word' id='word_1_392' title='bbox 2325 2223 2526 2279; x_wconf 88' lang='lat' dir='ltr'><strong>sponsa</strong></span> <span class='ocrx_word' id='word_1_393' title='bbox 2576 2208 2965 2277; x_wconf 83' lang='lat' dir='ltr'><strong>jusjurandum</strong></span> <span class='ocrx_word' id='word_1_394' title='bbox 3021 2207 3328 2278; x_wconf 76' lang='lat' dir='ltr'><strong>virginibus</strong></span> <span class='ocrx_word' id='word_1_395' title='bbox 3381 2203 3477 2260; x_wconf 88' lang='lat' dir='ltr'><strong>de-</strong></span> 
     </span>
    </p>
   </div>
   <div class='ocr_carea' id='block_1_50' title="bbox 1913 2299 3478 2371">
    <p class='ocr_par' dir='ltr' id='par_1_50' title="bbox 1913 2299 3478 2371">
     <span class='ocr_line' id='line_1_50' title="bbox 1913 2299 3478 2371; baseline -0.004 -16"><span class='ocrx_word' id='word_1_396' title='bbox 1913 2301 2037 2365; x_wconf 79' lang='lat' dir='ltr'><strong>fert,</strong></span> <span class='ocrx_word' id='word_1_397' title='bbox 2071 2308 2130 2355; x_wconf 89' lang='lat' dir='ltr'><strong>ut</strong></span> <span class='ocrx_word' id='word_1_398' title='bbox 2157 2299 2423 2371; x_wconf 90' lang='lat' dir='ltr'><strong>quidquid</strong></span> <span class='ocrx_word' id='word_1_399' title='bbox 2444 2299 2672 2355; x_wconf 68' lang='lat' dir='ltr'><strong>dictura:</strong></span> <span class='ocrx_word' id='word_1_400' title='bbox 2694 2301 2824 2363; x_wconf 89' lang='lat' dir='ltr'><strong>sint,</strong></span> <span class='ocrx_word' id='word_1_401' title='bbox 2851 2307 3028 2354; x_wconf 90' lang='lat' dir='ltr'><strong>ratum</strong></span> <span class='ocrx_word' id='word_1_402' title='bbox 3060 2299 3216 2368; x_wconf 88' lang='lat' dir='ltr'><strong>plene</strong></span> <span class='ocrx_word' id='word_1_403' title='bbox 3237 2305 3478 2352; x_wconf 87' lang='lat' dir='ltr'><strong>servent.</strong></span> 
     </span>
    </p>
   </div>
   <div class='ocr_carea' id='block_1_51' title="bbox 1913 2385 3487 2460">
    <p class='ocr_par' dir='ltr' id='par_1_51' title="bbox 1913 2385 3487 2460">
     <span class='ocr_line' id='line_1_51' title="bbox 1913 2385 3487 2460; baseline -0.005 -14"><span class='ocrx_word' id='word_1_404' title='bbox 1913 2392 2051 2459; x_wconf 88' lang='lat' dir='ltr'><strong>Quia</strong></span> <span class='ocrx_word' id='word_1_405' title='bbox 2098 2406 2226 2448; x_wconf 87' lang='lat' dir='ltr'><strong>vero</strong></span> <span class='ocrx_word' id='word_1_406' title='bbox 2284 2391 2651 2460; x_wconf 89' lang='lat' dir='ltr'><strong>juramentum</strong></span> <span class='ocrx_word' id='word_1_407' title='bbox 2703 2404 2866 2445; x_wconf 92' lang='lat' dir='ltr'><strong>omne</strong></span> <span class='ocrx_word' id='word_1_408' title='bbox 2909 2404 3007 2458; x_wconf 89' lang='lat' dir='ltr'><strong>per</strong></span> <span class='ocrx_word' id='word_1_409' title='bbox 3053 2388 3230 2457; x_wconf 89' lang='lat' dir='ltr'><strong>majus</strong></span> <span class='ocrx_word' id='word_1_410' title='bbox 3281 2385 3487 2455; x_wconf 86' lang='lat' dir='ltr'><strong>aliquid</strong></span> 
     </span>
    </p>
   </div>
   <div class='ocr_carea' id='block_1_52' title="bbox 1912 2479 3494 2554">
    <p class='ocr_par' dir='ltr' id='par_1_52' title="bbox 1912 2479 3494 2554">
     <span class='ocr_line' id='line_1_52' title="bbox 1912 2479 3494 2554; baseline -0.006 -14"><span class='ocrx_word' id='word_1_411' title='bbox 1912 2484 2257 2554; x_wconf 89' lang='lat' dir='ltr'><strong>concipitur,</strong></span> <span class='ocrx_word' id='word_1_412' title='bbox 2287 2481 2746 2553; x_wconf 90' lang='lat' dir='ltr'><strong>quemadmodum</strong></span> <span class='ocrx_word' id='word_1_413' title='bbox 2797 2484 2873 2536; x_wconf 91' lang='lat' dir='ltr'><strong>ait</strong></span> <span class='ocrx_word' id='word_1_414' title='bbox 2906 2479 3205 2550; x_wconf 82' lang='lat' dir='ltr'><strong>Apostolus</strong></span> <span class='ocrx_word' id='word_1_415' title='bbox 3238 2519 3252 2544; x_wconf 91' lang='lat'><strong>,</strong></span> <span class='ocrx_word' id='word_1_416' title='bbox 3285 2479 3494 2548; x_wconf 78' lang='lat' dir='ltr'><strong>quippe</strong></span> 
     </span>
    </p>
   </div>
   <div class='ocr_carea' id='block_1_53' title="bbox 1912 2569 3478 2647">
    <p class='ocr_par' dir='ltr' id='par_1_53' title="bbox 1912 2569 3478 2647">
     <span class='ocr_line' id='line_1_53' title="bbox 1912 2569 3478 2647; baseline -0.006 -15"><span class='ocrx_word' id='word_1_417' title='bbox 1912 2575 2060 2647; x_wconf 89' lang='lat' dir='ltr'><strong>quod</strong></span> <span class='ocrx_word' id='word_1_418' title='bbox 2119 2590 2281 2630; x_wconf 91' lang='lat' dir='ltr'><strong>nemo</strong></span> <span class='ocrx_word' id='word_1_419' title='bbox 2329 2589 2426 2644; x_wconf 89' lang='lat' dir='ltr'><strong>per</strong></span> <span class='ocrx_word' id='word_1_420' title='bbox 2471 2573 2525 2627; x_wconf 90' lang='lat' dir='ltr'><strong>id</strong></span> <span class='ocrx_word' id='word_1_421' title='bbox 2565 2573 2708 2642; x_wconf 90' lang='lat' dir='ltr'><strong>quod</strong></span> <span class='ocrx_word' id='word_1_422' title='bbox 2751 2589 2809 2629; x_wconf 91' lang='lat' dir='ltr'><strong>se</strong></span> <span class='ocrx_word' id='word_1_423' title='bbox 2855 2573 3018 2628; x_wconf 81' lang='lat' dir='ltr'><strong>vilius</strong></span> <span class='ocrx_word' id='word_1_424' title='bbox 3065 2572 3138 2627; x_wconf 90' lang='lat' dir='ltr'><strong>sit</strong></span> <span class='ocrx_word' id='word_1_425' title='bbox 3194 2569 3478 2641; x_wconf 87' lang='lat' dir='ltr'><strong>jusjuran-</strong></span> 
     </span>
    </p>
   </div>
   <div class='ocr_carea' id='block_1_54' title="bbox 1912 2659 3489 2733">
    <p class='ocr_par' dir='ltr' id='par_1_54' title="bbox 1912 2659 3489 2733">
     <span class='ocr_line' id='line_1_54' title="bbox 1912 2659 3489 2733; baseline -0.007 -12"><span class='ocrx_word' id='word_1_426' title='bbox 1912 2665 2040 2721; x_wconf 90' lang='lat' dir='ltr'><strong>dum</strong></span> <span class='ocrx_word' id='word_1_427' title='bbox 2103 2670 2351 2733; x_wconf 66' lang='lat' dir='ltr'><strong>prtestet:</strong></span> <span class='ocrx_word' id='word_1_428' title='bbox 2403 2661 2609 2716; x_wconf 91' lang='lat' dir='ltr'><strong>idcirco</strong></span> <span class='ocrx_word' id='word_1_429' title='bbox 2656 2661 2814 2716; x_wconf 86' lang='lat' dir='ltr'><strong>nobis</strong></span> <span class='ocrx_word' id='word_1_430' title='bbox 2865 2662 2970 2716; x_wconf 88' lang='lat' dir='ltr'><strong>erit</strong></span> <span class='ocrx_word' id='word_1_431' title='bbox 3029 2659 3489 2714; x_wconf 87' lang='lat' dir='ltr'><strong>considerandum</strong></span> 
     </span>
    </p>
   </div>
   <div class='ocr_carea' id='block_1_55' title="bbox 1911 2749 3487 2828">
    <p class='ocr_par' dir='ltr' id='par_1_55' title="bbox 1911 2749 3487 2828">
     <span class='ocr_line' id='line_1_55' title="bbox 1911 2749 3487 2828; baseline -0.005 -18"><span class='ocrx_word' id='word_1_432' title='bbox 1911 2755 2170 2828; x_wconf 87' lang='lat' dir='ltr'><strong>quidnam</strong></span> <span class='ocrx_word' id='word_1_433' title='bbox 2221 2755 2293 2810; x_wconf 87' lang='lat' dir='ltr'><strong>sit</strong></span> <span class='ocrx_word' id='word_1_434' title='bbox 2336 2752 2470 2808; x_wconf 90' lang='lat' dir='ltr'><strong>illud</strong></span> <span class='ocrx_word' id='word_1_435' title='bbox 2543 2752 2720 2821; x_wconf 87' lang='lat' dir='ltr'><strong>majus</strong></span> <span class='ocrx_word' id='word_1_436' title='bbox 2772 2767 2870 2822; x_wconf 88' lang='lat' dir='ltr'><strong>per</strong></span> <span class='ocrx_word' id='word_1_437' title='bbox 2907 2750 3053 2821; x_wconf 89' lang='lat' dir='ltr'><strong>quod</strong></span> <span class='ocrx_word' id='word_1_438' title='bbox 3102 2749 3413 2819; x_wconf 89' lang='lat' dir='ltr'><strong>juvenculis</strong></span> <span class='ocrx_word' id='word_1_439' title='bbox 3457 2764 3487 2802; x_wconf 88' lang='lat' dir='ltr'><strong>a</strong></span> 
     </span>
    </p>
   </div>
   <div class='ocr_carea' id='block_1_56' title="bbox 1914 2839 3480 2918">
    <p class='ocr_par' dir='ltr' id='par_1_56' title="bbox 1914 2839 3480 2918">
     <span class='ocr_line' id='line_1_56' title="bbox 1914 2839 3480 2918; baseline -0.008 -14"><span class='ocrx_word' id='word_1_440' title='bbox 1914 2863 2114 2918; x_wconf 87' lang='lat' dir='ltr'><strong>sponsa</strong></span> <span class='ocrx_word' id='word_1_441' title='bbox 2145 2847 2514 2917; x_wconf 88' lang='lat' dir='ltr'><strong>juramentum</strong></span> <span class='ocrx_word' id='word_1_442' title='bbox 2554 2841 2818 2899; x_wconf 81' lang='lat' dir='ltr'><strong>defertur.</strong></span> <span class='ocrx_word' id='word_1_443' title='bbox 2854 2841 3245 2910; x_wconf 81' lang='lat' dir='ltr'><strong>Jurejurando,</strong></span> <span class='ocrx_word' id='word_1_444' title='bbox 3275 2839 3480 2909; x_wconf 86' lang='lat' dir='ltr'><strong>inquit,</strong></span> 
     </span>
    </p>
   </div>
   <div class='ocr_carea' id='block_1_57' title="bbox 1911 2932 3479 3008">
    <p class='ocr_par' dir='ltr' id='par_1_57' title="bbox 1911 2932 3479 3008">
     <span class='ocr_line' id='line_1_57' title="bbox 1911 2932 3479 3008; baseline -0.005 -14"><span class='ocrx_word' id='word_1_445' title='bbox 1911 2941 2145 2995; x_wconf 75' lang='lat' dir='ltr'><strong>astrinxi</strong></span> <span class='ocrx_word' id='word_1_446' title='bbox 2197 2956 2284 2994; x_wconf 79' lang='lat' dir='ltr'><strong>vos</strong></span> <span class='ocrx_word' id='word_1_447' title='bbox 2313 2978 2328 3003; x_wconf 95' lang='lat'><strong>,</strong></span> <span class='ocrx_word' id='word_1_448' title='bbox 2368 2938 2500 3008; x_wconf 70' lang='lat' dir='ltr'><strong>filim</strong></span> <span class='ocrx_word' id='word_1_449' title='bbox 2550 2934 2889 2998; x_wconf 79' lang='lat' dir='ltr'><strong>Jerusalem,</strong></span> <span class='ocrx_word' id='word_1_450' title='bbox 2931 2936 2986 2987; x_wconf 88' lang='lat' dir='ltr'><strong>in</strong></span> <span class='ocrx_word' id='word_1_451' title='bbox 3018 2932 3370 3002; x_wconf 72' lang='lat' dir='ltr'><strong>potestatibus</strong></span> <span class='ocrx_word' id='word_1_452' title='bbox 3415 2949 3479 2986; x_wconf 83' lang='lat' dir='ltr'><strong>ac</strong></span> 
     </span>
    </p>
   </div>
   <div class='ocr_carea' id='block_1_58' title="bbox 1916 3023 3485 3102">
    <p class='ocr_par' dir='ltr' id='par_1_58' title="bbox 1916 3023 3485 3102">
     <span class='ocr_line' id='line_1_58' title="bbox 1916 3023 3485 3102; baseline -0.007 -15"><span class='ocrx_word' id='word_1_453' title='bbox 1916 3031 2119 3087; x_wconf 77' lang='lat' dir='ltr'><strong>uiribus</strong></span> <span class='ocrx_word' id='word_1_454' title='bbox 2163 3032 2298 3102; x_wconf 87' lang='lat' dir='ltr'><strong>agri.</strong></span> <span class='ocrx_word' id='word_1_455' title='bbox 2337 3029 2478 3096; x_wconf 87' lang='lat' dir='ltr'><strong>Quid</strong></span> <span class='ocrx_word' id='word_1_456' title='bbox 2529 3028 2585 3082; x_wconf 92' lang='lat' dir='ltr'><strong>in</strong></span> <span class='ocrx_word' id='word_1_457' title='bbox 2617 3027 2704 3082; x_wconf 91' lang='lat' dir='ltr'><strong>his</strong></span> <span class='ocrx_word' id='word_1_458' title='bbox 2745 3026 3080 3090; x_wconf 87' lang='lat' dir='ltr'><strong>continetur,</strong></span> <span class='ocrx_word' id='word_1_459' title='bbox 3132 3023 3280 3094; x_wconf 90' lang='lat' dir='ltr'><strong>quod</strong></span> <span class='ocrx_word' id='word_1_460' title='bbox 3319 3038 3485 3093; x_wconf 84' lang='lat' dir='ltr'><strong>supra</strong></span> 
     </span>
    </p>
   </div>
   <div class='ocr_carea' id='block_1_59' title="bbox 225 3100 1809 3196">
    <p class='ocr_par' dir='ltr' id='par_1_59' title="bbox 225 3100 1809 3196">
     <span class='ocr_line' id='line_1_59' title="bbox 225 3100 1809 3196; baseline 0.008 -29"><span class='ocrx_word' id='word_1_461' title='bbox 225 3115 376 3169; x_wconf 77' lang='grc' dir='ltr'>οὕτω</span> <span class='ocrx_word' id='word_1_462' title='bbox 425 3116 520 3170; x_wconf 76' lang='grc' dir='ltr'><strong>τοῦ</strong></span> <span class='ocrx_word' id='word_1_463' title='bbox 568 3119 776 3190; x_wconf 83' lang='grc' dir='ltr'>Κυρίου</span> <span class='ocrx_word' id='word_1_464' title='bbox 811 3121 905 3174; x_wconf 76' lang='grc' dir='ltr'>καὶ</span> <span class='ocrx_word' id='word_1_465' title='bbox 939 3123 1303 3192; x_wconf 83' lang='grc' dir='ltr'>ὀνομάσαντος</span> <span class='ocrx_word' id='word_1_466' title='bbox 1350 3100 1443 3177; x_wconf 78' lang='grc' dir='ltr'>τὸν</span> <span class='ocrx_word' id='word_1_467' title='bbox 1473 3100 1703 3196; x_wconf 35' lang='grc' dir='ltr'>κόσμον.</span> <span class='ocrx_word' id='word_1_468' title='bbox 1723 3129 1809 3179; x_wconf 67' lang='grc' dir='ltr'><strong>καὶ</strong></span> 
     </span>
    </p>
   </div>
   <div class='ocr_carea' id='block_1_60' title="bbox 1914 3100 3490 3196">
    <p class='ocr_par' dir='ltr' id='par_1_60' title="bbox 1916 3100 3490 3192">
     <span class='ocr_line' id='line_1_60' title="bbox 1916 3100 3490 3192; baseline -0.008 -14"><span class='ocrx_word' id='word_1_469' title='bbox 1916 3139 2019 3178; x_wconf 88' lang='lat' dir='ltr'><strong>nos</strong></span> <span class='ocrx_word' id='word_1_470' title='bbox 2057 3100 2296 3192; x_wconf 82' lang='lat' dir='ltr'><strong>positum</strong></span> <span class='ocrx_word' id='word_1_471' title='bbox 2345 3120 2452 3175; x_wconf 88' lang='lat' dir='ltr'><strong>sit?</strong></span> <span class='ocrx_word' id='word_1_472' title='bbox 2500 3116 2633 3171; x_wconf 86' lang='lat' dir='ltr'><strong>Nam</strong></span> <span class='ocrx_word' id='word_1_473' title='bbox 2693 3132 2791 3188; x_wconf 91' lang='lat' dir='ltr'><strong>per</strong></span> <span class='ocrx_word' id='word_1_474' title='bbox 2841 3131 3032 3186; x_wconf 81' lang='lat' dir='ltr'><strong>agrum</strong></span> <span class='ocrx_word' id='word_1_475' title='bbox 3090 3113 3490 3184; x_wconf 73' lang='lat' dir='ltr'><strong>significatione</strong></span> 
     </span>
    </p>
   </div>
   <div class='ocr_carea' id='block_1_61' title="bbox 228 3205 1814 3282">
    <p class='ocr_par' dir='ltr' id='par_1_61' title="bbox 228 3205 1814 3282">
     <span class='ocr_line' id='line_1_61' title="bbox 228 3205 1814 3282; baseline 0.004 -25"><span class='ocrx_word' id='word_1_476' title='bbox 228 3205 686 3277; x_wconf 78' lang='grc' dir='ltr'>ἐρμηνεύσαντος.</span> <span class='ocrx_word' id='word_1_477' title='bbox 720 3209 786 3260; x_wconf 79' lang='lat' dir='ltr'><strong>At</strong></span> <span class='ocrx_word' id='word_1_478' title='bbox 821 3208 999 3264; x_wconf 81' lang='grc' dir='ltr'>τοίνυν</span> <span class='ocrx_word' id='word_1_479' title='bbox 1017 3209 1208 3262; x_wconf 71' lang='grc' dir='ltr'>πολλαὶ</span> <span class='ocrx_word' id='word_1_480' title='bbox 1227 3209 1484 3280; x_wconf 87' lang='grc' dir='ltr'>δυνάμεις</span> <span class='ocrx_word' id='word_1_481' title='bbox 1507 3211 1601 3264; x_wconf 70' lang='grc' dir='ltr'>καὶ</span> <span class='ocrx_word' id='word_1_482' title='bbox 1633 3211 1814 3282; x_wconf 87' lang='grc' dir='ltr'>ἰσχύες</span> 
     </span>
    </p>
   </div>
   <div class='ocr_carea' id='block_1_62' title="bbox 225 3293 1816 3370">
    <p class='ocr_par' dir='ltr' id='par_1_62' title="bbox 225 3293 1816 3370">
     <span class='ocr_line' id='line_1_62' title="bbox 225 3293 1816 3370; baseline 0.004 -22"><span class='ocrx_word' id='word_1_483' title='bbox 225 3293 324 3348; x_wconf 79' lang='grc' dir='ltr'>τοῦ</span> <span class='ocrx_word' id='word_1_484' title='bbox 354 3293 565 3362; x_wconf 85' lang='grc' dir='ltr'>κόσμου</span> <span class='ocrx_word' id='word_1_485' title='bbox 589 3295 735 3358; x_wconf 88' lang='grc' dir='ltr'>τίνες</span> <span class='ocrx_word' id='word_1_486' title='bbox 772 3297 910 3360; x_wconf 37' lang='grc' dir='ltr'>ενίσὶν</span> <span class='ocrx_word' id='word_1_487' title='bbox 947 3299 1000 3349; x_wconf 81' lang='grc' dir='ltr'>αἱ</span> <span class='ocrx_word' id='word_1_488' title='bbox 1029 3296 1106 3368; x_wconf 83' lang='grc' dir='ltr'><strong>τῷ</strong></span> <span class='ocrx_word' id='word_1_489' title='bbox 1148 3298 1300 3368; x_wconf 86' lang='grc' dir='ltr'>ὅρκῳ</span> <span class='ocrx_word' id='word_1_490' title='bbox 1329 3299 1684 3370; x_wconf 86' lang='grc' dir='ltr'>προκείμεναι</span> <span class='ocrx_word' id='word_1_491' title='bbox 1702 3341 1717 3366; x_wconf 93' lang='grc'><strong>,</strong></span> <span class='ocrx_word' id='word_1_492' title='bbox 1747 3299 1816 3364; x_wconf 76' lang='grc' dir='ltr'>ἃς</span> 
     </span>
    </p>
   </div>
   <div class='ocr_carea' id='block_1_63' title="bbox 224 3385 1814 3461">
    <p class='ocr_par' dir='ltr' id='par_1_63' title="bbox 224 3385 1814 3461">
     <span class='ocr_line' id='line_1_63' title="bbox 224 3385 1814 3461; baseline 0.004 -25"><span class='ocrx_word' id='word_1_493' title='bbox 224 3387 334 3456; x_wconf 74' lang='grc' dir='ltr'><strong>χρὴ</strong></span> <span class='ocrx_word' id='word_1_494' title='bbox 373 3385 626 3455; x_wconf 78' lang='grc' dir='ltr'>μείζονας</span> <span class='ocrx_word' id='word_1_495' title='bbox 651 3386 808 3458; x_wconf 79' lang='grc' dir='ltr'>ἡμῶν</span> <span class='ocrx_word' id='word_1_496' title='bbox 833 3387 1175 3458; x_wconf 81' lang='grc' dir='ltr'>νομισθῆναι,</span> <span class='ocrx_word' id='word_1_497' title='bbox 1208 3389 1295 3440; x_wconf 82' lang='grc' dir='ltr'><strong>ἴνα</strong></span> <span class='ocrx_word' id='word_1_498' title='bbox 1329 3390 1484 3458; x_wconf 78' lang='grc' dir='ltr'>ίσχὺν</span> <span class='ocrx_word' id='word_1_499' title='bbox 1510 3388 1646 3460; x_wconf 84' lang='grc' dir='ltr'>λάϐῃ</span> <span class='ocrx_word' id='word_1_500' title='bbox 1676 3389 1814 3461; x_wconf 84' lang='grc' dir='ltr'>πρὸς</span> 
     </span>
    </p>
   </div>
   <div class='ocr_carea' id='block_1_64' title="bbox 225 3473 1814 3548">
    <p class='ocr_par' dir='ltr' id='par_1_64' title="bbox 225 3473 1814 3548">
     <span class='ocr_line' id='line_1_64' title="bbox 225 3473 1814 3548; baseline 0.003 -21"><span class='ocrx_word' id='word_1_501' title='bbox 225 3473 524 3544; x_wconf 82' lang='grc' dir='ltr'>βεϐαίωσιν</span> <span class='ocrx_word' id='word_1_502' title='bbox 564 3478 664 3547; x_wconf 82' lang='grc' dir='ltr'>τῆς</span> <span class='ocrx_word' id='word_1_503' title='bbox 701 3475 958 3546; x_wconf 78' lang='grc' dir='ltr'>ἀληθείας</span> <span class='ocrx_word' id='word_1_504' title='bbox 985 3477 1014 3530; x_wconf 87' lang='grc' dir='ltr'><strong>ό</strong></span> <span class='ocrx_word' id='word_1_505' title='bbox 1054 3477 1213 3546; x_wconf 87' lang='grc' dir='ltr'>ὅρκος</span> <span class='ocrx_word' id='word_1_506' title='bbox 1238 3479 1380 3531; x_wconf 87' lang='grc' dir='ltr'><strong>κατά</strong></span> <span class='ocrx_word' id='word_1_507' title='bbox 1409 3477 1518 3533; x_wconf 86' lang='grc' dir='ltr'><strong>τῶν</strong></span> <span class='ocrx_word' id='word_1_508' title='bbox 1553 3479 1814 3548; x_wconf 74' lang='grc' dir='ltr'>μειζόνων</span> 
     </span>
    </p>
   </div>
   <div class='ocr_carea' id='block_1_65' title="bbox 225 3565 1812 3642">
    <p class='ocr_par' dir='ltr' id='par_1_65' title="bbox 225 3565 1812 3642">
     <span class='ocr_line' id='line_1_65' title="bbox 225 3565 1812 3642; baseline 0.003 -24"><span class='ocrx_word' id='word_1_509' title='bbox 225 3565 556 3636; x_wconf 80' lang='grc' dir='ltr'>γινόμενος;</span> <span class='ocrx_word' id='word_1_510' title='bbox 598 3567 806 3620; x_wconf 83' lang='grc' dir='ltr'>Οὐκοῦν</span> <span class='ocrx_word' id='word_1_511' title='bbox 865 3568 1158 3635; x_wconf 87' lang='grc' dir='ltr'>ἀναγκαῖον</span> <span class='ocrx_word' id='word_1_512' title='bbox 1216 3568 1280 3622; x_wconf 82' lang='grc' dir='ltr'>ἂν</span> <span class='ocrx_word' id='word_1_513' title='bbox 1334 3570 1418 3640; x_wconf 86' lang='grc' dir='ltr'><strong>είη</strong></span> <span class='ocrx_word' id='word_1_514' title='bbox 1473 3569 1812 3642; x_wconf 76' lang='grc' dir='ltr'>παραθέσθαι</span> 
     </span>
    </p>
   </div>
   <div class='ocr_carea' id='block_1_66' title="bbox 225 3656 1813 3731">
    <p class='ocr_par' dir='ltr' id='par_1_66' title="bbox 225 3656 1813 3731">
     <span class='ocr_line' id='line_1_66' title="bbox 225 3656 1813 3731; baseline 0.004 -22"><span class='ocrx_word' id='word_1_515' title='bbox 225 3656 367 3727; x_wconf 80' lang='grc' dir='ltr'>πρὸς</span> <span class='ocrx_word' id='word_1_516' title='bbox 392 3658 493 3726; x_wconf 82' lang='grc' dir='ltr'>τὴν</span> <span class='ocrx_word' id='word_1_517' title='bbox 521 3659 818 3728; x_wconf 83' lang='grc' dir='ltr'>σαφήνειαν</span> <span class='ocrx_word' id='word_1_518' title='bbox 849 3658 954 3712; x_wconf 88' lang='grc' dir='ltr'><strong>τῶν</strong></span> <span class='ocrx_word' id='word_1_519' title='bbox 981 3659 1356 3730; x_wconf 79' lang='grc' dir='ltr'>προκειμένων</span> <span class='ocrx_word' id='word_1_520' title='bbox 1386 3659 1576 3731; x_wconf 83' lang='grc' dir='ltr'>ἑτέραν</span> <span class='ocrx_word' id='word_1_521' title='bbox 1603 3659 1813 3715; x_wconf 79' lang='grc' dir='ltr'>ἔκδοσιν</span> 
     </span>
    </p>
   </div>
   <div class='ocr_carea' id='block_1_67' title="bbox 222 3749 1813 3822">
    <p class='ocr_par' dir='ltr' id='par_1_67' title="bbox 222 3749 1813 3822">
     <span class='ocr_line' id='line_1_67' title="bbox 222 3749 1813 3822; baseline 0.004 -20"><span class='ocrx_word' id='word_1_522' title='bbox 222 3749 633 3822; x_wconf 77' lang='grc' dir='ltr'>ἑρμηνευτικὴν</span> <span class='ocrx_word' id='word_1_523' title='bbox 663 3751 772 3804; x_wconf 89' lang='grc' dir='ltr'><strong>τῶν</strong></span> <span class='ocrx_word' id='word_1_524' title='bbox 803 3750 979 3822; x_wconf 80' lang='grc' dir='ltr'>ῥητῶν</span> <span class='ocrx_word' id='word_1_525' title='bbox 1005 3790 1019 3813; x_wconf 91' lang='grc'><strong>,</strong></span> <span class='ocrx_word' id='word_1_526' title='bbox 1055 3751 1284 3822; x_wconf 78' lang='grc' dir='ltr'>ἔχουσαν</span> <span class='ocrx_word' id='word_1_527' title='bbox 1325 3750 1493 3815; x_wconf 74' lang='grc' dir='ltr'>οὕτως</span> <span class='ocrx_word' id='word_1_528' title='bbox 1515 3769 1528 3783; x_wconf 86' lang='grc'><strong>·</strong></span> <span class='ocrx_word' id='word_1_529' title='bbox 1564 3752 1813 3821; x_wconf 81' lang='grc' dir='ltr'>Ὤρκισα</span> 
     </span>
    </p>
   </div>
   <div class='ocr_carea' id='block_1_68' title="bbox 221 3840 1848 3915">
    <p class='ocr_par' dir='ltr' id='par_1_68' title="bbox 221 3840 1848 3915">
     <span class='ocr_line' id='line_1_68' title="bbox 221 3840 1848 3915; baseline 0.003 -19"><span class='ocrx_word' id='word_1_530' title='bbox 221 3840 735 3912; x_wconf 69' lang='grc' dir='ltr'>ὐμᾶςβυτατέρες</span> <span class='ocrx_word' id='word_1_531' title='bbox 759 3843 1172 3913; x_wconf 75' lang='grc' dir='ltr'>Ἰερουσαλὴμ,</span> <span class='ocrx_word' id='word_1_532' title='bbox 1203 3843 1352 3898; x_wconf 84' lang='grc' dir='ltr'>κατὰ</span> <span class='ocrx_word' id='word_1_533' title='bbox 1378 3844 1812 3914; x_wconf 77' lang='grc' dir='ltr'>τῶνδορκάδων</span> <span class='ocrx_word' id='word_1_534' title='bbox 1840 3907 1848 3915; x_wconf 25' lang='grc' dir='ltr'><strong>κ</strong></span> 
     </span>
    </p>
   </div>
   <div class='ocr_carea' id='block_1_69' title="bbox 220 3931 1812 4006">
    <p class='ocr_par' dir='ltr' id='par_1_69' title="bbox 220 3931 1812 4006">
     <span class='ocr_line' id='line_1_69' title="bbox 220 3931 1812 4006; baseline 0.001 -16"><span class='ocrx_word' id='word_1_535' title='bbox 220 3934 324 3990; x_wconf 80' lang='grc' dir='ltr'>καὶ</span> <span class='ocrx_word' id='word_1_536' title='bbox 340 3934 495 3986; x_wconf 85' lang='grc' dir='ltr'>κατὰ</span> <span class='ocrx_word' id='word_1_537' title='bbox 508 3931 625 3987; x_wconf 83' lang='grc' dir='ltr'>τῶν</span> <span class='ocrx_word' id='word_1_538' title='bbox 646 3933 888 4004; x_wconf 61' lang='grc' dir='ltr'><strong>ἐλάφων</strong></span> <span class='ocrx_word' id='word_1_539' title='bbox 902 3934 1010 3989; x_wconf 85' lang='grc' dir='ltr'>τοῦ</span> <span class='ocrx_word' id='word_1_540' title='bbox 1026 3935 1231 4005; x_wconf 81' lang='grc' dir='ltr'>ἀγροῦ.</span> <span class='ocrx_word' id='word_1_541' title='bbox 1249 3936 1620 4006; x_wconf 87' lang='grc' dir='ltr'>Διδασκόμεθα</span> <span class='ocrx_word' id='word_1_542' title='bbox 1635 3938 1812 3993; x_wconf 85' lang='grc' dir='ltr'>τοίνυν</span> 
     </span>
    </p>
   </div>
   <div class='ocr_carea' id='block_1_70' title="bbox 217 4025 1809 4102">
    <p class='ocr_par' dir='ltr' id='par_1_70' title="bbox 217 4025 1809 4102">
     <span class='ocr_line' id='line_1_70' title="bbox 217 4025 1809 4102; baseline 0.004 -22"><span class='ocrx_word' id='word_1_543' title='bbox 217 4025 310 4080; x_wconf 77' lang='grc' dir='ltr'>διὰ</span> <span class='ocrx_word' id='word_1_544' title='bbox 346 4026 459 4080; x_wconf 87' lang='grc' dir='ltr'><strong>τῶν</strong></span> <span class='ocrx_word' id='word_1_545' title='bbox 489 4027 766 4098; x_wconf 85' lang='grc' dir='ltr'>ὀνομάτων</span> <span class='ocrx_word' id='word_1_546' title='bbox 793 4028 996 4082; x_wconf 84' lang='grc' dir='ltr'>τούτων</span> <span class='ocrx_word' id='word_1_547' title='bbox 1022 4031 1078 4082; x_wconf 89' lang='grc' dir='ltr'><strong>ἐν</strong></span> <span class='ocrx_word' id='word_1_548' title='bbox 1101 4030 1206 4082; x_wconf 88' lang='grc' dir='ltr'>τίνι</span> <span class='ocrx_word' id='word_1_549' title='bbox 1241 4031 1388 4083; x_wconf 78' lang='grc' dir='ltr'>ἐστὶν</span> <span class='ocrx_word' id='word_1_550' title='bbox 1415 4033 1448 4100; x_wconf 77' lang='grc' dir='ltr'><strong>ἡ</strong></span> <span class='ocrx_word' id='word_1_551' title='bbox 1482 4031 1576 4084; x_wconf 82' lang='grc' dir='ltr'>τοῦ</span> <span class='ocrx_word' id='word_1_552' title='bbox 1605 4032 1809 4102; x_wconf 85' lang='grc' dir='ltr'>κόσμου</span> 
     </span>
    </p>
   </div>
   <div class='ocr_carea' id='block_1_71' title="bbox 217 4117 1811 4194">
    <p class='ocr_par' dir='ltr' id='par_1_71' title="bbox 217 4117 1811 4194">
     <span class='ocr_line' id='line_1_71' title="bbox 217 4117 1811 4194; baseline 0.003 -22"><span class='ocrx_word' id='word_1_553' title='bbox 217 4117 420 4173; x_wconf 78' lang='grc' dir='ltr'>τούτου</span> <span class='ocrx_word' id='word_1_554' title='bbox 450 4119 636 4189; x_wconf 80' lang='grc' dir='ltr'>ἰσχὺς,</span> <span class='ocrx_word' id='word_1_555' title='bbox 660 4120 753 4173; x_wconf 78' lang='grc' dir='ltr'>καὶ</span> <span class='ocrx_word' id='word_1_556' title='bbox 774 4122 831 4173; x_wconf 86' lang='grc' dir='ltr'><strong>ἐν</strong></span> <span class='ocrx_word' id='word_1_557' title='bbox 859 4121 966 4176; x_wconf 85' lang='grc' dir='ltr'>τίνι</span> <span class='ocrx_word' id='word_1_558' title='bbox 993 4123 1025 4192; x_wconf 83' lang='grc' dir='ltr'>ἡ</span> <span class='ocrx_word' id='word_1_559' title='bbox 1063 4121 1318 4192; x_wconf 82' lang='grc' dir='ltr'>δύναμις,</span> <span class='ocrx_word' id='word_1_560' title='bbox 1347 4121 1383 4176; x_wconf 80' lang='grc' dir='ltr'><strong>ἀ</strong></span> <span class='ocrx_word' id='word_1_561' title='bbox 1411 4123 1546 4194; x_wconf 81' lang='grc' dir='ltr'>πρὸς</span> <span class='ocrx_word' id='word_1_562' title='bbox 1585 4123 1811 4193; x_wconf 83' lang='grc' dir='ltr'>βεϐαίω-</span> 
     </span>
    </p>
   </div>
   <div class='ocr_carea' id='block_1_72' title="bbox 217 4210 1811 4284">
    <p class='ocr_par' dir='ltr' id='par_1_72' title="bbox 217 4210 1811 4284">
     <span class='ocr_line' id='line_1_72' title="bbox 217 4210 1811 4284; baseline 0.004 -20"><span class='ocrx_word' id='word_1_563' title='bbox 217 4227 312 4264; x_wconf 83' lang='grc' dir='ltr'><strong>σιν</strong></span> <span class='ocrx_word' id='word_1_564' title='bbox 337 4211 442 4281; x_wconf 79' lang='grc' dir='ltr'>τῆς</span> <span class='ocrx_word' id='word_1_565' title='bbox 470 4210 726 4281; x_wconf 86' lang='grc' dir='ltr'>ἀληθείας</span> <span class='ocrx_word' id='word_1_566' title='bbox 750 4212 836 4266; x_wconf 84' lang='grc' dir='ltr'>διὰ</span> <span class='ocrx_word' id='word_1_567' title='bbox 861 4212 955 4266; x_wconf 82' lang='grc' dir='ltr'>τοῦ</span> <span class='ocrx_word' id='word_1_568' title='bbox 982 4214 1144 4284; x_wconf 85' lang='grc' dir='ltr'>ὅρκου</span> <span class='ocrx_word' id='word_1_569' title='bbox 1177 4214 1680 4284; x_wconf 83' lang='grc' dir='ltr'>παραλαμϐάνεται.</span> <span class='ocrx_word' id='word_1_570' title='bbox 1707 4217 1811 4270; x_wconf 88' lang='grc' dir='ltr'>Δύο</span> 
     </span>
    </p>
   </div>
   <div class='ocr_carea' id='block_1_73' title="bbox 213 4298 1807 4377">
    <p class='ocr_par' dir='ltr' id='par_1_73' title="bbox 213 4298 1807 4377">
     <span class='ocr_line' id='line_1_73' title="bbox 213 4298 1807 4377; baseline 0.004 -25"><span class='ocrx_word' id='word_1_571' title='bbox 213 4299 344 4352; x_wconf 73' lang='grc' dir='ltr'>ἐστὶ</span> <span class='ocrx_word' id='word_1_572' title='bbox 376 4299 446 4352; x_wconf 71' lang='grc' dir='ltr'><strong>τὰ</strong></span> <span class='ocrx_word' id='word_1_573' title='bbox 485 4299 564 4370; x_wconf 80' lang='grc' dir='ltr'><strong>τῷ</strong></span> <span class='ocrx_word' id='word_1_574' title='bbox 591 4298 708 4370; x_wconf 83' lang='grc' dir='ltr'><strong>Θεῷ</strong></span> <span class='ocrx_word' id='word_1_575' title='bbox 736 4300 1034 4354; x_wconf 78' lang='grc' dir='ltr'>οίκειοῦντα</span> <span class='ocrx_word' id='word_1_576' title='bbox 1064 4301 1155 4354; x_wconf 86' lang='grc' dir='ltr'>τὸν</span> <span class='ocrx_word' id='word_1_577' title='bbox 1182 4302 1490 4373; x_wconf 79' lang='grc' dir='ltr'>ἄνθρωπον.</span> <span class='ocrx_word' id='word_1_578' title='bbox 1537 4305 1633 4358; x_wconf 87' lang='grc' dir='ltr'><strong>Ἒν</strong></span> <span class='ocrx_word' id='word_1_579' title='bbox 1687 4306 1807 4377; x_wconf 84' lang='grc' dir='ltr'>μὲν,</span> 
     </span>
    </p>
   </div>
   <div class='ocr_carea' id='block_1_74' title="bbox 213 4389 1806 4466">
    <p class='ocr_par' dir='ltr' id='par_1_74' title="bbox 213 4389 1806 4466">
     <span class='ocr_line' id='line_1_74' title="bbox 213 4389 1806 4466; baseline 0.004 -23"><span class='ocrx_word' id='word_1_580' title='bbox 213 4391 286 4444; x_wconf 79' lang='grc' dir='ltr'>τὸ</span> <span class='ocrx_word' id='word_1_581' title='bbox 314 4389 559 4454; x_wconf 83' lang='grc' dir='ltr'>ἀπλανὲς</span> <span class='ocrx_word' id='word_1_582' title='bbox 589 4391 689 4462; x_wconf 83' lang='grc' dir='ltr'>τῆς</span> <span class='ocrx_word' id='word_1_583' title='bbox 718 4392 845 4463; x_wconf 81' lang='grc' dir='ltr'>περὶ</span> <span class='ocrx_word' id='word_1_584' title='bbox 873 4393 934 4444; x_wconf 83' lang='grc' dir='ltr'>τὸ</span> <span class='ocrx_word' id='word_1_585' title='bbox 963 4392 1130 4456; x_wconf 85' lang='grc' dir='ltr'>ὅντως</span> <span class='ocrx_word' id='word_1_586' title='bbox 1171 4392 1234 4447; x_wconf 82' lang='grc' dir='ltr'>ὃν</span> <span class='ocrx_word' id='word_1_587' title='bbox 1275 4394 1595 4466; x_wconf 74' lang='grc' dir='ltr'>ὑπολήψεως</span> <span class='ocrx_word' id='word_1_588' title='bbox 1618 4436 1632 4461; x_wconf 92' lang='grc'><strong>,</strong></span> <span class='ocrx_word' id='word_1_589' title='bbox 1664 4397 1806 4450; x_wconf 83' lang='grc' dir='ltr'>ὥστε</span> 
     </span>
    </p>
   </div>
   <div class='ocr_carea' id='block_1_75' title="bbox 214 4479 1806 4551">
    <p class='ocr_par' dir='ltr' id='par_1_75' title="bbox 214 4479 1806 4551">
     <span class='ocr_line' id='line_1_75' title="bbox 214 4479 1806 4551; baseline 0.006 -21"><span class='ocrx_word' id='word_1_590' title='bbox 214 4479 305 4549; x_wconf 81' lang='grc' dir='ltr'>μὴ</span> <span class='ocrx_word' id='word_1_591' title='bbox 358 4481 480 4542; x_wconf 82' lang='grc' dir='ltr'>ταῖς</span> <span class='ocrx_word' id='word_1_592' title='bbox 514 4480 893 4551; x_wconf 77' lang='grc' dir='ltr'>ὴπατημέναις</span> <span class='ocrx_word' id='word_1_593' title='bbox 928 4481 1199 4544; x_wconf 83' lang='grc' dir='ltr'>ὑπονοίαις</span> <span class='ocrx_word' id='word_1_594' title='bbox 1246 4484 1324 4546; x_wconf 88' lang='grc' dir='ltr'><strong>είς</strong></span> <span class='ocrx_word' id='word_1_595' title='bbox 1357 4483 1573 4548; x_wconf 81' lang='grc' dir='ltr'>ἐθνικάς</span> <span class='ocrx_word' id='word_1_596' title='bbox 1603 4503 1663 4538; x_wconf 90' lang='grc' dir='ltr'><strong>τε</strong></span> <span class='ocrx_word' id='word_1_597' title='bbox 1710 4488 1806 4541; x_wconf 79' lang='grc' dir='ltr'>καὶ</span> 
     </span>
    </p>
   </div>
   <div class='ocr_carea' id='block_1_76' title="bbox 208 4571 1806 4650">
    <p class='ocr_par' dir='ltr' id='par_1_76' title="bbox 208 4571 1806 4650">
     <span class='ocr_line' id='line_1_76' title="bbox 208 4571 1806 4650; baseline 0.004 -25"><span class='ocrx_word' id='word_1_598' title='bbox 208 4571 512 4641; x_wconf 55' lang='grc' dir='ltr'>αἱρετικκ</span> <span class='ocrx_word' id='word_1_599' title='bbox 557 4572 684 4644; x_wconf 77' lang='grc' dir='ltr'>περὶ</span> <span class='ocrx_word' id='word_1_600' title='bbox 728 4572 821 4625; x_wconf 78' lang='grc' dir='ltr'><strong>τοῦ</strong></span> <span class='ocrx_word' id='word_1_601' title='bbox 861 4573 1018 4629; x_wconf 87' lang='grc' dir='ltr'>Θείου</span> <span class='ocrx_word' id='word_1_602' title='bbox 1075 4573 1230 4638; x_wconf 78' lang='grc' dir='ltr'>δόξας</span> <span class='ocrx_word' id='word_1_603' title='bbox 1272 4576 1596 4647; x_wconf 78' lang='grc' dir='ltr'>ἐκφέρεσθαι</span> <span class='ocrx_word' id='word_1_604' title='bbox 1623 4619 1636 4640; x_wconf 85' lang='grc'><strong>.</strong></span> <span class='ocrx_word' id='word_1_605' title='bbox 1669 4579 1806 4650; x_wconf 89' lang='grc' dir='ltr'>ὅπερ</span> 
     </span>
    </p>
   </div>
   <div class='ocr_carea' id='block_1_77' title="bbox 205 4657 1807 4739">
    <p class='ocr_par' dir='ltr' id='par_1_77' title="bbox 205 4657 1807 4739">
     <span class='ocr_line' id='line_1_77' title="bbox 205 4657 1807 4739; baseline 0.005 -24"><span class='ocrx_word' id='word_1_606' title='bbox 205 4660 375 4715; x_wconf 64' lang='grc' dir='ltr'>ἐστὶν</span> <span class='ocrx_word' id='word_1_607' title='bbox 401 4659 476 4724; x_wconf 88' lang='grc' dir='ltr'><strong>ὡς</strong></span> <span class='ocrx_word' id='word_1_608' title='bbox 500 4659 716 4731; x_wconf 80' lang='grc' dir='ltr'>ἀληθῶς</span> <span class='ocrx_word' id='word_1_609' title='bbox 738 4661 798 4714; x_wconf 84' lang='grc' dir='ltr'>τὸ</span> <span class='ocrx_word' id='word_1_610' title='bbox 825 4662 956 4716; x_wconf 72' lang='grc' dir='ltr'>Ναί.</span> <span class='ocrx_word' id='word_1_611' title='bbox 981 4657 1060 4715; x_wconf 64' lang='grc' dir='ltr'><strong>’Τὸ</strong></span> <span class='ocrx_word' id='word_1_612' title='bbox 1090 4663 1134 4716; x_wconf 83' lang='grc' dir='ltr'><strong>δ’</strong></span> <span class='ocrx_word' id='word_1_613' title='bbox 1156 4664 1364 4736; x_wconf 77' lang='grc' dir='ltr'>ἕτερον,</span> <span class='ocrx_word' id='word_1_614' title='bbox 1399 4668 1426 4719; x_wconf 87' lang='grc' dir='ltr'>ὁ</span> <span class='ocrx_word' id='word_1_615' title='bbox 1461 4667 1696 4739; x_wconf 83' lang='grc' dir='ltr'>καθαρὸς</span> <span class='ocrx_word' id='word_1_616' title='bbox 1719 4669 1807 4723; x_wconf 90' lang='grc' dir='ltr'>λο-</span> 
     </span>
    </p>
   </div>
   <div class='ocr_carea' id='block_1_78' title="bbox 205 4750 1806 4831">
    <p class='ocr_par' dir='ltr' id='par_1_78' title="bbox 205 4750 1806 4831">
     <span class='ocr_line' id='line_1_78' title="bbox 205 4750 1806 4831; baseline 0.004 -27"><span class='ocrx_word' id='word_1_617' title='bbox 205 4750 460 4821; x_wconf 79' lang='grc' dir='ltr'>γισμὸς,</span> <span class='ocrx_word' id='word_1_618' title='bbox 493 4753 521 4804; x_wconf 87' lang='grc' dir='ltr'><strong>ό</strong></span> <span class='ocrx_word' id='word_1_619' title='bbox 547 4753 726 4805; x_wconf 78' lang='grc' dir='ltr'>πᾶσαν</span> <span class='ocrx_word' id='word_1_620' title='bbox 754 4751 976 4821; x_wconf 85' lang='grc' dir='ltr'>ἐμπαθῆ</span> <span class='ocrx_word' id='word_1_621' title='bbox 1007 4753 1245 4808; x_wconf 88' lang='grc' dir='ltr'>διάθεσιν</span> <span class='ocrx_word' id='word_1_622' title='bbox 1282 4755 1382 4824; x_wconf 81' lang='grc' dir='ltr'>τῆς</span> <span class='ocrx_word' id='word_1_623' title='bbox 1427 4757 1603 4828; x_wconf 77' lang='grc' dir='ltr'>ψυχῆς</span> <span class='ocrx_word' id='word_1_624' title='bbox 1633 4759 1806 4831; x_wconf 80' lang='grc' dir='ltr'>ἐξορί-</span> 
     </span>
    </p>
   </div>
   <div class='ocr_carea' id='block_1_79' title="bbox 202 4837 1804 4916">
    <p class='ocr_par' dir='ltr' id='par_1_79' title="bbox 202 4837 1804 4916">
     <span class='ocr_line' id='line_1_79' title="bbox 202 4837 1804 4916; baseline 0.008 -27"><span class='ocrx_word' id='word_1_625' title='bbox 202 4839 337 4902; x_wconf 81' lang='grc' dir='ltr'>ζων</span> <span class='ocrx_word' id='word_1_626' title='bbox 357 4853 374 4869; x_wconf 77' lang='grc' dir='ltr'><strong>ο</strong></span> <span class='ocrx_word' id='word_1_627' title='bbox 402 4837 538 4908; x_wconf 85' lang='grc' dir='ltr'>ὅπερ</span> <span class='ocrx_word' id='word_1_628' title='bbox 565 4838 673 4892; x_wconf 72' lang='grc' dir='ltr'><strong>οὐδ’</strong></span> <span class='ocrx_word' id='word_1_629' title='bbox 695 4839 802 4892; x_wconf 83' lang='grc' dir='ltr'>ἀπὸ</span> <span class='ocrx_word' id='word_1_630' title='bbox 831 4840 925 4891; x_wconf 76' lang='grc' dir='ltr'><strong>τοῦ</strong></span> <span class='ocrx_word' id='word_1_631' title='bbox 954 4840 1066 4894; x_wconf 79' lang='grc' dir='ltr'><strong>Ναὶ</strong></span> <span class='ocrx_word' id='word_1_632' title='bbox 1092 4841 1464 4911; x_wconf 77' lang='grc' dir='ltr'>ἠλλοτρίωται.</span> <span class='ocrx_word' id='word_1_633' title='bbox 1489 4846 1598 4916; x_wconf 83' lang='grc' dir='ltr'>Τῆς</span> <span class='ocrx_word' id='word_1_634' title='bbox 1629 4847 1804 4902; x_wconf 87' lang='grc' dir='ltr'>τοίνυν</span> 
     </span>
    </p>
   </div>
   <div class='ocr_carea' id='block_1_80' title="bbox 193 4926 1804 5006">
    <p class='ocr_par' dir='ltr' id='par_1_80' title="bbox 193 4926 1804 5006">
     <span class='ocr_line' id='line_1_80' title="bbox 193 4926 1804 5006; baseline 0.007 -26"><span class='ocrx_word' id='word_1_635' title='bbox 193 4926 418 4998; x_wconf 79' lang='grc' dir='ltr'>διπλῆς</span> <span class='ocrx_word' id='word_1_636' title='bbox 438 4927 641 4998; x_wconf 86' lang='grc' dir='ltr'>ταύτης</span> <span class='ocrx_word' id='word_1_637' title='bbox 665 4928 772 4981; x_wconf 89' lang='grc' dir='ltr'><strong>τῶν</strong></span> <span class='ocrx_word' id='word_1_638' title='bbox 800 4928 1020 4997; x_wconf 84' lang='grc' dir='ltr'>ἀγαθῶν</span> <span class='ocrx_word' id='word_1_639' title='bbox 1051 4930 1216 4996; x_wconf 79' lang='grc' dir='ltr'>ἕξεως</span> <span class='ocrx_word' id='word_1_640' title='bbox 1239 4971 1254 4996; x_wconf 89' lang='grc'><strong>,</strong></span> <span class='ocrx_word' id='word_1_641' title='bbox 1284 4926 1358 4984; x_wconf 82' lang='grc' dir='ltr'>ὧν</span> <span class='ocrx_word' id='word_1_642' title='bbox 1384 4933 1417 5003; x_wconf 75' lang='grc' dir='ltr'>ἡ</span> <span class='ocrx_word' id='word_1_643' title='bbox 1447 4934 1545 5003; x_wconf 82' lang='grc' dir='ltr'>μὲν</span> <span class='ocrx_word' id='word_1_644' title='bbox 1579 4937 1714 5006; x_wconf 83' lang='grc' dir='ltr'>πρὸς</span> <span class='ocrx_word' id='word_1_645' title='bbox 1741 4937 1804 4991; x_wconf 82' lang='grc' dir='ltr'>τὸ</span> 
     </span>
    </p>
   </div>
   <div class='ocr_carea' id='block_1_81' title="bbox 192 5017 1799 5099">
    <p class='ocr_par' dir='ltr' id='par_1_81' title="bbox 192 5017 1799 5099">
     <span class='ocr_line' id='line_1_81' title="bbox 192 5017 1799 5099; baseline 0.007 -28"><span class='ocrx_word' id='word_1_646' title='bbox 192 5020 396 5081; x_wconf 70' lang='grc' dir='ltr'>ὅντως</span> <span class='ocrx_word' id='word_1_647' title='bbox 421 5017 480 5070; x_wconf 86' lang='grc' dir='ltr'><strong>ὅν</strong></span> <span class='ocrx_word' id='word_1_648' title='bbox 508 5018 831 5072; x_wconf 88' lang='grc' dir='ltr'>ἀναϐλέπειν</span> <span class='ocrx_word' id='word_1_649' title='bbox 862 5023 1040 5073; x_wconf 80' lang='grc' dir='ltr'>ποιεῖ’</span> <span class='ocrx_word' id='word_1_650' title='bbox 1080 5021 1194 5091; x_wconf 77' lang='grc' dir='ltr'><strong>ἡδὲ</strong></span> <span class='ocrx_word' id='word_1_651' title='bbox 1219 5023 1507 5091; x_wconf 86' lang='grc' dir='ltr'>φυγαδεύει</span> <span class='ocrx_word' id='word_1_652' title='bbox 1544 5025 1615 5080; x_wconf 82' lang='grc' dir='ltr'><strong>τά</strong></span> <span class='ocrx_word' id='word_1_653' title='bbox 1651 5027 1799 5099; x_wconf 87' lang='grc' dir='ltr'>πάθη</span> 
     </span>
    </p>
   </div>
   <div class='ocr_carea' id='block_1_82' title="bbox 1916 3205 3490 3286">
    <p class='ocr_par' dir='ltr' id='par_1_82' title="bbox 1916 3205 3490 3286">
     <span class='ocr_line' id='line_1_82' title="bbox 1916 3205 3490 3286; baseline -0.008 -17"><span class='ocrx_word' id='word_1_654' title='bbox 1916 3214 2142 3286; x_wconf 69' lang='lat' dir='ltr'><strong>ﬁgurata</strong></span> <span class='ocrx_word' id='word_1_655' title='bbox 2167 3212 2431 3267; x_wconf 87' lang='lat' dir='ltr'><strong>mundum</strong></span> <span class='ocrx_word' id='word_1_656' title='bbox 2456 3208 2684 3279; x_wconf 88' lang='lat' dir='ltr'><strong>intelligi</strong></span> <span class='ocrx_word' id='word_1_657' title='bbox 2719 3223 2826 3262; x_wconf 90' lang='lat' dir='ltr'><strong>non</strong></span> <span class='ocrx_word' id='word_1_658' title='bbox 2860 3208 3198 3269; x_wconf 88' lang='lat' dir='ltr'><strong>dubitamus,</strong></span> <span class='ocrx_word' id='word_1_659' title='bbox 3229 3219 3354 3260; x_wconf 91' lang='lat' dir='ltr'><strong>cum</strong></span> <span class='ocrx_word' id='word_1_660' title='bbox 3389 3205 3490 3258; x_wconf 88' lang='lat' dir='ltr'><strong>hac</strong></span> 
     </span>
    </p>
   </div>
   <div class='ocr_carea' id='block_1_83' title="bbox 1919 3300 3487 3371">
    <p class='ocr_par' dir='ltr' id='par_1_83' title="bbox 1919 3300 3487 3371">
     <span class='ocr_line' id='line_1_83' title="bbox 1919 3300 3487 3371; baseline -0.008 -9"><span class='ocrx_word' id='word_1_661' title='bbox 1919 3320 2056 3362; x_wconf 81' lang='lat' dir='ltr'><strong>voce</strong></span> <span class='ocrx_word' id='word_1_662' title='bbox 2106 3303 2368 3359; x_wconf 87' lang='lat' dir='ltr'><strong>Dominus</strong></span> <span class='ocrx_word' id='word_1_663' title='bbox 2420 3310 2474 3357; x_wconf 91' lang='lat' dir='ltr'><strong>et</strong></span> <span class='ocrx_word' id='word_1_664' title='bbox 2526 3301 2759 3371; x_wconf 89' lang='lat' dir='ltr'><strong>appellet</strong></span> <span class='ocrx_word' id='word_1_665' title='bbox 2788 3307 2843 3355; x_wconf 89' lang='lat' dir='ltr'><strong>et</strong></span> <span class='ocrx_word' id='word_1_666' title='bbox 2881 3300 3276 3368; x_wconf 88' lang='lat' dir='ltr'><strong>interpretetur</strong></span> <span class='ocrx_word' id='word_1_667' title='bbox 3326 3311 3487 3350; x_wconf 90' lang='lat' dir='ltr'><strong>mun-</strong></span> 
     </span>
    </p>
   </div>
   <div class='ocr_carea' id='block_1_84' title="bbox 1915 3395 3520 3466">
    <p class='ocr_par' dir='ltr' id='par_1_84' title="bbox 1915 3395 3520 3466">
     <span class='ocr_line' id='line_1_84' title="bbox 1915 3395 3520 3466; baseline -0.004 -12"><span class='ocrx_word' id='word_1_668' title='bbox 1915 3399 2046 3455; x_wconf 86' lang='lat' dir='ltr'><strong>dum</strong></span> <span class='ocrx_word' id='word_1_669' title='bbox 2077 3399 2144 3452; x_wconf 82' lang='grc'><strong>⁸⁷.</strong></span> <span class='ocrx_word' id='word_1_670' title='bbox 2179 3397 2440 3464; x_wconf 71' lang='lat' dir='ltr'><strong>Quzenam</strong></span> <span class='ocrx_word' id='word_1_671' title='bbox 2483 3405 2612 3452; x_wconf 89' lang='lat' dir='ltr'><strong>sunt</strong></span> <span class='ocrx_word' id='word_1_672' title='bbox 2661 3395 2829 3466; x_wconf 81' lang='lat' dir='ltr'><strong>igitur</strong></span> <span class='ocrx_word' id='word_1_673' title='bbox 2877 3395 3061 3449; x_wconf 70' lang='lat' dir='ltr'><strong>multa:</strong></span> <span class='ocrx_word' id='word_1_674' title='bbox 3108 3401 3406 3462; x_wconf 87' lang='lat' dir='ltr'><strong>potestates</strong></span> <span class='ocrx_word' id='word_1_675' title='bbox 3438 3404 3520 3448; x_wconf 84' lang='grc' dir='ltr'>ει.-</span> 
     </span>
    </p>
   </div>
   <div class='ocr_carea' id='block_1_85' title="bbox 1913 3486 3489 3558">
    <p class='ocr_par' dir='ltr' id='par_1_85' title="bbox 1913 3486 3489 3558">
     <span class='ocr_line' id='line_1_85' title="bbox 1913 3486 3489 3558; baseline -0.005 -11"><span class='ocrx_word' id='word_1_676' title='bbox 1913 3491 2062 3547; x_wconf 80' lang='lat' dir='ltr'><strong>vires</strong></span> <span class='ocrx_word' id='word_1_677' title='bbox 2092 3489 2278 3543; x_wconf 87' lang='lat' dir='ltr'><strong>mundi</strong></span> <span class='ocrx_word' id='word_1_678' title='bbox 2307 3488 2620 3558; x_wconf 84' lang='lat' dir='ltr'><strong>juramento</strong></span> <span class='ocrx_word' id='word_1_679' title='bbox 2648 3486 2778 3540; x_wconf 87' lang='lat' dir='ltr'><strong>huic</strong></span> <span class='ocrx_word' id='word_1_680' title='bbox 2804 3486 3084 3549; x_wconf 82' lang='lat' dir='ltr'><strong>adhibitae,</strong></span> <span class='ocrx_word' id='word_1_681' title='bbox 3119 3501 3260 3556; x_wconf 85' lang='lat' dir='ltr'><strong>quas</strong></span> <span class='ocrx_word' id='word_1_682' title='bbox 3294 3486 3489 3541; x_wconf 78' lang='lat' dir='ltr'><strong>existi-</strong></span> 
     </span>
    </p>
   </div>
   <div class='ocr_carea' id='block_1_86' title="bbox 1914 3574 3490 3644">
    <p class='ocr_par' dir='ltr' id='par_1_86' title="bbox 1914 3574 3490 3644">
     <span class='ocr_line' id='line_1_86' title="bbox 1914 3574 3490 3644; baseline -0.001 -12"><span class='ocrx_word' id='word_1_683' title='bbox 1914 3593 2063 3633; x_wconf 88' lang='lat' dir='ltr'><strong>mare</strong></span> <span class='ocrx_word' id='word_1_684' title='bbox 2101 3576 2397 3632; x_wconf 89' lang='lat' dir='ltr'><strong>debeamus</strong></span> <span class='ocrx_word' id='word_1_685' title='bbox 2426 3575 2585 3630; x_wconf 91' lang='lat' dir='ltr'><strong>nobis</strong></span> <span class='ocrx_word' id='word_1_686' title='bbox 2616 3574 2859 3642; x_wconf 84' lang='lat' dir='ltr'><strong>majores</strong></span> <span class='ocrx_word' id='word_1_687' title='bbox 2897 3589 3051 3639; x_wconf 91' lang='lat' dir='ltr'><strong>csse,</strong></span> <span class='ocrx_word' id='word_1_688' title='bbox 3089 3582 3148 3626; x_wconf 92' lang='lat' dir='ltr'><strong>ut</strong></span> <span class='ocrx_word' id='word_1_689' title='bbox 3200 3576 3490 3644; x_wconf 83' lang='lat' dir='ltr'><strong>jusjuran-</strong></span> 
     </span>
    </p>
   </div>
   <div class='ocr_carea' id='block_1_87' title="bbox 1913 3665 3487 3738">
    <p class='ocr_par' dir='ltr' id='par_1_87' title="bbox 1913 3665 3487 3738">
     <span class='ocr_line' id='line_1_87' title="bbox 1913 3665 3487 3738; baseline -0.003 -15"><span class='ocrx_word' id='word_1_690' title='bbox 1913 3667 2041 3723; x_wconf 90' lang='lat' dir='ltr'><strong>dum</strong></span> <span class='ocrx_word' id='word_1_691' title='bbox 2069 3683 2166 3738; x_wconf 79' lang='lat' dir='ltr'><strong>per</strong></span> <span class='ocrx_word' id='word_1_692' title='bbox 2191 3667 2430 3736; x_wconf 90' lang='lat' dir='ltr'><strong>majores</strong></span> <span class='ocrx_word' id='word_1_693' title='bbox 2475 3680 2637 3735; x_wconf 92' lang='lat' dir='ltr'><strong>quam</strong></span> <span class='ocrx_word' id='word_1_694' title='bbox 2682 3681 2783 3720; x_wconf 88' lang='lat' dir='ltr'><strong>nos</strong></span> <span class='ocrx_word' id='word_1_695' title='bbox 2822 3665 2996 3720; x_wconf 90' lang='lat' dir='ltr'><strong>simus</strong></span> <span class='ocrx_word' id='word_1_696' title='bbox 3049 3673 3372 3734; x_wconf 83' lang='lat' dir='ltr'><strong>conceptum</strong></span> <span class='ocrx_word' id='word_1_697' title='bbox 3421 3667 3487 3719; x_wconf 89' lang='lat' dir='ltr'><strong>ad</strong></span> 
     </span>
    </p>
   </div>
   <div class='ocr_carea' id='block_1_88' title="bbox 1914 3753 3556 3824">
    <p class='ocr_par' dir='ltr' id='par_1_88' title="bbox 1914 3753 3556 3824">
     <span class='ocr_line' id='line_1_88' title="bbox 1914 3753 3556 3824; baseline -0.006 -10"><span class='ocrx_word' id='word_1_698' title='bbox 1914 3757 2347 3814; x_wconf 71' lang='lat' dir='ltr'><strong>conﬁrmandam</strong></span> <span class='ocrx_word' id='word_1_699' title='bbox 2385 3756 2675 3812; x_wconf 85' lang='lat' dir='ltr'><strong>veritatem</strong></span> <span class='ocrx_word' id='word_1_700' title='bbox 2710 3755 2880 3809; x_wconf 88' lang='lat' dir='ltr'><strong>robur</strong></span> <span class='ocrx_word' id='word_1_701' title='bbox 2908 3755 3186 3824; x_wconf 85' lang='lat' dir='ltr'><strong>accipiat?</strong></span> <span class='ocrx_word' id='word_1_702' title='bbox 3213 3753 3484 3823; x_wconf 84' lang='lat' dir='ltr'><strong>Equidem</strong></span> <span class='ocrx_word' id='word_1_703' title='bbox 3549 3799 3556 3804; x_wconf 84' lang='lat'><strong>.</strong></span> 
     </span>
    </p>
   </div>
   <div class='ocr_carea' id='block_1_89' title="bbox 1913 3841 3484 3900">
    <p class='ocr_par' dir='ltr' id='par_1_89' title="bbox 1913 3841 3484 3900">
     <span class='ocr_line' id='line_1_89' title="bbox 1913 3841 3484 3900; baseline -0.001 0"><span class='ocrx_word' id='word_1_704' title='bbox 1913 3844 2292 3900; x_wconf 86' lang='lat' dir='ltr'><strong>necessarium</strong></span> <span class='ocrx_word' id='word_1_705' title='bbox 2350 3842 2587 3897; x_wconf 89' lang='lat' dir='ltr'><strong>arbitror</strong></span> <span class='ocrx_word' id='word_1_706' title='bbox 2646 3848 2705 3895; x_wconf 90' lang='lat' dir='ltr'><strong>ut</strong></span> <span class='ocrx_word' id='word_1_707' title='bbox 2760 3841 2829 3896; x_wconf 93' lang='lat' dir='ltr'><strong>ad</strong></span> <span class='ocrx_word' id='word_1_708' title='bbox 2888 3842 3320 3898; x_wconf 87' lang='lat' dir='ltr'><strong>declarationem</strong></span> <span class='ocrx_word' id='word_1_709' title='bbox 3381 3843 3484 3898; x_wconf 91' lang='lat' dir='ltr'><strong>loci</strong></span> 
     </span>
    </p>
   </div>
   <div class='ocr_carea' id='block_1_90' title="bbox 1911 3923 3486 4006">
    <p class='ocr_par' dir='ltr' id='par_1_90' title="bbox 1911 3923 3486 4006">
     <span class='ocr_line' id='line_1_90' title="bbox 1911 3923 3486 4006; baseline 0 -16"><span class='ocrx_word' id='word_1_710' title='bbox 1911 3923 2182 4006; x_wconf 81' lang='lat' dir='ltr'><strong>propositi</strong></span> <span class='ocrx_word' id='word_1_711' title='bbox 2219 3936 2381 3989; x_wconf 90' lang='lat' dir='ltr'><strong>aliam</strong></span> <span class='ocrx_word' id='word_1_712' title='bbox 2421 3935 2841 3990; x_wconf 82' lang='lat' dir='ltr'><strong>conversionem</strong></span> <span class='ocrx_word' id='word_1_713' title='bbox 2868 3933 2983 3990; x_wconf 64' lang='lat' dir='ltr'><strong>haec</strong></span> <span class='ocrx_word' id='word_1_714' title='bbox 3014 3933 3486 4006; x_wconf 80' lang='lat' dir='ltr'><strong>verbainterpre-</strong></span> 
     </span>
    </p>
   </div>
   <div class='ocr_carea' id='block_1_91' title="bbox 1914 4024 3478 4096">
    <p class='ocr_par' dir='ltr' id='par_1_91' title="bbox 1914 4024 3478 4096">
     <span class='ocr_line' id='line_1_91' title="bbox 1914 4024 3478 4096; baseline 0 -15"><span class='ocrx_word' id='word_1_715' title='bbox 1914 4036 2117 4082; x_wconf 87' lang='lat' dir='ltr'><strong>tantem</strong></span> <span class='ocrx_word' id='word_1_716' title='bbox 2165 4040 2524 4096; x_wconf 86' lang='lat' dir='ltr'><strong>apponamus,</strong></span> <span class='ocrx_word' id='word_1_717' title='bbox 2567 4039 2688 4095; x_wconf 58' lang='lat' dir='ltr'><strong>qua</strong></span> <span class='ocrx_word' id='word_1_718' title='bbox 2724 4024 2944 4094; x_wconf 87' lang='lat' dir='ltr'><strong>quidem</strong></span> <span class='ocrx_word' id='word_1_719' title='bbox 2991 4033 3076 4082; x_wconf 87' lang='lat' dir='ltr'><strong>est</strong></span> <span class='ocrx_word' id='word_1_720' title='bbox 3116 4025 3478 4096; x_wconf 78' lang='lat' dir='ltr'><strong>hujusmodi:</strong></span> 
     </span>
    </p>
   </div>
   <div class='ocr_carea' id='block_1_92' title="bbox 1909 4115 3483 4188">
    <p class='ocr_par' dir='ltr' id='par_1_92' title="bbox 1909 4115 3483 4188">
     <span class='ocr_line' id='line_1_92' title="bbox 1909 4115 3483 4188; baseline -0.001 -16"><span class='ocrx_word' id='word_1_721' title='bbox 1909 4116 2273 4188; x_wconf 82' lang='lat' dir='ltr'><strong>Jurejurando</strong></span> <span class='ocrx_word' id='word_1_722' title='bbox 2308 4118 2540 4172; x_wconf 74' lang='lat' dir='ltr'><strong>astrinxi</strong></span> <span class='ocrx_word' id='word_1_723' title='bbox 2576 4133 2698 4181; x_wconf 78' lang='lat' dir='ltr'><strong>vos,</strong></span> <span class='ocrx_word' id='word_1_724' title='bbox 2729 4116 2858 4186; x_wconf 66' lang='lat' dir='ltr'><strong>ﬁliae</strong></span> <span class='ocrx_word' id='word_1_725' title='bbox 2887 4115 3187 4171; x_wconf 76' lang='lat' dir='ltr'><strong>Jerusalem</strong></span> <span class='ocrx_word' id='word_1_726' title='bbox 3214 4156 3229 4182; x_wconf 93' lang='lat'><strong>,</strong></span> <span class='ocrx_word' id='word_1_727' title='bbox 3269 4134 3364 4188; x_wconf 84' lang='lat' dir='ltr'><strong>per</strong></span> <span class='ocrx_word' id='word_1_728' title='bbox 3394 4134 3483 4172; x_wconf 73' lang='lat' dir='ltr'><strong>ca-</strong></span> 
     </span>
    </p>
   </div>
   <div class='ocr_carea' id='block_1_93' title="bbox 1910 4209 3483 4280">
    <p class='ocr_par' dir='ltr' id='par_1_93' title="bbox 1910 4209 3483 4280">
     <span class='ocr_line' id='line_1_93' title="bbox 1910 4209 3483 4280; baseline 0 -17"><span class='ocrx_word' id='word_1_729' title='bbox 1910 4226 2062 4279; x_wconf 79' lang='lat' dir='ltr'><strong>preas</strong></span> <span class='ocrx_word' id='word_1_730' title='bbox 2103 4219 2153 4264; x_wconf 88' lang='lat' dir='ltr'><strong>et</strong></span> <span class='ocrx_word' id='word_1_731' title='bbox 2180 4226 2271 4280; x_wconf 84' lang='lat' dir='ltr'><strong>per</strong></span> <span class='ocrx_word' id='word_1_732' title='bbox 2299 4210 2545 4264; x_wconf 78' lang='lat' dir='ltr'><strong>hinnulos</strong></span> <span class='ocrx_word' id='word_1_733' title='bbox 2565 4210 2701 4280; x_wconf 81' lang='lat' dir='ltr'><strong>agri.</strong></span> <span class='ocrx_word' id='word_1_734' title='bbox 2739 4209 2840 4264; x_wconf 87' lang='lat' dir='ltr'><strong>Per</strong></span> <span class='ocrx_word' id='word_1_735' title='bbox 2863 4225 2985 4280; x_wconf 74' lang='lat' dir='ltr'><strong>quae</strong></span> <span class='ocrx_word' id='word_1_736' title='bbox 3021 4210 3281 4265; x_wconf 88' lang='lat' dir='ltr'><strong>vocabula</strong></span> <span class='ocrx_word' id='word_1_737' title='bbox 3318 4210 3483 4264; x_wconf 89' lang='lat' dir='ltr'><strong>doce-</strong></span> 
     </span>
    </p>
   </div>
   <div class='ocr_carea' id='block_1_94' title="bbox 1913 4301 3481 4372">
    <p class='ocr_par' dir='ltr' id='par_1_94' title="bbox 1913 4301 3481 4372">
     <span class='ocr_line' id='line_1_94' title="bbox 1913 4301 3481 4372; baseline -0.001 -16"><span class='ocrx_word' id='word_1_738' title='bbox 1913 4317 2038 4356; x_wconf 92' lang='lat' dir='ltr'><strong>mur</strong></span> <span class='ocrx_word' id='word_1_739' title='bbox 2078 4302 2134 4356; x_wconf 90' lang='lat' dir='ltr'><strong>in</strong></span> <span class='ocrx_word' id='word_1_740' title='bbox 2183 4318 2291 4372; x_wconf 92' lang='lat' dir='ltr'><strong>quo</strong></span> <span class='ocrx_word' id='word_1_741' title='bbox 2325 4311 2440 4358; x_wconf 87' lang='lat' dir='ltr'><strong>tum</strong></span> <span class='ocrx_word' id='word_1_742' title='bbox 2480 4304 2651 4358; x_wconf 87' lang='lat' dir='ltr'><strong>robur</strong></span> <span class='ocrx_word' id='word_1_743' title='bbox 2679 4301 2868 4357; x_wconf 91' lang='lat' dir='ltr'><strong>mundi</strong></span> <span class='ocrx_word' id='word_1_744' title='bbox 2904 4301 3090 4371; x_wconf 85' lang='lat' dir='ltr'><strong>hujus,</strong></span> <span class='ocrx_word' id='word_1_745' title='bbox 3121 4311 3230 4356; x_wconf 87' lang='lat' dir='ltr'><strong>tum</strong></span> <span class='ocrx_word' id='word_1_746' title='bbox 3256 4301 3340 4356; x_wconf 87' lang='lat' dir='ltr'><strong>vis</strong></span> <span class='ocrx_word' id='word_1_747' title='bbox 3376 4301 3481 4356; x_wconf 85' lang='lat' dir='ltr'><strong>sila</strong></span> 
     </span>
    </p>
   </div>
   <div class='ocr_carea' id='block_1_95' title="bbox 1913 4392 3480 4464">
    <p class='ocr_par' dir='ltr' id='par_1_95' title="bbox 1913 4392 3480 4464">
     <span class='ocr_line' id='line_1_95' title="bbox 1913 4392 3480 4464; baseline -0.002 -15"><span class='ocrx_word' id='word_1_748' title='bbox 1913 4395 1988 4450; x_wconf 88' lang='lat' dir='ltr'><strong>sit</strong></span> <span class='ocrx_word' id='word_1_749' title='bbox 2039 4412 2052 4447; x_wconf 89' lang='lat'><strong>:</strong></span> <span class='ocrx_word' id='word_1_750' title='bbox 2102 4409 2224 4463; x_wconf 68' lang='lat' dir='ltr'><strong>qua:</strong></span> <span class='ocrx_word' id='word_1_751' title='bbox 2262 4395 2482 4464; x_wconf 90' lang='lat' dir='ltr'><strong>quidem</strong></span> <span class='ocrx_word' id='word_1_752' title='bbox 2519 4392 2588 4447; x_wconf 90' lang='lat' dir='ltr'><strong>ad</strong></span> <span class='ocrx_word' id='word_1_753' title='bbox 2630 4393 3101 4448; x_wconf 79' lang='lat' dir='ltr'><strong>conﬁrmationem</strong></span> <span class='ocrx_word' id='word_1_754' title='bbox 3140 4393 3388 4449; x_wconf 86' lang='lat' dir='ltr'><strong>veritatis</strong></span> <span class='ocrx_word' id='word_1_755' title='bbox 3424 4394 3480 4447; x_wconf 91' lang='lat' dir='ltr'><strong>in</strong></span> 
     </span>
    </p>
   </div>
   <div class='ocr_carea' id='block_1_96' title="bbox 1907 4483 3482 4557">
    <p class='ocr_par' dir='ltr' id='par_1_96' title="bbox 1907 4483 3482 4557">
     <span class='ocr_line' id='line_1_96' title="bbox 1907 4483 3482 4557; baseline -0.001 -17"><span class='ocrx_word' id='word_1_756' title='bbox 1907 4486 2222 4557; x_wconf 88' lang='lat' dir='ltr'><strong>juramento</strong></span> <span class='ocrx_word' id='word_1_757' title='bbox 2252 4484 2603 4541; x_wconf 88' lang='lat' dir='ltr'><strong>adhibentur.</strong></span> <span class='ocrx_word' id='word_1_758' title='bbox 2633 4483 2764 4540; x_wconf 74' lang='lat' dir='ltr'><strong>Duze</strong></span> <span class='ocrx_word' id='word_1_759' title='bbox 2794 4494 2922 4540; x_wconf 91' lang='lat' dir='ltr'><strong>sunt</strong></span> <span class='ocrx_word' id='word_1_760' title='bbox 2952 4484 3178 4538; x_wconf 82' lang='lat' dir='ltr'><strong>omnino</strong></span> <span class='ocrx_word' id='word_1_761' title='bbox 3229 4498 3319 4538; x_wconf 89' lang='lat' dir='ltr'><strong>res</strong></span> <span class='ocrx_word' id='word_1_762' title='bbox 3359 4499 3482 4554; x_wconf 78' lang='lat' dir='ltr'><strong>quae</strong></span> 
     </span>
    </p>
   </div>
   <div class='ocr_carea' id='block_1_97' title="bbox 1913 4575 3477 4648">
    <p class='ocr_par' dir='ltr' id='par_1_97' title="bbox 1913 4575 3477 4648">
     <span class='ocr_line' id='line_1_97' title="bbox 1913 4575 3477 4648; baseline -0.003 -13"><span class='ocrx_word' id='word_1_763' title='bbox 1913 4579 2189 4635; x_wconf 89' lang='lat' dir='ltr'><strong>hominem</strong></span> <span class='ocrx_word' id='word_1_764' title='bbox 2222 4592 2346 4633; x_wconf 92' lang='lat' dir='ltr'><strong>cum</strong></span> <span class='ocrx_word' id='word_1_765' title='bbox 2375 4576 2486 4633; x_wconf 89' lang='lat' dir='ltr'><strong>Deo</strong></span> <span class='ocrx_word' id='word_1_766' title='bbox 2521 4577 2883 4648; x_wconf 85' lang='lat' dir='ltr'><strong>conjungunt.</strong></span> <span class='ocrx_word' id='word_1_767' title='bbox 2932 4575 3139 4631; x_wconf 81' lang='lat' dir='ltr'><strong>Earum</strong></span> <span class='ocrx_word' id='word_1_768' title='bbox 3165 4576 3334 4630; x_wconf 87' lang='lat' dir='ltr'><strong>altera</strong></span> <span class='ocrx_word' id='word_1_769' title='bbox 3371 4584 3477 4641; x_wconf 86' lang='lat' dir='ltr'><strong>est,</strong></span> 
     </span>
    </p>
   </div>
   <div class='ocr_carea' id='block_1_98' title="bbox 1910 4664 3478 4737">
    <p class='ocr_par' dir='ltr' id='par_1_98' title="bbox 1910 4664 3478 4737">
     <span class='ocr_line' id='line_1_98' title="bbox 1910 4664 3478 4737; baseline -0.003 -16"><span class='ocrx_word' id='word_1_770' title='bbox 1910 4666 2101 4737; x_wconf 89' lang='lat' dir='ltr'><strong>opinio</strong></span> <span class='ocrx_word' id='word_1_771' title='bbox 2135 4680 2246 4720; x_wconf 86' lang='lat' dir='ltr'><strong>non</strong></span> <span class='ocrx_word' id='word_1_772' title='bbox 2275 4679 2466 4721; x_wconf 88' lang='lat' dir='ltr'><strong>errans</strong></span> <span class='ocrx_word' id='word_1_773' title='bbox 2512 4664 2570 4720; x_wconf 88' lang='lat' dir='ltr'><strong>in</strong></span> <span class='ocrx_word' id='word_1_774' title='bbox 2598 4679 2665 4720; x_wconf 88' lang='lat' dir='ltr'><strong>eo</strong></span> <span class='ocrx_word' id='word_1_775' title='bbox 2698 4664 2846 4735; x_wconf 91' lang='lat' dir='ltr'><strong>quod</strong></span> <span class='ocrx_word' id='word_1_776' title='bbox 2897 4679 3086 4720; x_wconf 87' lang='lat' dir='ltr'><strong>revera</strong></span> <span class='ocrx_word' id='word_1_777' title='bbox 3120 4664 3374 4729; x_wconf 82' lang='lat' dir='ltr'><strong>exsistit,</strong></span> <span class='ocrx_word' id='word_1_778' title='bbox 3406 4665 3478 4718; x_wconf 83' lang='lat' dir='ltr'><strong>ita</strong></span> 
     </span>
    </p>
   </div>
   <div class='ocr_carea' id='block_1_99' title="bbox 1911 4752 3483 4824">
    <p class='ocr_par' dir='ltr' id='par_1_99' title="bbox 1911 4752 3483 4824">
     <span class='ocr_line' id='line_1_99' title="bbox 1911 4752 3483 4824; baseline 0.001 -17"><span class='ocrx_word' id='word_1_779' title='bbox 1911 4761 1972 4807; x_wconf 91' lang='lat' dir='ltr'><strong>ut</strong></span> <span class='ocrx_word' id='word_1_780' title='bbox 2005 4768 2100 4823; x_wconf 88' lang='lat' dir='ltr'><strong>per</strong></span> <span class='ocrx_word' id='word_1_781' title='bbox 2141 4753 2504 4822; x_wconf 82' lang='lat' dir='ltr'><strong>cogitationes</strong></span> <span class='ocrx_word' id='word_1_782' title='bbox 2549 4767 2812 4807; x_wconf 90' lang='lat' dir='ltr'><strong>erroneas</strong></span> <span class='ocrx_word' id='word_1_783' title='bbox 2858 4752 3092 4824; x_wconf 70' lang='lat' dir='ltr'><strong>quisad</strong></span> <span class='ocrx_word' id='word_1_784' title='bbox 3136 4752 3388 4810; x_wconf 76' lang='lat' dir='ltr'><strong>ethnicos</strong></span> <span class='ocrx_word' id='word_1_785' title='bbox 3426 4761 3483 4809; x_wconf 88' lang='lat' dir='ltr'><strong>et</strong></span> 
     </span>
    </p>
   </div>
   <div class='ocr_carea' id='block_1_100' title="bbox 1910 4841 3476 4900">
    <p class='ocr_par' dir='ltr' id='par_1_100' title="bbox 1910 4841 3476 4900">
     <span class='ocr_line' id='line_1_100' title="bbox 1910 4841 3476 4900; baseline 0.001 -2"><span class='ocrx_word' id='word_1_786' title='bbox 1910 4841 2196 4899; x_wconf 66' lang='lat' dir='ltr'><strong>haereticus</strong></span> <span class='ocrx_word' id='word_1_787' title='bbox 2230 4843 2298 4900; x_wconf 87' lang='lat' dir='ltr'><strong>de</strong></span> <span class='ocrx_word' id='word_1_788' title='bbox 2337 4843 2432 4898; x_wconf 89' lang='lat' dir='ltr'><strong>Dei</strong></span> <span class='ocrx_word' id='word_1_789' title='bbox 2467 4850 2665 4898; x_wconf 86' lang='lat' dir='ltr'><strong>natura</strong></span> <span class='ocrx_word' id='word_1_790' title='bbox 2699 4845 3003 4899; x_wconf 81' lang='lat' dir='ltr'><strong>sententias</strong></span> <span class='ocrx_word' id='word_1_791' title='bbox 3029 4859 3140 4898; x_wconf 92' lang='lat' dir='ltr'><strong>non</strong></span> <span class='ocrx_word' id='word_1_792' title='bbox 3173 4844 3476 4900; x_wconf 81' lang='lat' dir='ltr'><strong>exorbitet.</strong></span> 
     </span>
    </p>
   </div>
   <div class='ocr_carea' id='block_1_101' title="bbox 1908 4935 3483 5006">
    <p class='ocr_par' dir='ltr' id='par_1_101' title="bbox 1908 4935 3483 5006">
     <span class='ocr_line' id='line_1_101' title="bbox 1908 4935 3483 5006; baseline 0.003 -17"><span class='ocrx_word' id='word_1_793' title='bbox 1908 4935 2088 5006; x_wconf 85' lang='lat' dir='ltr'><strong>Atque</strong></span> <span class='ocrx_word' id='word_1_794' title='bbox 2121 4935 2228 4991; x_wconf 88' lang='lat' dir='ltr'><strong>hoc</strong></span> <span class='ocrx_word' id='word_1_795' title='bbox 2257 4951 2449 4991; x_wconf 88' lang='lat' dir='ltr'><strong>revera</strong></span> <span class='ocrx_word' id='word_1_796' title='bbox 2475 4944 2563 4992; x_wconf 82' lang='lat' dir='ltr'><strong>est</strong></span> <span class='ocrx_word' id='word_1_797' title='bbox 2587 4935 2720 4990; x_wconf 88' lang='lat' dir='ltr'><strong>illud</strong></span> <span class='ocrx_word' id='word_1_798' title='bbox 2745 4935 2949 4991; x_wconf 80' lang='lat' dir='ltr'><strong>Etiam.</strong></span> <span class='ocrx_word' id='word_1_799' title='bbox 2979 4937 3163 4992; x_wconf 87' lang='lat' dir='ltr'><strong>Altera</strong></span> <span class='ocrx_word' id='word_1_800' title='bbox 3194 4943 3281 4993; x_wconf 84' lang='lat' dir='ltr'><strong>est</strong></span> <span class='ocrx_word' id='word_1_801' title='bbox 3311 4937 3483 4993; x_wconf 86' lang='lat' dir='ltr'><strong>ratio-</strong></span> 
     </span>
    </p>
   </div>
   <div class='ocr_carea' id='block_1_102' title="bbox 1909 5025 3480 5097">
    <p class='ocr_par' dir='ltr' id='par_1_102' title="bbox 1909 5025 3480 5097">
     <span class='ocr_line' id='line_1_102' title="bbox 1909 5025 3480 5097; baseline 0.001 -17"><span class='ocrx_word' id='word_1_802' title='bbox 1909 5026 2119 5081; x_wconf 88' lang='lat' dir='ltr'><strong>cinatio</strong></span> <span class='ocrx_word' id='word_1_803' title='bbox 2145 5041 2279 5096; x_wconf 90' lang='lat' dir='ltr'><strong>pura</strong></span> <span class='ocrx_word' id='word_1_804' title='bbox 2300 5069 2315 5094; x_wconf 93' lang='lat'><strong>,</strong></span> <span class='ocrx_word' id='word_1_805' title='bbox 2352 5042 2474 5097; x_wconf 68' lang='lat' dir='ltr'><strong>quae</strong></span> <span class='ocrx_word' id='word_1_806' title='bbox 2501 5041 2718 5082; x_wconf 91' lang='lat' dir='ltr'><strong>omnem</strong></span> <span class='ocrx_word' id='word_1_807' title='bbox 2749 5027 3003 5083; x_wconf 84' lang='lat' dir='ltr'><strong>vitiosam</strong></span> <span class='ocrx_word' id='word_1_808' title='bbox 3037 5027 3204 5082; x_wconf 89' lang='lat' dir='ltr'><strong>animi</strong></span> <span class='ocrx_word' id='word_1_809' title='bbox 3236 5025 3480 5082; x_wconf 62' lang='grc' dir='ltr'>αἰτεοῑίοο</span> 
     </span>
    </p>
   </div>
   <div class='ocr_carea' id='block_1_103' title="bbox 191 5107 1802 5185">
    <p class='ocr_par' dir='ltr' id='par_1_103' title="bbox 191 5107 1802 5185">
     <span class='ocr_line' id='line_1_103' title="bbox 191 5107 1802 5185; baseline 0.006 -23"><span class='ocrx_word' id='word_1_810' title='bbox 191 5110 292 5164; x_wconf 70' lang='grc' dir='ltr'>τὰ</span> <span class='ocrx_word' id='word_1_811' title='bbox 319 5107 419 5181; x_wconf 75' lang='grc' dir='ltr'>τὴν</span> <span class='ocrx_word' id='word_1_812' title='bbox 446 5108 621 5180; x_wconf 77' lang='grc' dir='ltr'>ψυχὴν</span> <span class='ocrx_word' id='word_1_813' title='bbox 649 5110 1018 5181; x_wconf 87' lang='grc' dir='ltr'>λυμαινόμενα</span> <span class='ocrx_word' id='word_1_814' title='bbox 1037 5129 1050 5144; x_wconf 87' lang='grc'><strong>·</strong></span> <span class='ocrx_word' id='word_1_815' title='bbox 1080 5113 1112 5183; x_wconf 78' lang='grc' dir='ltr'>ἡ</span> <span class='ocrx_word' id='word_1_816' title='bbox 1146 5113 1254 5166; x_wconf 91' lang='grc' dir='ltr'><strong>τῶν</strong></span> <span class='ocrx_word' id='word_1_817' title='bbox 1275 5114 1549 5185; x_wconf 81' lang='grc' dir='ltr'>δορκάδων</span> <span class='ocrx_word' id='word_1_818' title='bbox 1579 5117 1671 5171; x_wconf 74' lang='grc' dir='ltr'>καὶ</span> <span class='ocrx_word' id='word_1_819' title='bbox 1694 5119 1802 5173; x_wconf 88' lang='grc' dir='ltr'><strong>τῶν</strong></span> 
     </span>
    </p>
   </div>
   <div class='ocr_carea' id='block_1_104' title="bbox 188 5199 1802 5276">
    <p class='ocr_par' dir='ltr' id='par_1_104' title="bbox 188 5199 1802 5276">
     <span class='ocr_line' id='line_1_104' title="bbox 188 5199 1802 5276; baseline 0.003 -21"><span class='ocrx_word' id='word_1_820' title='bbox 188 5199 441 5268; x_wconf 63' lang='grc' dir='ltr'>ἐλάφων</span> <span class='ocrx_word' id='word_1_821' title='bbox 476 5202 662 5272; x_wconf 78' lang='grc' dir='ltr'>μνήμη</span> <span class='ocrx_word' id='word_1_822' title='bbox 690 5240 704 5264; x_wconf 93' lang='grc'><strong>,</strong></span> <span class='ocrx_word' id='word_1_823' title='bbox 747 5200 836 5253; x_wconf 85' lang='grc' dir='ltr'><strong>διά</strong></span> <span class='ocrx_word' id='word_1_824' title='bbox 870 5201 1153 5271; x_wconf 84' lang='grc' dir='ltr'>συμϐόλων</span> <span class='ocrx_word' id='word_1_825' title='bbox 1195 5204 1447 5273; x_wconf 80' lang='grc' dir='ltr'>γνωρίζει</span> <span class='ocrx_word' id='word_1_826' title='bbox 1496 5204 1592 5276; x_wconf 80' lang='grc' dir='ltr'>τὴν</span> <span class='ocrx_word' id='word_1_827' title='bbox 1644 5205 1802 5260; x_wconf 81' lang='grc' dir='ltr'>δύνα-</span> 
     </span>
    </p>
   </div>
   <div class='ocr_carea' id='block_1_105' title="bbox 187 5287 1800 5369">
    <p class='ocr_par' dir='ltr' id='par_1_105' title="bbox 187 5287 1800 5369">
     <span class='ocr_line' id='line_1_105' title="bbox 187 5287 1800 5369; baseline 0.005 -26"><span class='ocrx_word' id='word_1_828' title='bbox 187 5306 338 5364; x_wconf 74' lang='grc' dir='ltr'>μιν.</span> <span class='ocrx_word' id='word_1_829' title='bbox 366 5287 586 5341; x_wconf 87' lang='grc' dir='ltr'>Τούτων</span> <span class='ocrx_word' id='word_1_830' title='bbox 617 5290 726 5361; x_wconf 89' lang='grc' dir='ltr'><strong>γάρ</strong></span> <span class='ocrx_word' id='word_1_831' title='bbox 750 5293 782 5362; x_wconf 79' lang='grc' dir='ltr'>ἠ</span> <span class='ocrx_word' id='word_1_832' title='bbox 823 5291 920 5362; x_wconf 83' lang='grc' dir='ltr'>μὲν</span> <span class='ocrx_word' id='word_1_833' title='bbox 952 5291 1203 5356; x_wconf 84' lang='grc' dir='ltr'>ἀπλανῶς</span> <span class='ocrx_word' id='word_1_834' title='bbox 1231 5295 1350 5365; x_wconf 76' lang='grc' dir='ltr'>ὁρᾷ,</span> <span class='ocrx_word' id='word_1_835' title='bbox 1385 5296 1418 5366; x_wconf 79' lang='grc' dir='ltr'><strong>ἡ</strong></span> <span class='ocrx_word' id='word_1_836' title='bbox 1445 5294 1501 5349; x_wconf 87' lang='grc' dir='ltr'><strong>δέ</strong></span> <span class='ocrx_word' id='word_1_837' title='bbox 1527 5295 1800 5369; x_wconf 81' lang='grc' dir='ltr'>βρωτικήν</span> 
     </span>
    </p>
   </div>
   <div class='ocr_carea' id='block_1_106' title="bbox 183 5381 1802 5459">
    <p class='ocr_par' dir='ltr' id='par_1_106' title="bbox 183 5381 1802 5459">
     <span class='ocr_line' id='line_1_106' title="bbox 183 5381 1802 5459; baseline 0.004 -22"><span class='ocrx_word' id='word_1_838' title='bbox 183 5399 343 5437; x_wconf 79' lang='grc' dir='ltr'>τινα</span> <span class='ocrx_word' id='word_1_839' title='bbox 364 5382 462 5434; x_wconf 74' lang='grc' dir='ltr'>καὶ</span> <span class='ocrx_word' id='word_1_840' title='bbox 492 5381 829 5456; x_wconf 80' lang='grc' dir='ltr'>ἀναλωτικὴν</span> <span class='ocrx_word' id='word_1_841' title='bbox 857 5383 964 5438; x_wconf 91' lang='grc' dir='ltr'><strong>τῶν</strong></span> <span class='ocrx_word' id='word_1_842' title='bbox 997 5383 1199 5456; x_wconf 86' lang='grc' dir='ltr'>θηρίων</span> <span class='ocrx_word' id='word_1_843' title='bbox 1222 5385 1450 5458; x_wconf 87' lang='grc' dir='ltr'>δύναμιν</span> <span class='ocrx_word' id='word_1_844' title='bbox 1475 5387 1608 5459; x_wconf 76' lang='grc' dir='ltr'>ἔχει.</span> <span class='ocrx_word' id='word_1_845' title='bbox 1632 5390 1802 5444; x_wconf 79' lang='grc' dir='ltr'>Τοῦτο</span> 
     </span>
    </p>
   </div>
   <div class='ocr_carea' id='block_1_107' title="bbox 179 5473 1800 5550">
    <p class='ocr_par' dir='ltr' id='par_1_107' title="bbox 179 5473 1800 5550">
     <span class='ocr_line' id='line_1_107' title="bbox 179 5473 1800 5550; baseline 0.005 -22"><span class='ocrx_word' id='word_1_846' title='bbox 179 5477 404 5528; x_wconf 74' lang='grc' dir='ltr'>τοίνυν</span> <span class='ocrx_word' id='word_1_847' title='bbox 436 5473 708 5543; x_wconf 85' lang='grc' dir='ltr'>προτείνει</span> <span class='ocrx_word' id='word_1_848' title='bbox 731 5476 852 5539; x_wconf 86' lang='grc' dir='ltr'>ταῖς</span> <span class='ocrx_word' id='word_1_849' title='bbox 885 5474 1176 5546; x_wconf 84' lang='grc' dir='ltr'>παρθένοις</span> <span class='ocrx_word' id='word_1_850' title='bbox 1204 5478 1236 5547; x_wconf 87' lang='grc' dir='ltr'>ή</span> <span class='ocrx_word' id='word_1_851' title='bbox 1271 5477 1456 5550; x_wconf 75' lang='grc' dir='ltr'>νύμφη</span> <span class='ocrx_word' id='word_1_852' title='bbox 1485 5480 1546 5533; x_wconf 81' lang='grc' dir='ltr'>τὸ</span> <span class='ocrx_word' id='word_1_853' title='bbox 1572 5481 1681 5536; x_wconf 74' lang='grc' dir='ltr'><strong>Ναὶ</strong></span> <span class='ocrx_word' id='word_1_854' title='bbox 1699 5522 1714 5547; x_wconf 92' lang='grc'><strong>,</strong></span> <span class='ocrx_word' id='word_1_855' title='bbox 1739 5481 1800 5536; x_wconf 87' lang='grc' dir='ltr'><strong>τό</strong></span> 
     </span>
    </p>
   </div>
   <div class='ocr_carea' id='block_1_108' title="bbox 179 5561 1798 5647">
    <p class='ocr_par' dir='ltr' id='par_1_108' title="bbox 179 5561 1798 5647">
     <span class='ocr_line' id='line_1_108' title="bbox 179 5561 1798 5647; baseline 0.012 -36"><span class='ocrx_word' id='word_1_856' title='bbox 179 5581 267 5618; x_wconf 71' lang='grc' dir='ltr'><strong>τι</strong></span> <span class='ocrx_word' id='word_1_857' title='bbox 312 5561 552 5628; x_wconf 83' lang='grc' dir='ltr'>εὐσεϐῶς</span> <span class='ocrx_word' id='word_1_858' title='bbox 576 5564 685 5618; x_wconf 78' lang='grc' dir='ltr'>δεῖν</span> <span class='ocrx_word' id='word_1_859' title='bbox 708 5568 842 5635; x_wconf 84' lang='grc' dir='ltr'>πρὸς</span> <span class='ocrx_word' id='word_1_860' title='bbox 864 5567 926 5620; x_wconf 84' lang='grc' dir='ltr'>τὸ</span> <span class='ocrx_word' id='word_1_861' title='bbox 949 5566 1102 5622; x_wconf 80' lang='grc' dir='ltr'>Θεῖον</span> <span class='ocrx_word' id='word_1_862' title='bbox 1138 5567 1380 5639; x_wconf 84' lang='grc' dir='ltr'>βλέπειν,</span> <span class='ocrx_word' id='word_1_863' title='bbox 1412 5573 1508 5627; x_wconf 70' lang='grc' dir='ltr'><strong>καὶ</strong></span> <span class='ocrx_word' id='word_1_864' title='bbox 1543 5573 1798 5647; x_wconf 83' lang='grc' dir='ltr'>καθαρῶς</span> 
     </span>
    </p>
   </div>
   <div class='ocr_carea' id='block_1_109' title="bbox 1909 5117 3481 5190">
    <p class='ocr_par' dir='ltr' id='par_1_109' title="bbox 1909 5117 3481 5190">
     <span class='ocr_line' id='line_1_109' title="bbox 1909 5117 3481 5190; baseline 0 -18"><span class='ocrx_word' id='word_1_865' title='bbox 1909 5133 2034 5173; x_wconf 92' lang='lat' dir='ltr'><strong>nem</strong></span> <span class='ocrx_word' id='word_1_866' title='bbox 2072 5119 2219 5174; x_wconf 87' lang='lat' dir='ltr'><strong>velut</strong></span> <span class='ocrx_word' id='word_1_867' title='bbox 2262 5118 2504 5174; x_wconf 87' lang='lat' dir='ltr'><strong>eliminat</strong></span> <span class='ocrx_word' id='word_1_868' title='bbox 2539 5136 2552 5172; x_wconf 89' lang='lat'>:</span> <span class='ocrx_word' id='word_1_869' title='bbox 2588 5118 2734 5188; x_wconf 81' lang='lat' dir='ltr'><strong>quod</strong></span> <span class='ocrx_word' id='word_1_870' title='bbox 2771 5119 2949 5188; x_wconf 90' lang='lat' dir='ltr'><strong>ipsum</strong></span> <span class='ocrx_word' id='word_1_871' title='bbox 2986 5133 3206 5190; x_wconf 88' lang='lat' dir='ltr'><strong>quoque</strong></span> <span class='ocrx_word' id='word_1_872' title='bbox 3255 5118 3326 5173; x_wconf 88' lang='lat' dir='ltr'><strong>ab</strong></span> <span class='ocrx_word' id='word_1_873' title='bbox 3376 5117 3481 5172; x_wconf 92' lang='lat' dir='ltr'><strong>hoc</strong></span> 
     </span>
    </p>
   </div>
   <div class='ocr_carea' id='block_1_110' title="bbox 1910 5206 3477 5281">
    <p class='ocr_par' dir='ltr' id='par_1_110' title="bbox 1910 5206 3477 5281">
     <span class='ocr_line' id='line_1_110' title="bbox 1910 5206 3477 5281; baseline 0.001 -20"><span class='ocrx_word' id='word_1_874' title='bbox 1910 5206 2096 5262; x_wconf 85' lang='lat' dir='ltr'><strong>Etiam</strong></span> <span class='ocrx_word' id='word_1_875' title='bbox 2140 5223 2251 5264; x_wconf 89' lang='lat' dir='ltr'><strong>non</strong></span> <span class='ocrx_word' id='word_1_876' title='bbox 2301 5217 2388 5264; x_wconf 88' lang='lat' dir='ltr'><strong>est</strong></span> <span class='ocrx_word' id='word_1_877' title='bbox 2431 5220 2766 5279; x_wconf 89' lang='lat' dir='ltr'><strong>separatum.</strong></span> <span class='ocrx_word' id='word_1_878' title='bbox 2804 5209 2997 5281; x_wconf 81' lang='lat' dir='ltr'><strong>itaque</strong></span> <span class='ocrx_word' id='word_1_879' title='bbox 3028 5208 3269 5279; x_wconf 88' lang='lat' dir='ltr'><strong>duplicis</strong></span> <span class='ocrx_word' id='word_1_880' title='bbox 3311 5207 3477 5277; x_wconf 91' lang='lat' dir='ltr'><strong>hujus</strong></span> 
     </span>
    </p>
   </div>
   <div class='ocr_carea' id='block_1_111' title="bbox 1910 5297 3475 5371">
    <p class='ocr_par' dir='ltr' id='par_1_111' title="bbox 1910 5297 3475 5371">
     <span class='ocr_line' id='line_1_111' title="bbox 1910 5297 3475 5371; baseline -0.003 -15"><span class='ocrx_word' id='word_1_881' title='bbox 1910 5299 2180 5356; x_wconf 90' lang='lat' dir='ltr'><strong>bonorum</strong></span> <span class='ocrx_word' id='word_1_882' title='bbox 2228 5299 2449 5357; x_wconf 88' lang='lat' dir='ltr'><strong>habitus</strong></span> <span class='ocrx_word' id='word_1_883' title='bbox 2500 5311 2772 5371; x_wconf 83' lang='lat' dir='ltr'><strong>(quorum</strong></span> <span class='ocrx_word' id='word_1_884' title='bbox 2802 5301 2941 5355; x_wconf 88' lang='lat' dir='ltr'><strong>alter</strong></span> <span class='ocrx_word' id='word_1_885' title='bbox 2975 5297 3109 5354; x_wconf 81' lang='lat' dir='ltr'><strong>facit</strong></span> <span class='ocrx_word' id='word_1_886' title='bbox 3143 5306 3201 5354; x_wconf 91' lang='lat' dir='ltr'><strong>ut</strong></span> <span class='ocrx_word' id='word_1_887' title='bbox 3233 5298 3289 5353; x_wconf 93' lang='lat' dir='ltr'><strong>id</strong></span> <span class='ocrx_word' id='word_1_888' title='bbox 3327 5300 3475 5368; x_wconf 83' lang='lat' dir='ltr'><strong>quod</strong></span> 
     </span>
    </p>
   </div>
   <div class='ocr_carea' id='block_1_112' title="bbox 1908 5389 3476 5461">
    <p class='ocr_par' dir='ltr' id='par_1_112' title="bbox 1908 5389 3476 5461">
     <span class='ocr_line' id='line_1_112' title="bbox 1908 5389 3476 5461; baseline -0.004 -13"><span class='ocrx_word' id='word_1_889' title='bbox 1908 5407 2037 5449; x_wconf 88' lang='lat' dir='ltr'><strong>vere</strong></span> <span class='ocrx_word' id='word_1_890' title='bbox 2062 5392 2276 5450; x_wconf 80' lang='lat' dir='ltr'><strong>exsistit</strong></span> <span class='ocrx_word' id='word_1_891' title='bbox 2305 5393 2641 5460; x_wconf 86' lang='lat' dir='ltr'><strong>intueamur,</strong></span> <span class='ocrx_word' id='word_1_892' title='bbox 2681 5393 2818 5446; x_wconf 89' lang='lat' dir='ltr'><strong>alter</strong></span> <span class='ocrx_word' id='word_1_893' title='bbox 2864 5390 3032 5461; x_wconf 87' lang='lat' dir='ltr'><strong>abigit</strong></span> <span class='ocrx_word' id='word_1_894' title='bbox 3062 5389 3229 5444; x_wconf 88' lang='lat' dir='ltr'><strong>animi</strong></span> <span class='ocrx_word' id='word_1_895' title='bbox 3256 5389 3476 5444; x_wconf 84' lang='lat' dir='ltr'><strong>morbos</strong></span> 
     </span>
    </p>
   </div>
   <div class='ocr_carea' id='block_1_113' title="bbox 1907 5469 3531 5558">
    <p class='ocr_par' dir='ltr' id='par_1_113' title="bbox 1907 5469 3531 5558">
     <span class='ocr_line' id='line_1_113' title="bbox 1907 5469 3531 5558; baseline -0.006 -17"><span class='ocrx_word' id='word_1_896' title='bbox 1907 5491 1964 5541; x_wconf 85' lang='lat' dir='ltr'><strong>et</strong></span> <span class='ocrx_word' id='word_1_897' title='bbox 1993 5485 2142 5552; x_wconf 89' lang='lat' dir='ltr'><strong>vitia,</strong></span> <span class='ocrx_word' id='word_1_898' title='bbox 2183 5485 2384 5558; x_wconf 88' lang='lat' dir='ltr'><strong>quibus</strong></span> <span class='ocrx_word' id='word_1_899' title='bbox 2413 5485 2504 5541; x_wconf 90' lang='lat' dir='ltr'><strong>ille</strong></span> <span class='ocrx_word' id='word_1_900' title='bbox 2538 5482 2943 5553; x_wconf 84' lang='lat' dir='ltr'><strong>corrumpitur)</strong></span> <span class='ocrx_word' id='word_1_901' title='bbox 2975 5483 3084 5536; x_wconf 91' lang='lat' dir='ltr'><strong>vim</strong></span> <span class='ocrx_word' id='word_1_902' title='bbox 3116 5479 3275 5536; x_wconf 87' lang='lat' dir='ltr'><strong>nobis</strong></span> <span class='ocrx_word' id='word_1_903' title='bbox 3315 5478 3474 5549; x_wconf 82' lang='lat' dir='ltr'><strong>quasi</strong></span> <span class='ocrx_word' id='word_1_904' title='bbox 3528 5469 3531 5471; x_wconf 70' lang='grc'><em>’</em></span> 
     </span>
    </p>
   </div>
   <div class='ocr_carea' id='block_1_114' title="bbox 1907 5567 3472 5649">
    <p class='ocr_par' dir='ltr' id='par_1_114' title="bbox 1907 5567 3472 5649">
     <span class='ocr_line' id='line_1_114' title="bbox 1907 5567 3472 5649; baseline -0.004 -17"><span class='ocrx_word' id='word_1_905' title='bbox 1907 5591 2003 5648; x_wconf 88' lang='lat' dir='ltr'><strong>per</strong></span> <span class='ocrx_word' id='word_1_906' title='bbox 2023 5575 2270 5649; x_wconf 67' lang='lat' dir='ltr'><strong>quaedam</strong></span> <span class='ocrx_word' id='word_1_907' title='bbox 2285 5576 2440 5649; x_wconf 87' lang='lat' dir='ltr'><strong>signa</strong></span> <span class='ocrx_word' id='word_1_908' title='bbox 2452 5589 2773 5647; x_wconf 85' lang='lat' dir='ltr'><strong>caprearum</strong></span> <span class='ocrx_word' id='word_1_909' title='bbox 2805 5581 2859 5630; x_wconf 87' lang='lat' dir='ltr'><strong>et</strong></span> <span class='ocrx_word' id='word_1_910' title='bbox 2888 5571 3242 5629; x_wconf 88' lang='lat' dir='ltr'><strong>hinnulorum</strong></span> <span class='ocrx_word' id='word_1_911' title='bbox 3267 5567 3472 5628; x_wconf 81' lang='lat' dir='ltr'><strong>mentio</strong></span> 
     </span>
    </p>
   </div>
   <div class='ocr_carea' id='block_1_115' title="bbox 330 5739 1411 5842">
    <p class='ocr_par' dir='ltr' id='par_1_115' title="bbox 330 5739 1411 5842">
     <span class='ocr_line' id='line_1_115' title="bbox 330 5739 1411 5842; baseline 0.006 -49"><span class='ocrx_word' id='word_1_912' title='bbox 330 5741 376 5774; x_wconf 67' lang='grc'><strong>⁸⁸</strong></span> <span class='ocrx_word' id='word_1_913' title='bbox 416 5739 579 5800; x_wconf 82' lang='lat' dir='ltr'><strong>llcbr.</strong></span> <span class='ocrx_word' id='word_1_914' title='bbox 610 5761 684 5842; x_wconf 68' lang='lat' dir='ltr'><strong>vi,</strong></span> <span class='ocrx_word' id='word_1_915' title='bbox 715 5745 798 5804; x_wconf 77' lang='grc' dir='ltr'><strong>ιθ.</strong></span> <span class='ocrx_word' id='word_1_916' title='bbox 872 5747 914 5777; x_wconf 84' lang='grc'><strong><em>⁸⁷</em></strong></span> <span class='ocrx_word' id='word_1_917' title='bbox 939 5745 1133 5801; x_wconf 77' lang='lat' dir='ltr'><strong>Matth.</strong></span> <span class='ocrx_word' id='word_1_918' title='bbox 1171 5761 1289 5811; x_wconf 70' lang='lat' dir='ltr'><strong>sui,</strong></span> <span class='ocrx_word' id='word_1_919' title='bbox 1323 5747 1411 5802; x_wconf 78' lang='grc'><strong>58.</strong></span> 
     </span>
    </p>
   </div>
  </div>
