3948 6192
501 311 520 366 1
532 310 630 368 043

1736 301 1794 356 S.
1821 295 2148 357 GREGORII
2186 297 2231 356 Ν
2238 295 2481 356 YSSENI

3546 306 3653 366 i0“

497 417 762 479 d:clarat.
794 413 935 482 Nam
971 433 1039 474 ex
1065 414 1153 476 his
1184 417 1356 474 altera
1391 417 1512 475 sine
1545 431 1732 474 errore
1761 418 1962 481 cernit,
1996 416 2069 471 al-

2193 434 2228 470 .v
2249 413 2486 488 ἀπαθείᾳ
2505 409 2868 484 παρατρέχειν
2893 407 2982 464 τδν
3011 408 3124 480 βίον
3144 424 3156 437 ’
3177 401 3246 464 ὧν
3267 413 3652 487 κατορθουμένων,

497 522 583 569 ter
609 512 718 566 vim
746 510 1068 570 comedendi
1099 517 1153 566 et
1183 509 1509 566 absumendi
1543 515 1839 565 venenatas
1861 507 2069 564 bestias

495 601 680 656 habet.
717 598 832 655 Hoc
873 599 1036 670 igitur
1076 599 1260 654 Etiam
1303 613 1506 669 sponsa
1539 598 1841 669 virginibus
1877 611 2072 668 propo-

496 690 602 753 nit,
636 690 895 744 nimirum
933 689 1188 760 religiose
1213 688 1424 744 Numen
1455 687 1703 744 divinum
1747 684 2068 742 intuendum

509 793 670 846 esse,
703 791 768 834 ac
811 793 945 850 pure
974 777 1141 832 vitam
1182 777 1327 832 hanc
1363 778 1482 833 sine
1516 777 1667 834 vitiis
1695 777 1856 848 quasi
1891 784 2074 831 trans-

500 871 828 928 currendam
862 889 875 925 :
913 886 1034 944 quae
1055 869 1102 926 si
1129 878 1480 942 pratstentur,
1515 870 1793 926 stabilitur
1826 869 1880 923 in
1913 867 2074 923 nobis

508 966 639 1021 illud
673 965 852 1020 Etiam
875 1005 890 1030 ,
926 966 1072 1036 quod
1106 967 1308 1020 mutari
1353 967 1562 1036 nequit.
1601 964 1737 1020 Nam
1779 972 1862 1020 est
1888 962 2074 1034 jusju-

503 1057 733 1112 randum
764 1058 920 1124 illud,
952 1058 1102 1128 quod
1121 1058 1338 1113 veritati
1377 1057 1536 1114 ﬁdem
1566 1058 1786 1123 astruit,
1820 1064 1875 1111 et
1904 1054 2073 1125 quod,

501 1151 547 1202 si
583 1149 710 1221 quis
739 1149 795 1206 in
817 1165 883 1206 eo
917 1157 1160 1220 praestet,
1190 1149 1468 1215 laudatur,
1509 1149 1966 1222 quemadmodum
1998 1147 2076 1202 ait

505 1240 792 1313 Propheta.
819 1238 961 1295 Vere
986 1241 1132 1295 enim
1173 1240 1221 1296 is
1261 1241 1355 1311 qui
1400 1241 1456 1296 in
1485 1242 1700 1298 duobus
1730 1241 1882 1298 hisce
1910 1239 2078 1294 certi-

505 1328 748 1383 tudinem
779 1331 884 1385 sibi
915 1338 1218 1402 comparat,
1249 1333 1507 1387 nimirum
1553 1333 1608 1388 in
1635 1334 1803 1390 verbo
1834 1331 1978 1395 ﬁdei,
2021 1339 2080 1385 ut

505 1421 625 1476 sine
646 1437 834 1478 errore
852 1423 1133 1478 veritatem
1159 1424 1414 1494 aspiciat,
1436 1434 1489 1481 et
1514 1426 1568 1479 in
1595 1425 1808 1480 ratione
1834 1424 2079 1488 vivendi,

503 1514 553 1567 si
598 1515 668 1570 ab
698 1515 847 1569 omni
893 1516 1184 1584 pravitatis
1231 1518 1611 1588 inquinatione
1674 1532 1846 1587 purus
1892 1516 1986 1579 sit,
2033 1530 2082 1570 IS

504 1607 671 1676 igitur
702 1622 826 1664 vere
855 1609 1005 1677 jurat
1031 1608 1260 1664 Domino
1281 1610 1358 1677 ⁸³,
1403 1625 1513 1667 non
1541 1626 1601 1665 se
1633 1625 1994 1665 ascensurum
2027 1609 2101 1663 in-

509 1701 772 1756 lectulum
806 1703 912 1758 sibi
950 1709 1184 1757 stratum
1207 1742 1223 1768 ,
1253 1717 1432 1772 neque
1462 1715 1714 1758 somnum
1745 1699 1922 1755 oculis
1964 1699 2080 1756 suis

2172 505 2234 559 τδ
2259 504 2591 576 ἀμετάθετον
2624 503 2856 573 πρᾶγμα
2887 504 2944 556 ὲν
2987 502 3117 572 ἡμῖν
3151 500 3428 572 βεϐαιοῦται
3480 507 3532 560 th
3556 512 3658 566 Nai.

2175 591 2342 658 Οὗτος
2369 595 2478 665 γάρ
2507 594 2654 646 ἐστιν
2686 593 2715 645 ὁ
2760 592 2858 662 τὴν
2893 591 3148 662 ἀλήθειαν
3172 593 3490 664 πιστούμενος
3516 599 3657 670 ὅρκος,

2173 683 2232 738 ὃν
2259 685 2368 748 πᾶς
2396 682 2611 755 ὀμνύων
2641 683 2699 736 ὲν
2728 680 2878 751 αὑτῷ
2922 682 3220 735 ἐπαινεῖται
3243 724 3258 749 ,
3289 683 3450 748 καθώς
3485 705 3614 757 φησιν
3644 693 3665 744 ὀ

2175 777 2491 849 Προφήτης.
2532 775 2770 846 Ἀληθῶς
2802 774 2910 846 γὰρ
2964 775 2992 826 ὁ
3040 776 3098 829 ἐν
3139 777 3245 838 τοῖς
3287 775 3373 829 δύο
3414 777 3584 843 τούτοις
3621 784 3666 836 τὸ

2177 868 2419 937 ἀσφαλὲς
2456 869 2514 920 ὲν
2548 865 2727 937 ἐαυτῷ
2766 863 3118 936 κατορθώσας
3141 903 3156 928 ,
3197 864 3249 918 ἐν
3275 883 3330 918 τε
3349 865 3418 936 τῷ
3448 867 3568 939 λόγῳ
3596 871 3670 941 τῆς

2178 961 2412 1024 πίστεως
2435 1000 2450 1025 ,
2479 960 2608 1014 ὅταν
2650 957 2904 1021 ἀπλανῶς
2950 957 3088 1029 πρὸς
3128 956 3223 1028 τὴν
3261 957 3489 1029 ἀλήθειαν
3523 961 3670 1035 βλέπῃ,

2179 1052 2274 1106 καὶ
2304 1053 2362 1104 ὲν
2385 1049 2464 1122 τῷ
2493 1049 2680 1122 τρόπῳ
2718 1048 2810 1118 τῆς
2845 1046 2989 1118 ζωῆς
3017 1087 3032 1111 ,
3062 1047 3188 1100 ὅταν
3226 1049 3412 1111 παντὸς
3451 1050 3679 1125 καθαρεὺῃ

2179 1143 2274 1198 τοῦ
2303 1143 2368 1196 ὲκ
2393 1141 2658 1213 πονηρίας
2691 1139 3035 1211 μολύσματος
3054 1155 3067 1168 ·
3116 1132 3268 1201 οὗτος
3297 1139 3469 1209 ὀμνύει
3498 1140 3563 1211 τῷ
3593 1143 3678 1194 Κυ-

2185 1239 2308 1310 ρίῳ,
2336 1235 2411 1308 μὴ
2442 1235 2709 1304 ἀναϐῆναι
2741 1233 2834 1286 ἐπὶ
2875 1232 3064 1301 κλίνης
3095 1232 3371 1303 στρωμνῆς
3393 1271 3408 1295 ,
3451 1232 3516 1304 μὴ
3538 1234 3682 1288 δοῦναι

2185 1330 2352 1384 ὕπνον
2397 1329 2510 1392 τοῖς
2543 1325 2840 1397 ὀφθαλμοῖς
2893 1323 3088 1388 αὑτοῦ,
3133 1323 3267 1394 μηδὲ
3312 1325 3581 1395 νυσταγμὸν
3602 1330 3685 1388 τοῖς

2186 1421 2476 1494 βλεφάροις
2495 1461 2508 1486 ,
2543 1418 2648 1481 ἓως
2686 1411 2746 1472 οὗ
2775 1416 2909 1488 εὕρῃ
2949 1417 3006 1468 ὲν
3028 1413 3213 1485 ἑαυτῷ
3237 1414 3388 1468 τόπον
3423 1415 3492 1486 τῷ
3521 1417 3686 1488 Κυρίῳ,

2188 1514 2454 1584 σκήνωμα
2487 1508 2564 1580 τῷ
2592 1511 2650 1562 ὲν
2676 1507 2825 1578 αὺτῷ
2853 1505 3090 1561 οἰκοῦντι
3135 1506 3432 1577 γενόμενος.
3475 1507 3530 1560 Εἰ
3553 1507 3690 1558 τοίνυν

2188 1605 2354 1675 ἐσμὲν
2389 1603 2483 1656 καὶ
2511 1601 2674 1672 ἡμεῖς
2701 1599 2800 1668 τῆς
2828 1599 2940 1653 ἄνω
2983 1597 3334 1669 Ἰερουσαλὴμ
3368 1597 3546 1660 τέκνα,
3571 1593 3693 1649 ἀκού-

2190 1711 2374 1765 σωμεν
2416 1693 2516 1762 τῆς
2548 1688 2862 1744 διδασκάλου
2905 1685 3152 1758 νύμφης,
3182 1686 3296 1750 πῶς
3337 1686 3472 1740 ἐστιν
3504 1685 3609 1738 ἰδεῖν
3630 1685 3696 1738 τὸν

505 1808 924 1859 concessurum,
951 1795 1035 1850 vel
1057 1795 1497 1850 dormitationem
1521 1794 1815 1865 palpebris,
1837 1793 2012 1849 donec
2031 1792 2084 1847 in
2115 1791 2158 1845 B
2188 1784 2519 1855 ποθούμενον
2537 1822 2552 1836 .

506 1904 568 1946 se
607 1889 786 1944 locum
822 1887 1050 1942 Domino
1085 1890 1372 1958 repererit,
1403 1888 1578 1945 factus
1607 1889 2016 1944 tabernaculum
2040 1887 2160 1957 ejus
2199 1885 2253 1938 in
2283 1882 2402 1950 ipso
2431 1873 2749 1932 habitantis.
2786 1871 3164 1940 Quamobrem.
3206 1869 3251 1926 si
3287 1885 3385 1924 nos
3415 1884 3607 1940 quoque
3636 1885 3701 1924 su-

509 1995 693 2052 perna
748 1979 898 2035 illius
946 1977 1253 2034 Jerusalem
1303 1981 1398 2035 ﬁlii
1453 1996 1680 2048 sumus,
1729 1981 2020 2035 audiamus

2197 1988 2354 2031 nsam
2415 1969 2765 2040 magistram,
2819 1969 2910 2036 qui
2953 1964 3298 2021 desideratus
3343 1964 3482 2017 cerni
3543 1965 3698 2033 possit.

577 2073 721 2139 Quid
756 2075 925 2145 igitur
964 2075 1182 2144 inquit?
1226 2077 1273 2130 si
1315 2076 1419 2131 hoc
1459 2075 1822 2145 jurejurando
1871 2084 2084 2131 nosmet

508 2167 955 2230 astrinxerimus.
992 2166 1206 2222 futuros
1242 2182 1344 2223 nos
1368 2169 1420 2222 in
1451 2170 1816 2238 potestatibus
1859 2151 2086 2238 caprea-

509 2273 634 2312 rum
665 2258 786 2313 acri
817 2258 1170 2329 praeditarum
1200 2260 1344 2324 visu,
1369 2271 1422 2315 et
1455 2261 1512 2315 in
1544 2261 1756 2316 viribus
1797 2276 2084 2316 cervorum

509 2348 604 2417 qui
625 2347 829 2402 malum
861 2347 1120 2415 abolent;
1164 2353 1280 2402 tum
1325 2363 1454 2404 vero
1483 2348 1668 2404 licebit
1700 2363 1898 2417 purum
1932 2347 2083 2402 illum

509 2452 772 2508 sponsum
801 2435 1052 2503 eernere,
1091 2438 1182 2508 qui
1209 2438 1558 2497 dilectionem
1599 2439 1903 2508 ejaculatur
1931 2456 1943 2492 :
1972 2446 2086 2492 tum

510 2530 696 2586 licebit
725 2531 921 2586 animae
950 2531 1197 2601 cujusvis
1235 2530 1304 2586 ad
1352 2547 1476 2588 eum
1509 2532 1692 2587 dicere
1727 2551 1740 2586 :
1799 2531 2089 2586 Vulnerata

509 2639 629 2677 sunt
668 2639 704 2679 α
737 2623 1038 2678 dilectione.
1096 2623 1244 2679 Bona
1278 2639 1409 2680 vero
1462 2625 1773 2680 dilectionis
1810 2640 1931 2679 esse
1968 2624 2090 2686 vul-

509 2728 664 2783 nera,
701 2715 866 2772 etiam
899 2713 1319 2772 Proverbiorum
1364 2731 1396 2772 e
1440 2716 1580 2770 libro
1615 2717 1941 2776 didicimus,
1999 2715 2092 2785 qui

511 2809 589 2862 ait
631 2823 646 2861 :
684 2806 956 2876 Optabilia
1008 2817 1132 2862 sunt
1197 2807 1356 2861 amici
1411 2806 1648 2873 vulnera,
1691 2807 1858 2860 hostis
1916 2816 2091 2860 autem

510 2903 672 2956 etiam
710 2902 894 2955 oscula
924 2901 1068 2954 mala
1109 2911 1230 2954 sunt
1262 2901 1329 2955 ⁸³.
1377 2899 1642 2966 Quisnam
1693 2915 1822 2956 vero
1849 2899 1920 2954 sit
1963 2900 2094 2953 ami-

512 3009 613 3047 cus
655 2993 768 3058 ille,
801 2994 960 3062 cujus
1009 2994 1235 3048 vulnera
1272 2993 1382 3048 sint
1411 2994 1616 3048 osculis
1663 2991 1954 3047 hostilibus
1995 3007 2093 3060 po-

513 3087 676 3151 tiora,
707 3084 1056 3155 perspicuum
1107 3084 1279 3139 cuivis
1312 3090 1396 3137 est
1439 3082 1634 3139 salutis
1685 3084 1942 3154 mysteria
1983 3099 2093 3139 non

514 3175 812 3243 ignoranti.
847 3172 1058 3228 Etenim
1084 3187 1248 3228 vetus
1296 3187 1361 3226 ac
1398 3180 1584 3227 certus
1616 3173 1829 3227 amicus
1885 3179 1972 3228 est
2016 3173 2085 3236 is,

506 3263 603 3326 qui
639 3275 741 3316 nos
778 3261 942 3314 etiam
979 3261 1164 3316 hostes
1194 3259 1438 3316 redditos
1467 3261 1691 3331 diligere
1720 3274 1831 3316 non
1879 3260 2040 3316 desiit
2073 3278 2087 3315 :

2260 2070 2326 2122 Ti.
2352 2064 2444 2121 οὖν
2485 2083 2648 2138 φησιν
2674 2082 2690 2130 ;
2734 2065 2857 2117 Ἐὰν
2883 2064 3068 2134 ὅρκιον
3098 2065 3316 2128 ἑαυτοῖς
3342 2064 3488 2118 τοῦτο
3521 2063 3705 2132 ποιήσω-

2189 2181 2311 2236 μεν,
2337 2162 2399 2216 τὸ
2435 2162 2492 2214 ἐν
2521 2161 2641 2222 ταῖς
2664 2158 2958 2228 δυνάμεσιν
2984 2152 3124 2209 εἶναι
3167 2159 3276 2210 τῶν
3305 2155 3595 2229 διορατικῶν
3617 2155 3706 2223 δορα

2187 2255 2366 2309 κάδων
2389 2293 2404 2319 ,
2458 2251 2554 2304 καὶ
2591 2251 2647 2302 ὲν
2681 2251 2800 2309 ταῖς
2832 2247 3073 2317 ίσχύσεσι
3109 2248 3224 2302 τῶν
3257 2246 3598 2316 ἁφανιστικῶν
3637 2243 3710 2314 τῆς

2188 2347 2384 2410 κακίας
2413 2345 2628 2414 ἐλάφων
2649 2359 2660 2371 ’
2709 2341 2823 2394 ἐστι
2860 2341 2950 2394 διὰ
2990 2341 3198 2394 τούτων
3243 2342 3368 2394 ἰδεῖν
3404 2340 3488 2393 τὸν
3526 2335 3711 2407 καθαρὸν

2189 2438 2444 2508 νυμφίον,
2485 2437 2575 2489 τὸν
2615 2434 2713 2505 τῆς
2741 2433 2959 2503 ἀγάπης
2980 2434 3208 2503 τοξότην
3233 2474 3248 2496 ,
3284 2433 3376 2486 καὶ¹
3421 2433 3580 2485 εἰπεῖν
3613 2427 3713 2499 πρὸς

2189 2532 2352 2584 αὑτὸν
2382 2531 2480 2602 τὴν
2519 2527 2748 2583 ἑκάστου
2786 2526 2961 2597 ψυχὴν
2983 2566 2997 2584 .
3028 2527 3110 2579 ὅτι
3162 2525 3492 2595 Τετρωμένη
3531 2522 3716 2593 ἀγάπης

2189 2623 2329 2692 εἰμι.
2379 2623 2536 2676 Καλὰ
2569 2620 2627 2672 δὲ
2679 2615 2814 2671 εἶναι
2844 2619 2942 2689 τῆς
2989 2618 3218 2689 ἀγάπης
3253 2621 3322 2671 τὰ
3365 2616 3625 2689 τραύματα
3648 2611 3718 2665 καὶ

2192 2715 2345 2785 παρὰ
2371 2717 2468 2785 τῆς
2488 2711 2794 2784 Παροιμίας
2825 2710 3120 2782 ἐμάθομεν,
3157 2712 3194 2781 ἦ
3219 2727 3408 2781 φησιν·
3432 2703 3719 2776 Αἱρετὰμὲν

2181 2807 2303 2877 ,τοῦ
2335 2808 2515 2875 φίλου
2549 2805 2622 2857 τὰ
2659 2803 2982 2872 auditam,
3010 2804 3174 2857 κακὰ
3203 2803 3272 2856 δὲ
3306 2800 3412 2871 τῆς
3433 2801 3626 2870 ἔχθρας
3648 2793 3720 2847 καὶ

2192 2899 2265 2954 τὰ
2293 2897 2618 2968 φιλήματα.
2656 2898 2753 2960 Τίς
2801 2897 2859 2948 δὲ
2916 2897 3066 2968 φίλος
3091 2936 3107 2960 ,
3145 2891 3213 2951 οὗ
3247 2899 3317 2950 τὰ
3347 2895 3610 2966 τραύματα
3645 2891 3723 2943 τῶν

2194 2991 2514 3063 φιλημάτων
2550 2990 2645 3044 τοῦ
2697 2988 2894 3058 ἐχθροῦ
2947 2991 3355 3061 προτιμότερα;
3405 2985 3566 3040 Παντὶ⁸
3605 2979 3724 3050 δῆλόν

2194 3084 2312 3137 ἐστι
2336 3124 2352 3149 ,
2379 3083 2458 3152 τῷ
2505 3081 2580 3152 μὴ
2619 3081 2903 3150 ἀγνοοῦντι
2937 3081 3004 3133 τὰ
3041 3081 3151 3150 τῆς
3187 3081 3460 3151 σωτηρίας
3490 3077 3724 3147 μυστήρια.

2195 3176 2352 3238 Φίλος
2393 3174 2493 3245 μὲν
2523 3174 2632 3244 γάρ
2665 3172 3088 3243 ὲστιννὰληθινός
3119 3191 3186 3226 τε
3219 3174 3315 3226 καὶ
3360 3172 3590 3243 βέϐαιος,
3612 3170 3637 3220 ὀ
3661 3164 3729 3218 καὶ

2198 3266 2427 3338 ἐχθροὺς
2457 3264 2782 3334 γενομένους
2826 3266 2973 3335 ἡμᾶς
3001 3263 3094 3316 τοῦ
3124 3266 3354 3335 ἀγαπᾷν
3386 3264 3460 3335 μὴ
3503 3258 3731 3328 παυσάμε·

515 3350 693 3405 Imstis
721 3357 900 3404 autem
925 3349 1203 3413 immanis,
1230 3359 1284 3405 et
1311 3365 1436 3406 cum
1467 3365 1577 3420 quo
1614 3350 1762 3404 nulla
1791 3349 1928 3406 coiri
1961 3349 2091 3404 ami-

2200 3374 2319 3422 νος·
2354 3357 2548 3428 ἐχθρὸς
2576 3357 2632 3409 δὲ
2680 3357 2906 3419 ἄπιστός
2956 3373 3015 3408 τε
3065 3357 3168 3409 καὶ
3221 3357 3525 3427 ἀνήμερος,
3554 3355 3578 3406 ὁ
3609 3348 3730 3420 μηδὲν

515 3436 648 3490 eitia
692 3442 888 3506 potest,
937 3436 1098 3491 nobis
1131 3437 1222 3492 ille
1267 3445 1374 3502 est,
1419 3439 1513 3508 qui
1559 3441 1709 3494 nulla
1751 3455 1810 3495 re
1859 3454 1890 3493 a
1936 3440 2096 3495 nobis

515 3532 682 3586 laesus
708 3528 872 3584 morti
910 3544 1011 3584 nos
1041 3528 1294 3598 subjecit.
1329 3527 1542 3586 Vulnus
1574 3547 1698 3587 esse
1718 3531 1982 3602 putabant
2023 3532 2096 3586 illi

516 3626 757 3696 primum
811 3622 1016 3678 conditi
1071 3624 1321 3680 homines
1365 3624 1716 3678 interdictum
1761 3625 1830 3679 de
1874 3623 2098 3680 vitando

517 3718 685 3781 malo,
705 3717 852 3788 quod
884 3715 979 3772 Dei
1014 3716 1272 3772 mandato
1302 3716 1704 3772 continebatur.
1734 3715 1951 3778 Etenim
1982 3716 2099 3771 vul-

522 3807 861 3864 nerationem
891 3822 1014 3863 esse
1058 3807 1448 3877 opinabantur,
1483 3808 1629 3878 abigi
1659 3822 1717 3862 se
1749 3821 1780 3861 a
1816 3823 1873 3861 re
1903 3807 2100 3877 jucun-

519 3899 625 3953 da:
657 3898 908 3960 osculum
937 3913 1089 3965 vero,
1119 3898 1554 3954 exhortationem
1594 3898 1662 3952 ad
1691 3897 1746 3951 id
1781 3898 1928 3968 quod
1954 3904 2100 3954 esset

522 4003 692 4044 suave
741 4000 1076 4061 aspectuque
1128 3991 1437 4061 pulchrum.
1491 3989 1692 4045 Verum
1761 3990 2099 4060 experientia

521 4077 921 4134 demonstravit
973 4081 1118 4150 quod
1173 4096 1236 4136 ea
1297 4096 1419 4151 quae
1474 4081 1923 4136 existimarentur
1975 4097 2098 4138 esse

523 4169 753 4227 vulnera
787 4169 1032 4240 profecta
1071 4171 1139 4226 ab
1160 4173 1358 4236 amico,
1389 4173 1547 4244 longe
1575 4181 1689 4227 tum
1716 4173 1960 4241 utiliora,
1983 4181 2098 4228 tum

522 4249 852 4326 oplabiliora
888 4265 1093 4320 osculis
1128 4264 1302 4320 hostis
1340 4274 1546 4320 essent.
1587 4265 1727 4332 Quia
1762 4265 1929 4336 igitur
1967 4281 2093 4336 pro-

524 4353 677 4410 bavit
704 4354 1050 4411 dilectionem
1075 4370 1229 4410 suam
1263 4372 1294 4411 a
1330 4356 1487 4412 nobis
1528 4359 1822 4426 prteclarus
1849 4357 1939 4412 ille
1977 4371 2104 4426 pro-

523 4463 625 4502 cus
664 4448 972 4503 animarum
1013 4456 1348 4514 nostrarum,
1383 4464 1488 4520 qua
1533 4450 1784 4505 Christus
1833 4449 2102 4505 adductus

522 4539 690 4593 etiam
741 4546 858 4596 tum
905 4555 1030 4596 cum
1080 4540 1256 4594 adhuc
1306 4547 1620 4609 peccatores
1669 4555 1954 4604 essemus,
2005 4555 2138 4610 pro,

526 4629 690 4685 nobis
719 4637 970 4686 mortuus
1001 4639 1120 4685 est:
1162 4631 1367 4687 idcirco
1393 4647 1594 4703 sponsa
1632 4633 1870 4688 vicissim
1914 4647 2102 4686 amore

526 4719 753 4774 incensa
796 4734 927 4790 erga
974 4719 1125 4774 illum
1189 4721 1280 4790 qui
1329 4721 1500 4791 ipsam
1555 4721 1834 4784 dilexerat,
1877 4722 2104 4776 demon-

528 4817 670 4863 strat
689 4810 880 4879 jacens
912 4811 966 4865 in
995 4826 1055 4868 se
1092 4812 1404 4868 dilectionis
1439 4813 1603 4868 telum
1639 4814 1749 4868 imo
1782 4815 1835 4867 in
1862 4821 2100 4882 pectore,

527 4897 636 4954 hoc
673 4909 778 4967 est,
823 4903 1126 4959 divinitatis
1155 4905 1328 4976 ipsius
1355 4906 1923 4962 communicationem.
1969 4904 2103 4960 Nam

531 4993 677 5049 Deus
707 5006 793 5051 est
823 4995 1063 5066 dilectio,
1092 5002 1550 5070 quemadmodum
1579 5001 1832 5063 diximus,
1860 5016 1982 5071 qua:
2010 5016 2107 5070 per

2197 3447 2529 3519 ἠδικηκότας
2557 3445 2856 3515 ὑπαγαγὼν
2878 3447 2956 3516 τῷ
2978 3446 3223 3518 θανάτῳ.
3255 3448 3484 3519 Τραῦμα
3507 3449 3606 3507 τοῖς
3626 3459 3734 3512 πρω-

2197 3541 2522 3602 τοπλὰστοις
2566 3539 2739 3593 ἐδόκει
2783 3542 2816 3610 ἡ
2849 3539 2937 3592 διὰ
2974 3539 3075 3609 τῆς
3133 3541 3364 3610 ἐντολῆς
3394 3539 3631 3607 γενομένη
3666 3527 3731 3582 τοῦ

2199 3629 2372 3685 κακοῦ
2405 3629 2797 3698 ἀπαγόρευσις.
2845 3629 3081 3702 Τραῦμα
3132 3631 3252 3702 γὰρ
3308 3629 3558 3700 ἐνομίσθη
3603 3628 3630 3695 ἡ
3672 3618 3736 3673 τοῦ

2198 3723 2354 3794 ἡδέος
2392 3720 2752 3793 ἀλλοτρίωσις
2778 3735 2794 3751 ⁸
2823 3720 3035 3791 φίλημα
3088 3722 3150 3774 δὲ
3204 3726 3238 3794 ἠ
3281 3723 3420 3792 πρὸς
3461 3720 3518 3772 τὸ
3556 3716 3640 3786 ήδὺ
3672 3706 3739 3764 καὶ

2199 3813 2443 3884 ἐμφανὲς
2493 3814 2794 3884 προτροπή.
2843 3812 2982 3864 Ἀλλ’
3030 3811 3242 3879 ἔδειξεν
3270 3816 3303 3884 ἡ
3357 3812 3550 3884 πεῖρα,
3589 3809 3656 3860 ὅτι
3693 3801 3742 3853 τὰ

2203 3901 2538 3972 νομιζόμενα
2561 3900 2656 3954 τοῦ
2699 3901 2853 3969 φίλου
2886 3901 3184 3972 τραύματα
3231 3897 3346 3956 τῶν
3393 3899 3677 3970 φιλημάτων
3694 3886 3742 3956 ἦν

2199 3992 2294 4048 τοῦ
2318 3991 2514 4064 ἐχθροῦ
2536 3993 2951 4065 λυσιτελέστερα
2980 3997 3074 4047 καὶ
3105 3994 3476 4067 αἱρετώτερα.
3524 3990 3655 4044 Ἐπεὶ
3677 3979 3746 4037 οὖν

2203 4086 2532 4157 συνέστησεν
2568 4084 2762 4138 ἑαυτοῦ
2794 4085 2891 4157 τὴν
2919 4087 3145 4156 ἀγάπην
3172 4091 3203 4141 ὁ
3238 4088 3408 4150 καλὸς
3435 4081 3648 4156 ἐραστὴς
3666 4074 3746 4128 τῶν

2201 4177 2486 4249 ἡμετέρων
2531 4176 2718 4247 ψυχῶν
2741 4217 2756 4241 ,
2781 4178 2848 4230 δι’
2872 4171 2948 4232 ὧν
2973 4178 3065 4231 καὶ
3085 4179 3449 4250 ἁμαρτωλῶν
3486 4174 3626 4248 ἡμῶν
3647 4172 3748 4239 Χρι-

2203 4269 2328 4333 στὸς
2353 4269 2493 4340 ὑπὲρ
2516 4269 2673 4339 ἡμῶν
2713 4269 2950 4324 ἀπέθανε
2977 4286 2992 4301 ⁸
3022 4271 3108 4324 διὰ
3151 4271 3322 4326 τοῦτο
3345 4266 3698 4340 ἁντερασθείσα
3723 4261 3746 4324 ἡ

2203 4363 2387 4434 νύμφη
2409 4362 2504 4416 τοῦ
2527 4363 2912 4433 ἀγαπήσαντος
2935 4365 3211 4419 δείκνυσιν
3253 4367 3314 4418 ὲν
3350 4365 3514 4433 ἑαυτῇ
3551 4353 3748 4427 ἐγκείμε-

2205 4471 2295 4510 νυν
2322 4454 2644 4525 διὰίβάθους
2680 4457 2780 4527 τῆς
2822 4457 3042 4529 ἀγάπης
3089 4459 3153 4511 τὸ
3187 4459 3352 4528 βέλος
3375 4475 3388 4489 ·
3423 4452 3643 4509 τουτέστι
3679 4442 3748 4510 τὴν

2202 4550 2300 4621 τῆς
2332 4549 2583 4621 θεότητος
2623 4551 2788 4604 αὐτοῦ
2820 4550 3122 4604 κοινωνίαν.
3170 4551 3240 4603 Ἦ
3273 4549 3388 4619 γὰρ
3429 4545 3604 4615 ἀγάπη
3639 4532 3748 4590 ἐστὶν

2205 4641 2234 4693 δ
2264 4640 2395 4704 Θεὸς
2419 4678 2434 4703 ν
2466 4639 2651 4703 καθὼς
2681 4639 2894 4712 εἴρηται
2920 4681 2934 4705 ,
2968 4643 3000 4712 ὴ
3035 4640 3122 4694 διὰ
3155 4641 3266 4711 τῆς
3312 4639 3458 4694 κατᾶ
3497 4637 3588 4706 τὴν
3615 4629 3748 4681 πίστιν

2208 4730 2392 4794 ἀκίδος
2420 4735 2487 4803 τῇ
2516 4734 2714 4804 καρδίᾳ
2743 4735 3095 4804 ἐγγενομένη.
3148 4734 3214 4788 Εἰ
3262 4734 3325 4786 δὲ
3360 4733 3470 4805 χρὴ
3510 4728 3594 4783 καὶ
3624 4722 3749 4788 δνθξιι

2205 4819 2300 4873 τοῦ
2333 4819 2517 4889 βέλους
2543 4822 2733 4875 τούτου
2764 4825 2957 4887 εἰπεῖν,
2981 4821 3223 4894 εὕρομεν
3247 4823 3278 4876 ὃ
3306 4824 3462 4892 παρὰ
3483 4817 3570 4871 τοῦ
3587 4809 3747 4868 Παύλου

2211 4910 2489 4982 ἐμάθομεν
2517 4954 2531 4976 ,
2564 4913 2646 4966 ὅτι
2671 4913 2732 4965 τὸ
2756 4912 2909 4983 βέλος
2933 4913 3087 4966 τοῦτό
3117 4913 3248 4966 ἐστι
3281 4913 3471 4975 πίστις
3497 4906 3559 4961 δι’
3580 4898 3746 4970 ἀγάπης

2215 5005 2301 5056 eve
2310 5020 2438 5074 ργου
2448 5005 2603 5075 μένη.

533 5088 656 5142 iidei
703 5093 994 5162 cuspidem
1027 5093 1085 5150 in
1121 5110 1218 5151 cor
1260 5105 1530 5166 penetrat.
1591 5098 1746 5163 Quod
1781 5099 1826 5154 si
1862 5098 2027 5152 etiam
2071 5098 2165 5152 teli
2206 5097 2374 5168 hujus
2432 5115 2632 5155 nomen
2685 5100 3035 5155 indicandum
3078 5108 3207 5164 est,
3267 5100 3420 5172 quod
3459 5093 3747 5154 didicimus“

533 5186 705 5242 Paulo
727 5187 774 5219 ’°
826 5187 1104 5250 dicemus,
1152 5187 1411 5242 nimirum
1463 5188 1567 5243 hoc
1615 5189 1778 5244 telum
1809 5205 1931 5246 esse
1966 5188 2123 5243 iidem
2164 5205 2262 5260 per
2299 5189 2645 5246 dilectionem
2717 5192 3010 5248 eilieaciter
3048 5208 3106 5248 se
3136 5192 3545 5249 declarantem.

606 5281 900 5340 Enimvero
928 5285 1045 5340 hac
1074 5285 1146 5339 ita
1191 5299 1251 5338 se
1277 5283 1534 5346 habeant,
1593 5285 1670 5338 uti
1713 5285 1915 5355 cuique
1958 5284 2110 5340 vide-

534 5377 729 5434 bitur:
770 5392 919 5432 nunc
972 5378 1254 5432 videmnus
1305 5385 1359 5428 et
1403 5377 1548 5428 illam
1608 5375 2109 5446 interrogationem,

534 5486 702 5539 quam
761 5469 1004 5538 virgines
1055 5469 1325 5538 magistm
1389 5483 1503 5522 suae
1561 5476 1916 5538 proponunt:
1967 5468 2107 5533 Quid

539 5563 710 5630 diﬂ'crt
762 5571 1015 5632 cognatas
1051 5573 1172 5616 tuus
1224 5579 1257 5614 a
1318 5571 1558 5631 cognato,
1604 5579 1633 5614 ο
1681 5563 1915 5630 [annosa
1977 5563 2111 5616 inter

640 5731 686 5766 "
711 5737 852 5794 l‘sui.
877 5752 1060 5807 «sim,
1215 5743 1257 5770 πθ
1293 5737 1451 5796 Prov.
1483 5743 1726 5804 xxi-31,6.

2299 5286 2458 5340 Ἀλλὰ
2491 5284 2662 5340 ταῦτα
2699 5290 2796 5357 μὲν
2826 5287 2998 5357 ἐχέτω
3026 5288 3100 5351 ὡς
3131 5287 3296 5358 αὐτῷ
3324 5288 3503 5340 δοκεῖ’
3523 5284 3688 5350 ἴδωμεν
3705 5269 3746 5323 δὲ

2216 5379 2309 5432 καὶ
2333 5376 2430 5450 τὴν
2455 5378 2608 5450 παρὰ
2629 5378 2737 5431 τῶν
2781 5379 3064 5450 παρθένων
3093 5381 3510 5451 προσαχθεῖσαν
3541 5372 3746 5451 adhuc?

2212 5473 2279 5540 τῇ
2305 5449 2629 5540 διδασκάλῳ.
2671 5470 2730 5522 Τι’
2756 5449 3076 5539 ἀδεξίφιδός
3105 5449 3368 5527 ἀοι)
3386 5454 3691 5536 ἀδελφιδοῦ.
3717 5449 3743 5510 ἢ

2216 5563 2370 5632 καλὴ
2397 5563 2466 5616 ἐν
2490 5563 2805 5630 γυναεξιίο;
2837 5564 2893 5616 τί
2913 5559 3242 5634 ἀδελφιδός
3270 5577 3394 5616 σου
3424 5558 3538 5613 ἀπὸ
3563 5550 3650 5608 ἅδε
3662 5551 3746 5613 1P"

1803 5742 1846 5769 ¹¹⁰
1870 5739 2043 5794 Calai.
2073 5757 2123 5799 τ,
2157 5739 2207 5792 6.
