3948 6192
477 221 609 278 1047

1713 223 1771 278 S.
1812 222 2138 280 GREGOBII
2156 223 2451 283 NYSSENI

3517 233 3631 290 “MS

466 333 703 403 appellat
728 334 985 408 gloriam)
1015 344 1268 407 tanquam
1290 338 1526 408 unigena:
1556 336 1789 398 aPatre.
1807 339 1898 410 qui
1920 337 2033 408 ple-

2143 337 2192 391 δὲ
2225 338 2288 392 τὸ
2317 338 2461 408 μέγα
2497 337 2594 408 τῆς
2634 336 2912 401 εύσεσείας
2956 336 3279 407 μυστήριον,
3317 337 3378 392 δι’
3401 335 3454 395 οὗ
3477 343 3502 396 ὁ
3525 345 3633 412 Θεὸς

410 436 428 445 ·
465 441 566 478 nus
606 434 683 479 est
720 428 898 495 gratia
940 438 990 482 et
1022 429 1237 483 veritate
1257 429 1322 484 ".
1375 428 1514 494 Quia
1560 429 1728 500 igitur
1760 429 1836 493 id,
1887 428 2036 498 quod

471 515 787 568 increatum
820 518 877 571 in
916 520 1038 587 ipso
1078 531 1182 585 est,
1233 527 1288 574 et
1314 519 1528 574 saaculis
1573 519 1748 588 prius,
1793 526 1847 574 et
1874 527 2035 572 teter-

467 619 620 669 num,
657 617 836 662 manet
865 608 1420 679 incomprehensibile
1463 621 1628 679 atque
1666 609 1944 665 ineﬂ‘abile
1975 609 2032 664 in

467 695 784 752 universum
840 701 990 754 omni
1034 708 1287 756 naturae:
1327 703 1471 772 quod
1508 711 1688 758 autem
1741 703 1903 758 nobis
1938 717 2037 772 per

465 802 690 843 carnem
722 788 1050 858 patefactum
1091 800 1196 858 est,
1236 793 1420 863 aliqua
1467 808 1532 848 ex
1568 802 1722 863 parte
1755 795 1810 848 in
1845 795 2037 864 cogni-

470 879 674 934 tionem
715 882 901 936 venire
932 890 1131 952 potest,
1167 883 1379 938 idcirco
1415 899 1634 954 semper
1672 886 1896 955 respicit
1928 885 2036 940 huc

470 971 754 1040 magistra,
787 971 964 1042 deque
991 973 1076 1029 his
1108 989 1416 1031 sermonem
1459 976 1720 1039 instituit,
1761 985 2035 1044 quatenus

466 1072 656 1112 eorum
713 1074 944 1128 capaces
993 1077 1118 1116 esse
1159 1062 1444 1118 auditores
1487 1071 1741 1133 possunt.
1791 1063 2037 1132 intelligo

467 1153 650 1200 autem
680 1163 937 1217 magnum
986 1149 1118 1204 illud
1155 1152 1649 1208 administrationis
1689 1152 2033 1222 mysterium,

473 1251 568 1304 per
599 1239 748 1307 quod
782 1239 924 1294 Deus
974 1241 1030 1296 in
1065 1256 1230 1296 carne
1273 1240 1579 1312 patefactus
1625 1250 1732 1305 est,
1771 1242 1862 1312 qui
1894 1243 2039 1296 exsi-

469 1329 649 1383 stebat
681 1330 736 1383 in
769 1328 943 1384 forma
976 1330 1092 1397 Dei,
1147 1343 1201 1387 et
1230 1332 1287 1387 in
1307 1334 1490 1388 servili
1521 1348 1755 1402 persona
1789 1348 1885 1402 per
1913 1347 2036 1386 car-

470 1434 593 1474 nem
631 1433 754 1474 cum
802 1421 1111 1476 hominibus
1143 1431 1226 1478 cst
1259 1434 1636 1490 conversatus,
1689 1425 1780 1492 qui
1820 1429 2037 1492 postea-

468 1525 632 1578 quam
674 1512 843 1566 semel
866 1513 922 1566 in
956 1528 1079 1571 sese
1112 1529 1208 1584 per
1240 1515 1513 1585 primitias
1540 1514 1833 1569 obnoxiam
1868 1514 2032 1568 morti

467 1601 654 1656 carnis
709 1613 964 1657 naturam
1023 1606 1262 1675 recepit,
1315 1619 1478 1675 quam
1522 1621 1620 1675 per
1672 1605 2037 1675 virginitatem

2142 429 2460 501 ἐφανερώθη
2493 431 2551 484 ὲν
2581 430 2764 500 σαρκὶ,
2788 429 2817 480 ό
2843 431 2900 483 ὲν
2933 430 3114 499 μορφῇ
3145 426 3271 480 Θεοῦ
3295 429 3535 501 ὑπάρχων,
3558 439 3634 490 καὶ

2141 522 2220 593 τῷ
2259 522 2490 592 δουλικῷ
2533 520 2858 593 προσωπείῳ
2889 521 2977 574 διὰ
3015 518 3212 590 σαρκὸς
3247 528 3635 594 συναναστραφεὶς

2140 615 2253 678 τοῖς
2297 611 2637 683 ἀνθρώποις,
2683 611 2742 674 ὃς
2787 609 2981 680 ἐπειδὴ
3024 609 3171 673 ἅπαξ
3199 608 3323 681 πρὸς
3353 612 3512 664 ἑαυτὸν
3536 616 3636 667 ἐπε·

2145 701 2388 756 σπάσατο
2427 701 2514 756 διὰ
2550 701 2648 772 τῆς
2683 701 2938 772 ἀπαρχῆς
2966 700 3064 770 τὴν
3099 699 3345 770 ἐπίκηρον
3371 705 3456 772 τῆς
3479 705 3635 772 σαρκὸς

2145 793 2304 864 φύσιν
2324 835 2338 856 ,
2373 794 2440 864 ἢν
2469 792 2557 846 διὰ
2584 795 2686 863 τῆς
2717 792 2954 862 ἅφθόρου
2984 790 3270 860 παρθενίας
3301 791 3550 854 ἀνέλαϐεν,
3571 795 3638 846 ἀεὶ

2141 888 2208 955 τῇ
2242 883 2520 954 ἀφθαρσίᾳ
2553 882 2864 950 συναγιάςει
2912 881 2972 934 τὸ
2999 880 3173 934 κοινὸν
3213 881 3306 949 τῆς
3335 881 3551 950 φύσεως,
3574 883 3639 936 διὰ

2141 975 2250 1028 τῶν
2279 959 2578 1044 ἑνουμένων
2605 973 2752 1043 αὑτῷ
2779 971 2917 1026 κατὰ
2945 973 3041 1041 τὴν
3063 971 3337 1036 κοινωνίαν
3362 971 3444 1024 τοῦ
3477 987 3638 1042 μυστηέ

2149 1068 2262 1138 ρίου
2285 1107 2298 1129 ,
2329 1067 2545 1134 τρέφων
2577 1065 2638 1117 τὸ
2663 1064 2856 1118 ἑαυτοῦ
2885 1064 3043 1134 σῶμα
3083 1062 3181 1132 τὴν
3224 1062 3542 1132 Ἐκκλησίαν,
3570 1063 3643 1114 καὶ

2144 1153 2492 1224 καταλλήλως
2536 1151 2606 1205 τὰ
2654 1152 2965 1220 ὲκφυόμενα
3006 1149 3093 1202 διὰ
3139 1149 3238 1218 τῆς
3278 1147 3488 1210 πίστεως
3515 1146 3642 1200 αὐτοῦ

2147 1245 2281 1316 μέλη
2309 1243 2387 1314 τῷ
2412 1242 2574 1312 κοινῷ
2605 1241 2815 1312 σώματι
2836 1239 3150 1312 ἐναρμόζων
3169 1255 3183 1269 ·
3217 1239 3465 1309 εὐπρεπὲς
3495 1238 3544 1289 τὸ
3564 1240 3646 1290 πᾶν

2143 1331 2552 1404 ἀπεργάζεται,
2587 1333 2644 1392 ές
2668 1330 2979 1400 ὀφθαλμοὺς
3002 1369 3017 1394 ,
3060 1329 3154 1381 καὶ
3196 1328 3361 1397 στόμα
3391 1326 3475 1378 καὶ
3501 1329 3648 1395 χεῖρας

2143 1424 2236 1477 καὶ
2262 1425 2329 1476 τὰ
2361 1422 2522 1475 λοιπά
2553 1421 2692 1493 μέρη
2720 1463 2734 1486 ,
2763 1421 3081 1492 πρεπόντως
3108 1419 3206 1474 καὶ
3246 1417 3492 1490 ἁρμοδίως
3514 1417 3651 1469 διατι-

2144 1513 2255 1576 θεὶς
2282 1513 2410 1576 τοὺς
2447 1513 2820 1576 πιστεύοντας,
2855 1511 3013 1565 Ούτω
3055 1510 3165 1581 γάρ
3210 1527 3363 1580 φησιν
3389 1512 3414 1562 ὁ
3444 1507 3649 1568 Παῦλος·

2141 1605 2224 1658 ὅτι
2267 1606 2376 1658 Ἓν
2420 1603 2538 1672 μέν
2574 1604 2702 1657 ἐστι
2738 1602 2910 1671 σῶμα
2933 1642 2947 1666 ,
2989 1603 3193 1655 πολλὰ
3231 1599 3295 1653 δέ
3333 1599 3494 1668 μέλη.
3522 1595 3654 1648 Τὰδὲ

470 1693 844 1763 incorruptam
873 1697 1194 1767 assumpsit,
1221 1713 1436 1768 semper
1469 1711 1574 1752 una
1609 1712 1732 1751 cum
1774 1696 2031 1776 primitiis

2143 1696 2270 1767 μέλη
2304 1695 2480 1749 πάντα
2517 1696 2577 1748 οὐ
2607 1695 2705 1765 τὴν
2749 1693 2916 1764 αὐτὴν
2961 1692 3074 1763 ἔχει
3103 1692 3257 1756 τάξιν
3281 1732 3295 1756 ,
3340 1690 3444 1742 ἀλλ’
3469 1688 3565 1740 ἐστι
3590 1701 3656 1747 τις

469 1783 780 1838 sanctiﬁcat
839 1801 1191 1842 communem
1253 1797 1465 1843 natura:
1519 1798 1723 1843 nostra;
1777 1803 2036 1854 massam,

471 1885 571 1940 per
610 1873 796 1929 unitos
819 1875 921 1929 sibi
949 1877 1163 1932 ratione
1203 1877 1644 1947 participationis
1673 1879 1916 1948 mysterii
1946 1877 2043 1931 bu-

465 1961 580 2029 jus,
637 1965 793 2020 alens
817 1981 1015 2037 corpus
1072 1984 1254 2032 suum,
1299 1970 1561 2024 nimirum
1614 1969 1940 2035 Ecclesiam,
1987 1978 2041 2024 et

469 2053 833 2109 conveniente
879 2057 1116 2125 quadam
1155 2060 1370 2115 ratione
1405 2061 1651 2115 membra
1693 2061 1796 2115 sibi
1839 2075 1937 2130 per
1977 2059 2040 2114 ii-

468 2139 592 2195 dem
636 2143 992 2201 adnascentia
1047 2150 1327 2204 communi
1383 2153 1605 2221 corpori
1665 2154 2037 2224 agglutinans,

400 2247 413 2264 ε
469 2229 603 2284 illud
630 2231 807 2302 ipsum
837 2243 1012 2290 totum
1045 2236 1306 2293 decorum
1346 2240 1524 2296 reddit
1612 2243 1965 2298 credentibus
1986 2245 2038 2298 in

469 2325 683 2390 oculos,
715 2327 772 2380 in
805 2343 890 2392 os,
926 2330 982 2384 in
1028 2347 1248 2396 manus,
1283 2333 1338 2388 in
1386 2333 1630 2388 membra
1689 2334 1902 2405 reliqua
1946 2336 2043 2391 de-

470 2427 663 2474 center
712 2428 948 2490 apteque
977 2422 1308 2480 distributis.
1357 2423 1449 2479 Sic
1492 2425 1637 2481 enim
1669 2425 1874 2482 Paulus
1917 2427 2037 2482 ait:

472 2505 680 2575 Corpus
732 2510 943 2578 quidem
990 2529 1152 2566 unum
1203 2523 1301 2577 est,
1351 2513 1586 2568 membra
1623 2531 1740 2568 vero
1795 2515 2038 2570 multa".

471 2593 666 2651 Omnia
695 2606 879 2654 autem
915 2601 1161 2656 membra
1189 2617 1298 2656 non
1341 2604 1586 2672 ejusdem
1633 2610 1764 2659 sunt
1805 2605 2039 2671 ordinis,

469 2684 569 2740 sed
594 2695 679 2742 est
706 2689 928 2758 quidam
957 2691 1013 2745 in
1047 2691 1150 2747 hoc
1177 2708 1410 2764 corpore
1441 2696 1658 2759 oculus,
1686 2695 1782 2765 qui
1818 2709 2040 2750 manum

469 2789 582 2830 non
613 2780 962 2835 contemnit:
1004 2789 1057 2834 et
1090 2782 1136 2836 si
1159 2786 1286 2852 quis
1318 2793 1481 2854 caput
1509 2792 1612 2846 est.
1637 2785 1800 2854 pedes
1821 2801 1930 2839 non
1957 2801 2042 2841 re-

466 2861 607 2930 jicit,
641 2865 737 2918 sed
779 2873 1116 2936 temperatur
1149 2869 1293 2938 inter
1323 2887 1382 2925 se
1431 2879 1606 2926 totum
1654 2887 1750 2941 per
1796 2873 2040 2928 membra

2142 1787 2233 1840 καὶ
2259 1785 2534 1856 ὀφθαλμὸς
2558 1787 2616 1838 ὲν
2641 1785 2717 1854 τῷ
2748 1784 2959 1855 σώματι
2997 1784 3072 1854 μὴ
3092 1798 3436 1853 καταφρονων
3455 1779 3541 1848 τῆς
3568 1792 3658 1846 χει-

2142 1881 2263 1953 ρὸς,
2291 1883 2384 1934 καὶ
2423 1880 2742 1951 κεφαλή’τις
2763 1880 2867 1944 ὢν,
2901 1881 3001 1933 οὐκ
3028 1877 3325 1932 ἀπωθεῖται
3353 1875 3468 1937 τοὺς
3505 1871 3658 1932 πόδας,

2139 1975 2274 2029 ἀλλὰ
2309 1974 2678 2045 συγκέκραται
2712 1973 2848 2042 πρὸς
2886 1973 3046 2026 ἑαυτὸ
3076 1975 3142 2042 τῇ
3171 1967 3403 2038 ποικιλίᾳ
3424 1964 3520 2017 τῶν
3538 1966 3660 2033 ἐνερ-

2139 2066 2304 2135 γειῶν
2327 2065 2472 2120 ἅπαν
2495 2064 2582 2117 διὰ
2606 2064 2713 2117 τῶν
2745 2064 2920 2134 μελῶν
2943 2064 3005 2116 τὸ
3029 2061 3215 2132 σῶμα,
3239 2060 3323 2114 ἵνα
3349 2059 3416 2129 μὴ
3442 2053 3660 2123 evastan

2141 2158 2277 2229 πρὸς
2296 2158 2357 2210 τὸ
2385 2158 2504 2212 ὅλον
2528 2157 2596 2210 τὰ
2628 2156 2782 2227 μέλη.
2799 2156 2982 2208 Ταῦτα
3011 2155 3065 2206 δὲ
3093 2153 3157 2206 δι’
3181 2150 3499 2221 αἰνιγμάτων
3527 2161 3660 2216 προσ·

2142 2249 2256 2313 θεὶς
2319 2251 2386 2303 τά
2432 2250 2678 2320 νοήματα
2705 2287 2719 2311 ,
2754 2248 2857 2300 ἐπὶν
2887 2247 2950 2300 τὸ
2982 2246 3334 2315 σαφέστερον.
3357 2239 3560 2312 προάγει
3591 2234 3663 2287 τὸν

2141 2339 2319 2408 λόγον,
2348 2339 2516 2392 εἰπών
2536 2356 2549 2368 ·
2577 2341 2660 2392 ὅτι
2694 2341 2900 2393 Ἕθετο
2929 2341 2961 2390 ό
2993 2335 3138 2401 Θεὸς
3167 2335 3241 2388 ἐν
3268 2331 3342 2399 τῇ
3385 2323 3662 2392 Ἐκκλησίᾳ

2141 2430 2552 2493 ἀποστόλους,
2600 2427 2700 2482 καὶ
2744 2425 3054 2495 προφήτας
3075 2467 3089 2489 ,
3147 2422 3254 2476 καὶ
3289 2415 3663 2475 διδασκάλους,

2142 2519 2238 2573 καὶ
2267 2517 2582 2587 ποιμένας,
2621 2517 2772 2584 πρὸς
2796 2515 2902 2569 τὸν
2930 2511 3338 2582 καταρτισμὸν
3365 2506 3474 2561 τῶν
3501 2503 3665 2573 ἁγίων»

2141 2613 2229 2676 εις
2253 2609 2429 2678 ἔργον
2454 2609 2783 2674 διακονίας,
2827 2609 2914 2673 εὶς
2943 2592 3276 2673 οἰκοδομὴν
3314 2598 3415 2654 τοῦ
3441 2595 3669 2661 σώματος

2141 2702 2247 2756 τοῦ
2295 2700 2551 2768 Χριστοῦ
2577 2717 2590 2730 ·
2617 2702 2794 2769 μέχρι
2824 2697 3298 2766 καταντήσωμεν
3320 2698 3371 2748 ot
3387 2692 3583 2753 πάντες
3601 2688 3671 2749 εὶς

2142 2791 2257 2860 τὴν
2278 2792 2532 2859 ἑνότητα
2554 2790 2663 2859 τῆς
2686 2792 2946 2855 πίστεως
2961 2788 3194 2856 καὶτῆς
3217 2786 3568 2858 ἐπιγνώσεως
3589 2774 3673 2830 τοῦ

2144 2883 2402 2948 Θεοῦ,εις
2416 2882 2605 2951 ἄνδρα
2618 2883 2959 2947 τέλειονβὶς
2963 2881 3190 2950 μέτρον
3205 2880 3437 2948 ἡλικίας
3445 2873 3539 2927 τοῦ
3552 2871 3676 2933 πλη-

469 2964 673 3020 corpus
699 2951 1051 3010 eﬂ‘ectionum
1084 2957 1366 3023 varietate,
1397 2974 1466 3013 ne
1493 2959 1737 3015 membra
1767 2975 1891 3014 cum
1922 2967 2040 3014 toto

2143 2972 2406 3042 ρώματος
2427 2973 2534 3027 τοῦ
2553 2974 2830 3042 Χριστοῦ.
2852 2973 2963 3027 Καὶ
2985 2972 3144 3024 πάλιν
3169 2989 3183 3002 ·
3201 2967 3568 3034 Αὺξήσωμεν,
3591 2975 3676 3028 φη·

467 3043 793 3100 dissideant.
825 3048 1004 3120 Atque
1039 3048 1142 3104 hac
1167 3051 1438 3105 sententia
1469 3066 1564 3120 per
1591 3051 1882 3122 aetiigmata
1907 3066 2040 3120 pro-

2143 3040 2250 3126 σὶν,
2266 3066 2354 3130 εὶς
2381 3064 2570 3118 αὑτὸν
2589 3040 2687 3118 διὰ
2703 3064 2918 3128 πάντα,
2940 3063 3007 3129 ὅς
3025 3063 3204 3115 ἐστιν
3225 3063 3264 3129 ἡ
3285 3055 3508 3126 κεφαλὴ
3529 3057 3557 3106 ὁ
3572 3053 3676 3117 XF"

471 3134 670 3201 posita,
703 3135 905 3192 clarius
944 3138 1141 3194 deinde
1182 3140 1446 3209 loquitur,
1500 3157 1622 3197 cum
1657 3143 1734 3195 ait
1767 3162 1781 3196 :
1828 3141 2042 3197 Consti-

471 3225 570 3277 tuit
596 3225 649 3278 in
694 3223 937 3282 Ecclesia
969 3228 1110 3284 Deus
1168 3231 1460 3300 apostolos,
1511 3233 1810 3302 prapltetas,
1864 3233 2043 3286 docto-

469 3330 573 3379 res,
609 3324 870 3384 pastores,
920 3320 989 3373 ad
1029 3323 1536 3392 coagmentationem
1595 3334 1925 3388 sanctorum,
1975 3324 2042 3377 ad

471 3421 602 3472 opus
621 3407 922 3475 ministerii,
958 3411 1028 3464 ad
1069 3414 1471 3482 aediﬁcationem
1516 3417 1746 3483 corporis
1792 3414 2042 3481 Christi;

469 3500 631 3549 donec
660 3497 945 3554 evadamus
993 3517 1169 3556 omnes
1209 3504 1266 3555 in
1303 3504 1566 3556 unitatem
1586 3503 1710 3572 ﬁdei
1737 3515 1788 3558 et
1817 3507 2044 3575 agnitio-

472 3588 555 3641 m's
587 3587 722 3643 Filii
749 3590 869 3655 Dei,
895 3593 948 3646 in
991 3595 1159 3647 cirum
1189 3594 1495 3662 perfectum,
1518 3595 1570 3648 in
1605 3612 1905 3649 mensuram
1933 3605 2045 3650 sla-

472 3688 606 3734 tum
621 3682 953 3750 perfectionis
976 3684 1254 3739 Christi”.
1285 3685 1348 3738 Et
1374 3702 1590 3741 rursum
1623 3705 1636 3741 :
1667 3686 2042 3743 Adolescamus

469 3772 524 3824 in
551 3772 720 3841 ipsum
747 3790 840 3843 per
880 3778 1056 3831 omnia
1077 3819 1092 3842 ,
1127 3779 1217 3847 qui
1243 3788 1320 3832 est
1359 3789 1510 3847 caput
1542 3778 1806 3845 Christus,
1847 3794 1911 3834 ex
1942 3795 2043 3848 quo

473 3873 640 3919 totum
656 3883 842 3935 corpus
859 3880 1276 3939 coagmentatum
1296 3881 1343 3924 et
1367 3883 1713 3940 compactum.
1734 3888 1824 3941 per
1840 3887 2044 3926 onmem

471 3959 875 4013 commissuram
931 3961 1483 4027 subministrationis,
1535 3980 1631 4031 pro
1687 3964 1737 4016 vi
1787 3979 2046 4016 mensura:

471 4048 884 4120 uniuscujusque
917 4054 1166 4117 membri,
1205 4056 1436 4122 corporis
1466 4055 1840 4108 incrementum
1868 4054 2041 4123 capit,

471 4139 542 4194 ad
573 4149 981 4197 exstructionem
1010 4145 1094 4197 sui
1119 4145 1282 4212 ipsius
1317 4147 1369 4198 in
1399 4144 1759 4199 dilectione”.
1787 4143 1966 4210 Quare
1999 4145 2045 4201 si

471 4232 598 4301 quis
620 4230 919 4288 Ecclesiam
946 4234 1210 4295 intuetur.
1231 4235 1297 4290 ad
1315 4237 1592 4291 Christum
1620 4237 1779 4306 plane
1801 4238 2042 4307 respicit,

473 4321 564 4389 qui
595 4321 834 4392 seipsum
857 4339 952 4393 per
980 4325 1354 4380 accessionem
1399 4342 1586 4382 eorum
1619 4328 1710 4396 qui
1735 4336 2043 4393 servantur,

2145 3154 2384 3220 στὸς,ἐε
2398 3151 2468 3210 οὗ
2485 3155 2608 3210 πᾶν
2623 3154 2793 3224 σῶμα
2801 3153 3452 3222 ,συναρμολογούμενον
3463 3143 3677 3210 natavit-

2145 3243 2541 3314 διδαξάμενον,
2555 3245 2653 3300 διὰ
2667 3245 2872 3314 πάσης
2893 3243 3052 3313 ἁφῆς
3069 3243 3185 3311 τῆς
3198 3237 3566 3310 ἐπιχορηγίας
3579 3229 3677 3286 κατ’

2142 3337 2446 3405 ἐνέργειαν
2463 3338 2531 3390 ὲν
2539 3338 2734 3407 μέτρῳ
2747 3337 2885 3402 ἐνὸς
2903 3334 3164 3390 ἑκάστου
3177 3335 3395 3404 μέρους
3412 3329 3517 3396 τὴν
3529 3325 3681 3389 αῧξηο

2145 3443 2250 3481 σιν
2274 3427 2522 3480 ποιεῖται
2543 3427 2648 3482 τοῦ
2668 3427 2940 3496 σώματος
2962 3425 3172 3489 αὐτοῦ,
3195 3428 3286 3490 εἰς
3307 3417 3608 3488 οἰκοδομὴν
3628 3413 3682 3464 ἐν

2145 3519 2370 3589 ἀγάπῃ.
2394 3519 2600 3573 Ούκοῦν
2625 3521 2652 3572 ὁ
2677 3519 2813 3589 πρὸς
2841 3517 2938 3588 τὴν
2984 3516 3316 3586 Ἐκκλησίαν
3334 3512 3549 3584 βλέπων,
3574 3502 3680 3574 πρὸς

2145 3611 2236 3664 τὸν
2251 3611 2482 3683 Χριστὸν
2505 3611 2760 3682 ἄντικρυς
2784 3610 2989 3680 βλέπει,
3007 3609 3098 3662 τὸν
3128 3608 3326 3660 ἑαυτὸν
3346 3605 3430 3658 διὰ
3450 3602 3539 3670 τῆς
3555 3609 3685 3667 1:905-
3728 3645 3733 3652 .

2147 3699 2318 3770 θήκης
2363 3699 2471 3753 τῶν
2503 3701 2822 3770 σωζομένων
2855 3699 3246 3769 οἰκοδομοῦντα
3281 3697 3377 3749 καὶ
3407 3687 3684 3764 μεγαλύνον-

2144 3809 2233 3845 τα.
2270 3792 2333 3845 Ἠ
2364 3791 2541 3844 τοίνυν
2575 3790 2883 3861 ἀποθεμένη
2909 3789 3016 3842 τῶν
3043 3790 3314 3859 ὀμμάτων
3339 3788 3398 3839 τὸ
3423 3785 3682 3853 θέριστρον»

2147 3881 2374 3953 καθαρῷ
2418 3881 2496 3952 τῷ
2522 3881 2785 3952 ὀφθαλμῷ
2830 3881 2890 3933 τὸ
2916 3882 3194 3950 ἄφραστον
3229 3881 3334 3949 ὁρᾷ
3361 3876 3453 3929 τοῦ
3488 3867 3680 3941 νυμφίου

2145 3972 2341 4034 κάλλος
2363 3987 2377 4000 °
2408 3971 2500 4024 καὶ
2547 3970 2635 4024 διὰ
2677 3969 2834 4024 τοῦτο
2878 3969 3144 4040 τρωθείσα
3189 3968 3271 4039 τῷ
3318 3963 3579 4034 ἀσωμάτῳ
3613 3953 3686 4009 καὶ

2145 4063 2391 4134 διαπύρῳ
2417 4062 2557 4132 βέλει
2585 4060 2678 4115 τοῦ
2719 4063 2940 4132 ἔρωτος.
2977 4058 3374 4130 Ἐπιτεταμένη
3403 4055 3504 4125 γὰρ
3530 4049 3681 4119 ἀγάπη

2147 4154 2286 4226 ἔρως
2314 4154 2560 4221 λέγεται,·
2594 4147 2638 4221 ᾧ
2661 4152 2834 4215 οὐδεὶς
2862 4150 3287 4220 ἐπαισχύνεται,
3330 4150 3456 4201 ὅταν
3485 4135 3686 4215 μὴκατὰ

2149 4247 2348 4317 σαρκὸς
2372 4246 2596 4314 γένηται
2627 4247 2758 4316 παρ’
2782 4243 2943 4300 αύτοῦ
2967 4246 3000 4314 ἡ
3025 4242 3206 4308 τοξεία
3225 4261 3240 4274 ·
3283 4242 3398 4295 ἀλλ’
3426 4233 3683 4301 ὲπικαυχᾶ-

2147 4356 2237 4392 ται
2267 4338 2464 4408 μᾶλλον
2487 4338 2565 4408 τῷ
2588 4339 2902 4410 τραύματι,
2946 4338 3072 4391 ὅταν
3108 4336 3198 4390 διὰ
3249 4334 3346 4388 τοῦ
3399 4331 3578 4402 βάθους
3607 4323 3684 4390 τῆς

473 4411 766 4468 azdiilcatet
782 4415 1042 4484 majorem
1056 4415 1239 4480 eilirit,
1256 4417 1483 4487 ideoque
1497 4393 1658 4474 etiam
1678 4419 1789 4473 haec
1800 4420 2040 4488 deposito

2149 4393 2373 4501 καρδίας
2407 4393 2636 4502 δέξηται,
2658 4393 2758 4499 τὴν
2795 4393 3086 4483 τοῦιάΰλου
3126 4428 3299 4482 πόθου
3341 4393 3514 4480 ἀκίδα.
3545 4421 3684 4481 ὀπρ

473 4503 594 4557 velo
620 4504 926 4570 oculorum,
959 4505 1282 4561 ineﬂ‘abitem
1307 4507 1494 4576 sponsi
1519 4516 1857 4569 venustatem
1887 4511 2046 4566 oculo

474 4607 611 4660 puro
651 4594 924 4659 intuetur,
981 4610 1078 4665 per
1104 4612 1268 4665 quam
1301 4598 1622 4652 vulneratur
1661 4600 1768 4654 telo
1808 4601 2042 4670 quodam

2149 4519 2214 4589 δὴ
2245 4521 2338 4574 καὶ
2359 4521 2494 4592 αὕτη
2537 4521 2803 4592 πεποίηκε
2834 4523 2951 4584 ταῖς
2979 4521 3185 4576 νεάνισι
3218 4518 3456 4587 λέγουσα
3475 4533 3490 4546 ·
3514 4511 3586 4564 ὅτι
3613 4509 3685 4560 Τε-

2148 4611 2413 4680 τρωμένη
2451 4611 2686 4682 ἀγάπης
2714 4612 2849 4681 ειμι.

475 4689 678 4744 amoris
706 4691 1032 4759 incorporeo
1071 4700 1126 4748 et
1157 4692 1350 4762 ignito.
1383 4691 1595 4746 Etenim
1625 4693 1847 4748 dilectio
1890 4698 2261 4758 vehementior
2285 4703 2487 4759 dicitur
2513 4720 2686 4769 amor,
2736 4705 2895 4774 cujus
2923 4704 3194 4759 neminem
3229 4701 3424 4773 pudet,
3456 4709 3570 4753 cum
3598 4701 3681 4744 non

475 4780 528 4832 in
595 4796 818 4835 carnem
878 4785 1043 4838 telum
1109 4784 1284 4854 ipsius
1323 4784 1594 4852 deligitur,
1647 4785 1744 4838 sed
1795 4788 1980 4857 potius
2031 4807 2090 4846 se
2157 4796 2393 4866 quisque
2436 4796 2609 4866 jactat
2637 4797 2707 4851 ob
2750 4797 2951 4850 vulnus
2988 4795 3112 4860 hoc,
3174 4795 3271 4849 ubi
3303 4795 3360 4847 in
3413 4793 3516 4845 imo
3553 4778 3682 4838 corde

475 4872 911 4930 desideriiextra
935 4893 1024 4932 res
1055 4892 1275 4932 crassas
1297 4877 1461 4948 positi
1486 4878 1767 4948 cuspidem
1813 4885 2036 4953 recepit.
2078 4885 2133 4939 Id
2160 4891 2306 4958 quod
2336 4890 2451 4944 tunc
2485 4890 2652 4945 etiam
2687 4888 2837 4954 fecit,
2885 4901 3011 4942 cum
3088 4883 3156 4938 ad
3201 4880 3531 4954 juvenculas
3588 4872 3680 4928 aili

475 4965 516 5017 Α
554 4964 829 5020 dilectione
855 4967 1128 5022 uulnerata
1157 4985 1272 5022 sum
1290 4986 1406 5040 ego.

545 5058 789 5117 Tametsi
827 5070 1011 5118 autem
1043 5065 1110 5116 azl
1167 5063 1560 5133 perfectionem
1623 5073 1834 5122 tantam
1885 5067 2050 5122 modo

478 5165 774 5221 progressa
809 5153 906 5220 sit,
953 5161 1312 5224 posteaquam
1370 5160 1552 5209 tamen
1607 5155 1854 5213 indicare
1893 5157 2052 5212 debet

475 5243 638 5298 etiam
679 5243 988 5315 virginibus
1045 5252 1391 5301 venustatem
1446 5248 1655 5314 sponsi,
1699 5263 1812 5303 non
1863 5239 2050 5302 statim

475 5335 630 5402 dicit,
686 5337 833 5407 quod
869 5347 988 5392 erat
1020 5338 1091 5393 ab
1119 5323 1280 5393 initio
1315 5339 1438 5405 (nec
1467 5339 1612 5392 enim
1652 5338 1769 5393 ﬁeri
1815 5345 2049 5408 poterat,

477 5434 538 5482 ut
561 5427 614 5482 vi
651 5429 940 5486 verborum
988 5429 1271 5500 pateﬁeret
1328 5429 1380 5484 id
1416 5431 1560 5500 quod
1589 5438 1674 5485 est
1732 5429 2050 5498 ineil‘abile),

556 5579 596 5636 δ’
626 5607 777 5664 Joan.
808 5625 844 5677 ι,
882 5571 964 5663 HI.
1076 5611 1120 5640 ’³
1155 5608 1319 5664 lCor.
1355 5623 1452 5674 xu,
1498 5606 1560 5662 Η
1592 5623 1705 5674 sqq-

1785 5605 1831 5637 "
1864 5601 2062 5672 Ephes.
2097 5619 2172 5672 tv,
2207 5602 2262 5656 ll
2300 5618 2417 5670 sqq.

2229 5067 2295 5120 Ἦ
2335 5066 2513 5120 τοίνυν
2568 5069 2627 5130 ἐς
2676 5067 2927 5120 τοσοῦτον
2978 5066 3319 5135 τελειότητος
3373 5051 3679 5134 προελθοῦσα,

2147 5157 2336 5227 ἐπειδὴ
2371 5159 2475 5211 ἔδει
2504 5159 2598 5213 καὶ
2616 5161 2736 5221 ταῖς
2757 5156 3047 5229 παρθένοις
3073 5155 3340 5219 ἐπιδεῖξαι
3369 5151 3462 5206 τοῦ
3490 5139 3680 5229 wit-iii?"

2146 5249 2208 5304 τὸ
2233 5226 2429 5311 κάλλος
2451 5289 2466 5314 ,
2499 5248 2600 5302 οὐκ
2625 5249 2800 5304 ἐκεῖνο
2824 5226 2968 5316 λέγει
3007 5247 3036 5299 ὃ
3060 5242 3126 5318 ἦν
3155 5249 3211 5300 ὲν
3243 5246 3390 5316 ἀρχῇ
3420 5258 3432 5270 ·
3465 5236 3571 5292 οὐδὲ
3598 5226 3678 5299 γὰρ

2147 5332 2256 5391 οἷόν
2300 5356 2360 5392 τε
2389 5334 2457 5410 ἦν
2485 5338 2710 5408 δυνάμει
2741 5337 2898 5406 λόγου
2931 5337 3314 5410 φανερωθῆναι
3357 5334 3419 5387 τὸ
3446 5330 3676 5410 ἄρρητον]

2148 5404 2457 5500 ἁλλὰπρός
2493 5429 2591 5500 τὴν
2613 5404 2700 5482 διὰ
2749 5404 2952 5501 σαρκὸς
2997 5404 3301 5499 γενομένην
3354 5425 3483 5492 ἡμῖν
3526 5404 3678 5474 θεοφίί¹

2497 5601 2542 5633 ⁸⁸
2567 5601 2699 5657 ibid.
2729 5601 2816 5666 15,
2854 5600 2933 5655 l6.
