3948 6192
551 244 685 301 1051

1801 251 1858 308 S.
1901 251 2232 309 GREGORII
2265 255 2552 314 N-YSSENI

3597 285 3702 341 1059.

550 364 734 418 dinem
765 362 915 416 illam
958 362 1432 434 inaspectabilem,
1465 375 1520 422 et
1573 367 1780 424 fontem
1823 372 2123 441 sapientiae,

2242 373 2317 426 Ξιὰ
2356 374 2464 428 τῶν
2497 377 2787 448 ὁρωμένων
2813 379 2874 433 τὺ
2908 381 3136 453 ἀόρατον
3169 383 3376 454 κάλλος,
3405 391 3487 445 καὶ
3522 396 3601 466 τὴν
3627 417 3699 470 πη.

549 456 711 525 cnjus
743 455 962 509 emuxio
997 470 1179 510 rerum
1209 465 1462 512 naturam
1497 459 1553 514 in
1593 475 1796 532 corpus
1829 462 1932 517 hoc
1963 463 2125 520 rede-

549 547 627 616 git
659 564 670 599 :
708 545 789 600 sic
817 547 911 616 qui
956 548 1221 602 mundum
1255 552 1402 604 hunc
1437 565 1638 606 novum
1669 553 1724 607 in
1759 553 1976 623 opificio
2011 556 2120 609 Ec-

549 639 730 692 clesia:
762 639 978 708 aspicit,
1013 639 1162 694 videt
1214 641 1269 694 in
1326 657 1390 696 eo
1424 643 1577 697 illum
1626 646 1718 714 qui
1769 645 1822 698 in
1870 647 2127 702 omnibus

549 737 631 784 cst
665 729 871 792 omnia,
923 744 1088 784 manu
1125 732 1282 800 quasi
1317 732 1524 788 ducens
1558 736 1926 804 cognitionem
1963 754 2123 794 suam

551 821 616 874 ad
650 821 700 874 id
753 821 914 890 cujus
943 837 1173 891 capaces
1203 837 1311 877 non
1344 839 1556 888 sumus,
1585 841 1680 898 per
1714 826 1803 880 illa
1834 843 1952 896 quae
1971 843 2126 882 com-

551 911 812 978 prehendi
875 927 940 966 ac
997 914 1200 982 percipi
1261 929 1290 968 a
1352 923 1546 970 natura
1611 925 1800 972 nostra
1861 929 2121 990 possunt.

550 1001 920 1067 Quamobrem
971 1019 1093 1058 cum
1142 1005 1225 1058 hae
1277 1006 1517 1077 virgines
1574 1007 1715 1077 (quae
1743 1017 1866 1064 sunt
1899 1011 2113 1081 animae)

551 1093 870 1163 petitionem
905 1095 1044 1150 hanc
1073 1111 1231 1151 suam
1267 1108 1576 1168 proponunt
1622 1101 1697 1154 illi
1758 1117 1876 1171 quae
1915 1103 2026 1172 jam
2056 1103 2121 1158 ad

552 1187 941 1255 perfectionem
985 1203 1152 1245 cursu
1192 1190 1586 1256 contenderat,
1629 1200 1688 1245 ut
1722 1209 1818 1262 per
1852 1195 2022 1264 ipsam
2063 1197 2126 1248 li-

555 1287 674 1331 ceat
701 1278 780 1331 eis
815 1278 1161 1335 innotescere
1191 1281 1558 1338 desideratum
1596 1300 1610 1336 :
1658 1300 1755 1354 per
1783 1302 1844 1340 ea
1881 1303 2002 1356 qua:
2031 1303 2126 1341 sa-

553 1369 682 1423 lutis
717 1378 919 1426 nostra;
948 1387 1112 1426 causa
1140 1373 1408 1443 patefacta
1453 1377 1610 1432 nobis
1647 1385 1796 1441 sunt,
1833 1381 1989 1449 quasi
2024 1381 2119 1436 de-

551 1461 719 1517 lineat
763 1467 842 1518 eis
896 1463 1122 1527 indicia,
1157 1466 1224 1520 de
1269 1467 1470 1536 quibus
1505 1483 1800 1539 agnoscere
1832 1473 2122 1540 quaesitum

553 1554 786 1622 possint.
819 1555 1078 1624 Adeoque
1105 1556 1172 1610 de
1198 1563 1311 1610 tota
1341 1557 1582 1612 Ecclesia
1617 1576 1725 1614 uno
1753 1563 1943 1631 sponsi
1994 1578 2124 1617 cor-

2234 462 2336 534 γὴν
2365 466 2462 536 τῆς
2492 466 2710 535 σοφίας,
2745 463 2812 539 ἧς
2840 471 2872 540 ἡ
2913 470 3176 542 άπόρῤοια
3213 475 3302 546 τὴν
3325 478 3418 532 τῶν
3445 462 3583 537 ὄντων
3609 462 3699 540 cav-

2234 557 2502 626 εστήσατο
2545 559 2706 628 φύσιν
2724 577 2737 591 ’
2769 560 2910 614 οὕτω
2938 563 3032 616 καὶ
3071 565 3098 616 ὁ
3126 565 3253 634 πρὸς
3281 568 3364 621 τὸν
3383 573 3540 627 καινὸν
3563 578 3701 634 τοῦτον

2234 639 2435 710 κόσμον
2465 641 2564 712 τῆς
2604 643 2746 698 κατά
2791 644 2888 716 τὴν
2933 647 3248 718 Ἐκκλησίαν
3292 653 3494 718 κτίσεως
3524 658 3700 730 βλέπων,

2231 730 2333 800 ὁρᾷ
2355 731 2413 782 ὲν
2440 732 2586 804 αύτῷ
2623 734 2713 787 τὸν
2742 735 2917 788 πάντα
2949 737 3004 788 ἐν
3043 740 3202 792 πᾶσιν
3235 738 3695 810 ὅντακαὶγινόμενον,

2231 820 2316 874 διὰ
2342 821 2449 875 τῶν
2475 825 2734 896 χωρητῶν
2766 844 2822 879 τε
2859 829 2952 880 καὶ
2988 828 3514 902 καταλαμϐανομένων
3533 835 3613 889 ὑπὸ
3631 843 3704 910 τῆς

2231 912 2468 977 πίστεως
2501 916 2655 986 ήμῶν
2683 918 3181 990 χειραγωγούμενος
3205 919 3299 991 τὴν
3335 921 3514 989 γνῶσιν
3539 926 3643 996 πρὸς
3664 927 3708 980 τὸ

2231 1002 2532 1076 ἀχὼρητον.
2579 999 2653 1060 Οὖ
2683 1009 2841 1080 χάριν
2893 1010 3080 1081 ἐπειδὴ
3109 1010 3305 1082 ταύτην
3348 1014 3628 1084 προσάγουσι
3659 1021 3708 1088 τῇ

2232 1095 2368 1167 πρὸς
2416 1096 2477 1149 τὸ
2526 1097 2727 1153 τέλειον
2771 1101 3154 1172 άναδραμούσῃ
3183 1103 3321 1174 ψυχῇ
3351 1103 3439 1175 τὴν
3480 1106 3712 1176 αἴτησιναὶ

2235 1187 2490 1258 παρθένοι
2517 1190 2686 1260 ψυχαὶ
2721 1191 2831 1282 τοιξι
2847 1193 3207 1266 γνωρισθῆναι
3244 1195 3422 1259 αὑταῖς
3465 1197 3544 1249 τὸν
3571 1198 3715 1250 ποθού-

2234 1295 2393 1348 μενον
2413 1297 2427 1311 ·
2457 1281 2546 1334 διά
2562 1283 2668 1336 τῶν
2694 1283 2786 1336 ἐπὶ
2809 1281 3052 1357 σωτηρίᾳ
3072 1286 3471 1357 φανερωθέντων
3496 1290 3604 1360 ἡμῖν
3624 1291 3719 1343 ὑπο-

2229 1370 2429 1440 γράφει
2477 1376 2598 1435 ταῖς
2642 1375 2934 1446 παρθένοις
2982 1376 3051 1429 τὰ
3082 1375 3175 1428 τοῦ
3223 1373 3527 1447 ζητουμένου
3570 1381 3718 1450 γνωρί-

2229 1479 2431 1532 σματα.
2482 1465 2591 1516 Καὶ
2641 1469 2819 1520 πᾶσαν
2855 1466 2951 1538 τήν
2997 1467 3317 1538 Ἐκκλησίαν
3353 1468 3406 1522 ἓν
3481 1469 3612 1540 σῶμα
3653 1469 3721 1523 τοῦ

2226 1555 2456 1625 νυμφίου
2481 1557 2782 1627 ποιήσασα,
2829 1559 2958 1612 ἴδιόν
2999 1577 3050 1612 τι
3095 1559 3268 1630 νόημα
3330 1560 3393 1612 δι’
3415 1560 3612 1614 ἑκάστου
3643 1562 3722 1614 τῶν

553 1658 687 1713 pore
717 1643 882 1706 facto,
915 1645 1249 1713 peculiarem
1282 1647 1569 1714 quemdam
1605 1665 1826 1705 sensum
1877 1652 1944 1707 de
1989 1668 2124 1722 quo-

2242 1643 2408 1714 μελῶν
2435 1647 2492 1698 ὲν
2525 1649 2590 1718 τῇ
2629 1648 2918 1721 ὑπογραφῇ
2955 1647 3046 1702 τοῦ
3075 1648 3299 1713 κάλλους
3345 1650 3654 1714 ἐνδείκνυται,
3675 1652 3721 1706 δι’

554 1733 686 1786 libet
717 1734 962 1787 membro
998 1733 1052 1788 in
1082 1734 1504 1803 pulchritudinis
1546 1737 1915 1809 descriptione
1943 1717 2128 1797 osten-

2242 1727 2306 1787 ὧν
2329 1733 2466 1789 ὅλων
2501 1717 2716 1789 ἐκτῶν
2952 1740 3114 1808 μέρος
3149 1739 3514 1810 θεωρουμένων
3537 1781 3549 1804 ,
3582 1742 3631 1794 τὺ
3661 1745 3726 1798 τοῦ

554 1823 634 1877 dit
670 1842 682 1877 :
721 1825 924 1892 quibus
952 1825 1228 1882 universis
1254 1827 1570 1898 singulatim
1603 1831 1983 1898 consideratis,
2015 1835 2128 1890 ele-

554 1917 737 1985 gantia
771 1917 1020 1985 corporis
1053 1925 1163 1970 tota
1202 1918 1583 1975 conformatur
1626 1930 1679 1977 et
1713 1923 2034 1980 absolvitur.

625 2004 852 2061 Orditur
900 2025 1031 2063 vero
1083 2009 1389 2064 doctrinam
1443 2013 1584 2068 hanc
1631 2029 1660 2066 a
1704 2017 1974 2086 principio
2023 2034 2128 2074 non

556 2095 746 2165 procul
794 2112 825 2148 a
879 2098 1036 2151 nobis
1083 2110 1310 2162 remoto,
1353 2116 1531 2170 neque
1576 2103 1780 2158 alieno.
1838 2104 2048 2160 Etenim
2097 2123 2126 2163 a

555 2200 786 2255 corpore
837 2187 1030 2256 incipit
1076 2187 1530 2254 instructionem,
1586 2194 2044 2262 quemadmodum
2080 2209 2135 2255 et

557 2275 845 2330 Matthzeus
872 2275 998 2330 fecit
1017 2277 1059 2330 °.
1098 2277 1234 2331 Nam
1269 2279 1316 2334 is
1344 2281 1412 2334 ab
1440 2281 1650 2336 Adamo
1678 2290 1730 2339 et
1762 2285 1960 2342 Davide
1983 2305 2135 2360 repe-

558 2369 658 2419 tito
693 2367 852 2436 longa
887 2368 1029 2422 serie
1063 2370 1248 2422 carnis
1288 2382 1585 2441 assumpta:
1619 2377 1900 2444 mysterio,
1934 2395 2134 2450 magno

558 2459 635 2510 illi
663 2457 867 2512 Joanni
904 2458 958 2512 in
989 2460 1074 2514 his
1107 2461 1256 2515 velut
1286 2462 1570 2518 elementis
1604 2477 1655 2520 et
1684 2467 1970 2538 principiis
2003 2487 2136 2526 con-

557 2547 768 2603 stitutis
806 2552 1106 2603 reservavit
1171 2559 1228 2603 ut
1283 2552 1413 2606 illud
1467 2554 1820 2625 principium,
1871 2561 2015 2631 quod
2069 2565 2137 2620 ab

557 2647 764 2694 aeterno
795 2641 1144 2710 intelligitur,
1175 2651 1227 2697 et
1260 2641 1501 2698 Verbqu
1531 2647 1678 2716 quod
1712 2665 1818 2704 una
1868 2666 1992 2707 cum
2032 2655 2137 2710 hoc

557 2730 831 2799 principio
880 2731 1228 2804 intelligitur,
1283 2734 1574 2807 Evangelio
1627 2755 1730 2794 suo
1777 2742 2134 2802 describeret.

559 2820 662 2874 Per
693 2821 794 2878 has
828 2823 995 2892 igitur
1025 2827 1328 2882 sententias
1370 2844 1578 2899 sponsa
1619 2831 1944 2899 juvenculas
1993 2838 2140 2893 velut

559 2910 760 2976 initiat,
793 2927 920 2966 cum
954 2929 1106 2968 mens
1137 2925 1330 2970 nostra
1353 2933 1462 2972 non
1495 2920 1648 2988 prius
1671 2923 1738 2976 ad
1767 2923 1896 2977 illud
1929 2925 2139 2981 incom-

560 3003 928 3072 prehensibile
961 3020 1024 3059 ac
1056 3006 1330 3061 infinitum
1368 3011 1666 3078 perveniat,
1704 3029 1867 3082 quam
1897 3016 1949 3070 id
1989 3017 2137 3086 quod

558 3095 893 3163 patefactum
947 3106 1052 3161 est,
1101 3098 1206 3153 fide
1243 3101 1659 3170 complectatur.
1713 3105 1779 3160 Et
1809 3108 2138 3176 patefactum

560 3187 716 3250 ilzud,
754 3187 940 3242 carnis
986 3198 1070 3243 est
1098 3198 1312 3245 natura.
1362 3192 1496 3247 Cum
1531 3195 1676 3249 enim
1713 3198 1788 3251 ait
1820 3215 1833 3252 :
1870 3199 2140 3271 Cognatas

562 3295 707 3332 meus
737 3288 812 3332 est
835 3278 1094 3333 candidus
1124 3291 1173 3334 et
1208 3282 1532 3339 rubicundus
1559 3303 1578 3340 :
1606 3302 1704 3356 per
1738 3289 1878 3345 hanc
1907 3291 2138 3348 duorum

562 3369 806 3422 colorum
849 3369 1135 3425 misturam
1202 3389 1424 3430 carnem
1459 3379 1807 3447 peculiariter
1853 3384 2139 3440 describit.

565 3460 632 3513 lit
663 3460 792 3516 fecit
823 3462 929 3517 hoc
957 3464 1119 3518 etiam
1151 3469 1404 3536 superius
1431 3508 1445 3532 ,
1499 3471 1590 3525 ubi
1633 3488 1756 3528 eum
1798 3477 2001 3531 malum
2042 3495 2140 3549 ap-

565 3550 784 3619 pellavit
818 3570 833 3606 :
871 3552 1030 3622 cujus
1064 3554 1234 3609 forma
1265 3572 1332 3611 ex
1369 3567 1604 3630 utroque
1636 3564 1816 3619 colore
1845 3573 2142 3638 temperata

563 3643 939 3712 conspicitur;
994 3661 1118 3699 nam
1149 3648 1350 3702 malum
1383 3659 1436 3705 et
1468 3655 1762 3708 candidum
1795 3665 1914 3721 est,
1963 3668 2015 3713 et
2046 3676 2141 3714 ru-

565 3735 655 3790 bet
692 3751 705 3787 :
763 3736 1061 3803 indicante,
1113 3749 1173 3794 ut
1221 3742 1479 3810 arbitror,
1525 3748 1684 3816 quasi
1728 3765 1825 3818 per
1869 3752 2140 3820 quoddam

564 3827 870 3896 symbolum
931 3829 1034 3884 hoc
1102 3832 1220 3902 ipso
1269 3835 1470 3891 rubore
1524 3847 1778 3893 naturam
1835 3844 2140 3913 sanguinis.

564 3916 703 3981 Quia
741 3933 869 3972 vero
921 3935 1030 3973 uno
1079 3923 1242 3977 modo
1288 3927 1648 3982 constituitur
1697 3932 1954 4000 quaelibet
1989 3949 2140 4002 caro,

566 4006 822 4077 conjugio
853 4010 1011 4078 quasi
1048 4013 1190 4066 viam
1244 4024 1490 4071 struente
1539 4023 1718 4088 partui
1777 4039 1873 4092 per
1920 4041 2147 4095 genera-

567 4097 772 4150 tionem
806 4099 861 4152 in
891 4102 1145 4157 omnibus
1197 4105 1339 4162 hanc
1375 4109 1538 4162 vitam
1586 4111 2040 4181 ingredientibus,
2078 4136 2146 4178 ne

565 4187 695 4257 quis
721 4190 905 4246 carnis
934 4199 1056 4246 ortu
1094 4194 1148 4248 in
1179 4195 1282 4250 hoc
1312 4201 1572 4268 mysterio
1599 4203 1819 4270 pietatis
1853 4222 2142 4277 concesso,

573 4281 642 4335 ad
677 4290 889 4338 natura:
919 4299 1084 4356 opera
1132 4297 1184 4343 et
1232 4289 1550 4349 all‘ectiones
1582 4296 1875 4366 cogitando
1923 4302 2145 4359 delaba-

571 4383 684 4434 tur,
710 4373 1078 4431 existiniando
1126 4381 1311 4435 carnis
1347 4382 1511 4451 hujus
1557 4394 1966 4456 generationem
2017 4410 2140 4463 per-
2176 4377 2222 4430 D

569 4461 695 4517 inde
740 4475 1112 4536 comparatam
1161 4486 1303 4536 esse,
1356 4483 1415 4527 ut
1450 4476 1502 4529 in
1553 4478 1674 4534 aliis
1707 4483 2003 4551 omnibus;
2059 4487 2142 4542 id-

557 4555 718 4610 circo
740 4571 864 4610 eum
913 4560 1005 4629 qui
1033 4569 1232 4616 nostra:
1263 4579 1446 4621 carnis
1474 4578 1528 4621 ct
1556 4573 1841 4640 sanguinis
1873 4579 2143 4648 particeps

567 4643 748 4702 factus
779 4657 892 4712 est,
925 4651 1216 4706 candidum
1251 4657 1471 4724 quidem
1500 4659 1652 4714 illum
1686 4678 1758 4717 ac,
1783 4643 2143 4723 rubicundum

569 4753 692 4792 esse
724 4739 950 4806 fatetur,
983 4759 1078 4812 per
1102 4746 1240 4800 duos
1271 4749 1440 4805 hosce
1473 4753 1689 4808 colores
1725 4756 2145 4819 obscuriuscule

568 4830 818 4899 corporis
852 4841 1104 4889 naturam
1153 4837 1425 4906 indicans,
1482 4858 1590 4897 non
1644 4853 1825 4902 tamen
1871 4853 2145 4910 consimili

570 4922 784 4978 ratione
815 4939 1042 4993 prorsus
1072 4927 1275 4983 editum
1313 4931 1367 4986 in
1401 4933 1575 4990 lucem
1619 4937 1718 5002 ait,
1752 4956 1858 5009 qua
1898 4957 2148 5000 commu-u

575 5013 712 5068 niter
737 5015 990 5072 homines
1016 5019 1337 5090 gignuntur.
1367 5024 1634 5082 Nimirum
1668 5031 1810 5086 inter
1835 5050 2026 5090 omnes
2049 5037 2148 5091 ho-

570 5104 780 5160 minum
820 5109 1115 5179 myriades,
1164 5130 1229 5168 ex
1287 5132 1396 5186 quo
1445 5119 1522 5172 illi
1568 5136 1691 5176 esse
1739 5136 2046 5194 cmperunt,
2092 5135 2147 5183 et

571 5211 859 5269 quousque
894 5202 1058 5258 veluti
1110 5204 1326 5262 fluendo
1360 5219 1552 5264 natura
1595 5217 2005 5286 succedentium
2039 5218 2140 5273 sibi

573 5301 670 5356 per
697 5299 910 5358 partum
962 5297 1363 5368 progredietur,
1413 5303 1564 5359 solus
1597 5305 1685 5360 hic
1735 5323 1878 5364 nova
1909 5310 2142 5379 quadam

573 5385 763 5448 partus
796 5384 981 5450 specie
1012 5387 1064 5440 in
1098 5389 1238 5447 hanc
1260 5393 1426 5447 vitam
1462 5397 1607 5451 venit
1645 5416 1657 5451 :
1686 5400 1776 5455 cui
1813 5401 1880 5456 ad
1910 5416 2140 5458 nascen-

573 5478 702 5526 aum
769 5482 965 5531 natura
1034 5497 1143 5537 non
1209 5497 1499 5558 eooperata
1569 5499 1700 5558 est,
1771 5494 1865 5552 sed
1922 5498 2132 5553 serviit.

644 5652 662 5677 ‘
695 5655 885 5715 Matth.
921 5661 1009 5727 1,2
1035 5679 1160 5732 sqq.

2235 1824 2486 1898 σώματος
2514 1828 2707 1894 κάλλος
2741 1831 3225 1900 συναπαρτίςεται.

2315 2010 2514 2082 Ἀρχὴν
2534 2010 2630 2066 οὖν
2661 2018 2893 2069 ποιεῖται
2916 2018 3014 2088 τῆς
3051 2019 3393 2082 διδασκαλίας
3423 2019 3516 2089 ’τὴν
3544 2015 3728 2088 προσεχῆ

2234 2102 2328 2155 κού⁸
2361 2103 2564 2158 οἰκείαν
2584 2108 2736 2177 ἡμῖν.
2780 2108 2873 2160 Ἐκ
2904 2109 3013 2180 γὰρ
3045 2110 3138 2162 τοῦ
3180 2110 3418 2181 σώματος
3437 2109 3526 2180 τῆς
3547 2107 3730 2177 κατηχή·

2237 2211 2374 2258 σεως
2410 2195 2669 2266 ἄρχεται·
2702 2197 2887 2271 ὥσπερ
2909 2200 2973 2270 δὴ
3004 2202 3097 2254 καὶ
3133 2197 3170 2255 ὀ
3192 2203 3452 2264 Ματθαίος
3482 2198 3730 2268 πεποίηκεν.

2236 2286 2299 2337 ὲκ
2325 2286 2419 2338 τοῦ
2459 2288 2708 2359 Ἀϐραάμ
2754 2307 2812 2342 τε
2857 2291 2948 2343 καὶ
2979 2290 3140 2345 Δαϐὶδ
3169 2292 3543 2362 γενεαλογῆσας
3568 2289 3617 2342 τὸ
3632 2289 3734 2342 κατὰ

2239 2379 2416 2450 σάρκα
2455 2383 2770 2453 μυστήριον,
2801 2383 2877 2454 τῷ
2919 2384 3139 2456 μεγάλῳ
3195 2385 3406 2455 Ἰωάννῃ
3449 2380 3734 2459 ἐταμιεύσατο

2236 2474 2349 2533 τοῖς
2383 2472 2484 2542 ἤδη
2505 2473 2594 2525 διὰ
2622 2473 2824 2528 τούτων
2854 2476 3253 2546 στοιχειωθεῖσι
3280 2473 3371 2547 τὴν
3396 2475 3450 2540 ἐξ
3465 2471 3606 2554 ἀϊδίου
3623 2485 3734 2521 νοου-

2242 2563 2408 2632 μένην
2466 2563 2660 2634 άρχὴν,
2717 2567 2808 2618 καὶ
2863 2567 2952 2620 τὸν
2991 2570 3056 2639 τῇ
3095 2568 3248 2638 ἀρχῇ
3292 2562 3736 2635 συγκατανοούμενον

2239 2652 2411 2720 Λόγον
2429 2651 2906 2724 εὐαγγελίσασθαι.
2925 2655 3026 2709 Διὰ
3048 2655 3263 2711 τούτων
3280 2657 3448 2712 τοίνυν
3469 2655 3563 2708 τῶν
3585 2650 3738 2723 νοημά-

2238 2743 2406 2812 τωνή
2443 2741 2626 2812 νύμφη
2661 2747 3011 2814 μυσταγωγεί
3048 2747 3147 2808 τὰς
3183 2746 3438 2811 νεάνιδας,
3465 2747 3536 2798 ὅτι
3573 2744 3622 2796 ού
3647 2739 3737 2809 πρό-

2241 2849 2398 2902 τερον
2432 2833 2524 2885 ἐπὶ
2571 2833 2631 2885 τὸ
2669 2834 2916 2906 ἄληπτόν
2948 2855 3008 2890 τε
3045 2841 3137 2893 καὶ
3178 2840 3420 2912 ἀόριστον
3449 2837 3740 2908 εὑαχΘήσεται

2244 2919 2400 2990 ἡμῶν
2450 2921 2482 2991 ἡ
2536 2921 2762 2991 διάνοια,
2799 2927 2927 2996 πρὶν
2965 2925 3044 2997 τῷ
3073 2928 3300 2998 ὀφθέντι
3332 2929 3414 2982 διὰ
3453 2929 3542 2999 τῆς
3568 2927 3741 2981 πίστεως

2169 3041 2214 3102 c
2249 3010 2673 3081 περιδράξασϐαι
2693 3029 2705 3042 ·
2735 3015 2794 3067 τὸ
2813 3015 2869 3068 δὲ
2893 3016 3054 3086 ὀφθὲν
3080 3021 3114 3089 ἡ
3136 3019 3248 3089 τῆς
3279 3019 3466 3090 σαρκός
3496 3013 3741 3084 ὲστιφὺσιςο

2245 3102 2488 3156 Είποῦσα
2522 3104 2630 3174 γάρ
2653 3121 2666 3135 ο
2708 3107 2790 3159 ὅτι
2815 3107 3153 3178 Ἀδελφιδός
3188 3130 3306 3181 μου
3325 3110 3532 3175 λευκὸς
3546 3105 3743 3172 ualetud-

2241 3195 2347 3260 ρὀ
2377 3212 2389 3225 ·
2431 3194 2516 3248 διὰ
2557 3196 2656 3266 τῆς
2697 3197 2803 3252 τῶν
2830 3200 2925 3253 δύο
2949 3203 3265 3272 χρωμάτων
3299 3204 3491 3257 τούτων
3529 3200 3682 3272 μίξεως
3705 3193 3745 3247 τδ

2245 3285 2341 3355 τῆς
2378 3287 2578 3357 σαρκὸς
2605 3288 2800 3360 ἰδίωμα
2833 3290 3141 3362 ὑπογράφει
3179 3293 3256 3364 τῷ
3284 3292 3596 3364 λόγῳ.Τοῦτο
3617 3289 3661 3340 δὲ
3680 3285 3742 3339 καὶ

2244 3376 2301 3427 ὲν
2326 3379 2432 3440 τοῖς
2463 3378 2769 3450 ἔμπροσθεν
2813 3383 3057 3455 ἐποίησε,
3087 3385 3266 3457 μῆλον
3292 3385 3446 3438 αὐτὸν
3471 3381 3741 3454 ὀνομάσασα²

2244 3462 2303 3520 οὗ
2327 3467 2461 3538 πρὸς
2493 3469 2751 3542 ἑκάτερον
2783 3471 2890 3524 τῶν
2919 3475 3240 3544 χρωμάτων
3274 3475 3560 3545 σύγκρατον
3578 3467 3750 3539 110095-

2245 3575 2333 3612 ται
2381 3560 2442 3612 τὸ
2470 3557 2628 3625 εἶδος.
2665 3565 2871 3617 Λευκὸν
2900 3582 2957 3617 τε
2988 3567 3094 3639 γάρ
3125 3569 3252 3621 ἐστι
3287 3567 3346 3621 τὸ
3392 3566 3545 3639 μῆλον
3569 3563 3646 3616 καὶ
3659 3562 3749 3631 ἐρυο

2246 3651 2523 3721 Θραίνεται
2542 3671 2556 3685 ·
2583 3654 2679 3726 τήν
2699 3656 2793 3709 τοῦ
2825 3658 3078 3727 αἵματος,
3095 3653 3144 3711 οἷ
3155 3678 3282 3731 μαι,
3307 3659 3462 3730 φύσιν
3486 3648 3752 3726 συμϐολικῶς

2248 3747 2646 3819 ἐνδεικνύμενος
2669 3751 2755 3804 διὰ
2780 3752 2873 3804 τοῦ
2891 3753 3266 3824 ἐρυθήματος.
3312 3755 3444 3808 Ἀλλ’
3467 3749 3629 3819 ἐπειδὴ
3648 3747 3752 3799 πᾶσι

2247 3838 2383 3907 σάρξ
2447 3839 2527 3891 ἐνὶ
2579 3840 2766 3911 τρόπῳ
2809 3843 3147 3908 συνίσταται,
3214 3847 3393 3917 γάμου
3457 3843 3645 3902 πάντως
3676 3835 3754 3888 559‘

2246 3930 2525 3994 ποιοῦντος
2558 3933 2648 3986 τὸν
2676 3933 2834 3987 τόκον
2862 3936 2974 3997 τοίς
3018 3936 3098 3997 είς
3133 3936 3238 4008 τὴν
3269 3936 3411 4004 ζωὴν
3439 3933 3618 4002 ταύτην
3637 3940 3751 3994 περι·

2247 4021 2366 4075 οὖσι
2396 4023 2484 4076 διὰ
2502 4024 2788 4092 γενέσεως,
2824 4025 2898 4088 ὡς
2936 4026 3001 4079 ἂν
3033 4028 3108 4098 μή
3135 4046 3222 4092 τις
3245 4028 3446 4099 σαρκὸς
3468 4027 3647 4094 γένεσιν
3665 4013 3756 4086 περἱ

2245 4115 2307 4168 τὸ
2337 4119 2632 4185 μυστήριον
2653 4117 2748 4187 τῆς
2783 4117 3063 4182 εὐσεϐείας
3098 4112 3554 4194 παραδεξάμενος,
3587 4112 3692 4184 πρὸς
3707 4106 3755 4157 τά

2246 4207 2344 4276 τῆς
2367 4207 2579 4276 φύσεως
2597 4207 2734 4279 ἔργα
2782 4210 2876 4264 καὶ
2909 4211 3057 4282 πάθη
3089 4213 3189 4283 τὴν
3228 4213 3464 4267 διάνοιαν
3501 4201 3757 4268 κατολισθή·

2250 4315 2414 4363 σειεν,
2444 4300 2731 4374 ὁμοιογενῆ
2754 4303 2886 4355 πᾶσι
2913 4303 3173 4374 κάκείνης
3191 4304 3294 4374 τῆς
3329 4303 3520 4374 σαρκὸς
3538 4299 3621 4370 τήν
3647 4293 3757 4398 γένξο

2253 4410 2336 4445 σιν
2369 4394 2627 4463 ἐννοήσας
2642 4410 2657 4424 °
2683 4393 2876 4447 τούτου
2899 4395 3057 4466 χάριν
3078 4395 3172 4449 τὸν
3207 4398 3592 4466 κοινωνήσαντα
3610 4393 3757 4456 σαρκὸς

2252 4487 2346 4539 καὶ
2377 4486 2606 4556 αἵματος
2635 4486 2825 4540 λευκὸν
2852 4487 2950 4556 μὲν
2969 4481 3108 4539 εἶναι
3139 4487 3236 4541 καὶ
3264 4488 3470 4560 πυῤῥὺν
3488 4480 3752 4552 ὡμολόγησεν

2252 4573 2341 4627 διὰ
2365 4573 2472 4627 τῶν
2495 4574 2586 4662 δύο
2607 4577 2912 4646 χρωμάτων
2934 4575 3030 4646 τὴν
3055 4575 3148 4629 τοῦ
3187 4577 3442 4648 σώματος
3469 4574 3608 4645 φύσιν
3632 4569 3756 4664 αἰνισί

2254 4667 2472 4738 σομένη,
2505 4649 2564 4720 ού
2604 4667 2707 4738 μὴν
2763 4669 3116 4740 ὁμοιότροπον
3164 4671 3336 4723 αὑτοῦ
3389 4669 3481 4740 τὴν
3520 4662 3687 4757 λοχείαν

2251 4757 2414 4828 κοινῷ
2468 4759 2612 4828 τόκῳ
2639 4760 2959 4829 γεγενῆσθαι
3002 4759 3175 4829 λέγει.
3217 4760 3359 4814 Ἀλλ’
3397 4763 3460 4814 ἐκ
3501 4753 3658 4812 πασῶν
3682 4753 3756 4800 τῶν

2256 4850 2530 4923 μυριάδων
2577 4851 2685 4904 τῶν
2731 4851 2821 4920 ἀφ’
2850 4847 2910 4906 οὗ
2943 4855 3235 4922 γεγόνασιν
3272 4853 3561 4923 ἄνθρωποι,
3597 4844 3672 4899 καὶ
3700 4839 3756 4942 είς

2253 4941 2282 4993 ὃ
2316 4940 2738 5013 προσελεύσεται
2761 4942 2956 5014 ῥέουσα
2977 4943 3065 4996 διὰ
3081 4943 3176 4996 τοῦ
3196 4945 3363 4998 τόκου
3390 4943 3493 4997 τῶν
3516 4940 3761 5006 suam?"

2251 5049 2357 5084 νων
2391 5033 2424 5102 ή
2451 5032 2629 5100 φύσις,
2650 5033 2806 5104 μόνος
2838 5026 2989 5097 οὗτός
3019 5035 3133 5087 ἐστι
3166 5035 3247 5107 τῷ
3283 5035 3454 5105 καινῷ
3482 5033 3572 5102 τῆς
3604 5021 3757 5094 λυκεθιε

2251 5122 2378 5176 εῖδει
2407 5123 2507 5192 τῆς
2538 5124 2683 5192 ζωῆς
2719 5122 2924 5196 ταύτης
2953 5123 3231 5195 ἁψάμενος
3253 5143 3266 5154 ·
3365 5124 3484 5195 οὐχὶ
3517 5119 3754 5189 συνήργησε

2251 5213 2389 5283 πρὸς
2409 5213 2468 5266 τὸ
2496 5212 2796 5286 γενέσθαιή
2821 5215 2999 5283 φύσις,
3023 5216 3134 5269 ἀλλ’
3157 5217 3492 5288 ὑπηρέτησε.
3525 5212 3608 5266 Διά
3625 5205 3752 5261 τοῦτον

2251 5307 2434 5377 φησὶν,
2467 5307 2545 5360 ὅτι
2593 5307 2783 5369 λευκὸς
2808 5309 2901 5362 κα)⁸
2935 5310 2964 5361 ὁ
3006 5309 3214 5382 πυρρὸς
3239 5305 3416 5376 οὗτος,
3441 5312 3468 5362 ὁ
3494 5305 3571 5359 διὰ
3607 5293 3752 5370 σαρκὸς

2251 5401 2347 5455 καὶ
2374 5399 2605 5471 αἵματος
2626 5400 2972 5472 ἐπιδημήσας
2998 5401 3077 5472 τῷ
3110 5390 3232 5472 βίῳ,
3273 5403 3434 5472 μόνος
3460 5397 3595 5452 ἐστὶν
3611 5395 3659 5445 ἐκ
3680 5401 3748 5439 πει

2254 5493 2364 5550 σῶν
2390 5493 2500 5548 τῶν
2529 5493 2801 5564 μυριάδων
2847 5493 2912 5547 ὲκ
2940 5493 3042 5565 τῆς
3085 5493 3416 5564 παρθενικῆς
3453 5483 3748 5558 καθαρότητος
