3948 6192
227 288 368 344 M53

1221 290 1288 344 IN
1322 291 1625 349 CANTICA
1656 257 1927 350 omne.
1968 293 2264 351 llOMllJA
2303 294 2443 350 xm.

3374 305 3512 364 1054

226 403 713 474 ἔκλελοχισμὲνος·
764 396 825 460 οὗ
879 406 1243 475 άσυνδύαστος
1303 413 1402 484 μὲν
1449 415 1483 485 ἡ
1535 414 1821 486 κυοφορία,

1931 415 2222 488 Propterea
2272 416 2452 488 inquit
2495 414 2788 470 candidum
2833 415 2981 474 bunc
3022 426 3076 474 et
3118 419 3510 492 rubicundum,

225 497 528 571 ἀμόλυντος
559 497 615 552 δὲ
651 499 683 568 ἡ
711 497 914 568 λοχεία,
942 500 1207 567 ὰνὼδυνος
1227 503 1284 556 δὲ
1316 507 1349 575 ἡ
1377 505 1508 572 est;
1529 523 1543 538 ’
1575 500 1635 561 οὗ
1663 506 1820 561 θάλα-

230 608 328 662 μος
354 591 388 661 ή
409 588 502 642 τοῦ
535 589 792 659 Ὑψίστου
821 591 1070 664 δύναμις,
1086 591 1198 649 οἶόν
1221 615 1304 660 τις
1327 598 1526 667 νεφέλη
1553 599 1653 669 τήν
1679 617 1820 670 παρ-

230 681 411 736 θενίαν
431 683 852 747 ἐπισκιάζουσα·
881 687 1086 757 πυρσὸς
1110 688 1166 740 δὲ
1191 689 1455 761 γαμήλιος
1484 692 1518 762 ἡ
1540 690 1631 745 τοῦ
1659 691 1817 760 ἁγίου

229 773 544 845 Πνεύματος
567 774 830 846 ἕλλαμψις
854 793 869 807 ·
907 777 1063 849 κλίνη
1089 780 1147 834 δὲ
1174 781 1208 850 ἡ
1239 782 1499 844 ἀπάθεια,
1517 784 1612 836 καὶ⁵
1644 784 1820 854 γάμος

227 869 258 937 ἡ
289 865 587 936 άςρθαρσία.
636 866 693 921 Ὀ
739 869 919 923 τοίνυν
967 873 1032 924 ὲκ
1071 872 1177 925 τῶν
1215 875 1471 929 τοιούτων
1501 864 1818 946 γενόμενος,

228 957 411 1020 καλῶς
442 957 886 1030 ὲκλελοχισμένος
911 962 976 1016 ὲκ
1008 963 1200 1018 πασῶν
1237 965 1343 1020 τῶν
1379 967 1656 1038 μυριάδων
1686 985 1821 1022 κατε

226 1048 525 1119 ωνομάσθη
545 1065 559 1079 ο
591 1051 726 1122 ὅπερ
747 1051 807 1104 τὸ
827 1053 900 1123 μὴ
936 1055 999 1108 ὲκ
1019 1054 1211 1126 λέχους
1249 1057 1412 1111 αὑτὸν
1448 1054 1587 1114 εἶναι
1617 1057 1821 1130 σημαί-

225 1157 327 1193 νει.
355 1137 560 1193 Τούτου
591 1141 698 1215 γάρ
741 1143 904 1212 μόνου
950 1147 1121 1218 χωρὶς
1177 1149 1393 1220 λοχείας
1433 1155 1466 1224 ἠ
1525 1153 1816 1224 γέννησις,

225 1228 418 1301 ῶσπερ
436 1230 530 1284 καὶ
550 1232 719 1303 χωρὶς
746 1233 927 1304 γάμου
957 1237 990 1306 ὴ
1020 1235 1295 1304 σύστασις.
1333 1241 1407 1294 Οὐ
1432 1241 1547 1316 γὰρ
1567 1247 1714 1300 ἔστιν
1726 1243 1820 1296 ἐπὶ

224 1323 328 1394 τῆς
352 1325 594 1395 ἀφθόρου
619 1345 677 1380 τε
708 1329 804 1382 καὶ
824 1329 1202 1402 ἀπειρογάμου
1220 1335 1424 1405 κυρίως
1447 1335 1508 1388 τὸ
1533 1333 1702 1407 ὄνομα
1720 1336 1820 1406 τῆς

225 1414 448 1484 λοχείας
481 1417 655 1470 εἰπεῖν
674 1433 688 1447 ·
721 1418 854 1472 διότι
875 1420 1171 1492 παρθενίας
1200 1441 1260 1477 τε
1283 1426 1378 1478 καὶ
1403 1425 1616 1496 λοχείας
1637 1426 1820 1496 ἀσύμο
1861 1473 1866 1482 .

225 1503 373 1558 ϐατά
409 1507 526 1560 ἐστι
553 1509 682 1578 περὶ
717 1508 815 1578 τὴν
839 1509 1006 1580 αὐτὴν
1038 1511 1108 1564 τά
1153 1513 1412 1583 ὀνόματα.
1460 1513 1598 1568 Ἀλλ’
1631 1513 1820 1586 ῶσπερ

223 1598 357 1662 Υἱὸς
401 1598 558 1670 ἐδόθη
609 1602 742 1671 ἡμῖν
771 1599 1147 1677 άνευδΠατρός
1166 1623 1180 1636 ο
1211 1606 1354 1662 οὕτω
1391 1609 1485 1662 καὶ
1513 1609 1575 1661 τὸ
1606 1609 1819 1664 παιδίον

223 1689 356 1744 ἄνευ
385 1690 603 1762 λοχείας
630 1693 977 1774 γεγέννηται.
1001 1699 1090 1763 Ὠς
1101 1699 1210 1771 γάρ
1222 1701 1323 1754 οὐκ
1334 1702 1477 1772 ἔγνω
1492 1699 1820 1773 ήςΠαρθὲνος

1923 507 2018 576 qui
2055 523 2151 578 per
2181 523 2402 563 carnem
2435 514 2490 563 et
2519 507 2842 578 sanguinem
2886 509 2941 564 in
2982 508 3086 565 hac
3117 511 3230 566 vita
3262 522 3508 570 versatus

1921 607 2026 665 est,
2063 600 2240 655 solum
2285 617 2352 656 ex
2401 599 2674 655 universis
2725 600 3010 655 hominum
3057 603 3401 673 myriadibus
3442 605 3509 662 de

1922 692 2162 763 puritate
2213 693 2458 763 virginea
2511 693 2747 748 electum
2798 708 2961 758 esse,
3017 694 3175 763 cujus
3204 691 3509 765 .coiiceptio

1921 783 2156 837 duorum
2206 799 2237 836 a
2293 783 2687 852 conjunctione
2749 783 2996 854 profecta
3049 799 3160 838 non
3191 785 3282 852 sit,
3320 795 3509 856 partus

1922 874 2145 928 minime
2171 874 2512 944 inquinatus,
2542 877 2822 946 parturigo
2853 875 3060 930 doloris
3089 891 3285 945 expers
3310 894 3325 933 :
3349 878 3508 944 cujus

1921 965 2221 1030 thalamus,
2257 966 2529 1022 Altissimi
2565 976 2808 1036 potestas
2861 968 3017 1037 quasi
3060 968 3304 1038 quaedam
3334 969 3548 1031 nubes,

1919 1057 2295 1128 virginitatem
2329 1059 2506 1128 ipsam
2540 1059 2886 1119 inumbrans,
2933 1059 3020 1113 fax
3056 1061 3316 1130 nuptialis
3385 1060 3510 1131 Spi-

1925 1146 2066 1202 ritus
2131 1151 2310 1206 sancti
2377 1149 2676 1220 splendor,
2749 1151 2928 1206 cubile
2998 1151 3260 1206 vitiorum
3310 1167 3507 1223 expers

1921 1240 2189 1306 conditio,
2239 1241 2445 1312 nuptis:
2475 1242 2686 1311 puritas
2753 1242 3094 1312 incorrupta.
3145 1243 3250 1308 Qui
3283 1259 3350 1298 ex
3382 1243 3508 1298 tali-

1921 1331 2026 1386 bus
2050 1339 2208 1388 ortus
2232 1343 2342 1399 est,
2377 1341 2526 1388 recte
2554 1333 2862 1404 appellatur
2891 1334 3101 1389 electus
3133 1350 3200 1388 ex
3236 1335 3507 1392 universis

1920 1423 2266 1494 myriadibus
2299 1441 2312 1476 :
2344 1441 2454 1496 quo
2485 1425 2705 1496 quidem
2739 1426 3102 1498 signiﬁcatur,
3140 1441 3248 1481 non
3280 1443 3349 1483 ex
3382 1443 3510 1483 con-

1916 1512 2088 1583 jugali
2157 1523 2278 1569 toro
2311 1515 2494 1586 ipsum
2529 1516 2788 1571 existere.
2834 1517 2970 1570 Nam
3018 1517 3182 1586 hujus
3213 1518 3384 1575 solius
3417 1533 3510 1589 ge-

1920 1605 2138 1659 neratio
2190 1607 2585 1676 parturiginem
2620 1621 2730 1661 non
2772 1607 2998 1674 habuit,
3047 1607 3511 1678 quemadmodum

1919 1703 1973 1750 et
2011 1697 2130 1750 sine
2158 1696 2414 1767 conjugio
2445 1696 2610 1766 cmpit
2653 1696 2938 1751 exsistere.
2967 1695 3154 1766 Neque
3184 1697 3329 1752 enim
3361 1712 3494 1766 pro-

222 1784 375 1847 ὅπως
405 1787 462 1836 ὲν
493 1784 570 1855 τῷ
601 1783 814 1855 σώματι
840 1787 1011 1857 αὐτῆς
1032 1787 1094 1840 τὸ
1117 1786 1363 1860 θεοδόχον
1380 1791 1609 1862 συνέστη
1632 1791 1813 1862 σῶμα·

1931 1786 2041 1855 prie
2070 1787 2430 1857 parturiginis
2458 1787 2783 1841 vocabulum
2816 1789 3071 1858 usurpari
3104 1789 3171 1844 de
3206 1789 3297 1843 illa
3326 1789 3510 1844 incor-

222 1871 401 1938 οὕτως
414 1874 536 1928 οὐδὲ
556 1876 649 1928 τοῦ
677 1877 837 1931 τόκου
852 1878 1067 1949 ᾔσθετο,
1083 1897 1261 1951 μαρτυ
1271 1881 1361 1952 ρού
1371 1898 1466 1953 σης
1483 1883 1583 1953 τῆς
1596 1901 1780 1956 προφη
1793 1916 1815 1926 -

222 1963 378 2024 τείας
392 1963 530 2034 αὐτῇ
553 1963 615 2017 τὸ
640 1963 909 2019 ἀνώδυνον
932 1967 1032 2037 τῆς
1051 1967 1259 2032 ὠδῖνος.
1276 1971 1413 2041 Φησὶ
1431 1972 1541 2044 γὰρ
1566 1973 1814 2039 Ἡσαΐας,

225 2055 374 2125 Πρὶν
413 2056 615 2111 ἐλθεῖν
651 2057 792 2124 τοὺς
826 2059 1054 2126 πόνους
1088 2061 1207 2114 τῶν
1256 2061 1508 2127 ὠδίνων,
1559 2064 1818 2134 ἐξέφυγε

223 2147 322 2200 καὶ
341 2147 554 2202 ἔτεκεν
578 2146 786 2217 ἄρσεν.
808 2151 907 2203 Διά
944 2151 1102 2205 τοῦτο
1131 2153 1576 2225 ἐκλελοχισμένος
1607 2157 1702 2210 καὶ
1729 2157 1818 2222 ξε·-

225 2237 390 2301 νίζων
422 2237 542 2291 καθ’
576 2237 836 2312 ἑκάτερον
856 2240 954 2312 τὴν
985 2242 1303 2297 ἀκολουθίαν
1319 2247 1427 2318 τῆς
1443 2245 1676 2315 φύσεως,
1694 2246 1817 2301 οὔτε

223 2328 536 2400 ἀρξάμενος
559 2329 619 2394 ἐξ
640 2331 856 2402 ἡδονῆς,
897 2332 1019 2386 οὔτε
1056 2335 1333 2408 προελθὼν
1361 2337 1450 2391 διὰ
1499 2339 1682 2393 πόνου.
1707 2341 1819 2393 Καὶ

222 2419 386 2473 τοῦτο
440 2420 580 2474 κατά
636 2422 698 2474 τὸ
731 2423 1026 2478 ἀκόλουθον
1077 2427 1307 2496 γίνεται,
1347 2429 1438 2482 καὶ
1471 2430 1570 2484 οὐκ
1596 2429 1700 2495 ἔξω
1724 2431 1816 2485 τοῦ

221 2511 439 2576 εἰκότος
477 2514 643 2568 ἐστίν.
693 2515 913 2588 Ἐπειδὴ
977 2517 1084 2590 γάρ
1119 2521 1152 2588 ἠ
1204 2519 1294 2573 τὸν
1336 2519 1562 2574 θάνατον
1607 2523 1696 2574 διά
1719 2522 1820 2592 τῆς

223 2603 509 2674 ἁμαρτίας
539 2605 910 2674 ἐπεισάγουσα
953 2612 1018 2680 τῇ
1055 2608 1240 2677 φύσει,
1279 2610 1338 2663 ὲν
1369 2611 1566 2676 λύπαις
1598 2614 1692 2666 καὶ
1728 2612 1820 2665 πό-

221 2711 339 2757 νοις
368 2695 576 2749 τίκτειν
610 2698 1000 2772 κατεδικάσθη,
1034 2701 1140 2754 ἔδει
1166 2701 1383 2766 πάντως
1414 2703 1513 2776 τὴν
1543 2703 1645 2774 τῆς
1673 2703 1820 2774 ζωῆς

226 2785 446 2856 μητέρα
498 2787 607 2840 ἀπὸ
643 2791 820 2861 χαρᾶς
846 2808 904 2844 τε
938 2790 1036 2860 τῆς
1071 2793 1368 2862 κυοφορίας
1399 2793 1688 2866 ἄρξασθαι,
1725 2799 1820 2853 καὶ

222 2875 314 2928 δια
343 2877 521 2946 χαρᾶς
544 2877 826 2932 τελειῶσαι
852 2879 944 2932 τὸν
971 2881 1150 2934 τόκον.
1179 2881 1356 2950 Χαῖρε
1377 2885 1506 2955 γὰρ,
1536 2887 1689 2956 φησὶ,
1720 2905 1819 2942 κε-

226 2969 624 3038 χαριτωμένη,
673 2971 809 3042 πρὸς
842 2972 1012 3044 αὐτὴν
1061 2972 1090 3024 ὁ
1139 2975 1500 3045 ἀρχάγγελος,
1544 2977 1820 3034 ἐκϐάλλων

225 3064 292 3132 τῇ
329 3065 482 3132 φωνῇ
515 3063 614 3133 τὴν
642 3062 823 3136 λύπην
857 3063 954 3135 τὴν
996 3065 1054 3132 ἐξ
1086 3067 1260 3138 ἀρχῆς
1284 3068 1388 3121 ὑπὸ
1416 3069 1517 3138 τῆς
1545 3071 1820 3143 ἁμαρτίας

228 3153 720 3224 ἀποκληρωθεῖσαν
750 3155 829 3226 τῷ
860 3157 1025 3228 τόκῳ.
1057 3151 1228 3223 Οὗτος
1273 3161 1371 3230 μὲν
1409 3157 1502 3216 οὖν
1529 3164 1678 3217 ἐστιν
1697 3167 1726 3218 ό
1751 3165 1827 3236 τῷ
1853 3131 1896 3191 c

230 3244 402 3315 καινῷ
427 3263 486 3298 τε
513 3246 606 3300 καὶ
636 3248 891 3312 ἰδιάζοντι
919 3249 1021 3316 τῆς
1049 3252 1355 3322 γεννήσεως
1403 3254 1467 3306 ἐκ
1501 3239 1687 3309 πασῶν
1719 3255 1828 3310 τῶν

230 3336 513 3406 μυριάδων
543 3335 704 3406 μόνος
758 3336 999 3400 τοιοῦτος
1025 3341 1338 3410 γενόμενος,
1366 3341 1394 3392 ὁ
1432 3341 1622 3407 λευκός
1650 3361 1708 3397 τε
1735 3345 1829 3397 καὶ

227 3427 442 3499 πυρρὸς
473 3427 561 3480 διά
584 3428 682 3499 τὴν
707 3430 885 3501 σάρκα
925 3433 1020 3484 καὶ
1049 3432 1108 3484 τὸ
1131 3427 1271 3503 αἷμα
1307 3433 1488 3497 καλῶς
1511 3435 1830 3506 ὠνομασμέα

229 3520 469 3588 νος,καὶ
535 3521 986 3594 ὲκλελοχισμένος
1037 3523 1146 3578 ἀπὸ
1219 3525 1526 3596 μυριάδων,
1581 3527 1669 3580 διά
1731 3529 1828 3602 τὴν

227 3611 516 3682 ἀφθαρτόν
541 3629 600 3665 τε
639 3615 733 3666 καὶ
753 3613 940 3684 ἀπαθῆ
969 3613 1063 3668 τού
1087 3616 1246 3669 τόκου
1288 3617 1440 3690 παρά
1465 3619 1589 3682 τοὺς
1611 3619 1830 3684 λοιποὺς

232 3703 504 3772 ἰδιότητα.
557 3703 628 3756 Ἦ
683 3704 823 3775 τάχα
873 3705 967 3758 καὶ
992 3705 1082 3759 διὰ
1120 3705 1190 3759 τά
1209 3705 1373 3759 λοιπά
1393 3707 1492 3776 τῆς
1519 3709 1830 3778 γεννήσεως

227 3795 353 3864 εἴδη
381 3793 452 3846 τὰ
477 3794 566 3848 διά
596 3795 695 3864 τῆς
720 3795 936 3866 λοχείας
969 3797 1250 3866 γινόμενα,
1287 3797 1490 3868 ταύτην
1515 3799 1826 3869 ἐφήρμοσεν

229 3885 389 3956 αὖτῷ
440 3885 539 3956 τήν
570 3887 753 3958 φωνὴν
787 3889 820 3957 'l}
855 3887 1063 3959 νύμφη.
1095 3888 1210 3941 Οὐκ
1257 3889 1473 3957 ἀγνοεῖς
1521 3888 1578 3941 δὲ
1610 3889 1826 3954 πάντως

227 3981 428 4044 ὁσάκις
463 3979 728 4051 ἐγεννήθη
761 3982 790 4033 ὁ
836 3980 1015 4051 πάσης
1046 3983 1145 4052 τῆς
1203 3981 1433 4044 κτίσεως
1482 3980 1828 4052 πρωτότοκος

230 4073 292 4125 ἐν
325 4070 543 4133 πολλοῖς
571 4070 838 4141 ἀδελφοῖς,
855 4072 1194 4143 πρωτότοκος
1211 4073 1276 4126 ὲκ
1299 4072 1509 4144 νεκρῶν
1534 4087 1546 4099 ⁸
1564 4073 1593 4124 ὁ
1613 4072 1829 4143 πρῶτος

230 4163 408 4227 λύσας
437 4163 536 4226 τὰς
551 4163 743 4227 ὠδῖνας
754 4162 847 4216 τοῦ
870 4163 1119 4226 θανάτου,
1143 4166 1235 4217 καὶ
1258 4165 1389 4216 πᾶσι
1419 4163 1509 4216 τὸν
1535 4164 1599 4218 ἐκ
1620 4164 1830 4235 νεκρῶν

232 4254 400 4306 τόκον
431 4252 758 4321 ὁδοποιήσας
783 4250 871 4305 διὰ
898 4251 996 4322 τῆς
1029 4251 1395 4312 ἀναστάσεως.
1441 4250 1529 4302 Ἐν
1557 4251 1692 4302 πᾶσι
1734 4248 1831 4318 μὲν

234 4345 352 4415 γαρ
372 4343 588 4406 τούτοις
614 4342 899 4412 ἐγεννήθη,
944 4341 1006 4394 ού
1045 4340 1151 4413 μὴν
1187 4340 1274 4394 διά
1311 4340 1524 4410 λοχείας
1559 4339 1833 4411 παρῆλθεν

1925 1887 2085 1946 rupta
2114 1885 2169 1932 et
2204 1877 2522 1947 conjugium
2567 1893 2678 1931 non
2719 1886 2942 1948 experta
2986 1888 3184 1950 potest,
3221 1889 3509 1950 propterea

1925 1968 2072 2038 quod
2104 1969 2394 2038 virginitas
2441 1976 2495 2023 et
2532 1968 2813 2039 parturigo
2857 1970 2912 2023 in
2953 1971 3142 2025 cadem
3179 1987 3510 2027 concurrere

1925 2071 2219 2131 nequeant.
2257 2061 2523 2115 Nimirum
2553 2060 2629 2114 uti
2681 2061 2844 2114 datus
2895 2061 3055 2116 nobis
3102 2064 3309 2132 absque
3351 2062 3514 2117 Patre

1925 2154 2118 2219 Filius,
2149 2154 2231 2209 sic
2263 2155 2427 2209 etiam
2462 2169 2597 2224 puer
2623 2153 2714 2208 hic
2742 2154 2950 2224 absque
2983 2154 3324 2224 parturigine
3351 2166 3511 2210 natus

1932 2255 2040 2302 est.
2085 2245 2260 2315 thue
2289 2242 2459 2316 Virgo
2516 2246 2635 2315 ipsa
2667 2260 2774 2299 non
2832 2247 3086 2314 cognovit
3131 2260 3238 2315 quo
3270 2253 3426 2314 pacto
3455 2245 3511 2300 in

1927 2352 2157 2407 corpore
2199 2338 2373 2407 ipsius
2423 2353 2624 2408 corpus
2673 2337 2803 2391 illud
2853 2337 3195 2392 divinitatem
3230 2338 3507 2408 recipiens

1925 2429 2245 2484 coaluerit:
2301 2429 2384 2483 sic
2440 2444 2508 2482 ne
2561 2437 2780 2498 partum
2827 2428 3046 2499 quidem
3105 2431 3297 2493 sensit,
3347 2430 3510 2484 etiam

1925 2521 2066 2577 lsaia
2133 2522 2399 2591 propheta
2449 2521 2516 2574 de
2561 2521 2651 2574 illa
2701 2527 2975 2584 testante,
3028 2521 3174 2591 quod
3223 2520 3508 2590 parturigo

1927 2613 2102 2682 ipsius
2136 2612 2345 2666 doloris
2385 2627 2582 2681 expers
2627 2611 2814 2676 fuerit,
2849 2627 2974 2664 cum
3016 2612 3090 2664 ait
3130 2629 3144 2665 :
3188 2611 3513 2680 Priusquam

1927 2701 2134 2756 labores
2166 2703 2557 2771 parturigiuum
2596 2703 2878 2765 venissent,
2915 2701 3141 2755 liberata
3191 2718 3392 2754 marem
3427 2717 3514 2769 pe—

1925 2795 2118 2862 perit’.
2165 2793 2374 2850 Idcirco
2413 2801 2468 2848 et
2497 2795 2701 2850 electus
2738 2795 2862 2858 fuit,
2890 2802 2944 2849 et
2973 2801 3206 2864 utraque
3231 2803 3384 2862 parte
3411 2807 3514 2847 na-

1924 2893 2064 2940 tura:
2089 2884 2337 2939 ordinem
2371 2884 2672 2938 innovavit.
2713 2882 2826 2937 Nec
2856 2883 3000 2937 enim
3031 2898 3060 2936 e
3094 2881 3373 2951 voluptate
3395 2895 3512 2935 ca:-

1929 2977 2009 3048 pit
2038 2977 2326 3037 exsistere,
2365 2991 2543 3044 neque
2589 2990 2684 3045 per
2712 2974 2934 3029 dolores
2980 2976 3033 3027 in
3078 2973 3254 3027 lucem
3291 2972 3510 3042 prodiit.

1928 3066 2108 3136 Atque
2140 3065 2244 3118 hoc
2291 3064 2348 3120 lit
2394 3065 2607 3120 ratione
2636 3067 2870 3136 quadam
2907 3072 3302 3130 consentanea,
3351 3062 3515 3117 mini-

1931 3173 2123 3228 meque
2150 3156 2447 3212 absurdum
2478 3165 2583 3213 est.
2627 3157 2760 3211 Cum
2793 3157 2939 3211 enim
2974 3156 3067 3210 illa
3131 3171 3251 3226 qua:
3283 3165 3514 3210 mortem

1932 3249 1987 3303 in
2023 3258 2272 3302 naturam
2308 3262 2403 3318 per
2463 3255 2747 3318 peccatum
2797 3246 3514 3309 introduxit,condemnata

1931 3341 2003 3394 sit
2034 3348 2091 3422 ut
2127 3339 2179 3393 in
2215 3339 2501 3409 doloribus
2528 3338 2918 3408 laboribusque
2962 3338 3158 3408 pariat,
3230 3337 3520 3408 oportebat

1931 3433 2154 3485 ouiuino
2194 3437 2420 3484 matrem
2473 3431 2600 3484 vita:
2645 3440 2754 3484 tam
2805 3430 3216 3498 conceptionem
3268 3445 3297 3483 a
3330 3429 3518 3484 laetitia

1932 3521 2213 3584 inchoare,
2254 3537 2417 3590 quam
2453 3530 2668 3590 partum
2701 3521 2755 3574 in
2787 3521 2974 3576 ltetitia
3022 3521 3302 3590 perlicere.
3343 3519 3519 3574 Nimi-

1932 3629 2052 3667 rum
2087 3613 2160 3666 ait
2188 3612 2253 3665 ad
2279 3627 2396 3666 eam
2425 3613 2682 3682 princeps
2713 3611 2802 3665 ille
2830 3611 3056 3680 angelus
3076 3631 3088 3665 :
3108 3611 3311 3675 Gaude,
3340 3611 3520 3678 gratia

1932 3707 2140 3776 plena“.
2188 3703 2307 3770 Qua
2342 3719 2474 3759 voce
2521 3703 2841 3757 mmstitiam
2874 3703 3021 3756 illam
3059 3703 3249 3772 abigit,
3281 3718 3404 3772 qua:
3432 3718 3520 3756 rc-

1936 3813 2058 3852 rum
2107 3797 2265 3851 initio
2313 3799 2535 3866 propter
2582 3802 2866 3864 peccatum
2897 3793 3076 3863 partui
3127 3804 3210 3848 est
3239 3793 3514 3863 imposita.

1937 3889 2036 3958 Hic
2071 3890 2236 3960 igitur
2285 3889 2372 3944 ille
2415 3897 2498 3944 est
2537 3887 2632 3958 qui
2687 3901 2828 3940 nova
2864 3883 3100 3957 quadam
3146 3899 3211 3939 ac
3255 3883 3518 3953 peculiari

1938 3980 2306 4052 generationis
2338 3979 2555 4034 ratione
2583 3993 2647 4032 ex
2678 3976 3016 4048 myriadibus
3048 3975 3320 4031 universis
3365 3976 3518 4031 solus

1939 4073 2065 4127 talis
2103 4081 2264 4126 natus
2314 4078 2418 4134 est,
2459 4077 2513 4125 et
2561 4068 2829 4124 candidus
2873 4082 2937 4122 ac
2983 4065 3325 4122 rubicundus
3371 4072 3519 4121 recte

1941 4166 2242 4237 appellatus
2291 4172 2512 4234 prepter
2545 4178 2766 4217 carnem
2801 4169 2856 4217 et
2902 4159 3222 4232 sanguinem
3250 4201 3265 4224 ,
3309 4159 3516 4214 electus

1938 4274 2002 4314 ex
2049 4257 2235 4312 decem
2287 4256 2554 4321 millibus,
2590 4264 2812 4324 propter
2858 4253 3232 4321 incorruptam
3269 4258 3323 4306 et
3357 4250 3517 4305 vitioo

1939 4365 2059 4404 rum
2109 4355 2384 4418 expertem
2439 4347 2826 4416 proprietatem
2883 4351 3113 4413 partus,
3163 4343 3434 4399 diversam
3486 4358 3518 4396 a

236 4437 322 4504 εἰς
359 4430 728 4506 γέννησινσἮ
743 4435 997 4508 τεγάρὲκ
1027 4432 1121 4485 τοῦ
1155 4431 1344 4495 ὓδατος
1370 4433 1584 4500 γένεσις
1631 4433 1692 4485 τὸ
1734 4432 1823 4502 τῆς

1940 4449 2095 4512 partu
2129 4441 2487 4509 reliquorum.
2533 4440 2626 4494 Vel
2659 4438 2907 4494 fortassis
2937 4437 3076 4491 hanc
3105 4436 3155 4492 ei
3197 4449 3383 4490 vocem
3423 4449 3519 4488 ae-

237 4527 461 4597 λοχείας
491 4525 660 4590 πάθος
687 4526 748 4578 ού
774 4524 1124 4595 παρεδέξατο,
1156 4525 1252 4579 καὶ
1269 4526 1302 4594 ή
1326 4527 1390 4577 ὲκ
1410 4525 1619 4593 νεκρῶν
1645 4524 1838 4592 παλιγ-

236 4619 520 4686 γεννεσία,
550 4619 642 4671 καὶ
659 4621 692 4689 ή
710 4619 807 4688 τῆς
824 4617 973 4680 θείας
991 4615 1194 4688 ταύτης
1216 4616 1445 4678 κτίσεως
1473 4615 1834 4687 πρωτοτοκία,

238 4711 364 4764 ἀλλ’
386 4711 446 4762 ὲν
479 4711 613 4764 πᾶσι
639 4710 848 4772 τούτοις
882 4709 1171 4780 καθαρεύει
1210 4709 1308 4779 τῆς
1340 4707 1556 4778 λοχείας
1588 4709 1616 4761 ὁ
1652 4708 1829 4770 τόκος.

238 4803 347 4855 Διά
374 4802 535 4856 τοῦτό
573 4819 756 4874 φησιν,
800 4800 1342 4872 Ἐκλελοχισμένος
1368 4799 1488 4854 ἀπὸ
1505 4799 1830 4870 μυριάδων.

1944 4528 2310 4586 commodavit
2359 4541 2585 4596 sponsa,
2622 4534 2845 4596 propter
2880 4535 3107 4581 caeteras
3145 4523 3518 4595 generationis

1945 4619 2118 4690 ipsius
2149 4617 2381 4693 species,
2413 4633 2537 4686 qua:
2568 4624 2622 4670 et
2679 4618 2810 4687 ipsae
2846 4616 3204 4686 parturiginis
3234 4629 3342 4669 non
3391 4620 3520 4670 sunt

1939 4717 2212 4781 expertes.
2264 4707 2375 4763 Nec
2407 4708 2660 4779 ignorare
2695 4716 2878 4779 potes,
2933 4707 3146 4785 quoties
3181 4706 3252 4760 sit
3295 4706 3512 4776 genitus

1941 4802 1988 4857 is
2044 4801 2137 4872 qui
2172 4799 2341 4855 totius
2380 4801 2583 4870 Opificii
2631 4799 2985 4870 primigenius
3019 4807 3124 4863 cst,
3157 4796 3517 4868 primigenius

241 4896 391 4948 inter
420 4895 622 4949 multos
668 4893 893 4958 fratres,
965 4894 1323 4965 primigenius
1367 4907 1433 4946 ex
1506 4892 1762 4956 mortuis,
1807 4891 1902 4962 qui
1940 4893 2150 4963 primus
2185 4891 2378 4946 mortis
2409 4891 2773 4961 parturigines
2818 4889 3018 4954 solvit,
3073 4903 3137 4944 ac
3190 4903 3286 4957 per
3332 4901 3520 4942 resur-

240 4983 554 5038 rectionem
582 4997 736 5038 suam
760 4983 1038 5038 universis
1062 4983 1206 5052 viam
1241 4981 1307 5036 ad
1370 4989 1585 5052 partum
1653 4997 1717 5036 ex
1781 4983 2011 5037 mortuis
2079 4980 2312 5052 aperuit.
2347 4979 2480 5033 Nam
2517 4980 2570 5034 in
2603 4980 2688 5036 his
2722 4980 2976 5036 omnibus
3010 4988 3172 5035 natus
3199 4991 3302 5044 eSt,
3339 4990 3515 5047 neque

243 5086 437 5130 tamen
471 5091 569 5145 per
595 5075 990 5146 parturigincm
1019 5074 1223 5132 editus.
1268 5073 1404 5129 Nam
1442 5073 1704 5128 nativitas
1742 5089 1838 5144 per
1911 5088 2107 5145 aquam
2176 5071 2531 5144 parturiginis
2552 5071 2797 5128 dolorem
2837 5087 2948 5127 non
2974 5072 3212 5135 admisit,
3249 5085 3350 5125 nec
3390 5070 3518 5124 item

243 5186 315 5223 ετ
363 5168 596 5221 mortuis
640 5167 1016 5236 regeneratio,
1069 5181 1169 5222 nec
1210 5166 1381 5222 divini
1433 5167 1580 5222 illius
1610 5166 1814 5237 Opiﬁcii
1851 5165 2309 5238 prim0genitura,
2366 5164 2480 5220 set?
2504 5165 2559 5218 in
2630 5166 2884 5222 omnibus
2939 5164 3092 5220 hisce
3175 5171 3365 5234 partus
3416 5175 3513 5216 cx-

247 5277 382 5335 ;ers
405 5260 614 5315 doloris
645 5258 765 5312 fuit.
799 5258 924 5312 "me
943 5274 1110 5314 causa
1139 5266 1243 5323 est,
1268 5259 1622 5332 quamobrem
1644 5260 1790 5316 dicat
1815 5278 1830 5316 :
1873 5257 2087 5314 Electus
2111 5275 2176 5313 ex
2201 5259 2375 5313 decem
2415 5259 2671 5314 millibus.

329 5347 456 5406 Οἷον
481 5352 539 5404 δὲ
566 5350 734 5404 αὑτοῦ
763 5351 823 5406 τὸ
841 5350 1034 5415 κάλλος
1051 5352 1109 5404 ἐν
1134 5354 1244 5416 τοῖς
1258 5353 1379 5407 καθ’
1399 5353 1627 5408 ἕκαστον
1654 5353 1838 5423 μέλεσι

249 5445 546 5514 διηγεῖται.
571 5442 761 5514 καιρδς
781 5441 837 5495 δὲ
870 5441 936 5495 ἂν
959 5443 1042 5514 εἴη
1075 5444 1404 5516 κατανοῆσαι
1428 5444 1516 5499 διὰ
1546 5445 1652 5499 τῶν
1687 5445 1837 5518 εἰρη-

259 5535 464 5606 μένων.
516 5533 759 5600 Κεραλὶι
806 5532 1012 5594 αὐτοῦ,
1063 5536 1320 5602 χρυσίον
1386 5537 1604 5606 Κεφίὶζ.
1654 5537 1718 5589 'il
1778 5536 1834 5589 δὲ

338 5720 358 5748 ⁷
388 5716 494 5773 lsa.
526 5719 750 5782 uviﬂ.
827 5719 845 5744 "
871 5717 1009 5774 Luc.
1049 5737 1083 5784 ι,
1113 5717 1199 5770 9.8.

2019 5351 2287 5408 Caeterum
2321 5359 2536 5423 tempus
2555 5351 2666 5421 jam
2691 5349 2852 5404 fuerit
2891 5357 2950 5402 ut
3003 5351 3168 5404 etiam
3199 5345 3513 5402 considere-

1944 5459 2067 5498 mus
2096 5458 2160 5498 ex
2189 5444 2461 5515 prmlectis
2489 5441 2671 5498 verbis
2701 5441 2879 5510 qualis
2916 5440 3062 5494 illius
3107 5435 3376 5506 elegantia
3401 5434 3516 5490 sin-

1943 5537 2083 5608 gulis
2115 5536 2169 5591 in
2213 5535 2472 5591 membris
2534 5538 3008 5588 commemoretur.
3065 5530 3233 5598 Caput
3264 5529 3398 5596 ejus,
3429 5526 3515 5580 iu-
