3948 6192
489 292 510 346 1
522 289 624 346 055

1734 285 1793 342 S.
1833 281 2165 342 GREGORH
2201 280 2499 340 NYSSENI

3558 296 3669 356 l056

487 413 632 479 quit,
679 425 872 463 aurum
923 409 1152 480 Cephaz.
1207 409 1320 464 Vox
1373 416 1552 464 autem
1589 407 1680 462 illa
1716 407 1985 463 Hebraica
2021 405 2100 466 si.

2203 405 2447 478 Εϐραῖκὴ
2475 404 2639 472 λέξις,
2668 407 2715 460 εἰ
2741 407 2875 478 πρὸς
2925 407 3023 478 τὴν
3052 407 3316 479 ἡμετέραν
3363 413 3671 489 μεταληφθιῑη

493 510 737 555 nostram
779 503 830 555 in
863 501 1104 572 linguam
1149 501 1532 566 transferatur,
1564 517 1758 556 aurum
1790 517 1987 571 purum
2017 510 2071 557 et

492 591 758 645 intactum
801 593 1094 663 signiﬁcat,
1136 593 1393 664 quodque
1424 593 1574 648 omni
1615 593 1847 649 mistura
1897 605 2070 650 caret.

493 683 672 751 Atque
709 683 851 738 hanc
885 699 1070 738 vocem
1101 700 1210 739 non
1244 700 1570 741 conversam
1617 685 1750 739 mihi
1786 683 2074 754 reliquisse

496 784 782 845 propterea
811 776 1083 840 videntur,
1125 778 1217 847 qui
1249 777 1363 831 haec
1400 777 1470 831 de
1511 775 1753 830 Hebraeis
1782 775 1969 830 Graaca
1996 773 2075 830 fe-

502 875 714 930 cerunt,
750 869 893 938 quod
927 884 1034 923 non
1066 871 1370 939 reperirent
1395 872 1446 924 in
1483 870 1670 939 lingua
1703 869 1891 924 Graeca
1916 884 2079 924 voca-

497 959 688 1014 bulum
762 962 933 1014 ullum
1001 976 1110 1030 quo
1174 962 1452 1031 emphasis
1521 961 1776 1016 Hebraici
1835 961 2074 1016 nominis

498 1051 777 1106 enuntiari
803 1060 1007 1120 posset.
1042 1051 1153 1107 Nos
1174 1061 1376 1116 autem,
1403 1053 1624 1122 cognito
1674 1068 1861 1108 vocem
1892 1051 2080 1121 hujus-

500 1144 649 1197 modi
678 1144 990 1213 signiﬁcare
1019 1143 1279 1213 quiddam
1307 1146 1521 1199 sincere
1561 1160 1778 1215 purum,
1825 1145 2080 1214 quodque

501 1233 708 1285 nullam
741 1235 976 1288 sordidae
1014 1235 1260 1289 materiei
1306 1236 1590 1289 misturam
1639 1235 1935 1300 admittat,
1975 1236 2081 1291 hoc

503 1331 565 1378 ut
596 1325 665 1379 de
685 1326 829 1385 dicto
857 1327 1140 1395 proposito
1173 1333 1501 1391 statuamus,
1536 1327 1881 1394 adducimur,
1919 1327 2082 1382 nimi-

503 1432 626 1470 rum
667 1419 918 1487 corporis
952 1417 1212 1472 Ecclesiae
1245 1427 1410 1489 caput
1430 1435 1554 1476 esse
1579 1421 1880 1476 Christum.
1921 1420 2083 1475 Chri-

506 1515 650 1562 stum
701 1523 832 1563 vero
879 1525 1028 1564 nunc
1073 1510 1400 1575 didicimus,
1449 1527 1560 1566 non
1609 1512 1713 1567 hoc
1768 1527 1966 1567 nomen
2013 1511 2083 1567 ad

486 1599 864 1654 mternitatem
889 1599 1129 1657 'deitatis
1163 1603 1539 1668 extendentes,
1569 1603 1664 1658 sed
1699 1606 1766 1657 ad
1807 1604 2083 1660 hominem

507 1694 759 1749 deitatem
795 1695 850 1748 in
873 1710 932 1750 se
957 1697 1328 1766 recipientem,
1355 1696 1450 1766 qui
1493 1705 1824 1766 conspectus
1858 1698 1908 1751 in
1943 1704 2085 1752 terra

507 1794 610 1847 est,
655 1793 709 1839 et
749 1799 873 1838 cum
921 1761 1238 1840 hominibus
1287 1761 1560 1850 versatus,
1617 1761 1790 1854 ipsius
1837 1783 2089 1839 videlicet
2117 1761 2162 1816 Β

508 1874 844 1942 virginitatis
882 1891 1125 1944 germen,
1161 1877 1219 1931 in
1254 1891 1364 1946 quo
1398 1876 1665 1931 habitavit
1693 1875 1874 1931 omnis
1917 1876 2090 1946 pleni-

509 1967 646 2022 tudo
673 1969 894 2024 deitatis
930 1971 1308 2040 corporaliter,
1350 1971 1498 2040 ipsas
1538 1970 1808 2038 primitias
1845 1983 2092 2022 commu-

511 2062 597 2115 nis
642 2077 856 2120 massac.
906 2078 1004 2131 per
1041 2079 1204 2132 quam
1253 2061 1488 2116 Verbum
1538 2070 1793 2115 naturam
1842 2069 2090 2116 nostram

513 2153 713 2218 induit,
743 2154 1011 2208 redditam
1058 2155 1486 2220 immaculatam,
1518 2162 1571 2210 et
1600 2154 1670 2208 ab
1712 2153 1968 2208 omnibus
1995 2153 2092 2208 ad-

514 2241 849 2296 haerentibus
892 2243 938 2296 ei
992 2243 1317 2298 naturaliter
1367 2243 1517 2298 vitiis
1568 2250 1944 2313 expurgatam.
2001 2241 2094 2297 Sio

514 2331 660 2386 enim
726 2332 990 2400 propheta
1030 2333 1120 2387 .de
1155 2333 1272 2402 ipso
1336 2333 1578 2402 loquitur
1614 2350 1626 2386 :
1667 2331 1954 2387 Peccatum
1989 2351 2094 2390 non

519 2424 682 2493 fecit,
754 2441 916 2494 neque
970 2426 1176 2479 inventa
1247 2435 1324 2479 est
1384 2425 1540 2480 dolus
1596 2427 1653 2479 in
1711 2442 1800 2480 ore
1861 2427 2090 2494 ipsius’,

515 2517 602 2584 qui
623 2524 853 2570 tentatus
883 2525 958 2570 est
1001 2531 1092 2585 per
1129 2519 1307 2570 omnia
1351 2518 1419 2570 ad
1457 2517 1864 2573 similitudinem
1889 2528 2097 2574 natura:

517 2616 712 2660 nostra:
765 2607 960 2678 absque
1020 2617 1232 2677 peccato
1267 2609 1330 2661 ιθ.
1376 2609 1634 2678 Corporis
1695 2609 1860 2679 igitur
1908 2609 2098 2666 Eccle-

517 2698 617 2753 sia:
665 2712 846 2769 caput,
893 2710 944 2754 et
992 2702 1162 2754 totius
1211 2711 1420 2756 natura:
1451 2701 1726 2770 primitiae,
1777 2717 1970 2756 aurum
2013 2709 2097 2757 est

519 2805 716 2858 purum
767 2799 822 2846 et
874 2793 1107 2847 alienum
1155 2794 1222 2848 ab
1271 2796 1420 2848 omni
1471 2795 1786 2851 vitiositatis
1847 2797 2095 2850 mistura.

515 2879 770 2936 Cincinni
801 2899 951 2947 vero,
990 2885 1314 2941 teuebricosi
1349 2885 1642 2956 aliquando
1682 2895 1734 2942 et
1775 2889 1938 2959 nigri,
1980 2903 2102 2958 spe-

418 3043 422 3046 .
519 2971 716 3042 cieque
755 2989 852 3028 sua
884 2975 1063 3029 corvis
1091 2975 1428 3040 consimiles,
1460 2976 1591 3040 illis,
1621 2976 1868 3046 inquam,
1892 2979 2099 3043 corvis,

2172 495 2374 565 φωνὴν,
2405 495 2468 548 τὸ
2491 496 2732 567 καθαρόν
2758 513 2819 550 τε
2841 497 2936 549 καὶ
2965 497 3264 563 ἀνόθευτον,
3296 500 3383 552 καὶ
3407 500 3558 573 πάσης
3579 505 3673 557 ἑπι-

2177 587 2362 658 μιξῖας
2404 587 2690 658 ἀλλότερον
2746 589 2969 659 χρυσίον
3016 588 3101 643 διὰ
3143 589 3242 659 τῆς
3300 592 3466 663 φωνῆς
3511 594 3673 667 ταύτης

2173 680 2466 734 δείκνυται.
2535 682 2960 753 Ἀνερμήνευτον
3005 681 3061 735 δέ
3103 700 3192 754 μοι
3227 686 3393 737 δοκεῖν
3423 686 3675 740 καταλελοι-

2175 771 2334 826 πέναι
2359 771 2457 844 τὴν
2476 772 2571 826 τοῦ
2593 772 2787 842 Κεφὰζ
2809 773 2973 840 λέξιν,
2992 776 3038 826 οἱ
3059 774 3154 838 τὰς
3167 774 3344 843 φωνὰς
3357 775 3455 828 τῶν
3467 776 3676 847 Ἐϐραίων

2175 861 2632 934 ὲξελληνίσαντες,
2656 863 2744 917 διά
2764 864 2826 917 τὸ
2854 865 2928 936 μὴ
2967 865 3146 937 εὑρεῖν
3185 867 3240 918 ὲν
3267 869 3373 930 τοῖς
3412 866 3679 937 Ἑλληνικοῖς

2179 957 2384 1027 ῥήμασι
2424 957 2692 1028 μηδεμίαν
2711 958 2894 1027 φωνὴν
2924 955 3308 1026 ὲξαγγελτικὴν
3331 958 3422 1026 τῆς
3450 959 3680 1027 ἐμφάσεως

2178 1047 2280 1116 τῆς
2306 1047 2570 1119 ένθεωρου
2580 1048 2747 1118 μένης
2767 1051 2832 1117 τῇ
2869 1048 3108 1118 Ἐϐραΐδι
3131 1050 3300 1118 φωνῇ.
3318 1048 3492 1117 Ἡμεῖς
3507 1048 3554 1100 δὲ
3567 1049 3684 1102 τοῦτο

2185 1136 2465 1208 μαθόντες,
2528 1138 2609 1190 ὅτι
2659 1137 2719 1190 τὸ
2772 1137 3077 1208 εἰλικρινῶς
3131 1137 3382 1207 καθαρὸν,
3425 1138 3510 1190 καὶ
3548 1139 3684 1209 πάσης

2182 1229 2314 1300 ὕλης
2345 1230 2594 1300 ῥυπαρᾶς
2619 1229 2818 1300 ἀμιγές
2839 1245 2898 1281 τε
2933 1230 3024 1282 καὶ
3062 1228 3428 1298 ἀωράόεκτον
3459 1231 3488 1300 ἡ
3513 1229 3687 1299 τοιαύτη

2182 1323 2326 1388 λέξις
2351 1324 2686 1379 ἐνδείκνυται
2705 1342 2719 1356 ο
2746 1323 2918 1380 ταῦτα
2945 1325 3073 1395 περὶ
3094 1324 3189 1376 τοῦ
3219 1323 3548 1394 προκειμένου
3565 1322 3688 1393 ῥητοῦ

2184 1417 2322 1468 νοεῖν
2359 1414 2680 1485 ὲναγόμεθα,
2725 1417 2808 1468 ὅτι
2855 1415 3066 1484 κεφαλὴ
3089 1412 3184 1467 τοῦ
3229 1412 3464 1483 σώματος
3481 1413 3566 1482 τῆς
3599 1409 3692 1463 Ἑκ-

2185 1505 2414 1577 κλησξας
2445 1507 2592 1560 ἐστὶν
2620 1509 2648 1560 6
2677 1507 2930 1579 Χριστός.
2960 1506 3196 1578 Χριστὸν
3227 1505 3284 1558 δὲ
3313 1503 3402 1559 νῦν
3427 1503 3621 1581 λέγομεν
3649 1503 3692 1554 οὗ

2186 1599 2324 1670 πρὸς
2353 1599 2413 1651 τὸ
2437 1599 2605 1652 ἀΐδιον
2643 1599 2741 1667 τῆς
2787 1597 3038 1668 θεότητος
3075 1596 3479 1666 ἀναπέμποντες
3504 1593 3632 1646 τοῦτο
3653 1593 3695 1647 τὸ

2188 1693 2384 1763 δνομα,
2422 1692 2557 1746 ἀλλὰ
2609 1692 2746 1763 πρὸς
2784 1691 2876 1745 τὸν
2923 1689 3173 1761 θεοδόχον
3215 1689 3502 1760 ἄνθρωπον,
3538 1688 3611 1740 τὸν
3630 1687 3696 1740 ἐπὶ

2191 1789 2294 1858 γῆς
2325 1785 2575 1854 ὀφθέντα,
2633 1785 2862 1848 καὶτοῖς
2897 1782 3208 1854 ἀνθρώποις
3235 1777 3696 1852 συναναστραφέντα,

2189 1878 2280 1931 τὸν
2312 1877 2410 1947 τῆς
2461 1875 2758 1948 παρθενίας
2808 1875 3054 1946 βλαστὸν,
3088 1875 3152 1927 ὲν
3185 1866 3230 1942 ᾧ
3258 1872 3524 1944 κατῴκησε
3553 1873 3638 1923 πᾶν
3657 1871 3700 1922 τό

2191 1969 2466 2038 πλήρωμα
2514 1968 2609 2038 τῆς
2669 1967 2919 2037 θεότητος
2959 1965 3322 2037 σωματικῶς,
3373 1964 3464 2034 τὴν
3507 1960 3699 2032 ἀπαρχὴν

2190 2061 2285 2114 τοῦ
2309 2060 2486 2114 κοινοῦ
2508 2061 2846 2133 φυράματος,
2881 2059 2946 2111 δι’
2981 2054 3041 2113 οὗ
3063 2061 3091 2112 6
3119 2060 3293 2128 Λόγος
3308 2057 3399 2127 τὴν
3429 2055 3570 2123 φύσιν
3589 2053 3702 2124 ἡμῶν

2194 2169 2261 2205 πε
2272 2151 2566 2223 ριε6άλετο,
2593 2152 2825 2221 ποιήσας
2867 2149 3035 2220 αὐτὴν
3067 2149 3370 2219 ἀκήρατον,
3409 2145 3598 2198 πάντων
3625 2143 3704 2196 τῶν

2195 2243 2630 2314 συμπεφυκότων
2653 2244 2788 2313 αὐτῇ
2807 2241 3152 2313 παθημάτων
3171 2234 3706 2308 ὲκκαθαρθεῖσαν.οὖτω

2206 2337 2315 2408 γάρ
2332 2354 2464 2408 φησι
2480 2353 2545 2389 πε
2557 2336 2609 2408 pl.
2637 2334 2802 2390 αὑτοῦ
2827 2337 2854 2388 ὁ
2885 2336 3199 2406 προφήτης,
3216 2334 3296 2386 ὅτι
3323 2331 3609 2400 Ἀμαρτίαν
3624 2330 3706 2382 οὐκ

2199 2427 2657 2495 ἐποίησεν,οὺδὲ
2686 2427 2896 2496 εὑρέθη
2921 2426 3101 2492 δόλος
3119 2426 3195 2478 ἐν
3213 2424 3291 2490 τῷ
3309 2420 3708 2493 στόματιιιῠτοῦ,

2196 2521 2302 2574 τοῦ
2322 2518 2759 2588 πεπειραμένον
2795 2517 2945 2571 κατὰ
2973 2517 3180 2571 πάντα
3200 2519 3325 2572 καθ’
3344 2516 3616 2586 ὁμοιότητα
3631 2511 3712 2582 τῆς

2198 2614 2438 2682 φύσεως
2458 2610 2643 2680 ἡμῶν,
2671 2610 2847 2678 χωρὶς
2883 2610 3203 2680 ἁμαρτίας.
3236 2610 3300 2663 Ἥ
3332 2610 3425 2680 μὲν
3445 2604 3526 2662 οὖν
3551 2607 3711 2676 κεφαλὴ

2198 2704 2291 2758 τοῦ
2335 2703 2584 2774 σώματος
2616 2703 2714 2773 τῆς
2754 2701 3098 2772 Ἐκκλησίας,
3151 2704 3186 2773 ἡ
3232 2701 3407 2770 πάσης
3444 2701 3531 2771 τῆς
3552 2698 3712 2768 φύσεως

2201 2796 2358 2868 ἡμῶν
2389 2794 2628 2866 ἀπαρχὴ,
2658 2794 2718 2847 τὸ
2738 2793 2976 2865 καθαρόν
3004 2811 3063 2846 τε
3088 2794 3196 2847 καλ⁸
3225 2793 3400 2864 πάσης
3431 2791 3601 2854 κακίας
3623 2791 3714 2858 ἀμι-

2201 2890 2297 2958 γές
2317 2906 2376 2941 τε
2399 2889 2492 2941 καὶ
2521 2887 2896 2956 άπαράδεκτον
2934 2885 3166 2958 χρυσίον
3201 2886 3344 2939 ἐστίν
3365 2902 3378 2915 ⁸
3410 2886 3455 2936 οῖ
3496 2883 3715 2953 βόστρυχοι

2202 2981 2259 3035 δὲ
2291 2982 2344 3034 οἵ
2376 2997 2508 3034 ποτε
2554 2978 2809 3048 ζοφώδεις
2861 2978 2953 3032 καὶ
2986 2977 3248 3048 μέλανες,
3281 2979 3374 3032 καὶ
3417 2978 3521 3039 τοῖς
3549 2973 3716 3042 κόραξιν

523 3067 617 3135 qui
637 3076 979 3136 occupantur
1005 3069 1059 3122 in
1088 3067 1214 3135 hoc,
1253 3075 1312 3122 ut
1343 3069 1533 3123 oculos
1563 3070 1862 3140 conligant,
1907 3087 2099 3142 quem-

2204 3069 2545 3141 όμοιούμενοι
2593 3068 2670 3138 τῷ
2728 3068 2880 3132 εἴδει,
2927 3068 3167 3131 ἐκείνοις
3212 3068 3354 3138 λέγω
3397 3069 3499 3128 τοῖς
3532 3061 3716 3134 κόραξιν,

523 3157 819 3212 admodum
849 3158 902 3212 in
935 3157 1233 3214 Proverbia
1257 3167 1362 3224 est,
1395 3175 1458 3215 ac
1490 3162 1655 3229 pullis
1699 3162 2007 3232 aquilarum
2047 3164 2102 3219 in

525 3247 706 3302 cibum
737 3258 930 3318 parent
958 3251 1102 3314 illos,
1126 3252 1181 3305 in
1222 3253 1422 3322 quibus
1453 3254 1712 3309 cernendi
1744 3270 1949 3327 organa
1982 3272 2106 3311 mu-

525 3337 764 3405 tilarint;
811 3339 866 3393 hi
912 3355 1043 3410 ergo
1095 3342 1337 3396 cincinni
1389 3343 1594 3400 abietes
1644 3344 1796 3410 facti,
1847 3347 2105 3402 nimirum

529 3429 794 3486 sublimes
821 3441 875 3487 et
904 3447 934 3486 ιι
981 3441 1125 3488 terra
1168 3437 1224 3490 in
1273 3437 1472 3494 coalum
1525 3437 1808 3494 tendentes
1859 3440 2105 3508 arbores,

529 3530 872 3579 venustatem
897 3527 1086 3595 sponsi
1114 3529 1436 3586 accessione
1458 3532 1694 3601 quadam
1724 3543 1940 3604 augent,
1965 3533 2109 3588 divi-

531 3629 663 3668 num
692 3615 839 3672 illius
862 3617 928 3671 ad
967 3627 1129 3690 caput
1164 3622 1354 3691 aptati.
1394 3621 1580 3694 Neque
1611 3639 1740 3679 vero
1771 3633 1926 3695 poles
1957 3627 2110 3696 igno-

535 3721 657 3762 rare
701 3709 976 3778 quodnam
1009 3711 1079 3765 sit
1105 3711 1298 3767 borum
1334 3714 1715 3770 cincinnorum
1744 3732 1962 3780 munus,
1986 3732 2109 3771 cum

466 3818 476 3826 -
535 3798 788 3867 superius
838 3815 904 3855 ex
956 3801 1089 3872 ipsis
1139 3805 1325 3872 sponsi
1387 3807 1570 3861 verbis
1638 3807 1689 3861 id
1751 3809 2107 3866 intellexeris.

534 3885 802 3955 Ciminui,
852 3893 946 3955 ait,
984 3893 1085 3946 mei
1133 3894 1312 3963 referti
1353 3906 1476 3950 sunt
1536 3899 1699 3968 guttis
1748 3917 1918 3970 aqum.
1969 3903 2115 3967 Qua-

534 3989 761 4050 pr0pter
806 3983 882 4037 illi
915 3993 1043 4039 sunt
1089 3994 1297 4056 guttam
1343 3997 1594 4044 rorantes
1641 3991 1914 4059 cincinni,
1956 3994 2045 4062 qui
2083 4009 2114 4048 a

537 4074 816 4144 prOphetis
866 4077 1038 4131 nubes
1084 4079 1464 4148 appellantur,
1513 4096 1543 4133 a
1597 4083 1794 4151 quibus
1852 4085 2116 4142 doctrina:

537 4164 715 4220 imber
749 4165 838 4222 ille
870 4168 1064 4233 oritur,
1097 4169 1189 4238 qui
1225 4184 1352 4222 arva
1390 4170 1686 4226 iuanimata
1719 4174 1858 4244 rigat
1885 4176 1950 4229 ad
1981 4178 2118 4249 agri-

539 4257 796 4314 cultionis
845 4258 1043 4314 divinae
1085 4261 1446 4317 fertilitatem.
1516 4263 1777 4334 Adeoque
1836 4265 2116 4335 apostolos

540 4347 629 4402 hic
658 4348 889 4420 ﬁgurate
935 4367 1032 4422 per
1077 4353 1365 4408 cincinnos
1409 4369 1438 4406 a
1476 4355 1642 4410 verbo
1689 4356 1876 4413 divino
1908 4360 2116 4429 signiti-

2205 3157 2286 3225 οἷς
2309 3162 2467 3231 ἔργον
2522 3161 2657 3225 ἐστὶ,
2697 3159 2758 3212 τὸ
2783 3159 2909 3222 τοὺς
2949 3158 3276 3231 ὀφθαλμοὺς
3317 3152 3719 3218 ὲκκόπτειν,κατᾶ

2205 3253 2297 3307 τὸν
2329 3251 2671 3324 παροιμιώδη
2723 3250 2898 3318 λόγον,
2940 3250 3035 3302 καὶ
3061 3253 3186 3314 τοῖς
3214 3252 3444 3312 νεοσσοῖς
3481 3247 3573 3300 τῶν
3594 3242 3720 3298 ἀετῶν

2211 3344 2405 3416 βρῶμα
2428 3343 2556 3404 τοὺς
2583 3342 2938 3414 πηρωθέντας
2975 3341 3084 3396 τῶν
3107 3340 3387 3413 ὧρατικῶν
3424 3334 3721 3409 αἰσθητηρίων

2210 3432 2670 3506 παρασκευάζειν,
2701 3426 2846 3487 οὗτοι
2877 3433 3062 3486 ἐλάται
3098 3433 3172 3486 τὰ
3212 3431 3388 3504 ὑψηλά
3422 3447 3477 3482 τε
3502 3429 3581 3482 καὶ
3602 3425 3723 3495 οὐρα-

2209 3516 2424 3600 νομήκη
2448 3527 2638 3600 δένδρα
2675 3527 2970 3598 γινόμενοι,
3013 3527 3100 3580 διὰ
3127 3527 3202 3580 ’τὸ
3237 3525 3547 3606 ἀναδραμεῖν
3573 3521 3626 3573 ἐκ
3651 3515 3724 3585 γῆς

2211 3622 2303 3674 ἐπὶ
2329 3607 2389 3673 τὸ
2417 3621 2666 3687 οὐράνιον
2689 3620 2840 3689 ὕψος,
2867 3618 3162 3690 προσθήκη
3185 3619 3278 3672 τοῦ
3301 3618 3516 3679 κάλλους
3544 3612 3725 3682 γίνονται

2213 3711 2306 3766 τοῦ
2339 3713 2592 3782 νυμφίου,
2612 3713 2708 3782 τῆς
2739 3711 2887 3774 θείας
2911 3710 3161 3781 κεφαλῆς
3183 3710 3347 3763 αὑτοῦ
3381 3708 3723 3779 ἐξαρτήσαντες.

2215 3805 2328 3858 Οὐκ
2353 3806 2538 3872 ἀγνοεῖ
2565 3804 2620 3856 δὲ
2662 3803 2877 3865 πάντως
2915 3818 2998 3866 τις
3034 3801 3086 3854 τί
3115 3801 3231 3854 τῶν
3265 3800 3554 3872 βοστρύχων
3574 3794 3728 3847 τούτων

2215 3899 2374 3970 ἔργον
2413 3896 2580 3960 ἐστὶν,
2607 3898 2662 3949 ἐν
2693 3897 2805 3959 τοῖς
2861 3895 2972 3950 άνω
3011 3893 3202 3966 μαθὼν
3235 3896 3361 3965 παρ’
3385 3892 3537 3961 αὐτῆς
3557 3889 3636 3957 τῆς
3658 3880 3727 3936 τοῦ

2215 3991 2450 4062 νυμφίου
2487 3989 2670 4058 φωνῆς
2693 4003 2707 4018 ο
2748 3988 2858 4052 ὅτι,
2903 3991 2965 4039 Οἱ
2987 3986 3330 4056 ,ϐόστρυχοί
3353 4002 3466 4054 μου
3488 3977 3730 4044 ἐπλήσθη·

2216 4098 2338 4137 σαν
2363 4079 2642 4151 eadem
2670 4079 2904 4144 ὕδατος.
2948 4079 3190 4132 Ἐκείνου
3235 4074 3330 4131 οὖν
3371 4079 3500 4129 εἰσιν
3527 4074 3569 4126 οἱ
3603 4065 3730 4139 ψεκά-

2219 4173 2400 4238 ζοντες
2437 4171 2743 4242 βόστρυχοι,
2783 4167 2936 4240 παρὰ
2979 4169 3087 4222 τῶν
3114 4169 3410 4239 προφητῶν
3432 4165 3620 4235 νεφέλαι
3644 4161 3728 4210 6W-

2223 4263 2534 4334 μαζὸμενοι,
2551 4262 2643 4331 ἀφ’
2670 4255 2744 4315 ὧν
2769 4261 2976 4330 γίνεται
3009 4261 3106 4330 τῆς
3135 4259 3481 4321 διδασκαλίας
3508 4260 3532 4310 ὁ
3557 4251 3730 4324 ὀμόροςν

2219 4361 2246 4412 ὁ
2265 4356 2363 4420 τὰς
2380 4354 2620 4425 ἀψύχους
2657 4353 2896 4426 ἀρούρας
2945 4355 3177 4418 ποτίζων
3214 4354 3352 4425 πρὸς
3377 4353 3468 4423 τὴν
3496 4341 3732 4418 εὖκαρπίαν

539 4440 653 4493 cari
685 4441 959 4508 existimo,
1005 4460 1240 4514 quorum
1277 4447 1526 4501 nonnulli
1573 4449 1726 4517 prius
1763 4450 1833 4504 ob
1866 4451 2100 4506 instituta

2221 4450 2329 4505 τῶν
2352 4447 2446 4502 τοῦ
2475 4445 2609 4500 Θεοῦ
2637 4447 2942 4518 γεωργίων.
2987 4446 3345 4508 ’Δποστόλους
3359 4445 3413 4497 δὲ
3427 4438 3565 4513 οἶμαι
3588 4449 3728 4508 τροπι-

539 4532 661 4586 νίιαι
689 4548 803 4588 sua:
840 4535 1124 4606 caliginosi
1155 4545 1329 4602 erant,
1373 4538 1519 4593 verbi
1565 4540 1761 4609 gratia,
1812 4542 1970 4610 latro,
2017 4560 2118 4614 pu-

540 4623 789 4682 blicanus
830 4626 941 4706 ille,
972 4635 1026 4681 et
1061 4628 1198 4682 alter
1236 4640 1575 4698 persecutor,
1612 4639 1665 4685 et
1715 4634 1761 4687 si
1807 4635 1932 4704 quis
1982 4651 2118 4706 pra:-

543 4728 689 4772 terea
735 4718 835 4773 fuit
881 4703 1183 4776 consimilis
1234 4723 1413 4794 nigro,
1464 4725 1778 4789 carnivoro,
1828 4729 2116 4783 oculorum

540 4812 852 4879 corruptori
898 4828 1084 4869 corvo.
1138 4813 1241 4870 Per
1283 4816 1430 4870 hunc
1474 4824 1655 4870 autem
1693 4818 1936 4890 intelligo
1971 4822 2118 4892 prin-

538 4901 715 4970 cipem
747 4905 1034 4971 potestatis
1076 4908 1509 4972 tenebrarum“,
1551 4909 2011 4979 quemadmodum
2046 4913 2119 4968 lo-

540 4993 728 5062 quitur
758 4993 803 5048 is
835 4995 927 5063 qui
961 5010 1025 5049 ex
1079 5010 1246 5052 corvo
1275 4997 1454 5054 factus
1482 5000 1655 5069 abies,
1689 5011 1974 5072 propterea
1999 5005 2118 5058 cin-

540 5084 737 5139 ciunus
792 5085 960 5139 divini
1009 5089 1202 5157 capitis
1246 5088 1416 5143 audit.
1482 5091 1621 5178 cum
1673 5094 1817 5148 enim
1859 5095 2013 5165 prius
2063 5103 2120 5152 et

541 5175 897 5246 blasphemus
931 5186 1100 5242 esset,
1132 5187 1186 5234 et
1230 5171 1569 5248 persecutor,
1598 5191 1651 5237 et
1681 5171 1952 5241 violenter
1983 5188 2119 5258 inju-

541 5267 744 5336 rius",
779 5284 942 5339 quam
979 5271 1191 5326 scilicet
1222 5270 1317 5326 diu
1344 5286 1544 5328 corvus
1566 5283 1705 5341 erat,
1739 5276 1803 5332 ad
1838 5277 1978 5332 hanc
2007 5295 2123 5350 gra-

541 5364 675 5416 tiam
721 5361 1147 5419 transl‘ormatus
1197 5374 1313 5433 est,
1366 5373 1426 5420 ut
1475 5366 1654 5424 factus
1706 5369 2021 5436 cincinnus,
2068 5381 2123 5428 et

545 5456 753 5511 emlesti
798 5471 920 5511 rore
967 5456 1244 5526 perfusus,
1300 5459 1559 5516 universo
1607 5460 1865 5517 Ecclesiae
1903 5467 2126 5535 corpori,

549 5557 870 5602 arcanorum
902 5545 1372 5618 obscurorumque
1396 5550 1783 5620 mysteriorum
1812 5567 2121 5610 sermonem

632 5718 774 5780 ’lsa.
809 5736 925 5792 Lm,
948 5724 980 5782 9
1010 5741 1024 5794 ;
1071 5724 1090 5780 Ι
1120 5727 1266 5784 Pctr.
1303 5743 1360 5796 ll,
1391 5727 1478 5784 2:2.
1547 5729 1586 5761 ιο
1621 5727 1785 5786 licbr.
1814 5746 1886 5801 iv,
1932 5734 2016 5790 15.
2096 5737 2100 5766 ²

2203 5734 2346 5804 Ipltes
2395 5751 2456 5802 11,
2490 5735 2543 5788 ‘2.

2223 4541 2334 4605 κῶς
2367 4541 2492 4603 τοὺς
2527 4538 2855 4613 βοστρύχους
2903 4538 3007 4590 ὑπὸ
3040 4536 3132 4591 τοῦ
3173 4537 3313 4590 Θεοῦ
3352 4537 3502 4605 λόγου
3536 4525 3733 4600 σημαίνε-

2224 4631 2345 4684 σθαι
2375 4625 2450 4684 ὦν
2484 4647 2629 4693 τινες
2664 4625 2803 4700 ἦσαν
2830 4627 3092 4699 πρότερον
3124 4626 3388 4697 ζοφώδεις
3419 4627 3521 4686 τοῖς
3552 4617 3627 4672 τοῦ
3648 4614 3730 4685 βίου

2222 4723 2668 4795 ἐπιτηδεύμασιν,
2705 4725 2734 4776 6
2763 4721 2986 4792 λῃστὴς,
3031 4723 3059 4773 ὁ
3084 4719 3346 4790 τελώνης,
3377 4721 3406 4773 ό
3431 4715 3646 4781 διώκτης,
3667 4703 3732 4758 κεί

2223 4817 2276 4870 εἴ
2298 4833 2381 4879 τις
2411 4815 2567 4879 ἄλλος
2588 4813 2827 4876 τοιοῦτος
2857 4811 2997 4866 κατὰ
3023 4811 3116 4865 τὸν
3151 4812 3363 4883 μέλανά
3396 4827 3453 4863 τε
3480 4807 3563 4862 καὶ
3588 4812 3730 4869 σαρκο-

2225 4909 2383 4981 ϐόρον
2409 4909 2516 4963 τῶν
2583 4905 2877 4978 ὀφθαλμῶν
2917 4906 3273 4975 ἀφανιστικὸν
3302 4905 3523 4976 κόρακα.
3547 4897 3671 4964 Λέγω
3691 4886 3729 4940 δὲ

2224 4995 2316 5055 τὸν
2342 5001 2578 5073 ἄρχοντα
2601 4999 2696 5053 τοῦ
2739 4999 2958 5062 σκότους
2991 4999 3090 5069 τῆς
3124 4997 3397 5064 ἐξουσίας,
3431 4991 3592 5050 καθώς
3614 4994 3730 5073 (in?

2225 5095 2254 5146 6
2309 5069 2699 5162 άπδνκόρακος
2731 5091 2893 5162 ἐλάτη
2922 5091 3232 5161 γενόμενος,
3267 5089 3361 5142 καὶ
3402 5085 3485 5140 διὰ
3514 5079 3642 5136 τοῦτο
3669 5069 3730 5142 βά·

2233 5200 2460 5255 στρυχος
2488 5183 2586 5253 τῆς
2621 5181 2772 5244 θείας
2800 5181 3038 5252 κεφαλῆς
3062 5180 3424 5253 χρηματίσας·
3453 5178 3560 5266 Ὅτι
3584 5165 3728 5266 ξπ

2235 5293 2323 5347 ρον
2347 5274 2420 5328 ὢν
2453 5273 2768 5344 βλάσφημος
2801 5271 2895 5324 καὶ
2913 5270 3144 5341 διώκτης
3175 5272 3273 5323 καὶ
3305 5264 3563 5340 ὑϐριστὴς,
3584 5259 3662 5317 ἕως
3680 5259 3726 5318 ἣν

2231 5360 2419 5437 κόραξ,
2452 5363 2586 5435 πρὸς
2605 5363 2701 5433 τὴν
2720 5363 2878 5434 χάριν
2905 5360 3106 5431 ταύτην
3125 5356 3540 5430 μετεσκευάσθη,
3563 5348 3727 5437 βόστρνς

2230 5428 2323 5530 χος
2351 5428 2640 5526 γενόμενος
2659 5428 2752 5526 ὴ
2785 5428 3010 5526 όύρανίᾳ
3049 5428 3224 5525 δρόσῳ
3254 5449 3542 5520 διάϐροχος,
3562 5442 3586 5493 ὁ
3610 5428 3726 5530 πανςλ

2229 5520 2315 5622 ξῷ-
2338 5520 2548 5620 σνώμέτι
2572 5548 2671 5619 τῆς
2687 5520 3011 5616 ’ἐκκλησίας
3033 5520 3124 5600 τόν
3140 5520 3250 5598 τῶν
3273 5539 3580 5612 άποκρύφων
3599 5545 3640 5584 τε
3662 5520 3726 5577 καὶ

2651 5735 2690 5766 ¹²
2722 5731 2741 5788 l
2775 5731 3011 5789 Tiinoth.
3050 5725 3196 5798 1,15.
