  <div class='ocr_page' id='page_1' title='image "/cluster/home/n/w/nwhite01/storage/ocr_20150623/44/hvd.32044052767431/546.png"; bbox 0 0 3948 6192; ppageno 0'>
   <div class='ocr_carea' id='block_1_1' title="bbox 1533 143 1570 166">
    <p class='ocr_par' dir='ltr' id='par_1_1' title="bbox 1533 143 1570 166">
     <span class='ocr_line' id='line_1_1' title="bbox 1533 143 1570 166; baseline 0 0"><span class='ocrx_word' id='word_1_1' title='bbox 1533 143 1570 166; x_wconf 70' lang='grc' dir='ltr'><strong>σο</strong></span> 
     </span>
    </p>
   </div>
   <div class='ocr_carea' id='block_1_2' title="bbox 203 271 371 333">
    <p class='ocr_par' dir='ltr' id='par_1_2' title="bbox 203 271 371 333">
     <span class='ocr_line' id='line_1_2' title="bbox 203 271 371 333; baseline -0.012 -5"><span class='ocrx_word' id='word_1_2' title='bbox 203 271 371 333; x_wconf 62' lang='grc'><strong>»1057</strong></span> 
     </span>
    </p>
   </div>
   <div class='ocr_carea' id='block_1_3' title="bbox 1215 258 2423 322">
    <p class='ocr_par' dir='ltr' id='par_1_3' title="bbox 1215 258 2423 322">
     <span class='ocr_line' id='line_1_3' title="bbox 1215 258 2423 322; baseline -0.003 -2"><span class='ocrx_word' id='word_1_3' title='bbox 1215 264 1283 320; x_wconf 75' lang='grc' dir='ltr'><strong>ΙΝ</strong></span> <span class='ocrx_word' id='word_1_4' title='bbox 1313 263 1616 322; x_wconf 80' lang='lat' dir='ltr'><strong>CANTICA</strong></span> <span class='ocrx_word' id='word_1_5' title='bbox 1654 258 1925 321; x_wconf 82' lang='lat' dir='ltr'><strong>CANTIC.</strong></span> <span class='ocrx_word' id='word_1_6' title='bbox 1969 259 2249 318; x_wconf 76' lang='lat' dir='ltr'><strong>HOMILIA</strong></span> <span class='ocrx_word' id='word_1_7' title='bbox 2281 263 2423 319; x_wconf 77' lang='lat' dir='ltr'>XIII.</span> 
     </span>
    </p>
   </div>
   <div class='ocr_carea' id='block_1_4' title="bbox 3343 244 3478 321">
    <p class='ocr_par' dir='ltr' id='par_1_4' title="bbox 3343 244 3478 321">
     <span class='ocr_line' id='line_1_4' title="bbox 3343 244 3478 321; baseline 0.015 -2"><span class='ocrx_word' id='word_1_8' title='bbox 3343 244 3478 321; x_wconf 72' lang='lat' dir='ltr'><strong>I038</strong></span> 
     </span>
    </p>
   </div>
   <div class='ocr_carea' id='block_1_5' title="bbox 227 382 1826 458">
    <p class='ocr_par' dir='ltr' id='par_1_5' title="bbox 227 385 1811 458">
     <span class='ocr_line' id='line_1_5' title="bbox 227 385 1811 458; baseline -0.003 -16"><span class='ocrx_word' id='word_1_9' title='bbox 227 385 520 443; x_wconf 75' lang='grc' dir='ltr'><strong>σκοτεινῶν</strong></span> <span class='ocrx_word' id='word_1_10' title='bbox 584 385 900 458; x_wconf 76' lang='grc' dir='ltr'><strong>μυστηρίων</strong></span> <span class='ocrx_word' id='word_1_11' title='bbox 949 385 1104 456; x_wconf 82' lang='grc' dir='ltr'><strong>λόγον</strong></span> <span class='ocrx_word' id='word_1_12' title='bbox 1149 387 1517 456; x_wconf 72' lang='grc' dir='ltr'><strong>ἐπιψεκάζων.</strong></span> <span class='ocrx_word' id='word_1_13' title='bbox 1578 385 1811 448; x_wconf 81' lang='grc' dir='ltr'><strong>Τούτους</strong></span> 
     </span>
    </p>
   </div>
   <div class='ocr_carea' id='block_1_6' title="bbox 1929 382 3482 458">
    <p class='ocr_par' dir='ltr' id='par_1_6' title="bbox 1929 382 3482 454">
     <span class='ocr_line' id='line_1_6' title="bbox 1929 382 3482 454; baseline 0.001 -16"><span class='ocrx_word' id='word_1_14' title='bbox 1929 385 2135 439; x_wconf 76' lang='lat' dir='ltr'><strong>&#39;oratim</strong></span> <span class='ocrx_word' id='word_1_15' title='bbox 2172 385 2488 440; x_wconf 88' lang='lat' dir='ltr'><strong>instillaret.</strong></span> <span class='ocrx_word' id='word_1_16' title='bbox 2543 384 2648 440; x_wconf 90' lang='lat' dir='ltr'><strong>llos</strong></span> <span class='ocrx_word' id='word_1_17' title='bbox 2701 383 2868 454; x_wconf 82' lang='lat' dir='ltr'><strong>igitur</strong></span> <span class='ocrx_word' id='word_1_18' title='bbox 2915 382 3178 454; x_wconf 87' lang='lat' dir='ltr'><strong>appellari</strong></span> <span class='ocrx_word' id='word_1_19' title='bbox 3214 397 3245 438; x_wconf 90' lang='lat' dir='ltr'><strong>a</strong></span> <span class='ocrx_word' id='word_1_20' title='bbox 3277 399 3482 454; x_wconf 85' lang='lat' dir='ltr'><strong>sponsa</strong></span> 
     </span>
    </p>
   </div>
   <div class='ocr_carea' id='block_1_7' title="bbox 229 476 1810 550">
    <p class='ocr_par' dir='ltr' id='par_1_7' title="bbox 229 476 1810 550">
     <span class='ocr_line' id='line_1_7' title="bbox 229 476 1810 550; baseline -0.001 -18"><span class='ocrx_word' id='word_1_21' title='bbox 229 478 330 547; x_wconf 72' lang='grc' dir='ltr'><strong>μὲν</strong></span> <span class='ocrx_word' id='word_1_22' title='bbox 363 477 618 546; x_wconf 88' lang='grc' dir='ltr'><strong>λέγεσθαι</strong></span> <span class='ocrx_word' id='word_1_23' title='bbox 656 476 808 548; x_wconf 78' lang='grc' dir='ltr'><strong>παρὰ</strong></span> <span class='ocrx_word' id='word_1_24' title='bbox 844 479 944 548; x_wconf 84' lang='grc' dir='ltr'><strong>τῆς</strong></span> <span class='ocrx_word' id='word_1_25' title='bbox 975 477 1190 549; x_wconf 78' lang='grc' dir='ltr'><strong>νύμφης</strong></span> <span class='ocrx_word' id='word_1_26' title='bbox 1225 477 1548 550; x_wconf 81' lang='grc' dir='ltr'><strong>βοστρύχους</strong></span> <span class='ocrx_word' id='word_1_27' title='bbox 1577 477 1810 546; x_wconf 83' lang='grc' dir='ltr'><strong>ὑπενοή-</strong></span> 
     </span>
    </p>
   </div>
   <div class='ocr_carea' id='block_1_8' title="bbox 231 567 1811 642">
    <p class='ocr_par' dir='ltr' id='par_1_8' title="bbox 231 567 1811 642">
     <span class='ocr_line' id='line_1_8' title="bbox 231 567 1811 642; baseline -0.003 -18"><span class='ocrx_word' id='word_1_28' title='bbox 231 587 426 641; x_wconf 86' lang='grc' dir='ltr'><strong>σαμεν,</strong></span> <span class='ocrx_word' id='word_1_29' title='bbox 457 571 507 624; x_wconf 83' lang='grc' dir='ltr'><strong>οἳ</strong></span> <span class='ocrx_word' id='word_1_30' title='bbox 524 570 623 640; x_wconf 85' lang='grc' dir='ltr'><strong>τῆς</strong></span> <span class='ocrx_word' id='word_1_31' title='bbox 653 569 858 640; x_wconf 85' lang='grc' dir='ltr'><strong>χρυσῆς</strong></span> <span class='ocrx_word' id='word_1_32' title='bbox 879 569 1120 640; x_wconf 81' lang='grc' dir='ltr'><strong>κεφαλῆς</strong></span> <span class='ocrx_word' id='word_1_33' title='bbox 1140 569 1588 642; x_wconf 86' lang='grc' dir='ltr'><strong>ἀπηρτημένοιού</strong></span> <span class='ocrx_word' id='word_1_34' title='bbox 1609 567 1811 639; x_wconf 81' lang='grc' dir='ltr'><strong>μικρὰν</strong></span> 
     </span>
    </p>
   </div>
   <div class='ocr_carea' id='block_1_9' title="bbox 228 655 1810 728">
    <p class='ocr_par' dir='ltr' id='par_1_9' title="bbox 228 655 1810 728">
     <span class='ocr_line' id='line_1_9' title="bbox 228 655 1810 728; baseline -0.001 -19"><span class='ocrx_word' id='word_1_35' title='bbox 228 655 294 709; x_wconf 81' lang='grc' dir='ltr'><strong>δι’</strong></span> <span class='ocrx_word' id='word_1_36' title='bbox 326 656 536 709; x_wconf 76' lang='grc' dir='ltr'><strong>ἑαυτῶν</strong></span> <span class='ocrx_word' id='word_1_37' title='bbox 594 655 806 710; x_wconf 88' lang='grc' dir='ltr'><strong>ποιοῦσι</strong></span> <span class='ocrx_word' id='word_1_38' title='bbox 866 656 1184 727; x_wconf 81' lang='grc' dir='ltr'><strong>προσθήκην</strong></span> <span class='ocrx_word' id='word_1_39' title='bbox 1235 660 1334 727; x_wconf 86' lang='grc' dir='ltr'><strong>τῆς</strong></span> <span class='ocrx_word' id='word_1_40' title='bbox 1381 657 1552 728; x_wconf 84' lang='grc' dir='ltr'><strong>ὥρας,</strong></span> <span class='ocrx_word' id='word_1_41' title='bbox 1590 659 1656 728; x_wconf 84' lang='grc' dir='ltr'><strong>τῇ</strong></span> <span class='ocrx_word' id='word_1_42' title='bbox 1716 655 1810 708; x_wconf 88' lang='grc' dir='ltr'><strong>τοῦ</strong></span> 
     </span>
    </p>
   </div>
   <div class='ocr_carea' id='block_1_10' title="bbox 233 740 1811 818">
    <p class='ocr_par' dir='ltr' id='par_1_10' title="bbox 233 740 1811 818">
     <span class='ocr_line' id='line_1_10' title="bbox 233 740 1811 818; baseline -0.001 -20"><span class='ocrx_word' id='word_1_43' title='bbox 233 745 542 815; x_wconf 85' lang='grc' dir='ltr'><strong>πνεύματος</strong></span> <span class='ocrx_word' id='word_1_44' title='bbox 569 745 714 818; x_wconf 74' lang='grc' dir='ltr'><strong>αὔρᾳ</strong></span> <span class='ocrx_word' id='word_1_45' title='bbox 760 745 1226 818; x_wconf 79' lang='grc' dir='ltr'><strong>περισοὸούμενοι.</strong></span> <span class='ocrx_word' id='word_1_46' title='bbox 1260 740 1418 800; x_wconf 77' lang='grc' dir='ltr'><strong>Οὗτοι</strong></span> <span class='ocrx_word' id='word_1_47' title='bbox 1445 747 1697 815; x_wconf 86' lang='grc' dir='ltr'><strong>στέφανοι</strong></span> <span class='ocrx_word' id='word_1_48' title='bbox 1719 745 1811 814; x_wconf 79' lang='grc' dir='ltr'><strong>γί-</strong></span> 
     </span>
    </p>
   </div>
   <div class='ocr_carea' id='block_1_11' title="bbox 233 833 1833 906">
    <p class='ocr_par' dir='ltr' id='par_1_11' title="bbox 233 833 1833 906">
     <span class='ocr_line' id='line_1_11' title="bbox 233 833 1833 906; baseline 0.001 -21"><span class='ocrx_word' id='word_1_49' title='bbox 233 849 414 886; x_wconf 87' lang='grc' dir='ltr'><strong>νονται</strong></span> <span class='ocrx_word' id='word_1_50' title='bbox 450 833 680 895; x_wconf 79' lang='grc' dir='ltr'><strong>κάλλους</strong></span> <span class='ocrx_word' id='word_1_51' title='bbox 700 836 766 904; x_wconf 82' lang='grc' dir='ltr'><strong>τῇ</strong></span> <span class='ocrx_word' id='word_1_52' title='bbox 803 835 1068 905; x_wconf 81' lang='grc' dir='ltr'><strong>ἀκηράτῳ</strong></span> <span class='ocrx_word' id='word_1_53' title='bbox 1089 834 1322 906; x_wconf 83' lang='grc' dir='ltr'><strong>κεφαλῇ,</strong></span> <span class='ocrx_word' id='word_1_54' title='bbox 1353 835 1682 906; x_wconf 80' lang='grc' dir='ltr'><strong>κοσμοῦντες</strong></span> <span class='ocrx_word' id='word_1_55' title='bbox 1713 836 1833 886; x_wconf 42' lang='lat' dir='ltr'><strong>at)»</strong></span> 
     </span>
    </p>
   </div>
   <div class='ocr_carea' id='block_1_12' title="bbox 232 923 1815 996">
    <p class='ocr_par' dir='ltr' id='par_1_12' title="bbox 232 923 1815 996">
     <span class='ocr_line' id='line_1_12' title="bbox 232 923 1815 996; baseline 0.001 -19"><span class='ocrx_word' id='word_1_56' title='bbox 232 924 332 994; x_wconf 78' lang='grc' dir='ltr'><strong>τὴν</strong></span> <span class='ocrx_word' id='word_1_57' title='bbox 359 924 440 994; x_wconf 82' lang='grc' dir='ltr'><strong>τῷ</strong></span> <span class='ocrx_word' id='word_1_58' title='bbox 482 925 594 995; x_wconf 84' lang='grc' dir='ltr'><strong>ίδίῳ</strong></span> <span class='ocrx_word' id='word_1_59' title='bbox 623 923 961 995; x_wconf 85' lang='grc' dir='ltr'><strong>κυκλώματι.</strong></span> <span class='ocrx_word' id='word_1_60' title='bbox 994 926 1127 996; x_wconf 70' lang='grc' dir='ltr'><strong>Περὶ</strong></span> <span class='ocrx_word' id='word_1_61' title='bbox 1167 927 1370 979; x_wconf 88' lang='grc' dir='ltr'><strong>τούτων</strong></span> <span class='ocrx_word' id='word_1_62' title='bbox 1403 926 1510 996; x_wconf 84' lang='grc' dir='ltr'><strong>γάρ</strong></span> <span class='ocrx_word' id='word_1_63' title='bbox 1544 943 1634 996; x_wconf 89' lang='grc' dir='ltr'><strong>μοι</strong></span> <span class='ocrx_word' id='word_1_64' title='bbox 1671 925 1815 978; x_wconf 88' lang='grc' dir='ltr'><strong>δοκεῖ</strong></span> 
     </span>
    </p>
   </div>
   <div class='ocr_carea' id='block_1_13' title="bbox 232 1013 1816 1086">
    <p class='ocr_par' dir='ltr' id='par_1_13' title="bbox 232 1013 1816 1086">
     <span class='ocr_line' id='line_1_13' title="bbox 232 1013 1816 1086; baseline 0.001 -19"><span class='ocrx_word' id='word_1_65' title='bbox 232 1014 414 1083; x_wconf 88' lang='grc' dir='ltr'><strong>λέγειν</strong></span> <span class='ocrx_word' id='word_1_66' title='bbox 440 1017 478 1086; x_wconf 73' lang='grc' dir='ltr'>ἡ</span> <span class='ocrx_word' id='word_1_67' title='bbox 502 1015 827 1086; x_wconf 77' lang='grc' dir='ltr'><strong>προφητεία,</strong></span> <span class='ocrx_word' id='word_1_68' title='bbox 869 1015 950 1068; x_wconf 83' lang='grc' dir='ltr'><strong>ὅτι</strong></span> <span class='ocrx_word' id='word_1_69' title='bbox 988 1017 1241 1083; x_wconf 82' lang='grc' dir='ltr'><strong>Ἕθηκας</strong></span> <span class='ocrx_word' id='word_1_70' title='bbox 1269 1016 1368 1069; x_wconf 76' lang='grc' dir='ltr'><strong>ἐπὶ</strong></span> <span class='ocrx_word' id='word_1_71' title='bbox 1399 1015 1515 1084; x_wconf 76' lang='grc' dir='ltr'><strong>τὴν</strong></span> <span class='ocrx_word' id='word_1_72' title='bbox 1540 1013 1816 1084; x_wconf 66' lang='grc' dir='ltr'><strong>κεφαλὴν</strong></span> 
     </span>
    </p>
   </div>
   <div class='ocr_carea' id='block_1_14' title="bbox 231 1105 1814 1176">
    <p class='ocr_par' dir='ltr' id='par_1_14' title="bbox 231 1105 1814 1176">
     <span class='ocr_line' id='line_1_14' title="bbox 231 1105 1814 1176; baseline -0.002 -16"><span class='ocrx_word' id='word_1_73' title='bbox 231 1105 422 1160; x_wconf 82' lang='grc' dir='ltr'><strong>αὐτοῦ</strong></span> <span class='ocrx_word' id='word_1_74' title='bbox 485 1106 792 1174; x_wconf 68' lang='grc' dir='ltr'><strong>στέφανον</strong></span> <span class='ocrx_word' id='word_1_75' title='bbox 841 1106 909 1159; x_wconf 84' lang='grc' dir='ltr'><strong>ἐκ</strong></span> <span class='ocrx_word' id='word_1_76' title='bbox 937 1107 1111 1160; x_wconf 77' lang='grc' dir='ltr'><strong>λίθου</strong></span> <span class='ocrx_word' id='word_1_77' title='bbox 1155 1107 1370 1176; x_wconf 87' lang='grc' dir='ltr'><strong>τιμίου.</strong></span> <span class='ocrx_word' id='word_1_78' title='bbox 1409 1107 1570 1160; x_wconf 83' lang='grc' dir='ltr'><strong>Ὥστε</strong></span> <span class='ocrx_word' id='word_1_79' title='bbox 1620 1105 1814 1168; x_wconf 77' lang='grc' dir='ltr'><strong>αὐτοὺς</strong></span> 
     </span>
    </p>
   </div>
   <div class='ocr_carea' id='block_1_15' title="bbox 231 1195 1814 1268">
    <p class='ocr_par' dir='ltr' id='par_1_15' title="bbox 231 1195 1814 1268">
     <span class='ocr_line' id='line_1_15' title="bbox 231 1195 1814 1268; baseline -0.001 -18"><span class='ocrx_word' id='word_1_80' title='bbox 231 1197 298 1250; x_wconf 88' lang='grc' dir='ltr'><strong>δι’</strong></span> <span class='ocrx_word' id='word_1_81' title='bbox 325 1196 604 1268; x_wconf 79' lang='grc' dir='ltr'><strong>ἑκατέρων</strong></span> <span class='ocrx_word' id='word_1_82' title='bbox 649 1195 885 1251; x_wconf 82' lang='grc' dir='ltr'><strong>νοεῖσθαι</strong></span> <span class='ocrx_word' id='word_1_83' title='bbox 915 1195 1026 1248; x_wconf 86' lang='grc' dir='ltr'><strong>τῶν</strong></span> <span class='ocrx_word' id='word_1_84' title='bbox 1063 1198 1372 1268; x_wconf 87' lang='grc' dir='ltr'><strong>νοημάτων,</strong></span> <span class='ocrx_word' id='word_1_85' title='bbox 1425 1198 1719 1267; x_wconf 83' lang='grc' dir='ltr'><strong>εὐπρεπεῖς</strong></span> <span class='ocrx_word' id='word_1_86' title='bbox 1755 1213 1814 1248; x_wconf 88' lang='grc' dir='ltr'><strong>τε</strong></span> 
     </span>
    </p>
   </div>
   <div class='ocr_carea' id='block_1_16' title="bbox 233 1287 1817 1362">
    <p class='ocr_par' dir='ltr' id='par_1_16' title="bbox 233 1287 1817 1362">
     <span class='ocr_line' id='line_1_16' title="bbox 233 1287 1817 1362; baseline -0.002 -19"><span class='ocrx_word' id='word_1_87' title='bbox 233 1290 587 1362; x_wconf 76' lang='grc' dir='ltr'><strong>βοστρύχους,</strong></span> <span class='ocrx_word' id='word_1_88' title='bbox 619 1291 709 1343; x_wconf 67' lang='grc' dir='ltr'><strong>καὶ</strong></span> <span class='ocrx_word' id='word_1_89' title='bbox 747 1291 927 1354; x_wconf 82' lang='grc' dir='ltr'><strong>λίθους</strong></span> <span class='ocrx_word' id='word_1_90' title='bbox 957 1289 1192 1360; x_wconf 83' lang='grc' dir='ltr'><strong>τιμίους,</strong></span> <span class='ocrx_word' id='word_1_91' title='bbox 1225 1289 1292 1342; x_wconf 82' lang='grc' dir='ltr'><strong>δι’</strong></span> <span class='ocrx_word' id='word_1_92' title='bbox 1323 1287 1500 1342; x_wconf 88' lang='grc' dir='ltr'><strong>αὐτῶν</strong></span> <span class='ocrx_word' id='word_1_93' title='bbox 1531 1287 1627 1359; x_wconf 82' lang='grc' dir='ltr'><strong>τὴν</strong></span> <span class='ocrx_word' id='word_1_94' title='bbox 1655 1303 1817 1356; x_wconf 83' lang='grc' dir='ltr'><strong>κεφα-</strong></span> 
     </span>
    </p>
   </div>
   <div class='ocr_carea' id='block_1_17' title="bbox 231 1381 821 1453">
    <p class='ocr_par' dir='ltr' id='par_1_17' title="bbox 231 1381 821 1453">
     <span class='ocr_line' id='line_1_17' title="bbox 231 1381 821 1453; baseline 0 -19"><span class='ocrx_word' id='word_1_95' title='bbox 231 1383 334 1453; x_wconf 80' lang='grc' dir='ltr'><strong>λὴν</strong></span> <span class='ocrx_word' id='word_1_96' title='bbox 360 1381 821 1445; x_wconf 80' lang='grc' dir='ltr'><strong>καλλωπίζοντας.</strong></span> 
     </span>
    </p>
   </div>
   <div class='ocr_carea' id='block_1_18' title="bbox 317 1467 1816 1539">
    <p class='ocr_par' dir='ltr' id='par_1_18' title="bbox 317 1467 1816 1539">
     <span class='ocr_line' id='line_1_18' title="bbox 317 1467 1816 1539; baseline -0.003 -15"><span class='ocrx_word' id='word_1_97' title='bbox 317 1470 634 1524; x_wconf 79' lang='grc' dir='ltr'><strong>Ἀκόλουθον</strong></span> <span class='ocrx_word' id='word_1_98' title='bbox 681 1471 724 1523; x_wconf 88' lang='grc' dir='ltr'>δ’</span> <span class='ocrx_word' id='word_1_99' title='bbox 777 1470 842 1525; x_wconf 87' lang='grc' dir='ltr'><strong>ἂν</strong></span> <span class='ocrx_word' id='word_1_100' title='bbox 887 1471 969 1539; x_wconf 75' lang='grc' dir='ltr'><strong>εἴη</strong></span> <span class='ocrx_word' id='word_1_101' title='bbox 1000 1468 1094 1522; x_wconf 70' lang='grc' dir='ltr'><strong>καὶ</strong></span> <span class='ocrx_word' id='word_1_102' title='bbox 1129 1470 1197 1520; x_wconf 73' lang='grc' dir='ltr'><strong>τὰ</strong></span> <span class='ocrx_word' id='word_1_103' title='bbox 1233 1467 1356 1538; x_wconf 68' lang='grc' dir='ltr'><strong>περὶ</strong></span> <span class='ocrx_word' id='word_1_104' title='bbox 1389 1467 1494 1520; x_wconf 89' lang='grc' dir='ltr'><strong>τῶν</strong></span> <span class='ocrx_word' id='word_1_105' title='bbox 1523 1467 1816 1538; x_wconf 76' lang='grc' dir='ltr'><strong>ὀφθαλμῶν</strong></span> 
     </span>
    </p>
   </div>
   <div class='ocr_carea' id='block_1_19' title="bbox 232 1558 1811 1634">
    <p class='ocr_par' dir='ltr' id='par_1_19' title="bbox 232 1558 1811 1634">
     <span class='ocr_line' id='line_1_19' title="bbox 232 1558 1811 1634; baseline -0.001 -21"><span class='ocrx_word' id='word_1_106' title='bbox 232 1560 505 1631; x_wconf 81' lang='grc' dir='ltr'><strong>εἰρημένα</strong></span> <span class='ocrx_word' id='word_1_107' title='bbox 527 1560 797 1631; x_wconf 81' lang='grc' dir='ltr'><strong>θεωρῆσαι</strong></span> <span class='ocrx_word' id='word_1_108' title='bbox 831 1559 908 1630; x_wconf 80' lang='grc' dir='ltr'><strong>τῷ</strong></span> <span class='ocrx_word' id='word_1_109' title='bbox 936 1560 1097 1630; x_wconf 82' lang='grc' dir='ltr'><strong>λόγῳ.</strong></span> <span class='ocrx_word' id='word_1_110' title='bbox 1133 1560 1287 1611; x_wconf 85' lang='grc' dir='ltr'><strong>Ἔστι</strong></span> <span class='ocrx_word' id='word_1_111' title='bbox 1314 1560 1370 1634; x_wconf 69' lang='grc' dir='ltr'>δὲ</span> <span class='ocrx_word' id='word_1_112' title='bbox 1403 1560 1436 1628; x_wconf 87' lang='grc' dir='ltr'><strong>ἡ</strong></span> <span class='ocrx_word' id='word_1_113' title='bbox 1465 1559 1607 1624; x_wconf 79' lang='grc' dir='ltr'><strong>λέξις</strong></span> <span class='ocrx_word' id='word_1_114' title='bbox 1640 1558 1778 1629; x_wconf 83' lang='grc' dir='ltr'><strong>αὐτη</strong></span> <span class='ocrx_word' id='word_1_115' title='bbox 1798 1575 1811 1588; x_wconf 92' lang='grc'><strong>·</strong></span> 
     </span>
    </p>
   </div>
   <div class='ocr_carea' id='block_1_20' title="bbox 246 1637 1814 1717">
    <p class='ocr_par' dir='ltr' id='par_1_20' title="bbox 246 1637 1814 1717">
     <span class='ocr_line' id='line_1_20' title="bbox 246 1637 1814 1717; baseline -0.001 -15"><span class='ocrx_word' id='word_1_116' title='bbox 246 1649 573 1717; x_wconf 69' lang='grc' dir='ltr'><strong>Ὁφθαλμοὶ</strong></span> <span class='ocrx_word' id='word_1_117' title='bbox 604 1648 789 1702; x_wconf 74' lang='grc' dir='ltr'><strong>αὑτοῦ</strong></span> <span class='ocrx_word' id='word_1_118' title='bbox 813 1647 1150 1715; x_wconf 73' lang='grc' dir='ltr'><strong>περιστεραὶ</strong></span> <span class='ocrx_word' id='word_1_119' title='bbox 1168 1637 1265 1700; x_wconf 79' lang='grc' dir='ltr'><strong>ἐπί</strong></span> <span class='ocrx_word' id='word_1_120' title='bbox 1287 1647 1648 1716; x_wconf 77' lang='grc' dir='ltr'><strong>πληρώματα</strong></span> <span class='ocrx_word' id='word_1_121' title='bbox 1669 1647 1814 1704; x_wconf 82' lang='grc' dir='ltr'><strong>ὑδά-</strong></span> 
     </span>
    </p>
   </div>
   <div class='ocr_carea' id='block_1_21' title="bbox 233 1719 1885 1807">
    <p class='ocr_par' dir='ltr' id='par_1_21' title="bbox 233 1719 1885 1807">
     <span class='ocr_line' id='line_1_21' title="bbox 233 1719 1885 1807; baseline -0.002 -15"><span class='ocrx_word' id='word_1_122' title='bbox 233 1756 374 1805; x_wconf 80' lang='grc' dir='ltr'><strong>των,</strong></span> <span class='ocrx_word' id='word_1_123' title='bbox 402 1737 764 1806; x_wconf 74' lang='grc' dir='ltr'><strong>λελουμέναι</strong></span> <span class='ocrx_word' id='word_1_124' title='bbox 791 1737 862 1790; x_wconf 79' lang='grc' dir='ltr'><strong>ἐν</strong></span> <span class='ocrx_word' id='word_1_125' title='bbox 889 1736 1159 1807; x_wconf 67' lang='grc' dir='ltr'><strong>γάλακτι,</strong></span> <span class='ocrx_word' id='word_1_126' title='bbox 1189 1737 1515 1805; x_wconf 79' lang='grc' dir='ltr'><strong>καθήμεναι</strong></span> <span class='ocrx_word' id='word_1_127' title='bbox 1541 1737 1637 1790; x_wconf 73' lang='grc' dir='ltr'><strong>ἐπὶ</strong></span> <span class='ocrx_word' id='word_1_128' title='bbox 1663 1740 1812 1804; x_wconf 73' lang='grc' dir='ltr'><strong>πλη-</strong></span> <span class='ocrx_word' id='word_1_129' title='bbox 1846 1719 1885 1775; x_wconf 75' lang='grc' dir='ltr'><strong>Β</strong></span> 
     </span>
    </p>
   </div>
   <div class='ocr_carea' id='block_1_22' title="bbox 231 1827 1815 1899">
    <p class='ocr_par' dir='ltr' id='par_1_22' title="bbox 231 1827 1815 1899">
     <span class='ocr_line' id='line_1_22' title="bbox 231 1827 1815 1899; baseline -0.001 -17"><span class='ocrx_word' id='word_1_130' title='bbox 231 1829 473 1899; x_wconf 61' lang='lat' dir='ltr'><strong>primum</strong></span> <span class='ocrx_word' id='word_1_131' title='bbox 505 1829 757 1884; x_wconf 73' lang='grc' dir='ltr'><strong>ὑδάτων.</strong></span> <span class='ocrx_word' id='word_1_132' title='bbox 813 1829 875 1881; x_wconf 82' lang='grc' dir='ltr'><strong>Ἦ</strong></span> <span class='ocrx_word' id='word_1_133' title='bbox 907 1829 964 1881; x_wconf 79' lang='grc' dir='ltr'><strong>δὲ</strong></span> <span class='ocrx_word' id='word_1_134' title='bbox 999 1827 1105 1881; x_wconf 86' lang='grc' dir='ltr'><strong>τῶν</strong></span> <span class='ocrx_word' id='word_1_135' title='bbox 1146 1827 1447 1899; x_wconf 82' lang='grc' dir='ltr'><strong>εἰρημένων</strong></span> <span class='ocrx_word' id='word_1_136' title='bbox 1485 1828 1691 1881; x_wconf 80' lang='grc' dir='ltr'><strong>διάνοια</strong></span> <span class='ocrx_word' id='word_1_137' title='bbox 1717 1829 1815 1897; x_wconf 79' lang='grc' dir='ltr'><strong>τῆς</strong></span> 
     </span>
    </p>
   </div>
   <div class='ocr_carea' id='block_1_23' title="bbox 237 1919 1816 1992">
    <p class='ocr_par' dir='ltr' id='par_1_23' title="bbox 237 1919 1816 1992">
     <span class='ocr_line' id='line_1_23' title="bbox 237 1919 1816 1992; baseline -0.001 -18"><span class='ocrx_word' id='word_1_138' title='bbox 237 1922 338 1992; x_wconf 81' lang='grc' dir='ltr'><strong>μὲν</strong></span> <span class='ocrx_word' id='word_1_139' title='bbox 379 1920 740 1990; x_wconf 72' lang='grc' dir='ltr'><strong>καταλήψεως</strong></span> <span class='ocrx_word' id='word_1_140' title='bbox 784 1919 938 1991; x_wconf 83' lang='grc' dir='ltr'><strong>ἡμῶν</strong></span> <span class='ocrx_word' id='word_1_141' title='bbox 965 1921 1128 1983; x_wconf 65' lang='grc' dir='ltr'><strong>,ἐστιν</strong></span> <span class='ocrx_word' id='word_1_142' title='bbox 1166 1919 1487 1990; x_wconf 72' lang='grc' dir='ltr'><strong>ὑψηλοτέρα.</strong></span> <span class='ocrx_word' id='word_1_143' title='bbox 1522 1921 1586 1972; x_wconf 90' lang='grc' dir='ltr'><strong>Ὃ</strong></span> <span class='ocrx_word' id='word_1_144' title='bbox 1615 1920 1722 1990; x_wconf 84' lang='grc' dir='ltr'><strong>γὰρ</strong></span> <span class='ocrx_word' id='word_1_145' title='bbox 1750 1919 1816 1973; x_wconf 83' lang='grc' dir='ltr'><strong>ἂν</strong></span> 
     </span>
    </p>
   </div>
   <div class='ocr_carea' id='block_1_24' title="bbox 237 2005 1818 2083">
    <p class='ocr_par' dir='ltr' id='par_1_24' title="bbox 237 2005 1818 2083">
     <span class='ocr_line' id='line_1_24' title="bbox 237 2005 1818 2083; baseline -0.001 -19"><span class='ocrx_word' id='word_1_146' title='bbox 237 2013 587 2083; x_wconf 74' lang='grc' dir='ltr'><strong>ἐννοήσωμεν</strong></span> <span class='ocrx_word' id='word_1_147' title='bbox 619 2010 970 2082; x_wconf 78' lang='grc' dir='ltr'><strong>περὶτούτων</strong></span> <span class='ocrx_word' id='word_1_148' title='bbox 1004 2010 1221 2065; x_wconf 74' lang='grc' dir='ltr'><strong>ἔλαττον</strong></span> <span class='ocrx_word' id='word_1_149' title='bbox 1263 2005 1402 2063; x_wconf 77' lang='grc' dir='ltr'><strong>εἶναι</strong></span> <span class='ocrx_word' id='word_1_150' title='bbox 1435 2011 1532 2080; x_wconf 79' lang='grc' dir='ltr'><strong>τῆς</strong></span> <span class='ocrx_word' id='word_1_151' title='bbox 1562 2009 1818 2080; x_wconf 81' lang='grc' dir='ltr'><strong>ἀληθείας</strong></span> 
     </span>
    </p>
   </div>
   <div class='ocr_carea' id='block_1_25' title="bbox 236 2101 1817 2176">
    <p class='ocr_par' dir='ltr' id='par_1_25' title="bbox 236 2101 1817 2176">
     <span class='ocr_line' id='line_1_25' title="bbox 236 2101 1817 2176; baseline -0.003 -16"><span class='ocrx_word' id='word_1_152' title='bbox 236 2106 465 2176; x_wconf 79' lang='grc' dir='ltr'><strong>οἰόμεθα</strong></span> <span class='ocrx_word' id='word_1_153' title='bbox 485 2122 497 2134; x_wconf 99' lang='grc'><strong>⁸</strong></span> <span class='ocrx_word' id='word_1_154' title='bbox 519 2105 905 2175; x_wconf 82' lang='grc' dir='ltr'><strong>σκοπουμένοις</strong></span> <span class='ocrx_word' id='word_1_155' title='bbox 925 2103 982 2156; x_wconf 84' lang='grc' dir='ltr'><strong>δὲ</strong></span> <span class='ocrx_word' id='word_1_156' title='bbox 1001 2104 1064 2157; x_wconf 79' lang='grc' dir='ltr'><strong>δι’</strong></span> <span class='ocrx_word' id='word_1_157' title='bbox 1085 2101 1400 2172; x_wconf 80' lang='grc' dir='ltr'><strong>ἐπιμελείας</strong></span> <span class='ocrx_word' id='word_1_158' title='bbox 1423 2104 1572 2173; x_wconf 81' lang='grc' dir='ltr'><strong>ἡμῖν,</strong></span> <span class='ocrx_word' id='word_1_159' title='bbox 1595 2102 1817 2173; x_wconf 78' lang='grc' dir='ltr'><strong>τοιαύτη</strong></span> 
     </span>
    </p>
   </div>
   <div class='ocr_carea' id='block_1_26' title="bbox 235 2193 1818 2267">
    <p class='ocr_par' dir='ltr' id='par_1_26' title="bbox 235 2193 1818 2267">
     <span class='ocr_line' id='line_1_26' title="bbox 235 2193 1818 2267; baseline -0.004 -14"><span class='ocrx_word' id='word_1_160' title='bbox 235 2218 320 2264; x_wconf 90' lang='grc' dir='ltr'><strong>τις</strong></span> <span class='ocrx_word' id='word_1_161' title='bbox 347 2199 530 2264; x_wconf 76' lang='grc' dir='ltr'><strong>ἔδοξεν</strong></span> <span class='ocrx_word' id='word_1_162' title='bbox 556 2193 722 2250; x_wconf 77' lang='grc' dir='ltr'><strong>εἶναι·</strong></span> <span class='ocrx_word' id='word_1_163' title='bbox 752 2195 887 2267; x_wconf 84' lang='grc' dir='ltr'><strong>Φησί</strong></span> <span class='ocrx_word' id='word_1_164' title='bbox 923 2212 1024 2249; x_wconf 87' lang='grc' dir='ltr'><strong>που</strong></span> <span class='ocrx_word' id='word_1_165' title='bbox 1057 2195 1164 2248; x_wconf 87' lang='grc' dir='ltr'><strong>τῶν</strong></span> <span class='ocrx_word' id='word_1_166' title='bbox 1202 2193 1397 2248; x_wconf 83' lang='grc' dir='ltr'><strong>ἑαυτοῦ</strong></span> <span class='ocrx_word' id='word_1_167' title='bbox 1430 2193 1601 2262; x_wconf 84' lang='grc' dir='ltr'><strong>λόγων</strong></span> <span class='ocrx_word' id='word_1_168' title='bbox 1628 2195 1657 2246; x_wconf 87' lang='grc' dir='ltr'><strong>ὁ</strong></span> <span class='ocrx_word' id='word_1_169' title='bbox 1679 2193 1818 2258; x_wconf 89' lang='grc' dir='ltr'><strong>θεῖος</strong></span> 
     </span>
    </p>
   </div>
   <div class='ocr_carea' id='block_1_27' title="bbox 247 2275 1817 2358">
    <p class='ocr_par' dir='ltr' id='par_1_27' title="bbox 247 2275 1817 2358">
     <span class='ocr_line' id='line_1_27' title="bbox 247 2275 1817 2358; baseline -0.004 -15"><span class='ocrx_word' id='word_1_170' title='bbox 247 2289 597 2352; x_wconf 79' lang='grc' dir='ltr'><strong>Ἀπόστολος,</strong></span> <span class='ocrx_word' id='word_1_171' title='bbox 635 2287 708 2358; x_wconf 84' lang='grc' dir='ltr'><strong>μὴ</strong></span> <span class='ocrx_word' id='word_1_172' title='bbox 765 2285 1025 2340; x_wconf 86' lang='grc' dir='ltr'><strong>δύνασθαι</strong></span> <span class='ocrx_word' id='word_1_173' title='bbox 1069 2275 1248 2353; x_wconf 84' lang='grc' dir='ltr'><strong>λέγειν</strong></span> <span class='ocrx_word' id='word_1_174' title='bbox 1297 2285 1390 2339; x_wconf 75' lang='grc' dir='ltr'><strong>τὸν</strong></span> <span class='ocrx_word' id='word_1_175' title='bbox 1439 2284 1713 2356; x_wconf 79' lang='grc' dir='ltr'><strong>ὀφθαλμὸν</strong></span> <span class='ocrx_word' id='word_1_176' title='bbox 1751 2287 1817 2356; x_wconf 83' lang='grc' dir='ltr'><strong>τῇ</strong></span> 
     </span>
    </p>
   </div>
   <div class='ocr_carea' id='block_1_28' title="bbox 237 2373 1822 2452">
    <p class='ocr_par' dir='ltr' id='par_1_28' title="bbox 237 2373 1822 2452">
     <span class='ocr_line' id='line_1_28' title="bbox 237 2373 1822 2452; baseline -0.004 -19"><span class='ocrx_word' id='word_1_177' title='bbox 237 2381 407 2452; x_wconf 80' lang='grc' dir='ltr'><strong>χειρὶ,</strong></span> <span class='ocrx_word' id='word_1_178' title='bbox 427 2380 642 2447; x_wconf 72' lang='grc' dir='ltr'><strong>Χρείαν</strong></span> <span class='ocrx_word' id='word_1_179' title='bbox 663 2391 779 2431; x_wconf 85' lang='grc' dir='ltr'><strong>σου</strong></span> <span class='ocrx_word' id='word_1_180' title='bbox 795 2377 906 2431; x_wconf 80' lang='grc' dir='ltr'><strong>οὐκ</strong></span> <span class='ocrx_word' id='word_1_181' title='bbox 933 2375 1052 2445; x_wconf 78' lang='grc' dir='ltr'><strong>ἔχω</strong></span> <span class='ocrx_word' id='word_1_182' title='bbox 1069 2391 1082 2404; x_wconf 90' lang='grc'><strong>⁸</strong></span> <span class='ocrx_word' id='word_1_183' title='bbox 1098 2375 1274 2447; x_wconf 78' lang='grc' dir='ltr'><strong>δόγμα</strong></span> <span class='ocrx_word' id='word_1_184' title='bbox 1297 2375 1384 2429; x_wconf 78' lang='grc' dir='ltr'><strong>διὰ</strong></span> <span class='ocrx_word' id='word_1_185' title='bbox 1412 2374 1612 2428; x_wconf 88' lang='grc' dir='ltr'><strong>τούτων</strong></span> <span class='ocrx_word' id='word_1_186' title='bbox 1642 2373 1822 2428; x_wconf 87' lang='grc' dir='ltr'><strong>ποιού-</strong></span> 
     </span>
    </p>
   </div>
   <div class='ocr_carea' id='block_1_29' title="bbox 239 2464 1822 2542">
    <p class='ocr_par' dir='ltr' id='par_1_29' title="bbox 239 2464 1822 2542">
     <span class='ocr_line' id='line_1_29' title="bbox 239 2464 1822 2542; baseline -0.005 -18"><span class='ocrx_word' id='word_1_187' title='bbox 239 2488 430 2542; x_wconf 88' lang='grc' dir='ltr'><strong>μενος,</strong></span> <span class='ocrx_word' id='word_1_188' title='bbox 459 2471 539 2523; x_wconf 76' lang='grc' dir='ltr'><strong>ὅτι</strong></span> <span class='ocrx_word' id='word_1_189' title='bbox 580 2468 646 2522; x_wconf 82' lang='grc' dir='ltr'><strong>δι’</strong></span> <span class='ocrx_word' id='word_1_190' title='bbox 685 2467 1012 2539; x_wconf 78' lang='grc' dir='ltr'><strong>ἀμφοτέρων</strong></span> <span class='ocrx_word' id='word_1_191' title='bbox 1062 2467 1324 2538; x_wconf 82' lang='grc' dir='ltr'><strong>προσήκει</strong></span> <span class='ocrx_word' id='word_1_192' title='bbox 1368 2464 1444 2536; x_wconf 80' lang='grc' dir='ltr'><strong>τῷ</strong></span> <span class='ocrx_word' id='word_1_193' title='bbox 1484 2464 1694 2534; x_wconf 87' lang='grc' dir='ltr'><strong>σώματι</strong></span> <span class='ocrx_word' id='word_1_194' title='bbox 1724 2464 1822 2534; x_wconf 78' lang='grc' dir='ltr'><strong>τῆς</strong></span> 
     </span>
    </p>
   </div>
   <div class='ocr_carea' id='block_1_30' title="bbox 249 2553 1823 2629">
    <p class='ocr_par' dir='ltr' id='par_1_30' title="bbox 249 2553 1823 2629">
     <span class='ocr_line' id='line_1_30' title="bbox 249 2553 1823 2629; baseline -0.005 -16"><span class='ocrx_word' id='word_1_195' title='bbox 249 2558 584 2629; x_wconf 85' lang='grc' dir='ltr'><strong>Ἐκκλησίας</strong></span> <span class='ocrx_word' id='word_1_196' title='bbox 660 2557 920 2628; x_wconf 83' lang='grc' dir='ltr'><strong>πράττειν</strong></span> <span class='ocrx_word' id='word_1_197' title='bbox 959 2555 1157 2618; x_wconf 88' lang='grc' dir='ltr'><strong>καλῶς,</strong></span> <span class='ocrx_word' id='word_1_198' title='bbox 1208 2554 1298 2608; x_wconf 88' lang='grc' dir='ltr'><strong>τοῦ</strong></span> <span class='ocrx_word' id='word_1_199' title='bbox 1360 2553 1665 2626; x_wconf 84' lang='grc' dir='ltr'><strong>διορατικοῦ</strong></span> <span class='ocrx_word' id='word_1_200' title='bbox 1724 2553 1823 2623; x_wconf 79' lang='grc' dir='ltr'><strong>τῆς</strong></span> 
     </span>
    </p>
   </div>
   <div class='ocr_carea' id='block_1_31' title="bbox 235 2644 1823 2721">
    <p class='ocr_par' dir='ltr' id='par_1_31' title="bbox 235 2644 1823 2721">
     <span class='ocr_line' id='line_1_31' title="bbox 235 2644 1823 2721; baseline -0.005 -16"><span class='ocrx_word' id='word_1_201' title='bbox 235 2650 504 2721; x_wconf 80' lang='grc' dir='ltr'><strong>ἀληθείας</strong></span> <span class='ocrx_word' id='word_1_202' title='bbox 563 2647 1008 2719; x_wconf 85' lang='grc' dir='ltr'><strong>συγκεκραμένου</strong></span> <span class='ocrx_word' id='word_1_203' title='bbox 1035 2647 1170 2717; x_wconf 77' lang='grc' dir='ltr'><strong>πρὸς</strong></span> <span class='ocrx_word' id='word_1_204' title='bbox 1206 2646 1266 2699; x_wconf 81' lang='grc' dir='ltr'><strong>τὸ</strong></span> <span class='ocrx_word' id='word_1_205' title='bbox 1308 2645 1664 2718; x_wconf 80' lang='grc' dir='ltr'><strong>δραστήριον·</strong></span> <span class='ocrx_word' id='word_1_206' title='bbox 1701 2644 1823 2698; x_wconf 79' lang='grc' dir='ltr'><strong>οὐτε</strong></span> 
     </span>
    </p>
   </div>
   <div class='ocr_carea' id='block_1_32' title="bbox 233 2735 1860 2813">
    <p class='ocr_par' dir='ltr' id='par_1_32' title="bbox 233 2735 1860 2813">
     <span class='ocr_line' id='line_1_32' title="bbox 233 2735 1860 2813; baseline -0.005 -17"><span class='ocrx_word' id='word_1_207' title='bbox 233 2743 342 2813; x_wconf 74' lang='grc' dir='ltr'><strong>τῆς</strong></span> <span class='ocrx_word' id='word_1_208' title='bbox 381 2739 615 2812; x_wconf 81' lang='grc' dir='ltr'><strong>θεωρίας</strong></span> <span class='ocrx_word' id='word_1_209' title='bbox 662 2737 784 2791; x_wconf 87' lang='grc' dir='ltr'><strong>καθ’</strong></span> <span class='ocrx_word' id='word_1_210' title='bbox 823 2736 1020 2807; x_wconf 66' lang='grc' dir='ltr'><strong>ἑαυτὴν</strong></span> <span class='ocrx_word' id='word_1_211' title='bbox 1056 2737 1152 2807; x_wconf 78' lang='grc' dir='ltr'><strong>τὴν</strong></span> <span class='ocrx_word' id='word_1_212' title='bbox 1198 2735 1372 2807; x_wconf 68' lang='grc' dir='ltr'><strong>ψυχὴν</strong></span> <span class='ocrx_word' id='word_1_213' title='bbox 1410 2735 1748 2806; x_wconf 45' lang='grc' dir='ltr'><strong>τελειούσηςη</strong></span> <span class='ocrx_word' id='word_1_214' title='bbox 1776 2737 1824 2788; x_wconf 88' lang='grc' dir='ltr'><strong>εί</strong></span> <span class='ocrx_word' id='word_1_215' title='bbox 1847 2779 1860 2796; x_wconf 87' lang='grc'><strong>,</strong></span> 
     </span>
    </p>
   </div>
   <div class='ocr_carea' id='block_1_33' title="bbox 241 2825 1826 2903">
    <p class='ocr_par' dir='ltr' id='par_1_33' title="bbox 241 2825 1826 2903">
     <span class='ocr_line' id='line_1_33' title="bbox 241 2825 1826 2903; baseline -0.003 -18"><span class='ocrx_word' id='word_1_216' title='bbox 241 2833 323 2903; x_wconf 83' lang='grc' dir='ltr'><strong>μὴ</strong></span> <span class='ocrx_word' id='word_1_217' title='bbox 354 2831 545 2885; x_wconf 77' lang='grc' dir='ltr'><strong>καὶτὰ</strong></span> <span class='ocrx_word' id='word_1_218' title='bbox 595 2829 730 2899; x_wconf 83' lang='grc' dir='ltr'><strong>ἔργα</strong></span> <span class='ocrx_word' id='word_1_219' title='bbox 769 2829 941 2899; x_wconf 77' lang='grc' dir='ltr'><strong>παρῇ,</strong></span> <span class='ocrx_word' id='word_1_220' title='bbox 1001 2826 1068 2881; x_wconf 80' lang='grc' dir='ltr'><strong>τὰ</strong></span> <span class='ocrx_word' id='word_1_221' title='bbox 1103 2827 1194 2880; x_wconf 77' lang='grc' dir='ltr'><strong>τὸν</strong></span> <span class='ocrx_word' id='word_1_222' title='bbox 1240 2825 1429 2896; x_wconf 76' lang='grc' dir='ltr'><strong>ἠθικὸν</strong></span> <span class='ocrx_word' id='word_1_223' title='bbox 1459 2825 1826 2898; x_wconf 81' lang='grc' dir='ltr'><strong>κατορθοῦντα</strong></span> 
     </span>
    </p>
   </div>
   <div class='ocr_carea' id='block_1_34' title="bbox 241 2917 1828 2993">
    <p class='ocr_par' dir='ltr' id='par_1_34' title="bbox 241 2917 1828 2993">
     <span class='ocr_line' id='line_1_34' title="bbox 241 2917 1828 2993; baseline -0.004 -17"><span class='ocrx_word' id='word_1_224' title='bbox 241 2923 362 2993; x_wconf 74' lang='grc' dir='ltr'><strong>βίον</strong></span> <span class='ocrx_word' id='word_1_225' title='bbox 383 2937 396 2949; x_wconf 82' lang='grc'><strong>⁸</strong></span> <span class='ocrx_word' id='word_1_226' title='bbox 424 2920 547 2974; x_wconf 81' lang='grc' dir='ltr'><strong>οὐτε</strong></span> <span class='ocrx_word' id='word_1_227' title='bbox 573 2921 672 2990; x_wconf 83' lang='grc' dir='ltr'><strong>τῆς</strong></span> <span class='ocrx_word' id='word_1_228' title='bbox 703 2919 1013 2990; x_wconf 82' lang='grc' dir='ltr'><strong>πρακτικῆς</strong></span> <span class='ocrx_word' id='word_1_229' title='bbox 1053 2917 1370 2988; x_wconf 71' lang='grc' dir='ltr'><strong>φιλοσοφίας</strong></span> <span class='ocrx_word' id='word_1_230' title='bbox 1407 2918 1653 2989; x_wconf 84' lang='grc' dir='ltr'><strong>αὐτάρκη</strong></span> <span class='ocrx_word' id='word_1_231' title='bbox 1688 2936 1828 2990; x_wconf 90' lang='grc' dir='ltr'><strong>παρ-</strong></span> 
     </span>
    </p>
   </div>
   <div class='ocr_carea' id='block_1_35' title="bbox 1911 476 3482 546">
    <p class='ocr_par' dir='ltr' id='par_1_35' title="bbox 1911 476 3482 546">
     <span class='ocr_line' id='line_1_35' title="bbox 1911 476 3482 546; baseline -0.001 -13"><span class='ocrx_word' id='word_1_232' title='bbox 1911 479 2203 534; x_wconf 90' lang='lat' dir='ltr'><strong>cincinnos</strong></span> <span class='ocrx_word' id='word_1_233' title='bbox 2250 479 2667 544; x_wconf 72' lang='lat' dir='ltr'><strong>existimamus,</strong></span> <span class='ocrx_word' id='word_1_234' title='bbox 2719 478 2813 546; x_wconf 87' lang='lat' dir='ltr'><strong>qui</strong></span> <span class='ocrx_word' id='word_1_235' title='bbox 2866 491 3032 532; x_wconf 89' lang='lat' dir='ltr'><strong>aureo</strong></span> <span class='ocrx_word' id='word_1_236' title='bbox 3081 476 3248 546; x_wconf 94' lang='lat' dir='ltr'><strong>capiti</strong></span> <span class='ocrx_word' id='word_1_237' title='bbox 3299 476 3482 532; x_wconf 71' lang='lat' dir='ltr'><strong>adhae-</strong></span> 
     </span>
    </p>
   </div>
   <div class='ocr_carea' id='block_1_36' title="bbox 1910 567 3482 638">
    <p class='ocr_par' dir='ltr' id='par_1_36' title="bbox 1910 567 3482 638">
     <span class='ocr_line' id='line_1_36' title="bbox 1910 567 3482 638; baseline -0.001 -16"><span class='ocrx_word' id='word_1_238' title='bbox 1910 577 2094 624; x_wconf 87' lang='lat' dir='ltr'><strong>rentes</strong></span> <span class='ocrx_word' id='word_1_239' title='bbox 2128 583 2234 622; x_wconf 91' lang='lat' dir='ltr'><strong>non</strong></span> <span class='ocrx_word' id='word_1_240' title='bbox 2282 583 2471 638; x_wconf 90' lang='lat' dir='ltr'><strong>parum</strong></span> <span class='ocrx_word' id='word_1_241' title='bbox 2512 567 2700 638; x_wconf 83' lang='lat' dir='ltr'><strong>sponsi</strong></span> <span class='ocrx_word' id='word_1_242' title='bbox 2751 567 3213 636; x_wconf 76' lang='lat' dir='ltr'><strong>pulchritudinem</strong></span> <span class='ocrx_word' id='word_1_243' title='bbox 3260 577 3482 638; x_wconf 85' lang='lat' dir='ltr'><strong>augent,</strong></span> 
     </span>
    </p>
   </div>
   <div class='ocr_carea' id='block_1_37' title="bbox 1913 657 3484 730">
    <p class='ocr_par' dir='ltr' id='par_1_37' title="bbox 1913 657 3484 730">
     <span class='ocr_line' id='line_1_37' title="bbox 1913 657 3484 730; baseline -0.001 -18"><span class='ocrx_word' id='word_1_244' title='bbox 1913 661 1981 715; x_wconf 88' lang='lat' dir='ltr'><strong>ab</strong></span> <span class='ocrx_word' id='word_1_245' title='bbox 2008 674 2141 714; x_wconf 88' lang='lat' dir='ltr'><strong>aura</strong></span> <span class='ocrx_word' id='word_1_246' title='bbox 2170 660 2396 730; x_wconf 74' lang='lat' dir='ltr'><strong>spiritus</strong></span> <span class='ocrx_word' id='word_1_247' title='bbox 2427 659 2638 729; x_wconf 78' lang='lat' dir='ltr'><strong>agitati.</strong></span> <span class='ocrx_word' id='word_1_248' title='bbox 2684 657 2860 726; x_wconf 85' lang='lat' dir='ltr'><strong>Atque</strong></span> <span class='ocrx_word' id='word_1_249' title='bbox 2896 657 3060 711; x_wconf 88' lang='lat' dir='ltr'><strong>iidem</strong></span> <span class='ocrx_word' id='word_1_250' title='bbox 3108 657 3254 712; x_wconf 90' lang='lat' dir='ltr'><strong>illius</strong></span> <span class='ocrx_word' id='word_1_251' title='bbox 3287 659 3484 711; x_wconf 87' lang='lat' dir='ltr'><strong>imma-</strong></span> 
     </span>
    </p>
   </div>
   <div class='ocr_carea' id='block_1_38' title="bbox 1912 751 3485 822">
    <p class='ocr_par' dir='ltr' id='par_1_38' title="bbox 1912 751 3485 822">
     <span class='ocr_line' id='line_1_38' title="bbox 1912 751 3485 822; baseline 0.001 -18"><span class='ocrx_word' id='word_1_252' title='bbox 1912 752 2078 806; x_wconf 88' lang='lat' dir='ltr'><strong>culati</strong></span> <span class='ocrx_word' id='word_1_253' title='bbox 2106 752 2300 821; x_wconf 85' lang='lat' dir='ltr'><strong>capitis</strong></span> <span class='ocrx_word' id='word_1_254' title='bbox 2327 751 2753 822; x_wconf 90' lang='lat' dir='ltr'><strong>pulcherrimum</strong></span> <span class='ocrx_word' id='word_1_255' title='bbox 2797 757 3004 804; x_wconf 88' lang='lat' dir='ltr'><strong>sertum</strong></span> <span class='ocrx_word' id='word_1_256' title='bbox 3037 757 3189 812; x_wconf 91' lang='lat' dir='ltr'><strong>sunt,</strong></span> <span class='ocrx_word' id='word_1_257' title='bbox 3222 759 3485 806; x_wconf 85' lang='lat' dir='ltr'><strong>ornantes</strong></span> 
     </span>
    </p>
   </div>
   <div class='ocr_carea' id='block_1_39' title="bbox 1913 840 3487 909">
    <p class='ocr_par' dir='ltr' id='par_1_39' title="bbox 1913 840 3487 909">
     <span class='ocr_line' id='line_1_39' title="bbox 1913 840 3487 909; baseline -0.002 -13"><span class='ocrx_word' id='word_1_258' title='bbox 1913 843 2046 898; x_wconf 88' lang='lat' dir='ltr'><strong>illud</strong></span> <span class='ocrx_word' id='word_1_259' title='bbox 2077 843 2280 897; x_wconf 88' lang='lat' dir='ltr'><strong>ambitu</strong></span> <span class='ocrx_word' id='word_1_260' title='bbox 2313 859 2436 899; x_wconf 87' lang='lat' dir='ltr'><strong>suo.</strong></span> <span class='ocrx_word' id='word_1_261' title='bbox 2467 842 2678 897; x_wconf 88' lang='lat' dir='ltr'><strong>Etenim</strong></span> <span class='ocrx_word' id='word_1_262' title='bbox 2714 842 2781 896; x_wconf 93' lang='lat' dir='ltr'><strong>de</strong></span> <span class='ocrx_word' id='word_1_263' title='bbox 2815 841 2902 896; x_wconf 80' lang='lat' dir='ltr'><strong>Itis</strong></span> <span class='ocrx_word' id='word_1_264' title='bbox 2930 842 3108 894; x_wconf 90' lang='lat' dir='ltr'><strong>locum</strong></span> <span class='ocrx_word' id='word_1_265' title='bbox 3160 840 3317 894; x_wconf 89' lang='lat' dir='ltr'><strong>illum</strong></span> <span class='ocrx_word' id='word_1_266' title='bbox 3360 857 3487 909; x_wconf 87' lang='lat' dir='ltr'><strong>pro-</strong></span> 
     </span>
    </p>
   </div>
   <div class='ocr_carea' id='block_1_40' title="bbox 1913 931 3488 1004">
    <p class='ocr_par' dir='ltr' id='par_1_40' title="bbox 1913 931 3488 1004">
     <span class='ocr_line' id='line_1_40' title="bbox 1913 931 3488 1004; baseline -0.003 -18"><span class='ocrx_word' id='word_1_267' title='bbox 1913 933 2109 1003; x_wconf 72' lang='lat' dir='ltr'><strong>plietia:</strong></span> <span class='ocrx_word' id='word_1_268' title='bbox 2135 935 2343 1004; x_wconf 90' lang='lat' dir='ltr'><strong>accipio</strong></span> <span class='ocrx_word' id='word_1_269' title='bbox 2373 954 2386 988; x_wconf 92' lang='lat'>:</span> <span class='ocrx_word' id='word_1_270' title='bbox 2442 933 2679 988; x_wconf 76' lang='lat' dir='ltr'><strong>Posuisti</strong></span> <span class='ocrx_word' id='word_1_271' title='bbox 2721 933 2775 985; x_wconf 87' lang='lat' dir='ltr'><strong>in</strong></span> <span class='ocrx_word' id='word_1_272' title='bbox 2811 940 2967 1000; x_wconf 83' lang='lat' dir='ltr'><strong>caput</strong></span> <span class='ocrx_word' id='word_1_273' title='bbox 2997 931 3112 1000; x_wconf 81' lang='lat' dir='ltr'><strong>ejus</strong></span> <span class='ocrx_word' id='word_1_274' title='bbox 3146 947 3394 984; x_wconf 87' lang='lat' dir='ltr'><strong>coronam</strong></span> <span class='ocrx_word' id='word_1_275' title='bbox 3421 945 3488 982; x_wconf 80' lang='lat' dir='ltr'><strong>ea:</strong></span> 
     </span>
    </p>
   </div>
   <div class='ocr_carea' id='block_1_41' title="bbox 1913 1024 3491 1096">
    <p class='ocr_par' dir='ltr' id='par_1_41' title="bbox 1913 1024 3491 1096">
     <span class='ocr_line' id='line_1_41' title="bbox 1913 1024 3491 1096; baseline -0.002 -18"><span class='ocrx_word' id='word_1_276' title='bbox 1913 1026 2090 1095; x_wconf 84' lang='lat' dir='ltr'><strong>lapide</strong></span> <span class='ocrx_word' id='word_1_277' title='bbox 2123 1028 2354 1096; x_wconf 83' lang='lat' dir='ltr'><strong>pretioso</strong></span> <span class='ocrx_word' id='word_1_278' title='bbox 2377 1027 2521 1078; x_wconf 79' lang='grc'><strong>¹³-¹’⁸.</strong></span> <span class='ocrx_word' id='word_1_279' title='bbox 2546 1025 2622 1078; x_wconf 88' lang='lat' dir='ltr'><strong>Ila</strong></span> <span class='ocrx_word' id='word_1_280' title='bbox 2646 1033 2816 1094; x_wconf 91' lang='lat' dir='ltr'><strong>utper</strong></span> <span class='ocrx_word' id='word_1_281' title='bbox 2832 1024 3248 1092; x_wconf 83' lang='lat' dir='ltr'><strong>appellationem</strong></span> <span class='ocrx_word' id='word_1_282' title='bbox 3283 1030 3491 1076; x_wconf 86' lang='lat' dir='ltr'><strong>utram-</strong></span> 
     </span>
    </p>
   </div>
   <div class='ocr_carea' id='block_1_42' title="bbox 1917 1112 3490 1188">
    <p class='ocr_par' dir='ltr' id='par_1_42' title="bbox 1917 1112 3490 1188">
     <span class='ocr_line' id='line_1_42' title="bbox 1917 1112 3490 1188; baseline -0.003 -16"><span class='ocrx_word' id='word_1_283' title='bbox 1917 1133 2025 1188; x_wconf 77' lang='lat' dir='ltr'><strong>que</strong></span> <span class='ocrx_word' id='word_1_284' title='bbox 2056 1119 2451 1187; x_wconf 81' lang='lat' dir='ltr'><strong>intelligantur,</strong></span> <span class='ocrx_word' id='word_1_285' title='bbox 2485 1117 2689 1186; x_wconf 87' lang='lat' dir='ltr'><strong>quippe</strong></span> <span class='ocrx_word' id='word_1_286' title='bbox 2735 1115 2828 1184; x_wconf 89' lang='lat' dir='ltr'><strong>qui</strong></span> <span class='ocrx_word' id='word_1_287' title='bbox 2865 1114 2976 1168; x_wconf 91' lang='lat' dir='ltr'><strong>sint</strong></span> <span class='ocrx_word' id='word_1_288' title='bbox 3010 1123 3063 1167; x_wconf 89' lang='lat' dir='ltr'><strong>et</strong></span> <span class='ocrx_word' id='word_1_289' title='bbox 3103 1113 3347 1167; x_wconf 91' lang='lat' dir='ltr'><strong>cincinni</strong></span> <span class='ocrx_word' id='word_1_290' title='bbox 3391 1112 3490 1168; x_wconf 88' lang='lat' dir='ltr'><strong>de-</strong></span> 
     </span>
    </p>
   </div>
   <div class='ocr_carea' id='block_1_43' title="bbox 1915 1202 3489 1276">
    <p class='ocr_par' dir='ltr' id='par_1_43' title="bbox 1915 1202 3489 1276">
     <span class='ocr_line' id='line_1_43' title="bbox 1915 1202 3489 1276; baseline -0.004 -13"><span class='ocrx_word' id='word_1_291' title='bbox 1915 1208 2054 1271; x_wconf 90' lang='lat' dir='ltr'><strong>cori,</strong></span> <span class='ocrx_word' id='word_1_292' title='bbox 2085 1215 2140 1262; x_wconf 89' lang='lat' dir='ltr'><strong>et</strong></span> <span class='ocrx_word' id='word_1_293' title='bbox 2187 1208 2366 1276; x_wconf 82' lang='lat' dir='ltr'><strong>magni</strong></span> <span class='ocrx_word' id='word_1_294' title='bbox 2403 1205 2561 1276; x_wconf 84' lang='lat' dir='ltr'><strong>pretii</strong></span> <span class='ocrx_word' id='word_1_295' title='bbox 2595 1205 2825 1274; x_wconf 87' lang='lat' dir='ltr'><strong>lapides,</strong></span> <span class='ocrx_word' id='word_1_296' title='bbox 2859 1203 3160 1257; x_wconf 83' lang='lat' dir='ltr'><strong>ornamenti</strong></span> <span class='ocrx_word' id='word_1_297' title='bbox 3195 1202 3397 1272; x_wconf 90' lang='lat' dir='ltr'><strong>aliquid</strong></span> <span class='ocrx_word' id='word_1_298' title='bbox 3421 1216 3489 1257; x_wconf 78' lang='lat' dir='ltr'><strong>ex</strong></span> 
     </span>
    </p>
   </div>
   <div class='ocr_carea' id='block_1_44' title="bbox 1916 1297 2566 1368">
    <p class='ocr_par' dir='ltr' id='par_1_44' title="bbox 1916 1297 2566 1368">
     <span class='ocr_line' id='line_1_44' title="bbox 1916 1297 2566 1368; baseline -0.005 -13"><span class='ocrx_word' id='word_1_299' title='bbox 1916 1315 1975 1355; x_wconf 90' lang='lat' dir='ltr'><strong>se</strong></span> <span class='ocrx_word' id='word_1_300' title='bbox 2003 1299 2170 1368; x_wconf 86' lang='lat' dir='ltr'><strong>capiti</strong></span> <span class='ocrx_word' id='word_1_301' title='bbox 2200 1297 2566 1353; x_wconf 76' lang='lat' dir='ltr'><strong>conferentes.</strong></span> 
     </span>
    </p>
   </div>
   <div class='ocr_carea' id='block_1_45' title="bbox 1985 1469 3493 1543">
    <p class='ocr_par' dir='ltr' id='par_1_45' title="bbox 1985 1469 3493 1543">
     <span class='ocr_line' id='line_1_45' title="bbox 1985 1469 3493 1543; baseline -0.004 -13"><span class='ocrx_word' id='word_1_302' title='bbox 1985 1476 2141 1532; x_wconf 83' lang='lat' dir='ltr'><strong>Nunc</strong></span> <span class='ocrx_word' id='word_1_303' title='bbox 2168 1476 2376 1532; x_wconf 90' lang='lat' dir='ltr'><strong>ordinis</strong></span> <span class='ocrx_word' id='word_1_304' title='bbox 2424 1474 2564 1529; x_wconf 89' lang='lat' dir='ltr'><strong>ratio</strong></span> <span class='ocrx_word' id='word_1_305' title='bbox 2602 1473 2842 1543; x_wconf 86' lang='lat' dir='ltr'><strong>postulat</strong></span> <span class='ocrx_word' id='word_1_306' title='bbox 2904 1480 2963 1526; x_wconf 87' lang='lat' dir='ltr'><strong>ut</strong></span> <span class='ocrx_word' id='word_1_307' title='bbox 3009 1471 3174 1527; x_wconf 90' lang='lat' dir='ltr'><strong>etiam</strong></span> <span class='ocrx_word' id='word_1_308' title='bbox 3240 1469 3332 1524; x_wconf 87' lang='lat' dir='ltr'><strong>illa</strong></span> <span class='ocrx_word' id='word_1_309' title='bbox 3370 1481 3493 1538; x_wconf 61' lang='lat' dir='ltr'><strong>qua</strong></span> 
     </span>
    </p>
   </div>
   <div class='ocr_carea' id='block_1_46' title="bbox 1916 1560 3490 1630">
    <p class='ocr_par' dir='ltr' id='par_1_46' title="bbox 1916 1560 3490 1630">
     <span class='ocr_line' id='line_1_46' title="bbox 1916 1560 3490 1630; baseline -0.006 -8"><span class='ocrx_word' id='word_1_310' title='bbox 1916 1568 1983 1624; x_wconf 89' lang='lat' dir='ltr'><strong>de</strong></span> <span class='ocrx_word' id='word_1_311' title='bbox 2045 1569 2217 1622; x_wconf 87' lang='lat' dir='ltr'><strong>oculis</strong></span> <span class='ocrx_word' id='word_1_312' title='bbox 2283 1567 2537 1620; x_wconf 89' lang='lat' dir='ltr'><strong>dicuntur</strong></span> <span class='ocrx_word' id='word_1_313' title='bbox 2588 1563 2997 1618; x_wconf 86' lang='lat' dir='ltr'><strong>consideremus</strong></span> <span class='ocrx_word' id='word_1_314' title='bbox 3064 1575 3236 1630; x_wconf 69' lang='lat' dir='ltr'><strong>:quaa</strong></span> <span class='ocrx_word' id='word_1_315' title='bbox 3271 1560 3490 1630; x_wconf 86' lang='lat' dir='ltr'><strong>quidem</strong></span> 
     </span>
    </p>
   </div>
   <div class='ocr_carea' id='block_1_47' title="bbox 1917 1652 3494 1725">
    <p class='ocr_par' dir='ltr' id='par_1_47' title="bbox 1917 1652 3494 1725">
     <span class='ocr_line' id='line_1_47' title="bbox 1917 1652 3494 1725; baseline -0.006 -13"><span class='ocrx_word' id='word_1_316' title='bbox 1917 1659 2030 1713; x_wconf 68' lang='lat' dir='ltr'><strong>haec</strong></span> <span class='ocrx_word' id='word_1_317' title='bbox 2054 1666 2207 1713; x_wconf 89' lang='lat' dir='ltr'><strong>sunt:</strong></span> <span class='ocrx_word' id='word_1_318' title='bbox 2233 1657 2384 1712; x_wconf 84' lang='lat' dir='ltr'><strong>Oculi</strong></span> <span class='ocrx_word' id='word_1_319' title='bbox 2415 1657 2528 1725; x_wconf 83' lang='lat' dir='ltr'><strong>ejus</strong></span> <span class='ocrx_word' id='word_1_320' title='bbox 2552 1657 2682 1709; x_wconf 83' lang='lat' dir='ltr'><strong>sicut</strong></span> <span class='ocrx_word' id='word_1_321' title='bbox 2709 1653 2982 1712; x_wconf 72' lang='lat' dir='ltr'><strong>columb&#39;az,</strong></span> <span class='ocrx_word' id='word_1_322' title='bbox 3017 1652 3085 1705; x_wconf 84' lang='lat' dir='ltr'><strong>ad</strong></span> <span class='ocrx_word' id='word_1_323' title='bbox 3117 1667 3376 1721; x_wconf 86' lang='lat' dir='ltr'><strong>aquarum</strong></span> <span class='ocrx_word' id='word_1_324' title='bbox 3402 1666 3494 1704; x_wconf 85' lang='lat' dir='ltr'><strong>co-</strong></span> 
     </span>
    </p>
   </div>
   <div class='ocr_carea' id='block_1_48' title="bbox 1914 1743 3492 1818">
    <p class='ocr_par' dir='ltr' id='par_1_48' title="bbox 1914 1743 3492 1818">
     <span class='ocr_line' id='line_1_48' title="bbox 1914 1743 3492 1818; baseline -0.005 -17"><span class='ocrx_word' id='word_1_325' title='bbox 1914 1751 2052 1818; x_wconf 84' lang='lat' dir='ltr'><strong>pias,</strong></span> <span class='ocrx_word' id='word_1_326' title='bbox 2089 1749 2210 1802; x_wconf 80' lang='lat' dir='ltr'><strong>lota:</strong></span> <span class='ocrx_word' id='word_1_327' title='bbox 2241 1750 2292 1800; x_wconf 88' lang='lat' dir='ltr'><strong>in</strong></span> <span class='ocrx_word' id='word_1_328' title='bbox 2320 1749 2476 1811; x_wconf 84' lang='lat' dir='ltr'><strong>lacte,</strong></span> <span class='ocrx_word' id='word_1_329' title='bbox 2506 1746 2739 1800; x_wconf 81' lang='lat' dir='ltr'><strong>sedentes</strong></span> <span class='ocrx_word' id='word_1_330' title='bbox 2763 1761 2920 1813; x_wconf 86' lang='lat' dir='ltr'><strong>super</strong></span> <span class='ocrx_word' id='word_1_331' title='bbox 2939 1743 3290 1813; x_wconf 82' lang='lat' dir='ltr'><strong>plenitudines</strong></span> <span class='ocrx_word' id='word_1_332' title='bbox 3319 1758 3492 1812; x_wconf 81' lang='lat' dir='ltr'><strong>aqua-</strong></span> 
     </span>
    </p>
   </div>
   <div class='ocr_carea' id='block_1_49' title="bbox 1915 1835 3493 1905">
    <p class='ocr_par' dir='ltr' id='par_1_49' title="bbox 1915 1835 3493 1905">
     <span class='ocr_line' id='line_1_49' title="bbox 1915 1835 3493 1905; baseline -0.004 -10"><span class='ocrx_word' id='word_1_333' title='bbox 1915 1859 2052 1895; x_wconf 86' lang='lat' dir='ltr'><strong>rum.</strong></span> <span class='ocrx_word' id='word_1_334' title='bbox 2080 1840 2282 1895; x_wconf 90' lang='lat' dir='ltr'><strong>IIorum</strong></span> <span class='ocrx_word' id='word_1_335' title='bbox 2323 1847 2501 1893; x_wconf 91' lang='lat' dir='ltr'><strong>autem</strong></span> <span class='ocrx_word' id='word_1_336' title='bbox 2526 1839 2813 1892; x_wconf 79' lang='lat' dir='ltr'><strong>verborum</strong></span> <span class='ocrx_word' id='word_1_337' title='bbox 2846 1836 3114 1892; x_wconf 87' lang='lat' dir='ltr'><strong>sententia</strong></span> <span class='ocrx_word' id='word_1_338' title='bbox 3140 1835 3493 1905; x_wconf 86' lang='lat' dir='ltr'><strong>perceptione</strong></span> 
     </span>
    </p>
   </div>
   <div class='ocr_carea' id='block_1_50' title="bbox 1916 1928 3494 2004">
    <p class='ocr_par' dir='ltr' id='par_1_50' title="bbox 1916 1928 3494 2004">
     <span class='ocr_line' id='line_1_50' title="bbox 1916 1928 3494 2004; baseline -0.004 -17"><span class='ocrx_word' id='word_1_339' title='bbox 1916 1934 2132 2004; x_wconf 88' lang='lat' dir='ltr'><strong>quidem</strong></span> <span class='ocrx_word' id='word_1_340' title='bbox 2175 1941 2360 1988; x_wconf 87' lang='lat' dir='ltr'><strong>nostra</strong></span> <span class='ocrx_word' id='word_1_341' title='bbox 2397 1934 2682 1987; x_wconf 87' lang='lat' dir='ltr'><strong>sublimior</strong></span> <span class='ocrx_word' id='word_1_342' title='bbox 2737 1940 2857 1998; x_wconf 91' lang='lat' dir='ltr'><strong>est;</strong></span> <span class='ocrx_word' id='word_1_343' title='bbox 2902 1929 3132 1984; x_wconf 72' lang='lat' dir='ltr'><strong>inferius</strong></span> <span class='ocrx_word' id='word_1_344' title='bbox 3177 1928 3324 1982; x_wconf 90' lang='lat' dir='ltr'><strong>enim</strong></span> <span class='ocrx_word' id='word_1_345' title='bbox 3369 1942 3494 1982; x_wconf 86' lang='lat' dir='ltr'><strong>esse</strong></span> 
     </span>
    </p>
   </div>
   <div class='ocr_carea' id='block_1_51' title="bbox 1921 2019 3493 2095">
    <p class='ocr_par' dir='ltr' id='par_1_51' title="bbox 1921 2019 3493 2095">
     <span class='ocr_line' id='line_1_51' title="bbox 1921 2019 3493 2095; baseline -0.005 -15"><span class='ocrx_word' id='word_1_346' title='bbox 1921 2026 2037 2095; x_wconf 90' lang='lat' dir='ltr'><strong>ipsa</strong></span> <span class='ocrx_word' id='word_1_347' title='bbox 2070 2026 2297 2080; x_wconf 79' lang='lat' dir='ltr'><strong>veritate</strong></span> <span class='ocrx_word' id='word_1_348' title='bbox 2329 2021 2968 2092; x_wconf 88' lang='lat' dir='ltr'><strong>arbitramur,quidquid</strong></span> <span class='ocrx_word' id='word_1_349' title='bbox 2994 2021 3061 2076; x_wconf 89' lang='lat' dir='ltr'><strong>de</strong></span> <span class='ocrx_word' id='word_1_350' title='bbox 3100 2019 3182 2074; x_wconf 90' lang='lat' dir='ltr'><strong>eis</strong></span> <span class='ocrx_word' id='word_1_351' title='bbox 3212 2019 3493 2088; x_wconf 76' lang='lat' dir='ltr'><strong>cogitave—</strong></span> 
     </span>
    </p>
   </div>
   <div class='ocr_carea' id='block_1_52' title="bbox 1917 2099 3492 2182">
    <p class='ocr_par' dir='ltr' id='par_1_52' title="bbox 1917 2099 3492 2182">
     <span class='ocr_line' id='line_1_52' title="bbox 1917 2099 3492 2182; baseline -0.006 -10"><span class='ocrx_word' id='word_1_352' title='bbox 1917 2117 2118 2182; x_wconf 83' lang='lat' dir='ltr'><strong>rimus;</strong></span> <span class='ocrx_word' id='word_1_353' title='bbox 2146 2117 2240 2172; x_wconf 88' lang='lat' dir='ltr'><strong>sed</strong></span> <span class='ocrx_word' id='word_1_354' title='bbox 2267 2123 2448 2170; x_wconf 90' lang='lat' dir='ltr'><strong>tamen</strong></span> <span class='ocrx_word' id='word_1_355' title='bbox 2502 2115 2746 2170; x_wconf 88' lang='lat' dir='ltr'><strong>studiose</strong></span> <span class='ocrx_word' id='word_1_356' title='bbox 2799 2099 2945 2167; x_wconf 79' lang='lat' dir='ltr'><strong>illam</strong></span> <span class='ocrx_word' id='word_1_357' title='bbox 2990 2109 3492 2170; x_wconf 85' lang='lat' dir='ltr'><strong>considerantibus,</strong></span> 
     </span>
    </p>
   </div>
   <div class='ocr_carea' id='block_1_53' title="bbox 1921 2197 3485 2274">
    <p class='ocr_par' dir='ltr' id='par_1_53' title="bbox 1921 2197 3485 2274">
     <span class='ocr_line' id='line_1_53' title="bbox 1921 2197 3485 2274; baseline -0.003 -16"><span class='ocrx_word' id='word_1_358' title='bbox 1921 2204 2228 2274; x_wconf 82' lang='lat' dir='ltr'><strong>Itujusmodi</strong></span> <span class='ocrx_word' id='word_1_359' title='bbox 2257 2204 2501 2274; x_wconf 72' lang='lat' dir='ltr'><strong>quaedam</strong></span> <span class='ocrx_word' id='word_1_360' title='bbox 2532 2218 2655 2258; x_wconf 89' lang='lat' dir='ltr'><strong>esse</strong></span> <span class='ocrx_word' id='word_1_361' title='bbox 2681 2202 2924 2258; x_wconf 85' lang='lat' dir='ltr'><strong>videtur:</strong></span> <span class='ocrx_word' id='word_1_362' title='bbox 2951 2201 3038 2254; x_wconf 77' lang='lat' dir='ltr'><strong>Ait</strong></span> <span class='ocrx_word' id='word_1_363' title='bbox 3065 2199 3265 2253; x_wconf 90' lang='lat' dir='ltr'><strong>alicubi</strong></span> <span class='ocrx_word' id='word_1_364' title='bbox 3291 2199 3407 2254; x_wconf 83' lang='lat' dir='ltr'><strong>suis</strong></span> <span class='ocrx_word' id='word_1_365' title='bbox 3428 2197 3485 2253; x_wconf 88' lang='lat' dir='ltr'><strong>in</strong></span> 
     </span>
    </p>
   </div>
   <div class='ocr_carea' id='block_1_54' title="bbox 1922 2288 3494 2360">
    <p class='ocr_par' dir='ltr' id='par_1_54' title="bbox 1922 2288 3494 2360">
     <span class='ocr_line' id='line_1_54' title="bbox 1922 2288 3494 2360; baseline -0.005 -8"><span class='ocrx_word' id='word_1_366' title='bbox 1922 2288 2332 2352; x_wconf 76' lang='lat' dir='ltr'><strong>commentariis</strong></span> <span class='ocrx_word' id='word_1_367' title='bbox 2411 2295 2627 2349; x_wconf 88' lang='lat' dir='ltr'><strong>divinus</strong></span> <span class='ocrx_word' id='word_1_368' title='bbox 2679 2294 2768 2348; x_wconf 91' lang='lat' dir='ltr'><strong>ille</strong></span> <span class='ocrx_word' id='word_1_369' title='bbox 2821 2292 3138 2360; x_wconf 81' lang='lat' dir='ltr'><strong>Apostolus,</strong></span> <span class='ocrx_word' id='word_1_370' title='bbox 3174 2306 3282 2344; x_wconf 90' lang='lat' dir='ltr'><strong>non</strong></span> <span class='ocrx_word' id='word_1_371' title='bbox 3331 2304 3494 2359; x_wconf 89' lang='lat' dir='ltr'><strong>posse</strong></span> 
     </span>
    </p>
   </div>
   <div class='ocr_carea' id='block_1_55' title="bbox 1921 2378 3500 2448">
    <p class='ocr_par' dir='ltr' id='par_1_55' title="bbox 1921 2378 3500 2448">
     <span class='ocr_line' id='line_1_55' title="bbox 1921 2378 3500 2448; baseline -0.003 -14"><span class='ocrx_word' id='word_1_372' title='bbox 1921 2381 2136 2436; x_wconf 87' lang='lat' dir='ltr'><strong>oculum</strong></span> <span class='ocrx_word' id='word_1_373' title='bbox 2172 2382 2351 2434; x_wconf 87' lang='lat' dir='ltr'><strong>manui</strong></span> <span class='ocrx_word' id='word_1_374' title='bbox 2373 2382 2574 2442; x_wconf 84' lang='lat' dir='ltr'><strong>dicere.</strong></span> <span class='ocrx_word' id='word_1_375' title='bbox 2611 2379 2730 2434; x_wconf 84' lang='lat' dir='ltr'><strong>Non</strong></span> <span class='ocrx_word' id='word_1_376' title='bbox 2766 2379 2966 2433; x_wconf 76' lang='lat' dir='ltr'><strong>mittite</strong></span> <span class='ocrx_word' id='word_1_377' title='bbox 2989 2396 3116 2448; x_wconf 85' lang='lat' dir='ltr'><strong>opus</strong></span> <span class='ocrx_word' id='word_1_378' title='bbox 3139 2388 3214 2432; x_wconf 85' lang='lat' dir='ltr'><strong>est</strong></span> <span class='ocrx_word' id='word_1_379' title='bbox 3246 2379 3291 2410; x_wconf 86' lang='grc'>¹⁸</span> <span class='ocrx_word' id='word_1_380' title='bbox 3333 2392 3349 2427; x_wconf 86' lang='lat'><strong>:</strong></span> <span class='ocrx_word' id='word_1_381' title='bbox 3378 2378 3500 2448; x_wconf 86' lang='lat' dir='ltr'><strong>qui-</strong></span> 
     </span>
    </p>
   </div>
   <div class='ocr_carea' id='block_1_56' title="bbox 1921 2468 3500 2538">
    <p class='ocr_par' dir='ltr' id='par_1_56' title="bbox 1921 2468 3500 2538">
     <span class='ocr_line' id='line_1_56' title="bbox 1921 2468 3500 2538; baseline -0.002 -12"><span class='ocrx_word' id='word_1_382' title='bbox 1921 2471 2024 2526; x_wconf 93' lang='lat' dir='ltr'><strong>bus</strong></span> <span class='ocrx_word' id='word_1_383' title='bbox 2055 2471 2236 2527; x_wconf 82' lang='lat' dir='ltr'><strong>verbis</strong></span> <span class='ocrx_word' id='word_1_384' title='bbox 2264 2471 2458 2526; x_wconf 89' lang='lat' dir='ltr'><strong>docere</strong></span> <span class='ocrx_word' id='word_1_385' title='bbox 2487 2471 2623 2532; x_wconf 86' lang='lat' dir='ltr'><strong>vult.</strong></span> <span class='ocrx_word' id='word_1_386' title='bbox 2669 2470 2867 2525; x_wconf 88' lang='lat' dir='ltr'><strong>debere</strong></span> <span class='ocrx_word' id='word_1_387' title='bbox 2909 2485 3110 2538; x_wconf 81' lang='lat' dir='ltr'><strong>corpus</strong></span> <span class='ocrx_word' id='word_1_388' title='bbox 3149 2468 3405 2524; x_wconf 84' lang='lat' dir='ltr'><strong>Ecclesiae</strong></span> <span class='ocrx_word' id='word_1_389' title='bbox 3429 2468 3500 2523; x_wconf 91' lang='lat' dir='ltr'><strong>ab</strong></span> 
     </span>
    </p>
   </div>
   <div class='ocr_carea' id='block_1_57' title="bbox 1924 2559 3499 2634">
    <p class='ocr_par' dir='ltr' id='par_1_57' title="bbox 1924 2559 3499 2634">
     <span class='ocr_line' id='line_1_57' title="bbox 1924 2559 3499 2634; baseline -0.003 -15"><span class='ocrx_word' id='word_1_390' title='bbox 1924 2573 2156 2634; x_wconf 89' lang='lat' dir='ltr'><strong>utroque</strong></span> <span class='ocrx_word' id='word_1_391' title='bbox 2204 2571 2348 2619; x_wconf 65' lang='lat' dir='ltr'><strong>recte</strong></span> <span class='ocrx_word' id='word_1_392' title='bbox 2377 2569 2750 2631; x_wconf 88' lang='lat' dir='ltr'><strong>comparatum</strong></span> <span class='ocrx_word' id='word_1_393' title='bbox 2791 2576 2933 2622; x_wconf 85' lang='lat' dir='ltr'><strong>esse,</strong></span> <span class='ocrx_word' id='word_1_394' title='bbox 2966 2571 3072 2614; x_wconf 86' lang='lat' dir='ltr'><strong>tam</strong></span> <span class='ocrx_word' id='word_1_395' title='bbox 3129 2559 3499 2630; x_wconf 89' lang='lat' dir='ltr'><strong>perspiciendi</strong></span> 
     </span>
    </p>
   </div>
   <div class='ocr_carea' id='block_1_58' title="bbox 1926 2651 3492 2723">
    <p class='ocr_par' dir='ltr' id='par_1_58' title="bbox 1926 2651 3492 2723">
     <span class='ocr_line' id='line_1_58' title="bbox 1926 2651 3492 2723; baseline -0.004 -13"><span class='ocrx_word' id='word_1_396' title='bbox 1926 2657 2170 2717; x_wconf 85' lang='lat' dir='ltr'><strong>veritate,</strong></span> <span class='ocrx_word' id='word_1_397' title='bbox 2200 2669 2360 2723; x_wconf 91' lang='lat' dir='ltr'><strong>quam</strong></span> <span class='ocrx_word' id='word_1_398' title='bbox 2390 2653 2581 2721; x_wconf 79' lang='lat' dir='ltr'><strong>agendi</strong></span> <span class='ocrx_word' id='word_1_399' title='bbox 2616 2652 2666 2705; x_wconf 89' lang='lat' dir='ltr'><strong>vi</strong></span> <span class='ocrx_word' id='word_1_400' title='bbox 2701 2653 2841 2705; x_wconf 90' lang='lat' dir='ltr'><strong>inter</strong></span> <span class='ocrx_word' id='word_1_401' title='bbox 2876 2667 2934 2705; x_wconf 89' lang='lat' dir='ltr'><strong>se</strong></span> <span class='ocrx_word' id='word_1_402' title='bbox 2961 2651 3116 2720; x_wconf 87' lang='lat' dir='ltr'><strong>quasi</strong></span> <span class='ocrx_word' id='word_1_403' title='bbox 3146 2658 3448 2720; x_wconf 90' lang='lat' dir='ltr'><strong>temperata</strong></span> <span class='ocrx_word' id='word_1_404' title='bbox 3477 2666 3492 2703; x_wconf 92' lang='lat'>:</span> 
     </span>
    </p>
   </div>
   <div class='ocr_carea' id='block_1_59' title="bbox 1925 2742 3495 2817">
    <p class='ocr_par' dir='ltr' id='par_1_59' title="bbox 1925 2742 3495 2817">
     <span class='ocr_line' id='line_1_59' title="bbox 1925 2742 3495 2817; baseline -0.003 -18"><span class='ocrx_word' id='word_1_405' title='bbox 1925 2748 2125 2817; x_wconf 90' lang='lat' dir='ltr'><strong>quippe</strong></span> <span class='ocrx_word' id='word_1_406' title='bbox 2185 2744 2329 2815; x_wconf 87' lang='lat' dir='ltr'><strong>quod</strong></span> <span class='ocrx_word' id='word_1_407' title='bbox 2373 2759 2549 2813; x_wconf 88' lang='lat' dir='ltr'><strong>neque</strong></span> <span class='ocrx_word' id='word_1_408' title='bbox 2601 2742 2992 2810; x_wconf 82' lang='lat' dir='ltr'><strong>contemplatio</strong></span> <span class='ocrx_word' id='word_1_409' title='bbox 3044 2757 3139 2810; x_wconf 90' lang='lat' dir='ltr'><strong>per</strong></span> <span class='ocrx_word' id='word_1_410' title='bbox 3169 2756 3229 2796; x_wconf 87' lang='lat' dir='ltr'><strong>sc</strong></span> <span class='ocrx_word' id='word_1_411' title='bbox 3253 2742 3495 2794; x_wconf 89' lang='lat' dir='ltr'><strong>animam</strong></span> 
     </span>
    </p>
   </div>
   <div class='ocr_carea' id='block_1_60' title="bbox 1926 2831 3502 2908">
    <p class='ocr_par' dir='ltr' id='par_1_60' title="bbox 1926 2831 3502 2908">
     <span class='ocr_line' id='line_1_60' title="bbox 1926 2831 3502 2908; baseline -0.006 -15"><span class='ocrx_word' id='word_1_412' title='bbox 1926 2837 2191 2908; x_wconf 77' lang='lat' dir='ltr'><strong>perﬁciat,</strong></span> <span class='ocrx_word' id='word_1_413' title='bbox 2216 2835 2320 2890; x_wconf 88' lang='lat' dir='ltr'><strong>nisi</strong></span> <span class='ocrx_word' id='word_1_414' title='bbox 2371 2834 2551 2888; x_wconf 83' lang='lat' dir='ltr'><strong>adsint</strong></span> <span class='ocrx_word' id='word_1_415' title='bbox 2581 2842 2633 2886; x_wconf 90' lang='lat' dir='ltr'><strong>et</strong></span> <span class='ocrx_word' id='word_1_416' title='bbox 2672 2847 2838 2902; x_wconf 86' lang='lat' dir='ltr'><strong>opera</strong></span> <span class='ocrx_word' id='word_1_417' title='bbox 2873 2833 3037 2886; x_wconf 88' lang='lat' dir='ltr'><strong>vitam</strong></span> <span class='ocrx_word' id='word_1_418' title='bbox 3085 2831 3356 2901; x_wconf 86' lang='lat' dir='ltr'><strong>egregiam</strong></span> <span class='ocrx_word' id='word_1_419' title='bbox 3400 2831 3502 2884; x_wconf 80' lang='lat' dir='ltr'><strong>ab-</strong></span> 
     </span>
    </p>
   </div>
   <div class='ocr_carea' id='block_1_61' title="bbox 1927 2923 3504 2994">
    <p class='ocr_par' dir='ltr' id='par_1_61' title="bbox 1927 2923 3504 2994">
     <span class='ocr_line' id='line_1_61' title="bbox 1927 2923 3504 2994; baseline -0.005 -12"><span class='ocrx_word' id='word_1_420' title='bbox 1927 2928 2231 2994; x_wconf 88' lang='lat' dir='ltr'><strong>solventia;</strong></span> <span class='ocrx_word' id='word_1_421' title='bbox 2271 2940 2443 2994; x_wconf 90' lang='lat' dir='ltr'><strong>neque</strong></span> <span class='ocrx_word' id='word_1_422' title='bbox 2499 2923 2838 2994; x_wconf 84' lang='lat' dir='ltr'><strong>philosophia</strong></span> <span class='ocrx_word' id='word_1_423' title='bbox 2896 2933 3162 2992; x_wconf 90' lang='lat' dir='ltr'><strong>occupata</strong></span> <span class='ocrx_word' id='word_1_424' title='bbox 3206 2923 3258 2976; x_wconf 92' lang='lat' dir='ltr'><strong>in</strong></span> <span class='ocrx_word' id='word_1_425' title='bbox 3291 2923 3504 2993; x_wconf 84' lang='lat' dir='ltr'><strong>agendo</strong></span> 
     </span>
    </p>
   </div>
   <div class='ocr_carea' id='block_1_62' title="bbox 240 3008 1826 3108">
    <p class='ocr_par' dir='ltr' id='par_1_62' title="bbox 240 3008 1826 3084">
     <span class='ocr_line' id='line_1_62' title="bbox 240 3008 1826 3084; baseline -0.002 -19"><span class='ocrx_word' id='word_1_426' title='bbox 240 3013 512 3084; x_wconf 81' lang='grc' dir='ltr'><strong>εχομένης</strong></span> <span class='ocrx_word' id='word_1_427' title='bbox 566 3011 664 3081; x_wconf 80' lang='grc' dir='ltr'><strong>τὴν</strong></span> <span class='ocrx_word' id='word_1_428' title='bbox 696 3010 986 3079; x_wconf 80' lang='grc' dir='ltr'><strong>ὠφέλειαν,</strong></span> <span class='ocrx_word' id='word_1_429' title='bbox 1019 3010 1092 3080; x_wconf 84' lang='grc' dir='ltr'><strong>μὴ</strong></span> <span class='ocrx_word' id='word_1_430' title='bbox 1138 3009 1237 3078; x_wconf 83' lang='grc' dir='ltr'><strong>τῆς</strong></span> <span class='ocrx_word' id='word_1_431' title='bbox 1266 3008 1521 3081; x_wconf 79' lang='grc' dir='ltr'><strong>ἀληθινῆς</strong></span> <span class='ocrx_word' id='word_1_432' title='bbox 1549 3009 1826 3072; x_wconf 79' lang='grc' dir='ltr'><strong>εὐσεϐείας</strong></span> 
     </span>
    </p>
   </div>
   <div class='ocr_carea' id='block_1_63' title="bbox 1929 3008 3491 3108">
    <p class='ocr_par' dir='ltr' id='par_1_63' title="bbox 1930 3013 3491 3082">
     <span class='ocr_line' id='line_1_63' title="bbox 1930 3013 3491 3082; baseline -0.003 -11"><span class='ocrx_word' id='word_1_433' title='bbox 1930 3019 2063 3071; x_wconf 90' lang='lat' dir='ltr'><strong>satis</strong></span> <span class='ocrx_word' id='word_1_434' title='bbox 2110 3017 2182 3071; x_wconf 91' lang='lat' dir='ltr'><strong>sit</strong></span> <span class='ocrx_word' id='word_1_435' title='bbox 2233 3015 2402 3078; x_wconf 90' lang='lat' dir='ltr'><strong>utilis,</strong></span> <span class='ocrx_word' id='word_1_436' title='bbox 2457 3015 2559 3068; x_wconf 89' lang='lat' dir='ltr'><strong>nisi</strong></span> <span class='ocrx_word' id='word_1_437' title='bbox 2595 3028 2720 3068; x_wconf 90' lang='lat' dir='ltr'><strong>vera</strong></span> <span class='ocrx_word' id='word_1_438' title='bbox 2758 3013 2930 3082; x_wconf 89' lang='lat' dir='ltr'><strong>pietas</strong></span> <span class='ocrx_word' id='word_1_439' title='bbox 2959 3029 3144 3068; x_wconf 90' lang='lat' dir='ltr'><strong>eorum</strong></span> <span class='ocrx_word' id='word_1_440' title='bbox 3183 3029 3304 3082; x_wconf 79' lang='lat' dir='ltr'><strong>qua:</strong></span> <span class='ocrx_word' id='word_1_441' title='bbox 3355 3015 3491 3066; x_wconf 90' lang='lat' dir='ltr'><strong>Iiunt</strong></span> 
     </span>
    </p>
   </div>
   <div class='ocr_carea' id='block_1_64' title="bbox 242 3100 1826 3174">
    <p class='ocr_par' dir='ltr' id='par_1_64' title="bbox 242 3100 1826 3174">
     <span class='ocr_line' id='line_1_64' title="bbox 242 3100 1826 3174; baseline -0.003 -17"><span class='ocrx_word' id='word_1_442' title='bbox 242 3105 356 3158; x_wconf 88' lang='grc' dir='ltr'><strong>τῶν</strong></span> <span class='ocrx_word' id='word_1_443' title='bbox 377 3102 675 3174; x_wconf 89' lang='grc' dir='ltr'><strong>γινομένων</strong></span> <span class='ocrx_word' id='word_1_444' title='bbox 733 3100 1167 3172; x_wconf 86' lang='grc' dir='ltr'><strong>καθηγουμένης.</strong></span> <span class='ocrx_word' id='word_1_445' title='bbox 1230 3101 1292 3152; x_wconf 77' lang='lat' dir='ltr'><strong>Ei</strong></span> <span class='ocrx_word' id='word_1_446' title='bbox 1340 3100 1516 3153; x_wconf 86' lang='grc' dir='ltr'><strong>τοίνυν</strong></span> <span class='ocrx_word' id='word_1_447' title='bbox 1553 3100 1826 3168; x_wconf 84' lang='grc' dir='ltr'><strong>ἀναγκαία</strong></span> 
     </span>
    </p>
   </div>
   <div class='ocr_carea' id='block_1_65' title="bbox 243 3192 1830 3265">
    <p class='ocr_par' dir='ltr' id='par_1_65' title="bbox 243 3192 1830 3265">
     <span class='ocr_line' id='line_1_65' title="bbox 243 3192 1830 3265; baseline -0.003 -15"><span class='ocrx_word' id='word_1_448' title='bbox 243 3197 358 3250; x_wconf 80' lang='grc' dir='ltr'><strong>τῶν</strong></span> <span class='ocrx_word' id='word_1_449' title='bbox 380 3194 676 3264; x_wconf 74' lang='grc' dir='ltr'><strong>ὀφθαλμῶν</strong></span> <span class='ocrx_word' id='word_1_450' title='bbox 705 3194 839 3265; x_wconf 75' lang='grc' dir='ltr'><strong>πρὸς</strong></span> <span class='ocrx_word' id='word_1_451' title='bbox 872 3195 968 3256; x_wconf 77' lang='grc' dir='ltr'><strong>τὰς</strong></span> <span class='ocrx_word' id='word_1_452' title='bbox 991 3193 1175 3264; x_wconf 83' lang='grc' dir='ltr'><strong>χεῖράς</strong></span> <span class='ocrx_word' id='word_1_453' title='bbox 1193 3193 1338 3245; x_wconf 82' lang='grc' dir='ltr'><strong>ἐστιν</strong></span> <span class='ocrx_word' id='word_1_454' title='bbox 1364 3195 1395 3262; x_wconf 85' lang='grc' dir='ltr'>ἡ</span> <span class='ocrx_word' id='word_1_455' title='bbox 1423 3193 1670 3262; x_wconf 77' lang='grc' dir='ltr'><strong>συζυγία,</strong></span> <span class='ocrx_word' id='word_1_456' title='bbox 1687 3192 1830 3263; x_wconf 81' lang='grc' dir='ltr'><strong>τάχα</strong></span> 
     </span>
    </p>
   </div>
   <div class='ocr_carea' id='block_1_66' title="bbox 247 3283 1827 3359">
    <p class='ocr_par' dir='ltr' id='par_1_66' title="bbox 247 3283 1827 3359">
     <span class='ocr_line' id='line_1_66' title="bbox 247 3283 1827 3359; baseline -0.003 -17"><span class='ocrx_word' id='word_1_457' title='bbox 247 3285 640 3359; x_wconf 82' lang='grc' dir='ltr'><strong>προσαγόμεθα</strong></span> <span class='ocrx_word' id='word_1_458' title='bbox 673 3286 760 3338; x_wconf 77' lang='grc' dir='ltr'><strong>διὰ</strong></span> <span class='ocrx_word' id='word_1_459' title='bbox 808 3283 917 3337; x_wconf 90' lang='grc' dir='ltr'><strong>τῶν</strong></span> <span class='ocrx_word' id='word_1_460' title='bbox 965 3283 1290 3355; x_wconf 73' lang='grc' dir='ltr'><strong>εἰρημένων,</strong></span> <span class='ocrx_word' id='word_1_461' title='bbox 1317 3283 1527 3356; x_wconf 84' lang='grc' dir='ltr'><strong>πρῶτον</strong></span> <span class='ocrx_word' id='word_1_462' title='bbox 1575 3285 1672 3355; x_wconf 82' lang='grc' dir='ltr'><strong>μὲν</strong></span> <span class='ocrx_word' id='word_1_463' title='bbox 1702 3286 1827 3348; x_wconf 82' lang='grc' dir='ltr'><strong>τοὺς</strong></span> 
     </span>
    </p>
   </div>
   <div class='ocr_carea' id='block_1_67' title="bbox 245 3374 1830 3450">
    <p class='ocr_par' dir='ltr' id='par_1_67' title="bbox 245 3374 1830 3450">
     <span class='ocr_line' id='line_1_67' title="bbox 245 3374 1830 3450; baseline -0.003 -19"><span class='ocrx_word' id='word_1_464' title='bbox 245 3377 583 3450; x_wconf 75' lang='grc' dir='ltr'><strong>ὀφθαλμοὺς,</strong></span> <span class='ocrx_word' id='word_1_465' title='bbox 617 3375 809 3439; x_wconf 79' lang='grc' dir='ltr'><strong>οἵτινές</strong></span> <span class='ocrx_word' id='word_1_466' title='bbox 841 3377 968 3441; x_wconf 88' lang='grc' dir='ltr'><strong>εἰσι,</strong></span> <span class='ocrx_word' id='word_1_467' title='bbox 1026 3375 1356 3444; x_wconf 79' lang='grc' dir='ltr'><strong>κατανοῆσαι</strong></span> <span class='ocrx_word' id='word_1_468' title='bbox 1381 3392 1394 3406; x_wconf 90' lang='grc'><strong>·</strong></span> <span class='ocrx_word' id='word_1_469' title='bbox 1427 3374 1614 3427; x_wconf 82' lang='grc' dir='ltr'><strong>ἔπειτα</strong></span> <span class='ocrx_word' id='word_1_470' title='bbox 1651 3375 1707 3427; x_wconf 82' lang='grc' dir='ltr'>δὲ</span> <span class='ocrx_word' id='word_1_471' title='bbox 1736 3375 1830 3429; x_wconf 78' lang='grc' dir='ltr'><strong>καὶ</strong></span> 
     </span>
    </p>
   </div>
   <div class='ocr_carea' id='block_1_68' title="bbox 243 3464 1829 3540">
    <p class='ocr_par' dir='ltr' id='par_1_68' title="bbox 243 3464 1829 3540">
     <span class='ocr_line' id='line_1_68' title="bbox 243 3464 1829 3540; baseline -0.004 -17"><span class='ocrx_word' id='word_1_472' title='bbox 243 3471 344 3523; x_wconf 71' lang='grc' dir='ltr'><strong>τὸν</strong></span> <span class='ocrx_word' id='word_1_473' title='bbox 365 3469 493 3540; x_wconf 72' lang='grc' dir='ltr'><strong>περὶ</strong></span> <span class='ocrx_word' id='word_1_474' title='bbox 523 3467 700 3522; x_wconf 85' lang='grc' dir='ltr'><strong>αὐτῶν</strong></span> <span class='ocrx_word' id='word_1_475' title='bbox 725 3466 944 3520; x_wconf 73' lang='grc' dir='ltr'><strong>ἔπαινον</strong></span> <span class='ocrx_word' id='word_1_476' title='bbox 965 3467 1022 3518; x_wconf 84' lang='grc' dir='ltr'><strong>ὲν</strong></span> <span class='ocrx_word' id='word_1_477' title='bbox 1044 3465 1244 3538; x_wconf 75' lang='grc' dir='ltr'><strong>θεωρίᾳ</strong></span> <span class='ocrx_word' id='word_1_478' title='bbox 1265 3464 1446 3520; x_wconf 75' lang='grc' dir='ltr'><strong>λαϐεῖν</strong></span> <span class='ocrx_word' id='word_1_479' title='bbox 1469 3481 1482 3495; x_wconf 92' lang='grc'><strong>⁸</strong></span> <span class='ocrx_word' id='word_1_480' title='bbox 1511 3467 1600 3517; x_wconf 86' lang='grc' dir='ltr'><strong>τδν</strong></span> <span class='ocrx_word' id='word_1_481' title='bbox 1626 3465 1680 3518; x_wconf 84' lang='grc' dir='ltr'>δὲ</span> <span class='ocrx_word' id='word_1_482' title='bbox 1702 3465 1829 3535; x_wconf 80' lang='grc' dir='ltr'><strong>περὶ</strong></span> 
     </span>
    </p>
   </div>
   <div class='ocr_carea' id='block_1_69' title="bbox 244 3555 1830 3631">
    <p class='ocr_par' dir='ltr' id='par_1_69' title="bbox 244 3555 1830 3631">
     <span class='ocr_line' id='line_1_69' title="bbox 244 3555 1830 3631; baseline -0.002 -18"><span class='ocrx_word' id='word_1_483' title='bbox 244 3560 361 3614; x_wconf 86' lang='grc' dir='ltr'><strong>τῶν</strong></span> <span class='ocrx_word' id='word_1_484' title='bbox 376 3559 574 3631; x_wconf 87' lang='grc' dir='ltr'><strong>χειρῶν</strong></span> <span class='ocrx_word' id='word_1_485' title='bbox 603 3557 759 3626; x_wconf 71' lang='grc' dir='ltr'><strong>λόγον</strong></span> <span class='ocrx_word' id='word_1_486' title='bbox 797 3556 876 3626; x_wconf 87' lang='grc' dir='ltr'><strong>τῷ</strong></span> <span class='ocrx_word' id='word_1_487' title='bbox 902 3556 1015 3626; x_wconf 78' lang='grc' dir='ltr'><strong>ἰδίῳ</strong></span> <span class='ocrx_word' id='word_1_488' title='bbox 1030 3557 1430 3630; x_wconf 71' lang='grc' dir='ltr'><strong>ταμιευσάμεθα</strong></span> <span class='ocrx_word' id='word_1_489' title='bbox 1443 3559 1611 3629; x_wconf 73' lang='grc' dir='ltr'><strong>τόπῳο</strong></span> <span class='ocrx_word' id='word_1_490' title='bbox 1630 3555 1830 3625; x_wconf 80' lang='grc' dir='ltr'><strong>ὀφθαλ-</strong></span> 
     </span>
    </p>
   </div>
   <div class='ocr_carea' id='block_1_70' title="bbox 248 3646 1831 3724">
    <p class='ocr_par' dir='ltr' id='par_1_70' title="bbox 248 3646 1831 3724">
     <span class='ocr_line' id='line_1_70' title="bbox 248 3646 1831 3724; baseline -0.003 -19"><span class='ocrx_word' id='word_1_491' title='bbox 248 3654 372 3724; x_wconf 78' lang='grc' dir='ltr'><strong>μῶν</strong></span> <span class='ocrx_word' id='word_1_492' title='bbox 407 3652 516 3721; x_wconf 83' lang='grc' dir='ltr'><strong>γὰρ</strong></span> <span class='ocrx_word' id='word_1_493' title='bbox 576 3651 706 3704; x_wconf 75' lang='grc' dir='ltr'><strong>ἴδιον</strong></span> <span class='ocrx_word' id='word_1_494' title='bbox 745 3651 808 3702; x_wconf 84' lang='grc' dir='ltr'><strong>ὲκ</strong></span> <span class='ocrx_word' id='word_1_495' title='bbox 843 3647 1055 3718; x_wconf 85' lang='grc' dir='ltr'><strong>φύσεως</strong></span> <span class='ocrx_word' id='word_1_496' title='bbox 1101 3646 1259 3717; x_wconf 82' lang='grc' dir='ltr'><strong>ἔργον</strong></span> <span class='ocrx_word' id='word_1_497' title='bbox 1316 3646 1432 3699; x_wconf 76' lang='grc' dir='ltr'><strong>ἐστὶ</strong></span> <span class='ocrx_word' id='word_1_498' title='bbox 1454 3647 1513 3699; x_wconf 83' lang='grc' dir='ltr'><strong>τὸ</strong></span> <span class='ocrx_word' id='word_1_499' title='bbox 1563 3649 1718 3719; x_wconf 82' lang='grc' dir='ltr'><strong>ὀρᾷν⁸</strong></span> <span class='ocrx_word' id='word_1_500' title='bbox 1752 3647 1831 3701; x_wconf 82' lang='grc' dir='ltr'><strong>διδ</strong></span> 
     </span>
    </p>
   </div>
   <div class='ocr_carea' id='block_1_71' title="bbox 245 3739 1830 3815">
    <p class='ocr_par' dir='ltr' id='par_1_71' title="bbox 245 3739 1830 3815">
     <span class='ocr_line' id='line_1_71' title="bbox 245 3739 1830 3815; baseline -0.005 -15"><span class='ocrx_word' id='word_1_501' title='bbox 245 3747 394 3800; x_wconf 85' lang='grc' dir='ltr'><strong>κατά</strong></span> <span class='ocrx_word' id='word_1_502' title='bbox 444 3747 544 3815; x_wconf 84' lang='grc' dir='ltr'><strong>τὴν</strong></span> <span class='ocrx_word' id='word_1_503' title='bbox 594 3743 824 3812; x_wconf 86' lang='grc' dir='ltr'><strong>τοπικὴν</strong></span> <span class='ocrx_word' id='word_1_504' title='bbox 880 3741 1026 3794; x_wconf 82' lang='grc' dir='ltr'><strong>θέσιν</strong></span> <span class='ocrx_word' id='word_1_505' title='bbox 1069 3741 1286 3793; x_wconf 85' lang='grc' dir='ltr'><strong>πάντων</strong></span> <span class='ocrx_word' id='word_1_506' title='bbox 1329 3739 1677 3811; x_wconf 81' lang='grc' dir='ltr'><strong>ὑπέρκεινται</strong></span> <span class='ocrx_word' id='word_1_507' title='bbox 1725 3740 1830 3792; x_wconf 89' lang='grc' dir='ltr'><strong>τῶν</strong></span> 
     </span>
    </p>
   </div>
   <div class='ocr_carea' id='block_1_72' title="bbox 246 3830 1832 3908">
    <p class='ocr_par' dir='ltr' id='par_1_72' title="bbox 246 3830 1832 3908">
     <span class='ocr_line' id='line_1_72' title="bbox 246 3830 1832 3908; baseline -0.004 -16"><span class='ocrx_word' id='word_1_508' title='bbox 246 3836 648 3908; x_wconf 78' lang='grc' dir='ltr'><strong>αἰσθητηρίων,</strong></span> <span class='ocrx_word' id='word_1_509' title='bbox 682 3838 760 3898; x_wconf 89' lang='grc' dir='ltr'><strong>εἰς</strong></span> <span class='ocrx_word' id='word_1_510' title='bbox 790 3833 1008 3905; x_wconf 85' lang='grc' dir='ltr'><strong>ὁδηγίαν</strong></span> <span class='ocrx_word' id='word_1_511' title='bbox 1049 3830 1143 3884; x_wconf 85' lang='grc' dir='ltr'><strong>τοῦ</strong></span> <span class='ocrx_word' id='word_1_512' title='bbox 1194 3832 1392 3896; x_wconf 84' lang='grc' dir='ltr'><strong>παντὸς</strong></span> <span class='ocrx_word' id='word_1_513' title='bbox 1424 3832 1674 3904; x_wconf 86' lang='grc' dir='ltr'><strong>σώματος</strong></span> <span class='ocrx_word' id='word_1_514' title='bbox 1703 3850 1832 3904; x_wconf 86' lang='grc' dir='ltr'><strong>προ-</strong></span> 
     </span>
    </p>
   </div>
   <div class='ocr_carea' id='block_1_73' title="bbox 243 3919 1833 3998">
    <p class='ocr_par' dir='ltr' id='par_1_73' title="bbox 243 3919 1833 3998">
     <span class='ocr_line' id='line_1_73' title="bbox 243 3919 1833 3998; baseline -0.004 -16"><span class='ocrx_word' id='word_1_515' title='bbox 243 3928 578 3998; x_wconf 85' lang='grc' dir='ltr'><strong>τεταγμένοι</strong></span> <span class='ocrx_word' id='word_1_516' title='bbox 621 3926 770 3997; x_wconf 85' lang='grc' dir='ltr'><strong>παρά</strong></span> <span class='ocrx_word' id='word_1_517' title='bbox 815 3926 912 3996; x_wconf 83' lang='grc' dir='ltr'><strong>τῆς</strong></span> <span class='ocrx_word' id='word_1_518' title='bbox 984 3925 1216 3995; x_wconf 84' lang='grc' dir='ltr'><strong>φύσεως.</strong></span> <span class='ocrx_word' id='word_1_519' title='bbox 1271 3925 1437 3978; x_wconf 85' lang='grc' dir='ltr'><strong>Ὅταν</strong></span> <span class='ocrx_word' id='word_1_520' title='bbox 1461 3919 1552 3977; x_wconf 82' lang='grc' dir='ltr'><strong>οὖν</strong></span> <span class='ocrx_word' id='word_1_521' title='bbox 1582 3925 1706 3987; x_wconf 82' lang='grc' dir='ltr'><strong>τοὺς</strong></span> <span class='ocrx_word' id='word_1_522' title='bbox 1736 3924 1833 3993; x_wconf 80' lang='grc' dir='ltr'><strong>τῆς</strong></span> 
     </span>
    </p>
   </div>
   <div class='ocr_carea' id='block_1_74' title="bbox 245 4011 1835 4085">
    <p class='ocr_par' dir='ltr' id='par_1_74' title="bbox 245 4011 1835 4085">
     <span class='ocr_line' id='line_1_74' title="bbox 245 4011 1835 4085; baseline -0.003 -16"><span class='ocrx_word' id='word_1_523' title='bbox 245 4014 520 4085; x_wconf 80' lang='grc' dir='ltr'><strong>ἀληθείας</strong></span> <span class='ocrx_word' id='word_1_524' title='bbox 549 4013 994 4083; x_wconf 84' lang='grc' dir='ltr'><strong>καθηγουμένους</strong></span> <span class='ocrx_word' id='word_1_525' title='bbox 1020 4013 1169 4082; x_wconf 73' lang='grc' dir='ltr'><strong>παρὰ</strong></span> <span class='ocrx_word' id='word_1_526' title='bbox 1191 4013 1288 4083; x_wconf 78' lang='grc' dir='ltr'><strong>τῆς</strong></span> <span class='ocrx_word' id='word_1_527' title='bbox 1318 4011 1467 4076; x_wconf 88' lang='grc' dir='ltr'><strong>θείας</strong></span> <span class='ocrx_word' id='word_1_528' title='bbox 1493 4013 1716 4084; x_wconf 78' lang='grc' dir='ltr'><strong>Γραφῆς</strong></span> <span class='ocrx_word' id='word_1_529' title='bbox 1743 4012 1835 4066; x_wconf 82' lang='grc' dir='ltr'><strong>οὐ·</strong></span> 
     </span>
    </p>
   </div>
   <div class='ocr_carea' id='block_1_75' title="bbox 245 4097 1836 4175">
    <p class='ocr_par' dir='ltr' id='par_1_75' title="bbox 245 4097 1836 4175">
     <span class='ocr_line' id='line_1_75' title="bbox 245 4097 1836 4175; baseline -0.001 -16"><span class='ocrx_word' id='word_1_530' title='bbox 245 4123 364 4170; x_wconf 86' lang='grc' dir='ltr'><strong>τως</strong></span> <span class='ocrx_word' id='word_1_531' title='bbox 388 4104 819 4175; x_wconf 72' lang='grc' dir='ltr'><strong>ὀνομαζομένους</strong></span> <span class='ocrx_word' id='word_1_532' title='bbox 861 4103 1203 4174; x_wconf 85' lang='grc' dir='ltr'><strong>ἀκούσωμεν,</strong></span> <span class='ocrx_word' id='word_1_533' title='bbox 1231 4097 1305 4156; x_wconf 89' lang='grc' dir='ltr'><strong>ὧν</strong></span> <span class='ocrx_word' id='word_1_534' title='bbox 1332 4104 1358 4156; x_wconf 83' lang='grc' dir='ltr'><strong>ὁ</strong></span> <span class='ocrx_word' id='word_1_535' title='bbox 1394 4103 1490 4173; x_wconf 86' lang='grc' dir='ltr'><strong>μέν</strong></span> <span class='ocrx_word' id='word_1_536' title='bbox 1516 4121 1598 4166; x_wconf 88' lang='grc' dir='ltr'><strong>τις</strong></span> <span class='ocrx_word' id='word_1_537' title='bbox 1620 4103 1836 4172; x_wconf 80' lang='grc' dir='ltr'><strong>ἐλέγετο</strong></span> 
     </span>
    </p>
   </div>
   <div class='ocr_carea' id='block_1_76' title="bbox 248 4194 1834 4268">
    <p class='ocr_par' dir='ltr' id='par_1_76' title="bbox 248 4194 1834 4268">
     <span class='ocr_line' id='line_1_76' title="bbox 248 4194 1834 4268; baseline -0.001 -16"><span class='ocrx_word' id='word_1_538' title='bbox 248 4197 530 4262; x_wconf 63' lang='grc' dir='ltr'><strong>Βλέπων,</strong></span> <span class='ocrx_word' id='word_1_539' title='bbox 561 4197 746 4266; x_wconf 72' lang='grc' dir='ltr'><strong>ἕτερος</strong></span> <span class='ocrx_word' id='word_1_540' title='bbox 764 4196 819 4248; x_wconf 83' lang='grc' dir='ltr'><strong>δὲ</strong></span> <span class='ocrx_word' id='word_1_541' title='bbox 850 4199 883 4250; x_wconf 86' lang='grc' dir='ltr'><em>ὀ</em></span> <span class='ocrx_word' id='word_1_542' title='bbox 926 4194 1105 4263; x_wconf 78' lang='grc' dir='ltr'><strong>Ὁρῶν</strong></span> <span class='ocrx_word' id='word_1_543' title='bbox 1126 4213 1139 4226; x_wconf 92' lang='grc'><strong>⁸</strong></span> <span class='ocrx_word' id='word_1_544' title='bbox 1169 4195 1325 4259; x_wconf 78' lang='grc' dir='ltr'><strong>ἄλλος</strong></span> <span class='ocrx_word' id='word_1_545' title='bbox 1346 4196 1402 4248; x_wconf 79' lang='grc' dir='ltr'><strong>δὲ</strong></span> <span class='ocrx_word' id='word_1_546' title='bbox 1427 4197 1661 4262; x_wconf 84' lang='grc' dir='ltr'><strong>Σκοπὸς</strong></span> <span class='ocrx_word' id='word_1_547' title='bbox 1686 4197 1834 4268; x_wconf 77' lang='grc' dir='ltr'><strong>παρὰ</strong></span> 
     </span>
    </p>
   </div>
   <div class='ocr_carea' id='block_1_77' title="bbox 245 4275 1831 4359">
    <p class='ocr_par' dir='ltr' id='par_1_77' title="bbox 245 4275 1831 4359">
     <span class='ocr_line' id='line_1_77' title="bbox 245 4275 1831 4359; baseline -0.001 -18"><span class='ocrx_word' id='word_1_548' title='bbox 245 4289 331 4359; x_wconf 83' lang='grc' dir='ltr'><strong>τῷ</strong></span> <span class='ocrx_word' id='word_1_549' title='bbox 380 4285 502 4357; x_wconf 86' lang='grc' dir='ltr'><strong>Θεῷ</strong></span> <span class='ocrx_word' id='word_1_550' title='bbox 558 4285 699 4339; x_wconf 75' lang='grc' dir='ltr'><strong>οὕτω</strong></span> <span class='ocrx_word' id='word_1_551' title='bbox 741 4285 829 4339; x_wconf 74' lang='grc' dir='ltr'><strong>διὰ</strong></span> <span class='ocrx_word' id='word_1_552' title='bbox 870 4286 970 4355; x_wconf 76' lang='grc' dir='ltr'><strong>τῆς</strong></span> <span class='ocrx_word' id='word_1_553' title='bbox 1024 4286 1362 4357; x_wconf 81' lang='grc' dir='ltr'><strong>προφητείας</strong></span> <span class='ocrx_word' id='word_1_554' title='bbox 1417 4275 1831 4357; x_wconf 74' lang='grc' dir='ltr'><strong>ὠνομασμένος·</strong></span> 
     </span>
    </p>
   </div>
   <div class='ocr_carea' id='block_1_78' title="bbox 1929 3104 3505 3172">
    <p class='ocr_par' dir='ltr' id='par_1_78' title="bbox 1929 3104 3505 3172">
     <span class='ocr_line' id='line_1_78' title="bbox 1929 3104 3505 3172; baseline -0.003 -11"><span class='ocrx_word' id='word_1_555' title='bbox 1929 3108 2036 3161; x_wconf 81' lang='lat' dir='ltr'><strong>dux</strong></span> <span class='ocrx_word' id='word_1_556' title='bbox 2066 3109 2154 3162; x_wconf 88' lang='lat' dir='ltr'><strong>sit.</strong></span> <span class='ocrx_word' id='word_1_557' title='bbox 2184 3107 2362 3172; x_wconf 85' lang='lat' dir='ltr'><strong>Quare</strong></span> <span class='ocrx_word' id='word_1_558' title='bbox 2393 3104 2440 3159; x_wconf 89' lang='lat' dir='ltr'><strong>si</strong></span> <span class='ocrx_word' id='word_1_559' title='bbox 2494 3105 2804 3158; x_wconf 83' lang='lat' dir='ltr'><strong>necessaria</strong></span> <span class='ocrx_word' id='word_1_560' title='bbox 2845 3113 2926 3158; x_wconf 89' lang='lat' dir='ltr'><strong>est</strong></span> <span class='ocrx_word' id='word_1_561' title='bbox 2974 3104 3087 3157; x_wconf 70' lang='lat' dir='ltr'><strong>haec</strong></span> <span class='ocrx_word' id='word_1_562' title='bbox 3118 3104 3402 3157; x_wconf 89' lang='lat' dir='ltr'><strong>oculorum</strong></span> <span class='ocrx_word' id='word_1_563' title='bbox 3449 3111 3505 3158; x_wconf 87' lang='lat' dir='ltr'><strong>et</strong></span> 
     </span>
    </p>
   </div>
   <div class='ocr_carea' id='block_1_79' title="bbox 1929 3193 3506 3267">
    <p class='ocr_par' dir='ltr' id='par_1_79' title="bbox 1929 3193 3506 3267">
     <span class='ocr_line' id='line_1_79' title="bbox 1929 3193 3506 3267; baseline -0.004 -13"><span class='ocrx_word' id='word_1_564' title='bbox 1929 3215 2187 3255; x_wconf 89' lang='lat' dir='ltr'><strong>manuum</strong></span> <span class='ocrx_word' id='word_1_565' title='bbox 2217 3197 2552 3267; x_wconf 87' lang='lat' dir='ltr'><strong>conjunctio,</strong></span> <span class='ocrx_word' id='word_1_566' title='bbox 2603 3193 2962 3265; x_wconf 74' lang='lat' dir='ltr'><strong>iortassejam</strong></span> <span class='ocrx_word' id='word_1_567' title='bbox 2991 3195 3218 3266; x_wconf 84' lang='lat' dir='ltr'><strong>propius</strong></span> <span class='ocrx_word' id='word_1_568' title='bbox 3262 3211 3356 3264; x_wconf 90' lang='lat' dir='ltr'><strong>per</strong></span> <span class='ocrx_word' id='word_1_569' title='bbox 3389 3195 3506 3248; x_wconf 73' lang='lat' dir='ltr'><strong>lucc</strong></span> 
     </span>
    </p>
   </div>
   <div class='ocr_carea' id='block_1_80' title="bbox 1930 3285 3504 3361">
    <p class='ocr_par' dir='ltr' id='par_1_80' title="bbox 1930 3285 3504 3361">
     <span class='ocr_line' id='line_1_80' title="bbox 1930 3285 3504 3361; baseline -0.004 -16"><span class='ocrx_word' id='word_1_570' title='bbox 1930 3292 2048 3361; x_wconf 91' lang='lat' dir='ltr'><strong>ipsa</strong></span> <span class='ocrx_word' id='word_1_571' title='bbox 2103 3290 2253 3342; x_wconf 83' lang='lat' dir='ltr'><strong>Pauli</strong></span> <span class='ocrx_word' id='word_1_572' title='bbox 2287 3289 2448 3342; x_wconf 87' lang='lat' dir='ltr'><strong>verba</strong></span> <span class='ocrx_word' id='word_1_573' title='bbox 2502 3286 2825 3340; x_wconf 82' lang='lat' dir='ltr'><strong>adducimur</strong></span> <span class='ocrx_word' id='word_1_574' title='bbox 2885 3285 2950 3338; x_wconf 90' lang='lat' dir='ltr'><strong>ad</strong></span> <span class='ocrx_word' id='word_1_575' title='bbox 3019 3286 3504 3348; x_wconf 80' lang='lat' dir='ltr'><strong>considerandum,</strong></span> 
     </span>
    </p>
   </div>
   <div class='ocr_carea' id='block_1_81' title="bbox 1929 3375 3509 3452">
    <p class='ocr_par' dir='ltr' id='par_1_81' title="bbox 1929 3375 3509 3452">
     <span class='ocr_line' id='line_1_81' title="bbox 1929 3375 3509 3452; baseline -0.003 -17"><span class='ocrx_word' id='word_1_576' title='bbox 1929 3383 2104 3452; x_wconf 90' lang='lat' dir='ltr'><strong>primo</strong></span> <span class='ocrx_word' id='word_1_577' title='bbox 2124 3381 2344 3451; x_wconf 91' lang='lat' dir='ltr'><strong>quinam</strong></span> <span class='ocrx_word' id='word_1_578' title='bbox 2380 3379 2483 3433; x_wconf 88' lang='lat' dir='ltr'><strong>sint</strong></span> <span class='ocrx_word' id='word_1_579' title='bbox 2511 3379 2678 3439; x_wconf 90' lang='lat' dir='ltr'><strong>oculi.</strong></span> <span class='ocrx_word' id='word_1_580' title='bbox 2712 3377 2907 3432; x_wconf 87' lang='lat' dir='ltr'><strong>deinde</strong></span> <span class='ocrx_word' id='word_1_581' title='bbox 2936 3377 3002 3432; x_wconf 89' lang='lat' dir='ltr'><strong>ad</strong></span> <span class='ocrx_word' id='word_1_582' title='bbox 3035 3375 3509 3447; x_wconf 86' lang='lat' dir='ltr'><strong>comprehenden-</strong></span> 
     </span>
    </p>
   </div>
   <div class='ocr_carea' id='block_1_82' title="bbox 1931 3467 3511 3538">
    <p class='ocr_par' dir='ltr' id='par_1_82' title="bbox 1931 3467 3511 3538">
     <span class='ocr_line' id='line_1_82' title="bbox 1931 3467 3511 3538; baseline -0.004 -12"><span class='ocrx_word' id='word_1_583' title='bbox 1931 3471 2054 3526; x_wconf 91' lang='lat' dir='ltr'><strong>dam</strong></span> <span class='ocrx_word' id='word_1_584' title='bbox 2080 3472 2246 3524; x_wconf 88' lang='lat' dir='ltr'><strong>animi</strong></span> <span class='ocrx_word' id='word_1_585' title='bbox 2271 3469 2730 3538; x_wconf 81' lang='lat' dir='ltr'><strong>contemplatione</strong></span> <span class='ocrx_word' id='word_1_586' title='bbox 2755 3468 2968 3522; x_wconf 90' lang='lat' dir='ltr'><strong>Iaudem</strong></span> <span class='ocrx_word' id='word_1_587' title='bbox 3000 3467 3216 3520; x_wconf 85' lang='lat' dir='ltr'><strong>horum.</strong></span> <span class='ocrx_word' id='word_1_588' title='bbox 3242 3467 3397 3532; x_wconf 81' lang='lat' dir='ltr'><strong>Quod</strong></span> <span class='ocrx_word' id='word_1_589' title='bbox 3419 3480 3511 3520; x_wconf 39' lang='lat' dir='ltr'><strong>aut</strong></span> 
     </span>
    </p>
   </div>
   <div class='ocr_carea' id='block_1_83' title="bbox 1931 3558 3508 3620">
    <p class='ocr_par' dir='ltr' id='par_1_83' title="bbox 1931 3558 3508 3620">
     <span class='ocr_line' id='line_1_83' title="bbox 1931 3558 3508 3620; baseline -0.004 -2"><span class='ocrx_word' id='word_1_590' title='bbox 1931 3572 2040 3618; x_wconf 91' lang='lat' dir='ltr'><strong>tem</strong></span> <span class='ocrx_word' id='word_1_591' title='bbox 2093 3563 2156 3616; x_wconf 93' lang='lat' dir='ltr'><strong>de</strong></span> <span class='ocrx_word' id='word_1_592' title='bbox 2203 3561 2456 3615; x_wconf 87' lang='lat' dir='ltr'><strong>manibus</strong></span> <span class='ocrx_word' id='word_1_593' title='bbox 2503 3559 2724 3620; x_wconf 88' lang='lat' dir='ltr'><strong>dicitur,</strong></span> <span class='ocrx_word' id='word_1_594' title='bbox 2769 3573 2870 3612; x_wconf 87' lang='lat' dir='ltr'><strong>suo</strong></span> <span class='ocrx_word' id='word_1_595' title='bbox 2919 3558 3039 3611; x_wconf 91' lang='lat' dir='ltr'><strong>loco</strong></span> <span class='ocrx_word' id='word_1_596' title='bbox 3086 3558 3508 3613; x_wconf 85' lang='lat' dir='ltr'><strong>reservabimus.</strong></span> 
     </span>
    </p>
   </div>
   <div class='ocr_carea' id='block_1_84' title="bbox 1932 3651 3508 3719">
    <p class='ocr_par' dir='ltr' id='par_1_84' title="bbox 1932 3651 3508 3719">
     <span class='ocr_line' id='line_1_84' title="bbox 1932 3651 3508 3719; baseline -0.005 -8"><span class='ocrx_word' id='word_1_597' title='bbox 1932 3654 2226 3711; x_wconf 89' lang='lat' dir='ltr'><strong>Oculorum</strong></span> <span class='ocrx_word' id='word_1_598' title='bbox 2254 3668 2284 3706; x_wconf 89' lang='lat' dir='ltr'><strong>a</strong></span> <span class='ocrx_word' id='word_1_599' title='bbox 2316 3659 2508 3706; x_wconf 90' lang='lat' dir='ltr'><strong>natura</strong></span> <span class='ocrx_word' id='word_1_600' title='bbox 2533 3651 2811 3719; x_wconf 90' lang='lat' dir='ltr'><strong>proprium</strong></span> <span class='ocrx_word' id='word_1_601' title='bbox 2871 3663 3068 3702; x_wconf 91' lang='lat' dir='ltr'><strong>munus</strong></span> <span class='ocrx_word' id='word_1_602' title='bbox 3123 3654 3208 3702; x_wconf 82' lang='lat' dir='ltr'><strong>est</strong></span> <span class='ocrx_word' id='word_1_603' title='bbox 3263 3662 3508 3703; x_wconf 88' lang='lat' dir='ltr'><strong>cernere.</strong></span> 
     </span>
    </p>
   </div>
   <div class='ocr_carea' id='block_1_85' title="bbox 1931 3738 3510 3815">
    <p class='ocr_par' dir='ltr' id='par_1_85' title="bbox 1931 3738 3510 3815">
     <span class='ocr_line' id='line_1_85' title="bbox 1931 3738 3510 3815; baseline -0.006 -15"><span class='ocrx_word' id='word_1_604' title='bbox 1931 3745 2226 3815; x_wconf 86' lang='lat' dir='ltr'><strong>Propterea</strong></span> <span class='ocrx_word' id='word_1_605' title='bbox 2269 3742 2377 3796; x_wconf 88' lang='lat' dir='ltr'><strong>loci</strong></span> <span class='ocrx_word' id='word_1_606' title='bbox 2431 3742 2593 3796; x_wconf 88' lang='lat' dir='ltr'><strong>etiam</strong></span> <span class='ocrx_word' id='word_1_607' title='bbox 2630 3741 2734 3794; x_wconf 87' lang='lat' dir='ltr'><strong>situ</strong></span> <span class='ocrx_word' id='word_1_608' title='bbox 2763 3753 2926 3807; x_wconf 88' lang='lat' dir='ltr'><strong>supra</strong></span> <span class='ocrx_word' id='word_1_609' title='bbox 2969 3741 3232 3792; x_wconf 86' lang='lat' dir='ltr'><strong>s‘eusuum</strong></span> <span class='ocrx_word' id='word_1_610' title='bbox 3266 3738 3510 3806; x_wconf 85' lang='lat' dir='ltr'><strong>reliquo-</strong></span> 
     </span>
    </p>
   </div>
   <div class='ocr_carea' id='block_1_86' title="bbox 1931 3827 3512 3902">
    <p class='ocr_par' dir='ltr' id='par_1_86' title="bbox 1931 3827 3512 3902">
     <span class='ocr_line' id='line_1_86' title="bbox 1931 3827 3512 3902; baseline -0.006 -13"><span class='ocrx_word' id='word_1_611' title='bbox 1931 3849 2051 3889; x_wconf 88' lang='lat' dir='ltr'><strong>rum</strong></span> <span class='ocrx_word' id='word_1_612' title='bbox 2104 3847 2306 3902; x_wconf 89' lang='lat' dir='ltr'><strong>organa</strong></span> <span class='ocrx_word' id='word_1_613' title='bbox 2338 3830 2589 3886; x_wconf 74' lang='lat' dir='ltr'><strong>collocati</strong></span> <span class='ocrx_word' id='word_1_614' title='bbox 2623 3837 2771 3890; x_wconf 89' lang='lat' dir='ltr'><strong>sunt,</strong></span> <span class='ocrx_word' id='word_1_615' title='bbox 2809 3829 2876 3882; x_wconf 87' lang='lat' dir='ltr'><strong>ad</strong></span> <span class='ocrx_word' id='word_1_616' title='bbox 2927 3827 3257 3880; x_wconf 80' lang='lat' dir='ltr'><strong>diu-tandum</strong></span> <span class='ocrx_word' id='word_1_617' title='bbox 3292 3827 3512 3882; x_wconf 86' lang='lat' dir='ltr'><strong>univer-</strong></span> 
     </span>
    </p>
   </div>
   <div class='ocr_carea' id='block_1_87' title="bbox 1937 3920 3508 3994">
    <p class='ocr_par' dir='ltr' id='par_1_87' title="bbox 1937 3920 3508 3994">
     <span class='ocr_line' id='line_1_87' title="bbox 1937 3920 3508 3994; baseline -0.004 -12"><span class='ocrx_word' id='word_1_618' title='bbox 1937 3943 2057 3982; x_wconf 90' lang='lat' dir='ltr'><strong>sum</strong></span> <span class='ocrx_word' id='word_1_619' title='bbox 2114 3941 2314 3994; x_wconf 88' lang='lat' dir='ltr'><strong>corpus</strong></span> <span class='ocrx_word' id='word_1_620' title='bbox 2365 3939 2395 3977; x_wconf 92' lang='lat' dir='ltr'><strong>a</strong></span> <span class='ocrx_word' id='word_1_621' title='bbox 2428 3932 2626 3982; x_wconf 89' lang='lat' dir='ltr'><strong>natura</strong></span> <span class='ocrx_word' id='word_1_622' title='bbox 2681 3921 2937 3976; x_wconf 90' lang='lat' dir='ltr'><strong>ordinati.</strong></span> <span class='ocrx_word' id='word_1_623' title='bbox 2992 3920 3176 3987; x_wconf 82' lang='lat' dir='ltr'><strong>Quare</strong></span> <span class='ocrx_word' id='word_1_624' title='bbox 3207 3935 3330 3974; x_wconf 91' lang='lat' dir='ltr'><strong>cum</strong></span> <span class='ocrx_word' id='word_1_625' title='bbox 3362 3921 3508 3983; x_wconf 86' lang='lat' dir='ltr'><strong>illos,</strong></span> 
     </span>
    </p>
   </div>
   <div class='ocr_carea' id='block_1_88' title="bbox 1938 4011 3510 4090">
    <p class='ocr_par' dir='ltr' id='par_1_88' title="bbox 1938 4011 3510 4090">
     <span class='ocr_line' id='line_1_88' title="bbox 1938 4011 3510 4090; baseline -0.004 -17"><span class='ocrx_word' id='word_1_626' title='bbox 1938 4018 2029 4090; x_wconf 80' lang='lat' dir='ltr'><strong>qui</strong></span> <span class='ocrx_word' id='word_1_627' title='bbox 2064 4019 2130 4072; x_wconf 88' lang='lat' dir='ltr'><strong>ad</strong></span> <span class='ocrx_word' id='word_1_628' title='bbox 2157 4018 2438 4071; x_wconf 81' lang='lat' dir='ltr'><strong>veritatem</strong></span> <span class='ocrx_word' id='word_1_629' title='bbox 2468 4014 2637 4069; x_wconf 89' lang='lat' dir='ltr'><strong>duces</strong></span> <span class='ocrx_word' id='word_1_630' title='bbox 2670 4023 2816 4078; x_wconf 92' lang='lat' dir='ltr'><strong>sunt,</strong></span> <span class='ocrx_word' id='word_1_631' title='bbox 2850 4012 3108 4082; x_wconf 85' lang='lat' dir='ltr'><strong>appellari</strong></span> <span class='ocrx_word' id='word_1_632' title='bbox 3142 4027 3170 4065; x_wconf 93' lang='lat' dir='ltr'><strong>a</strong></span> <span class='ocrx_word' id='word_1_633' title='bbox 3195 4013 3367 4067; x_wconf 90' lang='lat' dir='ltr'><strong>sacris</strong></span> <span class='ocrx_word' id='word_1_634' title='bbox 3393 4011 3510 4066; x_wconf 82' lang='lat' dir='ltr'><strong>Lit-</strong></span> 
     </span>
    </p>
   </div>
   <div class='ocr_carea' id='block_1_89' title="bbox 1937 4102 3509 4170">
    <p class='ocr_par' dir='ltr' id='par_1_89' title="bbox 1937 4102 3509 4170">
     <span class='ocr_line' id='line_1_89' title="bbox 1937 4102 3509 4170; baseline -0.004 -6"><span class='ocrx_word' id='word_1_635' title='bbox 1937 4110 2070 4165; x_wconf 90' lang='lat' dir='ltr'><strong>teris</strong></span> <span class='ocrx_word' id='word_1_636' title='bbox 2105 4108 2357 4163; x_wconf 86' lang='lat' dir='ltr'><strong>audimus</strong></span> <span class='ocrx_word' id='word_1_637' title='bbox 2389 4107 2483 4170; x_wconf 90' lang='lat' dir='ltr'><strong>ita,</strong></span> <span class='ocrx_word' id='word_1_638' title='bbox 2510 4113 2568 4158; x_wconf 87' lang='lat' dir='ltr'><strong>ut</strong></span> <span class='ocrx_word' id='word_1_639' title='bbox 2600 4105 2740 4160; x_wconf 91' lang='lat' dir='ltr'><strong>alius</strong></span> <span class='ocrx_word' id='word_1_640' title='bbox 2803 4105 3017 4159; x_wconf 86' lang='lat' dir='ltr'><strong>dicatur</strong></span> <span class='ocrx_word' id='word_1_641' title='bbox 3077 4102 3294 4166; x_wconf 81' lang='lat' dir='ltr'><strong>Videns,</strong></span> <span class='ocrx_word' id='word_1_642' title='bbox 3319 4104 3509 4167; x_wconf 92' lang='lat' dir='ltr'><strong>.alius,</strong></span> 
     </span>
    </p>
   </div>
   <div class='ocr_carea' id='block_1_90' title="bbox 1936 4187 3504 4266">
    <p class='ocr_par' dir='ltr' id='par_1_90' title="bbox 1936 4187 3504 4266">
     <span class='ocr_line' id='line_1_90' title="bbox 1936 4187 3504 4266; baseline -0.005 -11"><span class='ocrx_word' id='word_1_643' title='bbox 1936 4199 2162 4256; x_wconf 88' lang='lat' dir='ltr'><strong>Cernens</strong></span> <span class='ocrx_word' id='word_1_644' title='bbox 2193 4199 2258 4266; x_wconf 83' lang='grc'><strong>¹⁶,</strong></span> <span class='ocrx_word' id='word_1_645' title='bbox 2306 4198 2444 4253; x_wconf 85' lang='lat' dir='ltr'><strong>alius</strong></span> <span class='ocrx_word' id='word_1_646' title='bbox 2491 4187 2802 4266; x_wconf 72' lang='lat' dir='ltr'><strong>Speculator</strong></span> <span class='ocrx_word' id='word_1_647' title='bbox 2831 4195 2872 4226; x_wconf 75' lang='grc'><strong>³⁷</strong></span> <span class='ocrx_word' id='word_1_648' title='bbox 2911 4210 2940 4248; x_wconf 90' lang='lat' dir='ltr'><strong>a</strong></span> <span class='ocrx_word' id='word_1_649' title='bbox 2968 4195 3074 4250; x_wconf 87' lang='lat' dir='ltr'><strong>Deo</strong></span> <span class='ocrx_word' id='word_1_650' title='bbox 3097 4194 3504 4263; x_wconf 86' lang='lat' dir='ltr'><strong>Pr0phetarum</strong></span> 
     </span>
    </p>
   </div>
   <div class='ocr_carea' id='block_1_91' title="bbox 2242 4241 2258 4268">
    <p class='ocr_par' dir='ltr' id='par_1_91' title="bbox 2242 4241 2258 4268">
     <span class='ocr_line' id='line_1_91' title="bbox 2242 4241 2258 4268; baseline 0 0"><span class='ocrx_word' id='word_1_651' title='bbox 2242 4241 2258 4268; x_wconf 69' lang='lat'><strong><em>’</em></strong></span> 
     </span>
    </p>
   </div>
   <div class='ocr_carea' id='block_1_92' title="bbox 1937 4288 3513 4354">
    <p class='ocr_par' dir='ltr' id='par_1_92' title="bbox 1937 4288 3513 4354">
     <span class='ocr_line' id='line_1_92' title="bbox 1937 4288 3513 4354; baseline -0.004 -7"><span class='ocrx_word' id='word_1_652' title='bbox 1937 4293 1991 4347; x_wconf 91' lang='lat' dir='ltr'><strong>in</strong></span> <span class='ocrx_word' id='word_1_653' title='bbox 2051 4292 2206 4346; x_wconf 90' lang='lat' dir='ltr'><strong>libris</strong></span> <span class='ocrx_word' id='word_1_654' title='bbox 2267 4297 2525 4354; x_wconf 83' lang='lat' dir='ltr'><strong>vocetur,</strong></span> <span class='ocrx_word' id='word_1_655' title='bbox 2580 4288 2902 4342; x_wconf 90' lang='lat' dir='ltr'><strong>adducimur</strong></span> <span class='ocrx_word' id='word_1_656' title='bbox 2963 4302 3049 4350; x_wconf 91' lang='lat' dir='ltr'><strong>eo,</strong></span> <span class='ocrx_word' id='word_1_657' title='bbox 3092 4293 3151 4338; x_wconf 90' lang='lat' dir='ltr'><strong>ut</strong></span> <span class='ocrx_word' id='word_1_658' title='bbox 3206 4293 3513 4340; x_wconf 90' lang='lat' dir='ltr'><strong>statuamus</strong></span> 
     </span>
    </p>
   </div>
   <div class='ocr_carea' id='block_1_93' title="bbox 249 4375 1826 4449">
    <p class='ocr_par' dir='ltr' id='par_1_93' title="bbox 249 4377 1826 4449">
     <span class='ocr_line' id='line_1_93' title="bbox 249 4377 1826 4449; baseline 0 -17"><span class='ocrx_word' id='word_1_659' title='bbox 249 4378 568 4449; x_wconf 78' lang='grc' dir='ltr'><strong>ἐναγόμεθα</strong></span> <span class='ocrx_word' id='word_1_660' title='bbox 595 4378 681 4431; x_wconf 65' lang='lat' dir='ltr'><strong>sta</strong></span> <span class='ocrx_word' id='word_1_661' title='bbox 720 4377 942 4442; x_wconf 89' lang='grc' dir='ltr'><strong>τούτων,</strong></span> <span class='ocrx_word' id='word_1_662' title='bbox 991 4377 1116 4440; x_wconf 76' lang='grc' dir='ltr'><strong>τοὺς</strong></span> <span class='ocrx_word' id='word_1_663' title='bbox 1163 4379 1364 4448; x_wconf 79' lang='grc' dir='ltr'><strong>ὲφορᾷν</strong></span> <span class='ocrx_word' id='word_1_664' title='bbox 1399 4378 1492 4431; x_wconf 73' lang='grc' dir='ltr'><strong>καὶ</strong></span> <span class='ocrx_word' id='word_1_665' title='bbox 1524 4379 1826 4432; x_wconf 61' lang='grc' dir='ltr'><strong>ἐπιϐλέπειι</strong></span> 
     </span>
    </p>
   </div>
   <div class='ocr_carea' id='block_1_94' title="bbox 1929 4375 3515 4449">
    <p class='ocr_par' dir='ltr' id='par_1_94' title="bbox 1940 4375 3515 4449">
     <span class='ocr_line' id='line_1_94' title="bbox 1940 4375 3515 4449; baseline -0.004 -15"><span class='ocrx_word' id='word_1_666' title='bbox 1940 4381 2063 4435; x_wconf 91' lang='lat' dir='ltr'><strong>illos</strong></span> <span class='ocrx_word' id='word_1_667' title='bbox 2093 4380 2185 4449; x_wconf 92' lang='lat' dir='ltr'><strong>qui</strong></span> <span class='ocrx_word' id='word_1_668' title='bbox 2217 4379 2281 4432; x_wconf 87' lang='lat' dir='ltr'><strong>ad</strong></span> <span class='ocrx_word' id='word_1_669' title='bbox 2330 4377 2684 4442; x_wconf 84' lang='lat' dir='ltr'><strong>cernendum,</strong></span> <span class='ocrx_word' id='word_1_670' title='bbox 2714 4387 2763 4430; x_wconf 89' lang='lat' dir='ltr'><strong>ct</strong></span> <span class='ocrx_word' id='word_1_671' title='bbox 2787 4375 3207 4445; x_wconf 87' lang='lat' dir='ltr'><strong>inspiciendum,</strong></span> <span class='ocrx_word' id='word_1_672' title='bbox 3235 4384 3290 4428; x_wconf 84' lang='lat' dir='ltr'><strong>ct</strong></span> <span class='ocrx_word' id='word_1_673' title='bbox 3319 4390 3515 4443; x_wconf 88' lang='lat' dir='ltr'><strong>specu-</strong></span> 
     </span>
    </p>
   </div>
   <div class='ocr_carea' id='block_1_95' title="bbox 250 4468 1834 4539">
    <p class='ocr_par' dir='ltr' id='par_1_95' title="bbox 250 4468 1834 4539">
     <span class='ocr_line' id='line_1_95' title="bbox 250 4468 1834 4539; baseline -0.001 -16"><span class='ocrx_word' id='word_1_674' title='bbox 250 4472 351 4523; x_wconf 73' lang='grc' dir='ltr'><strong>καὶ</strong></span> <span class='ocrx_word' id='word_1_675' title='bbox 379 4472 695 4523; x_wconf 72' lang='grc' dir='ltr'><strong>ἐπισκοπεῖν</strong></span> <span class='ocrx_word' id='word_1_676' title='bbox 726 4468 1108 4539; x_wconf 82' lang='grc' dir='ltr'><strong>τεταγμένους,</strong></span> <span class='ocrx_word' id='word_1_677' title='bbox 1138 4469 1447 4539; x_wconf 75' lang='grc' dir='ltr'><strong>ὀφθαλμοὺς</strong></span> <span class='ocrx_word' id='word_1_678' title='bbox 1493 4470 1723 4524; x_wconf 78' lang='grc' dir='ltr'><strong>ἐνταῦθα</strong></span> <span class='ocrx_word' id='word_1_679' title='bbox 1747 4487 1834 4523; x_wconf 91' lang='grc' dir='ltr'><strong>νο-</strong></span> 
     </span>
    </p>
   </div>
   <div class='ocr_carea' id='block_1_96' title="bbox 253 4559 1836 4632">
    <p class='ocr_par' dir='ltr' id='par_1_96' title="bbox 253 4559 1836 4632">
     <span class='ocr_line' id='line_1_96' title="bbox 253 4559 1836 4632; baseline 0.001 -19"><span class='ocrx_word' id='word_1_680' title='bbox 253 4563 443 4632; x_wconf 78' lang='grc' dir='ltr'><strong>μίζειν</strong></span> <span class='ocrx_word' id='word_1_681' title='bbox 493 4560 974 4632; x_wconf 77' lang='grc' dir='ltr'><strong>κατονομάζεσθαι.</strong></span> <span class='ocrx_word' id='word_1_682' title='bbox 1042 4559 1115 4612; x_wconf 86' lang='grc' dir='ltr'><strong>Τὸ</strong></span> <span class='ocrx_word' id='word_1_683' title='bbox 1156 4560 1211 4613; x_wconf 83' lang='grc' dir='ltr'><strong>δὲ</strong></span> <span class='ocrx_word' id='word_1_684' title='bbox 1249 4561 1375 4630; x_wconf 78' lang='grc' dir='ltr'><strong>περὶ</strong></span> <span class='ocrx_word' id='word_1_685' title='bbox 1415 4560 1609 4624; x_wconf 72' lang='grc' dir='ltr'><strong>αὐτοὺς</strong></span> <span class='ocrx_word' id='word_1_686' title='bbox 1652 4561 1836 4632; x_wconf 86' lang='grc' dir='ltr'><strong>θαῦμα</strong></span> 
     </span>
    </p>
   </div>
   <div class='ocr_carea' id='block_1_97' title="bbox 249 4652 1834 4725">
    <p class='ocr_par' dir='ltr' id='par_1_97' title="bbox 249 4652 1834 4725">
     <span class='ocr_line' id='line_1_97' title="bbox 249 4652 1834 4725; baseline 0 -17"><span class='ocrx_word' id='word_1_687' title='bbox 249 4654 384 4708; x_wconf 78' lang='grc' dir='ltr'><strong>καθ’</strong></span> <span class='ocrx_word' id='word_1_688' title='bbox 419 4654 713 4725; x_wconf 79' lang='grc' dir='ltr'><strong>ὁμοιότητά</strong></span> <span class='ocrx_word' id='word_1_689' title='bbox 764 4671 882 4706; x_wconf 88' lang='grc' dir='ltr'><strong>τινα</strong></span> <span class='ocrx_word' id='word_1_690' title='bbox 928 4653 1283 4725; x_wconf 81' lang='grc' dir='ltr'><strong>συγκριτικὴν</strong></span> <span class='ocrx_word' id='word_1_691' title='bbox 1317 4652 1560 4721; x_wconf 84' lang='grc' dir='ltr'><strong>γίνεσθαι</strong></span> <span class='ocrx_word' id='word_1_692' title='bbox 1588 4653 1834 4708; x_wconf 81' lang='grc' dir='ltr'><strong>διδασκό-</strong></span> 
     </span>
    </p>
   </div>
   <div class='ocr_carea' id='block_1_98' title="bbox 253 4743 1837 4815">
    <p class='ocr_par' dir='ltr' id='par_1_98' title="bbox 253 4743 1837 4815">
     <span class='ocr_line' id='line_1_98' title="bbox 253 4743 1837 4815; baseline 0.001 -19"><span class='ocrx_word' id='word_1_693' title='bbox 253 4743 426 4815; x_wconf 84' lang='grc' dir='ltr'><strong>μεθα,</strong></span> <span class='ocrx_word' id='word_1_694' title='bbox 463 4743 561 4814; x_wconf 82' lang='grc' dir='ltr'><strong>τῆς</strong></span> <span class='ocrx_word' id='word_1_695' title='bbox 609 4744 744 4814; x_wconf 72' lang='grc' dir='ltr'><strong>πρὸς</strong></span> <span class='ocrx_word' id='word_1_696' title='bbox 787 4745 848 4796; x_wconf 74' lang='grc' dir='ltr'><strong>τὸ</strong></span> <span class='ocrx_word' id='word_1_697' title='bbox 883 4747 1124 4814; x_wconf 87' lang='grc' dir='ltr'><strong>κρεῖττον</strong></span> <span class='ocrx_word' id='word_1_698' title='bbox 1170 4743 1521 4813; x_wconf 86' lang='grc' dir='ltr'><strong>παραθέσεως</strong></span> <span class='ocrx_word' id='word_1_699' title='bbox 1561 4744 1621 4797; x_wconf 83' lang='grc' dir='ltr'><strong>τὸ</strong></span> <span class='ocrx_word' id='word_1_700' title='bbox 1644 4744 1837 4810; x_wconf 79' lang='grc' dir='ltr'><strong>κάλλος</strong></span> 
     </span>
    </p>
   </div>
   <div class='ocr_carea' id='block_1_99' title="bbox 248 4834 1837 4906">
    <p class='ocr_par' dir='ltr' id='par_1_99' title="bbox 248 4834 1837 4906">
     <span class='ocr_line' id='line_1_99' title="bbox 248 4834 1837 4906; baseline -0.001 -16"><span class='ocrx_word' id='word_1_701' title='bbox 248 4835 442 4890; x_wconf 86' lang='grc' dir='ltr'><strong>αὐτῶν</strong></span> <span class='ocrx_word' id='word_1_702' title='bbox 471 4834 915 4906; x_wconf 82' lang='grc' dir='ltr'><strong>ὐπογραφούσης.</strong></span> <span class='ocrx_word' id='word_1_703' title='bbox 947 4835 1082 4905; x_wconf 77' lang='grc' dir='ltr'><strong>Φησὶ</strong></span> <span class='ocrx_word' id='word_1_704' title='bbox 1109 4835 1216 4905; x_wconf 83' lang='grc' dir='ltr'><strong>γάρ</strong></span> <span class='ocrx_word' id='word_1_705' title='bbox 1239 4853 1251 4864; x_wconf 86' lang='grc'><strong>⁸</strong></span> <span class='ocrx_word' id='word_1_706' title='bbox 1284 4835 1365 4888; x_wconf 87' lang='grc' dir='ltr'><strong>ὃτι</strong></span> <span class='ocrx_word' id='word_1_707' title='bbox 1407 4835 1724 4906; x_wconf 65' lang='grc' dir='ltr'><strong>Ὀφθαλμοὶ</strong></span> <span class='ocrx_word' id='word_1_708' title='bbox 1757 4837 1837 4902; x_wconf 85' lang='grc' dir='ltr'><strong>ὡς</strong></span> 
     </span>
    </p>
   </div>
   <div class='ocr_carea' id='block_1_100' title="bbox 249 4925 1838 4997">
    <p class='ocr_par' dir='ltr' id='par_1_100' title="bbox 249 4925 1838 4997">
     <span class='ocr_line' id='line_1_100' title="bbox 249 4925 1838 4997; baseline 0.001 -16"><span class='ocrx_word' id='word_1_709' title='bbox 249 4926 649 4996; x_wconf 74' lang='grc' dir='ltr'><strong>περιστεραί.</strong></span> <span class='ocrx_word' id='word_1_710' title='bbox 702 4927 881 4989; x_wconf 78' lang='grc' dir='ltr'><strong>Καλὸς</strong></span> <span class='ocrx_word' id='word_1_711' title='bbox 922 4925 1029 4997; x_wconf 83' lang='grc' dir='ltr'><strong>γὰρ</strong></span> <span class='ocrx_word' id='word_1_712' title='bbox 1056 4925 1131 4989; x_wconf 81' lang='grc' dir='ltr'><strong>ὡς</strong></span> <span class='ocrx_word' id='word_1_713' title='bbox 1172 4925 1384 4996; x_wconf 85' lang='grc' dir='ltr'><strong>ἀληθῶς</strong></span> <span class='ocrx_word' id='word_1_714' title='bbox 1428 4925 1539 4980; x_wconf 91' lang='grc' dir='ltr'><strong>τῶν</strong></span> <span class='ocrx_word' id='word_1_715' title='bbox 1585 4926 1838 4982; x_wconf 87' lang='grc' dir='ltr'><strong>τοιούτων</strong></span> 
     </span>
    </p>
   </div>
   <div class='ocr_carea' id='block_1_101' title="bbox 246 5017 1839 5092">
    <p class='ocr_par' dir='ltr' id='par_1_101' title="bbox 246 5017 1839 5092">
     <span class='ocr_line' id='line_1_101' title="bbox 246 5017 1839 5092; baseline -0.003 -17"><span class='ocrx_word' id='word_1_716' title='bbox 246 5020 528 5092; x_wconf 81' lang='grc' dir='ltr'><strong>ὀμμάτων</strong></span> <span class='ocrx_word' id='word_1_717' title='bbox 562 5018 779 5080; x_wconf 75' lang='grc' dir='ltr'><strong>ἔπαινος</strong></span> <span class='ocrx_word' id='word_1_718' title='bbox 806 5019 838 5088; x_wconf 84' lang='grc' dir='ltr'>ἠ</span> <span class='ocrx_word' id='word_1_719' title='bbox 869 5018 1092 5084; x_wconf 84' lang='grc' dir='ltr'><strong>ἀκακία,</strong></span> <span class='ocrx_word' id='word_1_720' title='bbox 1117 5017 1181 5088; x_wconf 76' lang='grc' dir='ltr'><strong>ἠν</strong></span> <span class='ocrx_word' id='word_1_721' title='bbox 1203 5017 1554 5088; x_wconf 78' lang='grc' dir='ltr'><strong>κατορθοῦσιν</strong></span> <span class='ocrx_word' id='word_1_722' title='bbox 1571 5019 1618 5071; x_wconf 79' lang='lat' dir='ltr'><strong>oi</strong></span> <span class='ocrx_word' id='word_1_723' title='bbox 1643 5018 1839 5089; x_wconf 83' lang='grc' dir='ltr'><strong>μηκέτι</strong></span> 
     </span>
    </p>
   </div>
   <div class='ocr_carea' id='block_1_102' title="bbox 246 5105 1840 5180">
    <p class='ocr_par' dir='ltr' id='par_1_102' title="bbox 246 5105 1840 5180">
     <span class='ocr_line' id='line_1_102' title="bbox 246 5105 1840 5180; baseline -0.002 -17"><span class='ocrx_word' id='word_1_724' title='bbox 246 5110 340 5180; x_wconf 83' lang='grc' dir='ltr'><strong>τῷ</strong></span> <span class='ocrx_word' id='word_1_725' title='bbox 373 5107 641 5178; x_wconf 82' lang='grc' dir='ltr'><strong>σαρκώδει</strong></span> <span class='ocrx_word' id='word_1_726' title='bbox 697 5107 795 5177; x_wconf 83' lang='grc' dir='ltr'><strong>βίῳ</strong></span> <span class='ocrx_word' id='word_1_727' title='bbox 855 5107 1225 5177; x_wconf 77' lang='grc' dir='ltr'><strong>μολυνὸμενοι,</strong></span> <span class='ocrx_word' id='word_1_728' title='bbox 1264 5106 1399 5160; x_wconf 85' lang='grc' dir='ltr'><strong>ἀλλά</strong></span> <span class='ocrx_word' id='word_1_729' title='bbox 1438 5105 1636 5172; x_wconf 82' lang='grc' dir='ltr'><strong>ζῶντές</strong></span> <span class='ocrx_word' id='word_1_730' title='bbox 1659 5124 1719 5160; x_wconf 88' lang='grc' dir='ltr'><strong>τε</strong></span> <span class='ocrx_word' id='word_1_731' title='bbox 1747 5109 1840 5161; x_wconf 75' lang='grc' dir='ltr'><strong>καὶ</strong></span> 
     </span>
    </p>
   </div>
   <div class='ocr_carea' id='block_1_103' title="bbox 249 5198 1840 5271">
    <p class='ocr_par' dir='ltr' id='par_1_103' title="bbox 249 5198 1840 5271">
     <span class='ocr_line' id='line_1_103' title="bbox 249 5198 1840 5271; baseline -0.001 -17"><span class='ocrx_word' id='word_1_732' title='bbox 249 5199 607 5269; x_wconf 83' lang='grc' dir='ltr'><strong>στοιχοῦντες</strong></span> <span class='ocrx_word' id='word_1_733' title='bbox 627 5198 705 5270; x_wconf 83' lang='grc' dir='ltr'><strong>τῷ</strong></span> <span class='ocrx_word' id='word_1_734' title='bbox 745 5198 1035 5270; x_wconf 88' lang='grc' dir='ltr'><strong>πνεύματι.</strong></span> <span class='ocrx_word' id='word_1_735' title='bbox 1089 5199 1147 5252; x_wconf 91' lang='grc' dir='ltr'>Ὁ</span> <span class='ocrx_word' id='word_1_736' title='bbox 1193 5199 1301 5270; x_wconf 83' lang='grc' dir='ltr'><strong>γὰρ</strong></span> <span class='ocrx_word' id='word_1_737' title='bbox 1345 5199 1707 5271; x_wconf 73' lang='grc' dir='ltr'><strong>πνευματικὸς</strong></span> <span class='ocrx_word' id='word_1_738' title='bbox 1746 5200 1840 5252; x_wconf 68' lang='grc' dir='ltr'><strong>καλ⁵</strong></span> 
     </span>
    </p>
   </div>
   <div class='ocr_carea' id='block_1_104' title="bbox 247 5288 1844 5360">
    <p class='ocr_par' dir='ltr' id='par_1_104' title="bbox 247 5288 1844 5360">
     <span class='ocr_line' id='line_1_104' title="bbox 247 5288 1844 5360; baseline -0.003 -14"><span class='ocrx_word' id='word_1_739' title='bbox 247 5291 426 5354; x_wconf 77' lang='grc' dir='ltr'><strong>ἄῡλος</strong></span> <span class='ocrx_word' id='word_1_740' title='bbox 457 5289 572 5360; x_wconf 84' lang='grc' dir='ltr'><strong>βίος</strong></span> <span class='ocrx_word' id='word_1_741' title='bbox 598 5289 677 5359; x_wconf 83' lang='grc' dir='ltr'><strong>τῷ</strong></span> <span class='ocrx_word' id='word_1_742' title='bbox 705 5291 805 5353; x_wconf 80' lang='grc' dir='ltr'><strong>τῆς</strong></span> <span class='ocrx_word' id='word_1_743' title='bbox 833 5290 1160 5360; x_wconf 80' lang='grc' dir='ltr'><strong>περιστερᾶς</strong></span> <span class='ocrx_word' id='word_1_744' title='bbox 1188 5288 1318 5342; x_wconf 73' lang='grc' dir='ltr'><strong>εῖδει</strong></span> <span class='ocrx_word' id='word_1_745' title='bbox 1363 5288 1844 5360; x_wconf 82' lang='grc' dir='ltr'><strong>χαρακτηρίζεται,</strong></span> 
     </span>
    </p>
   </div>
   <div class='ocr_carea' id='block_1_105' title="bbox 250 5375 1846 5449">
    <p class='ocr_par' dir='ltr' id='par_1_105' title="bbox 250 5375 1846 5449">
     <span class='ocr_line' id='line_1_105' title="bbox 250 5375 1846 5449; baseline -0.001 -16"><span class='ocrx_word' id='word_1_746' title='bbox 250 5377 455 5449; x_wconf 69' lang='grc' dir='ltr'><strong>ἐπειδὴ</strong></span> <span class='ocrx_word' id='word_1_747' title='bbox 482 5379 577 5431; x_wconf 67' lang='grc' dir='ltr'><strong>καὶ</strong></span> <span class='ocrx_word' id='word_1_748' title='bbox 597 5377 724 5432; x_wconf 82' lang='grc' dir='ltr'><strong>αὐτὸ</strong></span> <span class='ocrx_word' id='word_1_749' title='bbox 748 5378 808 5430; x_wconf 86' lang='grc' dir='ltr'><strong>τὺ</strong></span> <span class='ocrx_word' id='word_1_750' title='bbox 828 5375 1050 5448; x_wconf 81' lang='grc' dir='ltr'><strong>Πνεῦμα</strong></span> <span class='ocrx_word' id='word_1_751' title='bbox 1073 5375 1132 5429; x_wconf 81' lang='grc' dir='ltr'><strong>τὸ</strong></span> <span class='ocrx_word' id='word_1_752' title='bbox 1160 5376 1312 5445; x_wconf 75' lang='grc' dir='ltr'><strong>ἅγιον</strong></span> <span class='ocrx_word' id='word_1_753' title='bbox 1331 5376 1500 5440; x_wconf 79' lang='grc' dir='ltr'><strong>οὕτως</strong></span> <span class='ocrx_word' id='word_1_754' title='bbox 1516 5375 1668 5447; x_wconf 77' lang='grc' dir='ltr'><strong>ὤφθη</strong></span> <span class='ocrx_word' id='word_1_755' title='bbox 1699 5376 1846 5448; x_wconf 85' lang='grc' dir='ltr'><strong>παρά</strong></span> 
     </span>
    </p>
   </div>
   <div class='ocr_carea' id='block_1_106' title="bbox 247 5465 1844 5540">
    <p class='ocr_par' dir='ltr' id='par_1_106' title="bbox 247 5465 1844 5540">
     <span class='ocr_line' id='line_1_106' title="bbox 247 5465 1844 5540; baseline -0.001 -15"><span class='ocrx_word' id='word_1_756' title='bbox 247 5466 364 5525; x_wconf 77' lang='grc' dir='ltr'><strong>τοῦ</strong></span> <span class='ocrx_word' id='word_1_757' title='bbox 402 5468 650 5524; x_wconf 78' lang='grc' dir='ltr'><strong>Ἰωάννου</strong></span> <span class='ocrx_word' id='word_1_758' title='bbox 675 5469 739 5523; x_wconf 76' lang='grc' dir='ltr'><strong>ἐκ</strong></span> <span class='ocrx_word' id='word_1_759' title='bbox 769 5467 876 5522; x_wconf 84' lang='grc' dir='ltr'><strong>τῶν</strong></span> <span class='ocrx_word' id='word_1_760' title='bbox 896 5465 1140 5538; x_wconf 88' lang='grc' dir='ltr'><strong>οὐρανῶν</strong></span> <span class='ocrx_word' id='word_1_761' title='bbox 1159 5467 1252 5520; x_wconf 77' lang='grc' dir='ltr'><strong>ἐπὶ</strong></span> <span class='ocrx_word' id='word_1_762' title='bbox 1272 5467 1332 5520; x_wconf 86' lang='grc' dir='ltr'><strong>τδ</strong></span> <span class='ocrx_word' id='word_1_763' title='bbox 1359 5467 1502 5540; x_wconf 80' lang='grc' dir='ltr'><strong>ὓδωρ</strong></span> <span class='ocrx_word' id='word_1_764' title='bbox 1531 5468 1844 5540; x_wconf 83' lang='grc' dir='ltr'><strong>ίπτάμενον.</strong></span> 
     </span>
    </p>
   </div>
   <div class='ocr_carea' id='block_1_107' title="bbox 1942 4465 3513 4536">
    <p class='ocr_par' dir='ltr' id='par_1_107' title="bbox 1942 4465 3513 4536">
     <span class='ocr_line' id='line_1_107' title="bbox 1942 4465 3513 4536; baseline -0.004 -10"><span class='ocrx_word' id='word_1_765' title='bbox 1942 4472 2162 4526; x_wconf 89' lang='lat' dir='ltr'><strong>landum</strong></span> <span class='ocrx_word' id='word_1_766' title='bbox 2195 4470 2428 4524; x_wconf 87' lang='lat' dir='ltr'><strong>ordinati</strong></span> <span class='ocrx_word' id='word_1_767' title='bbox 2465 4478 2614 4532; x_wconf 90' lang='lat' dir='ltr'><strong>sunt,</strong></span> <span class='ocrx_word' id='word_1_768' title='bbox 2650 4469 2840 4523; x_wconf 91' lang='lat' dir='ltr'><strong>oculos</strong></span> <span class='ocrx_word' id='word_1_769' title='bbox 2871 4467 2960 4522; x_wconf 87' lang='lat' dir='ltr'><strong>hic</strong></span> <span class='ocrx_word' id='word_1_770' title='bbox 2996 4466 3274 4536; x_wconf 86' lang='lat' dir='ltr'><strong>appellari.</strong></span> <span class='ocrx_word' id='word_1_771' title='bbox 3311 4465 3513 4520; x_wconf 85' lang='lat' dir='ltr'><strong>Eorum</strong></span> 
     </span>
    </p>
   </div>
   <div class='ocr_carea' id='block_1_108' title="bbox 1943 4558 3513 4627">
    <p class='ocr_par' dir='ltr' id='par_1_108' title="bbox 1943 4558 3513 4627">
     <span class='ocr_line' id='line_1_108' title="bbox 1943 4558 3513 4627; baseline -0.003 -12"><span class='ocrx_word' id='word_1_772' title='bbox 1943 4574 2072 4615; x_wconf 84' lang='lat' dir='ltr'><strong>vero</strong></span> <span class='ocrx_word' id='word_1_773' title='bbox 2132 4559 2448 4613; x_wconf 86' lang='lat' dir='ltr'><strong>admiranda</strong></span> <span class='ocrx_word' id='word_1_774' title='bbox 2500 4558 2813 4627; x_wconf 66' lang='lat' dir='ltr'><strong>praestantia</strong></span> <span class='ocrx_word' id='word_1_775' title='bbox 2894 4573 2993 4627; x_wconf 84' lang='lat' dir='ltr'><strong>per</strong></span> <span class='ocrx_word' id='word_1_776' title='bbox 3050 4558 3513 4626; x_wconf 86' lang='lat' dir='ltr'><strong>comparationem</strong></span> 
     </span>
    </p>
   </div>
   <div class='ocr_carea' id='block_1_109' title="bbox 1942 4649 3518 4722">
    <p class='ocr_par' dir='ltr' id='par_1_109' title="bbox 1942 4649 3518 4722">
     <span class='ocr_line' id='line_1_109' title="bbox 1942 4649 3518 4722; baseline -0.001 -16"><span class='ocrx_word' id='word_1_777' title='bbox 1942 4651 2232 4722; x_wconf 90' lang='lat' dir='ltr'><strong>quamdam</strong></span> <span class='ocrx_word' id='word_1_778' title='bbox 2267 4650 2594 4713; x_wconf 83' lang='lat' dir='ltr'><strong>declaratur,</strong></span> <span class='ocrx_word' id='word_1_779' title='bbox 2629 4651 2952 4721; x_wconf 82' lang='lat' dir='ltr'><strong>depingente</strong></span> <span class='ocrx_word' id='word_1_780' title='bbox 3007 4649 3171 4717; x_wconf 84' lang='lat' dir='ltr'><strong>hujus</strong></span> <span class='ocrx_word' id='word_1_781' title='bbox 3212 4649 3518 4717; x_wconf 71' lang='lat' dir='ltr'><strong>adiectione</strong></span> 
     </span>
    </p>
   </div>
   <div class='ocr_carea' id='block_1_110' title="bbox 1943 4741 3516 4814">
    <p class='ocr_par' dir='ltr' id='par_1_110' title="bbox 1943 4741 3516 4814">
     <span class='ocr_line' id='line_1_110' title="bbox 1943 4741 3516 4814; baseline -0.001 -18"><span class='ocrx_word' id='word_1_782' title='bbox 1943 4742 2398 4813; x_wconf 88' lang='lat' dir='ltr'><strong>pulchritudinem</strong></span> <span class='ocrx_word' id='word_1_783' title='bbox 2432 4743 2666 4796; x_wconf 90' lang='lat' dir='ltr'><strong>illorum.</strong></span> <span class='ocrx_word' id='word_1_784' title='bbox 2699 4741 2787 4794; x_wconf 87' lang='lat' dir='ltr'><strong>Ait</strong></span> <span class='ocrx_word' id='word_1_785' title='bbox 2810 4741 2952 4795; x_wconf 90' lang='lat' dir='ltr'><strong>enim</strong></span> <span class='ocrx_word' id='word_1_786' title='bbox 2984 4760 2998 4795; x_wconf 89' lang='lat'><strong>:</strong></span> <span class='ocrx_word' id='word_1_787' title='bbox 3059 4741 3214 4794; x_wconf 88' lang='lat' dir='ltr'><strong>Oculi</strong></span> <span class='ocrx_word' id='word_1_788' title='bbox 3233 4742 3352 4814; x_wconf 83' lang='lat' dir='ltr'><strong>ejus</strong></span> <span class='ocrx_word' id='word_1_789' title='bbox 3383 4741 3516 4794; x_wconf 82' lang='lat' dir='ltr'><strong>sicut</strong></span> 
     </span>
    </p>
   </div>
   <div class='ocr_carea' id='block_1_111' title="bbox 1944 4831 3520 4902">
    <p class='ocr_par' dir='ltr' id='par_1_111' title="bbox 1944 4831 3520 4902">
     <span class='ocr_line' id='line_1_111' title="bbox 1944 4831 3520 4902; baseline 0.001 -17"><span class='ocrx_word' id='word_1_790' title='bbox 1944 4831 2216 4885; x_wconf 73' lang='lat' dir='ltr'><strong>columine.</strong></span> <span class='ocrx_word' id='word_1_791' title='bbox 2266 4831 2532 4888; x_wconf 64' lang='lat' dir='ltr'><strong>Praeclara</strong></span> <span class='ocrx_word' id='word_1_792' title='bbox 2589 4833 2848 4886; x_wconf 90' lang='lat' dir='ltr'><strong>nimirum</strong></span> <span class='ocrx_word' id='word_1_793' title='bbox 2883 4831 2939 4885; x_wconf 92' lang='lat' dir='ltr'><strong>in</strong></span> <span class='ocrx_word' id='word_1_794' title='bbox 2990 4832 3300 4902; x_wconf 71' lang='lat' dir='ltr'><strong>huiusmodi</strong></span> <span class='ocrx_word' id='word_1_795' title='bbox 3345 4833 3520 4886; x_wconf 88' lang='lat' dir='ltr'><strong>oculis</strong></span> 
     </span>
    </p>
   </div>
   <div class='ocr_carea' id='block_1_112' title="bbox 1943 4921 3520 4992">
    <p class='ocr_par' dir='ltr' id='par_1_112' title="bbox 1943 4921 3520 4992">
     <span class='ocr_line' id='line_1_112' title="bbox 1943 4921 3520 4992; baseline 0.001 -17"><span class='ocrx_word' id='word_1_796' title='bbox 1943 4922 2062 4975; x_wconf 89' lang='lat' dir='ltr'><strong>laus</strong></span> <span class='ocrx_word' id='word_1_797' title='bbox 2096 4931 2198 4984; x_wconf 86' lang='lat' dir='ltr'><strong>est,</strong></span> <span class='ocrx_word' id='word_1_798' title='bbox 2232 4937 2427 4992; x_wconf 75' lang='lat' dir='ltr'><strong>expers</strong></span> <span class='ocrx_word' id='word_1_799' title='bbox 2459 4921 2681 4976; x_wconf 76' lang='lat' dir='ltr'><strong>malitia:</strong></span> <span class='ocrx_word' id='word_1_800' title='bbox 2739 4921 3088 4991; x_wconf 81' lang='lat' dir='ltr'><strong>simplicitas,</strong></span> <span class='ocrx_word' id='word_1_801' title='bbox 3138 4936 3259 4990; x_wconf 76' lang='lat' dir='ltr'><strong>qua:</strong></span> <span class='ocrx_word' id='word_1_802' title='bbox 3287 4921 3340 4974; x_wconf 91' lang='lat' dir='ltr'><strong>in</strong></span> <span class='ocrx_word' id='word_1_803' title='bbox 3396 4922 3520 4976; x_wconf 84' lang='lat' dir='ltr'><strong>illos</strong></span> 
     </span>
    </p>
   </div>
   <div class='ocr_carea' id='block_1_113' title="bbox 1943 5011 3519 5082">
    <p class='ocr_par' dir='ltr' id='par_1_113' title="bbox 1943 5011 3519 5082">
     <span class='ocr_line' id='line_1_113' title="bbox 1943 5011 3519 5082; baseline 0.001 -16"><span class='ocrx_word' id='word_1_804' title='bbox 1943 5011 2108 5074; x_wconf 91' lang='lat' dir='ltr'><strong>cadit,</strong></span> <span class='ocrx_word' id='word_1_805' title='bbox 2142 5012 2234 5081; x_wconf 90' lang='lat' dir='ltr'><strong>qui</strong></span> <span class='ocrx_word' id='word_1_806' title='bbox 2280 5013 2519 5066; x_wconf 92' lang='lat' dir='ltr'><strong>nondum</strong></span> <span class='ocrx_word' id='word_1_807' title='bbox 2550 5027 2580 5066; x_wconf 92' lang='lat' dir='ltr'><strong>a</strong></span> <span class='ocrx_word' id='word_1_808' title='bbox 2617 5012 2722 5067; x_wconf 88' lang='lat' dir='ltr'><strong>vita</strong></span> <span class='ocrx_word' id='word_1_809' title='bbox 2774 5011 2980 5066; x_wconf 89' lang='lat' dir='ltr'><strong>carnali</strong></span> <span class='ocrx_word' id='word_1_810' title='bbox 3007 5012 3198 5082; x_wconf 91' lang='lat' dir='ltr'><strong>polluti</strong></span> <span class='ocrx_word' id='word_1_811' title='bbox 3230 5019 3381 5076; x_wconf 89' lang='lat' dir='ltr'><strong>sunt,</strong></span> <span class='ocrx_word' id='word_1_812' title='bbox 3424 5012 3519 5068; x_wconf 89' lang='lat' dir='ltr'><strong>sed</strong></span> 
     </span>
    </p>
   </div>
   <div class='ocr_carea' id='block_1_114' title="bbox 1942 5103 3518 5174">
    <p class='ocr_par' dir='ltr' id='par_1_114' title="bbox 1942 5103 3518 5174">
     <span class='ocr_line' id='line_1_114' title="bbox 1942 5103 3518 5174; baseline 0.001 -16"><span class='ocrx_word' id='word_1_813' title='bbox 1942 5104 2132 5158; x_wconf 87' lang='lat' dir='ltr'><strong>vivunt</strong></span> <span class='ocrx_word' id='word_1_814' title='bbox 2169 5114 2221 5159; x_wconf 83' lang='lat' dir='ltr'><strong>et.</strong></span> <span class='ocrx_word' id='word_1_815' title='bbox 2255 5104 2533 5158; x_wconf 90' lang='lat' dir='ltr'><strong>ambulant</strong></span> <span class='ocrx_word' id='word_1_816' title='bbox 2581 5104 2796 5174; x_wconf 86' lang='lat' dir='ltr'><strong>spiritu.</strong></span> <span class='ocrx_word' id='word_1_817' title='bbox 2860 5103 3070 5160; x_wconf 85' lang='lat' dir='ltr'><strong>Etenim</strong></span> <span class='ocrx_word' id='word_1_818' title='bbox 3125 5105 3432 5174; x_wconf 79' lang='lat' dir='ltr'><strong>Spiritualis</strong></span> <span class='ocrx_word' id='word_1_819' title='bbox 3464 5113 3518 5159; x_wconf 88' lang='lat' dir='ltr'><strong>et</strong></span> 
     </span>
    </p>
   </div>
   <div class='ocr_carea' id='block_1_115' title="bbox 1946 5189 3519 5267">
    <p class='ocr_par' dir='ltr' id='par_1_115' title="bbox 1946 5189 3519 5267">
     <span class='ocr_line' id='line_1_115' title="bbox 1946 5189 3519 5267; baseline 0.001 -18"><span class='ocrx_word' id='word_1_820' title='bbox 1946 5195 2206 5250; x_wconf 87' lang='lat' dir='ltr'><strong>immunis</strong></span> <span class='ocrx_word' id='word_1_821' title='bbox 2235 5210 2264 5249; x_wconf 93' lang='lat' dir='ltr'><strong>a</strong></span> <span class='ocrx_word' id='word_1_822' title='bbox 2292 5196 2459 5251; x_wconf 89' lang='lat' dir='ltr'><strong>rebus</strong></span> <span class='ocrx_word' id='word_1_823' title='bbox 2481 5189 2683 5252; x_wconf 76' lang='lat' dir='ltr'><strong>crassis</strong></span> <span class='ocrx_word' id='word_1_824' title='bbox 2708 5197 2818 5251; x_wconf 89' lang='lat' dir='ltr'><strong>vita</strong></span> <span class='ocrx_word' id='word_1_825' title='bbox 2852 5212 2950 5267; x_wconf 89' lang='lat' dir='ltr'><strong>per</strong></span> <span class='ocrx_word' id='word_1_826' title='bbox 2979 5197 3245 5252; x_wconf 69' lang='lat' dir='ltr'><strong>columba:</strong></span> <span class='ocrx_word' id='word_1_827' title='bbox 3278 5197 3519 5266; x_wconf 88' lang='lat' dir='ltr'><strong>speciem</strong></span> 
     </span>
    </p>
   </div>
   <div class='ocr_carea' id='block_1_116' title="bbox 1947 5286 3522 5358">
    <p class='ocr_par' dir='ltr' id='par_1_116' title="bbox 1947 5286 3522 5358">
     <span class='ocr_line' id='line_1_116' title="bbox 1947 5286 3522 5358; baseline -0.001 -14"><span class='ocrx_word' id='word_1_828' title='bbox 1947 5287 2272 5357; x_wconf 79' lang='lat' dir='ltr'><strong>exprimitur</strong></span> <span class='ocrx_word' id='word_1_829' title='bbox 2298 5306 2311 5341; x_wconf 86' lang='lat'>:</span> <span class='ocrx_word' id='word_1_830' title='bbox 2344 5303 2467 5342; x_wconf 89' lang='lat' dir='ltr'><strong>cum</strong></span> <span class='ocrx_word' id='word_1_831' title='bbox 2497 5297 2720 5344; x_wconf 90' lang='lat' dir='ltr'><strong>sanctus</strong></span> <span class='ocrx_word' id='word_1_832' title='bbox 2749 5288 2912 5343; x_wconf 88' lang='lat' dir='ltr'><strong>etiam</strong></span> <span class='ocrx_word' id='word_1_833' title='bbox 2940 5286 3179 5356; x_wconf 89' lang='lat' dir='ltr'><strong>Spiritus</strong></span> <span class='ocrx_word' id='word_1_834' title='bbox 3205 5289 3305 5341; x_wconf 88' lang='lat' dir='ltr'><strong>hac</strong></span> <span class='ocrx_word' id='word_1_835' title='bbox 3340 5287 3522 5358; x_wconf 80' lang='lat' dir='ltr'><strong>specie</strong></span> 
     </span>
    </p>
   </div>
   <div class='ocr_carea' id='block_1_117' title="bbox 1948 5377 3523 5448">
    <p class='ocr_par' dir='ltr' id='par_1_117' title="bbox 1948 5377 3523 5448">
     <span class='ocr_line' id='line_1_117' title="bbox 1948 5377 3523 5448; baseline -0.001 -17"><span class='ocrx_word' id='word_1_836' title='bbox 1948 5387 2276 5447; x_wconf 84' lang='lat' dir='ltr'><strong>conspectus</strong></span> <span class='ocrx_word' id='word_1_837' title='bbox 2302 5379 2370 5433; x_wconf 89' lang='lat' dir='ltr'><strong>ab</strong></span> <span class='ocrx_word' id='word_1_838' title='bbox 2394 5377 2602 5434; x_wconf 85' lang='lat' dir='ltr'><strong>Joanne</strong></span> <span class='ocrx_word' id='word_1_839' title='bbox 2641 5379 2710 5433; x_wconf 89' lang='lat' dir='ltr'><strong>sit</strong></span> <span class='ocrx_word' id='word_1_840' title='bbox 2739 5377 2806 5432; x_wconf 88' lang='lat' dir='ltr'><strong>de</strong></span> <span class='ocrx_word' id='word_1_841' title='bbox 2833 5378 2990 5432; x_wconf 68' lang='lat' dir='ltr'><strong>caelis</strong></span> <span class='ocrx_word' id='word_1_842' title='bbox 3011 5394 3178 5448; x_wconf 90' lang='lat' dir='ltr'><strong>super</strong></span> <span class='ocrx_word' id='word_1_843' title='bbox 3206 5393 3403 5448; x_wconf 87' lang='lat' dir='ltr'><strong>aquam</strong></span> <span class='ocrx_word' id='word_1_844' title='bbox 3433 5392 3523 5430; x_wconf 87' lang='lat' dir='ltr'><strong>vo-</strong></span> 
     </span>
    </p>
   </div>
   <div class='ocr_carea' id='block_1_118' title="bbox 1949 5468 3520 5542">
    <p class='ocr_par' dir='ltr' id='par_1_118' title="bbox 1949 5468 3520 5542">
     <span class='ocr_line' id='line_1_118' title="bbox 1949 5468 3520 5542; baseline 0 -18"><span class='ocrx_word' id='word_1_845' title='bbox 1949 5470 2082 5526; x_wconf 90' lang='lat' dir='ltr'><strong>lare.</strong></span> <span class='ocrx_word' id='word_1_846' title='bbox 2117 5470 2298 5538; x_wconf 86' lang='lat' dir='ltr'><strong>Quare</strong></span> <span class='ocrx_word' id='word_1_847' title='bbox 2331 5471 2483 5526; x_wconf 89' lang='lat' dir='ltr'><strong>illum</strong></span> <span class='ocrx_word' id='word_1_848' title='bbox 2527 5472 2620 5541; x_wconf 90' lang='lat' dir='ltr'><strong>qui</strong></span> <span class='ocrx_word' id='word_1_849' title='bbox 2659 5479 2716 5525; x_wconf 90' lang='lat' dir='ltr'><strong>ut</strong></span> <span class='ocrx_word' id='word_1_850' title='bbox 2747 5470 3002 5527; x_wconf 80' lang='lat' dir='ltr'><strong>Ecclesiae</strong></span> <span class='ocrx_word' id='word_1_851' title='bbox 3032 5472 3250 5542; x_wconf 87' lang='lat' dir='ltr'><strong>corpori</strong></span> <span class='ocrx_word' id='word_1_852' title='bbox 3278 5471 3346 5524; x_wconf 88' lang='lat' dir='ltr'><strong>sit</strong></span> <span class='ocrx_word' id='word_1_853' title='bbox 3373 5468 3520 5524; x_wconf 90' lang='lat' dir='ltr'><strong>oculi</strong></span> 
     </span>
    </p>
   </div>
   <div class='ocr_carea' id='block_1_119' title="bbox 347 5627 1826 5716">
    <p class='ocr_par' dir='ltr' id='par_1_119' title="bbox 347 5627 1816 5716">
     <span class='ocr_line' id='line_1_119' title="bbox 347 5627 1816 5716; baseline 0.012 -25"><span class='ocrx_word' id='word_1_854' title='bbox 347 5640 472 5681; x_wconf 73' lang='lat'><strong>&quot;-“</strong></span> <span class='ocrx_word' id='word_1_855' title='bbox 497 5640 644 5697; x_wconf 86' lang='lat' dir='ltr'><strong>Psal.</strong></span> <span class='ocrx_word' id='word_1_856' title='bbox 684 5657 776 5713; x_wconf 77' lang='lat' dir='ltr'><strong>xx,</strong></span> <span class='ocrx_word' id='word_1_857' title='bbox 805 5642 858 5698; x_wconf 69' lang='grc'><strong>4.</strong></span> <span class='ocrx_word' id='word_1_858' title='bbox 937 5641 1023 5696; x_wconf 86' lang='grc'><strong>¹⁸1</strong></span> <span class='ocrx_word' id='word_1_859' title='bbox 1063 5642 1187 5699; x_wconf 88' lang='lat' dir='ltr'><strong>Cor.</strong></span> <span class='ocrx_word' id='word_1_860' title='bbox 1227 5659 1325 5710; x_wconf 74' lang='lat' dir='ltr'><strong>xu,</strong></span> <span class='ocrx_word' id='word_1_861' title='bbox 1352 5632 1438 5699; x_wconf 62' lang='lat' dir='ltr'><strong>EI.</strong></span> <span class='ocrx_word' id='word_1_862' title='bbox 1518 5645 1560 5677; x_wconf 81' lang='lat'>”</span> <span class='ocrx_word' id='word_1_863' title='bbox 1593 5643 1610 5697; x_wconf 86' lang='grc'><strong>1</strong></span> <span class='ocrx_word' id='word_1_864' title='bbox 1643 5627 1773 5716; x_wconf 68' lang='lat' dir='ltr'><strong>Reg-</strong></span> <span class='ocrx_word' id='word_1_865' title='bbox 1802 5660 1816 5699; x_wconf 87' lang='grc' dir='ltr'><strong>ι</strong></span> 
     </span>
    </p>
   </div>
   <div class='ocr_carea' id='block_1_120' title="bbox 1929 5627 2596 5716">
    <p class='ocr_par' dir='ltr' id='par_1_120' title="bbox 1929 5646 2596 5715">
     <span class='ocr_line' id='line_1_120' title="bbox 1929 5646 2596 5715; baseline 0.004 -15"><span class='ocrx_word' id='word_1_866' title='bbox 1929 5646 2004 5702; x_wconf 82' lang='lat' dir='ltr'>II.</span> <span class='ocrx_word' id='word_1_867' title='bbox 2085 5649 2124 5681; x_wconf 77' lang='grc'><strong>’⁷</strong></span> <span class='ocrx_word' id='word_1_868' title='bbox 2153 5650 2352 5706; x_wconf 75' lang='grc' dir='ltr'><strong>Ειεειι.</strong></span> <span class='ocrx_word' id='word_1_869' title='bbox 2399 5667 2479 5715; x_wconf 90' lang='lat' dir='ltr'><strong>Ill,</strong></span> <span class='ocrx_word' id='word_1_870' title='bbox 2509 5649 2596 5703; x_wconf 77' lang='grc' dir='ltr'><strong>Π.</strong></span> 
     </span>
    </p>
   </div>
  </div>
