3948 6192
546 262 573 318 1
584 259 690 316 059

1788 257 1845 314 S.
1885 255 2209 312 GREGORl-l
2255 254 2542 312 NYSSEM

3586 268 3689 324 ὶθθς)

535 379 680 440 loco.
713 373 980 430 divinitus
1031 373 1319 431 ordinatus
1341 383 1448 444 est,
1497 375 1545 432 si
1577 376 1797 448 quidem
1823 393 1960 447 pure
1994 392 2116 447 spe—

2243 376 2430 432 )ύκοῦν
2453 376 2544 429 τὸν
2566 373 2684 429 ἀντὶ
2703 371 2996 443 ὀφθαλμῶν
3020 370 3096 442 τῷ
3119 372 3312 444 σώματι
3331 375 3417 448 τῆς
3439 379 3686 449 Ἐκκλησίας

537 466 804 522 culatoris
834 474 888 521 et
922 466 1250 536 inspectoris
1276 483 1500 522 munere
1533 468 1683 538 fungi
1715 469 1862 532 velit,
1889 483 2106 523 omnem

541 559 856 614 vitiositatis
887 558 1265 627 lippitudinem
1292 560 1511 615 abluere
1552 575 1691 630 aqua
1720 559 1993 614 convenit.
2054 557 2121 612 Et

543 666 684 721 aqua
713 665 822 704 non
890 665 998 703 una
1027 658 1131 714 est,
1187 667 1293 720 qua
1342 653 1489 705 oeuli
1532 651 1896 722 abstergendo
1921 666 2120 720 repur-

543 753 760 814 gantur,
790 741 884 797 sed
929 742 1241 810 complures
1276 742 1366 796 hic
1403 758 1525 798 esse
1556 744 1815 796 dicuntur
1850 741 2120 812 ejusmodi

545 851 812 906 aquarum
843 836 1036 903 copiae.
1072 833 1205 886 Nam
1249 843 1382 903 quot
1427 835 1656 888 virtutes
1683 841 1832 898 sunt,
1869 841 1946 887 tot
1999 847 2122 887 esse

547 927 861 996 huiusmodi
915 927 1222 982 lustralium
1266 942 1531 996 aquarum
1582 925 1762 980 fontes
1793 926 2121 980 existiman-

551 1020 682 1074 dum
722 1029 829 1080 est,
867 1035 962 1088 per
1005 1034 1144 1088 quos
1172 1020 1314 1072 oculi
1362 1034 1577 1088 semper
1621 1019 1817 1087 scipsis
1873 1018 2122 1086 put-iores

548 1111 703 1164 ﬂunt.
775 1109 938 1165 Verbi
996 1110 1206 1178 gratia,
1263 1112 1616 1179 temperantia
1676 1110 1914 1163 lustralis
1969 1120 2125 1177 aqua:

547 1199 672 1255 fons
700 1200 920 1269 quidam
953 1208 1036 1254 est
1069 1215 1082 1252 :
1119 1201 1259 1254 alius
1313 1201 1612 1264 humilitas,
1635 1201 1860 1265 veritas,
1888 1200 2123 1268 justitia,

547 1287 840 1350 fortitudo;
885 1288 1012 1343 boni
1071 1291 1364 1357 cupiditas,
1421 1291 1546 1342 mali
1587 1293 1882 1344 aversatio.
1935 1289 2027 1343 Hm
2073 1297 2126 1343 et

547 1381 665 1434 aliae
695 1397 867 1448 aqum,
914 1381 978 1433 de
1019 1396 1128 1433 uno
1172 1382 1388 1449 quidem
1439 1382 1542 1434 illa:
1572 1380 1741 1444 fonte,
1769 1381 1861 1435 sed
1892 1382 2125 1436 diversis

551 1471 712 1542 quasi
748 1470 967 1524 ﬂuentis
1004 1471 1057 1524 in
1092 1487 1258 1524 unum
1299 1472 1542 1526 collectis
1573 1473 1818 1541 quaedam
1850 1481 1978 1526 sunt
2027 1488 2124 1526 co-

552 1563 706 1632 piosa
751 1561 1051 1631 plenitudo,
1104 1577 1197 1629 per
1251 1577 1372 1630 quae
1436 1562 1577 1616 oculi
1620 1563 1687 1615 ab
1741 1563 1890 1616 omni
1931 1563 2128 1617 vitiosa

549 1652 868 1723 lippitudine
926 1661 1308 1723 repurgantur.
1342 1653 1675 1723 Quanquam
1709 1670 1836 1708 vero
1867 1654 1935 1708 ad
1966 1669 2132 1724 aqua-

2224 470 2329 523 ύπὸ
2351 467 2444 522 τοῦ
2476 465 2612 520 Θεοῦ
2645 465 2997 535 τεταγμένον,
3027 464 3074 515 εί
3105 463 3244 533 μέλει
3282 467 3498 537 καθαρῶς
3521 472 3687 526 imm.

2223 557 2343 611 πεῖν
2366 573 2425 608 τε
2456 555 2550 608 καὶ
2582 553 2914 615 ἐπιϐλέπειν,
2968 553 3143 604 πᾶσαν
3165 552 3255 622 τὴν
3285 554 3341 606 ἐκ
3368 557 3534 622 κακίας
3555 559 3688 632 λήμην

2223 647 2631 702 ἀποκλύσασθαι
2682 646 2949 716 προσήκει
2987 643 3066 714 τῷ
3108 643 3269 698 ὕδατι.
3305 647 3439 700 Ἐστι
3477 649 3526 702 δὲ
3558 653 3635 722 οὐχ
3649 655 3689 706 ἒν

2224 738 2368 811 ὕδωρ
2399 739 2643 792 νιπτικὺν
2674 737 2782 791 τῶν
2815 737 3095 807 ὀμμάτων,
3131 736 3256 790 ἀλλὰ
3277 739 3428 792 πολλὰ
3450 742 3539 793 τῶν
3565 747 3692 796 τοιού-

2222 847 2332 884 των
2379 829 2586 884 ὑδάτων
2620 824 2755 880 εἶναί
2800 845 2931 898 φησι
2978 825 3046 879 τὰ
3097 825 3426 898 πληρώματα.
3455 829 3584 884 Ὅσαι
3615 835 3693 902 γάρ

2226 924 2360 975 εἰσιν
2390 920 2601 990 ἀρεταὶ,
2632 917 2895 979 τοσαύτας
2935 915 3040 986 χρὴ
3079 914 3174 979 τὰς
3203 914 3303 967 τῶν
3330 915 3589 983 καθαρσίων
3606 919 3695 972 ὑδά-

2223 1031 2332 1066 των
2366 1011 2613 1080 ἐννοῆσαι
2653 1008 2854 1080 πηγὰς,
2887 1008 2954 1060 δι’
2978 1001 3050 1060 ὦν
3075 1008 3122 1059 oi
3159 1005 3404 1076 ὀφθαλμοὶ
3428 1007 3619 1074 γίνονται
3637 1010 3698 1060 ἀεὶ

2227 1104 2432 1157 ἑαυτῶν
2453 1101 2857 1172 καθαρώτεροι·
2881 1095 2990 1152 οἷον
3013 1097 3162 1168 πηγὴ
3177 1098 3265 1152 τοῦ
3288 1098 3544 1168 καθαρσίου
3565 1099 3702 1162 ὕδατός

2227 1195 2373 1247 ἐστιν
2428 1193 2461 1262 ἠ
2527 1189 2844 1260 σωφροσύνη
2865 1205 2879 1218 ·
2904 1187 3038 1256 άλλη
3067 1187 3214 1256 πηγὴ
3239 1187 3439 1255 τοιαύτη
3469 1189 3703 1257 ηταπεινο-

2229 1283 2492 1355 φροσύνη,
2525 1284 2558 1352 ή
2585 1281 2829 1352 ἀλήθεια,
2845 1281 2938 1334 καὶ
2965 1283 2998 1349 ἡ
3021 1279 3344 1348 δικαιοσύνη,
3367 1278 3450 1330 καλ⁸
3473 1282 3502 1348 ἡ
3526 1279 3704 1348 ἀνδρεία,

2228 1377 2375 1444 καὶὴ
2405 1374 2496 1426 τοῦ
2533 1372 2736 1441 ἀγαθοῦ
2784 1371 3065 1440 ἐπιθυμία,
3100 1370 3192 1422 καὶ
3232 1369 3372 1438 ὴτοῦ
3412 1367 3557 1420 κακοῦ
3595 1368 3708 1421 ἁλλο-

2224 1466 2467 1536 τρίωσις.
2513 1463 2696 1517 Ταῦτα
2733 1465 2825 1515 καὶ
2859 1462 2926 1514 τὰ
2954 1460 3175 1514 τοιαῦτα
3211 1459 3369 1512 ὓδατὰ
3394 1461 3518 1511 ἐστιν
3544 1461 3595 1510 ἐκ
3619 1461 3709 1527 μιᾶς

2233 1560 2331 1628 μὲν
2371 1557 2576 1628 πηγῆς,
2605 1555 2873 1625 διαφόρων
2901 1555 2956 1607 δὲ
3001 1553 3228 1624 ῥείθρων
3261 1554 3332 1614 είς
3359 1551 3410 1604 ἓν
3431 1551 3710 1621 ἀθροιζόμενα

2233 1650 2526 1720 πλήρωμα,
2584 1647 2650 1700 δι’
2697 1639 2770 1699 ὧν
2826 1647 3005 1715 πάσης
3035 1647 3097 1697 ἐκ
3156 1642 3348 1706 πάθους
3381 1643 3536 1712 λήμης
3562 1641 3714 1708 γίνεται

551 1761 672 1798 rum
694 1745 883 1812 copias
938 1753 1067 1798 sunt
1114 1744 1191 1796 illi
1244 1745 1409 1810 oculi,
1443 1745 1534 1815 qui
1573 1746 1642 1799 ob
1669 1745 2032 1815 integritatem
2064 1761 2129 1801 ac

2243 1719 2358 1803 τοῖς
2386 1738 2682 1808 ὀφθαλμοῖς
2711 1736 2777 1790 τὰ
2816 1735 3108 1806 καθάρσια.
3152 1733 3285 1785 Ἀλλ’
3329 1733 3424 1784 εἰσὶ
3471 1732 3551 1801 μὲν
3579 1729 3716 1782 triti

552 1835 956 1905 simplicitatem
992 1835 1261 1890 columbis
1310 1846 1731 1905 comparantur;
1769 1837 2126 1891 nihilominus

555 1930 832 1982 lavacrum
871 1943 1061 1982 eorum
1099 1929 1180 1983 lac
1215 1944 1336 1984 esse
1363 1929 1587 1994 dicitur,
1679 1929 1860 1984 verbis
1939 1930 2126 1985 hisce:

551 2019 760 2073 Ablutw
794 2019 946 2073 lacte.
1011 2019 1357 2074 Conveniens
1415 2032 1592 2075 autem
1649 2020 1769 2076 laus
1814 2021 2130 2091 hujusmodi

558 2110 735 2164 oculis
773 2110 1054 2174 tribuitur,
1090 2125 1213 2163 cum
1262 2111 1402 2165 lacte
1461 2111 1713 2165 columba
1774 2113 1899 2167 talis
1958 2113 2127 2178 ablui,

551 2210 891 2271 venustaque
930 2201 1078 2255 reddi
1113 2210 1592 2256 commemoratur.
1619 2201 1752 2255 Nam
1785 2219 1911 2258 vere
1942 2205 2043 2258 hoc
2074 2207 2128 2257 in

555 2295 696 2348 lacte
717 2295 1062 2349 observatum
1095 2301 1212 2358 est,
1247 2295 1421 2348 solum
1455 2294 1595 2348 inter
1643 2295 1863 2349 humida
1890 2296 2133 2366 proprie-

553 2396 718 2442 tatem
751 2388 890 2442 hanc
938 2387 1156 2449 habere,
1193 2385 1336 2454 quod
1378 2386 1430 2439 in
1463 2401 1526 2440 eo
1553 2387 1754 2441 nullius
1779 2388 1856 2441 rei
1905 2388 2130 2441 simula-

554 2493 707 2532 crum
732 2493 796 2530 ae
823 2476 1125 2531 similitudo
1152 2477 1542 2545 conspiciatur.
1573 2476 1778 2531 Etenim
1831 2494 1919 2533 res
1943 2494 2131 2534 omnes

555 2585 676 2640 qua:
700 2570 931 2624 humidae
973 2577 1183 2623 naturae
1212 2577 1361 2631 sunt,
1403 2570 1468 2622 ad
1499 2569 1911 2624 similitudinem
1943 2586 2134 2640 specu-

556 2663 756 2727 lorum,
790 2664 858 2717 ob
893 2660 1202 2716 laevitatem
1258 2661 1586 2730 superﬁciei,
1641 2661 1848 2716 faciunt
1881 2671 1937 2716 ut
1967 2664 2136 2733 inspi-

555 2756 816 2810 cientium
836 2754 887 2808 in
903 2769 996 2809 eas
1015 2753 1254 2808 vicissim
1300 2770 1362 2808 ex
1388 2754 1522 2826 ipsis
1546 2755 1811 2824 imagines
1834 2756 2131 2809 reluceant.

556 2847 615 2902 In
646 2847 764 2901 solo
823 2855 1004 2899 autem
1062 2844 1202 2898 lacte
1250 2835 1564 2913 hujusmodi
1597 2846 2014 2900 simulacrorum
2042 2863 2137 2901 ex-

555 2937 770 3006 pressio
805 2936 986 2989 locum
1022 2951 1130 2990 non
1162 2935 1338 2990 habet.
1371 2935 1489 3000 Quo
1522 2937 1578 2988 lit
1625 2945 1682 2989 ut
1715 2937 1827 2990 hac
1853 2938 2134 2992 oculorum

2232 1829 2571 1903 πληρώματα
2593 1827 2699 1882 τῶν
2723 1825 2929 1880 ὑδάτων
2972 1827 3019 1877 οἱ
3051 1823 3336 1893 ὀφθαλμοὶ,
3363 1824 3405 1873 οἱ
3430 1821 3506 1872 διὰ
3532 1820 3716 1888 1i};th-

2235 1924 2512 1996 ραιότητος
2541 1919 2633 1974 καλ⁵
2660 1918 2892 1980 ἁκακίας
2919 1917 3036 1980 ταῖς
3070 1931 3135 1968 πε
3153 1915 3407 1984 ριστεραῐς
3429 1909 3714 1979 ὡμοιωμένον

2231 2018 2455 2088 λουτρὸν
2480 2016 2534 2068 δὲ
2562 2014 2743 2076 αὐτοῖς
2772 2012 2832 2064 “ab
2857 2011 2997 2080 γάλα
3025 2012 3213 2081 φησὶν,
3253 2007 3412 2069 οὓτως
3432 2004 3632 2066 εἰπόντος
3653 2002 3716 2054 τοῦ

2231 2112 2393 2180 λόγου
2415 2127 2428 2140 °
2453 2111 2535 2162 ὅτι
2567 2105 2932 2174 Λελουμέγαι
2959 2103 3028 2156 ἐν
3053 2102 3327 2171 γάλακτι.
3356 2098 3560 2168 Πρέπων
3584 2095 3627 2147 δὲ
3645 2097 3720 2154 τοῖς

2232 2203 2492 2265 τοιούτοις
2518 2201 2757 2272 ὄμμασιν
2773 2197 2991 2258 ἔπαινος
3015 2197 3074 2247 τὸ
3095 2195 3181 2264 τῷ
3203 2192 3418 2262 γάλακτι
3431 2191 3516 2259 τὴν
3533 2186 3721 2251 τοιαύτην

2233 2294 2561 2367 περιστεράν
2610 2289 2901 2361 λουομένην
2958 2284 3367 2357 ἐνωραῒζεσθαι.
3429 2279 3619 2349 Ἀληθης
3649 2277 3724 2344 γάρ

2235 2383 2435 2459 ἐστινὴ
2467 2385 2560 2440 τοῦ
2589 2385 2857 2453 γάλακτος
2888 2379 3293 2451 παρατήρησις,
3345 2375 3420 2426 ὅτι
3457 2373 3592 2442 μόνον
3615 2367 3725 2421 τοῦτο

2235 2457 2488 2550 τοιαύτην
2521 2476 2630 2545 ἔχει
2659 2474 2752 2545 τὴν
2796 2473 3052 2542 ἰδιότητα,
3079 2469 3144 2522 τὸ
3181 2467 3252 2539 μὴ
3285 2457 3728 2550 ὲμφαίνεσθαιναὺτῴ

2236 2549 2453 2625 εἴδωλόν
2475 2585 2615 2630 τινος
2641 2567 2734 2618 καὶ
2759 2563 3028 2634 ὁμοίωμα.
3060 2560 3259 2614 Πάντα
3277 2557 3378 2625 γὰρ
3402 2555 3490 2606 ὅσα
3508 2552 3588 2619 τῆς
3604 2549 3727 2616 ύγρίς

2237 2662 2352 2714 ἐστι
2387 2658 2621 2728 φύσεως,
2653 2654 2776 2707 καθ’
2799 2652 3091 2723 ὁμοιότητα
3122 2649 3242 2702 τῶν
3272 2646 3559 2713 κατόπτρων
3585 2637 3653 2692 διὰ
3667 2635 3729 2687 τοῦ

2235 2749 2378 2802 λείου
2423 2748 2522 2818 τῆς
2577 2742 2894 2812 ἐπιφανείας
2926 2740 3034 2793 τῶν
3074 2741 3134 2802 ἐς
3177 2736 3310 2790 αὐτὰ
3340 2732 3601 2804 βλεπόντων
3625 2730 3727 2818 ἀντιξ

2238 2815 2520 2910 φαίνεσθαι
2545 2832 2948 2905 παρασκευάζει
2971 2830 3038 2882 τά
3081 2827 3422 2899 ὁμοιώματα.
3457 2824 3535 2876 Ἐν
3562 2821 3672 2910 μόνῳ
3694 2815 3728 2866 δὲ

2237 2908 2314 3004 τῷ
2352 2930 2581 3000 γάλακτι
2612 2928 2646 2998 ἠ
2689 2923 2908 2992 τοιαύτη
2967 2913 3523 2986 εἰδωλοποιῖακχὼραν
3544 2908 3727 3004 ούκιέχει.

556 2994 906 3082 ἒοοιρείωείι
953 3027 1069 3080 laus
1133 2994 1545 3094 perfectissima,
1599 3026 1744 3095 quod
1799 3027 1934 3082 nihil
1991 3027 2135 3098 quod

2245 3018 2319 3078 Οὗ
2357 3023 2534 3093 χάριν,
2599 3015 2837 3078 τοιοῦτος
2870 3013 2976 3066 τῶν
3025 3011 3124 3080 τῆς
3188 3007 3492 3076 Ἐκκλησῐας
3517 2994 3732 3070 ὀφθαλμῶν

2529 3112 2537 3114 “
2607 3111 2618 3114 ’
2814 3107 2835 3114 ’⁵
3111 3103 3125 3114 ⁵
3262 3102 3300 3114 ⁸⁵⁵
3379 3101 3390 3114 ⁸
3489 3113 3492 3114 ν
3511 3091 3675 3114 2----1..
3692 3103 3729 3114 ο-

559 3133 667 3172 ηοη
701 3117 966 3172 subsistat
1000 3117 1053 3169 in
1084 3131 1266 3170 rerum
1301 3123 1516 3178 natura,
1554 3117 1688 3169 nihil
1715 3133 2022 3183 erroneum,
2057 3119 2141 3172 ni-

559 3209 636 3262 hil
660 3223 856 3261 vanum
883 3215 1078 3276 printer
1103 3208 1274 3275 ipsam
1309 3222 1492 3260 rerum
1519 3209 1825 3273 veritatem,
1850 3192 1996 3264 velut
2024 3225 2144 3262 um-

558 3298 740 3352 bratili
788 3297 1023 3366 quodam
1071 3297 1368 3352 simulacro
1423 3297 1799 3354 fraudulenter
1840 3316 2143 3370 reprmsen-

559 3398 721 3445 tent:
767 3389 861 3444 sed
898 3389 1230 3458 ipsissimam
1276 3391 1555 3446 veritatem
1613 3392 1948 3457 intueantur,
1989 3409 2143 3449 erro-

560 3482 678 3536 neis
711 3483 876 3551 hujus
906 3483 1028 3535 vitae
1053 3481 1284 3550 spectris
1321 3491 1374 3536 et
1416 3483 1897 3553 imaginationibus
1931 3501 2140 3555 nequa-

561 3591 722 3646 quam
747 3576 1026 3631 admissis.
1059 3573 1351 3644 Propterea
1381 3576 1537 3631 lactis
1596 3577 1869 3631 lavacrum
1899 3577 2140 3648 perfecta

562 3670 676 3724 haec
705 3669 885 3722 anima
912 3679 1121 3744 certum
1150 3683 1271 3722 esse
1302 3669 1600 3722 remedium
1635 3669 1823 3724 statuit
1851 3669 1917 3723 ad
1953 3670 2141 3725 oculo-

562 3779 680 3818 rum
699 3763 1013 3832 puritatem.

633 3876 764 3944 Qua:
790 3890 953 3947 porro
984 3882 1290 3943 sequuntur
1327 3874 1513 3938 verba,
1551 3875 1708 3944 quasi
1755 3875 1840 3930 lex
1870 3875 2138 3944 quadam,

564 3968 927 4038 praescribunt
958 3964 1301 4020 auditoribus
1356 3963 1556 4033 quibus
1597 3965 1760 4020 rebus
1786 3965 2029 4020 studiose
2053 3966 2139 4018 in-

565 4059 699 4114 tenti
718 4073 842 4113 esse
861 4055 1006 4110 oculi
1055 4054 1306 4110 debeant.
1350 4053 1621 4119 Sedentcs,
1647 4056 1843 4125 inquit,
1865 4058 2029 4126 juxta
2055 4072 2140 4109 co-

563 4154 678 4222 pias
712 4165 992 4221 aquarum.
1019 4147 1289 4204 Nimirum
1321 4157 1638 4217 perpetuam
1665 4149 1813 4204 velut
1846 4148 2146 4205 assiduita-

564 4254 674 4301 tem
717 4240 1030 4300 attentionis
1092 4240 1149 4294 in
1195 4239 1471 4295 discendis
1499 4239 1666 4296 rebus
1705 4239 1904 4295 divinis
1943 4247 2146 4295 nostra:

2242 3121 2386 3170 ἐστιν
2415 3115 2442 3166 ὁ
2466 3111 2790 3171 τελεώτατος
2813 3107 3050 3167 ἔπαινος,
3077 3103 3150 3155 τὸ
3182 3102 3339 3174 μηδὲν
3369 3091 3675 3153 ἀνυπόστατόν
3692 3103 3730 3136 τε

2240 3208 2333 3260 καὶ
2372 3200 2786 3272 πεπλανημένον
2807 3198 2900 3251 καὶ
2933 3197 3170 3266 μάταιον
3213 3192 3361 3263 παρὰ
3385 3188 3475 3260 τὴν
3501 3185 3591 3240 τῶν
3616 3181 3731 3272 ὄντων

2240 3297 2495 3368 ἀλήθειαν
2535 3270 2886 3361 σκιογράφειν
2934 3288 3160 3349 ἑαυτοῖς
3189 3285 3254 3338 δι’
3301 3282 3522 3348 ἀπάτης·
3553 3273 3657 3368 ἀλλὰ

2241 3390 2408 3451 ὅντως
2435 3386 2563 3439 ὄντα
2613 3383 2848 3454 βλέπειν,
2897 3379 2995 3443 τὰς
3042 3378 3099 3432 δέ
3162 3371 3515 3447 ἠλητευμένας
3548 3367 3623 3420 τοῦ

2249 3481 2363 3552 βίου
2399 3478 2548 3547 ὄψεις
2581 3492 2640 3527 τε
2679 3475 2772 3526 καὶ
2818 3471 3115 3540 φαντασίας
3159 3471 3231 3541 μὴ
3266 3461 3638 3537 παραδέχεσθαι.
3670 3454 3735 3506 Διὰ

2245 3571 2404 3626 τοῦτο
2443 3567 2578 3638 πρὸς
2638 3565 2732 3633 τὴν
2765 3561 3112 3632 καθαρότητα
3152 3561 3262 3614 τῶν
3286 3556 3527 3628 ὀμμάτων
3569 3549 3651 3602 ὑπὸ

2245 3663 2455 3724 τελείας
2493 3637 2699 3728 ψυχῆς
2747 3654 2808 3708 τδ
2849 3653 2943 3707 τοῦ
2980 3653 3259 3724 γάλακτος
3306 3646 3512 3717 λουτρὸν
3562 3637 3736 3706 ἀσφαλὲς

2247 3755 2458 3825 ἐκρίθη.

2333 3870 2391 3921 '0
2422 3868 2465 3921 δ’
2505 3864 2699 3934 ἐφεξῆς
2728 3861 2900 3928 λόγος,
2933 3858 3096 3927 νόμος
3138 3855 3258 3908 ἐστὶ
3280 3855 3387 3916 τοῖς
3403 3849 3632 3908 ἐπαΐουσι,
3650 3837 3739 3934 rip!

2249 3960 2285 4015 ἃ
2308 3960 2412 4030 χρὴ
2445 3929 2571 4019 τοὺς
2616 3929 2927 4022 ὀφθαλμοὺς
2965 3947 3062 4018 τὴν
3095 3944 3333 4015 σπουδὴν
3371 3943 3521 4013 ἔχειν.
3542 3929 3741 4030 Ιςιιθήμξο

2248 4025 2358 4104 νάῖ
2379 4025 2508 4117 γὰρ,
2563 4045 2744 4114 φησὶν,
2771 4040 2868 4094 ἐπὶ
2900 4036 3267 4106 πληρώματα
3298 4031 3531 4089 ὑδᾶτων.
3670 4025 3744 4084 γάρ

2249 4113 2472 4212 διηνεκῆ
2533 4113 2886 4207 προσεδρείαν
2938 4129 3038 4197 τῆς
3095 4127 3226 4197 περὶ
3277 4124 3344 4178 τὰ
3380 4122 3490 4174 θεῖα
3521 4113 3748 4212 pawn“.

2251 4203 2524 4302 πρόσσχίῆς
2622 4223 2859 4284 τοιοῦτος
2885 4218 3201 4274 ὑποτίθεται
3235 4217 3411 4285 λόγος,
3433 4212 3494 4266 δι’
3514 4203 3577 4263 ὧν
3596 4203 3746 4302 ἐπαινεῖ

567 4337 772 4391 dictum
797 4335 902 4388 hoc
928 4332 1178 4402 requirit,
1207 4331 1332 4385 dum
1358 4345 1525 4400 puros
1547 4330 1736 4385 oculos
1770 4329 1959 4384 laudat
1988 4348 2003 4384 :
2049 4330 2137 4384 do-

2251 4294 2378 4384 τάδς
2403 4294 2673 4389 ,εειδαροεις
2703 4311 3040 4385 ὀφθαλμούς·
3062 4311 3174 4402 re
3195 4310 3348 4402 ἡμᾶς
3368 4304 3621 4402 διξίῖκω

567 4444 698 4486 cens
723 4426 941 4482 interim
963 4439 1064 4479 nos
1112 4439 1220 4493 quo
1273 4430 1433 4493 pacto
1463 4420 1924 4492 pulchritudinem
1953 4420 2146 4484 oculo-

569 4536 691 4576 rum
731 4519 994 4587 consequi
1021 4516 1320 4586 possimus,
1349 4513 1606 4568 nimirum
1631 4529 1912 4583 nunquam
1941 4528 2050 4566 non
2081 4512 2151 4567 ad

570 4619 833 4682 aquarum
892 4607 1080 4679 c0pias
1107 4607 1370 4664 sedendo.
1414 4605 1721 4661 Praesertim
1739 4620 1862 4660 eum
1894 4603 2052 4658 multi
2086 4619 2152 4660 ex

570 4705 638 4759 iis
667 4703 759 4772 qui
796 4702 1081 4758 oculorum
1109 4701 1287 4755 locum
1316 4700 1586 4763 obtinent,
1611 4699 1814 4753 omissa
1837 4695 2156 4765 huiusmodi

570 4795 742 4863 c0piis
764 4808 1027 4863 aquarum
1053 4790 1332 4847 assidendi
1357 4789 1634 4861 diligentia
1656 4829 1670 4852 ,
1704 4788 1774 4842 ad
1799 4788 2023 4843 [lumina
2055 4787 2158 4841 Ba-
2201 4854 2204 4857 _

572 4885 786 4955 bylonis
822 4884 1123 4947 desideant,
1163 4872 1423 4937 facientes
1449 4881 1500 4936 id
1537 4880 1680 4951 quod
1707 4879 1760 4933 in
1792 4879 1888 4932 Dei
1922 4892 2157 4948 persona

574 4979 631 5033 in
683 4975 994 5044 hnjusmodi
1032 4975 1346 5029 hominibus
1406 4971 1847 5044 reprehenditur.
1910 4969 2154 5040 Relique-

574 5078 697 5123 runt
728 5084 827 5129 me.
861 5064 1059 5134 inquit,
1089 5065 1289 5132 [autem
1326 5083 1476 5135 aqua:
1508 5068 1654 5132 vim,
1686 5081 1747 5118 ac
1777 5065 2022 5133 [oderunt
2053 5059 2155 5115 sibi

573 5169 753 5230 puteos
792 5155 1110 5226 perforatas,
1147 5155 1236 5225 qui
1265 5173 1458 5224 aquam
1502 5157 1765 5211 continere
1803 5161 2058 5225 nequeunt
2081 5151 2145 5206 η.

576 5253 763 5312 Itaque
795 5248 1060 5303 docemur
1101 5247 1206 5301 hoc
1239 5245 1385 5301 dicto
1425 5247 1516 5317 qui
1544 5247 1658 5302 lieri
1706 5247 1899 5300 oculus
1925 5243 2152 5316 pulcher

572 5342 766 5415 possit,
784 5349 844 5396 ut
863 5339 1032 5396 decus
1054 5339 1275 5410 aliquod
1298 5339 1493 5394 habeat
1513 5338 1846 5407 omninoque
1865 5335 2153 5392 conveniat

575 5448 744 5492 aureo
771 5431 935 5504 capiti
967 5449 982 5486 :
1015 5431 1272 5487 nimirum
1300 5431 1346 5487 si
1381 5431 1502 5485 labe
1533 5439 1734 5494 careat,
1761 5430 1829 5484 ad
1844 5431 2152 5500 exemplum

575 5528 840 5584 columbae
857 5567 872 5594 ,
891 5534 944 5583 et
962 5527 1135 5584 instar
1151 5534 1358 5582 natura:
1379 5523 1536 5582 lactis
1559 5523 1626 5580 ab
1647 5524 1927 5581 erroribus
1945 5530 1998 5580 et
2013 5521 2162 5578 frau-

652 5705 695 5739 ¹⁸
729 5703 928 5760 Jerem.
957 5721 1017 5774 ιι,
1050 5705 1133 5759 i3.

2246 4373 2560 4470 άνῠτδνίδιον
2584 4373 2780 4469 κάλλος
2823 4373 2930 4457 τών
2979 4373 3281 4472 δφθαλμών
3323 4373 3746 4482 ἀναλάϐωμεν,

2247 4501 2688 4578 προσκαθήμενοι
2710 4499 2821 4559 τοῖς
2847 4494 2954 4548 τῶν
2973 4494 3180 4547 ὑδάτων
3203 4487 3548 4561 πληρώμασιν
3564 4476 3742 4578 «bram

2254 4563 2442 4653 πολλοὶ
2489 4563 2595 4646 τών
2627 4592 2704 4653 εἰς
2738 4585 3047 4657 ὀφθαλμοὺς
3067 4583 3420 4654 τεταγμένων
3446 4563 3746 4657 καταλιπόντες

2252 4690 2314 4744 τὸ
2330 4690 2439 4750 τοῖς
2459 4682 2716 4745 τοιούτοις
2736 4676 3063 4750 πληρώμασι
3099 4671 3495 4745 προσεδρεύειν,
3518 4664 3610 4719 τοῖς
3623 4649 3745 4750 βασρ-

2255 4740 2465 4842 λωνίοις
2510 4740 2770 4844 ποταμοῖς
2892 4740 3250 4840 ρακάθηνται,
3276 4740 3588 4834 πληροῦντες
3615 4747 3686 4816 τὴν
3704 4740 3746 4792 ῐκ

2255 4875 2548 4950 προσώπου
2570 4870 2664 4924 τοῦ
2685 4867 2817 4922 Θεοῦ
2835 4862 3206 4934 γεγενημένην
3233 4861 3329 4912 ἐπὶ
3350 4856 3453 4910 τῶν
3465 4847 3673 4950 τοιοῦίων
3683 4853 3745 4889 κί’

2253 4935 2533 5038 τηγορίαν.
2552 4961 2690 5031 Ἐμὲ
2710 4956 3101 5029 ἐγκατέλιπον
3121 4953 3332 5022 πηγὴν
3357 4948 3559 5038 ὕδατος

2363 5019 2599 5126 ώρυξαν
2609 5019 2841 5116 ἐαυτοῖς
2851 5047 3117 5112 λάκκους
3127 5019 3745 5130 συθτετρξμμένθυςῧέῗ

2255 5124 2543 5208 δύνανται
2575 5143 2861 5212 συνέχειν
2889 5139 3066 5205 ὕδωρ.
3093 5125 3446 5206 Μάθημαοῦν
3485 5124 3743 5212 ἐστιν,

2255 5206 2466 5316 γένοιτο
2513 5239 2576 5294 ἂν
2807 5231 3080 5302 ὀφθαλμὸς
3125 5225 3430 5316 ἐμπρέπων
3455 5235 3509 5316 τε

2263 5297 2440 5407 ἑιόζων
2485 5333 2549 5402 τῇ
2586 5328 2759 5401 χρυσῇ
2809 5297 3039 5392 κέφαλῇ.
3068 5319 3125 5386 τὸ
3163 5297 3321 5371 εἶναι
3362 5309 3515 5407 αὐτὸν

2266 5391 2362 5503 μὲν
2395 5391 2662 5493 κατά·
2701 5391 3052 5490 περιστερὰν,
3089 5409 3303 5503 ἀπλανῆ
3344 5424 3402 5460 τε
3438 5400 3524 5503 καὶ

2259 5477 2590 5593 ξῆὲονξιᾷτά
2619 5477 2717 5567 τὴν
2746 5477 2840 5564 τοῦ
2866 5477 3131 5574 γάλακτος
3165 5477 3349 5564 φύσιν,
3382 5481 3595 5567 μηδεμιᾷ
3622 5477 3743 5533 ram
