3948 6192
552 267 689 326 1063

1737 289 1752 296 -
1784 257 1843 315 S.
1885 256 2210 317 GREGORII
2243 255 2537 314 NYSSENI

3591 270 3700 331 Ιθθι

548 387 706 452 ratis,
741 381 920 440 cuivis
949 397 1072 438 esse
1099 381 1448 453 perspicuum
1480 380 1738 448 arbitror,
1769 383 1861 453 qui
1891 384 2121 454 pruden-

2230 381 2470 444 συνετῶς
2512 378 2774 433 ἐπαΐοντι,
2809 377 2908 432 Διά
2941 373 3101 429 τοῦτο
3139 375 3239 446 γὰρ
3265 377 3358 448 χρὴ
3383 377 3461 433 τδν
3486 381 3708 457 ὀφθαλμὸν

551 486 636 532 ter
681 477 798 530 haec
843 474 1013 528 audit.
1056 471 1190 526 Nam
1234 482 1519 544 propterea
1549 475 1708 530 debet
1745 475 1813 528 ad
1859 488 2124 544 aquarum

550 565 919 635 spiritualium
967 564 1180 634 copiam
1233 563 1484 618 assidens
1519 564 1732 629 oculus,
1786 565 1989 619 erroris
2031 579 2128 620 ex-

550 662 702 722 perte
735 668 799 706 ac
844 653 1070 706 minime
1101 652 1450 707 fraudulento
1497 654 1636 708 lacte
1683 655 1874 717 lavari,
1930 654 2125 710 similis

553 743 730 797 factus
763 741 1031 795 columbae
1059 741 1314 810 simplici,
1355 749 1415 795 ut
1445 757 1667 796 suorum
1701 743 1964 796 bonorum
1997 757 2124 810 par-

552 834 746 903 ticipes
778 833 967 886 reddat
997 847 1189 887 omnes
1246 833 1337 901 qui
1377 835 1442 885 ad
1477 831 1736 887 Beclesiaa
1765 847 1962 902 corpus
2002 848 2126 901 pcr-

551 927 746 978 tinent.
783 924 858 977 Ea
897 925 965 980 de
995 939 1160 978 causa
1195 939 1422 994 magnus
1479 925 1641 978 etiam
1677 923 1844 979 Isaias
1872 942 1994 980 eum
2033 930 2124 997 qui

549 1019 659 1070 vita
693 1033 788 1072 sua
819 1017 930 1084 jam
963 1017 1250 1072 sublimem
1279 1017 1331 1070 in
1363 1027 1598 1071 montem
1631 1019 1937 1074 ascenderit
1979 1021 2124 1074 clara

549 1125 684 1162 voce
719 1109 956 1162 clamare
983 1107 1156 1176 jubet,
1197 1116 1256 1160 ut
1295 1123 1358 1161 ex
1396 1109 1514 1178 ipso
1547 1120 1882 1178 cognoscant
1911 1111 2124 1165 audito-

550 1214 640 1252 res
693 1197 1076 1252 adventantem
1127 1211 1251 1250 cum
1308 1196 1502 1251 robore
1542 1195 1848 1261 Dominum,
1887 1203 1941 1253 et
1991 1197 2125 1252 illud

549 1290 728 1360 ipsum
767 1289 1050 1342 brachium
1114 1285 1257 1355 quod
1287 1301 1410 1341 cum
1457 1293 1726 1356 potestate
1757 1296 1954 1344 creatis
1989 1304 2127 1358 prae-

548 1388 634 1435 est
671 1386 1028 1449 cognoscant,
1082 1393 1204 1432 eum
1241 1377 1333 1448 qui
1371 1394 1584 1448 gregem
1621 1381 1813 1450 pascit,
1863 1391 1917 1435 et
1955 1393 2125 1449 agnos

547 1473 776 1542 colligit,
831 1487 894 1526 ac
926 1486 1022 1540 per
1057 1486 1184 1539 spes
1221 1471 1393 1524 bonas
1425 1471 1641 1540 egregie
1701 1471 1837 1526 fetas
1883 1471 2125 1526 oviculas

547 1568 890 1626 consolatur,
923 1564 1016 1633 qui
1043 1565 1223 1633 palmo
1267 1565 1465 1618 caelum
1497 1565 1899 1633 complectitur,
1927 1577 1983 1619 et
2013 1573 2123 1618 ter-

548 1673 665 1712 ram
717 1656 1028 1710 universam
1079 1669 1262 1723 pugno
1300 1655 1670 1724 constringit:
1733 1656 1933 1724 quibus
1989 1654 2126 1708 adde

547 1756 746 1802 cmtera
805 1761 1144 1816 qumcuuque
1198 1746 1336 1799 liber
1383 1745 1470 1800 hic
1515 1745 1791 1815 prophetae
1866 1753 2126 1815 praeterea

546 1845 938 1894 commemorat
975 1837 1047 1890 illi
1084 1837 1427 1905 prmdicanda
1486 1838 1579 1907 qui
1623 1838 1826 1894 montis
1869 1838 2127 1893 verticem

463 1989 466 1993 λ
547 1929 950 1984 conscenderit.
998 1927 1180 1992 Quare
1215 1928 1258 1981 si
1311 1943 1430 1981 eam
1472 1927 1645 1998 ipsam
1687 1929 1757 1982 ob
1785 1943 2008 1983 causam
2045 1929 2127 1983 vis

547 2033 814 2087 aquarum
847 2027 901 2072 et
936 2017 1092 2070 lactis
1128 2018 1397 2086 contingit
1436 2017 1613 2071 oculis
1650 2017 1715 2070 ad
1757 2019 2002 2073 veritatis
2032 2033 2126 2073 co-

544 2110 870 2178 gnitionem,
919 2115 1066 2162 recte
1113 2116 1279 2175 atque
1319 2108 1512 2161 ordine
1553 2108 1851 2162 secundum
1881 2124 1978 2164 eos
2006 2124 2126 2163 ma-

547 2199 688 2252 xilla:
721 2198 1037 2261 laudantur,
1089 2212 1320 2266 quarum
1371 2213 1570 2252 munus
1603 2209 1686 2253 est
1731 2201 2124 2255 nutrimentum

544 2290 939 2354 comminuere,
985 2305 1094 2359 quo
1141 2289 1391 2360 corporis
1433 2290 1512 2344 vis
1543 2303 1607 2344 ac
1645 2297 1841 2345 natura
1903 2305 2128 2347 conscr-

545 2389 726 2436 valur.
1534 2438 1544 2446 _

622 2473 918 2528 Videamus
943 2488 1075 2544 ergo
1108 2487 1342 2543 quanam
1369 2474 1425 2528 in
1452 2488 1513 2530 re
1546 2473 1651 2530 sita
1681 2475 1754 2529 sit
1782 2475 2122 2531 maxillarum

542 2565 687 2620 laus.
717 2563 1017 2619 Audiamus
1060 2564 1232 2634 ipsam
1277 2579 1558 2634 sponsam,
1594 2566 1902 2635 cuiusmodi
1944 2566 2012 2622 de
2043 2569 2123 2624 eis

543 2664 956 2712 commemoret.
1023 2655 1269 2710 Maxilla:
1330 2658 1496 2726 ipsius
1559 2667 1812 2728 tanquam
1869 2661 2123 2713 aromatis

540 2748 757 2817 phialas,
793 2764 910 2817 qua’
931 2747 1206 2816 proferunt
1230 2757 1520 2817 unguenta.
1547 2747 1758 2811 Quibus
1788 2747 1842 2800 in
1872 2749 2050 2804 verbis
2074 2750 2121 2804 si

543 2842 754 2910 species
809 2840 899 2893 illa
956 2840 1277 2909 poculorum
1339 2837 1522 2906 patula
1564 2852 1658 2908 per
1706 2839 2119 2908 appellationem

542 2931 740 3000 phialae
773 2929 1132 3000 signiﬁcatur,
1161 2945 1282 2999 quae
1320 2929 1391 2982 ita
1421 2928 1665 2983 coniecta
1703 2937 1806 2996 est,
1845 2939 1905 2983 ut
1942 2931 2121 2986 omnis

2224 473 2302 544 τῷ
2351 473 2678 544 πληρώματι
2729 469 2839 524 τῶν
2902 469 3280 539 πνευματικῶν
3335 471 3513 527 ὑδάτων
3573 495 3702 550 προσ.

2224 564 2510 636 εδρεύοντα
2535 563 2611 634 τῷ
2637 562 2866 616 ἀπλανεῖ
2882 578 2942 614 τε
2965 561 3062 614 καὶ
3076 559 3242 630 ἀδόλῳ
3256 559 3478 616 λούεσθαι
3494 565 3703 637 γάλακτι,

2223 659 2287 727 τῇ
2338 655 2531 724 ἀκάκῳ
2597 654 2892 724 περιστερᾷ
2947 650 3310 720 ὁμοιούμενον,
3353 653 3434 706 ἵνα
3477 661 3704 722 κοινωνοὺς

2225 751 2422 820 ποιήσῃ
2453 747 2563 800 τῶν
2609 747 2753 800 ἰδίων
2801 745 3020 811 ἀγαθῶν
3049 744 3252 806 πάντας
3293 745 3406 807 τοὺς
3441 746 3490 808 ἐς
3514 748 3562 800 τὸ
3587 750 3704 818 σῶμα

2226 837 2610 900 συντελοῦντας
2646 837 2745 905 τῆς
2773 831 3120 904 Ἐκκλησίας.
3158 826 3230 886 Ub
3253 833 3397 904 χάριν
3421 837 3504 888 καὶ
3529 839 3552 889 ὁ
3577 839 3703 907 μέγας

2236 929 2501 990 Ἡσαΐας,
2535 927 2626 980 τὸν
2669 925 2761 978 ἐπὶ
2801 926 2862 977 τὸ
2907 925 3032 995 ὅρος
3071 924 3132 977 τὸ
3177 923 3367 993 ὑψηλὸν
3397 926 3625 979 ἀναϐάντα
3643 930 3708 983 διὰ

2225 1017 2328 1086 τῆς
2361 1016 2634 1080 πολιτείας
2680 1014 2806 1085 βοᾷν
2845 1013 3216 1067 διακελεύεται
3259 1015 3548 1086 λαμπρᾷτῇ
3577 1021 3704 1089 φωνῇ,

2227 1106 2370 1160 ὥστε
2413 1107 2612 1176 γνῶναι
2653 1105 2722 1158 δι’
2769 1104 2934 1158 αὑτοῦ
2981 1105 3107 1166 τοὺς
3151 1104 3459 1167 ἀκούοντας,
3490 1107 3567 1158 τὸν
3607 1111 3710 1176 μετὰ

2232 1198 2416 1268 ἰσχύος
2455 1199 2746 1269 ἐρχόμενον
2775 1195 2998 1267 Κύριον,
3034 1196 3128 1248 καὶ
3161 1195 3249 1247 τὸν
3285 1196 3614 1260 ἐξουσιάζοντα
3631 1199 3710 1252 τῶν

2224 1290 2392 1344 ὅντων
2423 1289 2678 1361 βραχίονα
2698 1329 2712 1354 ,
2745 1288 2834 1340 τὸν
2858 1288 3210 1356 ποιμαίνοντα
3230 1287 3287 1340 τὸ
3317 1287 3538 1357 ποίμνιον
3562 1291 3711 1353 αὑτοῦ,

2225 1383 2320 1434 καὶ
2346 1384 2471 1445 τοὺς
2500 1382 2670 1452 άρνας
2703 1379 3003 1447 συνάγοντα
3027 1418 3042 1442 ,
3075 1380 3169 1431 καὶ
3207 1379 3301 1441 τὰς
3333 1379 3495 1441 καλῶς
3539 1381 3609 1433 διὰ
3633 1382 3713 1433 τῶν

2226 1473 2445 1536 ἀγαθῶν
2502 1472 2733 1524 ἐλπίδων
2792 1469 3164 1540 κυοφορούσας
3221 1469 3622 1538 παρακαλοῦντα,
3651 1471 3717 1523 τὴν

2225 1565 2535 1633 διειληφότα
2584 1564 2676 1616 τὸν
2719 1564 2947 1635 οὐρανὸν
3001 1563 3275 1632 σπιθαμῇ,
3334 1561 3420 1614 καὶ
3463 1564 3613 1615 πᾶσαν
3649 1564 3720 1631 τὴν

2228 1657 2330 1727 γῆν
2355 1656 2516 1726 δρακὶ
2535 1656 2964 1726 περισφίγγοντα
2987 1671 2998 1684 ·
3031 1655 3125 1706 καὶ
3148 1654 3251 1705 ὅσα
3278 1651 3403 1705 ἄλλα
3426 1652 3546 1723 πρὸς
3563 1652 3722 1714 τούτοις

2157 1717 2200 1775 Β
2288 1717 2623 1816 ’προφητεία
2672 1717 2821 1814 φῆέι
2847 1745 2956 1797 δεῖν
3009 1744 3159 1814 παρὰ
3195 1743 3290 1796 τοῦ
3338 1745 3432 1814 τῆς
3469 1717 3724 1814 *ἀκρωρείας

2228 1837 2617 1906 ἐπιϐεϐηκότος
2661 1838 3053 1910 κηρύσσεσθαι.
3108 1838 3172 1889 Εἰ
3221 1836 3392 1890 τοίνυν
3436 1836 3521 1888 ἐπὶ
3570 1835 3725 1889 τούτων

2227 1929 2432 1998 γίνεται
2473 1932 2584 1992 τοῖς
2619 1929 2920 1998 ὀφθαλμοῖς
2951 1929 2984 1998 ὴ
3030 1930 3094 1981 ἐκ
3121 1927 3234 1980 τῶν
3263 1926 3460 1980 ὑδάτων
3483 1943 3535 1978 τε
3562 1927 3640 1978 καὶ
3660 1924 3725 1978 τοῦ

2227 2020 2493 2088 γάλακτος
2515 2020 2742 2091 δύναμις
2775 2021 2912 2092 πρὸς
2941 2019 3040 2091 τὴν
3064 2020 3166 2089 τῆς
3199 2019 3444 2087 ἀληθείας
3472 2017 3725 2087 ἐπίγνωσιν,

2227 2113 2533 2178 ἀκολούθως
2574 2113 2916 2168 ἐπαινοῦνται
2964 2113 3080 2184 μετ’
3127 2112 3371 2174 ἐκείνους
3410 2111 3463 2164 αἱ
3507 2109 3727 2176 σιαγόνες.

2224 2196 2298 2256 ὧν
2333 2203 2492 2274 ἔργον
2519 2205 2635 2257 ἐστὶ
2663 2205 2721 2258 τὸ
2741 2205 3082 2256 λεπτοποιεῖν
3106 2202 3208 2274 τὴν
3234 2200 3435 2272 τροφὴν
3463 2201 3522 2253 δι’
3541 2195 3597 2271 ἦς
3618 2198 3728 2269 ﬂre-3

2227 2293 2480 2366 σώματος
2508 2297 2854 2364 συντηρεῖται
2877 2293 3037 2362 φύσις
3070 2295 3167 2346 καὶ
3200 2292 3445 2362 δύναμις.

2301 2478 2530 2550 Ἴδωμεν
2556 2479 2735 2532 τοίνυν
2755 2479 2812 2532 ἐν
2838 2477 2945 2531 τίνι
2967 2476 3075 2531 τῶν
3109 2477 3378 2546 σιαγόνων
3397 2475 3533 2528 ἐστὶν
3563 2475 3586 2527 ὁ
3615 2472 3731 2525 ἐπαι-

2226 2590 2313 2636 νος
2341 2573 2527 2642 αὑτῆς.
2572 2572 2916 2643 Ἀκούσωμεν
2944 2571 3045 2641 τῆς
3072 2569 3315 2641 νύμφης,
3344 2563 3428 2622 οἷα
3455 2567 3570 2638 περὶ
3595 2564 3730 2618 αὐτῶν

2224 2666 2578 2736 διεξέρχεται.
2630 2665 2914 2732 Σιιιγόνες
2955 2662 3180 2726 αὑτοῦ,
3232 2661 3424 2730 φησὶν,
3459 2660 3532 2724 ὠς
3574 2659 3734 2726 φιάλαι

2222 2755 2329 2812 τοῦ
2361 2757 2694 2826 ἀρώματος,
2729 2755 2994 2823 φύουσαι
3025 2751 3356 2821 μυρεψικά.
3387 2751 3443 2803 El
3472 2749 3527 2801 τὸ
3549 2746 3732 2817 διηπλωο

2227 2851 2387 2921 μένον
2438 2847 2543 2901 τῶν
2595 2846 2939 2915 ἐκπωμάτων
2979 2839 3119 2906 εἶδος
3167 2846 3197 2897 ό
3231 2843 3384 2910 λόγος
3432 2839 3651 2911 σημαίνει
3682 2835 3736 2905 τῷ

2224 2942 2322 3012 τῆς
2359 2941 2556 3010 φιάλης
2591 2939 2845 3007 ὀνόματι,
2876 2938 2934 2989 ἐν
2963 2929 3007 3003 ᾧ
3049 2934 3349 2988 κλέπτεται
3381 2933 3462 2986 διὰ
3498 2931 3584 3000 τῆς
3608 2946 3735 2982 κατει-

543 3021 862 3076 concavitas
895 3021 1055 3090 quasi
1097 3020 1283 3073 furtim
1315 3034 1437 3073 sese
1461 3019 1729 3074 subducat
1763 3021 1960 3086 oculis,
1994 3036 2117 3075 cum

2226 3035 2423 3102 σκευῆς
2475 3033 2508 3102 ὴ
2557 3029 2839 3099 κοιλότης,
2895 3027 3016 3080 οὔτε
3073 3027 3219 3094 άγαν
3284 3023 3619 3095 βαθυνομένου
3674 3017 3737 3071 τοῦ

544 3115 715 3184 ﬁgura
759 3113 879 3182 ejus
923 3127 1031 3166 non
1074 3112 1238 3165 nimis
1289 3109 1556 3180 profunda
1596 3111 1686 3173 sit,
1742 3127 1918 3181 neque
1958 3128 2017 3168 se
2066 3113 2119 3166 in

545 3213 750 3258 rectum
785 3203 939 3270 quasi
983 3201 1284 3270 resupinet,
1321 3215 1429 3252 non
1471 3208 1726 3254 accurate
1753 3217 1994 3256 concava
2035 3205 2117 3258 vi-

542 3293 756 3354 deatur.
783 3307 958 3360 neque
989 3293 1148 3360 plana
1175 3308 1191 3358 ;
1234 3290 1279 3346 si
1314 3306 1444 3361 ergo
1471 3292 1630 3344 talem
1663 3293 1980 3361 poculorum
2005 3310 2124 3364 spc-

543 3385 683 3439 ciem
715 3398 919 3452 sponsa
955 3398 1050 3452 per
1079 3383 1311 3452 phialam
1346 3382 1630 3452 intelligit:
1670 3385 1928 3438 nimirum
1960 3401 2125 3455 pecu-

543 3474 699 3528 liaris
730 3471 977 3543 quaedam
1007 3472 1110 3526 erit
1137 3473 1294 3534 ratio,
1327 3473 1676 3542 quamobrem
1719 3474 1787 3527 ab
1819 3474 1919 3528 hac
1953 3475 2121 3546 ﬁgura

542 3565 781 3619 maxilla:
817 3565 1126 3618 laudentur.
1176 3563 1310 3617 Nam
1355 3566 1536 3620 dicere
1588 3568 1784 3636 poterit
1827 3569 2120 3639 quispiam,

544 3659 599 3714 in
630 3658 1016 3728 pradicatione
1045 3657 1410 3727 simplicitatis
1440 3658 1703 3713 doctrinae
1731 3662 1886 3730 quasi
1927 3663 2122 3730 patula:

542 3749 876 3819 minimeque
907 3748 1268 3804 fraudulentae
1325 3751 1656 3806 mentionem
1690 3753 1886 3822 phialae
1922 3752 2119 3808 factam

543 3856 700 3895 esse:
742 3842 796 3893 in
843 3855 949 3910 qua
989 3840 1151 3896 vetita
1184 3839 1527 3911 profunditas
1565 3857 1592 3894 a
1625 3841 1894 3913 PrOpheta
1943 3843 2120 3897 locum

546 3930 746 3985 habere
779 3948 887 3984 non
924 3937 1124 4000 potest,
1155 3946 1277 3984 cum
1307 3932 1410 3985 ait:
1450 3931 1655 4002 Eripiat
1688 3933 1755 3986 ab
1788 3936 1852 3988 iis
1883 3935 1970 4004 qui
2001 3934 2121 3988 ode-

544 4032 668 4077 runt
701 4040 801 4087 me,
843 4032 892 4076 et
929 4039 994 4077 ea:
1019 4024 1171 4094 aquis
1199 4024 1477 4093 profundis
1504 4026 1568 4080 “.
1604 4025 1788 4096 Itaque
1816 4026 2118 4090 veritatem,

544 4131 665 4185 qua:
692 4117 743 4168 in
773 4115 1124 4185 simplicitate
1162 4119 1412 4187 patescit,
1434 4115 2120 4186 absqueultafraudulenta

543 4207 906 4272 concavitatc,
954 4224 1048 4278 per
1075 4224 1261 4263 vocem
1307 4209 1500 4279 phialae
1533 4209 1826 4278 signiﬁcari
1859 4210 2118 4274 dicimus,

543 4297 702 4365 cujus
752 4297 968 4366 quidem
1017 4297 1274 4351 materies
1323 4297 1393 4351 sit
1442 4312 1646 4361 aroma,
1702 4313 1899 4352 munus
1939 4304 2117 4352 autem

545 4389 786 4460 proferre
815 4398 1113 4459 unguenta.
1141 4389 1370 4444 Maxilla:
1403 4391 1595 4460 ipsius,
1635 4391 1831 4460 inquit,
1861 4401 2114 4461 tanquam

544 4482 807 4536 aromatis
841 4482 1053 4552 phialae,
1098 4495 1207 4535 non
1255 4498 1320 4536 ex
1359 4491 1582 4553 argento
1621 4483 1796 4546 iactae,
1843 4484 1927 4537 vel
1962 4498 2116 4544 auro,

549 4574 626 4628 vel
663 4575 824 4638 vitro,
866 4575 948 4628 vel
978 4574 1082 4627 alia
1109 4554 1363 4643 quapiam
1392 4575 1703 4644 hujusmodi
1745 4575 1990 4642 materie,
2025 4574 2116 4630 sed

545 4665 665 4734 ipso
699 4681 764 4720 ex
797 4675 1060 4731 aromate,
1096 4666 1240 4735 quod
1279 4667 1370 4720 illa
1407 4667 1646 4736 proferat
1686 4666 1752 4720 de
1790 4667 1988 4736 quibus
2020 4682 2120 4720 nn-

545 4765 743 4826 gnenta
780 4765 1062 4825 parantur.
1091 4757 1267 4828 Atque
1297 4772 1360 4811 ex
1394 4758 1478 4810 his
1509 4757 1620 4826 jam
1646 4757 1790 4810 haud
1835 4756 1998 4810 dubie
2022 4755 2121 4810 ho-

549 4861 668 4897 rum
720 4847 1009 4900 verborum
1055 4848 1322 4901 sententia
1373 4847 1658 4917 perSpicua
1691 4854 1804 4902 est:
1858 4847 2116 4900 nimirum

545 4949 667 4988 csse
702 4937 980 5004 proprium
1015 4936 1167 5004 puris
1194 4936 1448 4992 Ecclesia:
1481 4937 1677 5000 oculis,
1712 4943 1770 4990 ut
1800 4937 1960 4991 talem
1997 4951 2119 4990 cor-

546 5023 664 5095 pori
689 5024 869 5078 cibum
897 5033 1224 5094 praeparent,
1251 5041 1346 5094 per
1372 5027 1621 5081 maxillas
1643 5026 2046 5081 comminuendi
2068 5025 2116 5080 vi

547 5116 831 5187 praeditas,
867 5129 976 5184 quo
1004 5114 1138 5169 nihil
1164 5114 1489 5183 profundum
1517 5133 1580 5172 ac
1613 5119 1784 5172 latens
1816 5119 1868 5172 in
1906 5118 1972 5172 iis
1997 5133 2116 5187 quae

546 5208 806 5263 dicuntur
835 5205 1226 5274 conspiciatur,
1269 5207 1363 5260 sed
1403 5207 1584 5259 omnia
1621 5209 1731 5262 sint
1760 5207 2021 5272 dilucida,
2052 5207 2116 5260 li-

545 5297 696 5362 bera,
727 5295 797 5351 ab
834 5296 981 5350 omni
1011 5294 1358 5350 fraudulenta
1384 5297 1748 5353 occultatione
1783 5313 1845 5352 ac
1885 5297 2115 5367 profun-

545 5390 715 5446 ditate
741 5397 1010 5458 separata,
1045 5387 1118 5442 ita
1159 5395 1217 5442 ut
1245 5388 1428 5458 pueris
1456 5388 1618 5443 ctiam
1660 5388 1946 5444 manifesta
1980 5390 2111 5453 sint,

550 5481 1000 5553 quemadmodum
1033 5485 1194 5542 Vates
1226 5483 1320 5550 ait,
1378 5480 1757 5537 Testimonium
1793 5480 2008 5536 Domini
2036 5487 2114 5534 est

616 5659 658 5692 “
696 5657 838 5714 Psal.
863 5673 1055 5728 vam,
1084 5658 1170 5713 15.

2227 3123 2531 3192 σχήματος,
2575 3119 2699 3173 οὔτε
2747 3119 2816 3170 δι’
2843 3117 3058 3178 εὐθείας
3091 3115 3524 3181 ἐξυπτιάζοντος,
3549 3113 3614 3174 ὡς
3636 3109 3734 3180 μήτε

2223 3212 2400 3265 κοῖλον
2425 3209 2663 3282 ἀκριϐῶς
2698 3204 2836 3261 εἶναι
2868 3207 3042 3260 δοκεῖν
3061 3245 3075 3267 ,
3116 3208 3261 3277 μήτε
3289 3205 3536 3259 ἐπίπεδον
3555 3215 3566 3226 '
3596 3203 3636 3253 εί
3654 3198 3734 3250 τοί-

2221 3319 2316 3357 νυν
2363 3303 2424 3355 τὺ
2455 3301 2695 3354 τοιοῦτον
2737 3297 2874 3362 εἶδος
2917 3297 3269 3351 ὑποδείκνυσι
3299 3296 3386 3350 διὰ
3415 3294 3510 3364 τῆς
3538 3288 3738 3360 φιάληςὴ

2221 3394 2408 3464 νύμφη
2427 3409 2442 3423 ·
2494 3391 2621 3444 [διον
2654 3389 2719 3443 ἂν
2748 3389 2860 3459 ἔχοι
2897 3388 3054 3457 λόγον
3082 3388 3148 3441 ἐκ
3179 3387 3271 3440 τοῦ
3308 3386 3571 3457 σχήματος
3598 3379 3737 3432 τούτου

2221 3486 2328 3537 τῶν
2362 3483 2625 3551 σιαγόνων
2645 3483 2672 3535 ὁ
2701 3481 2938 3542 ἔπαινος.
2973 3480 3132 3532 Εἴποι
3163 3478 3276 3548 γάρ
3303 3479 3369 3531 ἄν
3399 3493 3480 3538 τις
3513 3473 3569 3526 τὸ
3588 3469 3740 3525 ἁπλοῦν

2194 3567 2280 3630 τε
2339 3577 2432 3630 καὶ
2473 3573 2847 3644 διηπλωμένον
2899 3571 2992 3624 καὶ
3055 3570 3244 3624 ἄδολον
3295 3568 3396 3638 τῆς
3453 3559 3740 3620 διδασκαλίας

2224 3667 2511 3722 ἐπαινέσαι
2552 3665 2642 3718 τὸν
2686 3664 2841 3731 λόγον
2874 3660 3197 3732 βουλόμενον
3231 3661 3453 3731 μνήμην
3481 3659 3572 3727 τῆς
3596 3652 3741 3723 φιάλης

2223 3757 2578 3830 ποιήσασθαιο
2625 3756 2682 3807 ἐν
2794 3752 2854 3806 τὸ
2900 3750 3357 3820 ἀπηγορευμένον
3397 3746 3497 3802 ὑπὸ
3532 3743 3612 3797 τοῦ
3637 3740 3737 3810 Προο

2223 3849 2394 3917 φήτου
2443 3844 2606 3916 βάθος
2661 3844 2920 3912 συστῆναι
2967 3840 3026 3890 οὑ
3071 3839 3332 3904 δύναται,
3378 3837 3470 3890 τοῦ
3522 3832 3739 3888 εἰπόντος’

2235 3939 2554 4006 Ῥυσθείην
2584 3937 2651 3989 ἐκ
2688 3934 2806 3989 τῶν
2822 3933 3168 4001 μισούντων
3191 3932 3294 4001 μὲ,
3327 3930 3426 3985 καὶ
3451 3930 3516 3983 ἐκ
3540 3925 3639 3980 τῶν
3655 3921 3739 3985 ﬁa—

2221 4031 2373 4087 θέων
2397 4030 2514 4084 τῶν
2545 4025 2795 4084 ὑδάτων.
2826 4023 2936 4094 Τὴν
2963 4017 3054 4076 οῦν
3080 4025 3138 4076 ἐν
3177 4021 3444 4092 ἁπλότητι
3474 4013 3742 4089 φαινομένη-ι

2221 4125 2476 4195 ἀληθειαν
2513 4121 2634 4191 δίχα
2680 4118 2823 4181 τινος
2864 4116 3085 4187 δολερᾶς
3129 4115 3450 4185 κοιλότητός
3497 4126 3650 4181 φαμεν
3676 4104 3738 4195 διὸ

2221 4194 2318 4268 τοῦ
2354 4214 2612 4292 ὀνόματος
2649 4210 2750 4278 τῆς
2793 4207 2987 4276 φιάλης
3021 4207 3427 4275 σημαίνεσθαι,
3469 4199 3533 4274 ἦς
3559 4202 3639 4269 ὕλη
3670 4194 3743 4266 μέν

2222 4308 2338 4358 ἐστι
2370 4305 2428 4357 τὸ
2470 4305 2697 4375 ἄρωμα’
2743 4300 2902 4370 ἔργον
2935 4300 2993 4351 δὲ
3033 4299 3094 4351 τὸ
3141 4298 3303 4368 φύειν
3342 4293 3618 4368 μυρεψικά.
3648 4291 3738 4341 Σια-

2150 4418 2191 4472 D
2222 4395 2376 4463 γόνες
2404 4393 2512 4464 γὰρ
2566 4389 2729 4444 αὑτοῦ
2781 4391 2852 4452 ὡς
2888 4388 3071 4457 φιάλαι
3115 4387 3209 4440 τοῦ
3243 4387 3565 4458 ἀρώματος,
3592 4381 3670 4434 οὑκ
3699 4375 3737 4438 ἐξ

2223 4485 2461 4557 ἀργύρου
2509 4484 2820 4552 γενόμεναι,
2851 4480 2882 4550 ἦ
2914 4476 3114 4549 χρυσοῦ
3135 4518 3149 4540 ,
3181 4479 3214 4547 ἢ
3247 4479 3428 4541 ὑέλου,
3461 4479 3637 4547 ητινος

2225 4593 2322 4644 ρας
2355 4574 2485 4643 ὕλης
2515 4571 2768 4640 τοιαύτης
2788 4610 2802 4634 ,
2833 4569 2947 4622 ἀλλ’
2981 4567 3146 4620 αὑτοῦ
3179 4565 3278 4618 τοῦ
3311 4565 3592 4638 ἀρώματος
3615 4555 3738 4612 ταῦτα

2221 4667 2278 4732 ἐξ
2313 4664 2491 4720 αὑτῶν
2533 4662 2772 4730 φύουσα,
2818 4661 2885 4712 δι’
2911 4653 2986 4712 ὧν
3018 4657 3087 4710 τὰ
3126 4657 3279 4728 μύρα
3312 4653 3735 4714 κατασκευάζεται

2221 4757 2404 4828 Σαφὴς
2451 4756 2506 4808 δέ
2548 4755 2764 4816 πάντως
2813 4752 2958 4804 ἐστὶν
3001 4753 3033 4820 ἡ
3081 4749 3172 4802 διά
3201 4749 3315 4802 τῶν
3361 4744 3641 4820 εἰρημένων
3660 4736 3735 4795 τοῖς

2225 4850 2406 4920 ῥητοῖς
2448 4845 2658 4906 τούτοις
2710 4841 3119 4912 ἐνθεωρουμένη
3157 4840 3404 4903 διάνοια,
3434 4839 3511 4890 ὅτι
3541 4834 3632 4892 τῶν
3670 4841 3734 4880 κε’

2224 4936 2403 5009 θαρῶν
2435 4936 2533 5005 τῆς
2591 4930 2917 5001 Ἐκκλησίας
2955 4929 3219 4999 ὀμμάτων
3251 4929 3375 4982 ἐστὶ
3415 4922 3641 4991 τοιαύτην

2226 5025 2582 5102 ρασκευάζειν
2626 5023 2701 5092 τῷ
2745 5022 2956 5091 σώματι
2989 5019 3085 5089 τὴν
3125 5019 3360 5090 τροφὴν,
3414 5021 3476 5088 τῇ
3525 5015 3732 5070 λειαντικῇ

2222 5101 2329 5172 τῶν
2365 5119 2626 5186 σιαγόνων
2658 5113 2903 5184 δυνάμει,
2935 5111 3009 5174 ὡς
3041 5111 3207 5182 μηδὲν
3247 5110 3388 5181 βαθύ
3423 5126 3481 5162 τε
3508 5105 3590 5160 καὶ
3613 5101 3731 5154 ὖπω·

2219 5211 2308 5264 λον
2341 5212 2398 5262 ἐν
2444 5211 2556 5271 τοῖς
2602 5205 2919 5276 λεγομένοις
2965 5203 3231 5274 ὁρᾶσθαι·
3290 5203 3411 5256 ἀλλ’
3444 5196 3572 5252 εἶναι
3607 5193 3731 5244 πάντα

2219 5301 2464 5376 τηλαυγῆ
2499 5317 2558 5352 τε
2603 5301 2696 5353 καὶ
2729 5297 3020 5368 ἐλεύθερα,
3056 5296 3148 5348 καὶ
3193 5295 3384 5366 πάσης
3412 5289 3614 5360 δολερᾶς

2222 5369 2468 5461 κρύψεως
2492 5389 2583 5442 καὶ
2610 5386 2908 5456 βαθύτητος
2935 5383 3351 5456 κεχωρισμένα·
3381 5385 3457 5446 ὼς
3477 5369 3730 5443 mittat?!“

2220 5477 2357 5536 εἶναι
2391 5480 2697 5551 κατάδηλα,
2728 5476 2910 5542 καθώς
2955 5494 3116 5550 φησιν
3142 5479 3169 5531 ό
3192 5476 3522 5548 Προφήτης⁹
3564 5468 3727 5533 1'1"!"
