3948 6192
256 359 393 418 1065

1281 353 1674 423 ῘΝὈΑΝἪΟΑ
1713 360 1983 421 CANTIC.
2027 359 2307 419 HOMILIA
2349 356 2486 416 XIV.

3369 361 3505 418 1068

252 478 423 544 τνρία
473 472 697 543 Κυρίου
744 472 966 543 πιστὴ,
1019 473 1352 544 cogam»an
1383 477 1604 545 νήπια·
1654 479 1694 547 ἡ
1732 477 1827 531 ἐι·-

1935 473 2104 539 ﬁdele,
2157 491 2218 528 ac
2250 489 2438 543 pueros
2471 470 2665 537 erudit,
2697 481 3012 540 pra'cepmm
3053 469 3270 525 Domini
3307 471 3502 529 diluci-

255 563 399 631 τολὴ
439 566 663 632 Κυρίου
695 562 1037 632 τηλαυγὴς,
1077 562 1412 632 φωτίζουσα
1459 560 1824 634 ὀφθαλμούς.

256 658 315 710 Εἰ
357 655 468 726 γάρ
497 653 746 708 τοιαῦται
779 651 889 707 εἷεν
935 657 990 708 αἱ
1025 655 1217 724 φιάλαι
1246 656 1340 709 τοῦ
1383 657 1553 726 Λόγου
1574 698 1589 720 ,
1612 657 1718 709 -ούκ
1754 658 1830 708 -ὲκ

1933 566 2080 629 dum,
2108 568 2277 621 oculis
2313 567 2478 620 lucem
2505 565 2729 633 a/ferens
2754 565 2819 618 “.
2861 563 3128 617 Nimirum
3162 564 3206 618 si
3237 565 3371 619 tales
3391 567 3500 620 sint

1932 653 2095 712 Verbi
2123 657 2345 727 phialae,
2377 657 2521 710 haud
2549 656 2710 713 dubie
2747 669 2854 708 non
2889 670 2953 708 ex
2987 655 3094 708 ulla
3136 663 3353 711 terrena
3383 671 3503 712 tua.

252 749 350 819 τῆς
386 748 591 818 ,γητνης
622 745 754 815 ῦλης
774 745 1015 816 δηλονότι
1051 746 1435 816 συστήσονται·
1492 744 1610 798 ἀλλ’
1639 747 1703 797 ὲκ
1733 744 1828 798 τοῦ

1935 747 2068 801 terie
2094 747 2352 802 confectae
2385 753 2568 812 erunt,
2619 745 2714 800 sed
2745 744 2849 798 erit
2876 759 2941 798 ex
2981 753 3223 798 aromate
3258 747 3498 815 ipsarum

253 839 548 909 ἀρώματκ
581 836 734 914 ἔσται
765 838 798 908 ή
833 835 1027 906 φύσιςο
1058 836 1265 890 ἐκείνου
1299 837 1442 904 λέγω
1477 835 1570 888 τοῦ
1604 835 1832 907 ἀρώμα-

251 947 364 993 τος,
393 922 426 982 δ
452 930 592 1000 ὑπὲρ
613 927 790 982 πάντα
817 928 886 982 τὰ
913 929 1182 999 ἀρώματά
1205 946 1371 1000 φησιν
1400 924 1538 982 εῖναι
1567 930 1600 998 ἢ
1623 927 1831 998 νύμφην

254 1024 309 1074 ὲν
355 1024 466 1084 τοῖς
511 1019 813 1091 προοιμίοις
852 1019 947 1073 τοῦ
995 1021 1292 1092 ’ᾼσματος.
1342 1020 1578 1090 Τοιαύτη
1607 1019 1771 1089 φιάλη
1805 1021 1834 1072 6

256 1112 468 1177 Παῦλος
501 1108 600 1181 ἦν,
629 1115 658 1166 ὁ
700 1112 776 1183 μὴ
822 1113 879 1164 ἐν
917 1111 1222 1181 πανουργίᾳ
1253 1106 1344 1164 τὸν
1378 1110 1556 1178 λόγον,
1598 1111 1733 1164 ἀλλὰ
1763 1113 1831 1180 τῇ

255 1203 560 1274 φανερώσει
592 1193 690 1273 τῆς
737 1201 989 1272 ἀληθείας
1035 1201 1228 1256 ἑαυτὸν
1275 1202 1623 1255 συνιστάνων.
1679 1197 1751 1255 Οἶ)
1798 1204 1832 1273 ἡ

255 1294 358 1366 ῦλη
383 1296 446 1348 τὸ
462 1297 526 1348 ἐκ
545 1296 646 1365 γῆς
673 1290 812 1349 εἶναι
833 1294 1084 1360 ἀπέθετο,
1106 1293 1197 1362 ἀφ’
1225 1288 1286 1348 οὗ
1305 1293 1392 1346 διὰ
1412 1294 1504 1346 τοῦ
1525 1294 1833 1363 βαπτισμοῦ

253 1390 356 1450 τας
392 1385 615 1449 λεπίδας
659 1383 767 1437 τῶν
796 1382 1088 1455 ὀφθαλμῶν
1133 1386 1200 1454 τῇ
1233 1382 1400 1454 σαρκὶ
1433 1382 1797 1436 συναπέϐαλεν
1817 1397 1831 1412 ο

255 1479 372 1532 ἀλλ’
402 1481 468 1530 ἐκ
497 1477 590 1530 τοῦ
617 1475 967 1539 εύπνοοῦντος
990 1474 1282 1547 άριῦματος
1311 1472 1709 1544 άνεσκευάσθη,
1739 1471 1832 1526 τοῦ

253 1568 416 1635 ἁγίου
443 1565 760 1635 Πνεύματος
801 1564 991 1618 τέκνον
1035 1564 1344 1635 γενόμενος.
1394 1565 1491 1626 Ὃς
1532 1562 1717 1634 ἐπειδὴ
1749 1561 1836 1615 διὰ

253 1659 358 1726 τῆς
384 1656 643 1728 τοιαύτης
666 1656 926 1728 χαλκείας
952 1656 1179 1727 ἐκλογῆς
1206 1654 1399 1718 σκεῦος
1426 1653 1832 1723 κατεσκευάσθη
1863 1701 1871 1709 .

252 1748 397 1817 πρὸς
411 1748 510 1818 τὴν
531 1748 794 1818 οἰνοχοταν
818 1746 913 1799 τοῦ
942 1746 1098 1814 λόγου
1129 1746 1292 1817 φιάλη
1318 1745 1626 1815 γενόμενος,
1653 1744 1835 1798 οὐκέτι

1923 845 2152 902 natura,
2183 835 2274 890 illo
2309 835 2528 906 inquam
2564 845 2828 897 aromate,
2859 832 3004 903 quod
3031 835 3293 890 excellere
3321 838 3500 890 omnia

1934 936 2178 980 aromata
2234 926 2433 981 cantici
2489 925 2654 992 hujus
2712 924 2869 978 initio
2917 939 3116 993 sponsa
3163 925 3313 979 dicit.
3355 925 3504 983 Talis

1935 1018 2116 1088 phiala
2141 1017 2343 1072 Paulus
2377 1026 2518 1083 erat,
2564 1017 2656 1086 qui
2688 1032 2792 1068 non
2834 1030 2929 1084 per
2962 1016 3234 1070 vafritiem
3281 1017 3506 1073 fraudu-

1935 1110 2110 1164 lenter
2137 1109 2392 1172 docebat,
2433 1107 2528 1163 sed
2562 1117 2748 1176 aperta
2784 1107 3011 1161 veritate
3049 1107 3289 1176 seipsum
3321 1109 3504 1164 omni-

1936 1200 2040 1256 bus
2089 1201 2373 1272 probabat.
2424 1199 2596 1269 Cujus
2639 1198 2890 1254 materies
2933 1198 3220 1268 abjiciebat
3253 1209 3502 1254 naturam

1936 1301 2273 1359 terrestrem,
2305 1308 2372 1346 ex
2391 1306 2499 1361 quo
2529 1305 2624 1360 per
2648 1290 2977 1359 baptismum
3004 1290 3196 1344 carnis
3220 1293 3502 1346 oculorum

1936 1399 2193 1454 squamas
2264 1383 2517 1454 deposuit
2559 1383 2638 1448 ’³,
2689 1397 2755 1437 ac
2807 1363 2981 1437 factus
3026 1380 3271 1451 Spiritus
3327 1384 3503 1438 sancti

1937 1477 2102 1540 ﬁlius,
2143 1491 2208 1532 cx
2248 1475 2510 1546 fragranti
2549 1482 2790 1530 aromate
2831 1475 2898 1528 de
2929 1475 3138 1545 integro
3165 1476 3506 1531 instauratus

1937 1566 2059 1622 fuit.
2093 1565 2240 1622 Idem
2282 1576 2636 1638 posteaquam
2670 1565 2723 1619 in
2755 1565 2848 1620 tali
2886 1565 3098 1621 ofﬁcina
3140 1569 3373 1622 electum
3411 1583 3506 1624 vas

1937 1660 2114 1714 factus
2141 1668 2244 1723 est,
2277 1669 2331 1713 et
2359 1658 2578 1728 quidem
2608 1657 2812 1726 phiala,
2844 1673 2939 1727 per
2968 1673 3130 1728 quam
3161 1660 3386 1714 verbum
3419 1661 3506 1715 di-

1935 1751 2121 1806 vinum
2157 1749 2558 1820 propinaretur,
2625 1763 2732 1802 non
2785 1749 3019 1817 amplius
3053 1749 3287 1805 hominis
3339 1729 3504 1805 ullius

253 1837 450 1910 χρείαν
489 1838 646 1909 ἔσχεν
686 1837 998 1910 ἀνθρώπου,
1033 1837 1132 1907 τὴν
1172 1836 1373 1904 γνῶσιν
1412 1835 1559 1906 αύτῷ
1587 1835 1695 1888 τῶν
1733 1854 1828 1906 μυ·

1936 1841 2078 1911 cguit
2113 1855 2301 1910 opera,
2353 1840 2445 1910 qui
2493 1839 2874 1910 mysteriorum
2915 1840 2966 1895 ei
3015 1841 3382 1912 cognitionem
3422 1845 3508 1898 in-

253 1929 503 2001 στηρίων
541 1929 854 1999 ἐγχέοντος·
887 1929 948 1981 οὐ
988 1928 1096 1998 γὰρ
1133 1927 1497 1998 προσανέθετο
1535 1927 1698 1998 σαρκὶ
1738 1927 1833 1979 καὶ

250 2021 458 2091 αἵματι
478 2037 493 2052 ο
540 2021 656 2074 ἀλλ’
685 2020 846 2082 αὐτὸς
877 2019 1040 2088 ἔφυεν
1065 2021 1122 2073 ὲν
1159 2019 1337 2089 ἑαυτῷ
1361 2019 1457 2072 καὶ
1487 2018 1716 2088 ἀνέὸρυε
1744 2018 1834 2072 τὸν

250 2111 403 2165 θεῖον
426 2113 610 2176 ποτὸν,
640 2112 728 2167 διὰ
752 2112 849 2182 τῆς
877 2111 970 2165 τοῦ
1001 2109 1236 2182 Χριστοῦ
1267 2109 1492 2173 εὐωδίας
1520 2110 1590 2163 τὰ
1617 2109 1835 2162 ποικίλα

242 2202 365 2256 τῶν
412 2202 622 2274 ἀρετῶν
672 2202 806 2274 ἄνθη
861 2202 1118 2273 μυρεψῶν
1173 2204 1287 2264 τοῖς
1325 2201 1644 2264 ἀκούουσιν,
1689 2200 1833 2255 ὥστε

244 2292 401 2347 ’κατὰ
436 2293 538 2356 τὰς
583 2292 846 2363 διαφοράς
879 2308 939 2344 τε
966 2293 1058 2345 καὶ
1093 2292 1365 2363 ίδιότητας
1392 2291 1498 2344 τῶν
1529 2290 1834 2361 δεχομένων

250 2385 350 2440 τὸν
402 2384 588 2452 λόγον,
641 2382 976 2453 κατάλληλον
1021 2381 1370 2454 εὑρισκεσθαι
1407 2381 1542 2452 πρὸς
1583 2383 1682 2452 τὴν
1737 2382 1833 2436 τοῦ

247 2473 552 2544 ζητοῦντος
599 2475 786 2544 χρείαν
831 2470 892 2526 τὸ
941 2472 1138 2544 ἄρωμα
1188 2476 1301 2536 τοῖς
1366 2472 1672 2537 Ἰουδαίοις,
1723 2475 1834 2538 τοῖς

254 2565 514 2634 Ἕλλησι.
544 2566 663 2626 ταῖς
690 2561 923 2632 γυναιξὶ,
953 2565 1066 2626 τοῖς
1097 2555 1344 2633 ἀνδράσι,
1377 2563 1489 2624 τοῖς
1525 2559 1833 2627 δεσπόταις,

249 2657 370 2718 τοῖς
401 2654 627 2717 δούλοις,
655 2657 766 2718 τοῖς
795 2653 1032 2722 γονεῦσι,
1063 2655 1174 2717 τοῖς
1197 2654 1427 2717 τέκνοις,
1457 2655 1570 2716 τοῖς
1592 2653 1833 2722 ἀνόμοις,

249 2749 368 2808 τοῖς
393 2745 500 2798 ὑπὸ
526 2746 708 2816 νόμον.
737 2747 944 2809 Ὄντως
969 2745 1116 2816 αὐτῷ
1141 2745 1423 2816 πολυειδὴς
1446 2741 1513 2816 ἦν
1535 2743 1626 2798 διὰ
1656 2744 1836 2813 πάσης

251 2835 463 2906 ἀρετῆς
509 2835 825 2906 κεκραμένη
853 2836 953 2906 τῆς
978 2834 1321 2898 διδασκαλίας
1345 2837 1378 2906 ὴ
1413 2835 1590 2906 χάρις,
1616 2835 1704 2888 διὰ
1727 2833 1834 2886 τῶν

252 2925 523 2979 ποικίλων
555 2925 919 2996 διδαγμάτων,
945 2925 1290 2996 καταλλήλως
1320 2929 1384 2997 τῇ
1413 2927 1640 2980 ἑκάστου
1680 2925 1836 2995 χρείᾳ

247 3016 616 3088 ⁴μυρεψούσης
657 3017 755 3087 τῆς
791 3017 989 3088 φιάλης
1032 3020 1140 3080 τοῖς
1186 3018 1493 3087 δεχομένοις
1526 3017 1616 3069 τὸν
1658 3016 1832 3085 λόγον.

255 3108 373 3168 Τάς
407 3102 506 3183 οὖν.
528 3105 780 3170 τοιαύτας
802 3109 1009 3160 ἐπαινεῖ
1029 3108 1282 3176 σιαγόνας
1306 3109 1339 3177 ἡ
1368 3107 1428 3160 τὸ
1456 3106 1547 3160 τοῦ
1585 3107 1832 3178 σώματος

1936 1931 2183 1987 funderet
2215 1931 2347 2000 (non
2366 1929 2522 1983 enim
2555 1929 3014 2000 earniaequievit
3039 1937 3095 1986 et
3129 1933 3384 2002 sanguini
3410 1934 3501 2005 “).

1936 2021 2029 2078 sed
2057 2022 2172 2090 ipse
2196 2021 2248 2074 in
2285 2035 2344 2076 se
2377 2019 2606 2090 protulit
2634 2020 2875 2074 divinum
2907 2021 3062 2074 illum
3102 2030 3309 2090 potum,
3345 2022 3505 2092 cujus

1934 2121 1990 2168 et
2019 2112 2409 2182 scaturriginem
2441 2111 2586 2166 velut
2626 2112 2826 2177 emisit,
2878 2112 3006 2168 dum
3041 2130 3136 2185 per
3161 2114 3364 2172 Christi
3394 2115 3508 2170 fra-

1934 2201 2203 2272 grantiam
2244 2200 2425 2255 varias
2455 2199 2685 2256 virtutes
2718 2202 2770 2254 in
2798 2200 3141 2258 auditoribus
3171 2205 3330 2274 quasi
3356 2222 3506 2276 qua:-

1934 2294 2060 2348 dam
2087 2300 2359 2363 unguenta
2391 2289 2707 2356 conﬁceret,
2734 2291 2806 2345 ita
2835 2301 2892 2346 ut
2921 2307 3020 2362 pro
3046 2292 3356 2350 diversitate
3381 2312 3511 2366 pro-

1936 2384 2274 2454 prietateque
2303 2381 2687 2450 recipientium
2709 2380 2805 2436 Dei
2839 2383 3086 2448 verbum,
3113 2399 3297 2442 aroma
3327 2385 3506 2454 ipsum

1935 2473 2268 2530 conveniens
2309 2473 2430 2528 usui
2461 2471 2602 2540 ejus,
2635 2474 2726 2542 qui
2773 2471 2907 2526 illud
2938 2484 3208 2544 posceret,
3241 2479 3508 2546 reperire-

1937 2571 2068 2628 tur,
2117 2562 2377 2616 nimirum
2424 2559 2646 2625 Judacis,
2690 2559 2916 2628 Grecis,
2963 2566 3305 2631 mulieribus,
3351 2569 3504 2633 viris,

1936 2653 2104 2718 heris,
2130 2658 2325 2718 servis,
2357 2653 2696 2722 parentibus,
2724 2652 2934 2720 liberis,
2968 2655 3067 2726 legi
3095 2673 3201 2712 non
3241 2647 3504 2723 astrictis,

1937 2743 2197 2812 subjectis
2232 2743 2355 2813 legi.
2386 2741 2519 2796 Tam
2547 2743 2934 2799 multiformem
2979 2747 3067 2800 ille
3095 2746 3360 2804 doctrinae
3385 2767 3507 2820 gra-

1937 2836 2065 2889 tiam
2101 2833 2354 2898 habebat,
2388 2849 2538 2889 omnt
2578 2834 2780 2889 virtute
2810 2841 3197 2905 temperatam:
3234 2842 3383 2895 varia
3409 2843 3507 2898 do-

1934 2925 2090 2980 cendi
2124 2925 2355 2987 ratione,
2405 2941 2505 2995 pro
2529 2927 2856 2981 necessitate
2902 2937 2955 2982 et
2985 2945 3051 2984 ex
3082 2946 3180 2984 usu
3214 2932 3503 3004 cujusque,

1937 3017 2028 3074 Dei
2077 3019 2296 3074 verbum
2329 3019 2591 3072 miscente
2622 3018 2721 3073 hac
2745 3021 2951 3089 phiala,
2987 3030 3504 3091 tanquamaromata

1935 3107 2179 3177 quaedam
2220 3122 2327 3177 pro
2373 3107 2440 3162 iis
2488 3107 2581 3176 qui
2632 3108 2761 3161 illud
2814 3110 3137 3179 reciperent.
3179 3111 3504 3181 llujusmodi

252 3193 351 3246 τοῦ
401 3173 637 3262 νυμφίου
685 3193 876 3257 κάλλος
921 3173 1378 3266 διαζωγραφοῦσα
1413 3194 1491 3264 τῷ
1532 3173 1705 3266 λόγιμ-
1739 3195 1833 3248 καὶ

1935 3214 2064 3269 ergo
2095 3199 2343 3254 maxillas
2369 3198 2573 3264 laudat,
2617 3194 2739 3268 quae
2769 3201 3228 3269 pulchritudinem
3257 3173 3504 3276 corporis

244 3286 337 3338 ’ὅτι
390 3284 530 3356 πρὸς
576 3285 732 3338 τοῦτο
780 3284 965 3355 βλέπει
992 3285 1102 3339 τῶν
1149 3287 1411 3354 σιαγόνων
1446 3285 1476 3338 ὁ
1525 3286 1778 3353 ἔπαινος,
1805 3287 1835 3340 6

247 3375 460 3445 ἑφεξῆς
482 3375 638 3443 λόγος
667 3374 736 3428 δι’
768 3375 1087 3438 ἀκολουθίας
1115 3374 1468 3448 μαρτύρεται.

343 3559 681 3614 Ἐπαινεῖται
719 3559 830 3632 γάρ
862 3559 1002 3630 μετὰ
1034 3560 1133 3624 τὰς
1165 3561 1418 3630 σιαγόνας
1449 3560 1518 3613 τά
1560 3561 1707 3632 χεῦιη
1726 3603 1740 3626 ,
1766 3558 1836 3614 δι’

243 3644 374 3706 ὦνό
408 3651 766 3722 ἀρωματίζων
806 3651 959 3720 λόγος
990 3653 1336 3723 προέρχεται.
1365 3651 1524 3707 Οῦτω
1548 3653 1604 3706 δὲ
1629 3656 1657 3706 6
1679 3653 1832 3706 ἐπαι-

249 3760 344 3806 νος
393 3741 532 3811 ἔχει’
574 3743 752 3809 Χείλη
797 3742 984 3797 αὐτοῦ
1012 3742 1206 3811 κρίνα,
1237 3743 1529 3804 στάζοντα
1560 3744 1836 3812 σμύρναν

251 3834 488 3902 πλήρη.
521 3833 624 3886 Δύο
649 3833 790 3887 κατὰ
830 3833 1025 3888 ταύτὸν
1055 3834 1256 3906 ἀρετὰς
1289 3838 1557 3908 μαρτυρεί
1584 3835 1663 3906 τῷ
1691 3835 1835 3905 λόγῳ

238 3923 344 3976 ’διὰ
397 3922 493 3976 τοῦ
543 3923 730 3976 διπλοῦ
780 3924 1203 3994 ὑποδείγματος*
1265 3917 1339 3976 ὧν
1392 3926 1426 3995 ἡ
1466 3925 1564 3994 μέν
1611 3927 1758 3977 ὲστιν
1792 3922 1831 3991 ἡ

247 4015 521 4085 ἀλήθεια,
560 4015 787 4086 λαμπρά
833 4033 892 4069 τε
929 4015 1024 4070 καὶ
1045 4017 1338 4085 φωτοειδὴς
1369 4017 1425 4070 ὲν
1465 4018 1576 4080 τοῖς
1607 4016 1834 4086 λεγομέα

249 4123 368 4170 νοις
405 4105 778 4176 θεωρουμένη.
816 4105 1070 4160 Τοιοῦτον
1097 4107 1205 4178 γάρ
1231 4106 1326 4160 τοῦ
1367 4107 1554 4179 κρίνου
1585 4098 1645 4160 τὸ
1665 4103 1831 4171 εἶδος,

251 4193 318 4253 οῦ
349 4199 386 4268 ἡ
419 4197 738 4268 λαμπρότης
758 4236 772 4259 ,
805 4198 1038 4268 αἴνιγμα
1068 4199 1166 4269 τῆς
1203 4197 1311 4251 τῶν
1334 4199 1638 4268 λεγομένων
1669 4197 1836 4252 καθα-

1935 3291 2122 3362 sponsi
2161 3291 2341 3346 verbis
2381 3291 2534 3347 hisce
2557 3293 2622 3346 ad
2667 3294 2848 3348 vivum
2905 3295 3183 3366 depingit:
3246 3300 3506 3370 quodque

1936 3381 2039 3436 hoc
2090 3382 2430 3436 tiialxillarum
2481 3385 2790 3440 eucomium
2835 3401 2902 3442 eo
2927 3395 3152 3457 spectet,
3201 3403 3370 3458 porro
3417 3406 3506 3446 se-

1929 3472 2154 3540 quentia
2183 3473 2345 3526 verba
2374 3479 2675 3529 testantur.

2007 3559 2214 3615 Etenim
2258 3570 2380 3632 post
2423 3563 2669 3619 maxillas
2704 3564 2996 3619 laudantur
3026 3566 3187 3630 labia,
3237 3582 3337 3636 per
3381 3585 3506 3638 qua:

1935 3664 2114 3705 sermo
2162 3651 2251 3706 ille
2293 3652 2551 3707 conditus
2600 3655 2936 3709 aromatibus
2995 3655 3292 3725 profertur.
3329 3656 3505 3713 Verba

1933 3739 2165 3794 encomii
2219 3738 2334 3792 hinc
2389 3750 2517 3794 sunt
2559 3755 2570 3791 :
2610 3739 2788 3794 Labra
2835 3741 2954 3804 eius
3010 3743 3145 3804 lilia,
3175 3741 3505 3797 dis-tillantiu

1935 3830 2202 3900 myrrham
2244 3829 2472 3884 uberem.
2525 3829 2668 3886 Duas
2702 3831 2930 3888 virtutes
2981 3833 3143 3886 simul
3201 3833 3368 3888 verbo
3401 3835 3504 3887 tri-

1935 3923 2073 3988 buit,
2114 3923 2328 3993 gemina
2365 3923 2743 3979 similitudine.
2786 3923 2994 3979 llorum
3032 3925 3261 3980 alterum
3302 3907 3518 3981 veritas.

1933 4023 2040 4079 est,
2075 4029 2200 4085 quae
2236 4015 2290 4068 in
2322 4013 2483 4068 dictis
2510 4023 2568 4069 et
2612 4015 2898 4084 splendida
2920 4025 2982 4070 et
3016 4016 3244 4071 illustris
3282 4031 3506 4086 conspi-

1936 4109 2103 4162 citur.
2157 4105 2290 4160 Nam
2324 4105 2450 4161 talis
2501 4113 2586 4160 est
2618 4105 2714 4159 lilii
2750 4107 2984 4176 species,
3041 4105 3200 4175 cujus
3249 4107 3509 4175 splendor

1936 4198 2097 4268 quasi
2153 4195 2388 4266 quodam
2437 4196 2723 4265 aenigmate
2771 4197 3060 4265 puritatem
3105 4212 3173 4250 ac
3224 4196 3507 4252 veritatem

255 4290 488 4360 ράτητός
514 4306 573 4341 τε
597 4289 690 4342 καὶ
724 4289 978 4359 ἀληθείας
1005 4289 1171 4343 ἐστίν.
1208 4290 1432 4360 Ἕτερον
1459 4291 1546 4354 δὲ,
1580 4289 1640 4342 τὸ
1667 4290 1835 4360 μόνην

1936 4303 2148 4351 eorum.
2179 4303 2302 4358 quae
2333 4287 2610 4349 dicuntur,
2640 4286 2928 4357 signiﬁcat.
2957 4286 3198 4340 Alterum
3228 4295 3332 4348 est,
3359 4288 3507 4355 quod

251 4380 355 4451 τὴν
382 4381 585 4450 νοητήν
629 4396 688 4431 τε
720 4379 820 4432 ’καὶ
850 4380 1008 4432 ᾰῠλον
1039 4379 1183 4452 ζωὴν
1213 4381 1318 4434 ὑπὸ
1350 4381 1449 4451 τῆς
1495 4381 1834 4446 διδασκαλίας

1938 4379 2054 4433 sola
2097 4379 2201 4432 sub
2228 4377 2427 4432 mentis
2457 4377 2856 4446 perceptionem
2887 4377 3089 4432 cadens
3112 4385 3166 4431 et
3187 4392 3504 4433 crassarmu

253 4470 714 4541 προδείκνυσθαι,
753 4469 839 4524 διὰ
865 4472 964 4541 τῆς
991 4471 1100 4524 τῶν
1141 4472 1347 4542 νοητῶν
1377 4472 1607 4544 θεωρίας
1641 4473 1834 4526 ἀπονε-

1943 4486 2121 4526 rerum
2173 4484 2369 4538 expers
2403 4469 2510 4522 vita
2540 4483 2641 4538 per
2669 4467 2974 4522 doctrinam
3027 4467 3354 4536 proferatur.
3407 4485 3508 4524 ex-

254 4554 569 4626 γρουμένης
605 4558 704 4627 τῆς
751 4558 900 4611 κάτω
932 4558 1106 4628 ζωῆς,
1136 4561 1235 4630 τῆς
1279 4559 1368 4612 διὰ
1406 4561 1604 4630 σαρκός
1647 4579 1705 4614 τε
1743 4563 1835 4614 καλ¹

1939 4560 2137 4614 Stincta
2169 4560 2277 4612 vita
2310 4559 2410 4612 hac
2448 4558 2642 4620 infera,
2673 4557 2832 4626 cujus
2859 4559 2912 4610 in
2941 4571 3106 4612 carne
3133 4573 3197 4612 ac
3242 4561 3509 4630 sanguine

251 4647 494 4715 αἵματος
520 4648 933 4718 ἐνεργουμένης.
983 4649 1046 4701 ’Π
1092 4649 1199 4721 γὰρ
1224 4651 1568 4722 ἀπορρέουσα
1605 4653 1712 4704 ἀπὸ
1743 4653 1835 4705 τοῦ

253 4729 516 4805 σῶματος
555 4737 804 4810 σμύρνα,
857 4739 951 4792 καὶ
998 4739 1181 4811 πλήρη
1218 4740 1444 4793 ποιοῦσα
1491 4742 1691 4812 ἑαυτῆς
1737 4743 1835 4814 τὴν

247 4827 351 4881 τοῦ
387 4826 676 4898 δεχομένου
705 4830 902 4901 ψυχὴν,
943 4829 1042 4900 τῆς
1088 4831 1183 4884 τοῦ
1229 4829 1479 4902 σώματος
1518 4832 1835 4904 νεκρώσεως

248 4919 495 4990 ἔμφασις
522 4915 749 4988 γίνεται.
778 4923 1026 4994 Πολλαχῆ
1054 4923 1163 4996 γὰρ
1189 4918 1250 4976 τὺ
1280 4925 1516 4978 τοιοῦτον
1551 4927 1608 4978 ἐν
1637 4929 1701 4997 τῇ
1732 4943 1830 4980 κα-

246 5013 525 5083 ταγρήσει
567 5013 677 5068 τῶν
723 5013 1093 5069 θεοπνεύστων
1133 5017 1304 5086 λόγων
1351 5019 1828 5089 παρατετήρηται,

242 5101 350 5158 τοῦ
379 5104 610 5159 θανάτου
633 5107 964 5177 σημαντικὸν
993 5104 1127 5162 εἷναι
1148 5094 1519 5182 τῆς⁹σμύρνης
1549 5111 1608 5163 τὸ
1641 5109 1828 5180 ὄνομα.

259 5197 327 5250 '0
357 5198 536 5250 τοίνυν
567 5198 771 5261 τέλειος
818 5200 910 5252 καὶ
939 5200 1174 5271 καθαρὸς
1202 5196 1494 5270 ὀφθαλμὸς,
1531 5203 1560 5254 6
1590 5201 1687 5270 τὴν
1714 5217 1831 5253 σια-

243 5281 392 5354 γόνα
429 5286 627 5358 φιάλην
671 5289 842 5341 ποιῶν
880 5287 979 5358 τὴν
1018 5288 1087 5341 τά
1125 5289 1275 5359 μύρα
1308 5288 1366 5355 ἐξ
1401 5287 1569 5357 αὐτῆς
1595 5287 1833 5355 φύουσάν

239 5388 322 5428 ’τε
347 5376 439 5428 καὶ
483 5377 854 5446 πηγάζουσαν,
879 5372 1032 5441 οὗτος
1070 5379 1218 5432 άνθεῑ
1245 5377 1311 5433 τὰ
1342 5379 1500 5449 κρίνα
1522 5377 1632 5430 τῶν
1658 5377 1831 5443 λόγων

238 5467 346 5519 διὰ
389 5467 484 5520 τοῦ
528 5468 823 5540 στόματος,
873 5467 982 5523 τῶν
1016 5472 1082 5541 τῇ
1136 5471 1255 5542 θείᾳ
1309 5469 1832 5540 κεκαλλωπισμένων

243 5558 621 5631 λαμπρότητι.
673 5559 828 5614 Οῦτω
874 5560 982 5631 γὰρ
1028 5561 1150 5625 τοὺς
1203 5561 1474 5632 καθαρούς
1522 5577 1580 5614 τε
1628 5562 1721 5614 καὶ
1765 5559 1832 5612 δι’

333 5733 381 5766 ¹²
409 5737 550 5796 Psal.
595 5753 742 5801 mit,
767 5736 819 5801 8,
852 5737 885 5791 9
983 5739 1030 5770 "
1060 5739 1180 5791 Aet.
1217 5755 1290 5804 l\',
1319 5737 1403 5794 18.
1483 5740 1527 5771 “
1558 5735 1732 5793 Galat.
1774 5753 1809 5801 ι,
1843 5736 1927 5790 16.

582 5830 856 5894 ΡΑτιιοι..
907 5833 1023 5893 Gn.
1076 5832 1288 5894 XLIV.

1935 4648 2018 4706 vis
2066 4650 2427 4719 conspicitur,
2477 4664 2580 4720 per
2606 4649 3126 4718 contemplationem
3174 4665 3353 4704 rerum
3385 4669 3509 4720 qua:

1934 4747 2114 4794 tuente
2132 4738 2526 4808 intelliguntur.
2554 4735 2760 4791 Etenim
2778 4752 2844 4790 ex
2863 4751 2956 4791 ore
2976 4736 3248 4793 distillans
3265 4740 3507 4810 myrrha,

1933 4845 2054 4900 qua:
2114 4827 2431 4899 recipientis
2488 4827 2729 4881 animum
2785 4827 2976 4896 replet,
3034 4827 3510 4885 mortiﬁcationem

1931 4921 2116 4976 carnis
2137 4921 2288 4975 clare
2318 4919 2560 4974 denotat.
2599 4916 2733 4972 Nam
2765 4917 3042 4973 multotics
3077 4919 3180 4974 hoc
3208 4920 3263 4974 in
3310 4921 3511 4976 litteris

1936 5027 1964 5068 a
1999 5013 2202 5084 Spiritu
2245 5011 2432 5066 divino
2474 5010 2735 5081 profectis
2776 5011 3214 5077 observavimus,
3266 5014 3515 5083 appella-

1939 5110 2139 5160 tionem
2166 5103 2401 5175 myrrhaa
2422 5112 2650 5156 mortem
2682 5099 3011 5171 signiﬁcare.
3033 5100 3214 5168 Quare
3238 5103 3511 5171 perfectus

1931 5207 1983 5252 et
2012 5211 2184 5267 purus
2213 5195 2427 5258 oculus,
2457 5194 2550 5263 qui
2580 5193 2650 5248 de
2679 5194 2898 5248 maxilla
2929 5191 3168 5262 phialam
3199 5190 3382 5254 efﬁcit,
3415 5206 3512 5244 uns

1931 5295 2130 5360 guenta
2179 5301 2244 5340 ex
2277 5301 2338 5340 se
2381 5283 2746 5355 proferentem
2778 5283 2936 5353 quasi
2976 5281 3213 5352 quodam
3239 5296 3302 5339 ex
3339 5279 3508 5341 fonte,

1931 5379 2018 5432 hic
2047 5391 2186 5448 ergo
2219 5388 2532 5430 sermonum
2565 5372 2678 5426 lilia
2712 5371 2888 5442 gignit
2918 5387 3012 5440 per
3046 5385 3109 5426 os
3140 5371 3378 5431 illorum,
3413 5370 3509 5436 qui

1931 5468 2112 5522 divino
2143 5465 2430 5537 splendore
2448 5470 2575 5518 sunt
2595 5462 2794 5518 ornati.
2816 5459 2950 5514 Nam
2977 5461 3058 5516 sic
3082 5461 3422 5531 appellantur
3447 5457 3508 5509 ii.

1885 5550 1893 5557 ’
1938 5557 2030 5628 qui
2063 5555 2182 5628 puri
2229 5563 2378 5620 sunt,
2419 5561 2473 5609 et
2505 5566 2569 5606 ex
2601 5551 2798 5606 virtute
2832 5548 3184 5621 fragrantiam
3217 5543 3512 5614 quamdam

3119 5811 3200 5876 3h
