3996 6196
506 343 637 397 106⁵1

1725 331 1784 387 S.
1819 325 2148 386 (ἶῐίΕϐΟΙιιι
2183 326 2478 384 ΝΥΒΞΕΝΙ

3551 342 3662 401 ῗθίῖΒ
3686 394 3691 402 .

501 453 737 507 habent:
778 449 978 520 quique
1013 448 1287 519 myrrham
1322 447 1610 510 distillant,
1650 461 1772 515 qua:
1816 445 1936 499 sine
1972 442 2066 495 de-

2172 443 2371 513 ἀρετῆς
2402 443 2759 508 εὐπνοοῦντας
2784 445 3036 517 ὀνομάζει
3061 449 3090 502 ό
3113 447 3278 517 λόγος,
3307 449 3390 521 ἆφ⁹
3407 443 3476 509 ὧν
3494 455 3666 523 γίνεται

502 545 645 596 fectu
678 550 913 596 mentem
970 540 1347 609 recipientium
1379 555 1499 594 eam
1531 539 1719 608 replet.
1765 537 1860 591 Est
1893 544 2071 590 autem

2172 536 2204 604 ἡ
2249 535 2348 604 τῆς
2388 536 2634 607 σμύρνης
2665 538 2910 608 σταγὼν,
2960 541 3253 606 άνελλιπιῖις
3301 543 3550 616 πληροῦσα
3586 551 3668 621 τὴν

501 635 589 687 illa
615 635 739 688 vitae
769 633 930 701 hujus
953 647 1228 700 corporea:
1257 639 1625 700 contemptus,
1662 643 1786 684 cum
1816 627 2066 682 universa

2170 627 2277 678 τῶν
2303 628 2603 699 δεχομένων
2629 630 2865 684 διάνοιαν
2884 648 2898 660 ·
2929 633 3064 704 ὅπερ
3094 635 3205 686 ἐστὶ
3234 635 3328 705 τῆς
3351 635 3528 700 ὑλικῶς
3547 637 3666 711 (ea;

498 741 619 794 quze
647 724 698 778 in
734 725 834 778 hac
866 724 976 777 vita
1023 738 1170 776 cura:
1201 730 1327 776 sunt
1373 721 1704 784 hominibus,
1754 735 1846 790 per
1880 734 2071 788 super-

499 829 691 870 norum
712 816 976 869 bonorum
1000 813 1349 882 cupiditatem
1372 813 1479 865 vim
1505 827 1656 866 suam
1679 827 1891 866 omnem
1911 811 2071 864 amit-

499 895 621 959 tunt
652 916 706 959 et
731 906 1169 974 exstinguuntur.
1199 902 1382 957 Talem
1407 903 1680 972 myrrham
1713 903 1839 956 olim
1870 901 2070 955 Paulus

498 994 803 1048 effundebat
826 1011 891 1048 ex
915 1009 1009 1048 ore
1034 1009 1154 1056 suo,
1180 994 1394 1047 mistam
1419 1008 1540 1046 cum
1559 1007 1694 1061 puro
1721 993 1987 1061 pudicitia:
2010 992 2071 1046 li-

501 1084 592 1145 lio,
627 1085 680 1136 in
717 1091 919 1136 sanctae
944 1082 1169 1152 virginis
1206 1097 1386 1136 aures.
1426 1081 1496 1135 Ea
1529 1096 1658 1134 vero
1697 1088 1814 1134 erat
1844 1079 2066 1141 Thecla.

499 1189 622 1243 qua;
651 1176 907 1243 przeclare
931 1175 1112 1227 animo
1147 1189 1248 1227 suo
1274 1173 1635 1227 deﬂuentibus
1667 1172 1735 1228 de
1759 1173 1871 1226 lilio
1901 1173 2068 1238 guttis

503 1266 642 1316 intra
659 1280 717 1317 se
736 1264 987 1334 receptis,
1008 1264 1277 1317 hominem
1297 1271 1578 1316 externum
1599 1271 1772 1317 morte
1785 1263 2065 1332 Opprimit,

499 1356 646 1407 oumi
681 1355 1010 1424 cogitatione
1048 1353 1451 1422 cupiddateque
1505 1354 1708 1408 carnali
1761 1354 2057 1408 exstincta.

500 1446 668 1513 Cujus
707 1453 828 1514 post
853 1454 1157 1514 perceptam
1212 1445 1359 1498 illam
1396 1446 1593 1500 bonam
1635 1444 1963 1506 doctrinam,
2015 1454 2068 1498 ct

497 1538 755 1604 juventus
789 1538 1060 1591 exstincta
1109 1543 1247 1597 erat,
1285 1544 1338 1589 ct
1378 1543 1599 1590 externa
1657 1544 1919 1589 venustas
1973 1551 2069 1589 ex-

500 1629 720 1691 stincta,
752 1636 805 1681 et
825 1628 1097 1682 exstincta
1129 1628 1308 1681 omnia
1341 1628 1590 1696 corporis
1619 1642 1881 1682 sensuum
1911 1641 2069 1695 orga-

501 1736 568 1773 na
638 1721 756 1774 solo
789 1734 1040 1774 sermone
1073 1720 1124 1772 iu
1159 1721 1274 1790 ipsa
1306 1720 1543 1783 vivente,
1572 1735 1666 1789 per
1726 1735 1885 1789 quem
1921 1727 2068 1774 totus

497 1809 546 1862 ci
608 1810 846 1862 mundus
902 1817 1149 1861 mortuus
1201 1816 1337 1868 erat,
1401 1815 1454 1860 et
1494 1808 1644 1877 virgo
1693 1809 1810 1877 ipsa
1866 1807 2066 1862 mundo

497 1909 613 1955 erat
663 1909 898 1954 mortua.
932 1899 1183 1953 Sic‘olim
1220 1914 1450 1968 magnus
1507 1900 1668 1952 etiam
1724 1898 1917 1954 Petrus
1978 1899 2067 1952 ille

497 1993 638 2063 apud
663 1992 975 2047 Cornelium
1007 1991 1290 2060 splendida
1321 1991 1592 2043 sermonis
1623 1991 1732 2042 lilia
1761 1990 2062 2059 proferens,

497 2085 709 2138 animos
742 2083 1053 2136 auditorum
1089 2081 1314 2150 myrrha
1345 2081 1598 2150 complet,
1627 2081 1718 2149 qui
1748 2097 1867 2134 mox
1916 2097 2066 2135 rece-

495 2186 586 2246 pto
612 2175 782 2245 ipsius
810 2189 1087 2238 sermone,
1136 2189 1260 2227 cum
1323 2173 1542 2228 Christo
1603 2189 1698 2241 per
1731 2175 2062 2242 baptismum

495 2277 620 2320 sunt
660 2269 983 2335 conscpulti,
1046 2266 1245 2319 mortui
1281 2267 1405 2319 vitae
1463 2265 1589 2319 huic
1624 2265 1770 2319 facti.
1810 2266 2066 2336 Adeoque

495 2358 702 2411 infinita
744 2359 983 2427 reperire
1026 2367 1224 2425 przetcr
1259 2358 1371 2411 haec
1419 2369 1732 2410 sanctorum
1785 2357 2062 2410 hominum

493 2451 738 2519 exempla
776 2451 924 2516 licet,
969 2465 1078 2519 quo
1120 2451 1193 2503 illi
1250 2458 1410 2519 pacto
1474 2451 1782 2504 communis
1819 2451 2063 2518 corporis

494 2542 755 2597 Ecclesiae
799 2557 862 2596 os
925 2542 1075 2608 facti,
1130 2542 1350 2613 myrrha
1411 2542 1789 2612 exstinguente
1841 2541 2064 2595 morbos

494 2635 660 2688 animi
713 2651 845 2690 suos
900 2637 1176 2690 auditores
1225 2635 1590 2704 repleverint,
1637 2649 1734 2704 per
1797 2633 2064 2688 sermonis

496 2727 605 2780 lilia
629 2723 845 2781 fructus
881 2727 1138 2791 ferentes,
1198 2728 1398 2796 quibus
1431 2726 1611 2796 magni
1647 2725 1723 2779 illi
1756 2741 2066 2795 propugna-

494 2828 641 2874 tores
679 2820 798 2875 lldei
831 2835 923 2890 per
959 2820 1232 2890 egregiam
1271 2818 1670 2872 confessionem
1696 2818 1816 2887 ipso
1855 2825 2062 2870 testan-

493 2914 576 2967 tia:
609 2913 854 2967 veritatis
889 2921 1152 2981 tempore,
1189 2900 1679 2964 in’certaminibus
1710 2923 1808 2977 pro
1865 2910 2065 2976 pietate

494 3005 790 3073 susceptis,
823 3003 920 3054 toti
948 3002 1105 3070 quasi
1145 3000 1364 3070 myrrha
1395 2999 1630 3068 quadam
1667 3005 1794 3053 sunt
1829 2998 2058 3066 perfusi.

501 3096 564 3148 Et
600 3095 732 3164 quid
759 3108 899 3162 opus
928 3103 1012 3146 est
1037 3091 1288 3145 oratione
1309 3092 1514 3159 prolixa
1549 3089 1616 3142 de
1641 3089 1742 3142 hoc
1764 3088 2058 3154 disserere,
2089 3098 2131 3154 ο

492 3203 616 3240 cum
660 3201 752 3254 per
778 3199 839 3238 ea
875 3199 996 3252 qua:
1033 3183 1293 3244 diximus,
1321 3180 1652 3234 declaratum
1687 3179 1777 3242 sit,
1824 3194 1933 3248 quo
1967 3194 2064 3247 pa-

493 3285 583 3326 cto
615 3273 873 3328 Ecclesize
919 3285 984 3326 os
1033 3271 1204 3324 lilium
1265 3270 1404 3322 fiat:
1447 3269 1539 3337 qui
1574 3268 1793 3338 myrrha
1827 3267 1896 3322 de
1951 3269 2065 3324 lilio

493 3362 765 3417 distillet:
809 3361 900 3430 qui
942 3359 1252 3427 bujusmodi
1323 3357 1601 3413 stillicidio
1652 3359 1869 3414 animus
1921 3358 2064 3414 reci-

496 3455 733 3524 pientum
767 3453 1075 3522 impleatur.

566 3715 646 3768 Ad
686 3713 967 3783 sequentia
992 3728 1157 3783 porro
1189 3713 1351 3768 verba
1387 3715 1838 3784 progrediamur:
1870 3718 2065 3772 Manus

493 3807 645 3860 illius
679 3805 878 3858 tortiles
909 3844 923 3868 ,
965 3820 1176 3866 aurem,
1226 3805 1393 3873 plena:
1441 3793 1656 3860 Πρω-δίε.
1697 3806 1828 3862 Esse
1883 3819 2063 3862 autem

492 3900 635 3952 oculi
667 3896 986 3952 beueliciun:
1025 3896 1406 3965 imperfectum
1440 3898 1496 3951 in
1532 3897 1786 3954 Eccleslze
1813 3916 2064 3971 corpore,

492 3988 540 4039 si
572 4000 830 4037 manuum
882 3986 950 4036 ab
999 3999 1064 4037 eo
1097 3984 1460 4039 ministerium
1510 3987 1582 4040 sit
1634 3988 1964 4056 disiunctum
1995 4031 2007 4054 ,
2037 4007 2066 4045 a

496 4091 692 4145 magno
743 4077 833 4130 illo
871 4073 1043 4128 Paulo
1097 4075 1242 4129 clare
1275 4077 1576 4132 didicimus
1605 4119 1619 4142 ,
1658 4082 1749 4147 qui
1793 4085 1898 4144 ait,
1947 4081 2067 4136 Non

493 4177 661 4230 potest
698 4168 881 4221 oculus
923 4168 1105 4220 manui
1127 4167 1318 4234 dicere,
1346 4169 1468 4222 Non
1508 4173 1636 4224 mihi
1671 4183 1718 4226 le
1747 4190 1875 4240 opus
1899 4186 1975 4229 est
2000 4178 2064 4233 ".

495 4251 625 4306 Nam
660 4260 772 4306 tum
808 4253 1038 4307 maxime
1081 4255 1162 4308 vis
1196 4258 1482 4310 oculorum
1526 4261 1868 4328 conspicitur
1891 4301 1905 4324 ,
1940 4279 2065 4319 cum

496 4344 611 4412 ipsa
641 4359 804 4413 opera
842 4346 1218 4400 testimonium
1257 4350 1542 4403 oculorum
1595 4353 1832 4407 acumini
1880 4356 2068 4424 perhi-

2173 720 2437 791 ὑπεροψία
2455 762 2470 785 ,
2501 723 2715 776 πάντων
2742 724 2852 776 τῶν
2879 724 3003 796 τῇδε
3031 725 3473 797 σπουδαζομένων,
3495 731 3570 784 διὰ
3592 733 3669 804 τὴν

2169 811 2278 864 τῶν
2311 811 2718 883 ὑπερκειμένων
2749 815 2966 882 ἀγαθῶν
3008 815 3326 887 ἐπιθυμίαν,
3347 820 3669 893 άνενεργητων

2169 917 2228 952 τε
2271 901 2364 954 καὶ
2404 902 2612 972 νεκρῶν
2637 905 2952 974 γινομένων.
3004 905 3266 976 Τοιαύτην
3311 909 3459 962 ὃποτε
3503 913 3671 978 Παῦλος

2172 990 2414 1062 σμύρναν
2448 993 2668 1062 προχέει
2703 993 2796 1046 τοῦ
2830 995 3115 1064 στόματος,
3153 998 3476 1069 μεμιγμένην
3507 1001 3573 1072 τῷ
3591 1019 3684 1055 ιια-Δ

2172 1083 2322 1153 θαρῷ
2356 1085 2525 1154 κρίνῳ
2571 1088 2668 1154 τῆς
2714 1086 3090 1156 σωφροσύνης,
3124 1089 3182 1140 ὲν
3223 1088 3403 1152 ἀκοαῖς
3427 1090 3516 1159 τῆς
3545 1093 3674 1160 ἁγίας

2171 1174 2461 1245 παρθένου.
2487 1177 2659 1229 Θέκλα
2679 1177 2734 1229 δὲ
2759 1173 2826 1248 ἦν
2850 1181 2883 1249 ή
2910 1179 3194 1250 παρθένος,
3225 1181 3258 1251 ἢ
3286 1180 3454 1241 καλῶς
3474 1186 3530 1254 τῇ
3556 1185 3671 1254 ψυχῇ

2168 1263 2267 1325 τὰς
2304 1264 2679 1335 ἀπορρεούσας
2723 1267 2984 1335 σταγόνας
3022 1269 3080 1322 ἐν
3122 1271 3284 1339 ἑαυτῇ
3318 1269 3577 1343 δεξαμένη.
3600 1275 3675 1328 θα·

2169 1353 2313 1425 νάτῳ
2371 1357 2723 1426 διαλαμϐάνει
2786 1360 2877 1412 τὸν
2930 1360 3126 1426 ἔξωθεν
3177 1360 3474 1432 ἄνθρωπον,
3529 1367 3676 1418 πᾶσαν

2170 1449 2419 1518 σαρκώδη
2454 1450 2688 1505 διάνοιάν
2723 1467 2782 1503 τε
2830 1453 2921 1504 καὶ
2953 1451 3242 1520 ἐπιθυμίαν
3271 1453 3458 1523 έαυτῆς
3485 1455 3677 1509 ἀποσϐέ-

2171 1555 2330 1592 σασα.
2363 1533 2469 1603 ἿΙς
2503 1540 2636 1610 μετὰ
2673 1540 2770 1610 τὴν
2801 1541 3010 1613 ἀγαθὴν
3045 1542 3380 1596 διδασκαλίαν
3417 1548 3565 1615 νεκρὰ
3603 1547 3679 1614 μὲν

2169 1633 2202 1701 ἡ
2231 1632 2418 1699 νεότης
2437 1673 2451 1691 ,
2483 1631 2673 1701 νεκρὸν
2697 1631 2753 1684 δὲ
2781 1632 2841 1684 τὸ
2865 1632 3284 1702 ἐπιφαινόμενον
3305 1634 3486 1698 κάλλος
3507 1674 3522 1700 ,
3545 1636 3681 1705 νεκρὰ

2169 1723 2222 1776 δὲ
2257 1725 2433 1777 πάντα
2475 1723 2544 1776 τὰ
2586 1723 2867 1792 σωματικά
2914 1723 3275 1795 αἰσθητήρια,
3329 1727 3476 1794 μόνου
3517 1726 3680 1791 ζῶντος

2169 1815 2225 1864 ὲν
2254 1813 2389 1884 αὐτῇ
2433 1812 2528 1864 τοῦ
2560 1812 2716 1882 λόγου
2744 1815 2808 1866 δι’
2833 1806 2894 1866 οὗ
2926 1814 3207 1884 ἐτεθνήκει
3253 1815 3344 1884 μὲν
3368 1816 3494 1886 αὐτῇ
3519 1817 3683 1880 ama

2169 1905 2396 1974 κόσμος,
2445 1904 2721 1976 ἐτεθνήκει
2766 1906 2821 1959 δὲ
2871 1907 2965 1960 καὶ
3017 1908 3049 1976 ἡ
3103 1906 3364 1976 παρθένος
3396 1907 3468 1976 τῷ
3512 1909 3682 1980 κόσμῳ.

2167 1992 2323 2046 Οὕτω
2361 1995 2490 2047 ποτὲ
2519 1995 2613 2048 καὶ
2643 1995 2790 2067 παρὰ
2827 1995 3112 2066 Κορνηλίῳ
3133 1997 3174 2048 οδ
3211 1997 3376 2066 μέγας
3401 1998 3608 2069 Πέτρος,
3633 2000 3687 2051 τὰ

2167 2080 2390 2152 λαμπρὰ
2418 2083 2512 2136 τοῦ
2545 2085 2700 2152 λόγου
2744 2085 2904 2155 κρίνα
2951 2085 3350 2154 φθεγγόμενος,
3382 2085 3583 2155 πλήρεις
3611 2089 3688 2156 τῆς

2169 2174 2416 2245 σμύρνης
2459 2177 2556 2240 τὰς
2595 2178 2706 2231 τῶν
2747 2179 3049 2230 ἀκουόντων
3080 2178 3263 2247 ψυχὰς
3306 2179 3685 2248 παρεσκεύασεν,

2165 2264 2215 2316 οἳ
2252 2267 2591 2344 παραχρῆμα
2621 2269 2712 2321 τὸν
2745 2269 2898 2336 λόγον
2933 2268 3255 2340 δεξάμενοι,
3286 2272 3360 2343 τῷ
3401 2271 3597 2340 Χριστῷ
3622 2269 3688 2322 διὰ

2165 2354 2258 2406 τοῦ
2306 2355 2680 2426 βαπτίσματος
2729 2359 3134 2429 συνετάφησαν,
3191 2363 3370 2431 νεκροὶ
3402 2360 3472 2432 τῷ
3505 2360 3591 2431 βίῳ
3615 2376 3685 2427 γε·

2165 2444 2398 2512 νόμενοι.
2443 2447 2552 2498 Καὶ
2602 2448 2768 2518 μυρία
2811 2449 2946 2518 πρὸς
2996 2450 3210 2514 τούτοις
3248 2450 3388 2504 ἔστιν
3417 2454 3578 2521 εὑρεῖν
3603 2452 3687 2504 τῶν

2166 2537 2336 2603 ἁγίων
2389 2538 2792 2608 ὑποδείγματα,
2845 2541 2964 2604 πῶς
3003 2541 3094 2594 τοῦ
3130 2543 3316 2596 κοινοῦ
3353 2542 3578 2612 σώματος
3613 2542 3688 2610 τῆς

2179 2625 2500 2696 Ἐκκλησίας
2553 2628 2727 2695 στόμα
2771 2629 3041 2698 γινόμενοι
3103 2630 3216 2700 τῆς
3261 2631 3573 2701 νεκρωτικῆς
3609 2630 3692 2682 τῶν

2167 2713 2503 2784 παθημάτων
2571 2716 2818 2787 σμύρνης
2885 2718 3114 2789 πλήρεις
3175 2721 3301 2784 τοὺς
3365 2720 3693 2791 ἀκροωμένους

2167 2804 2407 2869 ἐποίουν,
2453 2804 2872 2876 ἁνθοφοροῦντες
2914 2808 3000 2860 διὰ
3035 2809 3140 2860 τῶν
3183 2810 3378 2880 κρίνων
3423 2809 3510 2862 τοῦ
3537 2808 3693 2874 λόγον.

2166 2893 2234 2946 δι’
2261 2888 2336 2948 ὧν
2363 2897 2412 2948 oi
2447 2896 2670 2964 μεγάλοι
2713 2897 2810 2964 τῆς
2839 2897 3074 2960 πίστεως
3100 2899 3378 2969 πρόμαχοι
3409 2899 3499 2968 τῆς
3523 2895 3696 2965 ἀγαθῆς

2165 2985 2452 3054 ὁμολογίας
2484 2987 2625 3040 κατὰ
2665 2987 2756 3040 τὸν
2801 2990 2900 3058 τῆς
2944 2990 3258 3061 μαρτυρίας
3309 2989 3490 3061 καιρὸν
3525 2989 3575 3040 ὲν
3608 2989 3698 3046 τοῖς

2167 3075 2304 3148 ὑπὲρ
2352 3077 2630 3140 εὐσεϐείας
2681 3078 2854 3154 άγῶσι
2908 3097 3154 3150 κατεσμυ
3171 3081 3461 3152 ρνὼθησαν.
3517 3080 3611 3133 Καὶ
3652 3077 3697 3128 τί

2169 3166 2272 3238 χρὴ
2317 3167 2405 3222 διὰ
2438 3167 2695 3221 πλειόνων
2745 3169 3004 3239 μηκύνειν
3038 3171 3128 3224 τὸν
3185 3174 3312 3244 περὶ
3337 3171 3529 3224 τούτων
3551 3169 3696 3236 λόγον.

2169 3263 2405 3330 φανερᾶς
2426 3260 2513 3313 διὰ
2541 3261 2648 3314 τῶν
2693 3262 2993 3333 εἰρημένων
3020 3265 3326 3336 γενομένης
3355 3265 3479 3334 ἡμῖν
3505 3262 3590 3330 τῆς
3614 3259 3701 3310 δια-

2167 3354 2334 3416 νοίας,
2367 3354 2482 3417 πῶς
2510 3355 2572 3406 τὸ
2595 3355 2772 3425 στόμα
2795 3356 2893 3426 τῆς
2931 3357 3265 3426 Ἐκκλησίας
3298 3356 3477 3428 κρίνον
3501 3355 3697 3422 γίνεται’

2183 3445 2275 3497 καὶ
2303 3445 2420 3509 πῶς
2455 3447 2749 3510 ἀποστάζει
2791 3447 2884 3500 τοῦ
2919 3449 3103 3518 κρίνου
3131 3451 3172 3518 ἡ
3219 3450 3459 3519 σμύρνα·
3504 3447 3586 3500 καὶ
3610 3443 3704 3503 πῶς

2167 3536 2469 3606 πληροῦται
2495 3537 2594 3606 τῆς
2640 3539 2892 3609 τοιαύτης
2943 3540 3210 3606 σταγόνος
3246 3542 3280 3610 ἡ
3309 3539 3414 3592 τῶν
3443 3535 3702 3607 δεχομένων

2167 3628 2334 3697 ψυχή·

2251 3720 2408 3774 Ἀλλὰ
2457 3721 2594 3792 πρὸς
2631 3721 2722 3774 τὸν
2758 3720 2955 3792 ἐφεξῆς
2987 3722 3145 3791 λόγον
3189 3724 3289 3796 ἤδη
3329 3725 3424 3795 μὲν
3471 3720 3699 3788 ἔλθωμεν.

2169 3812 2307 3880 Φησὶ
2342 3808 2467 3880 γάρ·
2509 3813 2576 3864 ΑΙ
2603 3813 2796 3882 χεῖρες
2828 3814 3013 3868 αὑτοῦ
3043 3818 3341 3882 τορευταὶ,
3375 3813 3594 3883 χρυσαῖ,
3623 3823 3701 3861 πε-

2168 3901 2544 3970 πληρωμέναι
2579 3903 2840 3970 θαρσεῖς.
2869 3904 2990 3957 Ὅτι
3023 3905 3122 3974 μὲν
3140 3901 3236 3958 οὖν
3264 3904 3457 3974 ἀτελής
3479 3905 3611 3954 ἐστιν
3629 3899 3701 3950 έπι

2167 3992 2259 4058 τοῦ
2309 3992 2559 4062 σώματος
2592 3994 2692 4063 τῆς
2733 3992 3057 4064 Ἐκκλησίας
3083 3995 3117 4064 η
3152 3995 3250 4046 τοῦ
3284 3991 3553 4062 ὀφθαλμοῦ
3577 3989 3705 4059 χάρκ

2167 4083 2268 4152 τῆς
2298 4083 2405 4135 τῶν
2436 4084 2634 4153 χειρῶν
2655 4083 2955 4154 ὑπουργίας
2975 4083 3361 4154 διεζευγμένη,
3388 4081 3560 4150 σαφῶς
3580 4075 3704 4146 παρὶ

2167 4173 2260 4225 τοῦ
2312 4175 2544 4243 μεγάλου
2595 4174 2992 4244 μεμαθήκαμεν
3044 4175 3264 4228 Παύλου
3294 4215 3309 4236 ,
3341 4174 3399 4237 ὃς
3432 4187 3599 4241 φησιν,
3639 4169 3702 4218 ὅτι

2173 4267 2255 4317 Οὐ
2286 4264 2532 4318 δύναται
2569 4267 2601 4318 ὸ
2651 4265 2955 4334 ὀφθαλμὸς
2987 4265 3178 4318 εἰπεῖν
3215 4265 3295 4333 τῇ
3326 4259 3704 4332 χειρὶ,Χρείαν

2169 4359 2283 4414 σοῦ
2318 4359 2429 4410 οὐκ
2469 4358 2605 4425 ἔχω.
2647 4358 2780 4410 Τότε
2818 4357 2926 4428 γὰρ
2976 4357 3212 4427 μάλιστα
3251 4360 3285 4429 ἡ
3318 4357 3426 4410 τῶν
3456 4349 3706 4423 ὀφθαλμῶν

496 4435 662 4501 bent;
694 4451 788 4504 per
833 4438 1078 4491 studium
1120 4439 1506 4508 prmelarariiiii
1553 4457 1732 4496 rerum
1762 4448 1975 4517 egregie
2006 4465 2064 4504 se

2170 4448 2413 4519 ἐνέργεια
2445 4447 2735 4507 δείκνυται,
2763 4448 2889 4501 ὅταν
2912 4447 2978 4500 τὰ
3004 4448 3138 4517 ἔργα
3165 4450 3441 4519 μαρτυρεί
3455 4448 3544 4516 τὴν
3572 4441 3706 4506 ὀξυω-

493 4525 620 4580 duci
645 4527 999 4582 declarautia.
1021 4530 1158 4594 Quia
1189 4546 1317 4584 vero
1344 4534 1496 4601 prius
1527 4533 1769 4590 indicato
1803 4552 2061 4593 manuum

495 4615 662 4668 divini
696 4619 945 4687 corporis
969 4622 1243 4684 encomio,
1275 4639 1369 4692 per
1393 4639 1456 4678 ea
1497 4641 1615 4694 qua:
1651 4627 1907 4691 diximus,
1940 4646 2064 4699 per-

495 4705 728 4774 gendum
755 4709 913 4764 nobis
945 4719 1030 4764 est
1056 4711 1120 4764 ad
1151 4715 1545 4782 expositionem
1581 4717 1742 4782 hanc,
1774 4735 1884 4788 quo
1914 4722 2064 4776 vide-

497 4797 622 4848 licet
661 4799 822 4852 modo
856 4803 1155 4870 comparati
1190 4819 1314 4858 esse
1350 4804 1585 4860 debeant
1616 4809 1714 4873 illi,
1752 4811 1844 4879 qui
1877 4811 1930 4865 in
1963 4813 2064 4867 Ec-

493 4886 660 4941 clesia
698 4903 957 4944 manuum
990 4892 1168 4945 locum
1202 4896 1489 4961 obtinent,
1525 4899 1660 4967 ipsis
1689 4900 1855 4955 divini
1898 4903 2061 4973 hujus

493 4979 702 5032 oraculi
736 4981 918 5035 verbis
939 4984 1271 5052 praemissis,
1307 5005 1403 5058 pro
1427 4990 1566 5044 virili
1607 5001 1790 5047 nostra
1825 4995 2062 5051 abditam

495 5068 551 5122 in
583 5084 648 5123 eo
679 5073 1006 5126 sententiam
1061 5077 1412 5133 considerare
1445 5079 1550 5134 Deo
1586 5086 1919 5141 concedente
1971 5103 2068 5142 co-

496 5160 768 5215 uabimur.
791 5160 1005 5232 Manus,
1039 5167 1231 5236 inquit,
1255 5169 1403 5223 illius
1429 5176 1651 5237 tortiles.
1680 5195 1872 5243 aurea',
1897 5181 2064 5246 plena:

499 5249 716 5307 ιΙιοηὶε.
763 5256 939 5324 Atque
1000 5257 1264 5316 hactenus
1299 5263 1515 5330 quidem
1569 5267 1621 5320 in
1678 5269 1827 5324 hisce
1885 5273 2065 5328 verbis

497 5355 694 5398 sensus
726 5345 1053 5404 manifestus
1083 5359 1188 5415 est,
1230 5354 1374 5422 quod
1417 5356 1489 5410 ob
1526 5373 1646 5427 quae
1677 5368 1837 5430 caput
1878 5363 2067 5416 lauda-

499 5443 610 5498 tur,
651 5436 839 5491 eadem
871 5454 1128 5496 manuum
1164 5459 1382 5515 quoque
1407 5452 1716 5504 encomium
1757 5453 2060 5507 absolvant.

500 5522 563 5578 l-Lt
590 5537 754 5596 caput
782 5531 1093 5600 accepimus
1120 5550 1215 5604 pro
1238 5537 1456 5594 Christo
1485 5542 1782 5597 secundum
1819 5558 2064 5614 carnem,

563 5714 611 5750 ³⁸
646 5717 669 5774 l
699 5721 823 5776 Cor.
862 5741 958 5790 xu,
989 5726 1080 5783 21.

2173 4538 2302 4592 πίαν
2331 4539 2409 4608 τῷ
2436 4539 2641 4608 ὄμματι
2666 4577 2680 4598 ,
2709 4537 2795 4591 διὰ
2831 4538 2928 4608 τῆς
2956 4539 3082 4608 περὶ
3115 4539 3184 4590 τὰ
3219 4539 3365 4592 καλὰ
3394 4536 3609 4604 σπουδῆς
3631 4530 3710 4600 τὴν

2175 4631 2380 4701 ἀγαθὴν
2401 4630 2622 4700 ὀδηγίαν
2642 4630 3032 4699 ὲπισημαίνων.
3075 4627 3298 4702 Ἐπειδὴ
3321 4630 3425 4702 χρὴ
3455 4627 3710 4698 προθέντας

2171 4723 2262 4774 τὸν
2313 4722 2442 4791 περὶ
2483 4721 2590 4774 τῶν
2628 4720 2826 4791 χειρῶν
2878 4720 2972 4774 τοῦ
3013 4719 3156 4774 θείου
3205 4721 3465 4792 σώματος
3511 4717 3709 4776 ἔπαινον,

2171 4813 2495 4884 ὁδηγηθῆναι
2516 4813 2602 4867 διὰ
2630 4814 2738 4866 τῶν
2759 4814 3061 4886 εἰρημένων
3081 4815 3233 4877 ὅπως
3259 4816 3523 4884 προσήκει
3543 4821 3711 4873 κατηρ-

2173 4905 2352 4959 τίσθαι
2408 4907 2532 4968 τοὺς
2567 4905 2688 4958 ἀντὶ
2712 4905 2908 4975 χειρῶν
2933 4905 3096 4968 ὄντας
3129 4907 3226 4958 ἐπὶ
3246 4906 3352 4976 τῆς
3389 4900 3708 4973 Ἐκκλησίας’

2173 4997 2304 5050 αὐτὸ
2331 4996 2621 5069 προθέντες
2652 4997 2714 5048 τὸ
2731 4995 2871 5048 θεῖον
2893 4995 3091 5063 λόγιον,
3110 4997 3264 5058 ὅπως
3294 4996 3362 5049 ἂν
3381 4990 3490 5048 οἷόν
3513 5009 3566 5045 τε
3634 4985 3711 5054 τὴν

2174 5090 2497 5160 ὲγκειμένην
2527 5089 2676 5144 αὑτῶ
2712 5088 2981 5160 θεωρῆσαι
3023 5087 3284 5152 διάνοιαν,
3312 5087 3543 5146 διδόντος
3581 5075 3706 5137 Θξθῦ.

2174 5181 2562 5251 πειρασόμεθα.
2619 5180 2820 5248 Χεῖρες
2877 5178 3062 5232 αὑτοῦ
3111 5179 3428 5245 τορευταὶ,
3492 5169 3706 5244 χρυσαῖ.

2175 5275 2326 5342 φησὶ,
2353 5270 2808 5339 πεπληρωμέναι
2835 5271 3095 5336 θαρσεῖς.
3124 5269 3279 5331 Τέως
3309 5270 3408 5338 μὲν
3436 5262 3526 5321 οὖν
3559 5256 3708 5316 10505-

2171 5380 2262 5416 τον
2292 5361 2556 5431 πρόδηλόν
2586 5362 2734 5413 ἐστιν
2760 5360 2823 5412 ἐκ
2849 5359 2958 5413 τῶν
2996 5359 3310 5430 εἰρημένων
3353 5359 3414 5411 τὸ
3442 5357 3622 5425 νόημα,
3648 5350 3708 5400 ὁτι

2172 5449 2254 5515 οἷς
2279 5453 2340 5505 τὸ
2367 5451 2467 5522 τῆς
2496 5448 2741 5518 κεφαλῆς
2775 5443 2914 5512 εἶδος
2942 5449 3349 5518 ὲγκωμιάζεται
3370 5487 3386 5511 ,
3415 5446 3502 5499 διὰ
3522 5442 3617 5496 τῶν
3637 5436 3706 5490 αὖ·

2172 5543 2280 5597 τῶν
2314 5542 2407 5596 καὶ
2445 5543 2566 5605 ταῖς
2597 5541 2753 5611 χερσὶ
2799 5539 3098 5611 πληροῦται
3134 5539 3160 5590 ό
3196 5538 3443 5600 ἔπαινος.
3489 5524 3705 5600 Κεφαλὴν
