3996 6196
298 375 436 432 Ιθοὶξ)

1311 352 1385 414 1N
1427 347 1722 416 CANTICA
1754 342 2024 410 CANTIC.
2060 348 2344 410 "OM-[UA
2387 352 2526 409 Χινι

3407 330 3544 394 tim)

294 500 353 552 δὲ
381 491 616 565 Χριστὸν
647 490 948 559 ὲνοήσαμεν
967 527 982 552 ,
1009 474 1072 538 ’ὲν
1110 475 1155 553 ᾧ
1190 486 1219 537 ὁ
1247 483 1378 546 Θεὸς
1415 478 1506 554 ἦν,
1545 475 1637 534 τὸν
1665 479 1868 547 κόσμον
1900 519 1905 531 .

2008 479 2028 525 t
2083 489 2192 543 quo
2227 473 2369 530 Deus
2412 473 2533 529 erat
2574 468 2840 524 mundum
2883 459 2990 523 sibi
3033 461 3424 525 reconcilians,
3460 463 3539 516 uti

297 585 476 656 ἑαυτῷ
506 581 918 641 καταλλάσσων,
957 578 1097 632 κατὰ
1137 576 1232 646 τὴν
1262 574 1474 630 Παύλου
1506 573 1720 641 φωνήνο
1761 571 1789 623 6
1816 569 1873 621 ὲν

298 683 364 751 τῇ
398 678 563 748 σαρκὶ
612 673 700 727 διὰ
733 672 841 725 τῶν
869 667 1152 740 δυνάμεὼν
1195 684 1257 720 τε
1300 667 1396 719 καὶ
1439 663 1549 717 τῶν
1581 661 1874 751 Θαυμάτων

296 749 493 822 ἑαυτὸν
539 759 881 834 φανερώσας.
931 760 993 812 Εἰ
1036 754 1131 812 οὖν
1166 758 1200 828 ή
1255 755 1508 824 νοηθεῖσα
1560 752 1691 822 ἡμῖν
1737 749 1874 820 αὕτη

298 853 514 926 κεφαλὴ
545 850 767 924 χρυσίον
804 835 1080 919 ἀκήρατον
1112 846 1264 916 παρὰ
1309 843 1402 898 τοῦ
1442 842 1600 911 λόγου
1643 857 1880 894 κατωνο.

298 946 519 1018 μάσθη,
579 943 668 997 διὰ
723 941 786 995 τὺ
833 940 1015 1010 πάσης
1063 937 1344 1010 ἁμαρτίας
1384 935 1540 998 ἐκτὸς
1599 929 1772 986 εἶναι·
1821 932 1880 995 ὃς

283 1036 629 1108 ,Ἀμαρτίαν
663 1035 775 1088 οὐκ
811 1032 1098 1098 ἐποίησε,
1133 1029 1318 1099 φησιν,
1368 1025 1510 1082 οὐδὲ
1559 1025 1769 1094 εὑρέθη
1813 1024 1882 1077 ἐν

298 1131 386 1196 τῷ
426 1130 682 1197 στόματι
720 1123 908 1179 αὐτοῦ
943 1123 1156 1188 δόλος·
1206 1114 1414 1190 χρυσᾶς
1452 1118 1510 1172 δέ
1541 1134 1704 1188 φησιν
1743 1112 1882 1169 εἶναι

303 1222 406 1284 τὰς
450 1220 642 1290 χεῖρας
682 1216 710 1268 ὁ
751 1213 908 1280 λόγος
934 1227 948 1240 ο
987 1209 1253 1282 πρόδηλόν
1291 1211 1406 1262 ἐστι
1449 1208 1511 1262 τὸ
1546 1207 1635 1262 διὰ
1677 1207 1882 1260 τούτων

301 1307 618 1378 νοούμενον,
642 1305 723 1358 ὅτι
744 1303 806 1356 τὺ
834 1301 958 1356 καθ’
982 1301 1103 1354 ὅλου
1127 1299 1412 1370 νοούμενον
1441 1296 1678 1368 καθαρόν
1702 1314 1761 1350 τε
1793 1297 1884 1350 καὶ

303 1399 713 1468 ἀναμάρτητον,
748 1394 843 1446 καὶ
866 1393 1047 1461 πάσης
1075 1389 1273 1454 κακίας
1313 1388 1510 1459 ἀμιγές
1536 1403 1596 1440 τε
1625 1385 1720 1440 καὶ
1745 1387 1884 1439 ἀπα-

310 1489 570 1560 ράδεκτον
602 1483 880 1554 νομοθετεῖ
909 1484 974 1552 τῇ
1004 1481 1148 1552 χειρὶ
1182 1483 1217 1559 ὀί
1236 1478 1411 1548 λόγος.
1446 1478 1617 1548 Χεῖρα
1643 1475 1701 1530 δὲ
1734 1474 1885 1530 voci-

315 1598 414 1652 μεν
436 1580 654 1640 πάντως
677 1578 777 1645 τὴν
795 1575 862 1626 τὰ
893 1573 1047 1627 κοινὰ
1065 1569 1166 1640 τῆς
1207 1563 1527 1650 Ἐκκλησίας
1555 1568 1634 1630 είς
1661 1566 1760 1652 τὰς
1779 1564 1886 1617 τῶν

1975 565 2178 622 Paulus
2207 558 2542 636 loquitur":
2583 563 2675 632 qui
2707 577 2766 616 se
2795 562 2849 614 in
2885 572 3050 613 carne
3080 572 3180 627 per
3209 557 3438 609 virtutes
3473 568 3538 606 ac

1975 658 2240 711 miracula
2259 656 2542 728 patefecit.
2568 651 2722 719 Quod
2753 651 2800 707 si
2826 665 2958 720 ergo
2979 656 3141 719 caput
3163 649 3266 702 hoc
3289 655 3543 700 nostrum
3619 689 3621 691 .

1977 748 2308 818 appellatum
2359 746 2468 802 fuit
2521 759 2714 799 aurum
2770 741 3214 805 immaculatum,
3261 744 3544 808 prepterea

1979 839 2125 908 quod
2156 848 2309 893 extra
2351 853 2513 892 omne
2569 841 2850 907 peccatum
2893 832 2966 886 sit
3041 831 3059 897 (
3089 828 3542 900 quemadmodum

1979 930 2182 984 dicitur
2207 948 2220 983 :
2260 929 2537 983 Peccatum
2564 927 2763 980 nullum
2789 922 3122 993 perpetravit,
3152 935 3313 990 neque
3341 919 3548 972 inventa

1981 1023 2134 1089 fraus
2157 1033 2233 1076 est
2257 1022 2311 1074 in
2337 1037 2422 1074 ore
2453 1022 2614 1088 ipsius
2638 1007 3028 1084 “),itidemque
3058 1013 3146 1066 hic
3169 1020 3367 1066 manus
3387 1012 3548 1064 etiam

1986 1123 2251 1169 vocantur
2285 1129 2503 1169 aureae:
2554 1113 2810 1166 nimirum
2848 1120 2994 1180 patet
3043 1107 3149 1161 hoc
3187 1107 3306 1176 ipso
3347 1103 3552 1174 signia.

1984 1208 2138 1270 cari,
2197 1222 2391 1260 manus
2451 1206 2549 1259 has
2598 1217 2826 1273 prorsus
2877 1214 3000 1254 esse
3057 1213 3260 1267 puras,
3302 1203 3553 1265 expertes

1986 1300 2216 1371 peccati,
2253 1300 2462 1353 alienas
2490 1298 2555 1350 ab
2587 1294 2732 1349 omni
2771 1293 3080 1346 vitiositate.
3122 1290 3337 1344 Manum
3370 1296 3550 1342 autem

1988 1391 2326 1459 appellamus
2363 1403 2504 1450 eam,
2540 1402 2659 1455 quia:
2714 1387 2779 1438 ad
2820 1398 2954 1437 usus
2986 1381 3248 1436 divinitus
3301 1380 3554 1449 prar‘scria

1988 1489 2111 1552 ptos
2167 1480 2380 1549 publica
2449 1479 2588 1532 bona
2647 1476 2907 1529 Ecclesia:
2961 1473 3349 1527 administrat:
3399 1471 3556 1538 cujus

1992 1572 2106 1627 haec
2153 1570 2374 1642 propria
2433 1571 2550 1624 laus
2586 1576 2668 1622 est
2698 1607 2710 1628 ,
2755 1576 2810 1620 ut
2849 1561 3047 1636 capitis
3102 1572 3310 1618 natura:
3363 1563 3559 1617 similis

310 1650 543 1727 ἐντολῶν
587 1667 775 1740 χρείας
813 1663 1264 1735 διαχειρίζουσαν,
1301 1652 1370 1731 ἦς
1423 1658 1641 1720 ἔπαινός
1679 1650 1795 1709 ἐστι
1825 1655 1888 1744 τὸ

2008 1663 2118 1726 iat,
2151 1664 2366 1716 ratione
2417 1661 2672 1731 puritatis
2712 1666 3055 1728 peccatorum
3104 1655 3364 1725 expertis.
3403 1652 3556 1708 Tum:

305 1761 644 1835 ύμοιωθῆναι
665 1759 732 1828 τῇ
763 1757 861 1827 τῆς
892 1753 1135 1823 κεφαλῆς
1170 1751 1347 1820 φύσει,
1377 1749 1518 1803 κατὰ
1549 1747 1609 1802 τὸ
1649 1745 1885 1816 καθαρόν

2008 1765 2173 1812 intem
2209 1769 2403 1810 manus
2435 1754 2490 1806 Iit
2528 1768 2657 1822 pura
2690 1792 2702 1812 ,
2756 1767 2878 1804 cum
2914 1749 3184 1803 tornando
3223 1755 3394 1801 totum
3427 1744 3558 1800 illud

311 1821 371 1907 τε
401 1852 498 1906 καὶ
527 1821 930 1918 ἀναμάρτητονι
968 1821 1200 1912 Καθαρὰ
1221 1840 1277 1893 δὲ
1297 1839 1505 1906 γίνεται
1536 1836 1656 1890 τότε
1674 1839 1708 1906 ἡ
1744 1835 1884 1906 χεὶρ,

2008 1850 2281 1911 tbraserit,
2317 1845 2458 1917 quod
2488 1821 2769 1913 elegantiae
2803 1841 3188 1912 impedimento
3220 1850 3320 1895 cst.
3359 1838 3562 1904 Qucum

314 1947 444 1998 ὅταν
470 1941 559 1995 διὰ
585 1942 686 2010 τῆς
716 1935 932 2007 τορείας
964 1932 1108 1988 ἅπαν
1148 1928 1486 1998 ἁποξύσηται
1519 1929 1580 1981 τὸ
1604 1925 1892 1998 ἐμποδίζον

313 2036 396 2106 τῷ
435 2032 642 2087 κάλλει.
699 2027 966 2095 Καθάπερ
1013 2023 1120 2094 γὰρ
1157 2021 1295 2093 πρός
1323 2038 1444 2074 τινα
1491 2019 1630 2084 ζώου
1683 2020 1894 2091 μορφὴν

313 2123 730 2184 ἀποτυποῦντες
767 2119 827 2173 τὸ
868 2117 1158 2188 μάρμαρον
1179 2155 1194 2177 ,
1225 2114 1407 2166 ἐκεῖνα
1443 2113 1531 2165 διὰ
1557 2113 1657 2181 τῆς
1683 2113 1896 2183 τορείας

317 2217 652 2286 ὲγγλύφουσι
678 2211 758 2282 τῷ
784 2210 938 2280 λίθῳ,
973 2207 1066 2262 καὶ
1097 2205 1540 2274 ἐγκολάπτουσιν,
1571 2198 1646 2256 ὧν
1681 2216 1896 2275 περιαιι

321 2310 591 2380 ρεθέντων
624 2303 760 2376 προς
798 2301 859 2356 τὸ
904 2301 1211 2372 ἀρχέτυπον
1260 2295 1396 2360 εἶδος
1430 2295 1802 2351 ἀππυποῦται
1838 2295 1899 2348 τὺ

319 2399 553 2469 μίμημα
581 2410 592 2420 ·
625 2394 767 2447 οὕτω
795 2393 888 2446 καὶ
913 2392 1008 2444 ἐπὶ
1029 2389 1122 2444 τοῦ
1147 2387 1376 2450 κάλλους
1396 2386 1504 2439 τῶν
1529 2385 1622 2437 τοῦ
1651 2383 1899 2454 σώματος

321 2493 426 2559 τῆς
468 2484 794 2554 Ἐκκλησίας
820 2480 1018 2554 χειρῶν
1050 2479 1219 2534 πολλὰ
1250 2479 1357 2550 χρὴ
1382 2478 1470 2532 διὰ
1497 2477 1595 2548 τῆς
1623 2477 1731 2530 τῶν
1755 2476 1902 2545 λογι-

321 2579 482 2651 σμῶν
507 2578 721 2649 τορείας
740 2572 1123 2643 ἀποξεσθῆναι,
1150 2567 1238 2625 ἵνα
1263 2571 1488 2641 γένηται
1525 2570 1558 2640 ή
1582 2569 1702 2639 χεὶρ
1729 2568 1900 2638 χρυσῆ

313 2673 399 2734 ὡς
425 2669 643 2740 ἀληθῶς
672 2669 767 2721 καὶ
799 2667 1092 2737 ἀκήρατος.
1126 2660 1352 2726 Πάντως
1385 2662 1441 2716 δὲ
1473 2659 1712 2731 πρόδηλα
1737 2657 1903 2711 πᾶσίν

321 2766 498 2825 ἐστιν,
525 2761 624 2813 ὅσα
673 2759 749 2830 μὴ
783 2755 1201 2828 περιαιρεθέντα
1241 2753 1341 2824 τῆς
1384 2752 1563 2823 χειρὸς
1607 2749 1686 2820 τῷ
1719 2749 1904 2805 κάλλει

326 2850 670 2923 λυμαίνεται,
693 2847 803 2902 οἷον
838 2848 900 2901 τὸ
920 2845 1399 2917 ἀνθρωπαρέσκον,
1429 2844 1491 2896 τὸ
1523 2840 1815 2912 φιλόδοξον,
1843 2839 1906 2893 τὸ

323 2942 642 3014 φιλοκερδὲς
660 2985 674 3008 ,
705 2940 766 2994 τὸ
801 2940 960 3011 μόνον
987 2939 1124 3009 πρὸς
1145 2939 1206 2991 τὸ
1225 2937 1543 3007 φαινόμενον
1571 2935 1813 3006 βλέπειν,
1844 2933 1907 2986 τὺ

327 3035 686 3107 περιφάνειαν
727 3049 849 3086 τινα
889 3029 1066 3101 ἑαυτῷ
1090 3030 1180 3084 διὰ
1216 3030 1325 3084 τῶν
1367 3031 1425 3082 ὲν
1457 3030 1615 3100 χερσὶ
1648 3040 1902 3099 πραγμαο

1995 1941 2284 1996 admodum
2323 1939 2465 1992 enim
2500 1937 2572 1989 illi
2602 1975 2615 1996 ,
2670 1921 2768 2005 qui
2813 1947 3052 1988 marmor
3085 1932 3151 1986 ad
3192 1932 3416 2000 figuram
3446 1933 3563 1984 ani‘

1995 2027 2166 2086 malis‘
2194 2029 2427 2097 alicuius
2464 2027 2850 2088 conformant,
2900 2037 2962 2077 ea
2999 2023 3268 2076 tornando
3307 2021 3566 2090 sculpuut

1995 2131 2050 2176 et
2081 2120 2330 2175 incidunt
2356 2117 2518 2187 lapidi
2546 2155 2559 2179 ,
2591 2117 2791 2185 quibus
2824 2114 3113 2183 amputatis
3147 2114 3211 2167 ad
3260 2113 3563 2182 exemplum

2001 2213 2255 2283 princeps
2312 2210 2668 2264 simulacrum
2720 2206 3041 2275 cllingitur:
3123 2205 3204 2260 sic
3283 2207 3446 2259 etiam
3512 2207 3565 2258 in

2003 2303 2412 2375 pulchritudine
2466 2315 2724 2355 manuum
2777 2299 3026 2371 corporis
3085 2297 3347 2354 Ecclesia:
3399 2300 3568 2353 multa

2002 2414 2100 2470 per
2130 2397 2606 2454 ratiocinationum
2657 2392 2965 2449 d'eradenda
3015 2405 3139 2448 sunt
3185 2395 3570 2455 tornationcm,

2005 2503 2063 2546 ut
2092 2505 2287 2544 manus
2319 2503 2444 2542 vere
2473 2502 2638 2540 aurea
2673 2487 2762 2539 fiat
2797 2493 2850 2540 et
2884 2500 3037 2555 pura.
3073 2483 3256 2555 Neque
3291 2500 3418 2539 vero
3451 2486 3570 2538 cui-

2004 2597 2166 2653 quam
2204 2582 2438 2634 obscura
2488 2594 2610 2633 esse
2665 2585 2932 2648 possunt,
2971 2593 3091 2646 qum
3141 2595 3248 2630 non
3289 2583 3572 2646 amputata

2005 2686 2199 2726 manus
2245 2667 2636 2740 pulchritudini
2690 2667 2958 2730 ofliciaut,
2996 2667 3145 2720 verbi
3197 2669 3408 2737 gratia,
3455 2677 3573 2722 stu-

2005 2763 2154 2816 dium
2191 2760 2435 2831 plaeendi
2462 2758 2795 2820 hominibus,
2825 2757 3075 2842 avaritia,
3105 2758 3353 2822 ambitio,
3394 2761 3570 2812 solum

2007 2853 2074 2908 ad
2109 2868 2171 2908 ea
2204 2853 2481 2922 respicere
2508 2865 2629 2920 quae
2661 2848 2764 2904 sub
2798 2851 2989 2905 oculos
3040 2848 3276 2912 cadunt,
3319 2848 3574 2917 splendoo

2010 2959 2122 3000 rem
2153 2943 2256 3000 sibi
2293 2959 2356 2998 ex
2396 2945 2558 2998 rebus
2591 2943 2950 3013 praesentibus
2976 2953 3315 3010 comparare,
3348 2939 3412 2993 ad
3439 2940 3574 2991 deli-

2010 3039 2124 3091 cias
2158 3045 2213 3091 et
2241 3037 2572 3107 voluptatem
2599 3035 2874 3107 propriam
2930 3033 3077 3088 abuti
3114 3033 3344 3087 collecto
3382 3045 3446 3086 ex
3484 3027 3576 3085 Dei

327 3126 602 3190 τεύεσθαι,
632 3125 690 3178 τὸ
719 3126 800 3188 εἰς
836 3122 1047 3194 τρυφὴν
1071 3123 1166 3174 καὶ
1193 3120 1492 3175 ἀπόλαυσιν
1528 3120 1666 3173 ἰδίαν
1693 3121 1760 3190 τῇ
1797 3118 1905 3171 τῶν

2014 3129 2269 3184 mandato
2300 3145 2478 3198 penu:
2520 3129 2718 3198 quibus
2768 3127 2987 3198 quidem
3028 3123 3300 3182 universis
3352 3133 3408 3179 et
3461 3125 3580 3194 ejus

326 3216 563 3270 ἐντολῶν
581 3213 989 3284 ἀποκεχρῆσθαι
1010 3215 1354 3284 παρασκευῇ·
1414 3211 1519 3282 χρὴ
1541 3210 1718 3264 πάντα
1736 3209 1908 3264 ταῦτα

325 3310 429 3363 καὶ
455 3308 523 3361 τὰ
563 3305 789 3360 τοιαῦτα
818 3307 932 3369 τοῖς
969 3305 1076 3360 τῶν
1110 3303 1386 3374 λογισμῶν
1429 3304 1679 3374 ὀργάνοις
1706 3302 1910 3368 ἀποξυ-

329 3398 592 3467 σάμενον,
627 3396 803 3448 ἐκεῖνο
830 3393 1147 3446 καταλιπεῖν
1178 3392 1336 3463 μόνον
1376 3391 1438 3444 τὸ
1465 3391 1702 3460 καθαρόν
1728 3407 1788 3444 τε
1818 3390 1910 3443 καὶ

327 3485 720 3556 ἐκιϐδήλευτον
767 3483 987 3554 χρυσίον
1015 3482 1115 3552 τῆς
1144 3481 1515 3553 προαιρέσεως
1533 3519 1550 3546 ,
1579 3481 1639 3534 τὸ
1663 3484 1730 3552 τῇ
1773 3482 1911 3550 ἀκη-

323 3579 486 3648 ρὰτῳ
505 3575 718 3646 κεφαλῇ
748 3573 1122 3645 ὁμοιούμενον.
1157 3572 1497 3643 Σαφέστερον
1529 3571 1576 3625 δ’
1607 3572 1673 3626 ἂν
1706 3574 1914 3641 γένοιτο

329 3672 466 3741 ἡμῖν
492 3668 557 3721 τὸ
587 3667 874 3738 λεγόμενον
891 3665 980 3719 διὰ
1005 3667 1105 3736 τῆς
1125 3663 1218 3718 τοῦ
1251 3663 1574 3716 ’Δποστόλου
1604 3665 1787 3735 φωνῆς
1809 3682 1824 3696 ο
1854 3665 1913 3728 ὃς

331 3761 530 3814 πιστὸν
550 3760 640 3812 τὸν
663 3758 794 3812 Θεὸν
820 3757 1110 3828 ὀνομάσας,
1145 3755 1298 3810 οὐδὲν
1337 3755 1464 3810 ἄλλο
1491 3757 1584 3809 καὶ
1611 3757 1670 3808 ὲν
1697 3759 1810 3820 τοῖς
1833 3757 1900 3809 οἰ-

330 3852 594 3920 κονόμοις
639 3849 822 3919 ζητεῖν
849 3847 1026 3915 ἀξιοῖ,
1069 3849 1103 3919 ἢ
1141 3848 1204 3901 τὸ
1237 3848 1430 3902 πιστὸν
1455 3846 1739 3919 εὑρεθῆναι
1766 3863 1780 3878 ο
1821 3849 1914 3900 ού-

330 3943 473 3996 τωσὶ
515 3940 733 4011 γράψας
761 3939 842 4012 τῷ
875 3940 1097 4010 ῥήματι.
1152 3940 1220 3992 "0
1257 3938 1316 3992 δὲ
1361 3939 1828 4010 λοιπὸν,ςητιῐται
1859 3943 1918 3993 ὲν

2016 3223 2230 3292 generis
2259 3222 2380 3277 aliis
2405 3236 2501 3292 per
2526 3222 2891 3276 instrumenta
2922 3220 3312 3290 cogitationum
3343 3216 3580 3283 abrasis,

2015 3315 2190 3369 solum
2223 3313 2517 3368 voluntatis
2553 3328 2746 3383 purum
2789 3311 2919 3365 illud
2964 3326 3028 3365 ac
3068 3310 3292 3365 minime
3321 3309 3579 3364 adulteri.

2018 3422 2145 3459 num
2186 3421 2380 3459 nurum
2434 3404 2848 3474 relinquentium
2879 3411 3004 3469 est,
3055 3403 3202 3474 quod
3235 3402 3584 3456 immaculato
3667 3433 3678 3442 -

2018 3497 2177 3564 capiti
2211 3505 2294 3550 est
2325 3495 2518 3554 simile.
2566 3494 2629 3548 Et
2669 3495 2833 3549 fuerit
2883 3493 3116 3548 fortasse
3156 3491 3303 3563 quod
3346 3491 3586 3547 dicimus

2019 3583 2192 3648 magis
2241 3582 2618 3652 perspicuum,
2653 3581 2700 3635 si
2751 3598 2848 3651 per
2901 3583 3126 3636 verbum
3167 3575 3298 3634 illud
3338 3581 3586 3650 Apostoli

2019 3672 2360 3726 declaretur:
2402 3672 2495 3742 qui
2545 3683 2895 3742 posteaquam
2938 3671 3106 3726 Deum
3145 3671 3354 3725 fidelem
3403 3673 3587 3740 appel—

2021 3763 2148 3816 lavit
2176 3803 2191 3824 .
2228 3763 2361 3816 nihil
2414 3763 2556 3816 aliud
2590 3763 2752 3816 etiam
2787 3763 2842 3816 in
2897 3763 2975 3816 rei
3024 3761 3308 3816 familiaris
3352 3761 3590 3815 adutini‘

2021 3855 2348 3909 stratoribu‘s
2378 3854 2630 3923 requirit,
2668 3867 2828 3923 quam
2872 3853 2946 3906 uti
2997 3853 3114 3923 quis
3149 3853 3323 3923 ﬁdelis
3355 3855 3587 3921 reperiu-

2026 3957 2110 3998 tttr
2131 3941 2195 3999 ⁸⁵.
2234 3947 2324 3999 Sic
2349 3947 2494 3999 enim
2523 3943 2588 3998 ad
2618 3946 2841 3999 verbum
2879 3946 3118 4014 scripsit.
3157 3943 3447 4013 Reliquum
3483 3954 3588 4009 est,

329 4039 453 4098 τοῖς
513 4034 844 4102 οἰκονόμοις,
884 4033 986 4086 ἵνα
1005 4031 1224 4098 πιστός
1262 4049 1352 4098 τις
1377 4030 1612 4100 εὑρεθῇ.
1655 4030 1905 4086 Οὐκοῦνέ

2025 4036 2167 4107 quod
2191 4038 2243 4091 in
2277 4037 2810 4092 administratoribus
2844 4038 2919 4092 rei
2954 4036 3239 4092 familiaris
3268 4038 3587 4106 requiritur,

335 4125 533 4188 πιστὸς
581 4123 676 4176 καὶ
725 4121 987 4193 φρόνιμος
1025 4121 1305 4192 οἰκονόμος
1348 4122 1470 4175 ἀντὶ
1514 4123 1695 4193 χειρὸς
1725 4122 1804 4176 ῶν
1850 4127 1905 4194 τῇ

2029 4143 2085 4182 ιιι
2121 4129 2246 4198 quis
2281 4128 2534 4182 nimirum
2570 4127 2743 4184 fldelis
2773 4131 3091 4201 reperiatur.
3133 4129 3314 4200 Itaque
3344 4130 3513 4185 fidelis
3537 4139 3591 4184 et

348 4215 673 4286 Ἐκκλησία,
703 4214 911 4284 χρυσῆν
946 4212 1069 4266 καθ’
1100 4213 1390 4284 ὁμοιότητα
1415 4215 1516 4286 τῆς
1541 4214 1783 4285 κεφαλῆς
1813 4215 1905 4268 δεί·

2028 4217 2266 4286 ρτυιίρηε
2303 4216 2712 4272 administrator
2745 4217 2791 4249 "
2824 4218 2899 4271 rei
2943 4217 3248 4282 familiaris,
3276 4218 3369 4288 qui
3403 4217 3594 4272 Eccle-

337 4325 502 4362 κνυσι
561 4304 662 4376 τὴν
717 4307 874 4374 χεῖρα
923 4301 1016 4356 τοῦ
1065 4301 1316 4372 σώματος
1341 4343 1358 4368 ,
1390 4304 1484 4356 τὸν
1528 4305 1689 4373 σοφὸν
1725 4304 1905 4359 ὲαυτοῐ

2029 4310 2124 4362 size
2159 4323 2353 4364 manus
2389 4315 2472 4362 est
2503 4310 2643 4370 loco,
2676 4310 2975 4378 sapientem
3013 4311 3295 4364 dominum
3331 4325 3493 4365 suum
3538 4311 3592 4364 in

330 4397 612 4467 δεσπότην
641 4394 733 4448 διὰ
772 4393 866 4446 τοῦ
903 4393 1019 4463 βίου
1058 4391 1410 4463 μιμούμενος.
1454 4395 1568 4448 Οὐκ
1590 4391 1660 4466 ἦν
1697 4395 1905 4450 τοιαύττ

2030 4400 2138 4452 vita
2179 4399 2466 4462 imitando,
2519 4415 2736 4453 manum
2773 4403 3019 4471 corporis
3064 4404 3128 4455 ad
3177 4402 3596 4458 similitudinem

339 4490 464 4558 χεὶρ
489 4489 550 4540 ὲν
573 4486 651 4557 τῷ
683 4485 790 4537 τῶν
811 4485 1122 4538 ἀποστόλων
1163 4483 1372 4553 σώματι
1403 4486 1432 4537 ὁ
1465 4481 1662 4549 Ἰούδας
1695 4489 1901 4552 ἐκεῖνος

2034 4489 2227 4559 capitis
2271 4503 2489 4542 auream
2533 4487 2729 4544 reddit.
2783 4488 2899 4545 Non
2942 4500 3059 4546 erat
3104 4492 3370 4562 ejusmodi
3401 4509 3596 4548 manus

337 4583 374 4634 ὁ
403 4580 642 4643 ἐλεεινός
673 4595 734 4632 τε
760 4579 854 4632 καὶ
886 4579 1138 4642 δείλαιος,
1171 4579 1370 4649 μᾶλλον
1405 4579 1462 4632 δὲ
1491 4579 1520 4631 ὁ
1547 4583 1813 4651 στυγητὸς
1841 4601 1905 4638 κα

2031 4581 2082 4634 in
2115 4581 2481 4650 apostolorum
2540 4597 2769 4651 corpore
2815 4581 2985 4638 Jutlas
3033 4585 3122 4638 ille
3156 4585 3504 4642 miserandus
3533 4601 3600 4640 ac

339 4673 721 4745 ἁποτρόπαιος
741 4710 758 4735 ,
787 4671 848 4735 ὃς
876 4669 1188 4740 οἰκονομίαν
1220 4669 1452 4740 πτωχῶν
1482 4674 1930 4744 πεπιστευμένος,

340 4766 446 4836 τὴν
473 4765 578 4834 τῆς
601 4762 1034 4834 φιλοχρηματίας
1059 4761 1267 4832 λέπραν
1301 4763 1401 4814 οὐκ
1433 4758 1764 4827 ἀπεξύσατοο
1792 4765 1929 4820 ἀλλὰ

341 4856 530 4927 φύλαξ
577 4854 654 4909 ῶν
689 4855 784 4909 τοῦ
836 4855 1224 4925 γλωσσοκόμου
1268 4855 1356 4911 διὰ
1383 4857 1509 4920 τοὺς
1561 4857 1891 4923 κλέπτοντας
1915 4898 1930 4925 ,

343 4944 518 5008 αὐτὸς
549 4942 747 5000 ἑαυτοῦ
787 4942 1028 5014 κλέπτης
1051 4943 1288 5010 ἐγένετο,
1322 4939 1352 4996 δ
1384 4946 1442 4998 ὲν
1464 4948 1585 5009 ταῖς
1611 4949 1798 5018 χερσὶν
1820 4945 1932 5020 εἶχε

340 5035 441 5090 διὰ
468 5035 578 5088 τῶν
609 5035 754 5088 ἰδίων
792 5035 988 5106 χειρῶν
1024 5035 1436 5108 ὑφαιρούμενος,
1461 5040 1553 5092 καὶ
1585 5041 1646 5092 οὐ
1681 5040 1814 5111 πρὸς
1837 5041 1934 5112 τὴν

345 5127 602 5197 ἐντολὴν,
642 5126 779 5180 ἀλλὰ
802 5126 938 5198 πρὸς
970 5127 1042 5180 τὰ
1069 5130 1326 5198 χρήματα
1352 5127 1563 5198 βλέπων
1587 5147 1602 5162 ο
1635 5123 1712 5184 ὧν
1735 5134 1768 5202 ἡ
1799 5131 1934 5185 ἀπό-

347 5217 552 5281 λαυσις
601 5219 819 5287 ἐγένετο
842 5233 858 5250 ο
889 5217 942 5270 τί
967 5235 984 5283 ;
1024 5219 1252 5288 Ἀγχὸνη
1279 5218 1558 5284 ἑκούσιος,
1603 5220 1747 5292 ζωῆς
1773 5222 1934 5276 ἀλλο-

343 5305 583 5374 τρίωσις
602 5346 618 5370 ,
665 5302 991 5376 πανολεθρία
1017 5305 1196 5376 ψυχῆς
1215 5346 1230 5371 ,
1282 5307 1626 5379 μνημόσυνον
1655 5308 1888 5383 πονηρὸν
1916 5351 1932 5376 ,

348 5397 524 5449 παντὶ
548 5395 629 5467 τῷ
667 5399 784 5467 μετ’
812 5391 974 5450 αὑτὸν
1002 5395 1181 5470 χρόνῳ
1210 5398 1697 5471 συνεκτεινόμενον.
1729 5399 1937 5455 Οὐκοῦν

348 5492 620 5559 τορευτὰς
647 5484 785 5544 εἶναι
821 5491 926 5563 χρὴ
958 5492 1050 5545 καὶ
1093 5491 1415 5563 διαγλύφους
1453 5493 1558 5556 τὰς
1595 5495 1812 5564 χεῖρας,
1851 5491 1936 5549 ἵνα

351 5580 817 5650 περιαιρεθέντων
837 5581 944 5636 τῶν
975 5581 1159 5636 κακῶν
1189 5581 1641 5653 συμπεφυκότων,
1669 5583 1729 5635 τὸ
1753 5583 1938 5638 λειπό-

2032 4667 2196 4721 utiser
2218 4706 2232 4729 ,
2263 4669 2345 4721 vel
2381 4669 2562 4737 potius
2597 4669 2724 4724 odio
2756 4669 2954 4742 dignus
2987 4679 3042 4726 et
3078 4673 3430 4730 exsecrabilis
3457 4717 3472 4741 ,
3508 4675 3597 4730 cui

2029 4772 2154 4811 cum
2184 4771 2316 4811 cura
2361 4768 2507 4814 esset
2545 4761 2839 4817 commissa
2879 4779 3214 4833 pauperum,
3252 4767 3496 4821 avaritia:
3526 4767 3603 4822 le-

2031 4863 2183 4917 pram
2219 4863 2327 4903 non
2367 4850 2610 4914 abrasit,
2646 4852 2739 4907 sed
2773 4862 2998 4924 propter
3031 4853 3181 4912 fures
3219 4859 3482 4929 marsupii
3509 4875 3605 4914 cu-

2036 4947 2181 5002 stos,
2221 4939 2338 5010 ipse
2388 4942 2472 4996 sui
2521 4942 2693 5012 ipsids
2730 4943 2818 4998 fur
2858 4942 3037 5001 factus
3067 4955 3171 5012 est,
3213 4947 3341 5002 dum
3370 4950 3514 5019 quod
3548 4951 3602 5003 iu

2036 5030 2287 5086 manibus
2325 5033 2441 5087 suis
2476 5032 2748 5099 habebat,
2779 5037 3020 5105 propriis
3054 5037 3308 5094 manibus
3343 5042 3600 5111 cleperct,

2035 5136 2145 5176 non
2184 5123 2249 5176 ad
2280 5121 2373 5176 Dei
2410 5123 2763 5191 mandatum,
2799 5126 2892 5181 sed
2953 5127 3213 5196 pecunias
3243 5128 3391 5197 ipsas
3426 5129 3601 5198 respi-

2035 5215 2220 5271 ciens:
2247 5215 2540 5290 ex’quibus
2558 5215 2753 5272 deinde
2785 5216 3021 5272 fructum
3053 5219 3219 5272 alium
3250 5221 3457 5274 nullum
3482 5235 3604 5289 per-

2035 5309 2200 5379 cepit,
2233 5310 2338 5364 nisi
2369 5311 2856 5380 strangulationem
2882 5349 2898 5374 ,
2932 5299 3285 5380 spontaneam
3319 5310 3602 5379 abruptio-

2037 5418 2160 5457 nem
2187 5401 2309 5456 vita:
2329 5443 2343 5467 ,
2375 5409 2584 5457 certum
2615 5403 2814 5455 animae
2839 5401 3116 5455 interitum
3142 5440 3158 5466 ,
3194 5411 3604 5456 monumentum

2039 5493 2386 5556 sceleratum,
2415 5492 2559 5562 quod
2593 5491 2810 5560 quidem
2840 5500 3102 5545 aeternum
3133 5489 3372 5545 durabit.
3398 5487 3606 5553 Quam-

2039 5583 2224 5638 obrem
2259 5599 2452 5637 manus
2484 5596 2607 5636 esse
2640 5581 2781 5634 belle
2813 5588 3058 5636 tornatas
3089 5594 3153 5635 ac
3180 5581 3422 5652 sculptas
3444 5593 3606 5648 opor-

441 5757 486 5793 ³⁸
516 5760 538 5812 ι
574 5758 704 5813 Cor.
737 5773 788 5823 v,
817 5759 907 5844 με).
985 5762 1032 5795 ¹⁶
1072 5762 1173 5819 lsa.
1209 5777 1326 5830 LIII,
1364 5765 1431 5830 9;
1467 5758 1657 5819 IPetr.
1701 5779 1760 5830 ιι,
1785 5764 1873 5818 '22.

2020 5760 2179 5818 lCor.
2213 5780 2288 5829 tv,
2307 5764 2360 5818 2.
2438 5765 2482 5796 "
2506 5762 2696 5820 Matth.
2717 5777 2863 5825 χχιιι,
2889 5761 2975 5816 45.
