3996 6196
474 344 604 402 ιοπι

1699 336 1758 392 S.
1782 332 2107 393 GREGORII
2138 328 2225 391 NY
2237 329 2431 392 SSENI

3513 331 3620 393 l1)?!

472 463 580 519 tet,
615 461 672 506 ut
707 449 1002 520 amputatis
1043 448 1110 503 iis
1159 461 1281 517 qua:
1321 445 1457 500 male
1493 445 1803 507 adhaerent,
1842 461 2036 500 aurum

2143 485 2299 539 μενον
2340 465 2536 538 χρυσὸς
2573 458 2644 536 ᾖ,
2689 461 2766 531 τῷ
2805 459 2901 534 τῆς
2945 457 3180 534 κεφαλῆς
3226 457 3392 521 κάλλει
3431 471 3552 524 κατὰ
3575 474 3627 527 τδ

471 542 744 611 supersit:
777 539 921 610 quod
951 537 1133 608 specie
1163 551 1260 590 sua
1289 537 1484 608 capitis
1517 535 1914 606 pulchritudini
1942 551 2035 589 re-

472 634 755 702 spondeat.

540 725 808 777 (lictorum
840 735 942 774 vox
976 717 1204 772 Tharsis
1248 717 1411 771 habet
1457 705 1523 770 ei
1557 730 1834 771 sacrarum
1871 713 2038 769 Litte-

472 829 654 869 rarum
707 804 1102 868 consuetudine
1151 809 1454 880 signiﬁcata
1489 808 1808 877 complura;
1862 823 2038 877 neque

471 919 686 974 semper
743 904 883 958 idem
930 901 1065 956 velle
1115 899 1562 970 deprehenditur.
1616 897 1749 952 Nam
1788 913 2037 967 saepenu-

471 1009 622 1052 mero
675 994 743 1047 ad
800 992 1057 1063 quiddam
1121 990 1520 1060 vituperabile,
1567 1004 1938 1058 saepenumero
1969 988 2037 1044 ad

473 1085 714 1141 divinum
742 1085 1034 1137 et'beatum
1064 1079 1318 1150 quiddam
1349 1079 1467 1148 ejus
1501 1078 1828 1148 signiﬁcatio
1859 1085 2038 1132 trans-

472 1174 662 1231 fertur.
697 1171 938 1241 Exempli
971 1170 1166 1238 gratia,
1195 1183 1303 1238 quo
1332 1176 1574 1237 tempore
1613 1166 1784 1223 Jonas
1823 1176 1972 1221 vates
2004 1183 2036 1222 a

470 1265 566 1320 Dei
605 1271 901 1333 conspectu
936 1261 1174 1332 fugiebat
1199 1299 1214 1323 ,
1256 1260 1435 1314 navim
1465 1267 1684 1314 euntem
1722 1260 1774 1313 in
1811 1259 2036 1314 Tharsis

470 1357 662 1426 quaerit
687 1356 753 1405 ’³.
791 1353 851 1408 Ει
891 1367 1124 1424 magnus
1147 1353 1247 1406 .ille
1272 1351 1443 1406 David
1478 1353 1574 1415 ait,
1612 1351 1824 1421 navigia
1864 1349 2037 1403 ’τίω-ι’»

471 1448 548 1502 sis
577 1463 606 1499 a
635 1445 829 1516 spiritu
861 1444 1164 1499 vehementi
1181 1443 1396 1498 conteri
1429 1443 1497 1500 ³⁰.
1530 1441 1739 1509 Quibus
1769 1443 1822 1496 in
1855 1439 2037 1497 verbis

470 1537 722 1607 spiritum
751 1536 1146 1597 vehementem,
1181 1542 1240 1588 ut
1269 1534 1522 1603 equidetn
1557 1533 1816 1598 arbitror,
1849 1531 2036 1602 appel—

470 1629 544 1684 lat
570 1644 691 1682 eum
745 1627 838 1698 qui
870 1625 1156 1697 discipulis
1194 1626 1246 1680 in
1282 1608 1570 1680 caenaculo
1599 1625 1842 1680 collectis
1871 1638 2038 1694 appa-

473 1721 578 1775 ruit
603 1759 616 1779 .
653 1733 716 1772 ac.
752 1719 928 1789 primo
961 1717 1182 1788 quidem
1219 1718 1408 1772 auditu
1444 1727 1528 1772 est
1560 1717 1844 1787 cognitus,
1880 1715 2035 1786 quasi

473 1827 640 1866 ruens
682 1811 839 1865 [latus
887 1809 1193 1872 violentus;
1237 1809 1433 1863 deinde
1483 1823 1609 1864 vero
1653 1809 1816 1862 etiam
1866 1807 2039 1861 oculis

475 1903 780 1972 patefactus
807 1908 929 1963 est,
979 1900 1287 1972 linguarum
1326 1899 1387 1953 in
1431 1899 1654 1968 ﬁguram
1699 1898 1943 1960 etlictus,
1977 1912 2041 1951 ac

473 1993 776 2064 splendenti
801 1994 940 2062 ignis
970 2002 1174 2046 natura:
1191 1990 1385 2047 similis
1415 1991 1668 2046 factus“.
1690 1991 1765 2043 Ae
1786 2006 1880 2060 per
1896 1991 2041 2045 hunc

471 2085 690 2154 quidem
715 2083 895 2136 ﬂatum
929 2083 1304 2152 multipliciter
1330 2084 1565 2135 humana
1595 2082 1644 2134 in
1670 2077 1865 2134 natura
1896 2082 2042 2134 velut

473 2180 724 2232 innatans
759 2173 1027 2228 vitiositas
1058 2162 1360 2226 conteritur
1385 2211 1398 2232 ,
1430 2187 1592 2241 quam
1642 2171 1732 2226 hic
1773 2170 2039 2239 Propheta

473 2285 638 2324 naves
673 2265 901 2320 'l‘harsis
956 2264 1266 2335 appellavit.
1327 2263 1504 2332 Atque
1564 2262 1677 2317 haec
1733 2263 2040 2334 signiﬁcata

472 2367 599 2412 sunt
623 2357 769 2411 vocis
804 2355 965 2424 hujus
989 2394 1003 2419 ,
1028 2367 1135 2423 qua
1171 2355 1407 2424 pejorem
1441 2354 1492 2406 in
1537 2363 1742 2422 partem
1784 2354 2037 2407 sumitur.

473 2449 540 2500 At
566 2462 792 2517 magnus
821 2446 911 2501 ille
943 2442 1190 2499 Ezechiel
1226 2443 1491 2497 visioiiem
1523 2444 1717 2497 oblatae
1747 2442 2041 2512 aliquando

473 2539 575 2594 sibi
604 2529 991 2608 patelactionis
1021 2535 1219 2590 divina:
1244 2535 1582 2596 describens,
1605 2536 1839 2605 speciem
1877 2537 2042 2591 unius

471 2648 537 2688 ex
569 2630 772 2685 divinis
817 2629 926 2685 illis
967 2627 1198 2699 spectris
1246 2627 1348 2681 hac
1402 2641 1534 2682 voce
1582 2627 1874 2696 exprimit,
1906 2643 2040 2681 oqu

473 2725 581 2780 ait:
620 2724 691 2778 Et
717 2723 908 2792 species
940 2720 1052 2791 ejus
1080 2759 1094 2784 ,
1127 2720 1279 2790 quasi
1318 2721 1510 2788 species
1562 2719 1779 2772 TJtarsis
1809 2719 1871 2772 ”.
1907 2719 2043 2772 Tra-

472 2817 820 2872 dunt-aul‘em
855 2814 963 2878 illi,
1001 2811 1096 2883 qui
1129 2822 1384 2866 accurate
1422 2827 1612 2866 vocum
1647 2812 2040 2868 Ilebraicarum

472 2913 580 2963 vim
610 2917 958 2978 perspectam
995 2905 1238 2968 habent,
1279 2903 1334 2957 in
1397 2903 1498 2956 hac
1550 2903 1694 2956 illius
1739 2905 2042 2972 prophetia:

475 3014 630 3072 parte
650 3015 756 3070 .per
783 2997 1106 3054 vocabulum
1133 2996 1238 3050 hoc
1278 2993 1574 3064 signiﬁcari
1611 2995 1868 3062 quiddam
1897 2996 2041 3064 quod

2137 553 2273 622 εἶδος
2303 556 2632 628 συμϐαίνων.

2216 732 2279 785 Ἢ
2311 731 2368 785 δὲ
2403 729 2495 784 τοῦ
2541 730 2773 803 Θαρσεῖς
2813 727 2957 792 λέξις
2997 726 3292 797 πολύσημός
3333 730 3462 783 ἐστιν
3492 734 3540 785 ἐν
3575 733 3628 804 τῇ

2135 825 2378 894 γραφικῇ
2407 822 2664 892 συνηθείᾳ
2681 861 2695 884 ,
2728 820 2873 874 κατὰ
2900 819 2995 889 τῆς
3026 819 3189 888 αὐτῆς
3210 818 3425 884 διανοίας
3446 821 3498 873 ού
3523 823 3632 876 πάν.

2133 932 2254 968 τοτε
2284 912 2664 984 εύρισκομένη’
2697 911 2830 965 ἀλλά
2859 909 3115 972 πολλάκις
3139 909 3232 979 μὲν
3253 908 3377 980 πρὸς
3401 910 3455 962 τὸ
3477 927 3634 978 κατεγ-

2137 1004 2432 1074 νωσμένον,
2467 1001 2730 1065 πολλάκις
2758 1001 2815 1054 δὲ
2855 999 2991 1070 πρὸς
3029 997 3090 1051 τὸ
3120 997 3254 1051 θεῖόν
3281 1014 3335 1050 τε
3375 999 3458 1053 καὶ
3495 1000 3635 1069 μακά-

2141 1111 2253 1164 ριον
2294 1096 2326 1163 ὴ
2373 1092 2620 1162 σημασία
2662 1088 3152 1160 μεταλαμϐάνεται.
3190 1087 3313 1139 Ὅτε
3351 1085 3516 1154 φεύγει
3552 1087 3637 1140 ἀπὸ

2137 1180 2430 1252 προσώπου
2458 1180 2551 1234 τοῦ
2576 1180 2710 1233 Θεοῦ
2749 1180 2931 1240 Ἰωνᾶς
2961 1179 2990 1229 6
3015 1177 3310 1246 προφήτης,
3332 1172 3468 1244 ζητεῖ
3494 1175 3638 1227 πλοῖον

2137 1272 2228 1323 ἐπὶ
2255 1273 2484 1342 Θαρσεῖς
2513 1268 2892 1340 πορευόμενον.
2924 1267 3036 1319 Καὶ
3071 1267 3099 1318 6
3131 1265 3295 1335 μέγας
3332 1264 3476 1317 Δαὸὶδ
3496 1264 3640 1317 πλοῖον

2137 1365 2369 1436 Θαρσεῖς
2417 1362 2572 1433 βιαίῳ
2605 1361 2873 1432 πνεύματι
2918 1358 3064 1426 λέγει
3097 1355 3470 1427 συντρίϐεσθαι.
3497 1355 3641 1408 Βίαιον

2137 1453 2354 1523 πνεῦμα
2377 1454 2444 1506 δὲ
2459 1453 2610 1523 οἶμαι
2637 1450 2910 1518 λέγεσθαι.
2938 1449 2998 1501 τὸ
3017 1449 3128 1510 τοῖς
3153 1446 3403 1517 μαθηταῖς
3429 1444 3644 1512 ἐπιφανὲν

2135 1549 2248 1609 τοῖς
2283 1547 2339 1598 ἐν
2371 1544 2447 1614 τῷ
2491 1541 2724 1614 ὑπερῴῳ
2753 1540 3205 1609 συνειλεγμένοις,
3240 1537 3266 1588 ὃ
3307 1536 3542 1607 πρότερον
3569 1535 3646 1603 μὲν

2137 1637 2203 1690 δι’
2224 1637 2389 1706 ἀκοῆς
2408 1631 2778 1706 προεΥνὼσθη,
2791 1630 2978 1699 ὥσπερ
2999 1625 3296 1698 φερομένης
3313 1627 3468 1708 πνοῆς.
3484 1622 3648 1693 βιαίας,

2142 1728 2280 1799 μετὰ
2315 1728 2490 1781 ταῦτα
2531 1727 2587 1780 δὲ
2627 1727 2722 1779 καὶ
2752 1721 3190 1792 τοῖς-ὀφθαλμοῖς
3238 1718 3560 1791 ἐφανερώθη,
3588 1718 3651 1778 εἰς

2127 1819 2399 1886 «γλωσσῶν
2444 1817 2629 1887 σχῆμα
2681 1832 2746 1866 τυ
2757 1813 3013 1882 νοούμενον
3035 1850 3050 1874 ,
3081 1811 3191 1863 καὶ
3253 1812 3316 1879 τῇ
3359 1808 3651 1877 ἐκλαμπτικῇ

2141 1909 2299 1980 φύσει
2333 1908 2424 1962 τοῦ
2461 1907 2631 1978 πυρὸς
2672 1903 3044 1974 ὁμοιούμενον,
3075 1901 3147 1953 δι’
3187 1893 3246 1952 οὗ
3290 1897 3592 1968 συντρίϐεται
3625 1897 3652 1964 ἡ

2141 1999 2471 2070 πολυσχιδῶς
2521 1995 2922 2059 ἐπιπολάζουσα
2953 1995 3018 2062 τῇ
3057 1989 3368 2070 ἀνθρωπίνῃ
3401 1987 3540 2055 φύσει
3561 2002 3653 2037 ικα-

2139 2094 2250 2156 κία,
2393 2093 2551 2144 πλοῖα
2589 2089 2818 2160 Θαρσεῖς
2843 2087 2872 2138 ὁ
2903 2066 3197 2156 Προφήτης
3234 2081 3482 2151 ὠνόμασε.
3507 2077 3656 2131 Ταῦτα

2143 2185 2241 2253 μὲν
2275 2180 2366 2236 οὖν
2399 2186 2516 2234 ἐστι
2550 2181 2616 2234 δι’
2653 2174 2728 2232 ὧν
2757 2177 2834 2248 τῷ
2863 2177 3088 2244 ὀνόματι
3129 2161 3298 2243 τούτῲ
3327 2172 3388 2224 τὰ
3414 2170 3560 2240 χείρω
3581 2185 3656 2237 ση-

2144 2272 2408 2343 μαίνεται.
2454 2272 2512 2324 '0
2533 2271 2590 2324 δὲ
2621 2272 2791 2340 μέγας
2826 2265 3082 2338 Ἰεζεκιὴλ
3115 2267 3194 2328 εἰς
3215 2261 3511 2333 ὑπογραφὴν
3539 2261 3658 2326 ἄγων

2139 2365 2237 2435 τῆς
2274 2363 2570 2434 γενομένης
2612 2361 2762 2431 αύτῷ
2800 2358 3116 2428 Θεοφανείας
3150 2357 3246 2428 τὴν
3284 2352 3541 2413 ὀπτασίαν,
3567 2349 3658 2410 ἐνὸς

2139 2460 2249 2513 τῶν
2274 2459 2432 2512 θείων
2475 2458 2763 2529 θεαμάτων
2792 2457 2853 2509 τὸ
2880 2451 3020 2518 εἶδος
3055 2457 3125 2524 τῇ
3158 2453 3296 2517 λέξει
3329 2449 3486 2503 ταῦτα
3514 2445 3660 2511 διαση·

2145 2550 2322 2622 μαίνει
2352 2549 2671 2618 λέγων’Καὶ
2701 2543 3148 2613 τὸεῖδοςιιὺτοῦ
3167 2545 3243 2610 ὼς
3256 2543 3402 2607 είδος
3432 2535 3661 2607 Θαρσεῖςο

2142 2641 2280 2692 Φασὶ
2321 2638 2377 2691 δέ
2407 2639 2456 2690 οί
2485 2637 2551 2690 δι’
2577 2636 3020 2713 ’ἀκριϐείαςσξτῶν
3065 2631 3366 2704 Ἑϐραϊκῶν
3390 2629 3566 2693 λέξεων
3586 2624 3666 2685 τὰς

2142 2730 2406 2800 ἐμφάσεις
2429 2727 2842 2797 ἐπεσκεμμένοι,
2874 2726 2934 2778 τὸ
2957 2722 3370 2796 ἀχρωμάτιστον
3387 2739 3445 2773 -τε
3471 2719 3550 2772 καὶ
3568 2730 3667 2782 νοη-

2141 2821 2232 2874 τὸν
2271 2820 2363 2874 καὶ
2387 2801 2672 2889 ἀσώματον
2701 2818 2788 2871 διὰ
2815 2821 2913 2888 τῆς
2932 2817 3133 2883 λέξεως
3160 2816 3358 2884 ταύτης
3395 2813 3448 2865 ἐν
3473 2813 3531 2880 τῇ
3556 2822 3665 2876 προ-

2145 2911 2341 2982 φητείᾳ
2364 2908 2745 2980 σημαίνεσθαι.
2785 2908 2988 2978 Ἀπλῆς
3014 2907 3200 2960 τοίνυν
3228 2905 3385 2974 οὔσης
3404 2907 3456 2957 ἐν
3477 2903 3535 2970 τῇ
3554 2896 3667 2960 λέξει

2142 3005 2240 3073 τῆς
2273 3002 2565 3074 σημασίας,
2615 3001 2799 3072 ἐπειδὴ
2838 2999 3102 3071 πρόδηλόν
3147 3003 3312 3063 ἐστιν,
3348 2999 3428 3050 ὃτι
3477 2993 3594 3065 πρὸς
3621 2989 3670 3042 τὺ

473 3090 719 3144 colorum
773 3095 827 3142 et
874 3085 1121 3157 corporis
1155 3085 1225 3138 sit
1254 3099 1468 3154 expers,
1502 3098 1565 3138 ac
1605 3085 1804 3139 mentis
1844 3085 2040 3138 intelli-

2146 3095 2395 3164 κρεῖττον
2423 3092 2517 3147 νῦν
2540 3092 2859 3163 παρελήφθη
2889 3091 2948 3145 τὸ
2969 3091 3178 3162 ταύτης
3195 3092 3291 3162 τῆς
3311 3088 3481 3159 φωνῆς
3503 3099 3670 3154 σημαι-

473 3183 653 3252 gentia
687 3187 896 3234 tantum
945 3178 1306 3248 percipiatur.
1347 3177 1480 3230 Cum
1527 3192 1658 3246 ergo
1715 3176 1911 3246 duplex
1971 3178 2042 3231 sit

471 3272 624 3325 vocis
661 3269 824 3338 hujus
856 3269 1242 3337 signiﬁcatum,
1267 3277 1320 3320 et
1348 3282 1475 3320 vero
1491 3267 1678 3322 cuivis
1706 3276 1910 3336 pateat,
1936 3284 2044 3322 me-

471 3364 662 3416 liorem
701 3360 756 3413 in
795 3369 998 3430 partem
1039 3357 1126 3412 hic
1175 3372 1293 3412 eam
1325 3357 1498 3428 accipi
1533 3357 1674 3428 (non
1704 3358 1848 3413 enim
1881 3374 2043 3413 usur-

473 3454 588 3524 pari
620 3459 828 3522 poterat
859 3453 912 3506 in
944 3450 1218 3515 encomio,
1243 3461 1519 3521 quatenus
1555 3465 1668 3506 rem
1706 3452 2042 3521 vituperabi-

473 3546 577 3600 lem
610 3545 806 3614 notat),
829 3541 963 3598 ordo
993 3543 1233 3613 postulat
1264 3552 1322 3597 ut
1351 3542 1452 3596 hoc
1477 3541 1589 3612 jam
1629 3541 2043 3598 consideremus

475 3639 529 3692 in
565 3637 818 3692 manibus
862 3650 983 3706 qua:
1015 3634 1300 3689 laudantur
1341 3632 1641 3688 :nimirum
1681 3633 1825 3703 quod
1851 3641 2046 3703 sponte

473 3745 573 3784 sua
626 3729 782 3798 quasi
826 3727 1094 3782 tornando
1131 3725 1347 3782 detritis
1379 3725 1666 3787 omnibus,
1705 3740 2044 3796 quarcunque

475 3835 882 3891 supervacanea
914 3826 969 3873 et
1002 3831 1262 3886 corporea
1297 3817 1350 3870 in
1377 3815 1458 3871 eis
1493 3825 1650 3870 erant
1672 3857 1687 3881 ,
1723 3816 1790 3871 ad
1838 3823 2043 3872 sortem

473 3913 714 3967 divinam
736 3925 800 3965 ae
829 3917 1007 3966 mente
1042 3916 1250 3962 tantum
1277 3907 1820 3976 comprehensibilem
1857 3916 2043 3962 trans-

476 4013 642 4058 eant:
680 4002 830 4055 enini
864 4013 1052 4055 crassa
1113 4008 1163 4053 et
1197 3999 1344 4069 gravi
1389 4015 1518 4068 erga
1570 4014 1659 4053 res
1703 3998 1827 4054 vita:
1881 3999 2044 4067 hujus

477 4091 762 4148 all'ectione
807 4105 1057 4146 excussa.
1093 4088 1266 4156 Quale
1311 4089 1568 4158 quiddam
1608 4089 1845 4158 lapidum
1899 4090 2045 4145 scul-

478 4194 662 4256 ptorcs
710 4184 764 4238 in
832 4197 1010 4236 massa
1065 4179 1411 4251 smaragdina
1457 4179 1669 4234 eﬁieere
1722 4178 2041 4249 praedicant.

480 4276 688 4340 Etenim
715 4289 780 4328 eo
805 4313 820 4336 ,
871 4271 1015 4342 quod
1043 4271 1282 4326 lucidum
1339 4284 1444 4324 non
1476 4279 1594 4335 est,
1627 4271 1722 4325 sed
1763 4277 2042 4334 terrestre,

2146 3184 2370 3254 νόμενον
2389 3200 2403 3214 ·
2435 3183 2496 3236 ού
2523 3183 2632 3254 γὰρ
2657 3183 2720 3237 ἄν
2749 3200 2832 3246 τις
2863 3183 3079 3236 ἔπαινον
3121 3182 3447 3252 ἐλαμϐάνετο
3472 3178 3527 3228 τὸ
3545 3171 3670 3227 ὑπαί·

2145 3289 2290 3326 τιον·
2325 3272 2614 3326 ἀκόλουθον
2646 3272 2712 3326 ἄν
2749 3273 2834 3342 εἴη
2872 3273 3029 3326 τοῦτο
3065 3273 3200 3345 περὶ
3231 3271 3338 3324 τῶν
3375 3263 3674 3337 ἐγκωμιαξο’

2151 3362 2326 3433 μένων
2375 3363 2624 3433 ἐννοῆσαι
2673 3361 2904 3432 χειρῶνο
2947 3363 3028 3415 ὅτι
3082 3360 3329 3432 ἀκριϐῶς
3373 3357 3458 3427 ἀφ’
3503 3352 3674 3409 ἑαυτῶν

2150 3454 2258 3506 πᾶν
2302 3453 2363 3505 τὸ
2402 3453 2656 3524 περιττόν
2685 3470 2744 3505 τε
2783 3453 2877 3506 καὶ
2918 3453 3253 3524 σωματῶδες
3290 3447 3675 3521 ἀποτορεύσασαι

2151 3543 2286 3614 πρὸς
2313 3542 2374 3596 τὸ
2400 3543 2541 3596 θεῖόν
2569 3559 2629 3594 τε
2657 3543 2748 3595 καὶ
2768 3543 2955 3616 vna-6v
2985 3543 3388 3613 μεταϐαίνουσι,
3416 3540 3507 3610 τὴν
3527 3534 3674 3602 ὑλώδη

2150 3635 2328 3686 πᾶσαν
2353 3633 2446 3685 καὶ
2471 3632 2694 3704 βαρεῖαν
2724 3634 2852 3704 περὶ
2881 3633 2949 3686 τὰ
2974 3633 3281 3704 πράγματα
3310 3631 3483 3702 σχέσιν
3505 3629 3677 3680 ἐκτιναε

2150 3727 2410 3798 ξάμεναιο
2447 3723 2558 3780 οἶόν
2590 3727 2643 3780 τί
2675 3743 2806 3796 φασι
2829 3726 2922 3780 καὶ
2948 3725 3039 3778 ἐπὶ
3065 3727 3172 3797 τῆς
3208 3723 3563 3797 σμαραγδίνης
3593 3715 3677 3787 βώ-

2150 3818 2242 3871 λου
2271 3820 2396 3881 τοὺς
2434 3818 2788 3888 λιθογλύφους
2829 3817 3178 3889 ἐργάζεσθαι.
3224 3819 3298 3873 Τὸ
3340 3816 3443 3887 γὰρ
3478 3809 3678 3880 ἀφεγγὲς

2150 3911 2244 3964 καὶ
2276 3911 2476 3978 γεῶδες
2517 3909 2606 3964 διὰ
2640 3910 2741 3980 τῆς
2777 3910 2979 3979 ἀκόνης
3027 3907 3491 3980 ἐκδαπανήσαντες
3519 3920 3571 3955 τε
3605 3897 3677 3952 καὶ

2149 4003 2517 4072 ἀποψέξαντες
2540 4043 2554 4066 ,
2585 4003 2760 4056 ἐκεῖνο
2795 4001 2954 4072 μόνον
2983 4003 3406 4056 καταλείπουσιν
3442 3995 3679 4058 ἀδαπάνη·

2149 4111 2258 4156 τον,
2283 4085 2328 4160 ᾧ
2349 4093 2564 4164 καθαρά
2586 4093 2644 4146 τέ
2667 4110 2751 4156 τις
2773 4093 2937 4163 αὐγὴ,
2963 4093 3164 4164 χλοερά
3199 4111 3260 4146 τε
3287 4094 3398 4163 ἅμα
3422 4090 3507 4142 καὶ
3531 4083 3678 4137 ἐλαιᾶ-

2151 4183 2339 4248 ζουσα.
2362 4186 2540 4256 Ὅπερ
2565 4202 2655 4254 μοι
2677 4184 2822 4237 δοκεῖ
2841 4185 3171 4255 σαφέστερον
3193 4183 3500 4256 ἑρμηνεύων
3525 4181 3549 4232 6
3569 4178 3680 4236 θεῖος

2164 4276 2503 4341 Ἀπόστολος,
2547 4276 2704 4330 τοῦτο
2729 4276 3117 4348 συμϐουλεύειν
3157 4278 3215 4330 ἐν
3239 4295 3345 4330 τινι
3384 4274 3487 4328 τῶν
3515 4265 3678 4324 ἑαυτοῦ

480 4378 576 4434 per
623 4372 800 4416 cotem
848 4362 1137 4429 absumpto
1173 4367 1225 4414 et
1262 4358 1461 4413 detrito
1485 4400 1502 4426 ,
1535 4360 1709 4414 solum
1744 4361 1847 4414 hoc
1879 4360 2040 4414 relin-

2153 4367 2346 4436 λόγων,
2386 4368 2468 4420 ὅτι
2496 4367 2601 4438 χρὴ
2633 4367 3100 4432 ἀποσκευάζεσθαι
3146 4369 3246 4440 τὴν
3286 4368 3414 4439 περὶ
3443 4366 3506 4417 τὰ
3532 4358 3682 4432 φαινό-

479 4464 677 4522 οιιιιιιιι,
719 4453 771 4507 in
803 4469 913 4522 quo
940 4452 1196 4522 splendor
1235 4450 1454 4521 quidam
1484 4451 1678 4507 viridis
1706 4459 1760 4506 et
1787 4451 1918 4507 olea:
1946 4467 2040 4507 co-

2157 4474 2292 4528 μενα
2333 4457 2536 4525 σχέσιν,
2595 4457 2730 4527 πρὸς
2764 4457 2828 4509 δὲ
2874 4457 2934 4510 τὸ
2974 4457 3207 4527 ἀόρατον
3247 4459 3369 4519 ταῖς
3409 4448 3682 4519 ἐπιθυμέως

482 4549 650 4601 Iorem
680 4543 926 4600 reTerens
956 4544 1313 4614 conspicitur.
1347 4543 1524 4612 Atque
1551 4543 1692 4598 hanc
1741 4543 1793 4597 in
1824 4550 2040 4598 senten-

2151 4550 2348 4619 ὁρμᾷν.
2375 4547 2471 4614 Μὴ
2513 4549 2907 4602 σκοπούντων
2943 4549 3052 4618 γὰρ
3081 4549 3273 4618 ἡμῶν,
3297 4547 3447 4618 φησὶ,
3476 4544 3539 4598 τὰ
3560 4541 3682 4606 ,ϐλε-

481 4637 614 4690 tiam
645 4635 751 4690 dici
777 4633 1034 4705 quiddam
1088 4633 1218 4687 mihi
1259 4632 1473 4687 videtur
1507 4631 1774 4686 illustrius
1803 4633 1870 4686 ab
1899 4632 2040 4702 Apo-

2150 4640 2402 4707 πόμενα,
2445 4637 2605 4692 ἀλλὰ
2631 4641 2707 4691 τὰ
2733 4639 2818 4707 μὴ
2839 4638 3207 4707 βλεπόμενα.
3253 4640 3328 4692 Τὰ
3367 4637 3473 4706 γὰρ
3488 4628 3681 4699 ,ϐλεπό-

483 4728 646 4789 stolo,
678 4725 997 4780 consulente
1024 4724 1260 4796 quodam
1294 4723 1349 4778 in
1399 4723 1791 4778 commentario
1820 4737 1920 4777 suo
1943 4763 1958 4788 ,
1988 4731 2040 4777 ut

2143 4744 2299 4798 μενα
2333 4729 2708 4797 πρόσκαιραο.
2730 4729 2802 4782 τὰ
2835 4727 2904 4780 δὲ
2939 4726 3026 4797 μὴ
3064 4729 3420 4798 βλεπόμενα
3437 4767 3452 4792 ,
3493 4721 3679 4780 alterm.

483 4832 860 4875 removeamus
899 4816 1237 4871 aﬂ‘ectionetn
1293 4831 1420 4885 erga
1479 4828 1566 4868 res
1624 4812 1728 4868 sub
1765 4820 2040 4882 aspectum

2153 4817 2339 4871 Ταῦτα
2372 4819 2469 4888 μὲν
2496 4815 2590 4873 οὖν
2615 4821 2674 4872 ἐν
2708 4817 2786 4888 τῷ
2809 4819 3016 4888 ἐπαίνῳ
3029 4818 3150 4871 *τῶν
3173 4818 3377 4889 χειρῶν
3404 4814 3681 4884 ἐνοήσαμενι

483 4911 776 4973 cadentes,
827 4917 881 4963 et
929 4908 994 4962 ad
1038 4908 1091 4962 id
1123 4907 1270 4977 quod
1321 4907 1470 4963 cerni
1527 4905 1716 4973 nequit
1763 4902 2040 4957 desideriis

2155 4908 2271 4970 πῶς
2299 4907 2401 4977 τῆς
2444 4907 2675 4972 ὑλώδους
2713 4907 3084 4978 προσπαθείας
3117 4907 3547 4980 ἐκτορευθεῖσαι,
3571 4896 3682 4965 ἀκήδ

483 4998 652 5055 animi
680 4996 1076 5052 contendamus
1117 5037 1129 5049 .
1177 4993 1242 5048 Ut
1277 5012 1378 5048 non
1411 5005 1720 5066 spectemus,
1757 4993 1956 5063 inquit,
1988 5009 2040 5048 ea

2158 5014 2309 5067 ρατοι
2341 4999 2596 5066 γίνονται,
2628 4999 2762 5069 πρὸς
2783 4999 2844 5052 τὸ
2875 4987 3036 5052 iam
3061 5017 3118 5053 τε
3150 5000 3247 5052 καὶ
3276 4998 3461 5070 νοητὸν
3490 4986 3686 5048 ἀλλοιού-

483 5107 599 5161 qua:
631 5096 946 5148 cernuntur,
977 5085 1066 5140 sed
1099 5100 1213 5154 quae
1262 5101 1363 5138 non
1403 5096 1708 5139 cernuntur.
1753 5083 1897 5138 Nam
1934 5100 2040 5155 qua

2159 5105 2315 5158 μεναι
2338 5088 2425 5142 διὰ
2445 5089 2540 5158 τῆς
2569 5089 2959 5159 προαιρέσεως.
2984 5090 3185 5159 Χεῖρες
3207 5086 3510 5163 γὰραὺτοῦ
3522 5095 3683 5151 τορευ-

484 5183 579 5238 sub
633 5180 812 5236 oculos
857 5178 1085 5241 cadunt,
1139 5185 1499 5230 momentauea
1546 5186 1667 5230 sunt
1715 5191 1734 5228 :
1783 5192 1898 5245 qua:
1949 5192 2040 5230 non

2154 5180 2267 5244 τιιὶ,
2297 5180 2448 5250 φησι,
2471 5179 2711 5248 χρυσαῖ,
2735 5183 3187 5252 πεπληρωμέναι
3207 5181 3466 5251 θαρσεῖς.

486 5284 792 5338 cernuntur,
823 5287 1016 5326 (eterna
1047 5268 1114 5324 ⁸⁸.
1163 5266 1286 5322 Hart:
1331 5268 1494 5338 igitur
1547 5268 1601 5321 in
1655 5267 1756 5324 hoc
1807 5283 2062 5328 manuum
2106 5273 2360 5325 encomio
2401 5288 2431 5325 a
2486 5272 2644 5328 nobis
2675 5274 3026 5328 considerata
3056 5283 3255 5341 sunto,
3285 5289 3396 5345 quo
3426 5276 3572 5343 pacto
3603 5264 3683 5318 illi

488 5369 557 5421 ab
587 5365 875 5420 alTectione
895 5377 1021 5432 erga
1047 5376 1134 5415 res
1165 5375 1382 5415 crassas
1411 5362 1682 5432 expolitae,
1709 5377 1856 5430 pune
1910 5362 2038 5416 ﬁant
2076 5380 2090 5416 :
2131 5379 2227 5433 per
2265 5365 2572 5420 institutum
2607 5367 2771 5421 anitni
2819 5368 2887 5420 ad
2938 5376 3138 5424 sortem
3168 5381 3478 5424 crassarum
3537 5374 3682 5416 rerum

487 5451 1043 5531 expertennqureque
1073 5465 1250 5513 mente
1281 5465 1490 5512 tantum
1527 5459 1858 5529 percipitur,
1889 5469 2260 5516 commutatae.
2330 5463 2523 5518 Manus
2555 5464 2723 5531 etaim,
2788 5465 2996 5534 inquit,
3035 5466 3180 5520 illius
3251 5465 3471 5530 tortiles,
3521 5467 3683 5512 aurem

488 5559 654 5625 plena:
688 5553 931 5608 'I'Itarst's.
1003 5546 1014 5558 ί

561 5735 608 5766 ι’
629 5729 753 5786 Jon.
798 5749 834 5798 ι,
865 5732 899 5787 5
929 5744 1051 5805 sqq.
1125 5731 1168 5763 ³ο
1195 5729 1340 5786 Ps;il.
1373 5745 1540 5800 ιιινιι,
1571 5730 1660 5788 50.
1737 5732 1778 5763 ³³
1809 5730 1928 5786 Aet.
1957 5745 2018 5799 ιι,

2143 5773 2144 5781 χ
2226 5733 2268 5765 θ’
2296 5731 2490 5790 Ezech.
2523 5732 2670 5796 1.16.
2746 5731 2794 5765 ³³
2829 5730 2874 5787 ll
2893 5731 3020 5790 Cor.
3063 5749 3134 5790 tv.
3171 5730 3258 5786 18.
