3996 6196
356 238 493 296 11075

1365 237 1433 295 lN
1469 238 1764 298 omnes
1803 215 2073 295 murtei
2118 188 2399 295 tioium
2441 239 2578 296 xw.

3460 243 3596 300 1074

429 351 749 409 ’Δκόλουθον
776 353 822 408 δ’
862 354 930 410 ἂν
954 353 1039 426 εἴη
1066 344 1160 410 καὶ
1194 354 1285 409 τὸν
1314 354 1510 428 ἐφεξῆς
1532 356 1688 426 λόγον
1715 357 1927 412 διασκοο

2099 351 2255 410 Nunc
2283 354 2424 410 ratio
2455 352 2613 410 seriei
2646 352 2840 423 poscit,
2874 360 2934 408 ut
2966 367 3087 424 qua:
3120 367 3286 424 porro
3310 351 3378 410 de
3409 365 3598 411 ventre

353 446 547 515 αῆσαι,
595 445 654 499 δν
695 445 822 517 περὶ
854 447 954 516 τῆς
991 446 1200 510 κοιλίας
1245 448 1557 518 πεποίηται.
1609 447 1760 518 Ἔχει
1799 445 1858 500 δέ
1893 447 1926 517 ὴ

351 538 494 603 λέξις
511 536 708 602 οὕτως·
728 538 938 593 Κοιλία
958 537 1146 592 αὑτοῦ
1166 537 1386 603 πυξίον
1417 537 1809 608 ἐλεφάντινον
1829 537 1928 590 ἐπὶ
1960 595 1963 598 _

351 630 526 683 λίθου
563 629 922 699 σάπφειρον.
959 630 1088 682 Ὅτε
1111 628 1188 700 τῷ
1219 631 1426 701 Μωῦσῇ
1448 630 1538 683 τὸν
1561 633 1678 694 ταῖς
1700 630 1926 692 λιθίναις

350 719 555 783 δέλτοις
579 721 989 792 ἐγχαραχθέντα
1011 722 1173 791 νόμον
1224 723 1252 775 ό
1281 726 1378 793 τῆς
1402 721 1616 791 φύσεως
1644 721 1826 775 δίδωσι
1849 738 1928 773 νο-

356 811 608 880 μοθέτης,
662 810 827 877 πυξία
863 810 1041 864 λίθινα
1079 811 1180 875 τὰς
1233 811 1444 876 πλάκας
1478 811 1783 882 ὠνόμασεν,
1845 812 1929 874 οἷς

350 900 664 972 ἐνετυπὼθη
699 902 767 955 τὰ
794 901 913 956 θεῖα
946 903 1278 973 χαράγματα
1303 917 1320 935 ο
1357 902 1530 965 οὓτως
1565 903 1807 965 εἰπόντος
1833 900 1926 954 τοῦ

352 992 490 1063 πρὸς
527 991 617 1044 τὸν
657 993 896 1047 Μωῦσέα
945 993 1074 1065 περὶ
1111 993 1290 1047 αὐτῶν
1327 993 1766 1064 χρηματίσαντος
1793 1008 1806 1022 ·
1846 993 1926 1046 ὅτι

364 1083 629 1150 Ἀνάὅηθι
671 1083 817 1152 πρὸς
857 1085 934 1153 μὲ
953 1087 1040 1151 είς
1075 1085 1142 1139 τὸ
1172 1085 1343 1152 ὅρος,
1380 1085 1480 1138 καὶ
1503 1085 1627 1138 ἴσθι
1651 1083 1796 1148 ἐκεῖ,
1829 1083 1928 1138 καὶ

350 1172 523 1227 δώσω
572 1174 671 1228 σοὶ
705 1175 777 1228 τὰ
822 1176 1008 1240 πυξιά
1058 1176 1130 1229 τὰ
1163 1178 1393 1240 λίθινα,
1439 1176 1546 1229 τὸν
1591 1177 1780 1244 νόμον
1829 1175 1927 1228 καὶ

350 1261 455 1327 τὰς
501 1262 772 1328 ἐντολάς.
828 1262 983 1316 Μετὰ
1033 1263 1220 1315 ταῦτα·
1262 1263 1355 1326 δὲ,
1417 1261 1600 1333 ἐπειδὴ
1645 1263 1706 1317 τὸ
1746 1281 1926 1332 σωμα-

348 1350 503 1402 τικὸν
561 1351 653 1403 καὶ
707 1349 904 1418 γεῶδες
935 1351 1244 1416 άπεξύσατο
1289 1350 1376 1402 διὰ
1411 1351 1510 1420 τῆς
1556 1352 1928 1421 Εὑαγγελικῆς

351 1443 647 1511 σαφηνείας
687 1444 715 1496 ό
741 1444 900 1512 νόμος
927 1458 938 1470 ·
979 1442 1162 1496 οὐκέτι
1205 1442 1400 1494 λίθινον
1428 1443 1487 1494 τὸ
1519 1441 1806 1512 δεχόμενον
1849 1444 1918 1496 τά

349 1533 652 1603 γράμματα
691 1533 880 1596 πυξίον
933 1533 1114 1587 ἐστίν’
1152 1533 1264 1586 ἀλλ’
1319 1534 1382 1585 ἐκ
1426 1533 1519 1586 τοῦ
1574 1533 1830 1605 λαμπροῦ
1864 1552 1924 1588 τε

348 1624 445 1677 καὶ
491 1624 772 1690 νεοξύστου
823 1623 1128 1693 ἐλέφαντος.
1176 1624 1256 1676 Τὸ
1293 1624 1402 1694 γὰρ
1432 1624 1677 1678 δεκτικὸν
1703 1625 1811 1678 τῶν
1845 1628 1929 1679 ὲν-

2026 455 2364 518 sequuntur,
2399 445 2815 517 perspiciamus.
2873 445 3014 500 Sunt
3052 455 3232 500 autem
3280 446 3596 516 hujusmodl

2025 539 2185 592 verba
2214 553 2227 590 :
2246 536 2432 593 Venter
2455 538 2568 608 ejus
2594 537 2784 592 tabella
2805 537 3029 592 eburnea
3049 537 3102 590 in
3126 537 3299 606 lapide
3320 539 3594 607 sapphiro.

2027 626 2148 694 Quo
2176 637 2419 699 tempore
2455 630 2732 700 legislator
2765 638 2974 683 natura:
2998 630 3326 701 insculptam
3367 631 3596 701 lapideis

2028 718 2228 773 tabulis
2255 719 2425 788 legem
2463 719 2595 776 Mosi
2627 719 2874 782 tradidit,
2915 719 3036 773 illas
3067 721 3216 790 ipsas
3256 721 3469 776 tabulas
3502 737 3598 790 ap-

2028 809 2246 878 pellavit
2272 810 2511 878 lapideas
2551 811 2797 871 tabellas.
2831 809 3034 880 quibus
3059 810 3224 864 divini
3251 810 3598 867 characteres
3645 851 3650 856 ρ

2027 899 2286 970 insculpti
2324 909 2480 956 erant
2505 902 2570 956 ³⁸.
2607 901 2698 956 Sic
2741 902 2886 957 enim
2926 899 3129 957 Mosem
3161 900 3450 969 compellat
3494 916 3597 956 suo

2026 991 2090 1046 de
2114 991 2198 1047 his
2235 993 2368 1063 ipsis
2397 995 2619 1049 oraculo
2646 1010 2660 1046 :
2694 993 2930 1048 Ascende
2954 993 3024 1047 ad
3045 1010 3126 1047 me
3152 994 3206 1046 in
3236 1001 3484 1055 montem,
3515 1002 3600 1045 at-

2025 1099 2122 1153 que
2162 1084 2236 1138 ibi
2264 1093 2392 1139 esto.
2428 1085 2660 1139 Tr‘adam
2685 1087 2822 1139 enim
2856 1084 3200 1140 tibi'tabeﬂas
3232 1084 3490 1155 lapide”,
3525 1085 3599 1138 le-

2026 1192 2230 1246 gemac
2256 1177 2428 1230 edicta
2457 1178 2522 1231 ⁸⁸.
2555 1175 2864 1232 Secundum
2900 1177 3015 1232 haec
3050 1192 3200 1243 vero,
3245 1186 3594 1248 posteaquam

2029 1267 2111 1320 lex
2146 1267 2254 1322 sibi
2277 1267 2539 1337 quidquid
2574 1282 2898 1338 corporeum
2924 1277 3070 1323 esset
3095 1281 3158 1322 ac
3179 1275 3474 1330 terrenum,
3501 1282 3596 1336 per

2027 1355 2328 1408 claritatem
2376 1354 2742 1424 evangelicam
2799 1354 2957 1424 quasi
3011 1353 3264 1422 poliendo
3311 1351 3589 1407 detraxit:

2028 1460 2136 1498 non
2167 1444 2278 1513 jam
2305 1445 2538 1514 amplius
2581 1444 2630 1498 id
2664 1485 2678 1508 ,
2711 1445 2765 1499 in
2795 1459 2904 1514 quo
2932 1444 3126 1498 littera:
3158 1442 3593 1513 perscribuntur,

2029 1533 2238 1604 lapidea
2313 1535 2510 1589 tabella
2579 1544 2704 1590 est:
2774 1535 2868 1589 sed
2931 1532 3071 1587 facta
3143 1533 3210 1588 de
3279 1532 3598 1602 splendente

2029 1641 2093 1680 ac
2120 1642 2310 1682 recens
2371 1627 2538 1696 polito
2583 1627 2768 1680 ebore.
2800 1624 3008 1678 Etenim
3061 1624 3242 1678 hoc-in
3283 1624 3401 1678 loco
3438 1621 3596 1686 illud,

346 1713 519 1768 τολῶν
565 1715 658 1766 καὶ
695 1714 804 1767 τῶν
829 1715 1026 1785 νόμων,
1059 1716 1193 1785 ὅπερ
1227 1713 1402 1768 κοιλία
1434 1713 1749 1786 ὠνόμασται
1771 1756 1786 1780 ,
1818 1733 1923 1768 πυ-

2031 1719 2169 1788 quod
2200 1718 2376 1773 edicta
2403 1726 2458 1773 et
2518 1718 2664 1788 leges
2696 1717 2787 1772 Dei
2845 1716 3062 1786 recipit',
3098 1713 3400 1768 indicatum
3432 1728 3596 1766 voca-

347 1807 464 1874 ξίον
495 1803 633 1860 εἷναί
681 1825 846 1879 φησιν
893 1808 1234 1878 ἐλεφάντινον
1284 1807 1375 1860 ἐπὶ
1418 1806 1562 1861 λίθου
1599 1809 1918 1879 σαπφείρου.

347 1901 576 1971 Πρῶτον
608 1901 674 1954 δέ·
711 1899 862 1972 οἶμαι
910 1902 1105 1973 χρῆναι
1155 1901 1216 1953 τὸ
1263 1901 1572 1971 σωματικὸν
1620 1901 1924 1972 ὑπόδειγμα

347 1993 585 2066 φανερὸν
610 1992 687 2063 τῷ
730 1993 873 2063 λόγῳ
903 1993 1144 2062 ποιῆσαι,
1179 1988 1277 2045 εἷθ’
1314 1992 1488 2056 οὕτως
1535 1993 1628 2045 ἐπὶ
1659 1991 1757 2062 τὴν
1787 1991 1922 2044 θεω-

350 2083 477 2155 ρίαν
512 2083 618 2136 τῶν
644 2085 949 2153 εἰρημένων
986 2083 1181 2137 ἐλθεῖν.
1215 2084 1422 2137 Πυκνόν
1447 2100 1500 2136 τι
1530 2080 1682 2147 ξύλον
1707 2085 1740 2152 ἠ
1764 2081 1925 2149 πύξις

345 2174 469 2227 ἐστὶ
515 2175 608 2227 καλ⁸
653 2173 968 2239 ὑπόλευκον,
1017 2175 1112 2243 ἀφ’
1153 2170 1220 2246 ἦς
1264 2171 1666 2244 φιλοτεχνοῦσιν
1710 2173 1925 2235 ἑαυτοῖς

345 2265 606 2329 πίνακας,
630 2261 710 2328 οἷς
731 2265 838 2319 τῶν
866 2267 1207 2337 γραμμάτων
1244 2267 1413 2337 μέλει.
1451 2266 1525 2319 Τὸ
1553 2266 1728 2319 τοίνυν
1747 2264 1925 2318 τοιοῦ-

346 2373 442 2408 τον
474 2357 721 2409 πινάκιον
767 2357 828 2409 τὸ
876 2356 1010 2428 πρὸς
1057 2358 1157 2427 τὴν
1203 2357 1310 2410 τῶν
1358 2359 1700 2428 γραμμάτων
1737 2356 1926 2427 χρείαν

346 2447 880 2518 κατεσκευασμένον,
915 2447 1018 2504 κᾶν
1061 2448 1144 2518 ἐφ’
1190 2448 1378 2518 ἐτέρας
1422 2448 1554 2518 ὓλης
1593 2446 1728 2518 τύχῃ
1771 2446 1918 2515 γενόο

351 2555 536 2609 μενον,
586 2539 773 2605 πυξίον
823 2539 1273 2611 καταχρηστικῶς
1321 2539 1662 2610 ὀνομάζεται.
1718 2536 1926 2592 Οὐκοῦν

348 2628 542 2693 πυξίον
570 2629 921 2692 ἀκούσαντες,
967 2630 1107 2684 λεῖόν
1140 2648 1192 2683 τι
1233 2628 1426 2693 σκεῦος
1466 2628 1765 2699 ἐπιτήδειον
1792 2627 1928 2698 πρὸς

346 2723 698 2792 γραμμάτων
768 2724 1032 2795 ὑποδοχὴν
1101 2725 1480 2796 ἐνενοήσαμεν.
1554 2723 1709 2778 Ἐπεὶ
1741 2723 1926 2776 τοίνυν

345 2814 571 2881 τενικόν
615 2832 667 2867 τι
714 2815 820 2868 τῶν
863 2815 1126 2869 τοιούτων
1163 2817 1406 2870 πινάκων
1439 2815 1610 2886 ὄνομα
1645 2815 1706 2868 τὸ
1740 2815 1928 2880 πυξίον

349 2904 535 2960 ἐστίν·
568 2905 802 2959 ἐνταῦθα
850 2908 942 2960 καὶ
985 2907 1045 2960 τὸ
1091 2902 1227 2969 εἶδος
1264 2906 1364 2976 τῆς
1414 2905 1547 2976 ὕλης
1588 2907 1667 2976 τῷ
1712 2906 1926 2959 ὑποδεί-

2025 1807 2152 1862 bqu
2186 1809 2411 1868 ventris,
2453 1821 2574 1862 esse
2601 1806 2795 1861 tabella
2825 1805 3062 1859 eburnea
3090 1803 3292 1859 dicitur
3334 1803 3388 1856 in
3418 1800 3598 1870 lapide

2024 1903 2303 1973 sapphiro.
2347 1903 2522 1973 Atque
2551 1903 2655 1957 hoc
2713 1904 3020 1973 exemplum
3050 1915 3372 1971 corporeum
3421 1899 3596 1968 primo

2023 1993 2183 2047 nobis
2209 1991 2594 2047 declarandum
2657 1990 2918 2056 arbitror,
2973 1997 3137 2060 atque
3197 1989 3270 2042 ita
3306 1986 3503 2042 deinde
3526 1985 3596 2039 ad

2025 2083 2537 2152 contemplationem
2556 2082 2845 2136 verborum
2866 2081 3227 2136 iudicatorum
3246 2078 3592 2133 veniendum.

2027 2173 2264 2230 Densum
2295 2172 2569 2244 quoddam
2618 2182 2673 2229 et
2718 2173 3004 2228 subalbum
3037 2171 3241 2242 lignum
3277 2179 3360 2224 est
3398 2167 3596 2230 buxus,

2027 2266 2094 2320 de
2123 2280 2232 2335 quo
2257 2265 2484 2320 tabellas
2507 2265 2608 2319 sibi
2647 2263 2962 2328 conficiunt,
2999 2262 3092 2332 qui
3121 2259 3363 2316 scribere
3392 2258 3597 2312 volunt.

2027 2355 2350 2426 Hujusmodi
2377 2371 2507 2427 ergo
2558 2357 2774 2419 tabella,
2805 2354 3124 2424 scriptionis
3155 2352 3220 2407 ad
3253 2365 3412 2406 usum
3443 2364 3595 2404 com-

2026 2456 2238 2518 parata,
2261 2448 2476 2503 etiamsi
2501 2447 2639 2501 forte
2665 2447 2769 2500 alia
2801 2445 2938 2499 facta
2970 2445 3042 2500 sit
3063 2461 3129 2499 ex
3153 2443 3416 2498 materie:
3444 2439 3600 2512 pyxis

2029 2541 2208 2612 (quasi
2239 2541 2394 2595 dicas
2430 2537 2688 2610 buxeum)
2722 2539 3049 2612 appellatur,
3083 2536 3438 2606 usurpatione
3465 2548 3600 2603 qua-

2027 2611 2152 2684 dam
2175 2630 2324 2684 vocis
2354 2643 2460 2683 non
2491 2627 2728 2698 propria.
2759 2625 2940 2692 Quare
2965 2611 3088 2678 cum
3123 2638 3307 2678 vocem
3340 2623 3482 2676 hane
3504 2636 3600 2674 am

2027 2725 2228 2788 dimus,
2283 2723 2710 2777 instrumentum
2747 2718 3021 2789 quoddam
3052 2718 3180 2771 larve
3230 2723 3286 2769 et
3317 2721 3501 2784 aptum
3531 2711 3610 2765 ad

2029 2810 2371 2882 recipiendas
2411 2810 2622 2864 litteras
2670 2807 3024 2877 intelligimus
3054 2823 3066 2859 :
3099 2812 3154 2859 et
3182 2817 3316 2858 vero
3353 2817 3477 2858 cum
3504 2815 3598 2872 ge-

2029 2904 2212 2959 nerale
2245 2904 2315 2957 sit
2348 2899 2680 2956 vocabulum
2713 2897 2779 2952 ad
2811 2892 3338 2963 omneshujusmodi
3363 2891 3599 2957 tabulas,

349 3015 528 3069 γματι
577 2999 606 3051 ό
651 2999 810 3068 λόγος
855 2999 1227 3070 προστίθησιν,
1274 2999 1372 3051 οὐκ
1405 2998 1514 3052 ἀπὸ
1540 2997 1694 3062 ξύλου
1729 2997 1919 3065 λέγων,

2031 2996 2236 3051 idcirco
2285 2993 2374 3048 hic
2428 2995 2590 3047 etiam
2655 2988 2903 3044 materiei
2931 2987 3144 3058 species
3191 2984 3426 3040 additur.
3479 2979 3597 3036 Non

349 3091 470 3145 ἀλλ’
496 3092 555 3159 ἐξ
584 3091 884 3160 ἐλέφαντος
901 3087 1038 3145 εἶναι
1064 3091 1160 3162 τὴν
1187 3091 1528 3162 κατασκευὴν
1557 3090 1768 3157 πυξίου.
1790 3089 1926 3143 (ινασῖ⁹
1955 3081 2011 3091 Τ

347 3185 432 3250 δὲ,
471 3185 561 3238 διὰ
596 3185 791 3255 πολλὴν
823 3186 1130 3254 πυκνότητα
1164 3185 1255 3237 καὶ
1284 3185 1636 3255 στερρότητα,
1674 3183 1733 3236 τὸ
1755 3181 1929 3235 τοιοῦ-

348 3295 444 3331 τον
475 3277 660 3330 ὀστέον
689 3277 929 3348 ἄφθορον·
951 3277 1254 3347 διαμένειν,
1298 3278 1382 3346 ἐφ’
1411 3277 1491 3329 ὅτι
1522 3277 1786 3346 μήκιστον
1824 3291 1928 3344 μη-

349 3367 548 3438 δεμίαν
582 3369 645 3419 ἐκ
679 3366 868 3438 χρόνου
905 3365 1107 3436 βλάϐην
1140 3364 1594 3437 παραδεχόμενον.
1654 3363 1712 3416 '0
1749 3362 1803 3416 δὲ
1833 3361 1928 3415 σά-

351 3475 587 3529 πφειρος
626 3457 702 3528 τῷ
731 3456 913 3527 κυανῷ
947 3456 1074 3509 εῐδει
1105 3455 1206 3524 τῆς
1233 3457 1420 3526 χροιᾶς
1463 3456 1543 3517 είς
1575 3452 1927 3524 παραμυθίαν

349 3549 450 3603 τοῦ
487 3549 732 3619 καμάτου
765 3547 874 3600 τῶν
916 3546 1208 3617 ὀφθαλμῶν
1253 3545 1586 3610 ἐπινοεῖται,
1636 3546 1747 3607 τοῖς
1777 3543 1930 3612 φιλο-

351 3641 538 3704 πόνως
590 3637 981 3710 προσανέχουσι
1027 3637 1106 3708 τῷ
1157 3635 1668 3708 καταγεγραμμένῳ
1715 3634 1890 3704 πυξίῳ
1911 3673 1928 3696 ,

354 3731 606 3804 φυσικῶς
650 3731 749 3801 τῆς
793 3730 1045 3799 τοιαύτης
1099 3729 1276 3799 αὐγῆς
1319 3727 1417 3792 τὰς
1460 3727 1610 3796 ὄψεις
1637 3726 1706 3779 δι’
1731 3725 1930 3795 ἐαυτῆς

353 3821 766 3892 άναπαυούσης.
812 3820 886 3873 Τὸ
915 3819 1012 3891 μὲν
1038 3815 1130 3872 οὖν
1160 3819 1480 3888 ὑπόδειγμα,
1511 3810 1556 3886 ᾧ
1588 3815 1676 3870 διά
1705 3816 1930 3887 συγκρί-

356 3933 502 3979 osor;
541 3913 817 3985 ὁμοιοῦται
863 3913 897 3984 ἡ
944 3907 1398 3980 ἐγκωμιαζομένη
1450 3910 1549 3980 τῆς
1608 3907 1931 3977 Ἐκκλησίας

356 4005 558 4067 κοιλία,
581 4003 819 4057 τοιοῦτόν
849 4005 1015 4056 ἐστιν.
1061 4001 1200 4070 Ἐγὼ
1222 4001 1278 4054 δὲ
1305 4000 1454 4071 παρὰ
1473 3999 1570 4068 τῆς
1597 3997 1930 4070 προφητείας

357 4097 602 4158 ἀκούσας
662 4095 820 4148 τοῦτο
865 4093 1318 4163 διακελευομένης
1370 4093 1438 4145 ἐκ
1487 4089 1777 4162 προσώπου
1837 4088 1930 4144 τοῦ

356 4191 519 4256 Θεοῦ,
560 4193 639 4244 ὅτι
688 4189 900 4262 Γράψον
940 4189 1127 4259 ὅρασιν
1175 4184 1360 4253 σαφῶς
1391 4185 1450 4247 ἐς
1481 4183 1691 4249 πυξίον,
1728 4182 1933 4236 ἔννοιαν

355 4283 652 4353 λαμϐάνω,
703 4281 871 4336 τίδιὰ
912 4277 1006 4335 τοῦ
1053 4278 1317 4347 ὀνόματος
1355 4277 1455 4347 τῆς
1498 4276 1707 4340 κοιλίας
1754 4277 1813 4330 ἐν
1855 4275 1933 4347 τῷ

2027 3089 2169 3144 enim
2199 3086 2331 3141 dicit
2353 3101 2421 3140 ex
2452 3085 2628 3154 ligno,
2657 3081 2752 3137 sed
2789 3081 2952 3136 ebore
3009 3079 3210 3133 factum
3242 3090 3380 3146 opus
3436 3073 3602 3144 hujus

2030 3179 2257 3234 tabellae.
2287 3175 2545 3232 Traditur
2575 3182 2756 3230 autem
2799 3170 3113 3241 ltujnsmodi
3144 3169 3288 3224 ossis
3317 3181 3436 3222 eam
3479 3180 3604 3220 esse

2027 3269 2352 3325 densitatem
2387 3280 2451 3321 ac
2506 3263 2854 3325 soliditatem,
2890 3267 2950 3314 ιιι
2997 3257 3310 3314 diutissime
3352 3255 3604 3308 incorru-

2027 3370 2177 3433 ptum
2218 3366 2454 3426 maneat,
2476 3357 2717 3426 nihilque
2747 3353 3062 3410 detrimenti
3102 3366 3133 3405 a
3178 3361 3420 3419 tempore
3457 3345 3602 3400 acci-

2029 3457 2160 3524 piat.
2204 3450 2506 3522 Sapphirus
2535 3456 2715 3502 autem
2764 3446 2950 3500 colore
2999 3442 3295 3498 caaruleum
3355 3440 3604 3495 imitante

2029 3552 2242 3600 recreat
2282 3542 2536 3615 fatigatos
2590 3555 2782 3598 eorum
2817 3537 3039 3599 oculos,
3094 3534 3189 3605 qui
3220 3533 3465 3588 studiose
3513 3528 3598 3582 in-

2029 3635 2162 3692 tenti
2196 3641 2326 3691 sunt
2355 3635 2566 3689 tabellae
2593 3635 2722 3691 huic
2740 3633 2940 3688 litteris
2967 3627 3186 3698 repletae
3214 3645 3226 3679 :
3257 3622 3401 3694 quod
3433 3635 3464 3674 a
3498 3634 3594 3674 na-

2030 3737 2156 3784 tura
2192 3729 2275 3784 sic
2324 3735 2697 3798 comparatum
2752 3725 2843 3788 ιιι,
2878 3731 2938 3777 ut
2975 3715 3288 3789 huiusmodi
3346 3709 3606 3784 splendor

2029 3819 2222 3874 oculos
2265 3818 2492 3873 reficiat.
2562 3814 2694 3870 Tale
2747 3814 2914 3885 igitur
2969 3807 3103 3866 illttd
3137 3813 3222 3862 est
3271 3801 3602 3870 exemplum,

2031 3928 2154 3968 cum
2177 3925 2286 3982 quo
2308 3917 2499 3966 venter
2523 3905 2780 3964 Ecclesiae
2807 3906 2862 3961 in
2895 3904 2998 3958 hoc
3025 3897 3276 3957 encomio
3325 3907 3605 3964 compara-

2031 4013 2138 4058 tur.
2168 4003 2438 4057 Caeterum
2485 4014 2606 4056 cum
2659 3995 2956 4068 prophetia:
3013 3992 3223 4047 librum
3263 3988 3318 4043 in
3368 3998 3602 4058 persona

2035 4093 2127 4150 Dei
2167 4098 2267 4148 hac
2303 4091 2687 4149 exhortatione
2717 4090 2795 4143 uti
2828 4086 3013 4150 audio,
3048 4081 3250 4138 Scribe
3271 4079 3449 4134 visum
3478 4077 3602 4137 hoc,

2031 4188 2328 4260 etquidem
2357 4186 2504 4242 clare
2530 4185 2587 4239 in
2638 4181 2894 4238 tabellam
2937 4197 2952 4233 :
3002 4189 3215 4231 mecum
3256 4172 3381 4260 ipse
3397 4167 3607 4260 cogito,

2033 4279 2164 4350 quid
2194 4258 2289 4348 per
2331 4275 2653 4332 vocabulum
2709 4271 2918 4327 ventris
2972 4269 3030 4323 in
3079 4277 3312 4334 corpore
3363 4258 3602 4350 Domitii;

360 4349 739 4445 ἐπαινουμένῳ
783 4373 995 4443 σώματι
1022 4369 1115 4424 τοῦ
1148 4369 1350 4442 Κυρίου
1376 4370 1644 4441 προσήκει
1674 4371 1812 4422 νοεῖν
1835 4384 1850 4398 °
1887 4371 1930 4422 el

2038 4349 2184 4440 quod
2212 4369 2300 4422 hic
2329 4367 2600 4430 laudatur,
2623 4363 2931 4432 intelligere
2951 4356 3261 4414 conveniat.
3293 4353 3432 4420 Quia
3459 4349 3607 4404 enim

358 4466 472 4540 γὰρ
504 4467 600 4537 τὴν
633 4465 780 4519 θείαν
821 4467 1006 4536 ὅρασιν
1049 4463 1234 4531 σαφῶς
1267 4463 1564 4533 ἐγγράφειν
1605 4461 1684 4531 τῷ
1711 4459 1885 4529 πυξίῳ
1907 4461 1937 4512 ό

361 4559 521 4628 λόγος
553 4545 944 4621 διακελεύεται,
969 4557 1107 4626 τάχα
1134 4555 1193 4608 τὸ
1220 4553 1459 4625 καθαρὸν
1485 4554 1581 4622 τῆς
1613 4553 1860 4624 καρδίας,

362 4651 452 4706 διὰ
494 4650 596 4720 τῆς
649 4652 866 4720 μνήμης
909 4648 1008 4712 τὰς
1051 4647 1199 4710 θείας
1231 4645 1446 4716 ὁράσεις
1483 4645 1938 4716 άπογραφόμεθα,

363 4741 443 4811 τῷ
466 4740 566 4810 τῆς
595 4739 797 4802 κοιλίας
836 4739 1058 4809 ὀνόματι
1083 4737 1447 4806 διασημαίνει.
1484 4734 1748 4806 Καθάπερ
1774 4737 1803 4788 ό
1825 4736 1940 4788 δια-

369 4831 585 4893 στείλας
615 4829 674 4882 τὺ
705 4829 879 4898 στόμα
911 4827 1006 4882 τοῦ
1045 4827 1277 4900 μεγάλου
1324 4825 1599 4896 Ἰεζεκιὴλ,
1643 4827 1738 4878 καὶ
1766 4825 1941 4888 ἐνθεὶς

367 4921 516 4992 αὑτῷ
546 4921 643 4991 τὴν
675 4919 937 4989 κεφαλίδα
968 4918 1060 4972 τοῦ
1089 4917 1314 4987 βιϐλίου,
1364 4915 1543 4986 πλήρη
1598 4915 1940 4986 γραμμάτων

369 5012 492 5066 καθ’
546 5011 810 5082 ἑκάτερον
848 5006 1051 5073 οὖσαν,
1105 5008 1247 5062 κατά
1300 5025 1358 5061 τε
1406 5007 1466 5060 τὸ
1522 5005 1718 5072 ἔξωθεν
1776 5005 1939 5059 αὐτοῦ

370 5105 464 5156 καὶ
519 5103 580 5155 τὸ
608 5100 807 5154 ἔσωθεν
832 5119 846 5132 ·
891 5101 1026 5170 φησὶ
1070 5099 1205 5172 πρὸς
1241 5099 1422 5163 αὑτὸν,
1463 5100 1542 5152 ὅτι
1621 5098 1688 5151 Τὸ
1749 5097 1942 5167 στόμα

370 5209 486 5250 σου
537 5193 812 5262 φάγεται,
865 5192 963 5246 καὶ
1017 5192 1056 5258 ἢ
1106 5191 1306 5246 κοιλία
1346 5207 1463 5244 σου
1500 5188 1940 5256 πλησθήσεται.

372 5285 444 5338 Τὸ
485 5285 820 5356 διανοητικόν
871 5285 972 5352 τῆς
1036 5283 1212 5352 ψυχῆς
1272 5273 1316 5347 ᾧ
1383 5278 1674 5334 ἐναπέθετο
1711 5279 1780 5332 τά
1825 5279 1944 5334 θεῖα

380 5377 712 5448 μαθήματα,
800 5375 1006 5429 κοιλίαν
1093 5373 1557 5446 προσαγορεύσας.
1641 5371 1942 5444 Παραπληο

378 5465 505 5528 σίως
557 5464 614 5517 δὲ
676 5466 770 5520 καὶ⁵
826 5464 916 5517 τὸν
949 5464 1123 5534 μέγαν
1174 5461 1463 5535 Ἱερεμίαν,
1506 5463 1604 5535 τὴν
1675 5463 1778 5517 ὑπὸ
1834 5462 1943 5516 τῶν

449 5639 495 5673 ³⁸
532 5637 704 5697 Exod.
736 5656 920 5708 xxnv,
946 5641 1036 5698 29.
1115 5639 1354 5698 "‘Exod.
1395 5657 1541 5707 utv,
1574 5641 1656 5696 l2.

2039 4464 2215 4516 visunt
2243 4457 2377 4514 illud
2426 4457 2670 4512 divinum
2735 4455 2882 4509 clare
2937 4448 3161 4506 inscribi
3210 4445 3422 4501 tabellae
3468 4441 3610 4502 vult.

2041 4545 2276 4601 fortasse
2319 4542 2503 4604 cordis
2541 4541 2859 4611 puritatem,
2887 4539 2978 4594 cui
3027 4553 3124 4607 per
3149 4533 3466 4589 memoriam
3491 4529 3609 4584 visa

2040 4636 2224 4691 divina
2274 4633 2649 4698 inscribimus,
2698 4630 2915 4686 ventris
2957 4626 3319 4698 appellatione
3364 4623 3608 4678 denotat.

2041 4717 2507 4794 Quemadmodum
2546 4731 2604 4778 et
2666 4723 2735 4787 is,
2782 4721 2874 4792 qui
2917 4718 3094 4790 magni
3146 4715 3421 4788 propheta:
3475 4711 3612 4766 Eze-

2040 4819 2230 4874 chielis
2260 4832 2322 4872 os
2359 4813 2592 4886 aperuit,
2642 4812 2806 4882 inque
2834 4811 2936 4864 hoc
2992 4808 3114 4863 libri
3147 4807 3398 4862 volumen
3431 4803 3616 4875 posuit

2044 4913 2296 4981 utrinque
2322 4909 2519 4964 litteris
2546 4905 2828 4971 refertum,
2863 4903 3108 4958 exterius
3145 4909 3196 4955 ct
3230 4899 3462 4953 interius
3495 4896 3609 4952 :ait

2043 5006 2252 5059 ad'eutn
2269 5003 2613 5060 :Comedet‘os
2636 5010 2806 5066 tuum,
2823 5016 2884 5053 ac
2908 5006 3081 5053 venter
3099 5004 3218 5050 tuus
3245 4992 3526 5062 replebitur
3543 4988 3612 5042 ³⁸.

2044 5096 2253 5164 Quibus
2277 5097 2330 5150 in
2367 5096 2545 5150 verbis
2592 5100 2780 5146 \‘Cﬂlcl'
2809 5090 3132 5161 appellatur,
3179 5101 3305 5157 pars
3331 5081 3496 5138 animi
3529 5080 3616 5132 in-

2047 5187 2296 5254 telligens
2321 5190 2386 5238 ει·
2421 5183 2631 5236 ratione
2662 5178 2908 5248 praedita,
2933 5178 2987 5231 in
3022 5191 3129 5246 qua
3153 5173 3415 5229 divinitus
3459 5179 3616 5222 acce-

2049 5289 2146 5348 pta
2181 5277 2349 5347 quasi
2384 5272 2707 5328 collocabat.
2754 5268 3017 5324 Similiter
3057 5274 3112 5320 et
3169 5277 3424 5334 magnum
3460 5259 3615 5313 illum

2050 5368 2376 5422 Hieremiam
2405 5366 2610 5420 scimus
2643 5376 2737 5417 cor
2756 5374 2914 5415 suum
2952 5356 3179 5412 mirifice
3202 5371 3230 5409 a
3278 5351 3525 5406 tristibus
3550 5348 3614 5400 il-

2050 5463 2116 5516 lis
2132 5456 2553 5531 cogitatiouibus
2575 5453 2860 5516 afflictum,
2888 5457 3128 5507 ventrem
3149 5443 3469 5519 appellasse,
3491 5451 3626 5494 cum

1757 5640 1801 5673 "
1831 5637 2029 5695 Ezecb.
2071 5651 2152 5706 tu,
2185 5637 2239 5692 3.
