3996 6196
361 219 502 277 1077

1381 211 1448 267 IN
1475 210 1772 268 (ZANTICA
1807 210 2080 267 CANTIC.
2125 209 2405 266 HOMILIA
2445 208 2560 264 XIV

3469 198 3618 253 1073

360 331 693 406 προέχοντας
716 330 774 382 ἐν
798 331 911 392 τοῖς
935 328 1250 391 ἀποστόλοις
1281 328 1507 399 Πέτρον,
1535 327 1630 382 καὶ
1661 327 1934 390 ’1άκω6ον,

2063 343 2254 382 umnas
2280 325 2571 396 appellavit
2599 325 2667 377 δ’.
2727 323 2791 376 lit
2842 335 2971 376 vero
2998 319 3126 389 quia
3159 318 3374 371 diScere
3411 332 3612 369 conve-

362 423 457 476 καὶ
495 419 768 489 Ἰωάννην,
809 420 1031 483 στύλους
1059 419 1359 490 ὠνόμασεν.
1401 419 1553 473 Ἐπεὶ
1579 419 1636 471 δὲ
1663 419 1756 472 καὶ
1782 419 1937 472 τοῦτο

362 511 632 583 προσήκει
677 509 890 580 μαθεῖν,
921 509 1038 572 πῶς
1070 507 1186 562 ἐστι
1219 508 1473 578 γενέσθαι
1509 509 1720 575 στύλον,
1767 510 1843 571 ὡς
1871 509 1936 561 ἂν

362 602 456 658 καὶ
485 604 646 672 ἡμεῖς
689 603 830 668 ἄξιοι
875 599 971 671 τῆς
1017 602 1274 670 τοιαύτης
1317 599 1607 670 γενοίμεθα
1653 600 1934 670 κλήσεως·

363 692 524 744 πάλιν
551 691 644 743 καὶ
673 689 830 743 τοῦτο
857 688 1010 760 παρὰ
1036 689 1133 758 τῆς
1166 689 1260 741 τοῦ
1307 688 1518 742 Παύλου
1552 689 1742 758 σοφίας
1779 687 1938 742 άκού-

363 798 532 851 ωμεν,
581 781 640 844 ὃς
673 798 807 851 φησι
851 780 1043 833 στύλον
1093 776 1234 834 εἶναι
1280 780 1373 833 καὶ
1411 780 1470 833 τὸ
1512 779 1788 850 ἑδραίωμα
1838 779 1940 849 τῆς

365 871 641 942 ἀληθείας.
675 871 884 926 Οὐκοῦν
906 871 1125 942 χρυσίον
1152 871 1251 941 μέν
1275 871 1422 923 ἐστιν
1451 871 1485 941 ἡ
1507 869 1752 940 ἀλήθεια,
1784 872 1816 940 ἡ
1847 871 1941 923 καὶ

366 962 523 1031 βάσις
552 961 661 1014 τῶν
695 961 918 1033 κνημῶν
948 961 1230 1032 γινομένη,
1257 960 1352 1014 καὶ
1381 960 1477 1024 τὰς
1512 963 1700 1030 χεῖρας
1725 961 1820 1029 καῖ
1843 960 1942 1032 τὴν

365 1052 610 1124 κεφαλὴν
646 1053 715 1105 δι’
749 1054 948 1123 ἑαυτῆς
986 1053 1424 1116 καλλωπίζουσα.
1470 1052 1544 1105 Τὸ
1575 1051 1632 1105 δὲ
1663 1051 1943 1122 ἑδραίωμα

339 1146 450 1226 et;
488 1144 587 1215 τὴν
634 1145 726 1198 τοῦ
763 1146 1055 1215 μαρμάρου
1108 1161 1189 1206 τις
1239 1142 1401 1210 φύσιν
1444 1142 1798 1214 μεταλαϐὼν,
1845 1143 1944 1213 ούχ

369 1236 778 1305 ἁμαρτήσεται·
821 1235 898 1298 ὼς
936 1230 1074 1286 εἶναι
1099 1234 1354 1304 τοιαύτην
1379 1233 1478 1304 τὴν
1504 1233 1612 1287 τῶν
1636 1233 1944 1304 λεγομένων

367 1327 606 1381 διάνοιαν
626 1341 639 1354 ·
675 1322 756 1376 ὅτι
785 1325 853 1377 Δί
903 1327 1110 1397 κνῆμαι
1134 1327 1227 1380 τοῦ
1257 1325 1508 1396 σώματος
1532 1327 1582 1378 οἱ
1611 1326 1944 1398 μαρμάρινοι

373 1417 572 1479 στύλοι,
603 1418 876 1471 τουτέστιν
921 1420 968 1470 οί
997 1417 1074 1488 τῷ
1115 1417 1354 1488 λαμπρῷ
1395 1417 1495 1488 βίῳ
1532 1418 1626 1471 καὶ
1659 1417 1735 1488 τῷ
1769 1417 1948 1486 ὑγιαί-

369 1527 513 1562 νοντι
553 1509 696 1580 λόγῳ
736 1510 797 1562 τὸ
838 1510 1016 1564 κοινὸν
1055 1511 1212 1580 σῶμα
1240 1512 1340 1580 τῆς
1383 1509 1706 1580 Ἑκκλησίας
1743 1508 1944 1579 βαστά-

370 1598 556 1662 ζοντες
590 1616 647 1650 τε
693 1599 787 1652 καὶ
824 1599 1173 1669 διερείδοντες
1201 1616 1214 1630 ”
1273 1600 1342 1654 δι’
1367 1594 1442 1654 ὧν
1481 1601 1516 1670 ἦ
1555 1616 1614 1652 τε
1649 1599 1803 1670 βάσις
1845 1600 1945 1668 τῆς

373 1688 608 1752 πίστεως
649 1689 761 1759 ἔχει
800 1689 860 1742 τὸ
893 1691 1110 1758 πάγιον,
1145 1691 1240 1743 καὶ
1284 1692 1312 1742 ό
1345 1692 1461 1744 κατ’
1505 1691 1704 1762 ἀρετὴν
1748 1689 1947 1760 δρόμος

371 1777 618 1840 ἀνύεται,
651 1780 742 1832 καὶ
771 1780 830 1830 ὲν
853 1781 966 1842 τοῖς
997 1779 1202 1850 άλμασι
1227 1781 1334 1834 τῶν
1365 1781 1522 1833 θείων
1551 1779 1802 1842 ἐλπίδων,
1829 1779 1948 1832 ὂλον

371 1865 436 1919 τὸ
465 1866 624 1938 σῶμα
653 1868 924 1940 μετέωρον
951 1870 1180 1931 γίνεται.
1214 1869 1315 1922 Διὰ
1349 1870 1457 1923 τῶν
1475 1869 1568 1922 δύο
1595 1868 1950 1940 κατορθοῦται

372 1957 602 2019 τούτων,
631 1960 888 2030 ἀληθείας
927 1962 1021 2014 καὶ
1057 1961 1407 2031 βεϐαιότητος
1430 1976 1442 1989 ⁸
1483 1961 1578 2014 τοῦ
1613 1963 1708 2032 μὲν
1746 1961 1948 2031 χρυσοῦ

374 2050 932 2123 μεταλαμϐανομένω
958 2053 1093 2123 πρὸς
1120 2052 1219 2123 τὴν
1243 2051 1520 2122 ἀλήθειαν,
1547 2054 1666 2121 ἥτις
1696 2053 1836 2105 κατά
1855 2052 1952 2122 τὴν

376 2139 592 2194 Παύλου
621 2142 804 2213 φωνὴν
837 2143 1082 2213 θεμέλιος
1117 2144 1215 2214 τῆς
1245 2143 1398 2206 θείας
1437 2144 1780 2214 κατασκευῆς
1811 2145 1955 2212 γίνε-

374 2231 468 2283 ταί
495 2248 554 2284 τε
600 2234 692 2286 καὶ
723 2233 1066 2304 ὀνομάζεται.
1112 2235 1296 2298 Ούτως
1329 2237 1437 2306 γάρ
1481 2253 1642 2306 φησιν
1668 2253 1679 2264 θ
1725 2237 1804 2288 ὅτι
1851 2240 1954 2290 Θε-

373 2323 589 2392 ιιέλιον
625 2324 822 2379 ἄλλον
868 2326 1066 2391 οὐδεὶς
1117 2325 1361 2380 δύναται
1413 2325 1598 2381 θεῖναι
1642 2326 1801 2394 παρὰ
1851 2327 1958 2380 τὸν

376 2415 675 2483 κείμενον,
715 2417 784 2481 ὅς
823 2417 996 2470 ἐστιν
1035 2419 1270 2488 Ἰησοῦς
1297 2419 1572 2490 Χριστός.
1623 2419 1856 2487 Χριστὸς
1901 2418 1958 2470 δέ

376 2508 528 2559 ἐστιν
558 2509 589 2577 η
620 2507 868 2578 ἀλήθεια,
954 2509 1384 2579 ὲνθεμελιοῦνται
1419 2510 1476 2562 ai
1511 2510 1742 2579 κνῆμαι,
1766 2512 1812 2561 οῖ
1842 2509 1962 2560 στύο

377 2595 461 2649 λοι
514 2597 612 2667 τῆς
666 2598 1017 2668 Ἑκκλησίας.
1064 2599 1164 2651 Διὰ
1203 2597 1296 2650 τοῦ
1356 2599 1648 2668 μαρμάρου
1699 2597 1960 2649 νοούντων

374 2690 540 2760 ἡμῶν
577 2690 638 2743 τό
665 2707 724 2742 τε
755 2689 1005 2760 λαμπρὸν
1042 2688 1134 2742 τοῦ
1171 2689 1306 2759 βίου,
1342 2689 1434 2742 καὶ
1463 2688 1525 2740 τὸ
1557 2688 1690 2758 πρὸς
1730 2687 1826 2757 τὴν
1855 2686 1961 2738 τῶν

378 2781 602 2851 ἀγαθῶν
631 2782 869 2835 διάθεσιν
900 2780 1160 2852 ἐμϐριθές
1196 2798 1256 2834 τε
1290 2782 1385 2835 καὶ
1419 2769 1772 2850 ἀμετάθετον.
1824 2779 1960 2831 Ἀλλ’

382 2873 570 2945 ἱπειδὴ
605 2873 789 2926 πολλοὶ
820 2875 916 2944 μὲν
949 2875 997 2926 οἱ
1029 2873 1206 2926 στύλοι
1239 2871 1332 2925 τοῦ
1363 2871 1663 2943 μαρτυρίου
1698 2872 1794 2940 τῆς
1833 2888 1962 2939 σκη-

383 2966 500 3036 νῆς,
533 2965 717 3018 πολλοὶ
742 2965 798 3016 δὲ
823 2965 916 3017 καλ⁷
943 2966 992 3016 οἱ
1029 2965 1119 3016 τὸν
1151 2965 1249 3034 τῆς
1282 2963 1472 3031 σοφίας
1497 2957 1642 3015 οἷκον
1669 2962 1962 3015 διαϐαστάσ-

382 3059 568 3120 ζοντες
587 3073 600 3087 ·
646 3055 739 3108 δύο
766 3055 822 3107 δὲ
858 3053 952 3108 νῦν
982 3053 1302 3124 ὲξαρκοῦσιν
1332 3053 1450 3106 ὅλον
1475 3053 1690 3122 ἀνέχειν
1718 3053 1797 3121 ἐφ’
1835 3054 1962 3105 ἐαυ-

381 3148 493 3201 τῶν
519 3148 582 3201 τὸ
611 3146 801 3217 σῶμα·
846 3146 985 3216 τάχα
1033 3145 1168 3216 πρὸς
1199 3145 1363 3217 άλλην
1404 3144 1526 3197 τινὰ
1571 3144 1810 3198 διάνοιαν
1856 3143 1962 3214 χρὴ

387 3241 720 3310 μεταγαγεῖν
756 3239 848 3292 τὸν
878 3238 1078 3291 σκοπὸν
1120 3237 1213 3290 τοῦ
1263 3237 1598 3307 αἰνίγματος.
1657 3231 1826 3307 Οἶμαι
1855 3238 1965 3307 γάρ

382 3336 473 3388 διά
498 3332 704 3386 τούτων
749 3332 924 3384 ἐκεῖνο
958 3329 1460 3392 κατασκευάζεσθαι
1497 3343 1509 3358 ·
1559 3329 1620 3381 τὸ
1666 3329 1966 3394 πολυειδεῖς

391 3426 492 3495 μὲν
524 3423 769 3492 γίνεσθαι
794 3422 892 3484 τὰς
915 3423 980 3473 ὲκ
1005 3420 1096 3474 τοῦ
1127 3421 1291 3490 νόμου
1323 3421 1458 3491 πρὸς
1489 3419 1688 3490 ἀρετὴν
1724 3419 1962 3490 ὁδηγίας,

394 3516 562 3570 πολλά
579 3517 635 3568 δὲ
663 3514 875 3584 καὶτῆς
901 3514 1089 3582 σοφίας
1113 3511 1250 3565 εἷναι
1271 3511 1339 3564 τά
1358 3511 1810 3582 παραγγέλματα,
1831 3511 1968 3581 πρὸς

391 3608 482 3660 τὸν
514 3607 675 3659 αὑτὸν
706 3604 917 3677 ὁρῶντα
963 3603 1165 3657 σκοπόν
1190 3619 1203 3633 ·
1251 3603 1342 3654 τὸν
1388 3600 1823 3671 συντετμημένον
1871 3600 1968 3653 τοῦ

395 3694 730 3763 Εὑαγγελίου
756 3693 933 3762 λόγον,
961 3693 1040 3756 είς
1069 3683 1432 3761 εὐαρίθμητον
1463 3705 1520 3742 τε
1552 3689 1645 3742 καὶ
1679 3688 1968 3741 συνεσταλ-

397 3789 558 3859 μένον
591 3787 817 3856 ἀγαγεῖν
848 3783 1064 3838 ἇπασαν
1092 3781 1186 3834 τοῦ
1217 3781 1335 3833 κατ’
1371 3779 1568 3850 ἀρετὴν
1604 3779 1720 3849 βίου
1752 3779 1850 3849 τὴν
1879 3795 1968 3831 τε·

396 3881 646 3947 λειότητα
687 3877 925 3945 ἔγνωκεν
957 3891 971 3904 ο
1021 3873 1191 3936 οὕτως
1227 3871 1469 3932 εἰπόντος
1498 3868 1594 3922 τοῦ
1627 3869 1850 3940 Κυρίου,
1888 3873 1970 3924 ὅτι

410 3971 512 4024 Ἐν
544 3970 785 4034 ταύταις
827 3967 954 4032 τιιῖς
985 3964 1168 4020 δυσὶν
1200 3962 1506 4028 ἐντολαῖς,
1553 3962 1696 4028 ὅλος
1723 3964 1755 4014 ό
1789 3964 1972 4030 νόμος

400 4059 496 4113 καὶ
525 4061 578 4111 οἱ
611 4055 906 4126 προφῆται
941 4054 1278 4123 κρέμανται.
1327 4053 1468 4104 Ἴσον
1490 4051 1547 4103 δὲ
1579 4051 1793 4113 πάντως
1827 4052 1980 4103 ἐστὶν

401 4153 479 4213 είς
521 4149 770 4219 δύναμιν,
804 4149 836 4216 ἢ
873 4145 1326 4216 ὑποκρεμάμενον
1357 4143 1570 4212 ἀνέχειν
1615 4143 1675 4194 τὸ
1723 4141 1904 4212 βάρος,
1940 4141 1973 4211 ἢ

400 4243 763 4312 ἐπικείμενον.
843 4235 936 4302 Εἷς
978 4239 1088 4308 γάρ
1134 4237 1201 4290 δι’
1248 4235 1572 4304 ἀμφοτέρων
1625 4233 1907 4303 θεωρεῖται
1947 4234 1982 4285 ὁ

2039 419 2137 484 nit,
2171 433 2278 488 quo
2319 424 2476 487 pacto
2502 415 2626 486 quis
2703 411 2819 466 fieri
2889 411 3148 465 coiumna
3203 405 3400 476 possit,
3444 413 3504 457 ιιι
3562 413 3618 459 et

2039 528 2140 567 nos
2222 512 2372 582 digni
2451 512 2551 563 hac
2633 504 3000 577 appellatione
3081 501 3340 554 fiamus:
3420 510 3616 548 rursus

2045 603 2146 656 hoc
2178 617 2394 672 quoque
2436 601 2504 655 de
2553 598 2704 652 Pauli
2755 594 3019 665 sapientia
3057 591 3429 658 intelligamus
3454 626 3469 651 ,
3522 587 3616 655 qni

2041 696 2352 749 columnam
2401 692 2479 747 ait
2535 689 2783 746 veritatis
2829 694 2895 740 et:
2931 686 3335 739 ﬁrmamentum
3376 694 3500 734 esse
3547 677 3614 729 “.

2042 789 2232 858 Itaque
2285 803 2478 842 aurum
2529 793 2615 841 est
2655 784 2879 845 veritas,
2916 793 3040 848 qua:
3089 775 3277 830 eadem
3303 783 3356 825 et.
3393 786 3619 825 crurum

2041 883 2189 937 basis
2212 890 2317 945 est,
2351 887 2405 934 et
2466 877 2719 933 manibus
2772 881 2938 942 atque
2991 867 3158 937 capiti
3236 869 3632 918 ornamentum-

2044 971 2265 1042 aliquod
2298 971 2473 1026 affert.
2503 970 2571 1022 At
2598 963 2926 1022 firmamenti
2957 974 3146 1015 vocem
3170 957 3216 1013 si
3237 956 3364 1026 quis
3385 953 3624 1008 adrmar-

2046 1065 2217 1119 moris
2248 1072 2501 1118 naturam
2560 1057 2880 1118 transferat,
2905 1068 3015 1108 non
3047 1049 3255 1106 errabit
3283 1067 3297 1102 :
3332 1048 3403 1102 ita
3435 1055 3498 1100 ut:
3519 1045 3621 1099 hu—

2041 1155 2284 1226 iusmodi
2328 1153 2620 1208 verborum
2671 1149 2742 1203 sit
2790 1145 3062 1202 sententia
3104 1142 3323 1197 :Crura
3371 1137 3625 1193 videlicet

2046 1248 2296 1319 corporis
2325 1261 2449 1302 esse
2472 1245 2756 1298 columnas
2811 1250 3168 1296 marmoreas,
3201 1234 3304 1286 hoc
3339 1239 3422 1285 est
3477 1229 3623 1292 illos,

2045 1339 2138 1409 qui
2167 1338 2365 1392 illustri
2398 1335 2505 1389 vita
2537 1344 2590 1388 et
2621 1347 2755 1388 sana
2805 1329 3053 1384 doctrina
3085 1337 3375 1380 connnune
3426 1335 3626 1389 corpus

2050 1427 2311 1482 Ecclesia!
2340 1432 2556 1496 gestent
2587 1432 2752 1492 atque
2811 1419 3040 1474 fulciant
3073 1434 3087 1470 :
3115 1429 3212 1484 per
3248 1427 3389 1482 quos
3415 1419 3467 1466 et
3501 1409 3624 1463 fidei

2048 1519 2197 1574 basis
2222 1519 2375 1573 firma
2407 1524 2536 1581 stat,
2559 1522 2613 1570 et
2643 1511 2864 1566 virtutis
2895 1525 3095 1565 cursus
3121 1506 3444 1570 absolvitur,
3487 1510 3542 1557 et
3571 1501 3625 1554 in

2049 1611 2282 1666 saltibus
2308 1609 2504 1663 divina:
2536 1605 2650 1674 spei
2685 1612 2858 1657 totum
2901 1615 3102 1670 corpus
3142 1597 3429 1650 attollitur.
3463 1591 3628 1647 Fiant

2051 1709 2232 1754 autem
2268 1702 2383 1752 haec
2415 1697 2672 1766 praeclare
2701 1710 2795 1764 per
2828 1693 2931 1746 ista
2955 1693 3085 1750 duo.
3129 1689 3390 1743 nimirum
3426 1685 3630 1740 verita-

2049 1800 2156 1847 tem
2184 1806 2248 1844 ae
2279 1789 2588 1844 firmitatem
2622 1805 2636 1840 :
2695 1788 2768 1839 ita
2797 1794 2855 1839 ut
2879 1799 3074 1836 aurum
3107 1781 3174 1834 ad
3209 1780 3492 1833 veritatem
3535 1791 3629 1829 ae-

2051 1880 2446 1940 commodetur,
2474 1894 2595 1946 qua:
2623 1877 2691 1930 de
2721 1875 2874 1928 Pauli
2905 1873 3177 1928 sententia
3213 1870 3628 1923 fundamentum

2051 1970 2266 2026 aedilicii
2293 1969 2463 2022 divini
2495 1975 2580 2021 est
2620 1974 2674 2019 et
2703 1963 2926 2017 dicitur.
2971 1961 3062 2015 Sic
3089 1960 3234 2014 enim
3261 1959 3337 2010 ait
3365 1975 3378 2010 :
3407 1953 3633 2009 Funda-

2055 2071 2289 2115 mentum
2321 2059 2471 2112 aliud
2499 2072 2691 2126 ponere
2728 2070 2880 2108 nemo
2926 2060 3118 2121 potest,
3167 2062 3356 2117 prwter
3411 2049 3463 2100 id
3495 2046 3634 2116 quod

2056 2151 2283 2219 positum
2313 2157 2414 2211 est,
2473 2145 2612 2216 quod
2642 2154 2719 2199 est
2771 2143 3016 2198 Christus
3048 2141 3115 2196 “.
3162 2139 3417 2193 Christus
3454 2144 3634 2190 autem

2060 2243 2260 2297 veritas
2286 2249 2393 2300 est,
2420 2240 2473 2292 in
2505 2254 2610 2308 qua
2641 2251 2804 2291 crura
2836 2233 3155 2295 fundantur,
3199 2245 3320 2300 qua:
3358 2228 3636 2282 columna:

2061 2341 2190 2388 sunt
2239 2331 2514 2385 Ecclesiae.
2584 2328 2686 2382 l’er
2736 2339 2977 2379 marmor
3032 2331 3215 2376 autem
3266 2321 3638 2390 intelligamus

2060 2427 2183 2478 vita:
2207 2423 2551 2492 Splendorem
2578 2430 2632 2474 et
2660 2417 3056 2478 constantiam,
3083 2425 3251 2484 atque
3283 2409 3640 2466 immutabili-

2063 2525 2227 2568 tatetn
2278 2515 2330 2565 in
2364 2512 2654 2565 aﬂeetione
2706 2524 2836 2575 erga
2866 2509 2958 2560 illa
2987 2523 3110 2576 quae
3145 2507 3284 2559 bona
3317 2515 3462 2558 sunt.
3501 2503 3642 2568 Quia

2063 2622 2191 2659 \‘el'o
2220 2605 2403 2657 multae
2428 2613 2554 2656 sunt
2575 2602 2628 2654 in
2652 2599 3006 2654 tabernaculo
3026 2598 3323 2652 leslimonii
3346 2597 3639 2654 colutnmr,

2066 2698 2248 2750 multm
2288 2696 2416 2749 item
2467 2693 2749 2762 sapientia:
2797 2691 3020 2743 domutn
3080 2689 3352 2742 columna:
3383 2686 3639 2749 fnlciunt,

2064 2807 2189 2844 cum
2224 2789 2440 2843 illlt'l‘lllt
2476 2787 2564 2840 hic
2622 2785 2744 2838 dua'
2772 2782 3045 2838 sufficiant
3099 2781 3199 2833 toti
3230 2779 3448 2847 corpori
3481 2779 3644 2831 susti-

2066 2881 2246 2935 nendo
2306 2897 2320 2932 :
2385 2877 2636 2932 fortassis
2683 2875 2845 2929 aliaat
2882 2872 3174 2942 quamdam
3207 2870 3275 2924 ad
3316 2870 3648 2925 sententiam

2065 2972 2370 3041 amigmalis
2423 2970 2585 3038 hujus
2621 2983 2824 3036 scapus
2867 2963 3188 3020 referendus
3241 2971 3345 3018 est.
3390 2961 3645 3016 Arbitror

2064 3065 2210 3118 enim
2235 3062 2337 3116 hoc
2366 3062 2538 3115 astrui
2568 3075 2664 3129 per
2688 3059 2800 3120 illa,
2843 3057 3010 3111 variis
3062 3055 3320 3108 videlicet
3367 3051 3543 3107 modis
3573 3052 3646 3105 ad

2066 3157 2317 3212 virtutem
2349 3172 2449 3209 nos
2467 3169 2560 3223 per
2589 3155 2758 3221 legem
2788 3151 2937 3214 duci,
2972 3165 3036 3203 ac
3065 3150 3236 3202 multa
3265 3163 3482 3216 quoque
3508 3162 3646 3215 pra:-

2065 3261 2220 3323 cepta
2249 3267 2372 3307 esse
2401 3249 2702 3318 sapientiae,
2743 3261 2867 3315 qum
2921 3252 3103 3297 tamen
3132 3240 3382 3298 eumdem
3417 3241 3482 3294 ad
3526 3254 3647 3294 sco-

2067 3361 2194 3414 pum
2228 3342 2540 3410 respiciant.
2581 3339 2650 3391 At
2697 3337 2978 3393 concisum
3012 3334 3290 3405 Evangelii
3340 3346 3649 3387 sermonem

2067 3453 2131 3488 ac
2165 3434 2376 3487 facilem
2407 3438 2719 3491 numeratn,
2751 3443 2816 3481 ac
2845 3428 2989 3481 velut
3023 3427 3077 3480 in
3108 3439 3281 3496 pauca
3308 3433 3647 3478 contractam

2068 3526 2190 3578 vitae
2233 3523 2420 3577 virtuti
2453 3531 2837 3576 consentanea:
2864 3518 3250 3588 perfectionem
3299 3531 3401 3570 nos
3447 3515 3660 3568 ducere

2069 3615 2342 3684 cognovit.
2393 3612 2483 3665 Ait
2535 3611 2683 3665 enim
2747 3607 3050 3662 Dominus:
3105 3607 3182 3658 Ab
3241 3607 3385 3659 hisce
3443 3605 3664 3658 duobus

2072 3705 2337 3760 mandatis
2369 3703 2453 3756 lex
2514 3711 2624 3754 tota
2656 3700 2838 3767 pendet
2862 3717 2922 3752 ac
2952 3699 3218 3766 propheta
3246 3697 3314 3748 “.
3347 3695 3492 3749 Idem
3522 3711 3650 3749 vero

2069 3808 2173 3859 cst,
2201 3796 2315 3850 sive
2341 3793 2472 3863 quid
2503 3793 2688 3846 oneris
2725 3803 3055 3858 suspensum
3083 3788 3151 3842 de
3175 3795 3252 3850 te,
3279 3786 3394 3841 sive
3423 3785 3651 3854 imposi-

2073 3899 2185 3942 tum
2214 3886 2506 3942 sustineas.
2528 3883 2663 3937 Nam
2689 3884 2856 3937 robur
2879 3883 3048 3942 illius,
3072 3880 3165 3950 qui
3191 3879 3404 3948 pondus
3429 3878 3649 3945 aliquod

2073 3986 2514 4050 gestat,utroque
2537 3971 2698 4028 modo
2719 3973 3080 4030 Consimiliter
3107 3967 3651 4025 intemlilurJCtenim

2075 4071 2218 4124 ferre
2245 4065 2375 4121 illud
2393 4083 2458 4121 ex
2480 4082 2636 4136 aequo
2661 4065 2883 4130 dicitur,
2914 4064 3030 4118 sive
3057 4077 3360 4132 appensum
3389 4076 3531 4115 unus
3554 4061 3648 4121 sit,

2077 4162 2193 4216 sive
2216 4175 2386 4213 manu
2412 4157 2657 4226 subjecta
2681 4155 2812 4226 quid
2863 4162 3055 4225 gestet.
3093 4154 3274 4219 Quare
3315 4169 3437 4207 cum
3468 4151 3653 4205 Domi-

2081 4269 2182 4306 nus
2203 4251 2422 4321 quidem
2461 4249 2628 4312 dicat,
2683 4249 2750 4301 ab
2779 4248 2864 4302 his
2893 4248 3109 4300 duobus
3161 4245 3435 4298 mandatis
3481 4243 3674 4310 legem.

399 4336 498 4404 τῆς
531 4334 811 4404 δυνάμεως
841 4331 992 4394 τόνος
1017 4371 1032 4395 ,
1087 4328 1180 4382 τοῦ
1231 4326 1352 4379 καθ’
1394 4327 1651 4394 ἑκάτερον
1693 4324 1890 4394 τρόπον
1920 4323 1963 4374 τὶ

2086 4345 2394 4398 universam
2443 4356 2564 4393 cum
2592 4338 2872 4408 prophetis
2902 4335 3167 4405 pendere;
3219 4349 3420 4404 sponsa
3452 4348 3596 4386 vero-
3620 4348 3668 4384 a-

401 4426 562 4494 ἄχθος
591 4421 963 4494 βαστάζοντος.
992 4421 1149 4491 Φέρει
1181 4418 1287 4490 γάρ
1317 4416 1512 4487 ὁμοίως
1535 4416 1600 4468 δι’
1623 4414 1836 4477 ἑαυτοῦ,
1864 4413 1972 4466 εἴτε

403 4515 778 4586 ἐπηρτημένον
804 4515 914 4583 ἔχει
944 4513 1002 4565 τὸ
1027 4512 1210 4582 βάρος,
1233 4510 1345 4560 εἴτε
1376 4506 1750 4575 ύπολαμθάνοι
1779 4507 1845 4576 τῇ
1878 4521 1976 4556 πα-

402 4608 551 4678 λάμῃ
584 4607 644 4660 τὸ
687 4603 1107 4675 βασταζόμενον.
1168 4599 1319 4652 Ἐπεὶ
1361 4594 1454 4650 οὖν
1482 4599 1512 4650 ό
1553 4597 1650 4666 μὲν
1683 4596 1884 4666 Κύριος
1917 4597 1974 4648 ὲν

399 4698 625 4762 ταύταις
657 4696 788 4765 φησὶ
817 4697 936 4759 ταῖς
960 4693 1108 4746 δυσὶν
1135 4691 1374 4752 ἐντολαῖς
1403 4689 1520 4742 ὅλον
1552 4688 1644 4740 τὸν
1677 4687 1840 4756 νόμον
1882 4687 1985 4738 καὶ

399 4791 527 4851 τοὺς
562 4787 843 4858 προφήτας
870 4781 1208 4854 κρέμασθαι·
1251 4779 1346 4832 νῦν
1369 4779 1424 4832 δὲ
1451 4781 1483 4850 ἡ
1513 4779 1696 4848 νύμφη
1727 4777 1820 4830 δύο
1847 4777 1975 4830 στύ-

403 4878 514 4939 λοις
544 4877 637 4931 ἐπὶ
669 4876 882 4945 χρυσῶν
921 4871 1186 4942 θεμελίων
1220 4869 1476 4940 βεϐηκόσι
1513 4869 1873 4939 βαστάζεσθαι
1900 4867 1982 4920 λέ-

402 4985 487 5036 γει
517 4967 577 5020 τὸ
605 4966 763 5037 σῶμα
784 4983 797 4996 ·
847 4963 1027 5026 καλῶς
1057 4962 1123 5016 ἂν
1153 4961 1266 5032 ἔχοι
1311 4961 1444 5033 πρὸς
1473 4961 1570 5030 τὴν
1613 4959 1845 5030 θεωρίαν
1886 4959 1977 5012 τοῦ

405 5059 546 5112 κατά
575 5058 676 5120 τάς
704 5058 916 5127 κνήμας
939 5054 1278 5124 αἰνίγματος,
1306 5050 1750 5122 συμπαραλαϐεῖν
1772 5051 1870 5113 τὰς
1888 5049 1981 5102 δύο

405 5149 622 5213 ιντολάς
655 5149 889 5210 ὲκείνας.
945 5139 1046 5197 Ὧν
1085 5143 1181 5214 τὴν
1222 5143 1342 5212 μὲν,
1396 5140 1615 5213 πρώτην
1661 5141 1914 5212 ὀνομάζει
1954 5143 1983 5194 ό

408 5243 628 5313 Κύριος,
667 5243 768 5312 τὴν
801 5239 892 5303 δὲ,
937 5237 1128 5309 ὁμοίαν
1171 5239 1236 5306 τῇ
1285 5235 1473 5306 πρώτῃ
1522 5235 1722 5302 λέγων·
1776 5233 1835 5285 τὸ
1882 5234 1978 5303 μὲν

406 5337 625 5405 ἀγαπᾷν
659 5335 750 5387 τὸν
777 5333 908 5386 Θεὸν
934 5332 994 5397 ἐξ
1017 5329 1145 5400 ὅλης
1173 5329 1272 5398 τῆς
1304 5327 1526 5399 καρδίας
1560 5328 1650 5379 καὶ
1681 5326 1856 5396 ψυχῆς
1889 5328 1980 5380 καὶ

408 5426 708 5496 δυνάμεως,
729 5423 826 5494 τὴν
852 5420 1073 5494 πρώτην
1095 5419 1313 5490 ἐντολὴν
1345 5412 1482 5471 εἶναι
1505 5433 1517 5446 ·
1550 5415 1612 5469 τὸ
1639 5415 1695 5468 δὲ
1722 5416 1810 5468 τὸν
1841 5414 1977 5484 πλη-

465 5610 510 5638 ⁵³
544 5605 718 5660 Galat.
751 5621 812 5662 ιι.
836 5607 887 5659 9.
966 5605 1009 5636 ⁸³
1039 5603 1057 5657 1
1089 5602 1326 5657 'l‘itnotlt.
1357 5617 1436 5665 ιιι,
1479 5601 1530 5655 5.
1609 5600 1652 5629 ’δ’
1685 5597 1700 5650 Ι
1735 5597 1860 5651 Cor.
1905 5613 1984 5660 ιιι,
2025 5595 2106 5649 ll.

2079 4434 2290 4488 duabus
2317 4429 2606 4490 columnis,
2638 4443 2759 4497 quae
2792 4426 3161 4480 fundamentis
3186 4424 3368 4478 aureis
3401 4423 3654 4476 inuitan-

2081 4535 2190 4589 tttr,
2221 4523 2425 4592 gestari
2453 4537 2651 4589 corpus
2694 4525 3082 4573 commemoret
3110 4533 3124 4582 ;
3159 4523 3305 4569 recte
3336 4513 3652 4577 fecerimus,

2082 4616 2128 4670 si
2158 4614 2224 4667 ad
2255 4610 2766 4680 contemplationem
2803 4607 2967 4676 hujus
2995 4608 3063 4661 de
3088 4607 3346 4660 cruribus
3395 4605 3656 4674 aenigma-

2081 4705 2195 4768 εἰς,
2269 4703 2380 4758 duo
2450 4703 2540 4756 illa
2616 4700 2867 4754 mandata
2954 4697 3388 4752 adhibueritnus.
3451 4694 3654 4749 Eorum

2080 4789 2350 4866 alterum,
2410 4799 2642 4868 primum
2711 4796 2946 4865 appellat
3011 4794 3311 4859 Dominus,
3373 4794 3605 4848 alterum
3638 4835 3652 4856 ,

2080 4891 2256 4956 primo
2279 4889 2474 4944 simile.
2503 4884 2682 4955 lnquit
2702 4887 2873 4948 enim,
2901 4885 3070 4938 Deum
3093 4891 3207 4937 toto
3234 4882 3425 4945 corde,
3457 4893 3511 4938 et
3543 4883 3656 4936 ani-

2085 4997 2194 5063 me,
2247 4988 2301 5034 et
2355 4979 2614 5033 facultate
2651 4979 2846 5030 virium
2883 4977 3131 5046 diligere,
3194 4977 3508 5029 mandatum
3547 4976 3658 5042 pri-

2084 5089 2230 5127 mum
2256 5087 2408 5137 esse;
2434 5071 2739 5139 proximum
2795 5083 2923 5121 vero
2949 5068 3178 5136 diligere
3207 5067 3365 5135 quasi
3391 5065 3653 5132 seipsum,

2083 5162 2204 5229 eius
2235 5176 2361 5215 vero
2393 5159 2631 5213 mandati
2665 5159 2772 5212 vim
2807 5173 2990 5227 parem
3020 5173 3163 5216 esse.
3199 5172 3320 5226 quae
3349 5156 3419 5210 sit
3470 5153 3652 5223 primi.

2087 5253 2288 5305 Paulus
2319 5251 2503 5314 etiam,
2553 5248 2682 5303 dum
2744 5249 2900 5318 quasi
2933 5247 3222 5316 quamdam
3265 5247 3507 5307 donmm,
3537 5258 3657 5310 qua:

2089 5345 2256 5397 Deum
2285 5342 2803 5412 excipiat,tnagnutu
2834 5341 2986 5392 illum
3018 5339 3360 5391 Timotheum
3396 5333 3652 5395 exstruit,

2088 5436 2226 5489 duas
2252 5435 2416 5488 hasce
2447 5433 2732 5487 columnas
2793 5431 2846 5482 in
2893 5446 2959 5484 co
2986 5430 3201 5486 statuit.
3238 5439 3464 5494 quarum
3496 5421 3653 5478 alteri

2187 5593 2231 5623 “
2251 5591 2435 5646 λιιιιιιι.
2468 5605 2527 5653 ιι,
2549 5588 2636 5640 ιιι.
