3996 6196
249 207 384 266 1381

1254 214 1322 271 ΙΝ
1361 216 1654 275 CANTICA
1693 219 1966 282 CANTIC.
2007 223 2291 281 HOMILIA
2333 224 2469 280 XIV.

3368 222 3514 280 {089

243 322 356 378 τῶν
383 323 776 394 κυριευόντων-ο
803 325 916 397 ἔχει
951 325 1220 392 κάκεῖνος,
1255 330 1397 384 κατὰ
1435 331 1536 404 τὴν
1574 333 1821 388 Ἀποστός

1932 337 2074 408 apud
2102 353 2292 394 verum
2321 351 2501 408 regem
2537 353 2560 403 ς
2605 345 2661 390 et
2716 337 3022 394 daemonum
3087 335 3332 406 legiones
3361 339 3504 406 apud

244 413 338 467 λου
387 413 593 486 φωνήν,
635 416 812 488 ἀρχάς
841 435 902 471 τε
945 418 1041 473 καὶ
1069 419 1348 486 ἐξουσίας,
1391 424 1485 477 καὶ
1531 425 1821 496 δυνάμεις,

241 506 344 568 τὰς
369 508 842 578 καταργωμένας.
875 509 1004 564 ὅταν
1043 509 1210 582 μέλλῃ
1243 512 1306 566 16
1344 514 1512 568 κακὸν
1549 518 1628 580 εἰς
1654 517 1716 571 16
1747 519 1821 590 μὴ

243 596 304 650 δν
326 597 709 666 ἀφανίζεσθαι.
745 601 935 656 Ὅταν
970 601 1081 672 γὰρ
1105 604 1454 676 καταργήσῃ
1475 645 1489 669 ,
1516 610 1669 678 φησὶ,
1713 610 1824 665 πᾶ-

243 702 370 741 σαν
399 688 616 757 ἀρχὴν,
639 689 738 744 καί
758 691 1068 757 ἐξουσίαν,
1095 693 1192 748 καί
1221 694 1496 765 δύναμιν.
1540 697 1662 751 Ἐπὶ
1702 699 1824 767 Θρό-

243 795 340 832 νου
374 778 562 848 βλέπει
590 782 618 833 6
647 783 931 854 προφήτης
962 783 1052 836 16v
1083 784 1303 854 βασιλέα
1333 787 1430 856 τῆς
1467 786 1623 860 δόξης
1655 789 1824 861 καθή-

246 886 430 940 μενον,
464 871 550 940 ἐφ’
577 871 782 943 ὑψηλοῦ
812 893 872 928 τε
895 876 988 928 καὶ
1015 877 1347 947 ἐπηρμένου,
1378 879 1626 943 κάκεῖνος
1651 882 1824 950 ἐπαγ·

243 967 492 1034 τέλλεται
528 969 717 1040 θήσειν
743 972 926 1026 ἐπάνω
949 973 1059 1026 τῶν
1089 974 1304 1045 ἂστρων
1331 976 1423 1029 τὸν
1453 977 1580 1030 ῖδιον
1613 977 1822 1049 Θρόνον,

243 1057 389 1111 ὥστε
408 1055 548 1114 εἶναι
585 1063 768 1131 ὅμοιον
797 1064 876 1133 τῷ
903 1064 1158 1134 ’Υψίστιμ
1201 1066 1374 1138 Σκεύη
1411 1067 1640 1139 ἐκλογῆς
1666 1071 1722 1122 ἐν
1754 1072 1820 1142 τῇ

246 1147 462 1220 μεγάλῃ
502 1149 698 1204 ἑαυτοῦ
731 1152 877 1223 οἰκία
921 1155 950 1206 6
993 1153 1089 1206 τοῦ
1128 1154 1328 1218 παντὸς
1365 1155 1476 1226 ἔχει
1525 1158 1821 1228 Δεσπότης,

244 1236 358 1305 ἔχει
395 1238 646 1301 κάκεῖνος
689 1239 856 1310 σκεύη
896 1242 1066 1312 ὀργῆς
1111 1245 1518 1314 κατηρτισμένα
1554 1249 1631 1309 εἰς
1671 1246 1823 1300 ἀπώ-

241 1324 415 1382 λειαν.
443 1328 610 1380 Πάλιν
647 1327 792 1400 ζωήν
830 1331 924 1382 καὶ
968 1332 1189 1402 εἰρήνην
1219 1333 1285 1385 δι’
1315 1332 1560 1401 ἀγγέλων
1600 1337 1824 1405 χορηγεῖ

239 1421 356 1480 τοῖς
389 1419 556 1483 ἀξίοις
580 1421 612 1486 6
647 1421 754 1472 τῶν
794 1421 1041 1489 ἀγγέλων
1080 1421 1313 1491 Κύριος·
1347 1424 1599 1487 κάκεῖνος
1627 1424 1818 1494 θυμὸν,

241 1511 339 1564 καὶ
385 1511 574 1581 ὀργὴν,
617 1512 710 1564 καὶ
753 1511 930 1580 Θλίψιν
967 1511 1280 1565 ἀποστέλλει
1317 1513 1406 1566 διὰ
1431 1512 1538 1567 τῶν
1578 1515 1821 1582 ἀγγέλων

239 1601 352 1654 τῶν
396 1602 680 1672 πονηρῶν(
709 1602 820 1656 Καὶ
846 1601 898 1655 τί
940 1603 1044 1674 χρὴ
1089 1603 1156 1656 τὰ
1194 1602 1314 1655 καθ’
1355 1603 1582 1658 ἕκαστον
1621 1605 1818 1673 λέγειν,

1931 427 2233 498 principem
2288 425 2583 497 potestatis
2619 427 2966 480 tenebrarum
2995 426 3062 479 ".
3130 424 3504 496 Principatus,

1929 525 2250 587 potestates,
2277 519 2446 587 copiae
2479 517 2715 572 subsunt
2744 515 2876 586 Regi
2913 532 3123 587 regum,
3169 525 3223 571 et
3266 516 3511 574 Domino-

1929 609 2373 665 dominatorum:
2437 609 2624 665 itidem
2686 619 2741 665 et
2801 609 2940 664 alter
2993 609 3505 678 (quemadmodum-

1929 698 2222 769 Apostolus
2262 701 2380 769 ait)
2420 700 2582 754 habet
2613 698 2865 769 imperia,
2919 706 3238 768 potestates,
3286 699 3508 770 copias,

1928 805 2051 860 qua:
2079 791 2513 862 abrogabuntur,
2548 806 2670 845 cum
2703 791 2903 844 malum
2936 789 2990 842 in
3025 789 3254 843 nihilum
3287 789 3500 860 redige-

1929 885 2038 933 tur.
2070 878 2211 932 Sunt
2239 879 2386 933 enim
2421 879 2535 932 haec
2565 877 2812 947 Apostoli
2849 877 3015 937 verba
3045 895 3058 931 :
3097 875 3232 930 Cum
3267 875 3499 930 absolve-

1929 967 2000 1020 rit
2064 984 2266 1023 omnem
2303 969 2683 1037 principatum,
2717 977 2767 1022 et
2796 983 3028 1020 ‘omnem
3081 976 3414 1035 potestatem,
3447 975 3504 1022 et

1929 1075 2132 1113 omnem
2155 1062 2403 1113 virtutem
2430 1061 2496 1114 ⁸ο.
2536 1059 2728 1114 Cernit
2756 1059 3015 1129 propheta
3072 1059 3166 1114 ille
3219 1061 3495 1114 sedentem

1928 1151 2150 1207 sublimi
2183 1167 2247 1206 ac
2275 1153 2484 1206 elevato
2517 1151 2572 1205 in
2627 1149 2766 1204 solio
2816 1165 2996 1220 regem
3049 1150 3254 1220 gloriae,
3312 1149 3496 1204 itidem

1927 1244 2020 1298 ille
2050 1244 2250 1298 solium
2307 1260 2466 1298 suum
2527 1257 2695 1312 supra
2744 1241 2925 1297 sidera
2983 1256 3046 1296 se
3092 1241 3495 1296 collocaturqu

1926 1335 2234 1404 proﬁtetur,
2273 1336 2346 1388 ita
2376 1343 2433 1389 ut
2463 1335 2748 1389 Altissimo
2771 1334 2843 1388 sit
2872 1333 3090 1388 similis.
3120 1331 3293 1388 Habet
3318 1331 3500 1401 ampla

1927 1425 1984 1480 in
2041 1426 2204 1480 deme
2265 1441 2362 1482 sua
2397 1425 2662 1479 Dominus
2696 1425 2939 1480 universi
2989 1437 3120 1478 vasa
3167 1423 3494 1479 electionis:

1927 1517 2112 1572 itidem
2146 1518 2234 1571 ille
2267 1533 2392 1571 vasa
2437 1518 2532 1571 ira:
2591 1517 2780 1577 habet,
2837 1525 3149 1584 comparata
3209 1514 3276 1569 ad
3307 1513 3496 1568 interi-

1928 1617 2038 1661 tum
2062 1609 2128 1661 ⁸³.
2151 1607 2418 1662 Prmterca
2448 1609 2610 1661 vitam
2631 1615 2684 1662 et
2715 1621 2901 1677 pacem
2934 1621 3029 1672 per
3059 1606 3284 1676 angelos
3312 1605 3494 1675 dignis

238 1692 309 1744 δι’
343 1685 418 1744 ὧν
456 1693 598 1745 κατὰ
629 1693 688 1746 τὸ
715 1694 956 1748 ἐναντίον
991 1695 1374 1768 ἀντεπαίρεται
1417 1698 1554 1767 πρὸς
1599 1698 1698 1770 τὴν
1727 1699 1821 1752 τοῦ

1926 1696 2237 1766 suppeditat
2271 1697 2590 1763 angelorum
2627 1695 2936 1760 Dominus;
2988 1693 3153 1749 etiam
3204 1693 3293 1747 ille
3343 1691 3496 1747 luro-

238 1779 450 1846 ὰγαθοῦ
483 1780 642 1849 φύσιν
671 1784 699 1835 6
732 1783 1128 1853 ἀντικείμενος;

1923 1802 2057 1848 rem.
2089 1797 2142 1842 et
2172 1787 2400 1846 iram.et
2433 1785 2784 1842 aﬂiictionem
2816 1800 2912 1855 per
2943 1785 3240 1840 sceleratos
3275 1785 3500 1856 angelos

239 1874 485 1928 immittit
517 1876 585 1932 ⁸¹.
611 1875 676 1931 Ει
713 1877 842 1947 quid
873 1893 1009 1948 opus
1053 1888 1138 1934 est
1176 1880 1388 1952 singula
1427 1897 1872 1947 commemorare,
1934 1897 2024 1952 per
2081 1897 2200 1953 quae
2246 1881 2597 1937 adversarius.
2643 1883 2730 1936 ille
2784 1891 2973 1936 contra
3024 1889 3273 1936 naturam
3323 1878 3498 1949 ipsius

237 1966 370 2021 boui
404 1983 526 2023 sese
568 1970 771 2040 erigit?
807 1959 812 1963 ’

322 2060 478 2113 Ἐπεὶ
503 2055 596 2112 οὖν
627 2061 766 2114 κατά
792 2063 852 2116 16
881 2065 1153 2136 αἰσθητὸν,
1183 2065 1478 2136 περιφανές
1499 2066 1612 2119 ἐστι
1639 2066 1819 2137 θέαμα

235 2150 298 2205 τὸ
326 2151 453 2221 ὅρος
484 2153 514 2204 6
557 2152 784 2216 Λίϐανος
820 2157 1154 2226 πανταχόθεν
1185 2159 1304 2220 ταῖς
1347 2156 1576 2226 ρψηλαίς
1609 2159 1819 2229 κέδροις

239 2241 554 2311 συνηρεφής
589 2257 649 2292 τε
702 2243 794 2294 καὶ
836 2243 1039 2307 λάσιος,
1087 2244 1276 2297 τούτου
1322 2245 1484 2315 χάριν
1539 2246 1672 2315 πρὸς
1725 2245 1822 2309 τὰς

237 2330 494 2394 ἐναντίας
540 2331 770 2398 ἐννοίας,
823 2333 909 2386 διὰ
951 2333 1057 2387 τῶν
1111 2335 1252 2388 κατὰ
1312 2334 1371 2388 16
1428 2336 1820 2408 ἐμφαινόμενον

238 2418 660 2489 ὑποδειγμάτων
696 2421 800 2474 ὑπὸ
836 2423 936 2492 τῆς
972 2423 1196 2495 Γραφῆς
1225 2425 1286 2477 16
1348 2428 1472 2498 ὅρος
1516 2427 1817 2497 μερίζεται,

237 2513 568 2582 προσφόρως
601 2513 1007 2585 λαμϐανόμενον
1054 2517 1174 2572 καθ’
1202 2519 1478 2591 ἑκάτερον.
1517 2522 1624 2574 Καὶ
1650 2520 1820 2583 οὕτως

238 2602 359 2658 ἐστι
393 2604 546 2673 παρὰ
574 2608 685 2669 τοῖς
713 2607 893 2671 αὐτοῖς
923 2610 1230 2680 προφήταις
1257 2612 1384 2664 ίδεῖν
1415 2613 1475 2664 16
1496 2613 1626 2666 αὐτὸ
1650 2613 1819 2684 ὄνομα

235 2693 383 2746 κατά
407 2694 506 2765 τὴν
533 2695 639 2749 τῶν
662 2697 1002 2768 δηλουμένων
1023 2700 1304 2771 διαφοράν,
1329 2703 1735 2773 ἐπαινουμένων,
1759 2720 1819 2756 τε

235 2780 332 2834 καὶ
363 2781 758 2853 ηκιζομὲνων.
791 2785 903 2839 Νῦν
937 2787 1033 2857 μὲν
1054 2787 1160 2859 γάρ
1191 2790 1462 2861 συντρίϐει
1491 2791 1690 2863 Κύριος
1718 2791 1821 2856 τὰς

235 2873 466 2944 κέδρους
495 2874 587 2928 τοῦ
621 2876 873 2942 Λιϐάνου,
903 2879 996 2932 καὶ
1022 2879 1138 2932 ὅλον
1163 2880 1252 2933 16v
1283 2881 1512 2934 Λίϐανον
1547 2883 1682 2952 μετὰ
1708 2883 1818 2937 τῶν

233 2952 296 3016 ὶν
333 2965 486 3036 αὐτῷ
519 2967 725 3035 κέδρων
756 2967 1025 3034 λεπτύνει,
1059 2969 1181 3023 καθ’
1213 2971 1505 3042 ὁμοιότητα
1539 2973 1632 3026 τοῦ
1665 2974 1818 3028 εἰδω-

1983 2063 2118 2117 Cum
2157 2060 2322 2131 igitur
2349 2059 2472 2130 ejus
2499 2060 2733 2123 ratione,
2763 2057 2908 2126 quod
2946 2058 3050 2112 sub
3085 2072 3284 2114 sensus
3326 2057 3496 2123 cadit,

1918 2153 2136 2207 illustre
2199 2151 2479 2221 quoddam
2520 2149 2893 2220 spectaculum
2929 2149 3005 2204 sit
3059 2163 3217 2204 mons
3259 2146 3499 2203 Libanus

1922 2227 2167 2313 undique
2195 2241 2532 2297 sublimibus
2575 2239 2756 2295 cedris
2791 2254 2997 2309 opacus
3032 2253 3096 2294 ac
3133 2239 3340 2295 densus
3363 2279 3379 2304 ,
3419 2239 3503 2294 id-

1917 2335 2068 2390 circo
2101 2334 2351 2388 diversos
2383 2333 2436 2386 in
2469 2346 2666 2387 sensus
2709 2331 2922 2386 ratione
2950 2330 3098 2384 illius
3138 2329 3283 2399 quod
3317 2332 3498 2386 cerni-

1924 2434 2036 2490 tur,
2079 2426 2134 2479 in
2160 2425 2336 2479 sacris
2369 2423 2592 2478 Litteris
2625 2423 2786 2492 quasi
2846 2421 3130 2483 dividitur,
3179 2429 3305 2491 apte
3336 2431 3502 2493 atque

1924 2519 2122 2572 idonee
2151 2525 2438 2586 utramque
2472 2514 2527 2568 in
2556 2523 2764 2584 partem
2797 2521 3079 2584 sumptus.
3098 2512 3285 2583 quue
3315 2513 3501 2570 videre

1921 2614 2008 2661 est
2043 2605 2184 2659 idem
2216 2603 2545 2658 vocabulqu
2597 2603 2744 2673 apud
2789 2602 3009 2658 eosdem
3046 2602 3367 2672 prophetas,
3401 2617 3502 2672 pro

1921 2695 2352 2767 signiﬁcaturum
2411 2693 2750 2757 diversitate,
2808 2700 2920 2746 tam
2965 2693 3019 2746 in
3076 2693 3276 2757 laude,
3335 2705 3498 2763 quam

1921 2789 2053 2842 vitio
2085 2789 2346 2857 positum.
2383 2785 2540 2840 Modo
2589 2787 2738 2840 enim
2771 2786 3008 2840 conterit
3064 2785 3260 2841 cedrus
3307 2783 3500 2843 Libani

1923 2879 2208 2941 Dominus,
2243 2887 2298 2933 et
2326 2878 2641 2932 universum
2683 2875 2947 2932 Libanum
2981 2894 3088 2932 una
3140 2893 3265 2934 cum
3316 2879 3500 2936 cedris
3591 2883 3602 2894 ’

1921 2971 1976 3024 in
2007 2985 2072 3026 eo
2102 2970 2428 3025 comminuit
2454 2970 2627 3025 instar
2655 2969 2778 3038 ejus
2814 2969 2966 3023 vituli
3003 2970 3068 3035 ⁸³,
3103 2971 3195 3040 qui
3229 2971 3282 3024 in
3318 2971 3500 3026 solitu-

235 3054 620 3126 λοποιηθέντος
656 3059 859 3129 μόσχου
889 3061 946 3113 ὲν
977 3063 1041 3131 τῇ
1074 3062 1284 3133 ἐρήμῳ.
1315 3062 1413 3116 Διά
1441 3063 1598 3118 τοῦτο
1629 3067 1661 3134 ή
1689 3083 1821 3138 προ-

1926 3060 2054 3117 dine
2084 3077 2182 3130 pro
2214 3060 2360 3116 idolo
2394 3060 2696 3116 fabricatus
2719 3070 2878 3116 erat:
2925 3059 3124 3130 quibus
3160 3061 3341 3116 verbis
3371 3061 3500 3116 Pro-

237 3147 438 3215 φητεία
478 3147 824 3219 παρίστησιν,
859 3152 941 3204 ὅτι
972 3153 1109 3224 αὐτή
1142 3169 1199 3205 τε
1230 3154 1262 3223 ή
1295 3154 1462 3208 κακία
1489 3157 1582 3210 καὶ
1621 3158 1728 3210 πᾶν
1761 3158 1818 3226 ἐξ

236 3237 411 3307 αὐτῆς
451 3238 652 3309 ὕψωμα
699 3241 758 3294 τὸ
798 3242 936 3295 κατὰ
977 3245 1074 3314 τῆς
1125 3243 1378 3314 γνώσεως
1414 3245 1508 3300 τοῦ
1547 3247 1681 3300 Θεοῦ
1721 3250 1820 3301 ὲπ-

233 3330 496 3401 ηρμένον,
522 3332 601 3394 εἰς
621 3331 682 3386 16
710 3333 784 3402 μὴ
811 3332 870 3385 ὃν
895 3336 1303 3404 περιστήσεται.
1331 3336 1446 3390 Νῦν
1469 3336 1526 3389 δὲ
1551 3337 1612 3390 16
1638 3339 1822 3410 κρεῖτ-

232 3438 328 3475 τον
368 3421 535 3474 αὑτοῦ
585 3423 990 3494 μεταλαμϐάνει
1020 3426 1117 3497 τὴν
1152 3427 1430 3498 σημασίαν
1471 3427 1680 3496 λέγων’
1724 3429 1821 3480 Δί-

234 3530 407 3580 καιος
457 3516 540 3580 ὡς
580 3515 782 3584 φοῖνιξ
818 3517 1090 3584 ἀνθήσει,
1125 3518 1268 3572 ὡσεί
1310 3517 1520 3588 κέδρος
1555 3519 1594 3586 ἠ
1632 3519 1704 3572 ἐν
1741 3517 1823 3584 τῷ

233 3604 473 3669 Λιϐάνῳ
529 3606 1038 3674 πληθυνθήσεται.
1102 3608 1159 3662 '0
1206 3607 1312 3679 γὰρ
1360 3608 1574 3678 ἀληθῶς
1617 3609 1821 3672 δίκαιος

234 3695 250 3763 (
276 3694 487 3765 Κύριος
526 3690 587 3747 δέ
618 3696 768 3750 ἐστιν
792 3697 820 3748 6
841 3697 1089 3767 δίκαιος),
1114 3699 1142 3750 6
1179 3698 1244 3751 δι’
1277 3699 1424 3769 ἡμᾶς
1457 3699 1519 3750 ὲκ
1556 3701 1658 3770 γῆς
1689 3699 1821 3752 ἀνα-

233 3782 405 3853 σχὼν,
449 3785 651 3847 ἐκεῖνος
695 3787 724 3838 6
756 3785 1018 3856 ὑψίκομος
1062 3787 1276 3855 φοῖνιξ,
1316 3789 1345 3841 6
1376 3788 1436 3840 ὲν
1483 3789 1549 3858 τῇ
1592 3786 1691 3858 ὕλῃ
1725 3787 1822 3859 τῆς

232 3871 455 3941 φύσεως
501 3872 657 3942 ἡμῶν
697 3874 1004 3938 ἀνατείλας,
1043 3875 1168 3946 ὅρος
1209 3875 1417 3944 γίνεται
1460 3877 1580 3938 ταῖς
1612 3859 1823 3946 κέδροὶς

231 3962 346 4015 τῶν
379 3963 713 4032 ῥιξουμένων
751 3963 840 4017 διὰ
869 3964 1102 4029 πίστεως
1128 3967 1186 4020 ὲν
1213 3965 1365 4036 αὑτῷ
1399 3965 1820 4036 πληθυνόμενος,

233 4054 443 4115 αἵτινες
481 4054 608 4106 ὅταν
645 4056 704 4106 ὲν
741 4054 819 4125 τῷ
859 4055 992 4126 οἴκῳ
1026 4055 1122 4109 τοῦ
1162 4056 1293 4110 Θεοῦ
1341 4056 1712 4126 φυτευθῶσιν,
1763 4057 1822 4108 ὲν

233 4147 361 4207 ταῖς
403 4145 592 4209 αὐλαῖς
625 4145 718 4198 τοῦ
752 4146 884 4199 Θεοῦ
920 4147 1076 4218 ήμῶν
1122 4147 1526 4217 ἐξανθήσουσιν.
1564 4144 1723 4201 Οἶκον
1765 4145 1823 4200 δὲ

232 4237 336 4307 τὴν
388 4236 713 4307 Ἐκκλησίαν
751 4237 890 4291 κατὰ
928 4238 1023 4308 τὴν
1050 4238 1142 4291 τοῦ
1192 4239 1511 4292 Ἀποστόλου
1549 4238 1822 4308 ὑφήγησιν

233 4330 636 4399 ἐνενοήσαμεν·
669 4331 724 4382 ὲν
765 4324 809 4398 ᾧ
844 4330 1051 4398 γίνεται
1095 4330 1128 4401 ή
1171 4330 1278 4384 τῶν
1324 4329 1528 4400 κέδρων
1559 4327 1652 4381 τοῦ
1685 4325 1820 4381 Θεοῦ

1927 3157 2088 3226 pheta
2114 3155 2313 3210 docere
2346 3155 2482 3216 vult,
2517 3153 2692 3223 ipsam
2722 3152 2990 3207 malitiam
3049 3160 3103 3209 et
3161 3169 3378 3208 omnem
3410 3169 3500 3208 or-

1927 3254 2038 3298 tam
2069 3261 2135 3298 ex
2166 3260 2229 3298 ea
2260 3243 2678 3307 sublimitatem,
2712 3242 2980 3298 adversus
3007 3245 3370 3315 cognitionem
3408 3243 3500 3298 Dei

1927 3350 1986 3390 se
2020 3335 2340 3405 erigentem,
2406 3333 2460 3388 in
2520 3334 2750 3388 nihilum
2785 3333 3136 3404 redigendam
3173 3349 3315 3390 esse.
3354 3335 3520 3391 Alias

1928 3441 2056 3480 vero
2115 3427 2400 3480 meliorem
2437 3425 2492 3479 in
2550 3433 2757 3494 partem
2819 3426 3080 3488 sumitur,
3121 3435 3180 3479 ut
3210 3440 3332 3480 cum
3370 3427 3503 3480 Pro-

1928 3517 2086 3587 pheta
2125 3515 2266 3570 idem
2299 3516 2374 3570 ait
2403 3535 2416 3570 :
2452 3513 2641 3569 Justus
2677 3525 2733 3568 ut
2767 3516 2946 3583 palma
2973 3515 3203 3584 μοι-εὔει,
3234 3527 3292 3570 ut
3315 3518 3501 3588 cedrus

1927 3609 1980 3662 in
2036 3606 2240 3660 Libano
2301 3606 2718 3674 ampli/imbitur
2765 3606 2834 3660 “.
2885 3605 3019 3660 Nam
3069 3621 3259 3660 revera
3315 3606 3501 3676 justus

1929 3701 1946 3770 (
1979 3700 2240 3754 Dominus
2273 3707 2455 3752 autem
2489 3706 2574 3753 est
2602 3698 2788 3768 justus
2835 3698 2966 3767 ille)
3015 3698 3108 3768 qui
3144 3707 3367 3768 propter
3401 3714 3501 3755 nos

1927 3802 2082 3846 ortus
2116 3798 2204 3846 est
2245 3791 2314 3845 de
2351 3799 2494 3844 terra
2523 3807 2538 3844 :
2573 3790 2620 3844 is
2661 3789 2829 3858 igitur
2857 3800 2942 3844 est
2978 3789 3229 3843 alticoma
3262 3789 3350 3843 iHa
3384 3790 3499 3859 pal-

1928 3898 2036 3944 ma,
2076 3897 2200 3951 qua:
2237 3889 2427 3937 exorta
2468 3881 2522 3934 in
2558 3887 2767 3936 naturae
2795 3889 2997 3936 nostra:
3029 3882 3185 3946 silva,
3224 3895 3382 3936 mons
3422 3884 3500 3943 lit,

1927 3983 2086 4028 aucta
2111 3972 2291 4035 cedi-is
2319 3988 2532 4037 eorum,
2571 3973 2665 4043 qui
2703 3988 2798 4042 per
2827 3973 2986 4028 [idem
3023 3973 3090 4028 in'
3133 3974 3252 4043 ipso
3289 3972 3501 4028 radices

1926 4069 2117 4131 agunt,
2167 4078 2289 4132 quae
2329 4061 2549 4132 quidem
2584 4061 2735 4116 cedri
2795 4077 2921 4115 cum
2982 4061 3239 4132 plantatze
3293 4061 3347 4115 in
3410 4060 3500 4115 Dei

1927 4154 2091 4210 domo
2122 4153 2350 4218 fuerint,
2396 4155 2450 4207 in
2484 4153 2640 4209 atriis
2670 4152 2764 4208 Dei
2804 4154 2980 4208 nostri
3022 4145 3326 4209 ﬂorebunt,
3351 4151 3501 4207 lianc

1928 4251 2111 4298 autem
2139 4244 2362 4298 domum
2403 4241 2706 4298 Ecclesiam
2737 4259 2860 4299 esse
2912 4243 3291 4312 intelligimus,
3351 4243 3498 4312 Apo-

1929 4335 2127 4389 stolum
2189 4334 2402 4389 secuti:
2444 4335 2498 4388 in
2538 4349 2644 4403 qua
2698 4333 2845 4390 cedri
2890 4332 2986 4387 Dei
3043 4334 3498 4388 conseruntur”.

234 4421 456 4489 φυτεία.
489 4420 669 4484 Λὺλὰς
705 4421 762 4473 δὲ
799 4421 897 4483 τάς
925 4421 1174 4484 αἰωνίους
1204 4421 1428 4492 σκηνὰς.
1459 4423 1516 4473 ὲν
1542 4415 1630 4484 αἷς
1655 4421 1688 4492 ή
1716 4418 1820 4472 τῶν

1927 4424 2028 4481 Per
2059 4425 2197 4478 atria
2231 4441 2361 4479 vero
2395 4432 2596 4480 aeterna
2633 4425 2725 4478 illa
2790 4423 3149 4480 tabernacula
3179 4423 3500 4494 accipimus,

232 4511 460 4580 ἀγαθῶν
501 4507 730 4564 ἐλπίδων
764 4511 1050 4581 ἐξάνθησίς
1092 4527 1152 4563 τε
1217 4513 1309 4564 καὶ
1357 4509 1662 4580 φανέρωσις
1707 4511 1822 4572 τοῖς

235 4601 540 4674 καθήκουσι
561 4602 771 4672 χρόνοις
793 4604 1100 4672 γενήσεται.
1139 4601 1352 4671 Ἐπειδὴ
1374 4601 1549 4653 τοίνυν
1574 4600 1635 4653 16
1658 4597 1821 4669 σῶμα

235 4693 334 4749 τοῦ
357 4693 595 4764 Χριστοῦ
613 4692 700 4751 διὰ
721 4694 827 4748 τῶν
845 4693 966 4747 καθ’
987 4693 1216 4746 ἕκαστον
1232 4691 1597 4763 ὲκπληροῦται
1618 4690 1818 4762 μελῶν·

229 4773 322 4840 ’τὰ
341 4783 452 4850 γὰρ
468 4783 856 4852 πολλὰμέλη,
870 4782 940 4836 ἐν
953 4783 1124 4853 σῶμα
1150 4784 1394 4853 γίνεται,
1409 4781 1590 4846 καθώς
1605 4799 1767 4853 φησιν
1788 4783 1819 4836 6

247 4872 574 4937 ’Λπόστολος
593 4893 610 4907 ο
642 4873 829 4927 τούτου
873 4873 1032 4945 χάριν
1060 4873 1177 4928 ὅλον
1207 4873 1268 4926 τὸ
1291 4872 1384 4926 τοῦ
1417 4873 1651 4944 νυμφίου
1683 4873 1818 4927 κάλ·

232 4962 328 5028 λος
372 4963 465 5016 16v
509 4965 762 5018 ἐκλεκτὸν
795 4965 1046 5036 ὠνόμασε
1101 4964 1362 5031 Λίϐανον,
1411 4965 1512 5035 τὴν
1552 4965 1686 5036 πρὸς
1729 4965 1820 5019 τὸν

231 5055 548 5125 ἀπόϐλητον
571 5056 797 5109 Λίϐανον
818 5056 1080 5128 διαφοράν
1099 5057 1175 5127 τῷ
1197 5055 1436 5128 ἐκλεκτῷ
1455 5056 1819 5110 διαστείλασα.

247 5151 488 5212 Ἐκεῖνος
517 5150 624 5221 γάρ
647 5151 794 5202 ἐστιν
821 5152 850 5204 ὁ
888 5151 1117 5209 Λίϐανος
1149 5150 1290 5203 κατὰ
1319 5151 1407 5203 τὸν
1446 5142 1694 5214 Ἦσαίαν,
1723 5151 1819 5204 σὺν

230 5247 352 5306 τοῖς
389 5242 612 5314 ὑψηλοῖς
655 5241 1017 5312 πεσούμενος,
1065 5243 1193 5296 ὃταν
1232 5244 1294 5296 ὲκ
1343 5243 1441 5312 τῆς
1477 5241 1570 5294 τοῦ
1622 5241 1821 5299 Ἰεσσαὶ

238 5334 400 5406 ῥίζης
441 5334 695 5409 ἀνατείλῃ
727 5335 787 5388 16
816 5334 997 5399 ἄνθος,
1038 5336 1131 5388 καὶ
1157 5336 1190 5406 ή
1218 5335 1315 5408 τῆς
1341 5333 1587 5399 ἐξουσίας
1628 5333 1820 5405 ῥάϐδος

314 5533 590 5589 "Coloss.
620 5534 764 5598 1,15.
840 5531 888 5564 ⁸⁰
914 5531 954 5585 ΙΙ
978 5531 1101 5586 Cur.
1139 5548 1224 5594 xv,
1258 5533 1347 5586 ‘25.
1385 5533 1427 5564 ⁸⁸
1460 5533 1613 5587 Ιὶ-ιιιι.
1640 5549 1713 5596 ικ,
1761 5533 1850 5588 2|.

1197 5605 1240 5634 3"
1272 5603 1288 5657 ι
1315 5603 1438 5658 Cur.
1479 5621 1575 5671 an,
1613 5604 1693 5659 Η.
1773 5605 1813 5634 ³⁷
1844 5602 1947 5656 lsa.
1980 5618 2032 5667 ι,
2057 5604 2160 5668 5i;
2202 5619 2273 5670 XI,
2313 5602 2356 5654 ί·

232 5618 356 5668 xca,
392 5605 451 5659 l3
476 5621 596 5674 sqq.
675 5605 720 5636 "
763 5601 921 5659 lium.
943 5618 1018 5668 ιι,
1048 5602 1127 5659 l7.

1929 4515 1982 4570 in
2013 4516 2214 4584 quibus
2239 4523 2294 4570 ct
2319 4514 2513 4569 ﬂorent
2537 4530 2667 4584 spes
2705 4515 2881 4578 bonae,
2914 4523 2968 4570 et
2999 4530 3101 4569 suo
3131 4523 3372 4585 tempore
3408 4532 3496 4586 pa.

1927 4605 2139 4660 teiiunt.
2170 4604 2353 4670 Quare
2384 4620 2508 4674 rum
2536 4604 2742 4658 Christi
2775 4619 2978 4674 corpus
3009 4619 3104 4674 per
3126 4605 3363 4658 membra
3393 4605 3512 4659 sin-—

1923 4695 2049 4764 gula
2095 4693 2187 4747 ﬁat
2231 4694 2528 4763 integrum,
2594 4691 2837 4747 Mentha
2884 4694 3023 4746 enim
3078 4693 3249 4746 multa
3309 4708 3502 4762 corpus

1922 4802 2085 4839 unum
2135 4786 2291 4854 ﬁunt,
2355 4784 2531 4853 inquit
2584 4784 2877 4854 Apostolus
2921 4784 2990 4846 “,
3045 4799 3164 4838 eam
3211 4783 3383 4852 ipsam
3432 4784 3506 4838 ob

1917 4892 2139 4933 causam
2206 4882 2376 4929 totam
2419 4874 2608 4944 sponsi
2665 4881 3001 4929 venustatem
3055 4872 3350 4943 appellavit
3389 4873 3504 4927 elc-

1919 4977 2066 5022 ctum
2093 4965 2387 5029 Libanum,
2427 4966 2727 5021 discrimen
2761 4967 2926 5035 hujus
2953 4973 3006 5020 et
3036 4963 3234 5020 Libani
3267 4963 3358 5035 qui
3415 4979 3502 5019 re-
3572 5010 3577 5020 .

1911 5059 2125 5129 jicitur,
2184 5073 2281 5127 per
2336 5072 2522 5113 vocem
2563 5057 2722 5112 electi
2759 5058 3121 5112 constituens.
3155 5054 3290 5109 ham
3361 5047 3502 5106 alter

1923 5151 2014 5206 ille
2059 5148 2299 5203 Libauus
2343 5159 2448 5211 est,
2481 5149 2573 5218 qui
2605 5147 2908 5204 secundum
2972 5145 3164 5202 Isaiam
3218 5159 3324 5200 una
3371 5158 3498 5197 cum

1927 5239 2254 5296 sublimibus
2306 5247 2550 5302 corruet,
2615 5255 2743 5293 cum
2793 5254 2858 5293 cx
2910 5237 3096 5291 radice
3145 5234 3348 5290 Iessea
3397 5232 3500 5287 llos

1928 5333 2018 5388 illc
2042 5341 2265 5388 exortus
2294 5330 2461 5387 fuerit
2484 5332 2551 5398 ",
2575 5339 2630 5386 et
2668 5331 2817 5400 virga
2856 5327 3146 5398 potestatis
3177 5333 3359 5386 enata,
3385 5336 3495 5391 qua

1928 5534 1972 5563 δ’
2003 5530 2148 5585 Psul.
2180 5547 2385 5594 LXUVII,
2419 5531 2506 5586 i9.
2585 5531 2630 5561 ⁵³
2661 5527 2808 5583 Psal.
2843 5538 3034 5589 xxvnl,
3071 5521 3123 5587 5,
3145 5524 3196 5575 6.
3265 5521 3311 5551 "
3335 5515 3484 5573 ΡείιΙ.
