3996 6196
567 169 707 228 1083

1800 195 1857 249 S.
1899 197 2224 255 GREGORII
2262 199 2562 256 NYSSENI’

3616 217 3722 274 108$

577 287 853 353 ct.leonis,
885 298 943 346 et
979 295 1158 362 pardi,
1198 305 1252 352 et
1305 299 1560 370 aspidum
1599 312 1790 359 natura
1835 318 2122 364 commuta-

2238 313 2476 387 ἀναφύῃ,
2515 309 2578 367 δι’
2603 306 2674 384 ἦς
2706 314 3103 385 μεταϐάλλεται
3129 311 3223 369 τοῦ
3249 333 3303 369 τε
3329 317 3528 386 λέοντος,
3553 329 3628 380 καὶ
3646 332 3723 398 τῆς

575 376 722 432 bitur
757 380 811 433 in
843 383 1085 438 cicurem
1116 390 1405 456 quamdam
1440 397 1911 453 mansuetudinem
1942 401 2052 455 :ita
2081 411 2138 454 ut

569 466 656 521 leo
685 482 808 523 cum
842 475 1016 527 vitulo
1037 475 1219 546 degat,
1249 482 1488 548 pardalis
1518 499 1642 539 cum
1680 486 1844 544 haedo
1893 493 2136 560 requiem

565 562 776 628 capiat,
814 566 997 630 praesit
1027 566 1095 621 iis
1123 568 1361 638 denique
1410 589 1545 642 puer
1583 576 1674 631 ille
1733 581 1992 650 pusillus,
2041 585 2135 652 qui

568 651 731 707 nobis
760 647 925 708 natus
951 665 1076 711 est:
1118 661 1279 729 cujus
1312 677 1507 720 manus
1566 668 1618 722 in
1665 683 1953 726 cavernam
1990 675 2138 744 aspi-

566 738 694 792 dum
738 753 1004 810 penetral,
1047 753 1100 799 et
1128 749 1370 804 sobolem
1401 753 1612 822 aspidis
1636 751 1938 828 attingens,
1969 738 2137 818 veric-

566 846 696 884 num
727 847 917 887 earum
953 838 1190 893 hebetat.
1221 839 1354 906 Quae
1386 845 1476 900 ubi
1527 849 1849 914 acciderint,
1894 851 2135 908 futttrum

567 922 646 974 ait
674 920 967 994 Propheta,
1013 935 1072 981 ut
1100 941 1153 983 et
1186 928 1428 988 Libanus
1477 950 1602 989 cum
1647 939 1972 998 sublimibus
2011 958 2138 997 cor-

565 1023 710 1069 ruat.
731 1016 1083 1087 Quazcunque
1115 1037 1248 1077 vero
1272 1024 1388 1079 haec
1419 1028 1697 1098 prophetia
1723 1046 1820 1101 per
1846 1034 2135 1105 :enigmata

565 1103 790 1172 indicat,
822 1123 884 1164 ea
919 1118 1176 1181 tanquam
1209 1117 1496 1172 manifesta
1539 1123 1816 1188 omnibus,
1877 1137 2137 1184 accurate

562 1196 837 1264 explicare
875 1201 1030 1268 velle,
1062 1201 1228 1258 fuerit
1261 1223 1751 1276 supervacaneum.
1803 1215 1936 1280 Quis
1987 1221 2132 1274 enim

562 1283 778 1353 ignorat
810 1303 1036 1357 puerum
1069 1292 1219 1348 illum
1250 1296 1413 1353 nobis
1445 1301 1680 1354 natum?
1708 1305 1799 1372 qui
1834 1321 1994 1361 manu
2031 1325 2132 1364 sua

561 1377 828 1447 contingit
861 1381 1103 1450 aspides.
1144 1386 1306 1453 cujus
1339 1388 1660 1458 praefectura
1697 1394 1901 1450 bestias
1950 1399 2136 1466 perni-

560 1464 744 1520 ciosas
776 1469 880 1521 sub
910 1469 1049 1524 idem
1080 1487 1204 1527 eum
1237 1476 1516 1534 cicuribus
1548 1489 1748 1538 tectum
1784 1485 2000 1558 redigit,
2037 1503 2135 1542 na-

2241 405 2560 474 παρδάλεως
2582 445 2596 466 ,
2639 407 2732 459 καὶ
2775 406 2884 459 τῶν
2916 406 3156 460 ἀσπίδων
3193 408 3224 477 ή
3261 410 3406 476 φύσις
3440 415 3556 484 πρὸς
3577 418 3628 471 τδ
3659 440 3721 475 τι.

2239 493 2437 549 θασσόν
2464 514 2522 550 τε
2569 498 2662 550 καὶ.
2696 499 2934 568 ἥμερον·
2976 496 3117 550 ὥστε
3150 498 3518 556 συνδιαιτᾶσθαι
3563 509 3641 576 μὲν
3667 513 3724 584 τῷ

2241 587 2425 656 μόσχῳ
2455 587 2544 640 τὸν
2573 587 2776 652 λέοντα,
2809 587 3278 641 συναναπαύεσθαι
3312 590 3365 643 δὲ
3389 592 3458 662 τῷ
3482 595 3624 666 ἐρίφῳ
3651 601 3723 671 τὴν

2239 675 2524 746 πάρδαλιν,
2559 678 2870 731 ἐπιστατεῖν
2901 678 2957 732 δὲ
2991 679 3195 732 τούτων
3221 681 3278 733 τὸ
3311 683 3500 736 παιδίον
3525 688 3663 742 ὲκείνο
3681 692 3726 745 τὸ

2237 766 2430 835 νήπιον
2457 766 2486 819 δ
2517 767 2776 839 ἐγεννήθη
2807 771 2940 840 ἡμῖν
2963 786 2978 800 ο
3009 764 3069 823 οὗ
3093 771 3126 839 ή
3151 771 3269 840 χεὶρ
3292 772 3347 822 ἐν
3365 774 3424 842 τῇ
3447 772 3630 848 τρώγλη
3645 779 3724 833 τῶν

2233 855 2476 908 ἀσπίδιον
2531 857 2767 925 γίνεται,
2831 859 2926 912 καὶ
2980 858 3090 912 τῶν
3142 860 3372 927 ἐκγόνων
3412 861 3502 930 τῆς
3556 866 3728 929 ἀσπίδος

2236 948 2616 1020 ἐφαπτομένη,
2660 951 2756 1003 καί⁹
2783 951 2872 1004 τὸν
2906 951 2984 1004 ίδν
3025 951 3202 1004 αὐτῶν
3231 952 3639 1022 ἀπαμϐλύνουσα·
3671 953 3728 1016 ὧν

2234 1040 2553 1110 γινομένων,
2585 1041 2748 1110 φησὶν
2774 1043 2803 1094 ό
2828 1037 3136 1112 Προφήτης,
3163 1042 3243 1096 ὅτι
3276 1045 3364 1096 καὶ
3391 1046 3418 1096 ό
3440 1044 3635 1109 Λίϐανος
3656 1051 3727 1101 σὺν

2235 1130 2348 1192 τοῖς
2385 1129 2609 1199 ὑψηλοῖς
2636 1131 2902 1183 πεσεῖται.
2933 1130 3076 1184 Ὅσα
3105 1130 3160 1184 δὲ
3201 1131 3384 1202 μηνύει
3417 1134 3496 1188 διὰ
3519 1136 3608 1188 τῶν
3628 1139 3728 1190 alvi-

2236 1218 2462 1287 γμάτων
2482 1218 2682 1272 τούτων
2706 1220 2740 1291 η
2761 1221 3085 1291 προφητεία,
3107 1221 3184 1284 ὡς
3208 1222 3436 1292 πρόδηλα
3457 1227 3601 1277 πᾶσιν
3618 1226 3717 1280 ὂντα

2237 1310 2488 1380 περιττὸν
2525 1311 2592 1365 ἂν
2638 1313 2722 1382 εἴη
2757 1311 2824 1365 δι’
2867 1313 3153 1384 ἀκριϐείας
3199 1313 3507 1371 ἐκτίθεσθαι.
3543 1317 3622 1380 Τίς
3651 1318 3730 1389 γὰρ

2235 1401 2336 1454 οὑκ
2379 1395 2488 1454 οἶδε
2517 1401 2578 1454 τὸ
2607 1401 2863 1473 γεννηθὲν
2897 1403 3029 1472 ἡμῖν
3062 1401 3287 1468 παιδίον,
3328 1404 3386 1456 τὸ
3410 1404 3508 1456 τῶν
3545 1406 3732 1458 ἀσπίδων

2236 1493 2298 1561 τῇ
2331 1491 2472 1562 χειρὶ
2511 1493 2902 1563 ἐφαπτόμενον,
2943 1485 3004 1546 οὗ
3047 1496 3080 1564 ἡ
3126 1495 3412 1548 ἐπιστασία
3451 1495 3512 1548 τὰ
3551 1495 3733 1568 δηλητή-

562 1555 757 1610 turalis
816 1559 1134 1617 acerbitatis
1180 1565 1424 1623 oblitas?
1480 1568 1664 1637 Quare
1711 1589 1836 1630 cum
1891 1555 2122 1635 bibanus

2239 1555 2480 1652 ρίαητύῦν
2526 1555 2738 1656 θηρίων.
2763 1555 2908 1638 ποιεί
2949 1555 3080 1649 τοῖς,
3101 1586 3328 1656 ἡμέροις
3366 1587 3639 1657 ὁμόσκηνα,
3665 1589 3734 1658 τῆς

561 1647 671 1712 ille,
701 1650 795 1718 qui
825 1659 909 1705 est
937 1655 1165 1722 malitia,
1197 1674 1292 1727 per
1323 1660 1436 1715 haec
1463 1673 1709 1728 corruat,
1766 1677 1934 1740 atque
1964 1673 2122 1728 etiam

2235 1645 2470 1748 φυσικῆς
2497 1645 2719 1748 πικρίας
2749 1678 2920 1748 λήθην
2948 1645 3281 1748 ποιούμενας
3323 1679 3463 1731 Ἐπεὶ
3485 1675 3568 1732 οὑν
3595 1680 3735 1733 πίπτει

561 1753 668 1792 una
709 1756 830 1795 cum
868 1745 971 1798 hoc
1003 1747 1331 1818 principium
1364 1755 1632 1811 malorum
1663 1770 1908 1826 corruat,
1957 1766 2131 1820 subli-

561 1830 782 1888 mitates
813 1835 1071 1891 nimirum
1116 1843 1380 1900 adversus
1410 1848 1695 1905 veritatem
1747 1865 1983 1912 ereetze:
2049 1859 2133 1913 id-

556 1921 708 1976 circo
746 1927 1210 1993 pulchritudinem
1245 1934 1456 1991 Domini
1479 1955 1697 2009 sponsa
1746 1960 1870 1999 cum
1923 1947 2131 2005 Libano

559 2012 732 2067 electo
763 2020 996 2084 confert,
1030 2021 1178 2076 hisce
1208 2026 1384 2081 verbis
1407 2030 1668 2096 prolatis:
1702 2034 1910 2103 Species
1938 2041 2126 2109 ipsius,

556 2112 614 2156 ut
639 2104 836 2160 electus
877 2108 1132 2176 Libauus,
1161 2125 1217 2168 ut
1258 2116 1430 2172 cedri.
1957 2104 1966 2109 ν
2101 2128 2109 2140 ’

629 2287 788 2340 Addit
823 2297 1002 2344 autem
1051 2295 1256 2361 gutturi
1302 2314 1522 2370 quoque
1572 2309 1905 2367 conveniens
1953 2329 2124 2369 eueo-

554 2377 743 2439 mium,
785 2394 906 2432 eum
940 2381 1069 2436 illud
1099 2393 1149 2437 et
1177 2385 1542 2455 dulcedinem,
1565 2404 1620 2448 et
1652 2395 1984 2457 desiderium
2022 2422 2122 2473 ap-

553 2465 735 2532 pellat.
767 2465 940 2520 Verha
976 2479 1105 2523 sunt
1133 2472 1484 2543 hujusmudi:
1514 2482 1712 2539 Guttur
1739 2489 1852 2557 ejus
1877 2465 2120 2560 dulcedo,

553 2571 615 2608 ac
645 2555 723 2609 nil
756 2558 862 2612 nisi
891 2559 1212 2617 desiderium
1243 2577 1341 2620 est.
1371 2568 1582 2635 Quibus
1611 2575 1678 2630 de
1719 2555 1900 2637 verbis
1929 2584 2125 2654 hujus-

553 2648 696 2702 modi
726 2650 983 2718 quiddam
1027 2655 1184 2710 nobis
1224 2657 1290 2712 ad
1332 2662 1579 2717 animum
1619 2669 1816 2724 accidit
1849 2691 1863 2727 :
1906 2648 2122 2734 Partem

550 2753 692 2799 eam,
721 2755 843 2809 qua:
866 2743 1188 2801 sub\mento
1225 2757 1331 2814 est,
1359 2762 1551 2819 guttur
1588 2762 1861 2828 appellare
1888 2781 2124 2824 consue-

558 2829 760 2896 vimus,
827 2848 856 2886 a
917 2851 1029 2904 quo
1079 2853 1275 2895 sonum
1318 2845 1650 2902 conformari
1701 2855 1942 2921 tradunt,
1993 2861 2121 2915 dum

552 2921 810 2977 allahitur
840 2925 946 2980 huc
973 2929 1207 3000 quadam
1234 2947 1358 2988 eum
1395 2935 1628 2994 illisioue
1662 2945 1888 3012 spiritus
1920 2966 1986 3005 ex
2036 2969 2124 3007 ar-

553 3013 710 3066 teria.
733 3015 914 3080 Quare
938 3035 1062 3074 eum
1089 3021 1194 3076 lavi
1219 3025 1393 3082 mellis
1417 3027 1527 3082 sint
1549 3036 1792 3098 praaclari
1817 3054 2120 3111 sermones,

548 3111 603 3154 et
629 3106 897 3160 sermonis
937 3109 1009 3161 sit
1040 3110 1466 3171 instrumentum
1517 3137 1643 3184 vox,
1684 3126 1842 3194 cujus
1894 3142 2050 3188 ortus
2093 3151 2124 3191 ο

552 3199 797 3258 gutture,
829 3196 1064 3252 lortasse
1093 3200 1378 3258 ministros
1401 3215 1454 3260 et
1482 3209 1806 3280 interpretes
1826 3224 2120 3286 sermonis,

552 3281 607 3334 in
639 3283 842 3351 quibus
871 3286 1126 3345 Christus
1159 3292 1422 3363 loquitur,
1455 3299 1559 3355 hac
1599 3319 1736 3360 voce
1771 3309 1864 3376 qui
1914 3281 2124 3383 signiﬁ;

549 3372 662 3424 cari
695 3375 916 3442 cegitat,
946 3393 973 3429 a
1013 3396 1138 3436 vero
1169 3399 1277 3438 non
1313 3387 1611 3447 aberrabit.
1645 3395 1780 3452 Nam
1809 3409 1862 3455 et
1893 3419 2123 3476 magnus

550 3460 643 3514 ille
671 3461 912 3521 Joannes
935 3480 1160 3540 rogatus
1187 3476 1316 3544 quis
1344 3491 1510 3547 esset,
1553 3501 1740 3542 vocem
1773 3507 1834 3548 se
1885 3460 2117 3566 appella-

547 3551 626 3605 vit
649 3553 720 3620 ⁵⁸,
743 3556 943 3626 quippe
972 3561 1064 3628 qui
1097 3561 1255 3620 Verbi
1290 3582 1600 3637 praecursor
1623 3589 1769 3632 esset
1795 3597 1808 3633 :
1850 3592 1904 3636 et
1923 3551 2121 3646 beatus

548 3640 641 3696 ille
697 3641 902 3702 Paulus
953 3647 1343 3709 documentqu
1383 3658 1579 3716 edebat
1631 3665 1905 3735 loquentis
1951 3675 2003 3728 in
2062 3693 2122 3733 se

547 3733 848 3800 Christi",
883 3739 971 3793 cui
1015 3744 1146 3812 quia
1177 3761 1366 3802 vocem
1392 3765 1547 3806 suam
1588 3755 1882 3826 locaverat,
1910 3766 1984 3819 nil
2015 3770 2119 3824 nisi

546 3826 780 3882 dulcedo
845 3838 964 3884 erat
1005 3848 1104 3902 per
1149 3836 1328 3906 ipsum
1386 3841 1636 3912 loquens.
1683 3848 1884 3909 Omnes
1935 3855 2117 3915 itidem

550 3919 845 3987 prophetae,
879 3923 1004 3990 quia
1025 3926 1251 3994 Spiritui
1298 3947 1492 3989 sonum
1525 3937 1576 3990 in
1615 3941 1696 3996 eis
1735 3943 1913 3999 edenti
1951 3965 2120 4004 mem-

553 4008 649 4062 bra
716 4027 816 4066 sua
882 4016 1090 4069 vocalia
1124 4034 1530 4092 concesserant,
1595 4031 1671 4084 nil
1730 4036 1832 4090 nisi
1889 4039 2119 4098 dulcedo

543 4109 723 4163 erant,
759 4105 862 4159 mel
893 4106 1138 4162 divinum
1169 4127 1200 4166 e
1224 4122 1446 4183 gutture
1477 4133 1600 4182 suo,
1632 4123 1780 4178 velut
1826 4143 1857 4180 e
1883 4131 2116 4198 quodam

547 4191 696 4248 l'oute
724 4205 1056 4264 prementes,
1112 4219 1224 4272 quo
1256 4207 1473 4275 quidem
1505 4219 1560 4264 et
1607 4228 1784 4284 reges,
1819 4228 1871 4273 et
1902 4191 2114 4290 privati

2232 1768 2319 1821 διὰ
2342 1768 2543 1822 τούτων
2563 1771 2591 1822 ό
2626 1769 2852 1833 Λίϐανος
2881 1772 2914 1840 ἡ
2939 1771 3124 1832 κακία,
3169 1771 3265 1822 καὶ
3293 1770 3686 1838 συγκαταπίπτει
3712 1772 3734 1838 ἡ

2233 1855 2420 1929 πρώτη
2453 1857 2561 1910 τῶν
2595 1858 2780 1913 κακῶν
2801 1859 2964 1929 ἀρχὴ,
2994 1858 3062 1911 τά
3085 1859 3229 1912 κατά
3256 1859 3350 1928 τῆς
3376 1856 3608 1928 ἀληθείας

2236 1963 2410 2018 ματα·
2450 1947 2537 2001 διὰ
2570 1948 2724 2001 τοῦτο
2762 1949 2840 2019 τῷ
2869 1949 3108 2021 ὲκλεκτῷ
3153 1950 3371 2020 Λιϐάνῳ
3411 1952 3737 2021 παρεικάζειή

2231 2037 2414 2108 νύμφη
2457 2038 2551 2091 τοῦ
2601 2039 2808 2110 Κυρίου
2856 2039 2917 2092 τὸ
2956 2040 3148 2104 κάλλος
3173 2082 3188 2106 ,
3227 2040 3396 2105 οὑτως
3441 2041 3638 2094 εἰποῦσα
3662 2045 3742 2102 τοῖς

2233 2130 2298 2199 ρή
2309 2146 2472 2198 μασιν
2492 2148 2504 2159 ·
2538 2126 2713 2198 Εἶδος
2751 2131 2959 2198 αὐτοῦ,
2987 2133 3068 2199 ὡς
3101 2133 3362 2198 Λίϐανος
3393 2133 3660 2198 ἐκλεκτὸς,
3683 2134 3741 2197 ὡς

2234 2224 2425 2291 κέδροι
2435 2265 2450 2278 .

2302 2315 2628 2387 Προστίθησι
2672 2317 2731 2370 δὲ
2779 2317 2871 2370 καὶ
2922 2316 3002 2387 τῷ
3033 2316 3280 2387 φάρυγγι
3331 2317 3419 2370 τὸν
3470 2314 3742 2384 κατάλληλον

2229 2403 2468 2473 ἔπαινον,
2497 2407 2811 2478 γλυκασμόν
2839 2425 2899 2460 τε
2933 2409 3094 2462 αὑτὸν
3134 2409 3234 2460 καὶ
3282 2407 3559 2477 ἐπιθυμίαν
3595 2405 3747 2473 ὁνομάο

2231 2511 2370 2548 σασα
2393 2511 2407 2525 ο
2448 2495 2560 2565 ἔχει
2599 2497 2654 2549 δὲ
2683 2499 2715 2568 ἡ
2746 2498 2888 2564 λέξις
2931 2497 3131 2562 οὑτως·
3169 2499 3411 2568 Φὰρυγξ
3437 2498 3605 2596 αὑτοῦ
3630 2499 3743 2596 γλυ-

2228 2585 2478 2655 κασμὸς,
2504 2587 2599 2640 καί
2621 2587 2765 2652 ὅλοις
2784 2590 3086 2657 ἐπιθυμία.
3113 2591 3182 2642 ⁸⁸0
3211 2591 3268 2644 δὲ
3293 2592 3418 2662 περὶ
3445 2589 3615 2642 τούτου
3634 2585 3747 2640 νοοῦ-

2232 2692 2348 2744 μεν,
2394 2676 2630 2730 τοιοῦτόν
2675 2683 2817 2731 ὲστι·
2855 2680 2928 2733 Τὸ
2977 2680 3083 2732 ὑπὸ
3127 2680 3225 2734 τὸν
3267 2680 3559 2751 ἀνθερεῶνα
3601 2678 3748 2748 μέρος,

2229 2767 2483 2837 φάρυγγα
2513 2769 2666 2821 καλεῖ
2688 2771 2720 2839 η
2747 2770 3020 2841 συνήθεια·
3048 2763 3092 2838 ᾧ
3114 2789 3248 2838 φασι
3280 2772 3371 2825 τὸν
3393 2767 3517 2842 ἦχον
3536 2772 3595 2841 τῇ
3622 2783 3744 2839 προτ-

2228 2857 2429 2910 πτὼσει
2475 2859 2566 2912 τοῦ
2615 2861 2678 2913 ὲκ
2737 2860 2836 2930 τῆς
2889 2862 3157 2932 ἀρτηρίας
3211 2862 3512 2932 πνεύματος
3566 2862 3748 2925 ἀπογεν-

2227 2949 2419 3001 νᾶσθαι
2465 2950 2931 3021 περιδονούμενον.
2982 2953 3133 3004 Ἐπεὶ
3175 2950 3273 3006 οὖν
3305 2955 3467 3024 κηρία
3499 2951 3679 3023 μέλιτος
3712 2947 3751 3000 οε

2227 3040 2378 3094 καλοί
2403 3042 2506 3093 είσι
2537 3041 2684 3109 λόγοι
2706 3057 2720 3072 ο
2755 3042 2913 3111 λόγου
2939 3043 2994 3095 δὲ
3023 3043 3260 3114 ὄργανόν
3289 3046 3432 3096 ἐστιν
3465 3045 3494 3112 ἡ
3527 3042 3672 3111 φωνὴ.
3699 3035 3748 3109 ἧς

2226 3133 2262 3202 ἡ
2305 3131 2517 3199 γένεσίς
2557 3133 2703 3184 ἐστιν
2740 3133 2804 3186 ὲκ
2835 3134 3112 3204 φάρυγγος
3135 3174 3150 3198 ,
3189 3135 3332 3204 τάχα
3372 3135 3493 3196 τοὺς
3524 3130 3750 3202 ὑπηρέτας

2225 3240 2281 3275 τε
2309 3224 2401 3276 καί
2434 3225 2715 3295 ὑποφήτας
2747 3225 2841 3278 τοῦ
2869 3225 3046 3294 λόγου,
3090 3227 3148 3278 ὲν
3182 3223 3266 3290 οἷς
3304 3226 3451 3279 λαλεῖ
3480 3228 3507 3278 ὁ
3543 3224 3578 3277 Χ
3589 3223 3749 3296 ριστὺς,

2221 3313 2298 3384 τῷ
2329 3315 2550 3386 ὀνόματι
2579 3316 2754 3386 τούτῳ
2783 3316 3141 3387 σημαίνεσθαι
3179 3319 3319 3371 νοῶν
3360 3336 3458 3382 τις,
3492 3318 3582 3386 οὑχ
3608 3317 3750 3384 ἀμαρ-

2222 3402 2466 3472 τήσεται.
2503 3403 2610 3455 Καὶ
2640 3403 2745 3475 γὰρ
2767 3405 2796 3456 ὁ
2837 3405 3008 3473 μέγας
3049 3407 3308 3477 Ἰωάννης
3339 3406 3618 3478 ἐρωτηθεὶς
3640 3405 3752 3462 ὅστις

2222 3492 2329 3561 εἴη,
2369 3494 2550 3563 φωνὴν
2585 3494 2775 3546 ἑαυτὸν
2817 3497 3230 3565 κατωνόμασεν,
3277 3497 3458 3567 ἐπειδὴ
3487 3495 3574 3548 τοῦ
3616 3493 3752 3558 Λόγου

2221 3583 2524 3655 πρόδρομος
2547 3580 2632 3654 ἦν’
2661 3587 2752 3639 καὶ
2779 3586 2807 3638 ὁ
2843 3587 3112 3660 μακάριος
3143 3587 3362 3652 Παῦλος
3385 3587 3600 3682 δοκιμὴν
3621 3583 3754 3682 imae

2219 3675 2314 3727 τοῦ
2337 3678 2395 3728 ὲν
2418 3666 2877 3747 αὑτῷιλαλοῦντος
2907 3679 3144 3750 Χριστοῦ
3169 3698 3184 3712 ο
3217 3676 3280 3735 οὗ
3305 3682 3404 3751 τὴν
3425 3680 3596 3748 φωνὴν
3615 3677 3752 3741 έαυτῳ

2220 3768 2429 3845 χρήσας
2437 3807 2450 3831 υ
2491 3768 2804 3838 γλυκασμὸς
2835 3765 2903 3840 ἦν
2927 3770 2992 3823 δι’
3037 3771 3650 3866 ἐκείνουφθεγγόμενος.
3671 3765 3754 3866 Καὶ

2220 3858 2420 3922 πάντες
2451 3861 2500 3911 oi
2546 3858 2820 3931 προφῆται
2845 3861 2916 3914 τὰ
2944 3864 3230 3934 φωνητικά
3263 3863 3471 3917 ἑαυτῶν
3501 3863 3678 3933 ὄργανα
3694 3858 3752 3922 τῷ

2219 3949 2504 4020 ὲνηχοῦντι
2555 3951 2738 4016 αὐτοῖς
2786 3952 3060 4023 Πιεύματι
3109 3955 3626 4026 παραχωρήσαντες,
3651 3949 3755 4045 γλυῖ

2219 4043 2425 4113 κασμὺς
2452 4044 2708 4112 ἐγίνοντο,
2739 4046 2799 4096 τὸ
2830 4045 2972 4098 θεῖον
3008 4045 3128 4116 μέλι
3159 4047 3252 4100 διὰ
3284 4046 3380 4099 τοῦ
3413 4045 3656 4115 λάρυγγος
3680 4043 3751 4090 τῡῧ

2222 4134 2348 4186 ίδίου
2396 4136 2767 4205 πηγάζοντες,
2813 4129 2858 4204 ᾧ
2901 4137 3140 4207 βασιλεῖς
3173 4155 3238 4190 τε
3293 4137 3389 4191 καὶ
3425 4135 3614 4190 ἰδιῶται
3649 4127 3753 4198 πρὸς

2219 4224 2406 4292 ὑγείαν
2442 4225 2866 4297 προσφέρονταιο
2902 4219 2963 4279 οὗ
2992 4229 3023 4296 ὴ
3055 4227 3364 4290 ἀπόλαυσις
3393 4227 3490 4280 οὑκ
3517 4221 3754 4276 ὲπικόπτει

546 4284 795 4342 homines
817 4291 1113 4348 salubriter
1137 4303 1399 4352 utuntur:
1429 4302 1588 4370 cujus
1619 4304 1806 4364 fruitio
1843 4284 2112 4383 cupidita-

2222 4284 2318 4383 την
2342 4284 2635 4385 ὲπιθύμίοίν
2659 4284 2745 4385 ’τῷ
2771 4317 2938 4387 κόρῳ,
2971 4284 3106 4369 ἀλλὰ
3131 4284 3559 4386 τρέφεινμᾶλλον
3586 4308 3659 4362 διὰ
3678 4305 3751 4372 τῆς

542 4385 648 4430 tem
694 4381 947 4438 satietate
979 4401 1087 4440 non
1113 4388 1406 4456 imminuit,
1439 4395 1533 4449 sed
1569 4400 1738 4453 multo
1773 4381 1946 4474 magis
1971 4407 2119 4464 desi-

548 4466 766 4522 derium
797 4487 896 4540 per
925 4480 1289 4544 expetiturum
1330 4485 1802 4557 participationem
1836 4466 1954 4550 alit.
1984 4498 2117 4556 Pro-

544 4566 732 4626 pterea
763 4563 902 4618 dixit
930 4566 1062 4621 illud
1114 4570 1250 4625 nihil
1302 4589 1425 4630 esse
1477 4579 1645 4647 aliud,
1700 4599 1862 4652 quam
1902 4587 2116 4648 deside-

542 4649 727 4706 rium:
769 4658 926 4724 quasi
990 4663 1226 4729 quadam
1281 4667 1599 4727 deﬁnitione
1650 4649 2110 4744 pulchritudinem

541 4744 754 4808 quaesiti
790 4747 892 4802 hac
924 4765 1056 4807 voce
1089 4755 1445 4816 describens:
1471 4761 1588 4830 Nil,
1622 4765 1823 4837 inquit,
1874 4783 1974 4837 est,
2007 4777 2112 4831 nisi

539 4829 883 4893 desiderium.
911 4841 1084 4906 Quam
1112 4847 1267 4902 beata
1298 4860 1428 4907 sunt
1458 4855 1551 4909 illa
1581 4860 1842 4925 membra,
1867 4880 1963 4933 per
1989 4884 2112 4937 qua:

539 4929 715 4988 totum
749 4927 826 4980 nil
860 4930 962 4986 nisi
1013 4934 1342 4993 desiderium
1375 4944 1434 4996 tit
1473 4966 1485 5000 :
1547 4963 1776 5019 quaeque
1824 4927 1922 5024 per
1946 4927 2109 5013 abso-

540 5013 708 5076 lutam
746 5017 799 5072 in
840 5024 988 5076 omni
1023 5025 1166 5080 bono
1192 5013 1601 5102 perfectionem,
1626 5013 1865 5099 ellicimit
1901 5050 2112 5105 amabi-

539 5103 643 5158 lem
669 5109 964 5176 quamdam
991 5128 1056 5168 ex
1088 5118 1343 5174 omnibus
1367 5130 1717 5193 temperatam
1749 5147 2109 5205 venustatem,

537 5191 613 5259 ita
655 5203 715 5249 ut
743 5199 1060 5257 universum
1120 5221 1229 5262 non
1273 5209 1434 5262 modo
1471 5191 1615 5282 quod
1651 5221 1842 5277 oculos
1893 5191 2107 5295 attinet:

535 5287 680 5354 quod
716 5304 931 5360 manus,
962 5296 1108 5366 quod
1179 5297 1491 5368 cincinnos,
1551 5306 1644 5359 sed
1672 5309 1833 5364 etiam
1891 5287 2111 5389 propter

543 5375 728 5444 pedes,
759 5395 942 5448 crura,
989 5394 1180 5457 guttur
1210 5389 1448 5460 denique
1479 5393 1550 5448 sit
1588 5375 1970 5472 desiderabile,
1992 5375 2102 5466 ἰπο-

543 5485 649 5551 que
678 5474 978 5532 metnbruut
1043 5481 1214 5536 ullum

613 5583 657 5634 ἱ·
685 5581 841 5647 luau.
891 5606 927 5656 ι,
959 5592 1048 5650 25,
1127 5595 1172 5628 ⁸³
1200 5594 1240 5648 ll
1273 5595 1398 5653 Cor.
1456 5617 1575 5672 xm,
1621 5606 1671 5660 5.

2213 4405 2320 4458 τῶν
2357 4405 2824 4477 ἐπιθυμουμένωνι
2844 4407 3130 4476 μετουσίας
3166 4407 3262 4459 τὸν
3297 4406 3480 4460 πόθον.
3513 4401 3602 4454 Διά
3631 4393 3749 4448 τοῦτο

2215 4498 2308 4550 καὶ
2341 4498 2460 4551 ὅλον
2485 4498 2646 4551 αὑτὸν
2675 4499 2970 4569 ἐπιθυμίαν
3003 4499 3394 4568 κατονομάζει,
3421 4491 3528 4550 οἶόν
3552 4507 3641 4544 τινι
3665 4489 3746 4585 ὁμ-

2215 4588 2422 4660 σμῴτὸ
2446 4590 2538 4642 τοῦ
2565 4590 2894 4661 ζητουμένου
2921 4591 3117 4653 κάλλος
3148 4590 3239 4644 διὰ
3264 4589 3483 4690 ταύτης,
3500 4585 3745 4690 τῆς

2215 4681 2603 4750 ὑπογράφουσα
2623 4697 2636 4712 ’
2667 4683 2836 4749 Ὅλος
2865 4681 2991 4752 γὰρ,
3015 4683 3200 4754 φησὶν,
3233 4678 3538 4749 ἐπιθυμία.
3577 4673 3649 4733 Ὡς
3673 4681 3748 4737 μα·

2217 4775 2382 4845 κάρια
2412 4774 2480 4827 τὰ
2511 4774 2644 4846 μέλη
2693 4777 2894 4838 ἐκεῖνα,
2925 4776 2992 4829 δι’
3031 4770 3106 4829 ὧν
3139 4775 3201 4829 τὸ
3245 4776 3371 4829 ὅλον
3407 4767 3643 4838 ἐπιθυμία
3689 4758 3746 4826 τῖ’

2215 4881 2383 4919 νεται”
2413 4865 2500 4918 διὰ
2522 4866 2620 4935 τῆς
2640 4868 2698 4919 ἐν
2722 4867 2880 4920 παντί⁹
2900 4867 3087 4938 ἀγαθῷ
3111 4860 3744 4960 τελειότητοςησύγιρῗτνῗ

2216 4959 2282 5010 ἐκ
2324 4957 2540 5010 πάντων
2564 4957 2624 5010 τὸ
2649 4959 2909 5030 ἐράσμιον
2937 4958 3371 5030 ἀπεργαζόμενα
3409 4953 3593 5051 3‘55)“

2216 5047 2335 5101 ὅλον
2378 5047 2451 5119 μὴ
2484 5049 2541 5100 ὲν
2575 5048 2836 5119 ὀφθαλμῷ
2870 5049 3028 5119 μόνον
3061 5050 3153 5102 καὶ
3182 5050 3378 5121 χερσὶν
3404 5047 3435 5117 ἢ
3463 5045 3741 5115 βοστρύχαςν

2217 5139 2354 5192 ἀλλὰ
2384 5139 2478 5193 καὶ
2506 5139 2563 5192 ἐν
2592 5142 2716 5193 ποσὶ
2740 5142 2832 5194 καὶ
2865 5143 2920 5194 ὲν
2953 5135 3124 5212 χερσὶ,
3163 5143 3266 5195 καὶ
3303 5145 3364 5195 ὲν
3391 5142 3506 5200 ταῖς
3527 5134 3741 5201 κνήμαιςο

2218 5231 2310 5285 καὶ
2348 5229 2490 5284 κατά
2527 5231 2781 5299 φάρυγγα
2819 5233 3212 5304 παραπλησίως
3247 5227 3575 5326 ὲπιθυμητὺς
3596 5213 3736 5326 ξῖνξξν

2221 5322 2447 5392 μηδενὸς
2471 5324 2528 5375 ἐν
2550 5325 2662 5386 τοῖς
2688 5322 2872 5393 μέλεσι
2903 5327 3042 5380 κατά
3069 5326 3167 5394 τὴν
3202 5324 3512 5397 ὑπερϐολὴν
3538 5316 3619 5373 τοῦ
3644 5307 3741 5364 κᾶλα

2211 5418 2336 5479 λους
2362 5417 2582 5469 ἑλαττου
2590 5417 2770 5485 μένου.
2811 5436 2832 5444 '

1271 5484 1325 5537 in
1359 5485 1460 5540 hoc
1514 5490 1935 5557 pulchritudinis
2005 5511 2321 5567 excellentia
2359 5509 2628 5567 deteriore
2660 5510 2728 5564 sit
2795 5511 3124 5574 conditione,
3197 5524 3365 5578 quam
3435 5514 3614 5563 uetera
