3996 6196
258 194 398 251 τωο

1166 185 1190 237 ἕ
1277 197 1346 254 ΙΝ
1382 200 1677 258 CANTICA
1720 201 1994 261 CANTIC.
2035 203 2318 260 llOMlLlA
2356 205 2494 262 XIV.

3380 207 3520 266 ἰθθὸ

313 305 524 376 οὗτος,
551 310 735 381 φησιν,
759 313 793 365 ό
809 310 1133 388 ἀδελφιδός
1147 331 1290 384 μου,
1311 316 1410 370 καί
1430 312 1629 384 οὗτος,
1645 319 1834 388 φησὶν,

2010 320 2109 375 Hic
2123 333 2222 384 est,
2237 321 2684 392 inquit,cognalus
2699 335 2863 385 meus,
2876 330 2924 376 et
2955 321 3330 390 hicmroximus
3349 338 3516 382 meus.

254 403 287 454 ό
305 399 577 467 πλησίον
591 415 734 469 μου,
761 400 1070 470 θυγατέρες
1103 404 1505 475 Ἰερουσαλήμ.
1526 407 1706 461 Πάντα
1729 409 1836 480 γὰρ

253 493 442 555 αὑταῖς
469 493 564 546 ὑπ’
592 492 712 560 δψιν
742 494 1023 563 ἀγαγοῦσα
1055 497 1142 551 διὰ
1168 498 1267 568 τῆς
1285 497 1379 552 τοῦ
1405 498 1565 569 λόγου
1599 502 1840 572 ὑπογραο

255 585 361 654 φῆς
388 583 457 637 τὰ
485 584 841 655 γνωρίσματα
861 626 876 648 ,
905 587 974 640 δι’
1001 580 1074 642 ὧν
1103 584 1168 659 ἦν
1192 589 1418 644 δυνατὸν
1455 592 1708 660 γενέσθαι
1739 593 1840 665 τὴν

254 674 348 729 τοῦ
371 673 703 745 ζητουμένου
725 677 1054 748 φανέρωσιν,
1071 679 1192 732 τότε
1213 679 1292 751 τῷ
1308 681 1560 753 δεικτικῷ
1577 683 1842 756 κέχρηται

255 761 418 832 λόγῳ,
439 757 609 829 Οὗτός
634 765 772 829 ἐστι,
801 765 1055 835 λέγουσα,
1089 770 1118 821 ό
1148 767 1498 840 ζητούμενος,
1531 772 1590 837 ὃς
1625 774 1714 827 διὰ
1745 774 1839 828 τοῦ

255 853 484 923 ἀδελφθς
523 855 776 923 γενέσθαι
803 857 864 921 ἐξ
904 857 1073 912 Ἰούδα
1112 861 1241 931 ἡμῖν
1267 863 1574 928 ἀνατείλας,
1615 864 1841 935 πλησίον

255 945 472 1013 ἐγένετο
515 945 610 1000 τοῦ
660 947 1086 1020 ἐμπεπτωκότος
1131 952 1211 1014 εἰς
1257 953 1382 1016 τοὺς
1415 952 1647 1025 λῃστὰς,
1680 956 1843 1028 ἐλαίῳ

255 1035 354 1089 καὶ
389 1036 516 1106 0qu)
541 1037 638 1090 καὶ
666 1038 981 1110 ἐπιδέσμοις
1008 1040 1108 1104 τὰς
1150 1042 1364 1113 πληγὰς
1406 1046 1716 1116 ἰασάμενος,
1747 1049 1843 1101 καὶ

254 1127 352 1181 ἐπὶ
383 1126 479 1179 τοῦ
522 1127 654 1181 ἰδίου
707 1129 845 1200 ἄρας
897 1131 1229 1200 ὑποζυγίου,
1273 1135 1366 1188 καὶ
1413 1134 1492 1206 τῷ
1545 1138 1843 1209 πανδοκείῳ

259 1217 678 1282 ἐναναπαύσας,
715 1220 808 1273 καὶ
845 1220 911 1274 τὰ
960 1220 1054 1275 δύο
1098 1222 1326 1294 δηνάρια
1377 1226 1512 1294 πρὸς
1560 1227 1658 1298 τὴν
1701 1227 1845 1298 ζωὴν

255 1308 696 1378 παρασχόμενος.
728 1309 822 1364 καὶ
854 1311 911 1362 ἐν
941 1314 1008 1382 τῇ
1039 1313 1283 1384 ἐπανόδῳ
1321 1314 1484 1372 αὑτοῦ
1527 1317 1588 1370 τὸ
1618 1335 1845 1388 προστε-

256 1394 556 1459 θέν“εἰς-τὸ
588 1397 686 1467 τῆς
719 1397 940 1468 ἐντολῆς
981 1398 1141 1472 ἔργον
1184 1402 1484 1458 ἀποδώσειν
1518 1385 1854 1475 ἐπαγγειλάέ

257 1503 441 1555 μενος.
476 1487 698 1550 Πάντως
731 1487 786 1543 δὲ
832 1490 1063 1560 φανερόν
1097 1493 1212 1545 ἐστι
1249 1494 1451 1548 τούτων
1492 1496 1720 1554 ἕκαστον
1765 1501 1846 1562 εἰς

254 1576 287 1628 ὅ
311 1594 364 1630 τι
387 1576 596 1645 βλέπει.
619 1578 707 1650 Τῷ
734 1580 842 1650 γὰρ
865 1581 1242 1653 ἐκπειράζοντι
1272 1585 1362 1638 τὸν
1392 1587 1593 1659 Κύριον
1615 1590 1844 1660 νομικῷ,

255 1669 576 1742 βουλομένῳ
620 1671 760 1742 ὑπὲρ
804 1674 930 1737 τοὺς
967 1673 1158 1738 ἀλλους
1197 1677 1387 1731 ἐαυτὸν
1425 1679 1612 1746 δεῖξαι,
1655 1683 1747 1734 καὶ
1785 1684 1844 1734 ἐν

255 1762 610 1833 ὑπερηφανίᾳ
629 1764 690 1816 τὸ
709 1763 841 1834 πρὸς
860 1765 984 1828 τοὺς
998 1765 1216 1830 λοιποὺς
1234 1768 1492 1839 ῥμότιμον
1511 1771 1845 1837 διαπτύοντι,

254 1855 318 1904 ἐν
353 1852 435 1922 τῷ
467 1853 675 1921 λέγειν·
724 1855 832 1908 Καί
873 1855 965 1922 τις
1001 1856 1136 1911 ἐστί
1152 1875 1274 1926 μου
1292 1861 1590 1928 iniquior;
1618 1864 1750 1917 Τότε
1790 1866 1848 1918 ἐν

253 1945 602 2016 διηγήματος
629 1946 758 1999 εῖδει
790 1948 971 2001 πᾶσαν
1000 1947 1095 2019 τὴν
1125 1950 1505 2022 φιλάνθρωπον
1537 1955 1844 2025 οἰκ)νομίαν

252 2039 284 2090 ὁ
311 2036 486 2104 Λόγος
511 2036 802 2102 ἐκτίθεται,
827 2038 924 2110 τὴν
952 2039 1156 2093 ἀνωθεν
1185 2039 1408 2096 κάθοδον
1437 2042 1532 2096 τοῦ
1555 2043 1847 2114 ἀνθρώπου

252 2128 684 2199 διηγησάμενος,
705 2130 798 2182 καὶ
813 2129 910 2201 τὴν
927 2131 1033 2184 τῶν
1048 2131 1259 2203 λῃστῶν
1277 2133 1519 2205 ἐνέδραν,
1534 2135 1627 2188 καὶ
1637 2137 1736 2206 τὴν
1754 2135 1848 2190 τοῦ

254 2219 542 2287 ἀφθάρτου
567 2220 862 2290 ἐνδύματος
883 2223 1245 2295 περιαίρεσιν,
1263 2226 1356 2278 καὶ
1377 2226 1441 2279 τὰ
1458 2227 1554 2297 τῆς
1575 2228 1850 2298 ἁμαρτίας

255 2311 584 2380 τραύματα,
625 2312 719 2365 καὶ
760 2311 821 2366 τό
856 2313 936 2376 είς
969 2313 1137 2383 ἥμισυ
1173 2315 1269 2384 τῆς
1314 2313 1534 2384 φύσεως
1567 2318 1851 2390 προχωρῆ-

263 2418 360 2453 σαι
395 2402 489 2454 τὸν
519 2402 748 2457 θάνατον
767 2444 782 2466 ,
811 2404 907 2475 τῆς
957 2403 1130 2476 ψυχῆς
1170 2406 1437 2461 ἀθανάτου
1461 2408 1841 2480 διαμενούσης·

256 2492 357 2544 καὶ
398 2492 494 2546 τοῦ
530 2494 691 2565 νόμου
742 2493 838 2565 τὴν
893 2496 1145 2566 ἀνωφελῆ
1181 2497 1446 2568 πάροδον,
1487 2498 1610 2553 οὑτε
1660 2503 1850 2572 ἱερέως

255 2582 384 2636 οὔτε
423 2586 650 2640 Λευΐτου
679 2586 777 2650 τὰς
811 2586 1023 2658 πληγὰς
1049 2589 1142 2643 τοῦ
1189 2594 1696 2662 παραπεπτωκότος
1735 2597 1848 2659 τοῖς

257 2675 491 2749 λῃσταῖς
522 2675 959 2748 θεραπεύσαντος
989 2693 1003 2706 ·
1043 2679 1300 2736 ἀδύνατον
1328 2683 1436 2755 γὰρ
1467 2679 1604 2754 αἷμα
1632 2686 1850 2754 τράγων

258 2771 360 2822 καὶ
392 2768 611 2838 ταύρων
641 2771 893 2842 ἀφαιρεῖν
918 2772 1221 2842 ἁμαρτίας·
1249 2774 1382 2828 ἀλλά
1417 2775 1506 2827 τὸν
1541 2779 1718 2827 πᾶσαν
1741 2757 1852 2846 ’τῆν

257 2860 616 2931 ἀνθρωπίνην
658 2861 820 2930 φύσιν
846 2863 934 2917 διὰ
983 2864 1081 2934 τῆς
1109 2865 1364 2935 ἀπαρχῆς
1405 2863 1498 2916 τοῦ
1531 2865 1850 2935 φυράματος

259 2952 646 3023 ¹ιεεριθέμενον,
681 2955 738 3005 ἐν
790 2946 1048 3026 ᾖπαντδς
1069 2954 1254 3017 ἔθνους
1284 2953 1345 3006 τὸ
1388 2955 1552 3025 μέρος
1586 2950 1674 3024 ἦν,
1720 2956 1850 3008 Ἰου-

260 3043 418 3098 δαίου
444 3060 507 3098 τε
542 3043 635 3097 καὶ
678 3045 1040 3115 Σαμαρείτου,
1069 3045 1162 3099 καὶ
1190 3044 1479 3116 Ἕλληνος,
1511 3045 1606 3096 καὶ
1637 3044 1855 3098 πάντων

260 3136 417 3202 {suae
465 3135 807 3208 ἀνθρώπων·
841 3137 1031 3196 τοῦτον
1077 3137 1213 3206 μετά
1258 3135 1350 3188 τοῦ
1409 3135 1690 3207 σώματος,
1720 3137 1855 3208 ὅπερ

257 3229 414 3285 ἐστὶν
451 3225 766 3294 ὑποζύγιον,
812 3226 889 3296 τῷ
923 3226 1071 3297 τόπῳ
1105 3227 1202 3296 τῆς
1232 3225 1325 3278 τοῦ
1357 3226 1644 3297 ἀνθρώπου
1674 3226 1857 3280 κακώα

259 3338 402 3384 ςεως
456 3316 764 3379 ἐπιστάντι,
795 3317 890 3370 καὶ
937 3316 1272 3396 θεραπεῦσαι
1325 3317 1394 3371 τὰ
1427 3319 1738 3389 τραύματα,
1763 3321 1857 3373 καὶ

257 3411 356 3473 ἐπὶ
378 3413 474 3466 τοῦ
507 3412 639 3467 ἰδίου
673 3409 836 3462 αὑτὸν
875 3409 1104 3480 κτήνους
1131 3407 1536 3476 ἐπαναπαῦσαι,
1567 3410 1660 3464 καὶ
1687 3427 1856 3463 καταο

259 3503 467 3572 γὼγιον
514 3505 740 3574 ποιῆσαι
790 3498 940 3570 αύτῷ
993 3498 1092 3569 τὴν
1122 3498 1500 3568 φιλάνθρωπον
1529 3499 1855 3567 οἰκονομίαν,

259 3587 526 3665 ᾖπάντες
555 3593 605 3646 οἰ
659 3589 960 3650 κοπιῶντες
1010 3587 1104 3640 καὶ
1155 3587 1578 3657 πεφορτισμένοι
1630 3603 1860 3640 συνανα-

262 3682 555 3737 παύονται.
593 3682 651 3734 ὐ
683 3681 740 3734 δὲ
773 3683 829 3733 ἐν
862 3674 1012 3752 αὑτῷ
1053 3675 1372 3744 γενόμενος,
1398 3673 1613 3744 δέχεται
1643 3673 1860 3737 πάντως

256 3778 333 3838 tv.
357 3773 540 3844 ἐαυτῷ
571 3775 663 3828 τὸν
693 3775 754 3827 ἐν
772 3767 815 3841 ᾧ
852 3773 1088 3842 ἐγένετο,
1126 3767 1298 3830 οὕτως
1340 3765 1587 3828 εἰπόντος
1623 3763 1715 3818 τού
1758 3765 1860 3818 Λό-

256 3883 401 3933 γοιιι
417 3865 500 3918 Em
540 3865 595 3916 Ὀ
614 3865 813 3934 μένων
842 3864 912 3917 ἐν
934 3862 1084 3932 ἐμοὶ,
1117 3857 1282 3932 κάγὼ
1312 3856 1382 3910 ἐν
1409 3853 1588 3935 αὐτῷ.
1623 3855 1861 3925 Δεξάμε-

261 3973 358 4018 νος
376 3951 473 4008 οὖν
511 3956 589 4028 τῷ
637 3955 750 4024 ἰδίῳ
779 3955 1088 4024 χωρήματι,
1126 3946 1444 4022 πανδοχεύει
1477 3949 1534 3999 ἐν
1563 3946 1741 4016 ἐαυτῷ
1769 3947 1859 4000 τὸν

261 4046 556 4118 ἀχὼρητον
576 4087 592 4110 ,
623 4049 751 4116 παρ’
777 4040 854 4106 οἱ.
879 4046 1092 4115 δέχεται
1121 4045 1190 4098 τὰ
1221 4043 1314 4097 δύο
1343 4041 1655 4113 νομίσματα
1673 4055 1684 4068 ·
1708 4031 1782 4091 ὧν
1801 4039 1862 4092 τὸ

263 4137 370 4207 μέν
408 4139 557 4190 ἐστιν
589 4139 622 4206 ἡ
653 4137 718 4202 ἐξ
741 4136 868 4205 ὅλης
902 4135 1126 4207 καρδίας
1159 4137 1238 4198 εἰς
1268 4132 1518 4187 τὸν-Θεὸν
1544 4129 1765 4201 ἀγάπηο
1797 4129 1860 4182 τὸ

257 4228 323 4282 δὲ
348 4227 538 4296 ἕτερον
563 4227 598 4294 ἡ
624 4227 703 4289 εἰς
746 4225 836 4277 τὸν
868 4223 1090 4293 πλησίον
1137 4223 1213 4285 ὡς
1247 4222 1460 4286 ἐαυτὸν,
1489 4216 1674 4281 καθὼς
1709 4217 1803 4271 καὶ
1830 4218 1859 4270 ό

257 4318 496 4390 νομικὸς
544 4318 896 4389 ἀπεκρίνατο.
965 4315 1102 4370 Ἀλλ’
1136 4314 1325 4386 ἐπειδὴ
1372 4315 1470 4391 οὑχ
1511 4315 1560 4367 oi
1594 4307 1860 4384 ἀκροαταὶ

259 4410 364 4467 τοῦ
396 4411 567 4481 νόμου
592 4409 787 4462 δίκαιοι
811 4407 964 4474 παρά
993 4406 1071 4476 τῷ
1102 4404 1408 4476 Θεῷ,,ἀλλά
1438 4406 1486 4456 οἰ
1518 4403 1736 4473 ποιηταί¹
1764 4398 1856 4455 τοῦ

263 4502 442 4570 νόμου
496 4499 948 4569 δικαιωθήσονται
976 4513 991 4527 ο
1024 4495 1129 4566 χρὴ
1167 4495 1258 4567 μὴ⁵
1289 4495 1448 4565 μόνον
1496 4492 1750 4560 δέξασθαι
1789 4493 1858 4545 τὰ

263 4594 368 4646 δύο
416 4589 592 4644 ταῦτα
641 4589 951 4659 νομίσματα
984 4603 998 4617 ο
1033 4585 1132 4657 τὴν
1163 4586 1346 4638 πίστιν
1391 4584 1533 4652 λέγω
1563 4583 1661 4654 τὴν
1699 4585 1779 4646 εἰς
1799 4583 1860 4644 τὸ

264 4684 449 4746 Θεϊον,
474 4681 568 4735 καὶ
599 4679 694 4752 τὴν
717 4679 926 4749 ἀγαθὴν
951 4678 1086 4748 πρὸς
1123 4679 1248 4740 τοὺς
1277 4676 1582 4748 ὁμοφύλους
1625 4675 1864 4744 συνείδη-

267 4792 358 4827 σιν
387 4790 401 4804 ·
442 4773 582 4827 ἀλλά
618 4772 698 4825 δεῖ
736 4772 828 4825 καὶ
870 4770 1031 4825 αὑτὸν
1079 4768 1483 4836 συνεισενέγκαι
1507 4766 1595 4822 διὰ
1633 4765 1740 4820 τῶν
1770 4764 1860 4836 ερ-

266 4882 388 4934 γων
416 4863 554 4935 πρὸς
575 4862 675 4933 τὴν
713 4861 820 4915 τῶν
853 4861 1082 4915 ἐντολῶν
1118 4859 1320 4914 τούτων
1358 4857 1726 4927 ἐκπλήρωσιν.
1759 4855 1857 4915 Διὰ

264 4956 436 5012 τοῦτό
465 4973 598 5026 φησι
629 4955 761 5026 πρὸς
808 4954 900 5007 τὸν
929 4953 1195 5024 πανδοχέα
1222 4953 1251 5005 ό
1298 4950 1519 5021 Κύριος,
1544 4951 1624 5002 ὅτι
1653 4950 1772 5001 πᾶν.
1798 4947 1860 5000 τὸ

267 5048 408 5119 περὶ
441 5047 539 5117 τὴν
564 5047 855 5118 θεραπείαν
883 5044 977 5098 τοῦ
1001 5033 1386 5113 κεκακωμένου
1417 5041 1545 5110 παρ’
1569 5038 1732 5092 αὑτοῦ
1769 5054 1870 5105 γεο.

268 5140 527 5206 νόμενον,
562 5139 620 5190 ἐν
651 5139 718 5206 τῇ
773 5135 1000 5208 δευτέρᾳ
1051 5131 1214 5188 αὑτοῦ
1266 5131 1536 5202 παρουσίᾳ
1577 5129 1716 5182 κατά
1757 5129 1858 5198 τὴν

268 5227 437 5291 ἀξίαν
476 5225 576 5295 τῆς
629 5224 862 5295 σπουδῆς
901 5223 1259 5293 ἀπολήψεται.
1312 5220 1371 5272 Ὀ
1411 5220 1589 5272 τοίνυν
1632 5216 1862 5287 πλησίον

272 5318 437 5387 ἡμῶν
481 5316 720 5385 γεγονὼς
739 5316 826 5369 διὰ
854 5316 954 5386 τῆς
986 5313 1243 5383 τοιαύτης
1265 5311 1696 5382 φιλανθρωπίας,
1728 5311 1755 5362 ό
1775 5308 1862 5361 διὰ

270 5407 376 5460 τού
417 5406 479 5476 ἐξ
521 5407 688 5463 Ἰούδα
720 5409 851 5481 ἡμῖν
899 5405 1176 5467 ἀνατεῖλαι
1205 5402 1482 5475 ἁδελφιδὸς
1521 5401 1812 5472 γενόμενος
1844 5415 1856 5429 ·

346 5579 396 5610 ⁸⁸
429 5575 566 5634 Luc.
598 5597 651 5647 ι,
681 5581 750 5638 29
782 5601 902 5658 sqq.
981 5579 1025 5611 ⁸³
1057 5576 1212 5637 Joan.
1235 5593 1314 5645 si,
1347 5577 1432 5644 57,
1506 5577 1555 5614 “
1585 5573 1743 5631 Rom.
1771 5590 1828 5638 ιι,
1859 5577 1940 5631 15.

991 5661 1043 5688 ’Ὁ

1944 412 2075 481 ﬁlia:
2129 411 2450 467 Jerusalem.
2516 411 2811 482 Postquam
2871 417 3016 467 enim
3090 429 3186 483 per
3249 413 3520 483 picturam

1945 506 2211 564 orationis
2245 505 2479 575 subjecit
2503 520 2694 560 earum
2740 505 2915 559 oculis
2971 505 3156 559 omnia
3187 505 3411 570 indicia,
3452 508 3520 558 de

1943 599 2146 669 quibus
2173 598 2287 653 tieri
2313 598 2518 668 agnitio
2541 597 2757 667 quaesiti
2789 605 2995 667 posset,
3019 596 3236 650 tandem
3273 597 3523 650 oratione

1946 689 2360 745 demonstrante
2389 689 2582 751 utitur,
2627 689 2785 759 quasi
2849 687 3056 742 diceret
3092 705 3108 742 :
3144 682 3244 743 llic
3299 697 3383 743 est
3433 686 3524 740 ille

1945 797 2108 852 quem
2140 782 2459 850 quaerimus,
2491 779 2586 850 qui
2627 785 2914 849 propterea
2960 779 3105 849 quod
3145 778 3312 832 frater
3364 777 3525 831 nobis

1951 875 2132 930 factus
2159 875 2253 938 sit,
2293 881 2450 928 ortus
2476 888 2542 928 ex
2579 870 2742 936 Juda,
2777 871 3058 942 proximus
3095 869 3272 924 factus
3297 877 3381 923 est
3421 867 3524 932 illi,

1947 969 2041 1039 qui
2084 967 2139 1022 in
2173 969 2413 1022 latrones
2468 964 2680 1031 incidit,
2736 972 2904 1034 atque
2939 963 3081 1028 oleo,
3131 960 3281 1024 vino,
3333 958 3524 1014 fasciis

1951 1079 2178 1134 vulnera
2211 1076 2359 1131 illius
2393 1074 2625 1135 sanavit,
2655 1073 2905 1142 jumento
2964 1069 3189 1140 proprio
3240 1067 3524 1137 imposuit,

1951 1169 2007 1223 in
2040 1167 2345 1223 diversorio
2374 1165 2659 1228 recreavit,
2691 1163 2905 1218 duobus
2939 1163 3004 1216 ad
3030 1160 3234 1215 victum
3283 1158 3526 1213 denariis

1951 1260 2195 1324 donavit,
2232 1258 2505 1328 pollicitus
2530 1257 2693 1311 etiam
2720 1270 2778 1310 se
2807 1255 2859 1308 in
2893 1252 3093 1315 reditu,
3153 1249 3298 1321 quod
3333 1260 3528 1320 praeter

1953 1351 2269 1405 mandatum
2303 1351 2638 1418 insumptum
2669 1354 2834 1409 esset,
2895 1344 3255 1400 redditurum.
3282 1340 3396 1395 Nec
3427 1339 3526 1393 ob-

1954 1457 2173 1497 seurum
2205 1449 2310 1507 est,
2339 1456 2448 1509 quo
2478 1441 2593 1494 haec
2644 1437 2858 1506 singula
2911 1441 3181 1505 spectent.
3236 1430 3370 1486 Nam
3404 1443 3526 1484 cum

1957 1534 2090 1603 legis
2120 1533 2389 1601 interpres
2418 1530 2704 1585 Dominum
2733 1536 2994 1592 tentaret,
3028 1541 3195 1595 seque
3227 1539 3390 1592 supra
3422 1536 3529 1574 ca:-

1957 1634 2106 1679 teros
2138 1632 2416 1678 ostentare
2446 1622 2629 1686 vellet,
2661 1635 2724 1673 ac
2781 1632 2964 1688 parem
2999 1631 3122 1669 cum
3180 1613 3304 1667 aliis
3335 1610 3527 1665 condi-

1881 1687 1921 1742 Β
1953 1717 2153 1770 tionem
2185 1714 2417 1782 superbe
2453 1717 2733 1781 respueret
2773 1687 2858 1762 his
2895 1707 3116 1762 verbis:
3176 1703 3242 1756 Et
3278 1703 3398 1772 quis
3446 1708 3524 1753 est

1949 1823 2094 1860 meus
2116 1807 2388 1873 proximus
2405 1803 2484 1855 ‘°?
2499 1811 2608 1855 tum
2637 1815 2762 1854 vero
2783 1797 3013 1868 quadam
3035 1795 3347 1850 narratione
3379 1789 3530 1845 Scri-

1952 1905 2113 1967 ptura
2141 1904 2307 1949 totam
2359 1892 2886 1948 administrationem
2951 1884 3399 1955 henignissimam
3431 1897 3527 1934 ex-

1952 1988 2126 2057 ponit,
2187 1990 2616 2040 commemorato
2665 1982 2933 2036 descensu
3001 1977 3241 2032 hominis
3281 1975 3348 2029 de
3411 1974 3530 2026 loco

1951 2080 2255 2148 superiore,
2288 2084 2342 2132 et
2382 2079 2652 2130 latronum
2684 2072 2924 2136 insidiis,
2964 2081 3019 2124 et
3051 2067 3530 2123 indunienti'inte-

1953 2173 2092 2225 ritus
2131 2170 2369 2239 expertis
2404 2167 2768 2236 ademptione,
2824 2172 2879 2218 ct
2919 2161 3126 2232 peccati
3191 2158 3528 2221 vulneribus,

1950 2272 2005 2319 et
2038 2277 2330 2334 progressu
2367 2259 2558 2315 mortis
2583 2258 2648 2312 ad
2682 2255 2961 2311 dimidiam
2994 2267 3168 2322 usque
3198 2258 3404 2319 partem
3434 2263 3532 2303 na-

1950 2364 2086 2409 turae
2115 2353 2470 2425 penetrantis.
2507 2351 2777 2406 retinente
2807 2343 3270 2400 immortalitatem
3301 2340 3482 2394 anima
3513 2357 3525 2392 :

1951 2470 2017 2524 dc
2046 2469 2176 2537 legis
2211 2467 2336 2520 item
2364 2465 2541 2518 inutili
2567 2463 2822 2522 transitu,
2842 2458 2987 2530 quod
3026 2473 3203 2529 neque
3236 2455 3529 2515 sacerdos.

1953 2573 2127 2627 neque
2164 2556 2347 2611 Levita
2388 2554 2656 2623 quispiam
2687 2553 2906 2606 vulnera
2951 2549 3096 2618 ejus,
3129 2548 3222 2618 qui
3265 2548 3317 2600 in
3359 2548 3530 2598 latro-

1952 2666 2048 2705 nes
2085 2649 2373 2709 inciderat,
2424 2645 2700 2700 curaverit
2739 2644 2956 2713 (neque
2995 2642 3141 2696 enim
3183 2639 3296 2693 ﬁeri
3331 2644 3530 2707 potest,

1953 2751 2012 2797 ut
2047 2742 2273 2812 sanguis
2294 2749 2589 2795 'taurorum
2627 2746 2680 2794 et
2718 2737 2997 2791 hircorum
3050 2741 3271 2804 peccata
3320 2731 3531 2798 tollat);

1953 2836 2046 2890 sed
2092 2835 2263 2901 illum,
2312 2833 2405 2904 qui
2453 2833 2763 2887 universam
2805 2829 3088 2882 hominum
3143 2833 3393 2879 naturam
3438 2837 3534 2891 per

1955 2924 2227 2996 primitias
2257 2938 2454 2978 massa!
2477 2922 2581 2978 sibi
2601 2919 2984 2981 circumdedit,
3016 2917 3217 2985 quibus
3239 2914 3535 2982 cujuslibet

1882 3015 1924 3071 C
1959 3017 2196 3071 nationis
2226 3031 2350 3086 pars
2385 3015 2565 3084 aliqua
2599 3004 3536 3071 continebatur,Iudaicae,Samari-

1958 3118 2117 3172 tana),
2145 3106 2368 3170 Graeca,
2388 3106 2632 3166 omnium
2659 3105 2892 3174 denique
2917 3102 3195 3156 hominum
3214 3118 3228 3154 :
3249 3098 3392 3152 hunc
3409 3112 3532 3150 cum

1958 3217 2188 3271 corpore
2217 3216 2340 3262 suo,
2366 3197 2510 3264 quod
2531 3197 2947 3267 perjumentum
2970 3192 3332 3264 significatur,
3364 3187 3428 3242 ad
3462 3187 3535 3240 lo-

1957 3308 2081 3346 cum
2101 3306 2209 3361 quo
2228 3291 2388 3345 laesus
2405 3301 2522 3343 erat
2544 3287 2726 3348 homo,
2747 3303 2805 3341 sc
2819 3301 2922 3340 con
2932 3284 3191 3339 ferentem
3215 3293 3438 3334 curasse
3455 3278 3536 3346 ip-

1959 3384 2074 3438 sius
2097 3387 2343 3446 vulnera,
2359 3381 2608 3449 jumento
2633 3378 2858 3448 proprio
2884 3375 3198 3445 impositum
3220 3385 3499 3427 recreassc
3518 3411 3534 3434 ,

1959 3489 2114 3531 suam
2182 3474 2232 3526 ei
2292 3474 2582 3541 benignam
2643 3469 3002 3523 mconomiam
3061 3463 3349 3520 diversorii
3417 3463 3537 3514 loco

1960 3563 2258 3634 aperuisse,
2288 3577 2384 3631 per
2413 3575 2576 3630 quam
2599 3573 2789 3612 omnes
2819 3555 3024 3626 fatigati
3050 3563 3100 3607 et
3123 3552 3330 3608 onerati
3355 3551 3538 3620 quiete

1962 3656 2235 3710 fruuntur.
2300 3651 2402 3718 Qui
2451 3661 2630 3703 autem
2693 3648 2873 3717 ipsum
2926 3645 3248 3715 ingreditur,
3310 3655 3536 3710 prorsus

1963 3749 2114 3801 illum
2140 3745 2318 3815 ipsum
2345 3745 2487 3796 intra
2513 3757 2572 3797 sc
2599 3739 2812 3809 recipit,
2837 3739 2888 3790 in
2903 3751 3064 3806 quem
3087 3735 3370 3804 ingressus
3393 3738 3532 3785 erat.

1963 3837 2055 3892 Sic
2080 3835 2224 3892 enim
2263 3832 2500 3888 Verbum
2531 3830 2794 3898 loquitur,
2834 3827 2938 3893 Qui
2968 3828 3020 3878 in
3040 3841 3120 3878 me
3148 3832 3342 3883 manet,
3366 3820 3537 3873 iuliae

1960 3941 2008 3986 et
2037 3930 2145 3998 ipse
2185 3923 2402 3980 manebo
2424 3924 2492 3976 ⁶¹.
2518 3925 2711 3991 Itaque
2739 3921 2901 3974 homo
2937 3919 3079 3970 intra
3109 3916 3342 3984 spatium
3377 3927 3538 3980 capa-

1962 4021 2144 4076 citatis
2174 4034 2288 4075 suae
2344 4018 2493 4072 illum
2521 4014 2746 4083 excipit,
2779 4011 2870 4082 qui
2901 4007 3285 4078 comprehendi
3325 4005 3534 4075 nequit,

1961 4113 2109 4169 etab
2142 4111 2247 4166 hoc
2278 4122 2530 4164 nuunuos
2565 4105 2761 4174 accipit
2804 4103 2962 4164 duos,
3015 4115 3245 4170 quorum
3281 4099 3416 4153 alter
3454 4105 3540 4151 cst

1961 4219 2088 4276 erga
2117 4203 2284 4258 Deum
2318 4199 2560 4260 dilectio,
2610 4197 2847 4263 profecta
2885 4193 2952 4256 de
2986 4202 3101 4256 toto
3125 4193 3345 4246 animo:
3378 4191 3536 4255 alter,

1963 4293 2185 4349 dilectio
2224 4290 2458 4362 proximi
2491 4289 2634 4344 sicut
2665 4287 2749 4341 sui
2777 4285 2974 4356 ipsius.
3001 4280 3462 4353 quemadmodum
3485 4287 3542 4349 et

1896 4362 1938 4417 θ
1966 4387 2099 4456 legis
2132 4386 2402 4453 interpres
2437 4381 2529 4433 ille
2560 4379 2938 4449 responderat.
2966 4374 3104 4441 Quia
3144 4389 3272 4428 vero
3300 4388 3406 4428 non
3443 4387 3542 4430 au-_

1965 4479 2175 4536 clitores
2208 4476 2342 4546 legis
2374 4474 2519 4544 apud
2551 4471 2717 4527 Deum
2737 4471 2873 4540 justi
2911 4477 3063 4531 sunt,
3097 4467 3197 4522 sed.
3233 4465 3326 4536 qui
3370 4467 3548 4534 legent

1966 4574 2227 4644 praestant
2278 4566 2412 4637 justi
2465 4563 2839 4620 censebuntur
2887 4560 2931 4591 θ’
2989 4577 3003 4613 :
3065 4574 3178 4612 non
3227 4557 3282 4610 hi
3326 4565 3548 4619 tantum

1964 4662 2170 4719 nummi
2208 4663 2318 4716 duo
2334 4656 2626 4728 recipiendi
2651 4663 2800 4716 sunt,
2825 4652 3082 4708 nimirum
3122 4648 3326 4703 fidesin
3347 4648 3553 4723 Deum,

1963 4766 2018 4812 et
2046 4757 2186 4811 bona
2216 4767 2343 4823 erga
2365 4749 2611 4819 ejusdem
2649 4747 2863 4817 generis
2895 4733 3500 4798 homines'conscientia
3525 4753 3552 4812 ς

1965 4846 2061 4903 sed
2111 4846 2274 4902 etiam
2325 4833 2529 4912 aliquid
2599 4854 2696 4908 per
2741 4851 2906 4908 opera
2940 4843 3026 4890 est
3060 4832 3369 4888 addendum
3417 4829 3546 4890 huic

1967 4935 2350 4993 mandatorum
2405 4928 2730 5000 impletioni,
2784 4925 2916 4980 Nam
2966 4933 3254 4994 propterea
3297 4921 3434 4975 dicit
3476 4919 3544 4972 ad

1968 5030 2236 5098 hospitem
2279 5025 2563 5084 Dominus,
2615 5020 2856 5074 futurum
2890 5025 2950 5072 ut
2990 5014 3258 5088 quidquid
3293 5014 3347 5067 in
3383 5025 3546 5066 cura-

1969 5126 2115 5174 tione
2167 5117 2406 5172 hominis
2459 5115 2568 5169 laesi
2607 5115 2675 5168 ab
2703 5113 2821 5183 ipso
2847 5112 2959 5173 fiat,
3005 5109 3233 5164 alterius
3274 5104 3548 5162 adventus

1966 5209 2051 5266 sui
2100 5217 2343 5278 tempore
2405 5222 2502 5277 pro
2541 5206 2707 5260 studii
2753 5202 3020 5274 dignitate
3062 5197 3307 5266 recipiat.
3337 5193 3543 5258 Quant-

1965 5303 2154 5356 obrem
2200 5301 2247 5359 is
2271 5300 2363 5370 qui
2397 5299 2682 5368 proximus
2715 5303 2902 5349 noster
2929 5291 3134 5348 .factus
3186 5281 3267 5341 est
3303 5285 3373 5339 ob
3398 5284 3540 5336 hanc

1966 5409 2095 5464 erga
2164 5408 2265 5448 nos
2313 5390 2724 5464 benignitatem,
2776 5385 2870 5458 qui
2920 5381 3064 5454 quod
3097 5396 3161 5436 ex
3210 5377 3346 5432 .luda
3381 5373 3543 5435 nobis
