3996 6196
555 186 691 244 εοθη

1786 176 1844 234 S.
1881 173 2518 235 GREGOBILNYSSENI

3630 176 3737 236 l088

556 300 635 355 sit“
683 305 860 362 ortus,
919 303 1097 352 lactus
1147 305 1234 353 est
1259 302 1525 366 cognatus
1572 302 1761 351 noster
1789 295 1929 363 ;bie
1955 294 2118 364 igitur

2242 288 2382 354 ὦτός
2402 289 2633 346 ὲστινξδν
2664 287 2857 360 μηνύει
2884 287 3006 350 ταῖς
3029 285 3261 340 νεάνισιν
3294 285 3323 338 6
3349 284 3442 354 τῆς
3461 284 3650 358 νύμφης
3674 289 3745 344 λό-

556 389 648 444 ille
672 395 778 450 est,
802 402 964 456 quem
989 401 1189 457 sponsa
1214 386 1534 457 juvenculis
1553 386 1783 450 indicat,
1809 385 2008 442 bie~est
2031 386 2127 454 qui

557 477 775 534 ﬁliabus
835 477 1138 533 Jerusalem
1207 479 1276 532 ab
1341 478 1671 549 integritatis
1727 477 1873 532 haud
1915 477 2129 532 violata:

557 585 763 641 sponsa
787 577 1272 634 connuonstratur,
1293 585 1419 624 eum
1458 570 1533 623 ait
1567 588 1580 622 ε
1618 567 1722 620 Hic
1753 577 1830 622 est
1875 577 2127 637 cognatm

559 677 724 724 meus,
751 669 799 712 et
835 660 920 712 hic
954 659 1227 728 proximus
1269 674 1435 719 meus,
1469 658 1598 727 ﬁlia:
1622 655 1941 711 Jerusalem.
1970 656 2128 711 Illum

559 758 620 806 et
642 751 802 805 nobis
820 765 916 820 per
951 750 1151 804 indicia
1205 757 1640 805 commonstrata
1685 749 1926 819 reperire
1951 755 2004 803 et
2037 763 2129 804 as-

561 845 712 912 sequi
747 844 1050 914 eoutingat,
1086 842 1154 897 ad
1186 843 1418 898 salutem
1448 843 1765 896 animarum
1788 848 2125 906 nostrarum,

560 936 724 1003 idque
758 936 923 989 ductu
962 934 1207 1005 Spiritus
1239 935 1438 1001 sancti,
1471 935 1560 990 cui
1587 934 1778 1005 gloria
1803 933 2017 990 saeculis
2050 934 2132 988 in-

562 1026 748 1081 ﬁnitis.
781 1026 978 1082 Amen.
1760 1066 1811 1116 ι.

1129 1113 1412 1170 llOMlLIA
1447 1113 1568 1171 XV.

630 1207 758 1262 CAP.
808 1224 874 1273 ν,
901 1209 954 1276 ᾖ.
1004 1207 1091 1260 l7.
1129 1207 1244 1273 Quo
1281 1209 1409 1262 abiit
1453 1216 1707 1278 cognatus
1753 1215 1907 1271 tuus,
1954 1222 1984 1261 ο
2010 1207 2134 1274 pul-

563 1297 688 1350 chra
718 1300 854 1352 inter
881 1299 1171 1355 mulieres?
1217 1315 1318 1368 quo
1359 1300 1585 1368 respexit
1623 1308 1876 1370 cognatus
1919 1308 2060 1363 tuus,
2082 1306 2134 1352 et

563 1406 853 1458 qumremus
879 1406 996 1444 eum
1029 1392 1234 1446 tecum?
1262 1390 1390 1444 CAP.
1418 1406 1494 1454 νι,
1521 1390 1574 1458 y.
1603 1390 1653 1444 1.
1685 1386 1958 1458 Cognatas
1990 1403 2132 1441 meus

563 1479 827 1532 descendit
861 1480 914 1532 in
959 1481 1168 1532 hortum
1211 1495 1387 1542 suum,
1413 1478 1482 1531 ad
1527 1478 1734 1548 phialas
1767 1478 2044 1542 aromatis,
2076 1487 2133 1530 ut

564 1581 746 1635 pascat
767 1571 819 1622 in
837 1572 1020 1634 hortis,
1037 1580 1157 1624 etut
1177 1570 1387 1640 colligat
1405 1570 1607 1623 lilia.2.
1629 1568 1739 1639 Ego
1757 1578 1977 1638 cognato
1999 1587 2130 1634 meo,

2231 398 2350 452 τος,
2384 377 2538 445 οὗτος
2573 383 2602 434 6
2631 383 2749 444 ταῖς
2780 375 3484 449 θυγατράσιν-Ἰερουσαλὴμ
3513 379 3644 448 παρὰ
3667 380 3740 452 τῆς

2232 463 2502 544 ἀκράντου
2537 470 2753 542 νύμφης
2776 469 3122 540 δηλούμενος,
3155 468 3224 522 δι’
3243 460 3318 521 ὧν
3349 469 3631 536 φησιν-ὃτι
3659 468 3740 526 οὔ.

2231 582 2336 630 τος
2369 563 2691 632 ἁδελφιδός
2719 578 2857 630 μου,
2893 560 2993 613 καὶ
3020 555 3198 623 οὗτος
3228 557 3484 620 πλησίον
3509 576 3632 627 μου,
3661 563 3739 616 θυ.

2232 659 2475 729 φατέξρες
2510 654 2899 726 Ἰερουσαλήμ
2924 669 2938 684 ’
2965 653 3026 706 ὃν
3057 653 3150 705 καὶ
3171 653 3332 723 ἡμεῖς
3363 649 3449 704 διὰ
3482 650 3580 705 τῶν
3605 652 3740 720 δηλω-

2235 749 2437 804 θέντων
2485 745 2898 818 γνωρισμὰτων-
2933 741 3189 814 εὕροιμεν
3213 739 3395 792 τε·καῖ.
3412 737 3643 809 λάϐοιμεν
3673 742 3741 795 ἐπὶ

2237 839 2618 911 σωτηρίᾳοτῶν
2658 837 2842 907 ψυχῶν
2874 835 3048 907 ήμῶντ
3081 832 3169 886 διὰ
3205 831 3325 901 τῆς·
3341 829 3430 883 τοῦ
3447 830 3587 898 ἁγίου
3614 829 3742 884 Πνεῦ-

2238 947 2408 1001 ματος
2446 928 2811 1002 χειρατιιηνίας
2835 942 2847 956 ο
2877 920 2921 994 ᾧ
2965 927 3002 997 ἡ
3038 923 3171 988 δόξα
3194 924 3272 985 εἰς
3317 919 3638 983 τοὺςδαίῶνας
3660 920 3742 973 τῶν

2235 1022 2466 1076 αἰώνων.
2507 1021 2563 1074 Ἀ
2574 1020 2700 1090 μήν.
3725 1035 3728 1037 ‘

2839 1110 2962 1163 ΟΜῙ
2969 1111 3082 1163 AIA
3119 1109 3221 1163 ΠΨ.

2309 1203 2736 1272 Ποῦἀπῆλθεν
2756 1205 2789 1256 ό
2813 1200 3136 1269 ἀδελφιδός
3184 1215 3323 1264 σου,
3353 1198 3392 1267 ἡ
3420 1197 3563 1265 καλὴ
3585 1197 3638 1251 ἐν
3670 1217 3747 1267 τυ-

2237 1293 2962 1368 ναιξι’;·Ποῦ,ἀπέϐλεψεν
2995 1295 3027 1346 ὁ
3057 1290 3381 1360 ἁδελφιδός
3421 1307 3546 1353 σου,
3574 1290 3653 1342 καί
3677 1289 3744 1354 (n-

2239 1387 2503 1456 τήσομεν
2553 1385 2740 1440 αὐτὸν
2792 1385 2944 1454 μετὰ
2995 1383 3161 1448 σοῦ;
3205 1373 3260 1435 Ὀ
3319 1379 3615 1445 ἁδε.ίφιδός
3663 1379 3773 1450 μου’

2242 1477 2456 1544 κατέϐη
2478 1479 2562 1542 είς
2597 1475 2796 1544 κῆπον
2832 1474 3040 1537 αὐτοῦ,
3065 1476 3154 1539 είς
3193 1472 3411 1541 φιάλας
3436 1470 3534 1524 τοῦ
3569 1470 3746 1538 ἀρώμα-

2246 1569 2730 1637 τος,.ποιμαίνειν
2766 1567 2834 1620 ἐν
2863 1567 3098 1634 κήὶτοις,
3133 1563 3572 1626 καὶ-συλλέγειν
3598 1563 3747 1630 κρίνα.

564 1672 612 1716 ct
628 1672 882 1730 cognatus
903 1677 1044 1716 meus
1063 1663 1311 1729 mihi,qui
1327 1663 1496 1728 pascit
1513 1662 1649 1715 inter
1670 1662 1800 1714 lilia.
1826 1663 1878 1716 5.
1901 1661 2134 1715 Pulchra

2253 1657 2399 1727 Ἐγὼ
2442 1655 2522 1721 τῷ
2571 1653 2868 1722 ἀδελφιδῷ
2910 1671 3028 1722 μου
3055 1693 3069 1716 ,
3100 1651 3200 1704 καί
3253 1655 3285 1705 ὀ
3334 1648 3628 1718 daalthch
3664 1664 3750 1716 μου

563 1770 640 1812 es,
675 1754 919 1822 proxima
968 1770 1103 1818 mea,
1144 1754 1283 1808 sicut
1318 1753 1433 1823 ipsa
1483 1752 1836 1808 benevolentia
1858 1794 1872 1817 ,
1898 1754 2136 1823 formosa

565 1845 700 1898 sicut
740 1844 1071 1909 Jerusalem,
1121 1855 1306 1915 stupor
1357 1858 1612 1915 tanquam
1658 1848 1932 1902 instructa:
1973 1848 2134 1902 acies.

565 1937 616 1990 Δ.
650 1938 836 1991 Averte
852 1939 1030 1991 oculos
1055 1954 1087 1990 a
1107 1953 1216 2002 me;
1237 1954 1360 1990 nam
1381 1937 1463 1990 illi
1479 1938 1594 1991 alas
1618 1938 1747 1990 mihi
1769 1939 2135 1992 reddiderunt.

565 2026 731 2081 Coma
757 2038 846 2079 tua
878 2028 1015 2080 velut
1065 2044 1243 2096 greges
1293 2043 1600 2095 caprarum,
1629 2044 1746 2097 qua:
1775 2039 2138 2097 apparuerunt

565 2118 627 2169 de
650 2115 878 2171 Galaad.
899 2117 951 2170 5.
974 2116 1163 2171 Dentes
1189 2117 1265 2169 tui
1288 2116 1612 2186 sicutgreges
1631 2125 1927 2182 tonsuram,
1944 2134 2060 2186 quia
2075 2117 2141 2174 de

566 2207 778 2261 lavacro
806 2209 1180 2272 ascenderunt,
1218 2217 1267 2261 et
1298 2223 1475 2262 omnes
1513 2208 1700 2262 habent
1725 2208 1861 2275 [etus
1877 2212 2145 2294 gemellos,

568 2316 726 2369 neque
753 2299 948 2352 sterilis
975 2299 1116 2352 inter.
1141 2315 1232 2352 eos
1273 2298 1389 2352 ulla
1418 2307 1516 2353 est.
1563 2297 1616 2352 6.
1675 2298 1854 2354 Labra
1897 2310 1990 2354 tua
2015 2310 2139 2355 sunt

567 2387 736 2438 instar
784 2386 1008 2455 funiculi
1050 2387 1294 2451 coccinei,
1322 2395 1371 2441 et
1424 2388 1631 2458 loquela
1665 2398 1754 2442 tua
1793 2391 2001 2460 elegans
2039 2400 2136 2446 est.

566 2476 722 2530 Molle
755 2487 858 2530 tua:
891 2478 1065 2530 instar
1092 2479 1305 2533 corticis
1330 2480 1459 2533 mali
1482 2482 1680 2548 punici,
1716 2493 1906 2549 praeter
1928 2481 1980 2534 id
2003 2483 2140 2552 quod

568 2569 621 2620 in
653 2579 699 2622 te
723 2570 986 2623 relicetur.
1016 2570 1065 2622 7.
1094 2567 1382 2640 Sexaginta
1406 2581 1527 2626 sunt
1552 2575 1762 2642 reginw,
1801 2582 1850 2627 et
1877 2575 2143 2644 octoginta

567 2661 891 2725 concubinis,
941 2670 996 2715 et
1038 2661 1437 2726 iuvencularum
1482 2681 1584 2717 non
1611 2674 1689 2718 est
1720 2681 1984 2720 numerus.
2024 2663 2144 2718 Una

566 2762 644 2807 est
675 2753 917 2806 columba
952 2769 1088 2817 mea,
1139 2753 1370 2823 perfecta
1392 2770 1526 2807 mea.
1568 2754 1622 2808 8.
1669 2754 1836 2820 Unica
1866 2768 1944 2811 est
1984 2760 2144 2813 matri

569 2860 698 2908 suae,
735 2845 901 2900 electa
939 2846 1028 2900 illi
1051 2861 1167 2916 quae
1204 2847 1403 2916 peperit
1426 2863 1572 2901 eam.

638 3106 922 3176 Philippus
954 3106 1045 3159 ille
1083 3106 1393 3174 apostolus,
1445 3106 1540 3176 qui
1577 3121 1641 3161 ex
1672 3107 1894 3163 civitate
1924 3107 2070 3163 Petri
2094 3119 2152 3164 et

567 3196 797 3252 Andrea:
829 3199 999 3252 fuisse
1032 3198 1385 3267 perhibetur:
1411 3199 1611 3253 etenim
1638 3198 1740 3254 hoc
1770 3201 1903 3254 mihi
1936 3202 2148 3258 videtur

566 3288 873 3342 encomium
901 3287 1177 3356 quoddam
1213 3303 1336 3343 esse
1370 3287 1634 3359 Philippi,
1667 3289 1811 3359 quod
1832 3306 2018 3345 eorum
2039 3293 2148 3345 l'rao

567 3385 714 3433 trum
757 3378 892 3433 civis
925 3378 1108 3444 fuerit,
1138 3379 1230 3449 qui
1265 3380 1495 3449 primam
1555 3384 1609 3434 in
1647 3381 1943 3453 Evangelia
1973 3384 2148 3438 admi-

568 3471 835 3526 rationem
881 3479 1160 3525 merentur
1199 3486 1296 3542 per
1349 3485 1411 3526 ea
1459 3487 1581 3540 quae
1629 3472 1761 3542 ipsis
1808 3475 2142 3532 acciderunt.

567 3563 816 3617 Andreas
847 3563 1018 3627 enim,
1045 3573 1402 3634 posteaquam
1445 3561 1687 3632 Baptista
1721 3573 2148 3622 commonstras-

569 3664 674 3717 set',
708 3657 933 3724 quinam
961 3662 1112 3709 esset
1137 3655 1323 3725 Agnus
1370 3655 1480 3720 ille,
1509 3655 1603 3724 qui
1649 3655 1835 3709 mundi
1865 3668 2146 3725 peccatum

571 3748 806 3810 tolleret,
838 3761 946 3799 non
977 3753 1190 3800 tantum
1233 3747 1350 3816 ipse
1396 3745 1714 3816 mysterium
1753 3747 1856 3801 hoc
1887 3748 2149 3802 animad—

2235 1746 2384 1816 ἐμοὶ,
2403 1749 2434 1800 ὀ
2449 1745 2773 1815 ποιμαίνων
2803 1744 2872 1797 ἐν
2899 1742 3024 1808 τοῖς
3043 1742 3293 1810 κρίνοις.
3313 1739 3474 1807 Καλὴ
3499 1739 3565 1802 εἴ,
3589 1739 3622 1805 ἡ
3637 1741 3750 1803 πλη-

2238 1839 2376 1892 σίον
2417 1855 2556 1907 μου,
2591 1837 2671 1901 ὠς
2722 1834 2984 1898 εὐδοκία,
3026 1834 3216 1902 ὡραία
3261 1833 3342 1898 ὡς
3383 1827 3748 1899 ’Ῑερουσαιίὴμ

2239 1929 2458 1998 θάμϐος
2509 1927 2586 1992 ὡς
2652 1925 2928 1994 στρατιαίσ
2979 1923 3351 1994 τεταγμέναι.
3416 1921 3752 1986 Ἀπόστρεψον

2240 2021 2580 2090 ὀφθαλμούς
2599 2034 2712 2072 σου
2735 2016 3098 2073 ἀπεναντίον
3112 2033 3252 2084 μου,
3271 2014 3355 2067 ὅτι
3383 2012 3539 2067 αὐτοὶ
3560 2007 3752 2065 ἀνεπτέ-

2231 2111 2440 2184 ρωσάν
2475 2129 2571 2181 με.
2630 2107 2892 2179 Τρίχωμά
2925 2123 3042 2163 σου
3072 2109 3155 2173 ὼς
3201 2108 3410 2176 ἀγέλαι
3454 2103 3562 2158 τῶν
3598 2101 3753 2172 αἰγῶν,

2238 2205 2302 2259 αἳ
2343 2203 2730 2272 ἀνεφάνησαν
2771 2200 2890 2256 ἀπὸ
2928 2199 3036 2253 τοῦ
3075 2198 3347 2253 Γαλαὰδ.
3387 2197 3634 2261 Ὀδόντες
3669 2210 3758 2248 σου

2240 2295 2319 2361 ὡς
2347 2295 2550 2364 ἀγέλαι
2571 2292 2687 2346 τῶν
2719 2281 3118 2360 κεκαρμένὶον,
3150 2290 3215 2344 αἳ
3235 2290 3535 2356 ἀνέϐησαν
3562 2283 3760 2341 ἀπὸτοῦ

2240 2386 2518 2454 λουτροῦ,
2551 2387 2610 2438 al
2648 2383 2835 2438 πᾶσαι
2865 2382 3322 2451 διδυμεύουσαι,
3347 2380 3441 2434 καὶ
3481 2376 3760 2433 ἀτεκνοῦσσ

2241 2481 2352 2533 οὐκ
2409 2477 2579 2530 ἔστιν
2624 2475 2694 2527 ἐν
2743 2474 2970 2540 αὑταῖς.
3040 2474 3136 2539 Ὡς
3193 2473 3484 2540 escape/or
3535 2470 3760 2523 κόκκινον

2241 2569 2429 2641 χείληπ
2465 2583 2603 2631 σου,
2639 2567 2736 2620 καί
2790 2566 2829 2632 ἠ
2871 2565 3055 2619 λαλιά
3100 2580 3224 2619 σου
3267 2565 3463 2633 ὡραία.
3501 2562 3590 2626 Ὠς
3618 2559 3760 2614 λέπυο

2235 2677 2344 2728 ρος
2385 2657 2494 2726 τῆς
2530 2657 2678 2724 ῥόας
2703 2653 2906 2725 μῆλόν
2938 2671 3055 2709 σου
3097 2655 3275 2722 ἐκτὸς
3320 2655 3428 2721 τῆς
3477 2647 3759 2714 σιωπήσεὼς

2243 2764 2378 2802 σου.
2454 2745 2774 2810 Ἐξήκοντα
2831 2744 3211 2808 ,ϐασίλισσαι
3235 2783 3250 2808 ,
3293 2743 3390 2797 καί
3459 2738 3759 2810 ὀγδοήκοντα

2243 2835 2569 2898 παλλακαὶ,
2602 2834 2697 2889 καὶ
2737 2833 3011 2900 νεάνιδες
3056 2827 3164 2887 ὦν·
3188 2835 3302 2887 οὐκ
3341 2831 3505 2885 ἔστιν
3552 2824 3758 2896 ἀριθμός-

2249 2931 2368 2984 Mla
2412 2927 2542 2984 ἐστὶ
2570 2925 2899 2994 περιστερά
2926 2943 3078 2996 μου,
3110 2926 3317 2980 τελεία
3353 2941 3487 2995 μου.
3529 2921 3631 2976 Μία
3664 2913 3760 2970 ἐστί

2250 3021 2328 3091 τῇ
2344 3020 2521 3091 μητρί
2553 3017 2760 3085 αὐτῆς,
2790 3017 3045 3086 ἐκλεκτιὴ
3077 3015 3159 3086 τῇ
3181 3017 3439 3084 τεκούσῃ
3469 3011 3660 3078 αὐτήν.

2328 3115 2385 3166 ’0
2417 3115 2481 3166 ὲκ
2498 3111 2598 3181 τῆς
2624 3109 2835 3175 πόλεως
2885 3109 3137 3179 Ἀνδρέου
3171 3109 3267 3163 καὶ
3298 3108 3500 3178 Πέτρου
3540 3115 3762 3174 μαρτυρηο

2249 3206 2360 3268 θεῖς
2389 3199 2523 3258 εἶναι
2561 3203 2826 3266 Φίλιππος
2849 3205 2878 3257 6
2910 3201 3215 3266 ἀπόστολος
3247 3218 3263 3234 ο
3293 3198 3557 3269 ἐγκώμιον
3581 3194 3672 3263 γάρ
3699 3206 3762 3258 μοι

2246 3299 2392 3351 δοκεῖ
2421 3295 2516 3349 τοῦ
2549 3294 2815 3348 Φιλίππου
2839 3293 3019 3357 τοῦτο,
3047 3293 3108 3347 τδ
3138 3292 3365 3363 πολίτην
3397 3289 3547 3345 αὑτὸν
3570 3280 3763 3354 γενέσθαι

2245 3388 2354 3443 τῶν
2402 3386 2644 3457 ἀδελφῶν
2685 3385 2794 3439 τῶν
2847 3385 3389 3457 προθαυμασθέντων
3429 3384 3484 3435 ὲν
3512 3371 3763 3445 Εὐαγγελίῳ

2245 3480 2330 3534 διὰ
2367 3481 2465 3550 τῆς
2498 3479 2624 3548 περὶ
2644 3476 2823 3531 αὐτῶν
2856 3477 3118 3548 ἱστορίας.
3161 3475 3364 3546 Ὀδμὲν
3402 3475 3504 3544 γὰρ
3544 3464 3763 3537 Ἀνδρέας,

2252 3569 2628 3634 ὑποδείξαντος
2659 3568 2754 3622 τοῦ
2782 3568 3110 3632 Βαπτιστοῦ,
3142 3567 3233 3631 τῖς
3257 3568 3419 3620 ἐστιν
3434 3567 3461 3618 6
3482 3559 3653 3633 Ἀμνδς
3668 3558 3690 3609 6
3708 3551 3765 3606 αἶ·

2252 3680 2359 3734 ρων
2391 3662 2488 3733 τὴν
2525 3661 2802 3732 ἁμαρτίαν
2832 3657 2928 3712 τοῦ
2962 3658 3198 3729 κόσμου,
3233 3656 3395 3719 αὐτός
3419 3671 3475 3708 τε
3515 3651 3569 3704 τδ
3606 3643 3764 3720 μυστή-

2251 3771 2363 3827 ριον
2391 3751 2709 3822 κατενόησε,
2736 3751 2965 3806 κατόπιν
2992 3749 3086 3804 τοῦ
3111 3748 3420 3820 δειχθέντος
3440 3738 3764 3808 ἀκολουθήσας,

569 3835 754 3895 vertit,
793 3848 821 3885 a
853 3841 1006 3903 tergo
1042 3841 1268 3890 secutus
1309 3834 1632 3898 iudicatum.
1669 3838 1888 3906 cognito
1924 3837 2141 3892 ubinam

2249 3846 2340 3898 καὶ
2357 3846 2488 3898 ὅπου
2518 3843 2668 3914 μένει
2707 3841 2894 3914 μαθών
2911 3857 2928 3873 ο
2956 3841 3050 3895 καὶ
3077 3839 3156 3910 τῷ
3207 3840 3322 3908 ίδὶῳ
3345 3834 3544 3904 ἀδελφῷ
3567 3829 3762 3899 παρεῖναι

571 3927 664 3980 ille
723 3926 942 3996 degeret
970 3941 978 3972 τ
1006 3925 1103 3982 sed
1148 3927 1314 3981 etiam
1359 3927 1516 3983 fratri
1548 3943 1651 3982 suo
1679 3929 1856 3982 lmtum
1893 3932 2141 3984 nuntium

2245 3936 2337 3988 τὸν
2362 3933 2774 4005 προμηνυθέντα
2817 3932 2968 4002 παρὰ
2991 3932 3092 4002 τῆς
3118 3929 3454 4002 προφητείας
3488 3915 3764 3990 εὐαγγελίξε·

572 4017 771 4082 affert,
819 4017 1106 4072 advenisse
1139 4017 1292 4090 ill_um
1324 4033 1486 4088 quem
1524 4019 1698 4073 multo
1723 4026 1851 4073 ante
1881 4027 2034 4077 vates
2065 4020 2141 4074 in-

2242 4032 2358 4082 ‘rat.
2374 4029 2434 4080 Ὀ
2456 4025 2740 4095 δὲ’φθάσας
2759 4025 2954 4096 μικροῦ
2975 4024 3084 4077 δεῖν
3111 4026 3178 4094 τῇ
3211 4023 3390 4074 πίστει
3409 4019 3503 4087 τὴν
3516 4012 3672 4082 ἀκοὴν,
3691 4005 3763 4074 ὅλῃ

572 4107 827 4162 dicarint.
874 4107 945 4160 At
994 4107 1038 4160 is
1067 4122 1162 4178 per
1211 4106 1368 4162 [idem
1413 4108 1598 4163 auditu
1630 4124 1796 4179 [πορθ
1836 4117 2147 4179 anteverso,

572 4206 682 4253 tota
715 4199 898 4253 anima
945 4214 1004 4253 se
1048 4213 1188 4268 agno
1224 4199 1302 4254 illi
1346 4199 1618 4270 adiungit,
1649 4214 1867 4270 unaque
1893 4215 2018 4255 cum
2048 4219 2148 4258 no-

2248 4124 2314 4192 τῇ
2344 4119 2488 4191 ψυχῇ
2527 4118 2874 4190 προστίθεται
2909 4114 2985 4187 τῷ
3009 4113 3188 4186 ἀμνῷ,
3218 4114 3314 4168 καὶ
3340 4111 3428 4166 διὰ
3452 4108 3544 4178 τῆς
3577 4099 3654 4156 τοῦ
3679 4096 3763 4152 ὀνό-

2253 4229 2422 4284 ματος
2471 4211 2788 4282 ὑπαλλαγῆς
2848 4210 3221 4281 μεταποιεῖται
3273 4205 3422 4276 παρὰ
3471 4203 3555 4257 τοῦ
3605 4193 3761 4266 Κυρὶου

573 4289 720 4344 mine
755 4296 808 4344 cl.
836 4291 949 4359 ipse
986 4305 1013 4342 a
1042 4289 1272 4343 Domino
1305 4289 1630 4345 diviniorem
1674 4291 1738 4345 ad
1774 4291 2141 4348 conditionem

2253 4304 2386 4375 πρὸς
2425 4302 2486 4355 τὸ
2516 4302 2785 4372 θειότερον
2805 4318 2817 4331 ·
2845 4300 2966 4354 ἀντὶ⁵
2999 4299 3243 4369 Σίμωνος
3276 4299 3476 4368 Πέτρος
3504 4293 3584 4348 καὶ
3609 4291 3759 4356 ὄνομα·

576 4382 898 4435 immittatur
929 4397 940 4432 :
968 4397 1066 4451 pro
1121 4382 1342 4436 Simone
1392 4381 1587 4438 Petrus
1633 4389 1689 4437 et
1732 4382 2054 4452 appellatus,
2094 4394 2148 4440 et

574 4471 772 4528 factus.
806 4473 1119 4528 Abraliamo
1139 4472 1358 4544 quidem
1392 4487 1457 4528 ac
1484 4471 1634 4529 Sane
1661 4483 1784 4544 post
1829 4475 2026 4532 multas
2052 4493 2150 4548 ap-

574 4564 876 4633 paritioues
917 4564 1126 4620 divinas
1158 4581 1223 4620 ex
1252 4566 1386 4637 ipsis
1409 4567 1723 4622 nominibus
1758 4567 2022 4625 Dominus
2057 4571 2150 4626 be-

574 4655 942 4710 nedictionem
991 4657 1271 4728 impertit:
1317 4673 1441 4712 cum
1480 4658 1630 4712 illum
1657 4660 1878 4729 quidem
1916 4673 2147 4732 patrem,

575 4747 720 4802 hanc
748 4765 878 4804 vero
919 4752 1242 4822 principem,
1294 4753 1576 4807 nominum
1635 4754 1939 4810 mutatione
1984 4753 2148 4819 facta,

576 4840 883 4895 constituit.
920 4840 1121 4895 Eodem
1159 4843 1322 4897 modo
1377 4843 1549 4900 Iacob
1589 4845 1753 4899 etiam
1791 4854 1916 4916 post
1945 4847 2147 4901 luctam

578 4938 692 4986 tota
726 4933 1008 4986 durantem
1031 4943 1210 4998 nocte,
1248 4935 1472 4990 lsraelis
1504 4951 1802 5007 cognomen
1833 4952 1898 4992 ac
1921 4939 2026 4992 vim
2055 4940 2152 4992 im-

578 5027 776 5092 petrat.
803 5018 1003 5075 Verum
1038 5037 1268 5091 magnus
1291 5023 1379 5077 ille
1408 5023 1602 5081 Petrus
1634 5042 1740 5080 non
1768 5028 2026 5097 paulatim
2056 5045 2154 5084 au-

581 5113 851 5183 gescendo
891 5111 957 5166 ad
1015 5113 1156 5168 hanc
1185 5113 1416 5183 gratiam
1467 5118 1736 5183 pervenit,
1770 5119 1864 5174 sed
1903 5121 2064 5177 simul
2101 5133 2154 5178 et

580 5203 804 5259 fratrem
861 5205 1054 5270 audiit,
1109 5213 1161 5260 et
1201 5219 1342 5275 agno
1372 5206 1624 5269 credidit,
1681 5219 1733 5263 et
1757 5225 1854 5279 per
1885 5211 2040 5268 ﬁdem
2073 5225 2154 5270 est

583 5305 1018 5363 consummatus,
1051 5309 1098 5354 et
1150 5309 1314 5371 ρει-τω
1347 5299 1720 5370 agglutinatus
1751 5299 1942 5359 Petrus
1977 5306 2151 5363 lactus

583 5396 688 5444 est.
725 5387 823 5444 llic
855 5405 983 5461 ergo
1037 5389 1338 5461 Philippus,
1385 5391 1581 5460 dignus
1629 5392 1721 5462 qui
1774 5399 2048 5462 tantorum
2087 5413 2151 5454 ac

583 5480 774 5534 taliqu
812 5482 950 5537 civis
999 5491 1167 5547 esset,
1219 5493 1572 5554 posteaquam
1619 5484 1898 5540 inventum
1937 5485 2148 5542 Domini

587 5569 786 5638 iactus,
822 5575 1278 5644 quemadmodum
1337 5578 1390 5632 in
1427 5574 1718 5649 Evangelia
1751 5577 1972 5642 dicitur,
2004 5581 2147 5652 quod

2255 4393 2420 4458 σθεὶς,
2455 4392 2546 4445 καὶ
2583 4392 2892 4462 γενόμενος.
2931 4388 3039 4443 Καί
3079 4405 3160 4441 τοι
3202 4387 3280 4458 τῷ
3325 4385 3561 4456 Ἀϐραὰμ
3599 4377 3675 4433 καὶ
3712 4375 3758 4440 τί]

2255 4487 2441 4556 Σάρῤα
2490 4482 2700 4546 πολλοῖς
2747 4481 2977 4552 ὕστερον
3017 4479 3232 4551 χρόνοις
3281 4477 3416 4549 μετὰ
3463 4471 3636 4535 πολλὰς
3675 4465 3759 4519 θεο-

2254 4578 2500 4647 φανείας,
2529 4575 2624 4644 τῆς
2661 4575 2724 4626 ὲκ
2761 4573 2870 4626 τῶν
2898 4571 3176 4642 ὀνομάτων
3206 4570 3547 4641 μεταδίδωσιν
3568 4557 3758 4624 εὐλογίας

2253 4673 2282 4724 6
2306 4668 2508 4739 Κύριος
2528 4685 2541 4700 ·
2579 4666 2669 4719 τὸν
2708 4665 2805 4736 μὲν
2837 4663 3066 4735 πατέρα,
3103 4661 3201 4733 τὴν
3230 4663 3287 4716 δὲ
3313 4661 3570 4732 ἄρχουσαν
3600 4651 3669 4706 διὰ
3689 4649 3757 4714 τῆς

2253 4760 2361 4814 τῶν
2391 4759 2666 4829 ὀνομάτων
2693 4756 3101 4827 μεταποιήσεως
3127 4755 3521 4824 χειροτονήσας.
3547 4740 3756 4799 Ὡσαύτως

2253 4855 2310 4907 δὲ
2343 4853 2432 4906 καὶ
2459 4853 2485 4904 6
2522 4848 2715 4904 Ἰακὼϐ
2753 4848 2891 4918 μετὰ
2915 4845 3010 4917 τὴν
3039 4845 3329 4917 παννύχιον
3368 4844 3552 4913 πάλην,
3573 4831 3755 4918 ἀξιοῦται

2255 4947 2353 5014 τῆς
2378 4942 2470 4997 τοῦ
2507 4940 2725 5013 ’Ῑσραὴλ
2757 4917 3074 5010 ἐπωνυμίας
3104 4955 3164 4990 τε
3204 4938 3300 4991 καὶ
3333 4933 3609 5006 δυνάμεως.
3654 4917 3753 5014 ’θ-δέ

2264 5011 2434 5106 μέγας
2457 5011 2659 5104 Πέτρος
2686 5033 2744 5085 οὐ
2779 5031 2919 5086 κατὰ
2951 5031 3144 5103 μικρὸν
3163 5029 3232 5083 δι’
3261 5028 3524 5100 αὐξήσεως
3549 5011 3752 5106 προῆλθξν

2383 5127 2480 5197 τὴν
2511 5100 2668 5196 χάριν
2693 5123 2918 5194 ταύτην,
2947 5100 3211 5193 αλλ’-ὁμοῦ
3235 5137 3293 5175 τε
3321 5120 3508 5191 ἢκουσε
3540 5110 3619 5200 tot?

2260 5217 2382 5286 φοῦ,
2401 5196 2494 5268 καὶ
2525 5213 2811 5267 ἐπίστευσε
2840 5212 2918 5284 τῷ
2943 5211 3101 5283 ἁμνῷ
3120 5251 3135 5276 ,
3169 5210 3264 5264 καὶ
3297 5203 3564 5272 ἐτελειώθη
3593 5196 3663 5252 διὰ
3681 5196 3750 5279 τῆς

2261 5309 2515 5370 πίστεως,
2559 5305 2655 5357 καὶ
2701 5305 2998 5374 προσφυεῖς
3023 5307 3089 5375 τῇ
3135 5302 3309 5373 πέτρᾳ
3353 5299 3540 5365 Πέτρος
3573 5287 3746 5357 ἐγένετο.

2260 5389 2426 5456 Οὗτος
2439 5395 2612 5448 τοίνυν
2636 5393 2665 5445 6
2688 5393 2951 5458 Φίλιππος
2970 5397 2998 5447 6
3019 5394 3164 5459 ἄξιος
3191 5392 3300 5444 τῶν
3319 5385 3566 5442 τοσούτων
3584 5376 3659 5430 καὶ
3683 5385 3748 5436 τη·

2264 5489 2524 5543 λικούτων
2585 5485 2844 5555 πολίτης,
2949 5485 3135 5555 ἐπειδὴ
3191 5483 3404 5555 εὕρημα
3457 5473 3540 5530 τοῦ
3595 5461 3748 5555 Κυρίου

2268 5577 2573 5650 γενόμενος,
2606 5573 2783 5639 καθώς
2809 5591 2968 5645 φησιν
2995 5573 3333 5644 Εὑαγγέλιον,
3363 5573 3438 5625 ὅτι
3464 5562 3668 5633 εὑρίσκει
3683 5550 3752 5603 τὸν
