3996 6196
189 377 346 436 sese
994 341 1004 352 ’
1251 370 1320 430 IN
1362 371 1657 433 CANTICA
1688 373 1767 430 CA

1888 374 1960 428 lC.
2003 370 2284 431 l‘lOMlL‘lA
2325 374 2442 429 XV.
3324 379 3466 438 ιοθο

201 485 466 541 Φίλιππον
493 483 521 536 ό
555 476 789 554 Ἰησοῦς,
819 481 1112 548 ἀκόλουθος
1143 484 1522 557 ἐχειροτονήθη
1553 483 1648 538 τοῦ
1681 483 1779 537 Λό-

1884 481 2045 538 Jesus
2100 483 2405 554 Philippum
2465 483 2694 548 invenit,
2720 486 2886 540 etiam
2921 495 3164 543 sectator
3191 491 3340 544 verbi
3380 493 3460 546 fac

201 595 300 647 γου
326 573 422 628 τοῦ
457 575 724 638 εἰπόντος,
751 573 834 625 ὅτι
874 574 1206 648 Ἀκολούθει
1239 576 1343 644 μοι
1362 592 1374 606 ·
1419 576 1512 628 καὶ
1539 574 1617 646 τῷ
1648 574 1779 643 φωτὶ

1888 583 2009 630 ctus
2047 585 2150 640 est,
2193 578 2286 647 qui
2317 577 2384 630 ad
2419 593 2542 632 eum
2578 577 2734 640 dixit,
2764 576 2990 648 Sequere
3024 598 3103 634 me
3131 581 3213 635 ⁶³ι
3249 595 3462 651 postea-

192 669 281 740 ιτῷ
325 663 564 737 ἀληθινῷ
614 663 1020 732 προσεγγίσας,
1051 664 1300 736 καθάπερ
1350 665 1540 736 λύχνος
1580 664 1770 718 ὲκεῖθεη

1887 683 2051 736 quam
2077 668 2204 722 item
2261 684 2448 722 verum
2481 668 2546 722 ad
2574 669 2754 723 lumen
2783 670 3020 735 delatus,
3052 671 3177 726 inde
3201 681 3462 743 tanquam

201 760 409 815 ἔσπασε
443 757 579 828 πρὸς
615 755 806 809 ἑαυτὸν
837 755 937 826 τὴν
980 755 1074 808 τοῦ
1122 756 1298 826 φωτὸς
1331 757 1617 810 κοινωνίαν
1637 772 1651 787 ο
1693 755 1779 808 καὶ

1889 759 2120 829 lychnus
2150 760 2216 814 ad
2266 775 2327 815 se
2366 760 2840 831 participationem
2886 761 3024 816 lucis
3067 765 3290 817 attraxit
3317 783 3331 818 :
3358 764 3467 818 Na-

204 851 546 922 ⁸περιλάμπει
575 847 667 901 τὸν
700 846 1014 918 Ναθαναὴλ,
1047 847 1378 921 δᾳδουχήσας
1413 847 1561 918 αὐτῷ
1591 847 1654 901 τὸ
1688 849 1782 918 τῆς

1888 851 2200 904 thanaelum
2257 865 2477 920 quoque
2522 851 2642 906 luce
2697 867 2798 906 sua
2843 850 3267 917 circumfundit,
3308 854 3465 923 quasi

199 934 490 1002 εὐσεϐείας
551 937 868 1008 μυστήριον,
917 935 984 989 δι’
1019 930 1094 990 ὧν
1149 955 1313 1010 φησιν
1353 955 1366 968 ο
1405 940 1515 991 Ὃν
1563 940 1777 1008 Emam

1891 943 2112 1012 praelata
2173 943 2276 1012 ipsi
2321 940 2460 1007 face,
2524 942 2668 1012 quod
2723 943 2942 1012 pietatis
2988 951 3073 997 est
3121 944 3461 1014 mysterium.

202 1027 466 1095 Μωῦσῆς
495 1025 592 1080 καί
631 1029 684 1080 οἱ
717 1024 1013 1095 προφῆται
1045 1027 1381 1097 εὑρήκαμεν
1413 1029 1654 1096 Ἰησοῦν
1681 1031 1780 1084 τὸν

1892 1035 2031 1089 Sunt
2049 1036 2194 1090 enim
2220 1035 2334 1089 haec
2369 1035 2541 1105 ipsius
2563 1036 2760 1090 verba:
2782 1033 3083 1089 Invenimus
3111 1033 3295 1090 Jesum
3318 1036 3469 1091 illum

202 1121 324 1176 ἀπὸ
376 1117 638 1186 Ναζαρὲτ
683 1117 794 1185 τῆς
849 1122 900 1172 Γ
901 1121 1199 1185 αλιλιιίας.
1254 1121 1359 1173 Τοῦ
1395 1120 1450 1174 δὲ
1495 1121 1780 1195 Ναθαναῆλ

1895 1140 1916 1177 e
1952 1122 2225 1177 Nazarelh
2259 1122 2516 1186 Galilww,
2546 1123 2726 1190 dequo
2748 1130 2794 1175 et
2835 1122 3007 1176 Moses
3038 1125 3088 1176 in
3121 1123 3249 1194 lege,
3271 1133 3320 1177 et
3337 1131 3473 1192 7pm-

203 1211 571 1274 ὲπιστατικῶς
605 1208 898 1281 δεξαμένου
939 1212 1000 1264 τὸ
1046 1212 1406 1281 Εὐαγγέλιον,
1438 1213 1524 1266 διὰ
1557 1215 1616 1267 τὸ
1650 1215 1781 1284 μετὰ

1891 1215 2057 1283 pheta:
2113 1213 2524 1282 scripserunt“.
2600 1210 2938 1267 Nathanaclo
3005 1221 3186 1267 autem
3247 1214 3469 1284 sapien-

203 1305 388 1373 πάσης
414 1300 700 1372 ἀκριϐείας
739 1301 1096 1373 κατηχεᾱςθαι
1137 1302 1286 1373 παρά
1319 1305 1418 1373 τῆς
1453 1305 1781 1375 προφητείας

1894 1312 1976 1359 ter
2009 1305 2189 1358 lictqu
2219 1307 2364 1358 hunc
2393 1304 2640 1358 nuntium
2674 1304 3000 1372 accipiente,
3029 1303 3173 1374 quod
3208 1318 3472 1373 per-accu-

202 1394 372 1448 αὐτὸν
402 1393 465 1446 τὸ
486 1393 614 1466 περὶ
643 1393 733 1446 τὸν
758 1392 959 1464 Κύριον
987 1395 1305 1465 μυστήριον,
1330 1394 1424 1447 καὶ
1458 1395 1653 1448 εἰδέναι
1691 1397 1780 1466 μὲν

1894 1405 2012 1450 rate
2071 1412 2137 1450 ex
2181 1396 2336 1452 libris
2393 1396 2778 1450 vaticiniornm
2825 1395 2892 1450 de
2940 1395 3153 1449 Domini
3205 1394 3472 1466 mysterio

201 1491 289 1544 ὅτι
319 1493 383 1544 ὲκ
429 1488 674 1559 Βηθλεὲμ
715 1491 748 1558 ἠ
782 1486 974 1560 πρώτη
1004 1487 1092 1541 διὰ
1123 1488 1323 1558 σαρκὸς
1351 1490 1638 1559 γενήσεται
1670 1488 1779 1542 θεο-

1897 1488 2122 1544 edoctus
2159 1496 2329 1550 esset,
2382 1502 2446 1541 ac
2494 1488 2660 1542 sciret
2689 1489 2743 1541 in
2789 1487 3066 1542 Bethleem
3103 1487 3320 1558 quidem
3360 1487 3475 1557 pri-

201 1581 425 1650 φάνεια,
446 1578 534 1632 διὰ
560 1577 735 1648 δὲτὴν
766 1580 822 1631 ὲν
843 1577 1113 1648 Ναξάροις
1141 1577 1413 1647 διαγωγὴν
1434 1619 1448 1641 ,
1482 1578 1779 1651 Νιιζαραῖος

1893 1594 2036 1632 mam
2071 1578 2163 1634 Dei
2210 1577 2634 1648 patefactionem
2680 1579 2735 1632 in
2778 1594 2947 1634 carne
2988 1579 3254 1644 futuram,
3281 1593 3471 1634 verum

201 1671 578 1742 κληθήσεται·
618 1668 756 1739 πρὸς
805 1668 1091 1739 ἀμφότερα
1141 1669 1318 1722 τοίνυν
1349 1670 1779 1735 ἀποσκοπούντος

1898 1670 2142 1725 eumdem
2197 1669 2466 1724 Nazareth
2501 1670 2786 1740 degentem
2819 1671 3058 1725 Νεχατεὶ
3101 1653 3301 1725 nomen
3349 1684 3476 1725 con-

191 1766 302 1818 οίαὶ
352 1761 726 1832 λογιζομένου,
757 1763 838 1816 ὅτι
865 1764 922 1816 ὲν
956 1762 1052 1832 μὲν
1086 1763 1152 1830 τῇ
1196 1761 1289 1813 τοῦ
1324 1761 1486 1813 Δαϐὶδ
1522 1761 1768 1833 Βηθλεὲμ

1895 1771 2211 1820 secuturum
2244 1782 2258 1818 :
2293 1762 2358 1817 ad
2388 1763 2501 1817 haec
2541 1762 2707 1834 igitur
2739 1770 2976 1834 utraque
3008 1763 3338 1833 respiciente
3361 1761 3472 1816 Na-

192 1854 293 1909 ἰδιά
317 1819 756 1924 τὴνόίκονομίαν
782 1851 883 1921 τῆς
898 1819 1037 1904 καίτά
1065 1819 1242 1921 σάρκα
1270 1819 1599 1922 γεννήσεως,
1624 1819 1770 1920 ἀναγι

1894 1855 2134 1919 thanael,
2167 1869 2465 1924 secumque
2491 1819 2965 1924 perpendente,'in
2998 1819 3214 1911 Dav'idis
3253 1854 3472 1924 quidem

203 1950 362 2000 καῖον
391 1941 460 2016 ἦν
480 1943 733 2014 γενέσθαι
762 1942 824 1996 τὸ
849 1942 991 1997 κατά
1013 1941 1074 1995 τὸ
1109 1941 1373 2012 σπήλαιον
1403 1943 1496 1995 καὶ
1519 1943 1587 1995 τὰ.
1613 1944 1781 2014 σπάρ-

1897 1947 2092 2017 oppido
2127 1943 2404 2001 Bethleem
2447 1947 2824 2000 necessarium
2873 1961 2996 2001 esse
3035 1946 3246 2001 ratione
3275 1945 3475 2000 nativi-

202 2056 350 2108 γανα
410 2038 506 2091 καὶ
565 2036 663 2108 τὴν
709 2036 916 2108 φάτνην
972 2035 1268 2106 μυστήριον
1301 2051 1315 2065 ο
1356 2036 1477 2106 ἡδὲ
1531 2037 1780 2090 Γαλιλαία

1897 2037 2022 2092 tatis
2054 2035 2317 2100 carnalis,
2350 2035 2514 2096 antri,
2551 2033 2874 2098 fasciarum,
2901 2044 2955 2089 et
2980 2035 3239 2104 priesepis
3277 2041 3475 2104 myste-

203 2130 382 2184 ἐθνῶν
413 2128 576 2191 τόπος
620 2126 1120 2198 ὲπονομασθήσεταί
1151 2144 1280 2179 ποτε
1325 2125 1400 2197 τῷ
1441 2130 1553 2192 τοῖς
1583 2126 1781 2181 ἔθνεσιν

1897 2127 2033 2180 rium
2067 2125 2288 2180 evenire
2320 2124 2453 2179 :sed
2489 2125 2850 2181 nihilominus
2875 2125 3154 2179 Galilaeam
3181 2125 3295 2194 (qui
3323 2125 3475 2180 locus

202 2220 561 2291 ἐμφιλοχωρή
571 2237 719 2272 σαντι
737 2217 915 2287 Λόγῳ
939 2219 1033 2271 καὶ
1065 2218 1154 2272 διὰ
1178 2219 1335 2272 τοῦτο
1358 2219 1685 2289 συνθεμένου
1715 2219 1780 2289 τᾷ

1897 2220 2240 2273 ethnicorum
2271 2215 2553 2269 hominum
2582 2214 2741 2271 sedes
2767 2216 2905 2285 erat)
2937 2231 3134 2269 nomen
3174 2216 3475 2284 aliquando

201 2313 265 2364 τὸ
317 2311 436 2379 φῶς
475 2309 622 2379 αὐτῷ
665 2308 765 2377 τῆς
797 2307 1046 2374 γνώσεως
1096 2309 1344 2377 φάναντι,
1381 2308 1477 2361 καὶ
1511 2308 1779 2372 εἰπόντος

1901 2318 2314 2364 eonsecuturam
2346 2309 2414 2363 ab
2441 2323 2508 2364 eo
2527 2307 2730 2373 Verbo,
2763 2307 2907 2378 quod
2941 2308 3170 2363 libenter
3201 2308 3266 2361 ad
3292 2318 3479 2378 gentes

203 2405 290 2456 ὅτι
339 2404 440 2455 Ἐκ
473 2401 729 2469 Ναζαρὲτ
781 2399 1035 2453 δύναταί
1062 2418 1115 2453 τι
1160 2400 1384 2470 ἀγαθὸν
1428 2397 1617 2463 sirm;
1661 2401 1781 2456 Τότε

1901 2403 2384 2474 commigraturum
2435 2412 2584 2458 esset
2612 2421 2626 2458 :
2659 2410 2824 2472 atque
2861 2403 3004 2456 hanc
3031 2402 3100 2456 ob
3134 2417 3357 2456 causam
3388 2415 3479 2457 ac-

192 2491 405 2560 ϊίδηγὸς
453 2490 589 2562 πρὸς
645 2489 744 2561 τὴν
781 2489 941 2560 χάριν
964 2490 992 2541 ὁ
1025 2488 1291 2551 Φίλιππος
1327 2488 1535 2557 γίνεται
1557 2530 1571 2554 ,
1603 2489 1770 2559 λέγων

1901 2494 2123 2548 cedente
2179 2492 2415 2562 denique
2467 2490 2768 2547 Nathanael
2818 2491 2969 2546 illius
3022 2491 3077 2545 in
3124 2491 3479 2555 sententiam,

200 2582 434 2650 Ἔρχου
487 2581 584 2634 καί
637 2580 746 2633 ἴδε.
779 2582 855 2632 Δι’
884 2573 958 2632 ὧν
994 2579 1308 2633 καταλιπὼν
1337 2581 1364 2632 ὁ
1385 2580 1675 2653 Ναθαναὴλ
1700 2583 1778 2654 τὴε

1903 2584 1987 2651 qui
2013 2583 2193 2637 lumen
2227 2583 2331 2637 hoc
2350 2582 2683 2653 cognitionis
2703 2582 2750 2636 ei
2771 2589 3288 2644 commonstrasset,
3316 2582 3481 2650 idque

204 2673 302 2725 τοῦ
343 2673 512 2742 νόμου
544 2676 735 2743 συκῆν,
766 2667 834 2744 ἧς
874 2673 906 2742 ἡ
932 2671 1060 2725 σκιά
1088 2672 1225 2742 πρὸς
1262 2673 1361 2742 τὴν
1388 2675 1676 2742 μετουσίαν
1703 2675 1782 2728 τοί

1899 2675 2076 2730 verbis
2123 2673 2211 2729 his
2265 2673 2580 2729 declaraute
2611 2689 2625 2726 :
2667 2671 2844 2725 Potest
2871 2687 2898 2724 e
2923 2670 3199 2724 Naznmh
3225 2671 3351 2725 boni
3372 2672 3477 2726 ali-

205 2765 392 2834 φωτὸς
436 2761 729 2828 ”διεκίἱ›λυε,
777 2763 1185 2834 καταλαμϐάνει
1229 2765 1320 2818 τὸν
1370 2767 1437 2819 τὰ
1489 2767 1662 2836 φύλλα
1698 2765 1783 2835 τῆς

1899 2764 2022 2836 quid
2070 2766 2366 2820 exsistere?
2433 2776 2544 2819 tum
2599 2778 2731 2819 vero
2790 2763 3011 2816 tandem
3069 2762 3350 2832 Philippus
3409 2763 3477 2816 ad

205 2853 390 2922 συκῆς
417 2853 505 2906 διὰ
533 2853 628 2924 τὴν
654 2850 762 2905 τῶν
785 2851 1004 2920 ἀγαθῶν
1033 2852 1312 2922 ἀκαρπίαν
1340 2854 1783 2925 ἀποξηραίνοντα,

1902 2856 2040 2909 hanc
2074 2855 2304 2925 gratiam
2338 2850 2419 2908 illi
2456 2870 2514 2910 se
2543 2854 2738 2909 ducem
2773 2854 2996 2926 praebet,
3033 2869 3158 2908 cum
3189 2855 3264 2908 ait
3302 2872 3315 2909 :
3352 2851 3480 2908 Veni

199 2942 304 2996 Διὸ
341 2945 439 2996 καὶ
496 2945 852 3014 μαρτυρεῖται
882 2941 1031 3014 παρά
1062 2942 1156 2994 τοῦ
1186 2943 1362 3011 Λόγου
1409 2945 1626 3014 γνήσιος
1661 2941 1775 2998 sive.

1901 2965 1963 3002 ac
1982 2949 2113 3004 vide.
2146 2948 2265 3015 Quo
2291 2949 2519 3014 factum,
2539 2956 2598 3002 ut
2629 2947 2932 3004 Nathanael
2966 2949 3159 3003 relicta
3193 2948 3324 3019 legis
3351 2948 3479 3014 ficu.

201 3035 333 3104 οὐχὶ
367 3033 520 3096 νόθος
556 3032 917 3103 Ἰσραηλίτης,
940 3035 997 3086 ὲν
1018 3031 1094 3102 τῷ
1115 3031 1284 3102 ἀδόλῳ
1300 3032 1398 3099 τῆς
1429 3035 1779 3106 προαιρέσεως

1901 3041 2057 3110 cujus
2084 3041 2277 3095 umbra
2308 3040 2700 3111 impedimento
2735 3050 2853 3096 erat
2873 3041 2946 3104 ei,
2980 3056 3090 3111 quo
3123 3039 3308 3098 minus
3338 3041 3479 3097 lucis

212 3125 452 3196 καθαρὸν
479 3120 562 3194 ἐφ’
596 3123 791 3176 ἑαυτοῦ
824 3123 1037 3186 δεικνὺς
1082 3121 1172 3175 τὸν
1205 3125 1524 3195 χαρακτῆρα
1552 3126 1642 3178 τοῦ
1685 3144 1790 3179 πα-

1902 3132 2177 3201 particeps
2231 3132 2382 3187 fieret
2415 3150 2429 3188 :
2460 3135 2529 3187 ad
2569 3147 2697 3189 eum
2739 3134 3066 3203 perveniret,
3105 3134 3198 3204 qui
3225 3133 3313 3189 fici
3345 3133 3475 3188 folia

212 3218 498 3288 τριᾶρχου.
525 3216 640 3271 Ἴδε
668 3215 994 3288 γὰρμρησλν,
1038 3215 1419 3284 Ἰσραηλίτης
1447 3217 1518 3269 ἐν
1540 3211 1587 3284 ᾧ
1615 3218 1790 3286 δόλος

1907 3230 2125 3291 propter
2158 3223 2504 3278 sterilitatem
2541 3223 2594 3276 in
2651 3221 2994 3292 proferendis
3024 3221 3185 3280 bonis
3234 3224 3485 3277 exsicca-

211 3307 326 3360 οὐκ
349 3306 507 3358 ἔστι.
1903 3313 2000 3368 vit.
2033 3312 2216 3384 anue
2241 3313 2308 3368 de
2332 3327 2500 3368 causa
2531 3312 2908 3368 testimonium
2931 3313 2980 3368 ei
3007 3311 3246 3368 Verbum
3271 3314 3485 3377 tribuit,

210 3400 359 3470 quod
382 3413 675 3469 germanus
698 3395 968 3461 Israelita,
995 3411 1100 3450 non
1124 3395 1348 3464 spurius
1375 3404 1559 3452 esset:
1599 3399 1798 3472 Quippe
1839 3406 1934 3474 qui
1967 3407 2191 3461 minime
2249 3405 2603 3460 fraudulento
2639 3405 2806 3459 animi
2865 3405 3114 3460 instituto
3177 3421 3374 3476 purum
3432 3407 3486 3462 in

210 3507 338 3548 sese
403 3491 730 3561 patriarchae
790 3489 940 3544 illius
1009 3492 1382 3561 characterem
1465 3491 1796 3549 ostenderet.
1836 3501 1938 3564 En,
1964 3498 2160 3568 inquit,
2189 3513 2303 3552 vere
2331 3496 2606 3559 Israelita,
2637 3497 2691 3549 in
2714 3513 2816 3564 qua
2847 3496 3002 3549 dolus
3029 3513 3132 3552 non
3171 3505 3272 3550 est.

286 3581 481 3651 Πρὸςὸ
505 3597 557 3634 τι
586 3580 642 3632 δὲ
677 3579 863 3651 βλέπει
908 3581 969 3632 τὸ
1011 3582 1068 3633 ὲν
1101 3580 1177 3652 τῷ
1219 3581 1488 3653 προοιμίῳ
1528 3581 1806 3654 διήγημα,

1985 3588 2104 3654 Quo
2119 3596 2299 3642 autem
2342 3587 2458 3642 haec
2493 3588 2546 3640 in
2567 3587 2794 3641 exordio
2831 3594 3042 3656 spectet
3078 3587 3348 3653 narratio,
3373 3602 3485 3642 om-

213 3678 459 3748 φανερόν
494 3678 608 3729 ἐστι
644 3675 862 3740 πάντως
893 3679 1004 3740 τοῖς
1059 3676 1480 3745 εὐμαθεστέροις
1512 3676 1791 3747 ἀκροαταῖς

1910 3681 2044 3735 nino
2078 3678 2428 3734 manifestum
2482 3688 2563 3734 est
2599 3677 2949 3732 auditoribus
2987 3694 3094 3731 non
3127 3679 3286 3746 plane
3317 3679 3486 3748 impe-

212 3771 280 3822 ἐκ
311 3768 415 3837 τῆς
451 3763 806 3836 προτεθείσης
833 3766 972 3819 κατά
995 3765 1055 3818 τὸ
1077 3764 1367 3818 ἀκόλουθον
1394 3767 1525 3834 ἡμῖν
1559 3766 1790 3834 ἀναγνὼι

1909 3773 2030 3826 ritis
2051 3787 2117 3825 ex
2147 3770 2399 3834 lectione,
2437 3783 2601 3837 quam
2631 3765 2828 3821 ordine
2853 3766 2934 3821 sic
2965 3775 3226 3835 poscente
3249 3765 3318 3821 de
3352 3765 3487 3819 Can-

212 3877 357 3921 σεως
387 3858 486 3928 τῆς
527 3858 588 3910 ὲκ
617 3855 711 3910 τοῦ
747 3857 1026 3927 ’ᾼσματος
1059 3857 1167 3910 τῶν
1197 3857 1476 3928 ᾀσμάτωνο
1521 3860 1607 3922 Ὡς
1643 3860 1790 3932 Ta!"

1908 3861 2012 3918 lico
2035 3862 2376 3916 canticorum
2400 3857 2807 3928 proposuimus.
2841 3854 3309 3922 Quemadmodum
3340 3855 3486 3910 enim

215 3953 320 4023 μὲν
359 3948 616 4021 Ἀνδρέας
634 3949 700 4020 τῇ
733 3951 884 4020 φωνῇ
923 3948 1016 4002 τοῦ
1070 3949 1314 4003 Ἰωάννου
1347 3950 1482 4022 πρὸς
1511 3951 1600 4003 τὸν
1635 3952 1793 4022 ἀμνὸν

1908 3953 2156 4007 Andreas
2185 3949 2403 4022 quidem
2455 3963 2554 4020 per
2589 3964 2780 4003 vocem
2809 3947 3041 4003 Joannis
3086 3945 3153 4000 ad
3188 3960 3386 4015 agnum
3421 3945 3485 3998 il-

211 4039 479 4112 ὡδηγήθη
508 4059 522 4072 ·
557 4041 585 4092 ό
619 4040 674 4092 δὲ
725 4039 1020 4112 Ναθαναὴλ
1055 4040 1482 4114 φωταγωγηθεὶς
1519 4044 1671 4114 παρὰ
1709 4042 1789 4096 τοῐ

1909 4046 2023 4100 lum
2046 4044 2312 4100 deductus
2336 4050 2460 4110 est;
2496 4040 2802 4096 Natbanael
2842 4047 3023 4094 autem
3076 4053 3106 4092 a
3146 4038 3394 4108 Philippo
3421 4035 3485 4090 ad

211 4132 528 4197 Φιλίππου,
570 4130 670 4184 καὶ
729 4133 828 4200 τῆς
881 4129 1239 4201 περιεχούσης
1288 4115 1448 4182 αύτὺν
1500 4131 1594 4183 τού
1643 4132 1789 4201 νόμον.

1911 4137 2086 4192 lucem
2110 4135 2333 4198 ductus,
2360 4143 2416 4190 et
2446 4150 2476 4188 a
2515 4132 2895 4188 circumdante
2923 4132 3098 4200 ipsum
3132 4129 3266 4200 legis
3293 4129 3487 4184 umbra

218 4231 385 4292 σκιᾶς
426 4226 530 4292 ἔξω
568 4228 871 4295 γενόμενος,
906 4226 963 4277 ὲν
992 4225 1070 4296 τῷ
1105 4225 1244 4294 φωτὶ⁵
1285 4223 1361 4295 τῷ
1398 4225 1636 4296 ἀληθινῴ
1672 4225 1796 4294 γίνε⁴

1911 4228 2215 4300 digressus,
2271 4241 2459 4283 verum
2503 4227 2570 4280 ad
2635 4225 2815 4279 lumen
2857 4223 3104 4294 pervenit
3139 4240 3152 4275 :
3195 4223 3277 4277 sic
3325 4222 3487 4275 etiam

212 4339 312 4373 ται
335 4337 349 4351 ·
381 4317 526 4371 οὕτω
551 4317 644 4370 καὶ
675 4319 730 4369 αἱ
759 4315 994 4378 νεάνιδες
1031 4315 1167 4386 πρὸς
1195 4314 1290 4385 τὴν
1336 4315 1549 4387 εὕρεσιν
1575 4314 1669 4367 τοῦ
1705 4334 1790 4387 μη¹

1914 4319 2328 4389 hzejuvenculae
2377 4317 2443 4372 ad
2496 4317 2869 4372 inventionem
2930 4313 3153 4368 indicati
3205 4313 3286 4367 eis
3339 4311 3488 4375 boni,

213 4411 479 4472 νυθέντος
531 4406 721 4470 αὖταῖς
755 4404 960 4474 ἀγαθοῦ
995 4405 1330 4477 καθηγεμόνι
1370 4406 1611 4477 χρῶνται
1635 4409 1703 4476 τῇ
1731 4423 1790 4459 τε

1915 4411 2094 4465 anima
2164 4407 2593 4481 pulchritudinis
2657 4405 3047 4477 perfectionem
3110 4403 3307 4472 adepta
3353 4403 3489 4456 duce

213 4499 512 4571 λειωθεῖσῃ
548 4499 636 4575 διά
663 4497 757 4551 τοῦ
796 4497 1026 4560 κάλλους
1052 4496 1195 4568 ψυχῇ
1230 4497 1528 4566 ’λέγουσαι
1553 4496 1688 4567 πρὸς
1713 4497 1791 4549 αὐ·

1915 4511 2166 4564 utimtur,
2197 4516 2426 4570 eamque
2466 4499 2546 4554 sic
2577 4498 2902 4567 compellant
2928 4513 2942 4550 ;
2971 4496 3088 4561 Quo
3125 4494 3257 4547 abiit
3298 4511 3489 4563 cogun-

214 4594 352 4664 τήνυ
377 4589 503 4644 Ποῦ
555 4588 828 4657 ἀπῆλθεν
857 4591 889 4642 ὁ
931 4585 1253 4655 ἀδελφιδός
1297 4602 1434 4651 σου,
1471 4589 1506 4655 ἡ
1547 4586 1703 4655 καλὴ
1743 4588 1792 4640 ἐι

1919 4604 2002 4649 tus
2031 4603 2177 4657 tuus,
2199 4610 2228 4647 ο
2253 4593 2474 4662 pulchra
2499 4593 2635 4646 inter
2671 4590 2958 4644 mulieres?
2993 4604 3094 4658 quo
3133 4589 3357 4654 respexit
3398 4602 3489 4639 co-

214 4680 472 4754 τυναιξί
497 4699 516 4745 ;
545 4683 669 4736 Ποῦ
719 4680 1058 4749 ἀπέϐλεψεν
1101 4683 1130 4733 ὀ
1165 4679 1486 4747 ἀδελριδός
1531 4694 1648 4732 σου
1668 4719 1680 4742 ,
1711 4697 1792 4734 κει

1917 4697 2131 4756 gnatus,
2155 4695 2201 4739 et
2226 4700 2519 4754 quwremus
2539 4699 2658 4738 eum
2681 4692 2847 4734 tecum
2869 4683 2894 4735 ?
2935 4678 3104 4735 Recte
3123 4687 3302 4732 autem
3329 4687 3491 4747 atque

216 4771 779 4842 ζητήσομεναὺτόν
817 4774 967 4840 μετὰ
998 4769 1153 4834 σοῦ;
1198 4770 1527 4832 Ἀκολούθως
1558 4771 1614 4824 δὲ
1652 4787 1794 4843 προσ

1915 4776 2104 4832 ordine
2162 4776 2401 4846 virgines
2453 4774 2556 4839 bna,
2591 4773 2848 4827 nimirum
2883 4773 3101 4834 anima),
3157 4783 3305 4823 nunc
3362 4770 3493 4823 illud

215 4870 424 4934 ἀγουσι
453 4867 522 4935 τῇ
551 4863 852 4933 διδασκάλῳ
883 4861 979 4934 τὴν
1015 4861 1205 4916 πεῦσιν
1244 4862 1299 4914 αἱ
1331 4861 1587 4933 παρθένοι
1623 4861 1788 4932 ψυχαί

1915 4870 2276 4939 interrogant.
2337 4865 2580 4921 Primum
2643 4865 2790 4920 enim
2859 4863 3053 4918 locutae
3109 4868 3242 4917 sunt
3281 4863 3349 4916 de
3405 4877 3493 4923 eo.

216 4957 454 5030 Πρῶτον
502 4957 611 5026 γὰρ
644 4956 771 5026 περὶ
816 4953 909 5008 τοῦ
942 4953 995 5006 τί
1043 4955 1188 5007 ἐστιν
1231 4952 1491 5022 ἐποίησαν
1522 4952 1791 5022 τὸνλόγον

1915 4959 2181 5031 quidnam
2239 4967 2404 5025 esset,
2475 4972 2598 5012 cum
2659 4954 3003 5028 praecedente
3065 4954 3493 5023 interrogatione

213 5052 283 5103 ἐν
315 5050 396 5121 τῷ
427 5048 535 5120 πρὸ
569 5048 772 5119 ταύτης
801 5048 900 5118 τῆς
929 5047 1139 5118 ρἡεως
1174 5047 1489 5118 ἐρωτήματι
1515 5045 1768 5115 λέγουσαι

1914 5057 2168 5120 quaerunt
2201 5068 2214 5103 :
2258 5047 2400 5115 Quid
2421 5057 2675 5116 cognatus
2718 5055 2860 5110 tuus,
2907 5061 2936 5099 ο
2967 5043 3187 5113 pulchra
3210 5043 3346 5097 inter
3379 5058 3485 5096 mu-

219 5145 293 5196 Tt
346 5139 669 5211 ddapcadg
715 5157 866 5203 σου,
903 5141 943 5208 ἠ
994 5137 1152 5205 καλὴ
1187 5138 1256 5191 ἐν
1287 5136 1599 5207 τυναιξίν;
1638 5137 1797 5208 Ὄπεε

1923 5144 2121 5199 lieres?
2180 5142 2247 5198 de
2301 5158 2411 5214 quo
2439 5142 2646 5197 educta:
2687 5156 2784 5211 per
2815 5139 3064 5210 exposita
3096 5137 3318 5201 indicia,
3349 5135 3491 5206 quod

215 5238 565 5308 διδαχθεῖσαι
593 5235 680 5289 διὰ
731 5234 834 5289 τῶν
867 5234 1172 5306 εἰρημένων
1217 5232 1479 5304 σημείων,
1503 5233 1586 5286 ὅτι
1625 5232 1793 5284 λευκὸς

1921 5235 2210 5296 candidus.
2251 5242 2305 5288 et
2334 5234 2700 5299 rubicundus,
2727 5240 2780 5286 ct
2835 5238 3050 5296 caetera,
3079 5229 3282 5299 quibus
3318 5226 3493 5281 forma

217 5330 324 5384 καί
360 5328 590 5401 πυρρὸς,
611 5328 705 5381 καὶ
736 5325 805 5382 τὰ
834 5325 995 5380 λοιπά
1033 5325 1100 5378 δι’
1134 5317 1208 5380 ὧν
1248 5324 1554 5396 ὑπογράφει
1580 5324 1640 5378 τὸ
1679 5319 1795 5384 εἶδος

1920 5327 2134 5398 (ιιιωεὶιὶ
2168 5327 2441 5397 descripta
2484 5334 2610 5382 est:
2643 5341 2788 5380 nunc
2816 5325 2884 5379 de
2918 5325 3038 5377 loco
3067 5321 3160 5376 ubi
3197 5321 3289 5387 sit,
3325 5320 3491 5374 inter-

220 5419 326 5472 τοῦ
352 5419 711 5489 ζητουμένου,
750 5418 878 5489 περὶ
920 5417 1016 5471 τοῦ
1047 5418 1178 5470 ὅπου
1208 5417 1582 5472 πυνθάνονται.
1607 5415 1700 5469 Διὸ
1731 5415 1798 5469 λέ-

1921 5427 2137 5492 rogant.
2179 5417 2295 5474 Non
2348 5428 2633 5489 propterea
2667 5417 2877 5478 dicunt,
2929 5413 3044 5481 Quo
3067 5412 3198 5466 abiit
3239 5418 3493 5481 cognatus

229 5528 410 5580 τουσι,
447 5511 570 5564 Ποῦ
589 5509 863 5578 ἀπῆλθεν
892 5512 924 5564 ό
949 5509 1271 5578 ἀδελφιδός
1303 5526 1440 5573 σου,
1472 5509 1504 5580 ἢ
1533 5509 1649 5564 ποῦ
1675 5509 1807 5563 ἀπέ·

1923 5522 2066 5576 Inus,
2094 5511 2177 5566 vel
2205 5528 2306 5581 quo
2359 5511 2626 5580 respexit?
2657 5518 2712 5561 ut
2753 5507 2974 5576 cognito
3014 5519 3240 5574 prorsus
3271 5501 3360 5557 ubi
3397 5501 3492 5568 sit,

219 5605 463 5671 aue"
479 5617 500 5663 ;
521 5601 642 5652 Ἵνα
669 5601 884 5664 πάντως
912 5601 1044 5652 ὅπου
1076 5599 1174 5669 μέν
1200 5601 1314 5654 ἐστι
1345 5601 1632 5671 μαθοῦσαι,
1651 5617 1797 5672 προσ·

1924 5603 2150 5658 adorent
2181 5602 2234 5655 in
2287 5602 2382 5656 illo
2411 5602 2551 5664 loco,
2587 5613 2694 5659 quo
2737 5597 2904 5668 pedes
2935 5597 3081 5650 illius
3110 5593 3405 5648 steterint:
3438 5601 3490 5648 et

308 5783 355 5814 σε
381 5780 546 5841 ιυιω.
580 5800 618 5849 ι,
649 5781 737 5838 45.
814 5778 860 5812 οι
883 5778 1017 5835 ibid.
1047 5778 1107 5834 ιι
1145 5783 1268 5849 sqq.
