3996 6196
596 326 725 382 1001

1822 331 1882 387 S.
1922 332 2250 392 GREGORII
2290 333 2580 396 NYSSENI

3628 360 3732 422 l0}!

590 456 701 510 quo
750 437 1017 507 respiciat
1067 435 1301 503 edoctae,
1335 442 1417 494 sic
1459 451 1634 498 semet
1659 447 2020 514 constituant,
2049 466 2135 521 qui

2223 480 2236 514 ι
2262 459 2565 528 κυνήσωσιν
2595 459 2676 522 εἰς
2705 457 2794 512 τὸν
2829 459 2992 514 τόπον
3022 451 3083 514 οὗ
3110 459 3326 533 ἔστησαν
3363 463 3406 519 οὶ
3427 467 3560 534 πόδες
3587 475 3729 542 αὺτοῦ,

588 537 642 585 et
676 529 746 584 ab
775 530 910 600 ipsis
931 529 1052 599 ejus
1073 530 1247 600 gloria
1289 533 1680 603 conspiciatur,
1698 538 1857 607 cujus
1895 543 2167 612 apparitio

586 622 819 675 salutem
847 619 998 676 aﬂert
1067 624 1496 692 sspectantibus.
1542 630 1997 696 quemadmodum
2030 632 2164 688 Pro-

588 712 749 780 pheta
805 712 897 766 ille
930 713 1174 782 loquitur
1211 713 1481 769 :Ostende
1514 719 1665 773 nobis
1699 719 1891 788 [aciem
1925 733 2090 788 tuam,
2113 735 2166 778 et

583 800 721 854 solvi
757 805 954 857 erimus
1007 804 1074 856 ".
1110 803 1369 874 Magistra
1420 823 1552 861 vero
1609 809 1724 864 hac
1758 811 1824 865 ad
1853 815 2161 883 exemplum

586 888 821 962 Philippi
865 894 1124 958 dicentis,
1201 894 1328 950 Veni
1381 913 1444 950 ae
1483 898 1619 964 vide,
1652 901 1855 970 prabet
1881 917 1941 958 se
1965 903 2160 958 ducem

583 984 911 1055 virginibus,
969 995 1029 1039 ut
1085 1003 1246 1055 quem
1299 991 1621 1055 quaerebant
1659 1006 2024 1062 assequantur
2060 1016 2074 1051 :
2106 1004 2161 1052 et

583 1089 684 1144 pro
710 1090 777 1129 eo
811 1077 954 1146 quod
1011 1079 1230 1140 ait'ille,
1277 1078 1401 1134 Vide
1429 1097 1448 1133 :
1485 1081 1663 1135 locum
1711 1085 1936 1150 indicat,
1966 1087 2021 1140 in
2049 1103 2160 1157 quo

580 1165 656 1219 sit
683 1166 731 1220 is
763 1182 922 1236 quem
953 1176 1225 1235 quaerunt,
1260 1169 1558 1239 itidemque
1599 1188 1710 1242 quo
1741 1176 2017 1244 respiciat.
2065 1177 2160 1233 Sic

577 1258 723 1312 enim
754 1259 828 1311 ait
855 1278 867 1312 :
900 1259 1166 1328 Cognatas
1211 1277 1354 1314 meus
1387 1262 1649 1317 descendit
1688 1266 1741 1318 in
1761 1265 1970 1320 hortum
2001 1285 2157 1323 suum

578 1348 649 1399 ad
673 1347 885 1415 phialas
915 1351 1198 1403 aromatis.
1247 1349 1524 1406 Hactenus
1564 1354 1897 1420 ostenditur,
1928 1356 2018 1412 ubi
2059 1359 2153 1413 sit.

579 1440 847 1510 Deinceps
886 1458 1036 1506 vero,
1080 1443 1211 1512 quid
1256 1453 1486 1513 spectet,
1521 1453 1576 1500 et
1600 1462 1710 1515 quo
1757 1449 2039 1518 respiciat,
2065 1452 2154 1508 bis

576 1533 760 1586 verbis
811 1536 1068 1601 magistra
1116 1542 1422 1588 monstrat:
1465 1536 1530 1601 Ut
1577 1548 1758 1600 pascat
1789 1542 1843 1594 in
1885 1543 2072 1604 hortis,
2103 1552 2154 1596 et

576 1622 792 1690 colligat
848 1622 988 1674 tilia.
1023 1623 1203 1691 Atque
1233 1623 1348 1678 haec
1379 1626 1535 1694 quasi
1584 1628 1833 1697 quaedam
1890 1645 2152 1701 corporea

572 1723 628 1767 et
676 1721 903 1766 externa
956 1722 1040 1768 est
1092 1728 1192 1782 pro
1232 1715 1548 1785 juvenculis
1582 1721 1962 1785 manuductio,
2006 1725 2152 1780 unde

573 1805 884 1875 intelligunt
917 1807 1022 1861 illa:
1055 1821 1166 1862 tam
1196 1808 1288 1862 ubi
1314 1811 1407 1874 sit,
1429 1825 1594 1880 quam
1625 1827 1736 1882 quo
1765 1813 2046 1884 respiciat.

641 2103 877 2159 Omnino
912 2121 1040 2160 vero
1075 2107 1240 2160 etiam
1275 2107 1483 2162 utilitas
1519 2110 1701 2179 aliqua
1736 2113 1804 2166 de
1838 2113 1926 2170 his
1962 2118 2148 2173 verbis

565 2209 596 2248 a
647 2204 842 2249 sancto
894 2195 1104 2264 Spiritu
1161 2195 1425 2266 profectis
1462 2200 1808 2269 percipienda
1838 2207 1994 2262 nobis
2025 2217 2142 2274 est,

567 2284 731 2351 idque
774 2300 868 2353 per
903 2284 1425 2353 contemplationem
1465 2288 1826 2356 spiritualem.
1869 2294 2002 2348 Cum
2045 2298 2146 2364 igi-

563 2383 654 2426 tur
687 2374 940 2427 audimus
988 2375 1101 2428 haec
1136 2376 1336 2429 verba:
1371 2374 1642 2446 Cognatas
1686 2398 1830 2436 meus
1872 2384 2144 2441 descendit

562 2465 616 2516 in
647 2463 858 2516 hortum
887 2481 1041 2517 suum
1066 2480 1083 2517 :
1115 2473 1288 2518 totum
1318 2462 1595 2537 Evangelii
1625 2471 1945 2541 mysterium
1972 2473 2143 2531 disci.
2171 2526 2174 2528 γ

561 2569 717 2620 ιιιιιε,
751 2553 997 2623 quolibet
1030 2569 1092 2609 ex
1125 2555 1210 2610 bis
1241 2559 1511 2613 vocabulo
1543 2576 1660 2615 rem
1691 2577 1948 2620 arcanam
1982 2568 2142 2625 nobis

558 2645 897 2703 declarante.
935 2649 1208 2704 Nimirum
1240 2655 1383 2721 quod
1421 2653 1468 2710 is
1504 2653 1647 2708 Deus
1669 2695 1683 2718 ,
1712 2656 1806 2725 qui
1837 2656 1892 2709 in
1923 2671 1989 2713 eo
2021 2660 2140 2730 ipso

560 2737 864 2803 patefactus
890 2745 975 2791 est
1008 2739 1063 2791 iu
1094 2754 1292 2807 carne,
1325 2743 1453 2810 quia
1481 2743 1548 2798 de
1577 2741 1718 2798 Juda
1743 2754 1901 2802 ortus
1931 2757 2054 2812 est,
2085 2759 2140 2804 et

557 2828 814 2894 gentibus
850 2829 905 2883 in
937 2831 1172 2899 caligine
1205 2839 1368 2902 atque
1397 2836 1590 2889 umbra
1635 2837 1830 2892 mortis
1891 2839 2136 2893 sedenti-

562 2923 663 2978 bus
736 2919 958 2984 illuxit,
994 2931 1142 2976 recte
1169 2931 1223 2977 et
1257 2933 1378 2993 apta
1412 2926 1624 2982 ratione
1653 2930 1874 2997 cognati
1912 2931 2134 2985 nomine

557 3023 586 3063 a
618 3015 954 3080 desponsata
991 3013 1094 3066 sibi
1126 3014 1192 3067 ad
1222 3023 1486 3069 aeternam
1535 3017 1984 3087 conjunctionem
2037 3037 2134 3093 ap-

2270 546 2402 600 ὅπου
2434 547 2491 602 δὲ
2517 549 2812 604 ἀποϐλέπει
2845 551 3195 622 διδαχθεῖσαι,
3219 553 3347 608 οὕτω
3379 559 3606 630 στήσωσιν
3639 567 3731 620 tau.

2269 638 2397 701 τὰς’
2423 639 2563 693 ὥστε
2611 642 2704 694 καὶ
2743 642 2932 706 αὑταῖς
2967 642 3262 713 ἐποφθῆναι
3288 645 3376 717 τὴν
3408 647 3542 714 δόξαν
3579 654 3726 708 αὑτοῦ.

2267 723 2327 782 οὗ
2355 730 2388 798 ἡ
2417 731 2707 798 ἐπιφάνεια
2755 734 2999 804 σωτηρία
3028 734 3136 787 τῶν
3164 737 3530 792 ἐποπτευόντων
3558 743 3728 809 γίνεται,

2267 819 2447 885 καθώς
2475 839 2637 892 φησιν
2668 826 2697 877 ό
2727 825 3043 897 Προφήτης,
3076 827 3157 880 ὅτι
3198 829 3494 898 Ἐπίςσανον
3516 831 3571 885 τὸ
3595 836 3729 901 πρόσ-

2264 917 2427 966 ωπόν
2451 929 2590 978 σου,
2614 914 2711 970 καὶ
2735 917 3152 985 σωθησόμεθα.
3178 919 3334 990 Rati)
3361 920 3625 986 διδάσκαλος
3643 925 3731 977 καθ’

2263 1007 2550 1078 ὁμοιότητα
2587 1008 2851 1062 Φιλίππου
2892 1010 2986 1063 τοῦ
3026 1012 3266 1076 εἰπόντος
3289 1029 3302 1044 ο
3334 1013 3526 1082 Ἔρχου
3548 1015 3626 1068 καί
3650 1015 3728 1081 ἴδε,

2264 1095 2581 1167 καθηγεῖται
2630 1099 2738 1153 τῶν
2788 1101 3006 1155 πάντων
3056 1101 3192 1174 πρδς
3235 1102 3326 1173 τὴν
3353 1103 3436 1158 τοῦ
3474 1105 3730 1175 ζητουμένου

2263 1188 2582 1260 κατάληψιν,
2617 1192 2737 1244 ἀντὶ
2765 1190 2860 1244 τοῦ
2898 1193 3092 1258 εἰπεῖν,
3127 1193 3188 1246 τὸ
3223 1193 3346 1256 Ἴδε,
3369 1194 3450 1248 τὸν
3475 1195 3608 1248 τόπον
3634 1197 3730 1249 ὑπο-

2260 1275 2575 1335 δεικνύουσα
2612 1281 2670 1334 ἐν
2708 1272 2752 1350 ᾧ
2785 1283 2934 1334 ἐστιν
2957 1285 2985 1336 ό
3024 1281 3376 1354 ζητούμενος,
3401 1285 3487 1338 καὶ
3512 1287 3621 1339 ὅπου
3646 1285 3734 1356 βλέι

2261 1389 2370 1424 πει.
2417 1373 2553 1442 Φησὶ
2600 1373 2709 1443 γάρ
2741 1373 2862 1426 δὸτι
2929 1371 3272 1442 Ἀδελφιδός
3308 1395 3419 1445 μου
3461 1377 3639 1442 κατέϐη
3673 1378 3734 1442 εἷς

2259 1457 2458 1530 κῆπον
2497 1468 2584 1531 εις
2632 1464 2852 1534 φιάλας
2895 1467 3001 1521 τοῦ
3054 1467 3370 1538 ἀρώματος.
3417 1469 3543 1530 Ἕως
3577 1468 3734 1532 τούτου,

2258 1555 2316 1606 ὲν
2341 1549 2385 1622 ᾧ
2409 1556 2553 1608 ἐστιν
2577 1556 2687 1609 ύπδ
2711 1557 2804 1610 τοῦ
2827 1556 2982 1626 λόγου
3018 1562 3350 1630 σημαίνεται.
3381 1560 3448 1612 Τὸ
3467 1559 3514 1611 δὲ
3539 1559 3627 1610 ἀπὸ
3656 1559 3737 1610 τού-

2255 1664 2372 1713 του,
2397 1648 2450 1700 τί
2473 1649 2594 1717 ὁρᾷ,
2625 1650 2720 1701 καὶ
2746 1651 2878 1703 ὅπου
2910 1651 3092 1720 βλέπει
3121 1652 3199 1723 τῷ
3229 1653 3365 1721 λόγῳ
3393 1649 3738 1719 δείκνυσινηδι-

2255 1737 2549 1803 δάσκαλος,
2601 1739 2861 1808 λέγουσιν
2895 1742 2976 1795 ὅτι
3012 1745 3349 1813 Ποιμαίνειν
3375 1743 3438 1796 ἐν
3473 1739 3738 1806 mimicam!

2183 1811 2226 1866 Β
2256 1829 2547 1900 συνάγειν
2575 1833 2769 1900 κρίνα.
2803 1832 2953 1903 Αὕτη
2989 1832 3086 1904 μὲν
3197 1824 3484 1905 σημαντικὴ
3513 1832 3592 1885 τοῦ
3624 1833 3738 1900 λόγου

2253 1923 2388 1991 πρδς
2423 1924 2521 1986 τὰς
2551 1923 2796 1987 νεάνιδας
2833 1926 2979 1978 ὲστιν
3025 1925 3215 1996 ὁδηγία
3272 1925 3334 1978 δι’
3369 1919 3438 1980 ὧν
3482 1925 3739 1994 μανθάνουσι

2252 2013 2345 2065 καὶ
2373 2013 2505 2066 ὅπου
2532 2015 2669 2081 ἐστὶ,
2700 2014 2794 2069 καὶ
2817 2016 2950 2068 ὅπου
2980 2016 3186 2087 βλέπει.

2319 2105 2438 2176 Χρὴ
2463 2106 2519 2158 δὲ
2560 2108 2777 2172 πάντως
2808 2110 2900 2161 καὶ
2941 2109 3002 2162 τὸ
3026 2109 3298 2180 ὠφέλιμον
3330 2105 3423 2180 τῆς
3453 2107 3738 2162 θεοπνεύστου

2248 2196 2449 2266 ταύτης
2476 2198 2767 2266 ἐπιγνῶναι
2795 2200 3014 2271 Γραφῆς
3042 2200 3129 2252 διὰ
3153 2201 3250 2270 τῆς
3279 2201 3616 2270 πνευματικῆς
3644 2199 3740 2252 Gam-

2249 2281 2389 2354 ρίας.
2431 2286 2640 2340 Οὐκοῦν
2667 2288 2796 2342 ὅταν
2819 2289 3143 2359 ἀκούσωμεν
3178 2290 3260 2342 ὅτι
3305 2289 3611 2358 Ἀδελφιδὸς
3642 2304 3742 2340 κατι

2243 2378 2348 2445 έϐη
2366 2381 2454 2444 εὶς
2473 2377 2670 2446 κῆπον
2690 2381 2896 2443 αὐτοῦ,
2912 2381 2972 2434 τὸ
3023 2382 3385 2450 Εὑαγγελικὸν
3414 2383 3662 2452 μυστήριον
3677 2379 3743 2433 διὰ

2242 2469 2352 2524 τῶν
2373 2472 2676 2542 εἰρημένων
2721 2473 3062 2544 μανθάνομεν
3083 2514 3097 2539 ,
3144 2475 3373 2528 ἑκάστου
3408 2473 3507 2526 τῶν
3527 2471 3745 2542 ὀνομάτων

2241 2561 2430 2614 τοῦτον
2457 2557 2548 2614 τὸν
2577 2563 2835 2632 μυστικὸν
2865 2565 3023 2632 λόγον
3071 2567 3206 2636 ἡμῖν
3239 2565 3620 2636 σαφηνίζοντος·
3656 2563 3741 2614 ὀὲν

2244 2654 2409 2724 σαρκὶ
2431 2656 2761 2726 φανερωθεὶς
2794 2657 2950 2720 Θεὸς,
2978 2657 3066 2711 διὰ
3090 2658 3151 2710 τὸ
3187 2653 3247 2723 ἔξ
3281 2658 3443 2711 Ἰούδα
3472 2658 3558 2728 μὲν
3583 2658 3744 2710 ἁνατεῖδ

2240 2745 2347 2810 λαι,
2399 2746 2610 2817 λάμψαι
2641 2747 2696 2799 δὲ
2735 2751 2848 2812 τοῖς
2880 2748 3057 2802 ἔθνεσι
3087 2753 3202 2816 τοῖς
3244 2753 3300 2804 ἐν
3346 2751 3511 2804 σκότει
3539 2751 3618 2802 καὶ
3650 2747 3742 2815 σκιᾷ

2239 2836 2466 2891 Θανάτου
2491 2839 2835 2911 καθημένοις,
2851 2841 3030 2904 καλῶς
3057 2841 3154 2894 καὶ
3178 2843 3462 2912 προσφυῶς
3485 2841 3554 2911 τῷ
3572 2841 3744 2910 ὀνόματι

2235 2927 2329 2980 τοῦ
2361 2928 2642 2995 ἀδελφιδοῦ
2682 2929 2832 3000 παρὰ
2872 2929 2972 2999 τῆς
3018 2930 3441 3002 μνηστευϐείσης
3477 2929 3605 2998 αὐτῷ
3645 2927 3743 2998 πῶς

2234 3017 2401 3070 ἀΐδιον
2436 3018 2692 3086 συζυγίαν
2732 3018 3196 3090 κατονομάζεται.
3247 3021 3471 3091 ἀδελφῆς
3503 3019 3643 3089 οὔσης
3677 3015 3744 3070 τοῦ

556 3101 813 3170 pelletur,
850 3103 1001 3172 quod
1035 3119 1099 3159 ea
1131 3107 1318 3176 populi
1352 3123 1420 3162 ex
1451 3105 1593 3162 Juda
1627 3110 1735 3163 orti
1771 3126 1931 3167 soror
1963 3125 2126 3169 esset.

2249 3108 2416 3161 Ἰούδα
2455 3109 2604 3164 λαοῦ.
2662 3111 2735 3164 Τὸ
2766 3111 3086 3182 δὲΚατέὅη,
3128 3111 3302 3184 δηλοῖ,
3335 3113 3413 3166 ὅτι
3451 3111 3533 3166 διὰ
3567 3110 3643 3163 τὸν
3667 3106 3744 3161 ἀπὸ

557 3191 793 3246 Verbum
843 3203 1063 3258 autem,
1110 3194 1444 3262 Descendit,
1486 3199 1760 3269 significat
1803 3211 2024 3272 propter
2065 3205 2132 3258 il-

556 3283 668 3336 lum
691 3323 705 3344 ,
735 3285 827 3353 qui
855 3282 1216 3355 Jerosolymis
1243 3284 1465 3341 Jericho
1494 3289 1821 3355 descendit,
1855 3291 2025 3362 inque
2054 3295 2135 3349 la-

2247 3199 2598 3270 Ἰερουσαλὴμ
2635 3203 2692 3265 ἐς
2731 3196 2938 3272 Ἱεριχὼ
2981 3204 3316 3268 καταϐάντα,
3352 3206 3440 3257 καὶ
3488 3205 3541 3256 ἐν
3567 3205 3658 3264 τοῖς
3677 3200 3746 3284 λη-

2237 3295 2387 3355 σταῖς
2416 3292 2704 3362 γενόμενον
2722 3311 2734 3325 ’
2765 3294 2854 3347 διὰ
2886 3294 3043 3347 τοῦτο
3068 3297 3165 3348 καὶ
3189 3296 3351 3360 αὐτὸς
3379 3299 3444 3367 τῇ
3471 3295 3652 3363 καθόδῳ
3676 3285 3744 3345 τοῦ

553 3380 744 3426 trones
796 3373 1067 3426 incidit“
1097 3389 1111 3426 :
1147 3384 1371 3444 propter
1421 3376 1567 3432 hunc
1622 3378 1787 3449 igitur
1836 3381 1889 3434 in
1943 3381 2132 3440 hostes

2232 3383 2560 3452 ἐμπεσόντος
2589 3385 2702 3447 τοῖς
2727 3384 3001 3456 πολεμίοις
3034 3387 3559 3460 συγκατέρχεταϋδϋ
3585 3379 3646 3439 ὧν
3677 3400 3747 3452 σηά

552 3464 800 3532 lapsum,
826 3465 991 3518 etiam
1019 3465 1198 3533 ipsum
1222 3466 1578 3524 descendisse
1605 3488 1618 3524 :
1645 3487 1755 3540 quo
1787 3473 2133 3543 signiﬁcatur

2235 3477 2414 3546 μαίνει
2445 3477 2543 3547 τὴν
2587 3477 2652 3529 ὲκ
2693 3475 2792 3547 τῆς
2819 3478 3097 3548 ἁφράστου
3136 3481 3543 3551 μεγαλειότητος
3567 3475 3746 3546 γενομέδ

550 3552 693 3607 facta
719 3569 786 3607 ex
820 3554 1080 3608 incllabili
1116 3556 1400 3626 majestate
1425 3560 1492 3612 ad
1523 3560 1889 3617 humilitatem
1918 3573 2130 3622 natura:

2230 3585 2327 3638 νην
2355 3569 2445 3622 ἐπὶ
2463 3569 2524 3621 τὸ
2542 3567 2791 3622 ταπεινὸν
2814 3571 2912 3640 τῆς
2941 3568 3158 3640 φύσεως
3189 3575 3343 3646 ἡμῶν
3375 3570 3743 3642 συγκαταϐασινο

549 3655 752 3700 nostrae
776 3646 1065 3701 demissio.
1101 3645 1177 3700 Ex
1213 3648 1359 3703 horti
1394 3653 1686 3722 aenigmate
1715 3654 2002 3721 discimus,
2030 3673 2126 3713 ve-

2229 3660 2317 3714 διὰ
2351 3661 2408 3714 δὲ
2441 3659 2534 3714 τοῦ
2557 3661 2697 3714 κατὰ
2720 3661 2810 3714 τὸν
2844 3663 3018 3732 κῆπον
3047 3662 3371 3735 αἰνίγματος
3405 3663 3552 3717 τοῦτο
3583 3659 3746 3731 μανθά-

548 3752 668 3792 rum
704 3738 855 3791 illum
887 3738 1182 3808 agricolam
1217 3739 1285 3794 de
1317 3741 1530 3812 integro
1559 3758 1750 3798 arvum
1788 3761 1948 3801 suum
1975 3750 2121 3819 plan-

546 3837 664 3884 lare
689 3869 704 3892 ,
743 3830 1003 3884 nimirum
1037 3845 1139 3884 nos
1181 3831 1452 3888 homines.
1510 3833 1724 3891 Etenim
1773 3855 1876 3895 nos
1929 3856 2122 3895 arvum

545 3924 719 3992 ipsius
763 3938 993 3988 sumus,
1028 3925 1492 3994 quemadmodum
1535 3927 1740 3986 Paulus
1785 3931 2027 4003 loquitur
2055 3937 2120 3992 ".

545 4013 732 4082 Itaque
763 4029 889 4068 cum
927 4017 1045 4086 ipse
1079 4018 1152 4071 sit
1182 4018 1258 4083 is,
1290 4019 1383 4088 qui
1421 4035 1604 4074 rerum
1642 4021 1798 4077 initio
1829 4026 2124 4094 plantatio-

545 4121 666 4160 nem
701 4105 955 4162 ltumame
987 4117 1200 4164 natura;
1229 4112 1500 4166 consitam
1533 4127 1562 4165 a
1596 4111 1996 4174 Patre'cmlesti
2033 4137 2123 4174 cx-

542 4197 714 4250 coluit
740 4196 793 4250 in
828 4199 1084 4268 paradiso
1113 4219 1126 4253 :
1156 4216 1286 4270 aper
1310 4210 1492 4256 autem
1524 4204 1820 4273 singularis
1846 4215 1900 4261 et
1929 4209 2120 4264 imma-

541 4291 626 4344 nis
657 4290 880 4344 hortum
915 4291 1107 4356 illum,
1155 4293 1414 4348 nimirum
1453 4310 1586 4359 nos,
1625 4295 1972 4366 depraedatus
2013 4301 2116 4368 sit,

539 4396 841 4452 arvumque
884 4383 1135 4438 divinum
1185 4386 1456 4440 vastarit:
1497 4387 1644 4444 hanc
1673 4389 1845 4458 ipsam
1880 4392 1950 4446 ob
1983 4407 2117 4448 cau-

2228 3771 2413 3824 νομεν,
2444 3754 2524 3806 ὅτι
2547 3753 2874 3824 ἀναφυτεύει
2904 3754 2966 3807 τὸ
2991 3754 3190 3808 ἑαυτοῦ
3215 3756 3475 3827 γεώργιον
3501 3756 3526 3809 ὁ
3547 3750 3747 3823 ἀληθινὸς

2225 3845 2468 3915 γεωργὸς
2501 3846 2648 3915 ἡμᾶς
2677 3847 2803 3922 τοὺς
2845 3844 3186 3916 ἀνθρώπους.
3252 3845 3437 3918 Ἡμεῖς
3485 3848 3582 3916 γάρ
3616 3847 3746 3912 ἐσμεν

2225 3937 2387 3990 αὑτοῦ
2423 3935 2684 4007 γεώργιον
2714 3937 2853 3991 κατὰ
2893 3938 2992 4007 τὴν
3027 3939 3243 3993 Παύλου
3287 3941 3486 4010 φωνήν.
3525 3936 3654 3994 Ἐπεὶ
3674 3927 3744 3987 οὖν

2224 4030 2428 4092 ἐκεῖνός
2458 4031 2624 4093 ἐστιν,
2671 4031 3011 4102 όοκαταρχὰς
3051 4033 3109 4084 ἐν
3139 4032 3452 4103 παραδείσῳ
3477 4027 3742 4099 γεωργήσας

2220 4118 2320 4188 τὴν
2340 4118 2685 4190 ἀνθρωπίνην
2714 4119 2890 4189 φύσιν,
2910 4121 2974 4191 ἣν
2997 4118 3297 4189 ἐφύτευσεν
3321 4120 3349 4172 ὁ
3374 4119 3551 4191 Πατὴρ
3573 4120 3598 4171 ό
3618 4113 3743 4185 ούρὰ-

2220 4226 2361 4272 νιος·
2398 4209 2485 4262 διὰ
2514 4209 2671 4264 τοῦτο
2691 4211 2783 4264 τοῦ
2824 4212 3005 4282 μονιοῦ
3037 4211 3130 4266 τοῦ
3158 4213 3354 4284 ἀγρίου
3395 4207 3742 4280 κατανεμηθέν·

2217 4316 2309 4362 τος
2343 4300 2497 4371 ἡμῶν
2526 4301 2613 4354 τὸν
2630 4301 2804 4373 κῆπον
2825 4304 2919 4357 καὶ
2946 4304 3343 4376 λυμαινομένου
3364 4301 3425 4358 τὸ
3453 4303 3579 4356 θεῖον
3603 4299 3742 4369 γεώρο

2217 4407 2357 4460 γιον,
2395 4392 2595 4463 κατέϐη
2646 4394 2740 4446 τοῦ
2779 4395 2938 4448 πάλιν
2984 4397 3208 4466 ποιῆσαι
3255 4397 3430 4467 κῆπον
3467 4395 3555 4464 τὴν
3581 4393 3742 4464 ἔρημον

538 4485 652 4525 sam
703 4474 1018 4541 descendit,
1069 4486 1130 4529 ut
1178 4476 1419 4532 ediceret
1466 4493 1578 4549 quo
1623 4477 1816 4535 hortus
1863 4482 2114 4541 desertus

2223 4483 2284 4552 τῇ
2322 4482 2428 4536 τῶν
2462 4483 2672 4555 ἀρετῶν
2705 4486 2897 4555 φυτεία
2933 4485 3408 4559 καλλωπιζόμενον
3432 4501 3449 4516 ⁶
3493 4485 3581 4557 τὴν
3607 4479 3741 4534 καθα-

537 4575 754 4618 rursum
790 4580 888 4634 per
918 4568 1180 4622 virtutum
1215 4571 1582 4626 consitionem
1615 4583 1942 4640 ornaretur;
1977 4591 2115 4646 puro

537 4668 601 4708 ac
631 4654 819 4710 divino
845 4656 1114 4713 doctrina:
1146 4659 1298 4715 fonte
1332 4661 1399 4716 ad
1429 4661 1648 4731 plantas
1678 4663 1996 4732 hujusmodi
2029 4664 2112 4721 [ο-

537 4743 769 4808 vendas,
805 4760 904 4814 per
929 4749 1199 4816 quosdam
1231 4751 1390 4820 quasi
1429 4751 1576 4805 rivos
1619 4753 1894 4809 sermonis
1939 4754 2114 4809 dedu-

535 4841 643 4888 cto.
675 4833 880 4891 Phiala:
910 4849 1089 4895 autem
1121 4843 1384 4898 aromatis
1416 4842 1682 4898 hactenus
1707 4843 1762 4898 in
1790 4845 2115 4916 descriptio-

535 4941 604 4983 ne
633 4928 1063 4998 pulchritudinis
1099 4936 1286 5002 sponsi
1320 4937 1386 4989 ad
1422 4937 1767 4992 maxillarum
1799 4943 2112 4996 encomium

535 5020 760 5075 fuerunt
791 5023 1254 5084 accommodatas.
1288 5027 1493 5095 quibus
1527 5029 1638 5082 cibi
1682 5030 2002 5099 spirituales
2044 5033 2112 5088 ad

533 5127 696 5169 usum
728 5113 1133 5184 pascendorum
1180 5118 1676 5175 comminuuntur:
1716 5121 1808 5176 hic
1837 5138 1966 5178 vero
2013 5139 2113 5194 pro

531 5204 655 5260 loco
685 5209 1003 5266 sumuntur,
1052 5219 1162 5274 quo
1220 5220 1460 5275 sponsus
1510 5209 1711 5277 degat:
1763 5211 2114 5270 discentibus

529 5310 596 5352 ex
625 5309 693 5352 eo
724 5295 884 5351 nobis
905 5336 920 5360 ,
973 5312 1084 5351 non
1132 5299 1346 5354 versari
1399 5315 1666 5370 sponsum
1701 5319 1764 5358 ea
1794 5305 1849 5358 in
1889 5309 2071 5358 anima
2092 5347 2108 5372 ,

529 5388 623 5444 ubi
649 5389 919 5444 virtutum
949 5390 1194 5460 quaedam
1224 5392 1296 5447 sit
1320 5393 1566 5449 solitudo
1592 5412 1607 5463 ;
1636 5397 1728 5452 sed
1760 5412 1882 5462 qua:
1911 5411 2110 5451 secun-

528 5481 659 5534 dum
688 5480 959 5535 hactenus
987 5480 1228 5538 indicata
1248 5525 1265 5549 ,
1294 5489 1557 5544 aromatis
1581 5495 1663 5543 est
1689 5487 1870 5558 phiala
1891 5529 1904 5552 ,
1929 5495 1983 5542 et
2010 5503 2110 5542 un-

527 5582 728 5641 guenta
773 5572 1007 5642 profert.
1055 5575 1157 5642 Qui
1211 5578 1339 5633 talis
1383 5586 1502 5646 est,
1535 5579 1583 5636 is
1613 5579 1900 5650 sapientiae.
1929 5588 2111 5636 crater

2221 4574 2322 4645 ρᾶν
2349 4575 2444 4627 καὶ
2485 4574 2633 4629 θείαν
2673 4575 2770 4644 τῆς
2803 4576 3144 4640 διδασκαλίας
3178 4577 3386 4649 πηγὴν.
3427 4579 3514 4630 ἐπὶ
3549 4576 3631 4644 τὴν
3662 4569 3740 4622 τῶν

2217 4665 2471 4719 τοιούτων
2507 4667 2687 4734 φυτῶν
2727 4666 3044 4736 ἐπιμέλειαν
3091 4669 3363 4739 όχετήσας
3401 4667 3478 4737 τῷ
3512 4665 3663 4735 λόγῳ·
3695 4653 3737 4713 αἱ

2217 4755 2275 4810 δὲ
2295 4756 2387 4810 τοῦ
2411 4757 2700 4829 ἀρώματος
2735 4757 2920 4829 φιάλαι
2951 4759 3008 4811 ὲν
3049 4758 3148 4828 μὲν
3175 4761 3244 4829 τῇ
3280 4758 3376 4812 τοῦ
3410 4757 3616 4818 κάλλους
3635 4753 3736 4805 ὐποο

2216 4852 2426 4921 γραφῇ.
2457 4849 2592 4921 πρὸς
2619 4849 2679 4903 τὸ
2703 4849 2810 4902 τῶν
2837 4850 3098 4918 σιαγόνων
3130 4848 3410 4920 ἐγκώμιον
3438 4841 3734 4919 παρελήφθηι

2217 4957 2336 5005 σαν,
2371 4940 2436 4994 δι’
2465 4935 2540 4995 ὧν
2583 4940 2984 4995 καταλεαίνεται
3024 4941 3091 4995 τὰ
3125 4943 3474 5014 πνευματικὰ
3505 4938 3629 4992 σιτία
3652 4934 3734 4994 τοῖς

2211 5031 2565 5103 τρεφομένοις
2589 5049 2603 5062 ο
2633 5031 2862 5085 ἐνταῦθα
2882 5032 2937 5085 δὲ
2959 5032 3120 5095 τόπος
3149 5028 3289 5084 εἶναι
3319 5032 3410 5086 τοῦ
3434 5028 3640 5100 νυμφίου
3665 5019 3733 5074 καὶ

2213 5123 2533 5194 ἐνδιαίτημα
2565 5124 2713 5196 παρά
2739 5125 2831 5178 τοῦ
2861 5124 3018 5192 λόγου
3054 5123 3318 5195 μηνύεται
3342 5137 3358 5153 ⁸
3401 5125 3548 5178 τοῦτο
3573 5115 3732 5192 μανθα·

2211 5212 2410 5267 νόντων
2445 5212 2624 5284 ἡμῶν,
2672 5213 2752 5267 ὅτι
2785 5211 2907 5267 οὔτε
2951 5216 3007 5266 ἐν
3041 5215 3235 5286 ἐρήμῳ
3273 5215 3384 5269 τῶν
3408 5212 3600 5283 ἀρετῶν
3621 5203 3728 5274 ψυχῇ

2207 5305 2438 5377 νυμφίος
2479 5304 2776 5369 αὐλίζεται,
2819 5305 2872 5358 εί
2913 5323 2999 5368 τις
3040 5306 3181 5359 κατὰ
3224 5302 3317 5358 τὸν
3353 5297 3730 5375 προαποδηθέντα

2206 5394 2365 5465 λόγον
2415 5396 2578 5467 φιάλη
2627 5394 2914 5466 ἀρώματος
2960 5397 3168 5464 γένοιτο
3214 5395 3424 5465 φύουσα
3478 5383 3724 5463 μυρεψικάα

2219 5488 2277 5540 '0
2301 5487 2538 5552 τοιοῦτος
2567 5487 2776 5558 κρατὴρ
2803 5487 2901 5558 τῆς
2929 5487 3120 5557 σοφίας
3154 5488 3461 5574 γενόμενος,
3485 5481 3666 5554 δέχεται
3687 5476 3729 5574 ἐξ

2206 5577 2383 5648 ἑαυτῷ
2411 5576 2502 5630 τὸν
2527 5577 2664 5630 θεῖον
2690 5579 2782 5630 καὶ
2809 5578 3080 5650 ἀκήρατον
3102 5574 3265 5644 οἶνον,
3293 5579 3358 5630 δι’
3383 5570 3442 5629 οὗ
3465 5579 3647 5643 γίνεται
3669 5570 3729 5630 τῷ

594 5747 640 5781 ⁸³
672 5747 823 5805 Psal.
853 5767 1039 5823 um,
1071 5755 1123 5809 4.
1203 5757 1246 5789 ⁸⁸
1282 5756 1417 5813 Luc.
1461 5774 1518 5820 χ,
1548 5757 1618 5812 30
1649 5771 1771 5827 sqq.
1846 5758 1890 5791 ⁸⁷
1929 5757 2100 5838 {Col}
2134 5805 2135 5808 η

2249 5755 2281 5810 6
2313 5771 2416 5827 sqq
