3996 6196
236 352 366 408 1093

1229 348 1296 404 ΙΝ
1338 343 1634 406 CANTICA
1674 342 1944 403 CANTIC.
1985 345 2268 403 liOMlLlA
2309 347 2425 404 XV.

3345 350 3480 410 1094

233 472 506 544 δεξαμένῳ
533 473 566 543 ἡ
595 465 924 540 εὐφροσύνη.
979 465 1044 521 ¹Ὀ
1076 464 1132 521 δὲ
1154 463 1358 539 ’ἐφεξῆς
1386 465 1542 538 λόγος
1572 468 1811 524 διδάσκει

1926 465 2094 520 factus
2115 505 2130 528 ,
2161 465 2408 520 divinum
2439 473 2494 520 et
2525 463 2904 536 incorruptum
2934 479 3122 523 unum
3155 465 3211 521 in
3240 481 3362 523 sese
3392 485 3481 523 rc-

235 567 378 636 ήμᾶς
407 564 588 626 ποίαις
629 563 820 633 νομαῖς
853 561 921 613 τά
970 561 1196 630 ποίμνια
1231 559 1324 614 τοῦ
1361 560 1526 614 καλοῦ
1555 560 1811 630 ποιμένος

236 657 522 710 πιαίνεται.
572 655 648 708 Οὐ
685 655 794 725 γὰρ
832 654 908 716 εἰς
939 653 1177 724 ἐρήμους
1199 653 1354 716 τινὰς
1377 653 1482 716 ,καὶ
1513 653 1814 722 ἀκανθοφόο

237 767 360 822 ρους
388 748 584 811 τόπους
605 745 879 812 ἐξελαύνει
903 745 971 798 τά
997 745 1264 816 πρόϐατα,
1282 745 1422 799 ὥστε
1447 747 1546 818 τὴν
1570 745 1810 818 χορτὼδη

231 837 530 911 δρέψασθαι
559 837 723 890 πόαν·
762 836 900 889 ἀλλά
937 836 1110 908 τροφὴ
1133 835 1416 906 πρόκειται
1435 837 1617 901 αὐτοῖς
1641 838 1712 892 τὰ
1746 840 1812 892 ὲκ

233 930 338 982 τῶν
365 931 560 1000 κήπων
598 927 892 1000 ἀρώματαο
915 929 1036 981 ἀντὶ
1056 929 1114 982 δὲ
1138 929 1351 1000 χόρτου,
1374 929 1434 984 τὸ
1461 931 1645 1002 κρίνον
1667 932 1806 1000 γίνεο

233 1040 340 1086 ται,
368 1021 506 1091 ὅπερ
538 1021 672 1089 φησὶ
700 1019 850 1091 παρὰ
880 1019 973 1073 τοῦ
1004 1019 1258 1090 ποιμένος
1277 1023 1358 1085 είς
1387 1021 1680 1094 διατροφὴν
1701 1023 1812 1079 τῶν

234 1111 522 1183 προϐάτων
569 1110 940 1180 συλλέγεσθαι.
1005 1111 1190 1166 Ταῦτα
1227 1111 1637 1181 φιλοσοφοῦντος
1679 1116 1812 1185 ήμζν

219 1205 320 1257 νδιά
354 1204 560 1257 τούτων
602 1203 696 1257 τοῦ
734 1203 914 1273 λόγου,
949 1205 1030 1257 ὃτι
1075 1207 1108 1276 ή
1145 1207 1467 1279 περιεκτικὴ
1507 1207 1615 1262 τῶν
1645 1209 1810 1262 ὄντων

226 1295 397 1361 φύσις
445 1297 540 1348 καὶ
571 1293 830 1364 δύναμις,
879 1294 1057 1348 πάντα
1090 1296 1147 1347 ὲν
1180 1295 1345 1366 ἑαυτῇ
1397 1297 1806 1369 περιείργουσα,

232 1385 398 1438 τόπον
439 1384 640 1455 ἑαυτῆς
671 1385 762 1437 καὶ
805 1385 1039 1456 χώρημα
1079 1391 1310 1440 ποιεῖται
1364 1387 1473 1440 τῶν
1509 1389 1812 1459 δεχομένων

235 1474 333 1547 τὴν
374 1474 735 1546 καθαρότητα,
767 1476 828 1527 ’ὲν
860 1469 941 1537 οἷς
975 1477 1006 1529 ό
1039 1476 1326 1542 πολυειδῶς
1351 1479 1439 1532 διὰ
1463 1479 1568 1534 τῶν
1600 1483 1812 1554 ἀρετῶν

223 1566 649 1637 ’γεωργούμενος
679 1567 875 1636 κῆπος,
911 1568 1054 1638 κομᾷ
1083 1568 1181 1638 μὲν
1207 1573 1317 1633 ταῖς
1344 1572 1451 1624 τῶν
1482 1575 1681 1646 κρίνων
1715 1577 1810 1630 άν-

239 1659 375 1720 θεσι,
411 1657 563 1727 βρύει
590 1657 645 1710 δὲ
676 1659 740 1727 τῇ
765 1657 873 1710 τῶν
899 1658 1207 1730 ἀρωμάτων
1221 1665 1576 1735 καρπογονίᾳ.
1602 1666 1680 1720 Τά
1715 1669 1812 1738 μὲν

243 1750 342 1818 γάρ
383 1748 547 1820 κρίνα
582 1747 675 1800 τοῦ
715 1749 968 1819 λαμπροῦ
1016 1751 1108 1805 καὶ
1153 1752 1393 1823 καθαροῦ
1443 1757 1540 1826 τῆς
1577 1756 1811 1823 διανοίας

233 1837 465 1909 αἴνιγμα
497 1839 706 1907 γίνεται
731 1857 744 1869 “
797 1841 832 1909 ή
876 1840 932 1892 δὲ
973 1841 1081 1893 τῶν
1119 1843 1425 1912 ἀρωμάτων
1466 1845 1708 1911 εῦπνοια,
1752 1850 1813 1902 τὸ

239 1931 417 2001 πάσης
451 1931 732 2001 ἁμαρτιῶν
748 1930 1005 1994 δυσωδίας
1033 1932 1324 2006 ἀλλοτρίως
1349 1936 1513 2005 ἔχειν.
1542 1933 1816 2005 Τοιὸύτοις

235 2017 324 2073 οὖν
354 2037 489 2089 φησι
516 2021 607 2074 τὸν
635 2021 744 2073 τῶν
772 2023 1004 2090 λογικῶν
1027 2027 1322 2098 ἐπιστάτην
1345 2030 1610 2099 ποιμνίων
1635 2033 1818 2086 ἐνανα-

237 2112 600 2182 στρέφεσθαι,
655 2115 711 2165 ἐν
745 2115 842 2183 μὲν
877 2117 989 2178 τοῖς
1030 2119 1228 2187 κήποις
1267 2119 1596 2187 νομεύοντα,
1656 2123 1723 2176 τὰ
1758 2124 1818 2177 δὲ

239 2204 398 2275 κρίνα
431 2204 568 2275 πρὸς
591 2204 688 2275 τὴν
711 2205 818 2258 τῶν
846 2207 1130 2277 προϐάτων
1155 2210 1448 2284 διατροφὴν
1477 2213 1730 2285 κείροντά
1757 2233 1818 2270 τε

223 2297 328 2348 καὶ
370 2295 697 2364 συλλέγοντα
718 2314 729 2325 ο
781 2297 925 2369 άπερ
952 2298 1040 2352 διὰ
1066 2301 1160 2354 τοῦ
1199 2304 1433 2372 μεγάλου
1468 2305 1678 2360 Παύλου
1707 2314 1820 2372 τοῖς

243 2387 533 2457 προεάτοις
565 2387 851 2457 προτίθησι
879 2389 974 2441 τοῦ
1004 2392 1064 2443 ὲκ
1084 2392 1180 2461 τῆς
1205 2394 1353 2458 θείας
1379 2396 1661 2468 άποθήκης
1680 2416 1808 2471 προ-

225 2477 526 2540 ·6άλλοντος
561 2479 691 2547 ἡμῖν
732 2477 834 2548 τὴν
865 2480 928 2531 ὲκ
955 2481 1062 2533 τῶν
1099 2485 1652 2559 κρίνων-διατροφήν*
1704 2489 1820 2543 ἔστι

237 2567 288 2620 δὲ
316 2567 524 2632 ταῦτα,
566 2570 666 2622 ὃσα
711 2570 921 2643 ἀληθῆ,
969 2572 1071 2626 ὅσα
1102 2574 1304 2646 σεμνὰ,
1349 2577 1448 2630 ὃσα
1478 2577 1691 2642 δίκαια,
1721 2581 1822 2634 ὅσα

243 2658 545 2729 προσφιλῆ,
580 2661 676 2714 ὅσα
709 2662 859 2730 ἆγια,
882 2666 982 2718 ὅσα
1033 2664 1283 2736 εῦφημα·
1315 2665 1370 2718 ετ
1395 2685 1479 2730 τις
1513 2669 1702 2740 ἀρετὴ,
1728 2673 1824 2725 καὶ

241 2751 286 2802 at
307 2767 398 2812 τις
427 2749 666 2816 ἔπαινος.
713 2755 899 2810 Ταῦτά
937 2759 1074 2820 ἐστι,
1100 2758 1240 2812 κατά
1270 2776 1332 2828 γε
1359 2761 1448 2813 τὸν
1472 2761 1604 2830 ἐμὸν
1641 2763 1818 2831 λόγον,

241 2841 306 2894 τά
339 2841 506 2912 κρίνα
551 2837 631 2907 οἷς
669 2845 1015 2918 διατρέφεται
1049 2850 1200 2919 παρά
1233 2850 1324 2902 τοῦ
1364 2850 1530 2906 καλοῦ
1568 2854 1824 2924 ποιμένος

237 2947 295 2985 τε
333 2934 434 2986 καὶ¹
465 2933 784 2990 διδασκάλου
813 2939 872 2991 τὸ
898 2940 1167 3010 ποίμνιον.

1913 557 2083 628 cipit,
2127 557 2274 627 quod
2316 557 2410 627 qui
2455 559 2696 627 recepit,
2736 559 3100 614 exbilaratur.
3147 559 3278 626 Qua:
3321 577 3488 631 porro

1913 659 2252 718 sequuntur,
2275 649 2520 703 indicant
2536 649 2849 716 cuiusmodi
2878 651 3099 719 pascuis
3127 665 3320 721 greges
3345 667 3488 722 prte-

1913 741 2045 796 clari
2080 741 2226 796 illius
2260 741 2495 811 pastoris
2533 742 2916 812 pinguescant.
2945 740 3063 797 Non
3093 743 3241 796 enim
3273 744 3366 799 ille
3391 747 3490 800 de-

1915 841 2062 888 serta
2097 832 2346 902 quaedam
2399 833 2468 887 ad
2512 834 2631 888 loca
2678 834 3010 903 spinosaque
3038 833 3208 904 abigit
3236 848 3399 920 oves,
3431 844 3491 890 ut

1915 939 2140 992 gramen
2193 923 2530 994 decerpant;
2582 923 2680 979 sed
2737 923 2846 979 cibi
2893 925 3014 978 loco
3067 925 3147 978 eis
3202 924 3491 979 hortorum

1915 1023 2157 1069 aromata
2210 1016 2502 1085 proponit,
2553 1025 2608 1069 et
2650 1029 2750 1084 pro
2796 1015 3046 1084 gramine
3090 1014 3296 1080 lilium,
3347 1016 3494 1084 quod

1913 1107 2132 1175 quidem
2165 1107 2341 1176 ipsum
2376 1108 2454 1161 ait
2483 1121 2511 1160 a
2547 1117 2767 1177 pastore
2811 1107 2877 1160 ad
2909 1106 3154 1164 .alendas
3198 1124 3329 1163 oves
3373 1108 3494 1162 col-

1915 1197 2035 1264 ligi.
2067 1196 2279 1262 Quibus
2314 1198 2495 1253 verbis
2542 1198 2892 1267 signiﬁcatur
2918 1213 3050 1254 sane
3076 1214 3240 1269 quam
3271 1201 3494 1270 sapien-

1913 1297 2016 1356 ter,
2047 1297 2302 1345 naturam
2349 1290 2497 1345 illam
2547 1305 2613 1345 ac
2660 1299 3018 1359 potestatem,
3069 1307 3202 1366 quae,
3236 1292 3494 1347 universa

1882 1384 2300 1453 complectitur
2345 1393 2400 1440 et
2447 1384 2730 1449 continet,
2789 1385 2977 1438 locum
3021 1393 3073 1438 et
3111 1385 3348 1453 spatium
3389 1382 3496 1437 sibi

1914 1475 2256 1545 constituere
2301 1475 2516 1530 illorum
2563 1476 2618 1529 iu
2670 1476 2946 1544 puritate,
2980 1477 3072 1544 qui
3122 1477 3301 1544 ipsum
3351 1475 3497 1530 reci-

1918 1567 2072 1635 piunt
2097 1606 2110 1631 ,
2141 1578 2195 1621 et
2225 1568 2279 1621 in
2325 1569 2525 1636 quibus
2570 1567 2954 1636 multipliciter
2985 1567 3282 1621 virtutibus
3306 1567 3498 1622 excul-

1915 1667 2005 1714 tus
2051 1661 2248 1715 hortus
2298 1660 2535 1713 liliorum
2580 1658 2808 1712 ﬁoribus
2855 1658 3034 1729 riget,
3079 1666 3498 1727 aromatumque

1917 1748 2128 1804 fructus
2153 1750 2410 1821 copiosos
2440 1748 2638 1802 fundit.
2675 1748 2806 1802 Nam
2842 1748 2952 1802 lilia
2987 1748 3206 1818 quidem
3239 1748 3498 1818 splendo-

1917 1843 1994 1898 ris
2027 1851 2079 1897 et
2110 1843 2368 1912 puritatis
2419 1841 2474 1896 in
2521 1848 2704 1900 mente
2737 1839 3012 1908 quoddam
3045 1841 3276 1909 aenigma
3320 1849 3451 1894 sunt
3479 1856 3496 1901 ;

1917 1943 2228 1989 aromatum
2261 1949 2390 1988 vero
2441 1932 2742 2002 fragrantia
2785 1933 3056 2001 signiﬁcat
3094 1931 3436 1986 aﬁ‘ectiouem
3467 1946 3499 1984 a

1919 2025 2114 2081 faetore
2140 2035 2490 2096 peccatorum
2516 2025 2922 2078 abhorrentem.
2947 2025 3002 2077 lu
3023 2023 3108 2078 his
3134 2037 3267 2093 ergo
3292 2022 3500 2076 versari

1918 2118 2052 2172 dicit
2079 2131 2241 2179 eum,
2267 2116 2361 2185 qui
2403 2116 2619 2170 ratione
2663 2115 2913 2185 praeditis
2958 2116 3218 2186 gregibus
3263 2123 3500 2184 praeest:

1922 2215 2238 2276 pascentem
2273 2207 2330 2261 in
2369 2208 2586 2273 hortis,
2632 2216 2683 2261 et
2725 2207 2839 2260 lilia
2880 2205 3296 2275 decerpeutem,
3347 2207 3505 2260 colli-

1921 2309 2250 2368 gentemque
2278 2299 2333 2353 in
2367 2299 2557 2354 cibum
2585 2299 2768 2354 ovium
2798 2318 2810 2353 :
2841 2314 2965 2367 qua:
2993 2297 3213 2368 quidem
3243 2299 3356 2367 ipsa
3388 2300 3507 2352 ori-

1921 2389 2024 2443 bus
2078 2389 2259 2458 magni
2304 2387 2460 2443 Pauli
2514 2403 2682 2458 opera
2733 2389 3028 2459 pr0ponit,
3062 2389 3154 2458 qui
3201 2389 3268 2442 de
3316 2389 3506 2443 divino

1923 2493 2067 2549 penu
2099 2481 2282 2534 cibum
2320 2480 2466 2533 hunc
2495 2495 2563 2534 ex
2592 2481 2724 2534 liliis
2755 2488 3078 2549 congestqu
3108 2480 3266 2536 nobis
3292 2481 3505 2549 objicit.

1924 2569 2058 2625 Nam
2115 2571 2229 2626 lilia
2278 2571 2455 2641 putari
2505 2571 2738 2634 debent,
2787 2587 3136 2641 quaecunque
3190 2589 3317 2628 vera
3342 2583 3506 2637 sunt,

1924 2677 2265 2733 quaecunque
2290 2662 2515 2716 honesta
2536 2703 2550 2727 ,
2577 2677 2924 2731 quaecunque
2944 2661 3093 2732 justa
3116 2703 3131 2726 ,
3161 2679 3510 2734 quaecunque

1926 2769 2059 2825 pura
2079 2794 2094 2818 ,
2123 2769 2466 2823 quaecumque
2491 2753 2768 2814 amabilia,
2795 2769 3142 2822 quaecunque
3174 2755 3299 2808 boni
3330 2756 3510 2809 nolui-

1926 2849 2054 2903 nis:
2085 2848 2130 2901 si
2157 2862 2262 2916 qua
2295 2847 2506 2908 virtus,
2543 2857 2598 2900 et
2623 2845 2672 2898 si
2697 2860 2804 2914 qua
2837 2846 2958 2898 laus
2992 2846 3057 2899 ⁸⁸.
3092 2845 3218 2900 llaec
3243 2855 3373 2901 sunt
3405 2848 3508 2918 (ut

1925 2938 2178 3009 equidem
2209 2937 2490 3006 arbitror)
2535 2936 2684 2999 lilia,
2732 2937 2936 3005 quibus
2980 2939 3050 2990 ab
3097 2937 3194 2993 illo
3242 2939 3510 3008 praclaro

1929 3038 2151 3100 pastore
2178 3043 2242 3084 ac
2270 3029 2534 3100 magistro
2565 3027 2884 3082 nutriuntur
2911 3044 3124 3099 greges.

322 3110 388 3163 '0
415 3111 472 3164 δὲ
503 3114 702 3185 ἐφεξῆς
734 3116 914 3186 λόγος,
957 3119 1016 3173 ὃν
1049 3122 1083 3191 ή
1130 3122 1350 3192 καθαρά
1377 3125 1472 3178 καὶ
1497 3126 1822 3196 ἀκηλίδωτος

2001 3121 2135 3187 Quae
2168 3128 2350 3176 autem
2385 3129 2696 3190 sequuntur
2729 3121 2896 3174 verba
2919 3161 2933 3183 ,
2971 3122 3181 3191 prolata
3218 3135 3246 3175 a
3280 3136 3418 3191 pura
3453 3131 3510 3177 et

233 3199 432 3272 ¹νύμφη
465 3205 758 3273 πεποίηται
788 3206 1019 3275 λέγουσα
1044 3226 1057 3240 ·
1093 3211 1233 3282 Ἐγὼ
1247 3211 1328 3278 τῷ
1353 3215 1654 3284 ἀδελφιδῷ
1680 3237 1822 3286 μου,

243 3293 340 3345 καὶ
391 3296 436 3359 ὀ,
460 3295 784 3365 ἀδελφιδός
813 3317 934 3368 μου
971 3301 1104 3369 ἐμοι
1122 3320 1135 3333 ·
1201 3304 1381 3359 κανὼν
1437 3307 1530 3360 καὶ
1563 3309 1686 3379 ὅρος
1727 3312 1828 3380 τῆς

243 3387 364 3439 κατ’
396 3387 600 3458 ἀρετήν
633 3389 751 3442 ὲστι
787 3392 1140 3464 τελειότητος.
1195 3397 1556 3469 Μανθάνομεν
1599 3403 1708 3474 γὰρ
1739 3404 1826 3458 διὰ

235 3475 475 3539 τούτων,
518 3478 579 3530 τὸ
615 3479 689 3551 μὴ
737 3481 844 3534 δεῖν
875 3482 1014 3554 πλὴν
1048 3484 1138 3537 τοῦ
1163 3485 1296 3540 Θεοῦ
1338 3490 1501 3560 μηδὲν
1549 3493 1608 3546 ὲν
1649 3494 1827 3565 ἐαυτῷ

241 3565 414 3633 ἔχειν,
445 3567 578 3637 μηδὲ
608 3568 742 3639 πρὸς
769 3570 897 3624 ἄλλο
926 3590 979 3625 τι
1015 3573 1232 3642 βλέπειν
1281 3579 1382 3649 τὴν
1409 3582 1826 3654 κεκαθαρμένην

237 3655 429 3726 ψυχήν
454 3673 469 3686 ο
521 3659 636 3711 ἀλλ’
659 3659 832 3725 οὕτως
860 3664 1055 3736 ἑαυτὴν
1088 3669 1388 3740 ὲκκαθάραι
1412 3673 1611 3738 παντὸς
1642 3675 1825 3730 ὑλικοῦ

240 3748 576 3817 πράγματός
603 3767 662 3802 τε
703 3752 797 3804 καὶ
826 3755 1115 3824 νοήματος,
1143 3758 1219 3822 ῶς
1249 3761 1376 3832 ὃλην
1411 3763 1478 3817 δι’
1509 3764 1630 3818 ὄλου
1659 3784 1828 3837 μετα-

239 3837 498 3932 τεθείσαν
697 3843 756 3896 τὺ
793 3847 982 3915 νοητόν
1012 3865 1069 3902 τε
1105 3851 1197 3904 καὶ
1221 3853 1399 3912 άῦλον.
1426 3856 1828 3932 ἐναργεστάτην

237 3927 434 4018 εἰκόνα
458 3927 554 3980 τοῦ
584 3931 891 4001 ἀρχετύπου
913 3937 1140 4003 κάλλους
1161 3943 1358 4014 ἑαυτὴν
1387 3927 1824 4018 ἀπεργάσασθαι.

237 4017 354 4113 dici
386 4017 580 4113 ῶσπερ
617 4024 646 4075 ό
675 4025 766 4077 ἐπὶ
802 4025 904 4113 τοῦ
950 4029 1177 4095 πίνακος
1220 4033 1341 4088 ἰδὼν
1383 4037 1734 4113 τὴνγραφὴν
1760 4044 1827 4096 δι’

233 4109 538 4202 ἀκριϐείας
566 4114 703 4184 πρὸς
742 4105 842 4187 τῆν
885 4117 978 4171 τοῦ
1009 4121 1318 4192 ἀρχετύπου
1364 4105 1824 4202 μεμορφωμένην.

235 4200 381 4269 μίαν
411 4203 736 4274 ἀμφοτέρων
764 4203 1015 4280 εἶναιτὴν
1047 4215 1260 4287 μορφὴν
1277 4200 1829 4290 ἀποφαίνεται,καὶτὸ

237 4294 338 4346 ἐπὶ
375 4293 481 4364 τῆς
507 4295 712 4359 εἰκόνος
737 4298 929 4362 κάλλος
953 4301 1048 4355 τοῦ
1073 4307 1428 4376 πρωτοτύπου
1458 4310 1632 4381 λέγων
1666 4311 1826 4381 εἶναι,

237 4385 339 4479 καὶ
375 4384 443 4436 τὸ
477 4385 784 4479 ἀρχέτυπον
817 4392 1061 4462 ἐναργῶς
1093 4395 1151 4450 ἐν
1179 4397 1258 4468 τῷ
1291 4403 1565 4472 μιμήματι
1597 4407 1832 4479 καθορᾶ-

240 4471 412 4525 σθαι·
603 4476 764 4530 αὐτὸν
800 4480 998 4550 τρόπον
1036 4485 1070 4553 ή
1121 4487 1377 4553 εἰποῦσα,
1422 4471 1515 4544 ότι
1564 4492 1706 4564 Ἐγὼ
1736 4471 1834 4563 ’τῷ
1867 4485 1908 4540 1)

229 4563 740 4660 ὀδελφιδῷᾼμου,
769 4571 867 4623 καὶ
904 4574 938 4626 δ
964 4573 1288 4644 asangm
1311 4598 1431 4647 μου
1471 4563 1637 4650 έιιοίέ
1692 4603 1829 4660 συμο-

233 4654 650 4727 μεμορφῶσθαι
684 4657 833 4726 λέγει
862 4659 942 4730 τῷ
961 4663 1198 4734 Χριστῷ,
1229 4665 1288 4718 τὸ
1315 4668 1444 4721 ίδιον
1474 4671 1667 4736 κάλλος
1697 4654 1834 4730 ἀτέο-

235 4743 519 4836 λαόοῦσα,
542 4745 639 4817 τὴν
658 4747 880 4819 πρώτην
901 4751 996 4821 τῆς
1022 4751 1235 4821 φύσεως
1257 4757 1411 4828 ἡμῶν
1430 4765 1832 4836 μακαριότητα,

237 4838 369 4889 κατ’
404 4835 593 4891 είκόνα
636 4839 732 4892 καὶ
776 4841 1032 4911 ὁμοίωσιν
1069 4845 1162 4898 τοῦ
1199 4847 1413 4919 πρώτου
1461 4853 1688 4921 κάλλους
1730 4835 1829 4912 τοῦ

234 4926 509 4998 ἀληθινοῦ
546 4930 640 4982 καὶ
688 4931 849 5004 μόνου
891 4933 1242 5006 ὼραῖσθεῖσα.
1299 4942 1410 4996 Καὶ
1447 4940 1560 5000 οἷον
1603 4949 1694 5003 ἐπὶ
1736 4951 1831 5005 τοῦ
1881 4985 1884 4988 ~

236 5019 564 5091 κατόπτρου
588 5021 815 5092 γίνεται,
840 5026 968 5081 ὅταν
987 5030 1248 5101 τεχνικῶς
1276 5051 1337 5088 τι
1365 5037 1460 5091 καὶ
1484 5039 1835 5112 καταλλήλως

233 5112 312 5205 τῇ
342 5112 514 5205 χρεία
533 5119 1109 5194 κατεσκευασμένονῇ,
1128 5124 1188 5176 ἐν
1209 5125 1425 5200 καθαρᾷ
1447 5131 1513 5201 τῇ
1540 5132 1832 5205 ἐπιφανείᾳ

234 5201 314 5296 δι’
349 5204 638 5276 ἀκριϐείας
663 5211 722 5264 ὲν
749 5211 926 5284 ἑαυτῷ
950 5210 1112 5282 δείξει
1150 5217 1244 5271 τοῦ
1293 5201 1653 5291 ἐπιφανέντος
1670 5201 1833 5296 προσ)

237 5293 406 5348 όνπου
419 5298 512 5389 τον
525 5304 870 5374 χαρακτῆραο
884 5305 1056 5372 οὕτως
1076 5309 1271 5383 ἑαυτὴν
1293 5311 1328 5381 ἠ
1354 5313 1496 5386 ψυχὴ
1513 5293 1836 5389 προσφόρως

239 5389 316 5456 τῇ
359 5388 519 5458 χρείᾳ
544 5396 1022 5463 κατασκευάσασα,
1056 5403 1149 5454 καὶ
1181 5405 1358 5457 πᾶσαν
1391 5405 1580 5477 ὐλικὴν
1603 5388 1834 5482 ἀπορρι-

234 5479 477 5548 φαμένη
520 5484 730 5552 κηλίδα,
783 5489 1022 5562 καθαρὸν
1053 5493 1146 5547 τοῦ
1184 5496 1462 5568 ἀκηράτου
1510 5479 1836 5566 κάλλους-ὲν

237 5572 425 5644 ἑαυτῇ
463 5574 524 5626 τὸ
569 5573 708 5637 εἶδος
735 5581 1139 5640 ἀνετυπὼινατο.
1198 5587 1358 5654 Λέγει
1391 5585 1484 5644 οὖν
1521 5591 1618 5662 τὴν
1651 5593 1835 5666 φωνὴν

323 5745 378 5778 ⁸³
426 5745 660 5823 Philipp.
691 5767 765 5818 ιν,
794 5753 860 5824 8.,

1933 3213 2074 3270 labis
2109 3213 2290 3268 omnis
2340 3225 2563 3282 experte
2591 3227 2827 3282 sponsa,
2855 3226 2979 3266 eum
3013 3214 3120 3266 ait:
3153 3211 3266 3283 Ego
3290 3223 3512 3283 cognato

1933 3321 2070 3364 meo,
2097 3314 2146 3358 et
2171 3316 2427 3374 cognatus
2452 3320 2598 3358 meus
2626 3303 2755 3356 mihi
2783 3319 2796 3356 :
2822 3303 2937 3358 haec
2972 3305 3135 3374 igitur
3165 3321 3355 3360 norma
3385 3316 3514 3361 sunt

1933 3411 2000 3450 ac
2048 3395 2224 3450 finitio
2257 3395 2506 3465 quaedam
2554 3394 2735 3450 omnis
2783 3395 2839 3448 in
2886 3397 3089 3450 virtute
3134 3397 3510 3466 perfectionis.

1933 3487 2069 3542 Nam
2122 3503 2190 3543 ex
2248 3489 2336 3543 his
2383 3487 2689 3551 discimus,
2746 3489 2882 3541 nihil
2934 3488 3095 3543 nobis
3143 3490 3267 3544 esSe
3318 3498 3517 3560 praeter

1936 3579 2105 3635 Deum
2139 3579 2374 3642 debere,
2427 3594 2606 3648 neque
2648 3580 2848 3632 animae
2894 3579 3197 3648 puriﬁcata:
3237 3581 3402 3634 ullam
3443 3581 3513 3636 ad

1937 3686 2053 3726 rem
2083 3672 2247 3724 aliam
2283 3669 2688 3739 respiciendum
2719 3685 2881 3735 esse;
2912 3669 3005 3724 sed
3038 3670 3237 3724 debere
3265 3672 3404 3725 hanc
3440 3674 3512 3726 ita

1935 3780 1995 3820 se
2023 3765 2092 3818 ab
2119 3764 2377 3817 omnibus
2407 3762 2615 3816 crassis
2647 3770 2754 3814 tam
2789 3762 2989 3826 rebus,
3021 3775 3186 3830 quam
3219 3763 3514 3831 cogitatio-

1934 3855 2099 3909 nibus
2123 3866 2467 3922 expurgare,
2503 3859 2560 3904 ut
2591 3857 2706 3904 tota
2741 3851 3009 3904 translata
3042 3866 3272 3920 prorsus
3307 3853 3373 3906 ad
3409 3861 3513 3907 sta-

1935 3957 2050 4000 tum
2078 3986 2094 4011 ,
2125 3960 2288 4014 quem
2314 3944 2515 3999 mentis
2542 3941 2901 4012 intelligentia
2936 3944 3276 4014 percipimus
3296 3985 3308 4008 ,
3336 3954 3388 3999 et
3418 3961 3512 4015 qui

1935 4039 2180 4093 omnium
2221 4050 2536 4092 crassarum
2582 4051 2768 4090 rerum
2795 4048 3005 4106 expers
3041 4043 3164 4103 est,
3203 4036 3514 4093 illustrissi-

1937 4146 2085 4185 mum
2137 4144 2201 4183 ex
2245 4144 2306 4183 se
2336 4127 2656 4198 primigenae
2697 4128 3126 4197 pulchritudinis
3157 4131 3514 4188 simulacrum

1934 4223 2152 4278 elliciat.
2177 4222 2353 4292 thue
2379 4222 2447 4284 is,
2474 4223 2567 4292 qui
2597 4222 2649 4275 in
2679 4222 2863 4276 tabula
2888 4221 3157 4292 picturam
3192 4225 3334 4279 videt
3359 4241 3518 4288 accu-

1937 4323 2057 4369 rate
2079 4313 2483 4368 conformatam
2513 4311 2580 4366 ad
2611 4313 2970 4383 archetypum
2990 4352 3006 4378 ,
3032 4329 3196 4367 unam
3227 4316 3515 4387 utriusque

1939 4405 2169 4461 formam
2204 4420 2328 4459 esse
2364 4403 2719 4472 pronuntiat,
2755 4405 3012 4473 imaginis
3047 4406 3512 4474 pulchritmliuem

1937 4500 2109 4570 ipsam
2166 4512 2290 4552 esse
2345 4496 2624 4566 archetypi
2675 4496 3137 4566 pulchritudinem
3192 4499 3404 4565 dicens,
3461 4512 3516 4557 ct

1939 4594 2298 4664 archetypum
2351 4591 2404 4645 in
2461 4590 2760 4646 simulacro
2796 4593 2944 4647 clare
2996 4594 3240 4665 conspici
3276 4615 3288 4650 :
3321 4597 3513 4652 eodem

1938 4686 2102 4740 modo
2139 4685 2305 4740 etiam
2344 4683 2478 4747 haec,
2505 4699 2629 4754 qua:
2659 4684 2909 4755 ait.‘Ego
2940 4697 3160 4756 cognato
3188 4706 3320 4756 meo,
3354 4702 3403 4745 et
3425 4709 3516 4746 co-

1937 4785 2129 4846 gnatus
2159 4792 2304 4828 meus
2330 4775 2495 4830 mihi:
2520 4777 2984 4846 pulchritudinem
3019 4794 3175 4833 suam
3206 4785 3520 4838 conforma-

1938 4875 2048 4922 tam
2083 4866 2150 4920 ad
2176 4866 2380 4921 Christi
2411 4869 2696 4938 exemplar
2729 4869 2885 4934 dicit,
2916 4880 3272 4942 posteaquam
3307 4885 3520 4932 natum

1940 4967 2146 5014 nostra:
2177 4959 2409 5029 primam
2457 4960 2850 5016 beatitudinem
2883 4965 3246 5034 recuperarit,
3286 4982 3406 5037 qua:
3449 4968 3519 5024 ad

1939 5050 2230 5119 imaginem
2279 5050 2810 5121 similitudinemque
2843 5053 3108 5124 principis
3140 5063 3196 5109 et
3223 5058 3397 5111 unicae
3427 5073 3522 5112 ve-

1938 5156 2123 5212 raeque
2150 5141 2578 5211 pulchritudinis
2616 5153 2809 5197 ornata
2837 5153 2975 5199 erat.
3019 5146 3097 5201 Ac
3120 5146 3287 5201 veluti
3320 5163 3520 5218 specu-

1940 5234 2052 5288 lum
2103 5232 2400 5288 artiﬁciose
2442 5241 2496 5287 et
2547 5233 2612 5287 ad
2665 5250 2825 5288 usum
2884 5235 3080 5290 idonee
3119 5246 3517 5307 comparatum,

1939 5339 2076 5395 pura
2132 5325 2188 5377 in
2243 5325 2536 5394 superlicie
2594 5325 2891 5379 incidentis
2945 5324 3102 5379 faciei
3145 5325 3517 5380 characterem

1939 5420 2198 5468 accurate
2245 5413 2416 5468 refert
2459 5433 2472 5468 :
2511 5414 2590 5469 sic
2637 5400 2992 5484 posteaquam
3042 5414 3223 5468 anima
3281 5415 3516 5483 seipsam

1939 5503 2137 5561 idonee
2184 5507 2546 5576 comparavit.
2595 5521 2925 5576 omnemque
2968 5507 3094 5560 vitae
3134 5507 3298 5575 hujus
3341 5505 3518 5560 labem

1939 5597 2142 5669 abiecit
2170 5617 2185 5654 :
2221 5614 2422 5680 puram.
2462 5600 2797 5683 incorrupta:
2825 5597 3252 5676 pulchritudinis
3277 5594 3522 5668 speciem
