3996 6196
523 275 665 332 1095
1752 271 1813 331 S.
1853 271 2178 332 GREGORII
2209 269 2504 333 NYSSENI
3581 283 3695 342 l096

523 386 845 457 sibimetipsi
882 387 1166 458 imprimit.
1204 385 1384 454 Quare
1418 389 1642 444 verbum
1678 389 1781 443 hoc
1807 405 1836 444 a
1873 389 2095 459 speculo

2129 394 2169 446 Α
2199 388 2424 459 ταύτην,
2447 390 2508 442 τὸ
2536 386 2912 459 προαιρετικόν
2946 397 3006 440 τε
3045 382 3137 441 καὶ
3173 378 3398 460 ἔμψυχον
3421 387 3695 467 κάτοπτρον,

524 481 617 535 illo
682 479 976 532 voluntatis
1035 479 1303 534 electione
1350 479 1577 550 przcdito
1639 487 1802 550 atque
1851 481 2091 534 animato

2193 479 2502 552 ὄτιἙπειδὴ
2520 480 2595 551 τῷ
2619 479 2801 550 κύκλῳ
2828 479 2938 548 ἐγὼ
2959 479 3064 550 ὅλῳ
3089 479 3146 533 τδ
3172 481 3261 534 τοῦ
3288 476 3543 552 ἀδελφιδοῦ
3562 490 3698 559 πρόσ-

523 572 837 643 profertur:
871 570 1232 640 Posteaquam
1280 579 1395 625 toto
1425 571 1556 625 orbe
1593 586 1714 626 meo
1755 572 1973 642 cognati
2010 571 2091 626 l’a-

2193 587 2338 622 ωπον
2373 569 2584 639 βλέπων
2622 569 2717 623 διὰ
2745 569 2902 623 τοῦτο
2933 571 3052 623 ὅλον
3087 571 3180 640 τῆς
3216 572 3411 625 ἐκείνου
3445 579 3627 647 μορφῆς
3651 579 3698 633 τδ

521 666 662 720 ciem
712 663 951 725 intueor.
996 678 1094 732 per
1150 663 1252 716 hoc
1296 663 1474 731 ipsum
1525 670 1637 717 tota
1685 662 1872 718 formae
1914 664 2091 732 ipsius

2192 661 2382 724 κάλλος
2408 664 2464 714 ὲν
2494 662 2616 732 ἐμοὶ
2641 661 2961 732 καθορᾶται.
2990 661 3201 727 Ταύτας
3221 663 3463 734 ἄντικρυς
3498 659 3697 736 μιμεῖται

521 764 786 814 venustas
817 757 871 810 in
903 771 990 810 me
1013 755 1376 824 conspicitur.
1418 755 1595 824 Atque
1625 755 1725 808 has
1758 768 1920 810 voces
1949 753 2086 808 Pau-

2189 752 2288 815 τὰς
2319 753 2500 821 φωνὰς
2517 753 2545 804 6
2568 751 2798 816 Παῦλος,
2833 751 3005 819 λέγων
3027 751 3104 822 τῷ
3127 752 3241 821 Θεῷ
3266 751 3378 823 ζῇν,
3400 755 3426 804 6
3450 755 3615 824 νεκρὸς
3640 757 3697 828 τῷ

524 850 613 904 lus
661 848 910 902 imitatur
945 846 1277 908 clarissime,
1322 860 1446 899 cum
1477 846 1553 899 ait
1587 861 1646 900 se
1689 844 1800 900 Deo
1835 845 2086 910 vivendo,

2191 845 2379 914 κόσμῳ
2406 843 2713 913 γενόμενος,
2743 843 2836 895 καὶ
2869 842 2952 896 ὅτι
2986 845 3043 896 ἐν
3068 840 3299 914 αύτῷζῇ
3333 847 3360 896 6
3387 846 3592 915 Χριστὸς
3625 850 3698 917 μό-

522 948 798 994 mortuum
833 936 1037 992 mundo
1067 935 1270 990 factum
1300 952 1424 991 esse
1457 955 1470 991 :
1501 937 1787 1006 solumque
1812 935 2088 991 Christum

2192 951 2298 997 νος.
2339 933 2397 986 ὐ
2421 932 2530 1004 γὰρ
2554 931 2740 999 εἰπὼν,
2768 935 2848 987 ὅτι
2885 932 3047 1001 Ἐμοὶ
3067 933 3132 986 τὸ
3156 933 3262 1001 ζῇν
3288 937 3551 1003 Χριστός·
3579 939 3698 994 1051's

522 1035 578 1086 in
615 1047 675 1086 se
701 1031 882 1085 vivere
906 1030 972 1086 “.
1003 1027 1138 1092 Nam
1168 1043 1292 1082 cum
1317 1028 1474 1092 dicit,
1499 1027 1634 1081 Mihi
1655 1029 1824 1082 vivere
1849 1026 2090 1082 Christus

2193 1025 2280 1078 διὰ
2305 1025 2400 1078 τοῦ
2430 1025 2586 1091 λόγου
2614 1024 2734 1096 βοᾷ,
2763 1026 2841 1078 ὅτι
2877 1025 3027 1078 οὐδὲν
3056 1025 3161 1079 τῶν
3197 1026 3531 1096 ἀνθρωπίνων
3561 1048 3608 1083 τε
3631 1033 3701 1085 καὶ

518 1129 597 1175 est
627 1121 674 1152 ⁷ο
709 1127 962 1174 :tantum
1019 1132 1129 1173 non
1173 1117 1377 1172 clamat
1423 1118 1491 1172 iis
1539 1119 1742 1182 verbis,
1797 1119 2002 1172 nullam
2037 1119 2091 1171 in

2195 1119 2397 1171 ύλικῶν
2425 1118 2765 1188 παθημάτων
2788 1118 2846 1170 ἐν
2867 1117 3017 1189 αὐτῷ
3042 1115 3130 1189 ζῇ,
3158 1117 3280 1170 οὔτε
3308 1120 3480 1190 ἡδονὴ,
3503 1120 3609 1174 οὔτε
3633 1122 3702 1175 λύ-

521 1215 642 1280 lpso
669 1209 1016 1264 ali'cctionem
1042 1209 1338 1263 humanam
1374 1224 1727 1280 crassamque
1751 1210 1954 1275 vivere,
1983 1225 2091 1267 non

2193 1236 2292 1287 πη,
2324 1215 2448 1270 οὔτε
2476 1213 2665 1285 θυμὸς,
2696 1214 2819 1268 οὕτε
2852 1212 3034 1282 φόϐος,
3076 1209 3197 1268 ούτε
3221 1213 3402 1278 δειλία,
3425 1215 3537 1268 οὔτε
3570 1216 3703 1286 πτόη-

521 1303 880 1371 volnptatem,
912 1316 1020 1354 non
1059 1300 1326 1364 dolorem,
1374 1317 1480 1355 non
1525 1301 1682 1365 iram,
1718 1317 1828 1356 non
1864 1309 2090 1367 metum,

2195 1326 2298 1375 σις,
2328 1306 2452 1362 οὔτε
2481 1308 2667 1377 τύφος,
2685 1305 2807 1360 οὔτε
2832 1306 3050 1378 θράσος,
3073 1307 3135 1359 οὐ
3165 1306 3506 1376 μνησικακία,
3533 1306 3585 1360 ού
3613 1307 3704 1376 φθό-

521 1409 632 1448 ηοιι
667 1392 1038 1458 timiditatem,
1078 1405 1189 1469 non
1231 1392 1674 1462 trepidationem,
1724 1408 1832 1447 non
1867 1393 2089 1456 fastum,

2192 1418 2302 1465 νος,
2327 1400 2426 1453 οὐκ
2451 1398 2725 1469 ἀμυντική
2753 1415 2835 1459 τις
2855 1396 3111 1459 διάθεσις,
3140 1396 3200 1448 ού
3228 1396 3616 1467 φιλοχρηματία,
3631 1396 3706 1449 ούιι

521 1499 630 1538 non
687 1481 996 1549 audaciam,
1056 1467 1166 1536 non
1213 1482 1539 1550 injuriarum
1593 1493 1833 1538 tenacem
1888 1497 2093 1538 memo-

2192 1492 2320 1547 ἄλλο
2357 1508 2410 1544 τι
2440 1467 2549 1543 τῶν
2587 1489 2685 1560 τὴν
2711 1467 2887 1559 ψυχὴν
2915 1487 3004 1542 διά
3041 1502 3185 1551 τινος
3214 1489 3441 1558 σχέσεως
3479 1487 3706 1557 κηλιδούν-

521 1578 681 1641 riam,
718 1590 828 1630 non
861 1575 1142 1641 invidiam,
1172 1589 1281 1629 non
1306 1574 1644 1630 aﬂectionem
1674 1575 1839 1629 animi
1871 1574 1938 1628 ad
1971 1576 2090 1630 vin-

2191 1597 2328 1633 τωνο
2368 1579 2483 1633 ἀλλ’
2525 1580 2730 1644 ἐκεῖνός
2759 1597 2848 1650 μοι
2889 1580 3048 1649 μόνος
3087 1578 3257 1642 ἐστὶν,
3295 1577 3350 1640 ὃς
3383 1576 3524 1630 οῦδὲν
3546 1576 3707 1630 τούτοιν

520 1666 746 1730 dictam,
789 1681 900 1720 non
943 1664 1256 1729 avaritiam,
1310 1681 1416 1719 non
1462 1664 1707 1730 honoris,
1757 1680 1866 1718 non
1906 1666 2093 1736 gloria:

2130 1717 2166 1742 η
2193 1671 2328 1725 ἐστί.
2361 1673 2476 1725 Πᾶν
2513 1671 2622 1742 γὰρ
2645 1671 2706 1724 τὸ
2727 1671 2833 1736 ἔξω
2859 1672 2956 1741 τῆς
2976 1672 3187 1724 ἐκείνου
3215 1668 3422 1738 φύσεως
3450 1668 3708 1739 θεωρούμε-

521 1717 1002 1822 inlisa"...
1021 1717 1029 1718 ί
1049 1717 1615 1826 (ιύίσιςιέηωζοιρέιώ,
1662 1717 1798 1826 quae
1847 1717 2090 1811 nisi};

2130 1717 2168 1776 Β
2197 1779 2286 1816 νον
2315 1717 2952 1834 ἀποξυσέψλπίούδέζ
2986 1761 3094 1833 ἔχω
3137 1763 3198 1814 ὲν
3220 1717 3454 1831 Ῐὲμαυτνῷ
3498 1717 3708 1822 τοῐοῖμὲον,

520 1847 754 1917 quadam
795 1861 925 1916 erga
957 1862 1018 1903 se
1046 1846 1333 1902 all‘ectione
1362 1847 1632 1917 polluunt,
1663 1848 1759 1904 scd
1801 1847 1954 1904 solus
1987 1847 2094 1916 (in-

2195 1850 2305 1908 οἷον
2332 1858 2389 1908 ὲν
2421 1855 2612 1926 ἐκείνῳ
2629 1855 2729 1908 οὐκ
2754 1854 2900 1907 ἐστιν
2924 1870 2937 1884 ⁸
2978 1847 3039 1906 οὗ
3061 1853 3246 1923 χάριν,
3278 1852 3397 1922 ἐμοὶ
3413 1851 3471 1903 τὸ
3497 1852 3584 1921 ζῇν
3610 1848 3712 1920 Χρι-

520 1939 660 2010 quit)
725 1940 816 1995 ille
872 1940 1006 1994 mihi
1058 1946 1344 2008 superest,
1399 1940 1491 2010 qui
1545 1940 1680 1995 nihil
1733 1949 1818 1996 est
1872 1941 2087 1994 horum.

2198 1946 2321 2010 στός
2343 1961 2359 1977 ⁸
2396 1946 2428 2017 ἢ
2462 1945 2642 2008 καθὼς
2685 1947 2726 2016 ἡ
2757 1945 2941 2016 νύμφη
2965 1960 2978 1974 ·
3024 1941 3170 2013 Ἐγὼ
3202 1942 3282 2007 τῷ
3304 1939 3581 2010 ἀδελφιδῷ
3601 1957 3709 2009 μου,

520 2031 734 2085 Etenim
806 2030 1023 2086 abrasis
1079 2031 1236 2098 quasi
1295 2030 1551 2099 poliendo
1607 2029 1912 2094 universis,
1969 2042 2092 2098 quae

2196 2038 2297 2094 καὶ
2329 2041 2362 2092 ὁ
2391 2035 2715 2108 ἁδελφιδός
2751 2055 2869 2107 μου
2901 2037 3032 2107 ἐμοι
3056 2053 3070 2067 ·
3115 2036 3146 2089 ὅ
3174 2038 3322 2090 ἐστιν
3354 2034 3616 2104 ἁγιασμὸς,
3642 2033 3711 2085 καὶ

520 2123 694 2193 ipsius
725 2123 781 2176 in
816 2128 1068 2175 naturam
1106 2137 1216 2174 non
1247 2123 1476 2184 cadunt.
1521 2121 1652 2175 nihil
1681 2121 1735 2174 in
1767 2135 1853 2175 me
1893 2120 2087 2183 habeo,

2196 2129 2525 2200 καθαρότης,
2548 2129 2640 2184 καὶ
2661 2129 2957 2200 ἀφθαρσία,
2993 2130 3087 2182 καὶ
3115 2127 3256 2198 φῶς,
3287 2126 3378 2179 καὶ
3405 2125 3624 2194 ἀλήθεια,
3643 2122 3712 2174 καὶ

520 2214 666 2284 quod
699 2227 807 2268 non
841 2214 896 2267 in
930 2213 1053 2282 ipso
1082 2213 1154 2268 sit
1193 2231 1208 2267 :
1241 2227 1414 2281 eaque
1443 2212 1511 2268 de
1538 2228 1706 2268 causa
1741 2213 1874 2266 mihi
1906 2213 2090 2267 vivere

2193 2221 2265 2274 τὰ
2309 2221 2570 2286 τοιαῦτα,
2615 2223 2716 2276 ὃσα
2768 2221 3044 2292 ποιμαίνει
3099 2221 3204 2291 τὴν
3249 2219 3385 2289 ἐμὴν
3429 2217 3602 2287 ψυχὴν,
3639 2214 3713 2267 οὐκ

518 2305 774 2359 Christus
787 2311 892 2369 est,
908 2305 1014 2370 vel,
1031 2303 1575 2374 utsponsaloqnitur,
1593 2302 1706 2372 Ego
1719 2311 1938 2373 cognato
1953 2318 2086 2367 mea,

2197 2313 2255 2366 ὲν
2281 2313 2493 2383 χόρτοις
2534 2313 2674 2365 τισὶν
2700 2311 2733 2382 ἢ
2779 2313 3074 2383 φρυγάνοις
3095 2350 3111 2376 ,
3145 2310 3267 2364 ἀλλ’
3293 2312 3350 2363 ἐν
3378 2311 3489 2370 ταῖς
3511 2306 3708 2377 λαμπρό-

518 2405 568 2450 et
597 2404 856 2466 cognatus
888 2411 1034 2450 meus
1062 2395 1213 2461 mihi,
1247 2396 1341 2465 qui
1371 2403 1456 2450 est
1493 2394 1878 2460 sanctilicatio,
1903 2402 1956 2449 et
1984 2409 2088 2464 pu-

2193 2401 2320 2473 τησι
2344 2401 2453 2456 τῶν
2476 2403 2646 2469 ἁγίων
2669 2419 2682 2432 ·
2713 2405 2745 2473 ἡ
2771 2402 2878 2474 γὰρ
2907 2402 3014 2455 τῶν
3040 2398 3248 2472 κρίνων
3278 2401 3434 2470 φύσις
3456 2401 3508 2453 ἐν
3525 2397 3590 2468 τῷ
3607 2398 3714 2466 λιμ-

518 2488 677 2554 ritas,
711 2497 764 2542 et
807 2487 1215 2552 immortalitas,
1256 2495 1312 2542 et
1342 2488 1612 2552 lumen,et
1638 2487 1860 2552 veritas,
1903 2493 1958 2541 et
1992 2485 2090 2540 hu-

2194 2495 2319 2566 πὩῷ
2346 2494 2446 2564 τῆς
2470 2494 2721 2564 εὐχροὶας
2740 2492 2944 2564 ταύτην
2973 2493 3356 2547 ὁπαινίσσεται
3375 2493 3499 2562 ἡμῖν
3529 2491 3610 2561 τὴν
3626 2487 3714 2540 διά-

516 2579 754 2652 Ῑιεειηοάί
799 2580 926 2645 alia,
959 2594 1296 2650 quacunque
1328 2580 1566 2634 animam
1612 2593 1784 2635 meam
1828 2586 2084 2649 pascunt,

2194 2600 2360 2638 νοιαν.
2381 2583 2588 2636 Οὐκοῦν
2607 2583 2696 2636 διὰ
2713 2583 2870 2637 τοῦτο
2891 2583 2981 2637 ἐπὶ
3007 2585 3133 2647 τοὺς
3157 2583 3422 2652 λειμῶνας
3441 2581 3539 2634 τῶν
3560 2579 3716 2649 κρίνων

520 2686 631 2727 non
662 2673 717 2726 in
766 2671 1013 2741 gramine
1040 2671 1124 2725 vel
1166 2670 1438 2740 virgultis,
1469 2669 1564 2725 sed
1599 2670 1654 2724 in
1704 2669 2087 2739 splendoribus

2193 2677 2317 2744 ἄγει
2336 2676 2394 2729 τὸ
2414 2674 2606 2728 ἑαυτοῦ
2633 2673 2882 2744 ποίμνιον
2940 2676 2968 2727 6
2989 2676 3045 2726 έν
3063 2678 3183 2737 τοῖς
3203 2675 3408 2744 κρίνοις
3430 2671 3712 2741 ποιμαίνων·

519 2771 861 2820 sanctorum.
888 2761 1148 2817 Liliorum
1171 2763 1314 2818 enim
1337 2771 1530 2817 natura
1548 2778 1671 2817 cum
1693 2762 1878 2818 colore
1903 2763 2086 2832 splen-

2195 2770 2294 2823 ἵνα
2309 2768 2546 2837 γένηται
2561 2768 2598 2835 ἡ
2615 2767 2963 2837 λαμπρότης
2983 2769 3208 2834 Κυρίου
3223 2767 3326 2820 τοῦ
3344 2764 3484 2819 Θεοῦ
3497 2761 3639 2832 ἡμῶν
3649 2757 3716 2828 ἐφ’

519 2855 649 2910 dido
695 2856 767 2910 sit
813 2863 1027 2921 ornata,
1059 2855 1374 2925 hujusmodi
1421 2855 1712 2923 quamdam
1757 2857 2085 2911 sententiam

2194 2860 2371 2930 ἡμᾶςο
2413 2860 2504 2931 Τῷ
2524 2861 2632 2932 γὰρ
2659 2861 2790 2914 εῖδει
2816 2859 2913 2930 τῆς
2941 2858 3182 2931 τροφῆς,
3223 2857 3588 2910 συνδιατίθεται
3613 2853 3718 2906 πᾶν·

518 2948 714 3002 horum
746 2947 1036 3002 verborum
1086 2962 1210 3003 esse
1239 2947 1530 3015 signiﬁcat.
1579 2947 1766 3016 Itaque
1798 2956 2084 3017 propterea

2193 2971 2301 3016 τως
2341 2953 2434 3007 καὶ
2460 2953 2520 3007 τὸ
2547 2953 2895 3023 τρεφόμενον.
2961 2946 3085 3003 Οἷόν
3116 2959 3177 3004 τι
3205 2950 3376 3018 λέγω·
3431 2951 3594 3002 Ἔστω
3623 2941 3716 2999 καθ’

517 3054 733 3108 gregem
775 3055 934 3092 suum
964 3039 1017 3092 in
1052 3045 1206 3107 prata
1238 3038 1474 3092 liliorum
1505 3038 1676 3102 ducit,
1700 3040 1792 3108 qui
1818 3040 1994 3109 pascit
2027 3040 2082 3093 in

2141 3069 2158 3126 χ
2195 3044 2449 3098 ὑπόθεσιν
2482 3045 2656 3096 κοῖλόν
2691 3061 2744 3096 τι
2771 3042 2962 3106 σκεῦος
2985 3042 3046 3107 ἐξ
3071 3041 3256 3105 ὑέλου,
3281 3045 3338 3096 ὲν
3367 3035 3410 3108 ᾧ
3437 3043 3535 3094 πᾶν
3558 3038 3719 3108 169a}-

519 3130 670 3193 liliis,
701 3138 758 3182 ut
789 3130 858 3183 sit
879 3127 1126 3194 splendor
1152 3128 1366 3182 Domini
1397 3128 1493 3182 Dei
1521 3131 1690 3183 nostri
1717 3145 1875 3199 super
1901 3147 1996 3184 nos
2017 3132 2084 3185 ⁷¹.

2193 3137 2415 3208 λόμενον
2448 3133 2707 3204 εἴη’,είτε
2751 3151 2802 3186 τι
2833 3133 2942 3187 τῶν
2973 3132 3237 3203 καθαρῶν
3270 3146 3328 3186 τε
3362 3133 3453 3187 καὶ
3478 3128 3717 3202 λαμπρῶν.

517 3218 652 3272 Nam
693 3220 836 3288 quod
884 3219 1071 3283 alitur,
1107 3220 1331 3273 omnino
1363 3219 1428 3273 ad
1457 3218 1576 3288 ejus
1605 3219 1841 3289 speciem
1867 3234 2090 3291 compa-

2192 3224 2399 3279 Οὐκοῦν
2417 3224 2516 3294 τὴν
2549 3221 2906 3292 λαμπρότητα
2938 3219 3047 3272 τῶν
3084 3217 3293 3290 κρίνων
3324 3221 3438 3281 ταῖς
3461 3217 3635 3286 ψυχαῖς
3655 3216 3718 3265 ἐν·

519 3319 693 3374 ratur,
734 3326 845 3379 quo
877 3311 1141 3366 vescitur.
1183 3310 1250 3365 Ut
1293 3312 1418 3382 quis
1450 3313 1624 3383 (lubet
1663 3311 1809 3367 enim
1855 3311 1960 3367 hoc
1999 3327 2091 3368 su-

2191 3314 2380 3379 τιθεις,
2420 3312 2678 3383 λαμπρὰς
2707 3310 2770 3363 δι’
2816 3308 2996 3372 αὐτῶν
3032 3310 3131 3372 τὰς
3168 3309 3349 3381 ψυχὰς
3380 3305 3719 3380 ἀπεργάζεται,

518 3402 688 3467 more)
719 3400 1122 3470 vas'quoddam
1158 3417 1459 3457 concavum
1504 3418 1535 3458 e
1573 3403 1715 3458 vitro
1746 3403 1950 3458 factum
1987 3402 2088 3456 ha-

2189 3405 2603 3476 διαφαινομένου
2636 3404 2729 3458 τοῦ
2763 3403 3082 3474 ἐγκειμένου
3128 3399 3313 3466 εἴδους
3339 3402 3429 3456 ἐπὶ
3451 3400 3506 3453 τὸ
3542 3395 3717 3464 ἔξωθεν.

520 3495 666 3556 beat,
717 3494 774 3548 in
828 3493 974 3566 quod
1019 3495 1066 3549 si
1113 3493 1246 3564 quid
1297 3493 1595 3564 injiciatur,
1644 3495 1974 3565 pellucidum
2018 3493 2090 3549 sit

2203 3495 2290 3558 Ὡς
2319 3495 2376 3549 δὲ
2399 3495 2465 3549 ἂν
2479 3495 2617 3567 πρὸς
2635 3496 2696 3548 τὸ
2722 3494 3051 3568 σαφέστερον
3075 3496 3214 3566 ἡμῖν
3243 3491 3527 3567 προαχθείη
3554 3490 3608 3544 τὸ
3626 3486 3721 3557 νόη-

517 3585 805 3658 [quidquid
864 3585 1084 3642 tandem
1137 3585 1322 3650 fuerit,
1372 3585 1488 3640 sive
1535 3584 1752 3658 fuligo],
1800 3586 1916 3642 sive
1959 3585 2088 3656 quid

2198 3603 2274 3657 μα
2305 3586 2484 3650 τοῦτο,
2515 3586 2714 3656 φαμὲν,
2763 3587 2844 3638 ὅτι
2874 3585 3136 3656 τρέφεται
3181 3585 3334 3656 μὲνή
3370 3583 3508 3654 ψυχὴ
3535 3581 3610 3635 διά
3636 3577 3722 3631 τῶν

516 3693 712 3748 purum
745 3685 799 3733 et
841 3676 1208 3748 splendidum.
1243 3677 1429 3747 Itaque
1455 3677 1547 3747 qui
1574 3678 1808 3732 liliorum
1835 3678 2091 3748 splendo-

2189 3679 2422 3750 ἀρετῶν,
2438 3679 2599 3749 κρίνα
2626 3679 2680 3731 δὲ
2705 3678 3064 3749 κατονομάςει
3084 3678 3188 3742 τὰς
3217 3677 3416 3748 ἀρετὰς
3441 3677 3503 3729 δι’
3521 3672 3721 3740 αἰνίγμα·

516 3785 630 3825 rem
690 3769 890 3826 animis
950 3769 1110 3832 indit,
1169 3768 1332 3825 etiam
1397 3769 1608 3824 animas
1667 3769 1815 3838 ipsas
1876 3785 1973 3839 per
2025 3785 2088 3824 ea

2189 3787 2308 3834 τος·
2330 3764 2406 3824 ὧν
2424 3768 2453 3820 6
2475 3769 2566 3822 διὰ
2596 3771 2695 3839 τῆς
2725 3768 2934 3843 ἀγαθῆς
2963 3768 3246 3832 πολιτείας
3279 3765 3604 3838 ἐμφορηθεὶς,
3625 3758 3721 3812 inl-

516 3861 832 3934 Splendidas
865 3861 1046 3916 reddit
1079 3861 1292 3916 :indita
1335 3861 1426 3915 illa
1456 3861 1638 3930 specie
1681 3861 1984 3930 pellucente
2021 3861 2088 3915 ad

2189 3863 2346 3931 δηλον
2385 3861 2574 3914 ἑαυτὸν
2607 3862 2771 3919 ποιεῖ,
2803 3858 2890 3912 διὰ
2921 3859 3016 3912 τοῦ
3058 3859 3179 3928 βίου
3223 3859 3456 3928 ἑκάστης
3481 3853 3654 3926 ἀρετῆς
3674 3845 3721 3900 τδ

513 3951 810 4008 exteriora.
843 3951 912 4004 Ut
947 3958 1129 4006 autem
1162 3951 1430 4006 illustrior
1453 3951 1631 4004 adhuc
1665 3953 1736 4004 sit
1760 3966 1978 4014 sensus,
2006 3952 2090 4005 tli-

2189 3949 2330 4015 εἷδος
2367 3951 2457 4005 διὰ
2475 3950 2565 4004 τοῦ
2597 3950 2760 4021 ἤθους
2788 3949 3250 4020 ἐπιδεικνύμενος.
3287 3951 3462 4002 Ἔστω
3482 3947 3556 4000 σοὶ
3576 3941 3720 4013 κρίνον

514 4042 692 4099 cimus
744 4059 841 4114 per
895 4043 1128 4097 virtutes
1178 4042 1420 4097 animum
1473 4043 1643 4111 pasci,
1689 4043 1801 4095 lilia
1855 4057 1986 4097 vero
2033 4043 2089 4097 in

2189 4044 2428 4114 καθαρὸν
2455 4043 2489 4114 ἡ
2518 4041 2837 4113 σωφροσύνη
2863 4058 2923 4094 τε
2956 4042 3049 4094 καὶ
3070 4040 3407 4110 δικαιοσύνη,
3437 4037 3523 4090 καὶ
3549 4029 3716 4103 ἀνδρία.

514 4138 804 4207 :cnigmate
836 4136 1070 4191 virtutes
1118 4135 1381 4206 appellari
1415 4151 1428 4189 :
1459 4135 1662 4204 quibus
1693 4135 1784 4204 qui
1831 4147 1978 4190 recta
2011 4138 2090 4190 vi-

2189 4135 2284 4188 καὶ
2317 4134 2598 4205 φρόνησις,
2633 4134 2727 4186 καὶ
2757 4133 2856 4185 ὅσα
2892 4132 3054 4203 φησιν
3093 4132 3418 4193 Ἀπὸστολος
3446 4123 3622 4197 ἀληθῆ,
3643 4124 3719 4175 ὅσα

512 4227 674 4282 vendi
720 4225 935 4282 ratione
970 4225 1204 4282 satiatus
1233 4234 1340 4290 est,
1377 4225 1424 4280 is
1451 4227 1559 4279 vita
1596 4240 1694 4280 sua
1729 4225 2088 4295 conspicuum

2189 4225 2382 4296 σεμνὰ,
2410 4227 2511 4278 ὅσα
2545 4223 2840 4294 προσφιλῆ,
2872 4225 2972 4276 ὅσα
3012 4222 3219 4287 δίκαια,
3251 4224 3350 4275 ὅσα
3380 4221 3525 4288 ἆγια,
3549 4217 3632 4269 ὅσα
3655 4207 3720 4262 εύ-

513 4335 574 4375 se
632 4317 830 4383 reddit,
873 4319 1004 4374 dum
1058 4318 1307 4373 moribus
1362 4318 1478 4374 suis
1530 4317 1825 4387 cujuslibet
1869 4317 2089 4371 virtutis

2188 4333 2377 4387 φημα’
2413 4316 2468 4369 sl
2495 4331 2578 4378 τις
2607 4314 2798 4385 ἀρετὴ,
2828 4315 2920 4367 καὶ
2955 4315 3006 4368 εί
3035 4331 3119 4378 τις
3151 4314 3398 4378 ἔπαινος.
3451 4308 3616 4364 Ταῦτα
3635 4302 3719 4370 γὰρ

513 4410 750 4479 speciem
790 4409 1066 4479 exprimit.
1119 4407 1444 4464 Existimato
1493 4423 1690 4478 purum
1738 4395 1862 4465 ease
1911 4409 2082 4464 lilium

2140 4407 2160 4459 )
2189 4407 2361 4461 πάντα
2390 4403 2538 4469 ἐντὸς
2577 4403 2677 4473 τῆς
2709 4403 2886 4475 ψυχῆς
2919 4405 3182 4476 γενόμενα
3210 4404 3288 4475 τῷ
3320 4401 3534 4473 καθαρῷ
3565 4390 3718 4450 διαδεί-

511 4500 856 4566 modestiam,
883 4509 936 4555 et
952 4500 1249 4570 justitiam,
1267 4508 1322 4556 et
1348 4500 1748 4564 fortitudinem,
1770 4512 1825 4556 et
1846 4499 2084 4570 pruden-

2189 4513 2379 4550 κνυται
2419 4495 2546 4566 βίῳ,
2598 4495 3008 4578 καλλωπίζοντα
3037 4513 3097 4548 τε
3139 4496 3235 4550 τὸν
3269 4493 3608 4565 περιέχοντα,
3645 4481 3718 4578 καὶ

511 4591 666 4657 tiam,
711 4601 765 4647 et
807 4607 1146 4664 quascunque
1191 4606 1320 4647 vera
1355 4599 1506 4656 sunt,
1553 4603 1610 4648 ut
1651 4593 1727 4646 ait
1761 4591 2085 4662 Apostolus.

2188 4588 2324 4643 αύτά
2365 4587 2454 4641 διὰ
2484 4587 2577 4640 τοῦ
2627 4573 3004 4658 είσδεξάμὲνου
3034 4586 3502 4656 καλλωπιζόμενα.
3545 4580 3600 4672 ᾟ
3632 4573 3717 4672 τοις

509 4696 851 4752 quaecunque
909 4682 1161 4746 honesta,
1210 4697 1551 4752 quaecunque
1607 4680 1884 4745 amabilia,
1936 4695 2087 4750 qua-

2190 4697 2285 4734 νυν
2311 4678 2572 4733 ἀναθεῖσα
2593 4678 2792 4749 ἑαυτὴν
2815 4678 2893 4750 τῷ
2925 4677 3216 4749 ἀδελφιδῷ,
3252 4679 3348 4732 καὶ
3374 4671 3618 4744 δεξαμένη
3641 4671 3715 4718 τοι)

509 4789 728 4842 cunque
771 4777 940 4844 justa,
995 4791 1334 4846 quaecunque
1384 4775 1511 4831 boui
1563 4774 1846 4830 nominis:
1890 4773 1937 4829 si
1977 4788 2084 4844 qua

2187 4769 2565 4841 ἀγαπηθέντος
2585 4769 2648 4823 τὸ
2666 4770 2862 4834 κάλλος
2888 4772 2945 4824 ὲν
2969 4773 3036 4842 τῇ
3062 4770 3169 4842 ἰδίᾳ
3191 4771 3376 4841 μορφῇ
3399 4785 3413 4800 ·
3445 4767 3560 4819 οἴων
3573 4755 3715 4857 sitcf»

511 4866 708 4929 virtus,
741 4867 788 4921 si
832 4884 940 4938 qua
979 4867 1103 4934 laus
1121 4869 1188 4920 7'.
1243 4867 1378 4921 Nam
1417 4867 1530 4920 hinc
1573 4865 1757 4920 omnia
1791 4873 2080 4935 postquam

2195 4878 2286 4915 ται
2317 4860 2471 4932 παρά
2503 4859 2596 4915 τοῦ
2623 4859 2748 4922 τοὺς
2768 4860 3127 4931 ’δοξάζοντοςξ
3167 4861 3489 4930 ἀκούσωμεν
3527 4853 3603 4909 διὰ
3636 4853 3713 4916 τῆς

509 4956 567 5013 in
613 4956 854 5012 animum
886 4964 1266 5026 penetrarunt,
1317 4970 1414 5025 per
1440 4956 1605 5010 vitam
1637 4971 1826 5026 puram
1859 4955 2080 5011 demon-

1757 4971 1826 5009 im
1859 4955 2080 5011 demo'n-
2190 4951 2554 5025 προκειμένης
2585 4955 2701 5016 τοῖς
2733 4954 2970 5026 ῥήμασιν
2993 4952 3335 5016 ἀκολουθίας.

511 5060 806 5107 strantur:
863 5050 1135 5121 simulque
1184 5057 1386 5105 ornant
1442 5050 1617 5115 illum,
1659 5049 1750 5120 qui
1801 5063 1865 5104 ea
1903 5049 2170 5114 continet,
2203 5055 2258 5102 et
2297 5045 2416 5118 ipsa
2465 5043 2598 5116 quid
2661 5047 2966 5102 ornamenti
3022 5061 3053 5101 a
3104 5048 3421 5103 continente
3462 5038 3711 5112 accipiunt.

509 5142 876 5208 Quamobrem
959 5157 1062 5207 ea,
1117 5156 1238 5212 quae
1281 5148 1450 5193 totam
1502 5155 1562 5194 se
1609 5148 1844 5208 cognato
1882 5138 2144 5202 tradidit,
2178 5137 2344 5207 inque
2414 5135 2587 5191 forma
2639 5149 2741 5190 sua
2783 5136 2966 5191 dilecti
3012 5135 3477 5208 pulchritudinem
3507 5126 3707 5196 recepit:

509 5237 690 5309 qualia
735 5244 1106 5306 consequatur
1157 5234 1228 5289 ab
1279 5231 1408 5294 illo,
1469 5228 1564 5300 qui
1621 5230 1993 5300 gloriﬁcantes
2038 5245 2098 5287 se
2136 5228 2423 5302 gloriﬁcat,
2465 5228 2753 5284 audiamus
2805 5228 2860 5284 in
2903 5229 2991 5294 iis,
3036 5244 3155 5300 quae
3199 5229 3465 5285 hactenus
3501 5218 3708 5282 indicatis

507 5329 702 5385 ordine
729 5328 977 5399 proxima
1015 5339 1164 5382 sunt.
1206 5327 1212 5334 ’

580 5394 760 5491 ιιιῳιίἰ
791 5419 935 5476 enim
991 5418 1057 5472 ad
1097 5432 1354 5489 sponsam
1396 5413 1678 5471 Verbum:
1717 5410 1950 5466 Pulchra
1998 5429 2076 5477 es,

2251 5411 2390 5484 Φησὶ
2419 5410 2529 5481 γὰρ
2561 5410 2698 5482 πρὸς
2721 5411 2820 5481 τὴν
2851 5412 3070 5484 νύμφην
3097 5415 3124 5467 ό
3151 5414 3326 5482 Λόγος
3347 5429 3362 5446 ο
3405 5407 3560 5476 Καλὴ
3591 5394 3652 5466 εἶν
3677 5395 3704 5459 τί

508 5513 754 5582 proxima
791 5526 928 5576 mea,
963 5511 1098 5565 sicut
1126 5510 1240 5579 ipsa
1266 5507 1654 5569 benevolentia;
1683 5501 1919 5575 formoso
1941 5505 2078 5560 sicut

2185 5502 2454 5571 πλησίον
2485 5517 2628 5570 μου,
2672 5502 2753 5569 ὠς
2791 5503 3068 5559 εὐδοκίαν
3116 5504 3301 5572 ὡραία
3351 5503 3429 5567 ὡς
3465 5500 3707 5567 Ἰερουσα-

580 5687 626 5720 ⁶³
654 5685 829 5744 Galat.
863 5706 917 5751 ν.
969 5689 1057 5754 19,
1088 5687 1178 5746 20.
1255 5689 1303 5721 ⁷⁸
1351 5686 1589 5757 Philipp.
1645 5703 1684 5754 ι,
1729 5684 1816 5742 21.
1895 5688 1934 5720 ⁷¹
1965 5685 2158 5744 Psal.t

1508 5701 1589 5757 pp.
1645 5703 1684 5754 ι,
1729 5684 1816 5742 21.
1895 5688 1934 5720 ²¹
1965 5685 2111 5744 Psal.
2143 5698 2367 5754 Lxxxix,
2416 5685 2503 5740 l7.
2579 5686 2626 5717 "
2657 5682 2889 5756 Philipp.
2924 5685 3086 5758 iv,‘8.
