3996 6196
257 232 386 286 Mf)?

249 339 368 408 ,ζήμ
388 357 402 371 °
445 338 666 409 θάμϐος
689 337 769 403 ὡς
794 334 1161 407 τεταγμέναι.

254 432 401 504 παρὰ
452 433 549 502 τῆς
599 431 851 501 οὐρανίου
895 429 1152 497 στρατιᾶς
1211 429 1590 499 ἀναπέμπεται
1641 429 1719 498 τῷ
1769 429 1828 482 ὲν

255 524 494 594 ὑψίστοις
515 520 632 591 Θεῷ
652 520 791 590 ὑπὲρ
815 521 912 591 τῆς
941 520 998 573 ὲν
1024 517 1334 590 ἀνθρώποις
1354 519 1598 582 εὐδοκίας
1628 521 1686 574 ἐν
1709 520 1830 582 ταῖς

254 617 443 677 ἀκοαῖς
474 612 583 666 τῶν
617 610 914 681 ποιμένων,
965 611 1054 664 ὅτε
1085 606 1222 664 εἶδον
1251 611 1572 682 γενηθεῖσαν
1603 613 1696 665 ἐπὶ
1727 611 1832 682 γῆς

255 706 352 776 τὴν
401 705 656 774 εἰρήνην·
709 702 802 755 καὶ
845 702 928 755 ὅτι
962 700 1113 764 πόλις
1149 702 1244 755 τοῦ
1291 703 1524 773 μεγάλου
1569 704 1832 774 βασιλέως

266 794 621 867 Ἰερουσαλὴμ
649 793 800 864 παρὰ
821 792 915 846 τοῦ
949 792 1216 846 Δεσπότου
1257 794 1435 865 πάσης
1464 795 1694 860 κτίσεως
1712 797 1830 849 όνο-

260 888 512 959 μάζεται,
560 889 723 939 παντὶ
763 886 919 956 δῆλον
954 885 1018 939 ἂν
1067 886 1152 954 εἴη
1193 885 1272 955 τῷ
1316 890 1428 951 τοῖς
1462 888 1832 958 εὐαγγελικοῖς

257 979 685 1050 καθομιλήσαντι
720 977 932 1047 λόγοις⁹
979 980 1055 1045 ὡς
1094 979 1182 1034 διὰ
1212 979 1415 1033 τούτων
1461 981 1536 1053 μὴ
1569 981 1832 1051 ἀγνοῆσαι

259 1074 408 1125 ποῖον
460 1069 728 1141 μαρτυρεῖ
773 1071 839 1142 τῇ
871 1069 1055 1142 νύμφῃ
1096 1071 1316 1140 όΛόγος
1363 1071 1558 1135 κάλλος
1604 1071 1692 1126 διὰ
1735 1072 1833 1142 τῆς

259 1163 395 1234 πρὸς
424 1162 524 1232 τὴν
571 1161 929 1232 Ἰερουσαλὴμ
970 1162 1063 1215 καὶ
1103 1162 1240 1232 πρὸς
1283 1161 1381 1234 τὴν
1426 1163 1670 1216 εὐδοκίαν
1705 1179 1835 1231 συγ-

256 1253 513 1324 κρίσεως.
579 1241 742 1322 Δῆλον
787 1253 893 1321 γὰρ
932 1254 1012 1306 ὅτι
1044 1252 1201 1306 τοῦτο
1231 1254 1358 1325 περί¹
1406 1255 1575 1326 αὐτῆς
1607 1256 1634 1308 ό
1663 1254 1836 1325 Λόγος

258 1344 614 1406 ἐνδείκνυται,
655 1343 740 1395 διὰ
780 1342 878 1411 τῆς
919 1343 1356 1415 κατορθουμένης
1397 1344 1605 1408 ἀνόδου,
1644 1345 1837 1417 μέχρις

259 1435 472 1490 ἐκείνου
497 1434 593 1504 τὴν
620 1434 797 1505 ψυχὴν
827 1435 1128 1505 ὑψωθῆναι,
1155 1437 1228 1500 ὡς
1259 1437 1395 1508 πρὸς
1421 1437 1491 1490 τὰ
1513 1437 1606 1490 τοῦ
1638 1439 1838 1491 Δεσπό-

257 1543 355 1579 του
387 1524 643 1595 θαύματα
696 1527 894 1596 ἑαυτὴν
935 1528 1264 1582 ἐπεκτεῖναι.
1319 1529 1383 1582 Εἰ
1409 1527 1519 1600 γὰρ
1565 1531 1594 1583 ό
1623 1531 1680 1582 ὲν
1715 1528 1838 1598 ὑψί-

263 1636 411 1684 στοις
436 1619 586 1683 Θεὸς,
614 1619 688 1671 ὣν
719 1621 776 1672 ὲν
799 1620 910 1682 τοῖς
943 1617 1160 1681 κόλποις
1185 1617 1280 1670 τοῦ
1310 1618 1541 1688 Πατρὸς,
1571 1619 1710 1689 ὑπὲρ
1739 1620 1841 1688 τῆς

257 1709 505 1771 εὐδοκίας
528 1713 586 1762 ὲν
617 1709 923 1779 ἀνθρώποις
957 1710 1149 1779 αἵματι
1181 1710 1270 1762 καὶ
1315 1712 1477 1782 σαρκὶ
1501 1713 1833 1781 κατακιρνᾶ-

257 1819 371 1858 ται.
403 1801 488 1852 ἵνα
519 1801 720 1870 γενηθῇ
753 1801 844 1852 ἐπὶ
869 1800 966 1870 τῆς
996 1800 1100 1870 γῆς
1128 1801 1320 1871 εἰρήνη
1346 1817 1359 1830 ⁸
1394 1801 1549 1871 δῆλον
1575 1803 1655 1854 ὅτι
1691 1803 1826 1872 πρὸς

256 1890 467 1961 ταύτην
491 1890 588 1961 τὴν
624 1891 889 1953 εὐδοκίαν,
932 1891 993 1943 τὸ
1041 1891 1238 1961 ἑαυτῆς
1275 1892 1584 1961 ὁμοιώσασα
1622 1893 1834 1958 κάλλος,

257 1981 351 2036 τὸν
381 1983 615 2053 Χριστὸν
642 1985 886 2052 μιμεῖται
910 1985 1019 2046 τοῖς
1046 1981 1460 2053 κατορθώμασιν
1484 2000 1497 2013 ·
1554 1986 1729 2039 ἐκεῖνο
1755 2003 1840 2054 γι-

258 2071 465 2143 νομένη
494 2074 606 2136 τοῖς
636 2072 836 2135 ἄλλοις,
864 2072 1000 2143 ὅπερ
1031 2074 1059 2126 ὁ
1085 2073 1319 2144 Χριστὸς
1343 2076 1410 2144 τῇ
1437 2075 1596 2143 φύσει
1618 2076 1727 2130 τῶν
1753 2078 1841 2131 ἀν-

254 2163 498 2236 θρώπων
523 2164 737 2233 ἐγένετο
761 2180 775 2195 ο
798 2163 1048 2234 καθάπερ
1071 2165 1162 2218 καὶ
1183 2166 1210 2218 ὁ
1231 2165 1472 2238 μιμητὴς
1497 2166 1590 2220 τοῦ
1603 2169 1647 2220 Χ
1655 2167 1839 2238 ριστυῦ

258 2255 480 2319 Παῦλος
523 2255 714 2321 ἐποίει,
756 2255 945 2330 ἑαυτὸν
985 2257 1083 2326 τῆς
1123 2253 1267 2327 ζωῆς
1310 2256 1602 2328 ἀφορίζων,
1650 2259 1736 2312 ἵνα
1765 2258 1842 2330 τῷ

264 2347 386 2417 ἰδίῳ
425 2345 586 2400 πάθει
609 2347 707 2418 τὴν
739 2328 1011 2417 σωτηρίαν
1055 2347 1150 2400 τοῦ
1188 2348 1401 2418 Ἰσραὴλ
1428 2328 1840 2421 ἀνταλλάξηται,

261 2437 443 2506 λέγων
465 2452 480 2467 ο
505 2439 789 2506 Εῠχόμην
820 2436 1084 2502 ἀνάθεμα
1113 2433 1264 2492 εἶναι
1288 2438 1408 2493 ἀπὸ
1429 2439 1534 2494 τοῦ
1561 2441 1843 2509 Χριστοῦ,

261 2529 423 2598 ὑπὲρ
454 2528 572 2582 τῶν
599 2530 879 2598 ἀδελφῶν
893 2548 1033 2598 μου,
1069 2530 1188 2584 τῶν
1214 2531 1527 2601 συγγενῶν
1543 2551 1663 2603 μου
1696 2535 1847 2590 κατὰ

260 2616 488 2688 σάρκα.
530 2618 672 2690 Πρὸς
709 2617 768 2671 ὃν
805 2620 1027 2682 εἰκότως
1054 2619 1282 2690 ἁρμόζει
1302 2623 1370 2692 τῇ
1401 2621 1584 2694 νύμφῃ
1607 2623 1668 2676 τὸ
1697 2625 1848 2695 εἰρη-

261 2709 436 2781 μένον
481 2698 672 2771 εἰπεῖν,
719 2709 801 2762 ὅτι
831 2705 1087 2763 Τοιοῦτόν
1129 2710 1246 2763 ἐστι
1297 2712 1396 2782 τῆς
1444 2713 1623 2784 ψυχῆς
1666 2731 1758 2768 σου
1777 2719 1859 2773 ,τδ

259 2799 486 2862 κάλλος,
531 2799 616 2852 οἶα
647 2800 680 2869 ἡ
716 2797 811 2851 τοῦ
840 2798 1107 2851 Δεσπότου
1139 2800 1362 2868 γέγονεν
1411 2801 1551 2872 ὑπὲρ
1577 2802 1732 2873 ἡμῶν
1761 2803 1849 2856 εὐ-

258 2891 450 2954 δοκία,
473 2890 532 2954 δς
567 2890 756 2944 ἑαυτὸν
783 2889 1016 2942 ὲκένωσε
1064 2891 1278 2961 μορφὴν
1309 2890 1495 2944 δούλου
1525 2891 1726 2958 λαδὼν,
1754 2894 1849 2948 καὶ

1275 222 1342 280 ΙΝ
1364 220 1662 279 CANTICA
1697 218 1971 276 CANTIC.
2014 219 2298 276 HOMILIA
2337 219 2450 274 XV.

1243 337 1367 391 Ὅτι
1395 338 1493 408 μὲν
1517 332 1610 391 οὖν
1643 339 1678 408 ἡ
1703 335 1830 401 δόξα

1959 333 2254 402 rerusulem,
2277 343 2461 402 stupor
2484 340 2735 402 tanquam
2757 333 3030 389 instructa
3066 334 3224 389 acies.
3256 332 3496 391 Gloriam

3360 227 3498 285 1098

1933 426 2002 480 ab
2042 427 2282 480 exercitu
2330 425 2541 481 caelesti
2585 422 2694 478 Deo
2742 424 2796 479 in
2843 426 3125 482 altissimis
3178 428 3342 483 tribui
3400 445 3502 500 pro

1931 517 2208 571 declarata
2249 517 2303 570 in
2350 515 2600 570 homines
2629 516 3023 581 benevolentia,
3069 518 3232 588 idque
3264 523 3503 589 pastori-

1933 608 2038 663 bus
2085 607 2458 670 audientibus,
2496 621 2608 676 quo
2639 614 2882 682 tempore
2914 606 2990 660 illi
3024 615 3206 662 natam
3259 609 3313 662 in
3357 617 3502 664 terra

1935 715 2122 770 pacem
2167 699 2416 753 viderant
2438 698 2525 764 ";
2557 698 2795 766 itemque
2824 696 3003 765 magni
3039 699 3186 768 regis
3226 699 3500 756 civitatem

1935 792 2195 861 appellari
2241 790 2636 860 Jerosolymam
2682 805 2712 842 a
2755 797 3020 844 creatura:
3053 792 3222 846 totius
3253 791 3504 857 Domino,

1935 885 2140 940 nemini
2187 900 2311 941 esse
2344 883 2639 939 obscurum
2683 888 2897 950 potest,
2937 883 3029 952 qui
3075 885 3404 955 evangelicis
3451 887 3508 941 in

1938 976 2094 1031 libris
2123 983 2376 1034 versatus
2406 986 2512 1033 est.
2557 978 2817 1047 Adeoque
2845 977 2975 1032 sciri
3006 976 3074 1031 de
3101 976 3206 1031 hoc
3249 977 3368 1046 ipso
3407 993 3509 1048 poo

1937 1077 2065 1135 test,
2113 1079 2374 1141 quantam
2407 1085 2623 1141 sponsae
2651 1069 3114 1140 pulchritudinem
3147 1068 3385 1124 Verbum
3414 1070 3512 1124 tri-

1938 1163 2088 1228 buat,
2123 1177 2246 1216 cum
2293 1163 2438 1216 illam
2465 1174 2519 1217 et
2560 1178 2684 1216 cum
2708 1160 3064 1232 Jerosolyma,
3099 1169 3153 1216 et
3185 1177 3308 1215 cum
3343 1162 3511 1217 bene-

1939 1253 2178 1308 volentia
2210 1260 2520 1322 comparat.
2547 1251 2696 1308 Satis
2722 1253 2868 1306 enim
2897 1253 3242 1322 perspicuum
3271 1259 3378 1316 est,
3406 1252 3514 1307 hoc

1939 1345 2077 1398 velle
2110 1343 2347 1399 Verbum
2386 1343 2588 1408 dicere,
2633 1359 2806 1412 usque
2851 1346 2986 1398 adeo
3030 1342 3267 1397 animam
3291 1343 3343 1397 in
3379 1344 3513 1398 sub-

1940 1435 2066 1490 lime
2115 1445 2358 1491 evectam
2416 1452 2538 1492 esse
2615 1437 2876 1506 prmclaro
2960 1436 3364 1491 conscendendi
3421 1452 3514 1492 co-

1941 1535 2095 1592 natu,
2131 1537 2189 1581 ut
2234 1527 2346 1596 jam
2395 1527 2460 1581 ad
2517 1528 2634 1596 ipsa
2688 1527 2905 1582 Domini
2948 1527 3211 1580 miracula
3253 1527 3512 1582 enitatur.

1943 1617 2077 1672 Nam
2111 1621 2157 1674 si
2188 1619 2328 1675 Deus
2362 1620 2452 1674 ille
2484 1620 2537 1674 in
2568 1620 2874 1683 altissimis,
2907 1619 2998 1689 qui
3041 1627 3125 1674 est
3159 1617 3213 1672 in
3260 1619 3386 1674 sinu
3413 1618 3517 1672 Pa-

1945 1710 2066 1772 tris,
2112 1710 2458 1764 declaranda:
2507 1711 2562 1764 in
2620 1710 2868 1766 homines
2914 1709 3304 1766 benevolentiae
3352 1725 3517 1766 causa

1944 1801 2199 1870 sanguini
2234 1808 2288 1856 et
2337 1801 2491 1855 carni
2538 1800 2824 1864 miscetur,
2871 1808 2932 1855 ut
2962 1800 3017 1855 in
3051 1809 3195 1856 terra
3236 1817 3342 1871 pax
3372 1801 3520 1856 oria-

1947 1903 2034 1948 tur
2066 1913 2079 1947 :
2110 1894 2329 1962 planum
2389 1902 2472 1948 est
2525 1894 2692 1960 illam,
2729 1908 2850 1962 quae
2904 1892 2972 1946 ad
3015 1893 3158 1947 hanc
3198 1893 3522 1948 benevolen-

1949 1985 2077 2040 tiam
2111 1985 2474 2039 conl‘ormavit
2518 2000 2672 2040 suam
2706 1985 3190 2054 pulchritudinem,
3245 1986 3522 2056 praeclaris

1949 2077 2206 2144 operibus
2251 2077 2368 2132 suis
2399 2075 2681 2130 Christum
2734 2075 2935 2130 imitari
2963 2094 2977 2130 :
3005 2076 3203 2146 quippe
3239 2093 3360 2146 quae
3398 2078 3524 2131 aliis

1954 2167 2058 2220 hoc
2097 2166 2187 2232 sit,
2224 2165 2368 2234 quod
2397 2165 2652 2221 Christus
2668 2165 2908 2219 humano
2935 2165 3118 2235 generi
3154 2165 3256 2220 fuit
3286 2184 3299 2221 :
3331 2181 3527 2236 quem-

1951 2257 2244 2314 admodum
2287 2264 2341 2312 ct
2373 2257 2575 2313 Paulus
2615 2256 2858 2311 imitator
2907 2257 2996 2311 ille
3026 2256 3229 2313 Christi
3270 2256 3523 2320 faciebat,

1953 2352 2195 2420 seipsum
2240 2365 2270 2402 a
2302 2349 2411 2404 vita
2444 2350 2592 2404 velut
2619 2349 3012 2411 exterminans,
3049 2357 3110 2403 ut
3138 2363 3263 2404 cum
3303 2349 3528 2404 calami-

1953 2449 2066 2498 tate
2112 2457 2212 2496 sua
2261 2442 2491 2496 salutem
2536 2438 2754 2495 lsraclis
2805 2449 3188 2496 commutaret.
3238 2439 3330 2495 Sic
3377 2441 3526 2495 enim

1953 2535 2068 2588 ait:
2104 2533 2343 2601 Optarim
2385 2533 2663 2586 artathema
2687 2549 2798 2586 esse
2827 2549 2859 2585 a
2885 2531 3117 2594 Christo,
3151 2548 3246 2599 pro
3269 2532 3528 2600 fratribus

1955 2627 2106 2690 meis,
2143 2625 2380 2695 cognatis
2407 2625 2534 2678 meis
2569 2625 2854 2678 secundum
2895 2639 3105 2678 carnem
3127 2624 3194 2676 ".
3245 2622 3427 2693 anue
3461 2623 3530 2678 de

1954 2731 2118 2773 causa
2144 2716 2251 2771 dici
2287 2715 2356 2770 ad
2380 2731 2504 2771 eum
2537 2731 2645 2770 non
2692 2716 2874 2784 inepte
2905 2722 3114 2785 posset,
3146 2715 3292 2782 quod
3332 2715 3421 2769 hic
3459 2715 3529 2770 ad

1956 2823 2223 2878 sponsum
2281 2806 2481 2862 dicitur
2517 2829 2530 2864 :
2563 2806 2712 2861 Talis
2764 2814 2848 2862 est
2913 2805 3083 2860 animi
3142 2805 3527 2874 pulchritudo,

1956 2901 2138 2971 qualis
2187 2898 2290 2954 fuit
2341 2898 2557 2953 Domini
2625 2911 2752 2969 erga
2823 2912 2924 2952 nos
2979 2896 3399 2952 benevolentia:
3432 2895 3526 2966 qui

264 2983 472 3037 ἔδωκεν
493 2982 682 3036 ἑαυτὸν
698 2978 1047 3051 ἀντάλλαγμα
1063 2982 1200 3053 ὑπὲρ
1220 2982 1320 3052 τῆς
1339 2982 1433 3036 τοῦ
1456 2984 1658 3055 κόσμου
1681 2984 1847 3056 ζωῆς,

1959 2994 2198 3064 seipsum
2240 2991 2538 3047 exinanivit
2577 2999 2794 3059 sumpta
2827 2988 3191 3044 servi'forma
3218 2988 3287 3054 ἐς
3335 2997 3388 3042 et
3437 3003 3527 3043 se—

265 3075 364 3128 καί.
386 3075 455 3127 δι’
485 3075 634 3144 ἡμᾶς
683 3073 994 3144 ὲπτὼχευσε
1026 3073 1278 3138 πλούσιος
1321 3074 1418 3140 ὢν,
1465 3076 1552 3128 ἵνα
1592 3079 1756 3148 ἡμεῖς
1795 3079 1854 3131 ἐν

265 3167 347 3238 τῷ
373 3166 590 3238 θανάτῳ
623 3165 787 3220 αὐτοῦ
816 3167 1088 3237 ζήσωμεν,
1117 3166 1209 3220 καὶ
1235 3168 1293 3219 ὲν
1331 3169 1396 3238 τῇ
1423 3168 1663 3240 πτωχείᾳ
1691 3170 1858 3223 πλου-

266 3261 554 3330 τήσωμεν,
591 3258 684 3312 καὶ
713 3259 772 3311 ὲν
807 3261 872 3329 τῇ
898 3259 995 3329 τῆς
1023 3257 1261 3322 δουλείας
1293 3259 1459 3313 αὐτοῦ
1497 3263 1678 3332 μορφῇ
1709 3260 1858 3331 βασι-

265 3350 578 3420 λεύσωμεν.
611 3349 754 3402 Τδδὲ
778 3349 948 3420 αὐτῆς
972 3348 1224 3419 μέγεθος,
1272 3351 1366 3403 καὶ
1387 3353 1420 3420 ἡ
1454 3352 1553 3420 τῆς
1591 3352 1858 3422 Ἰερουσα-

266 3443 388 3514 λὴμ
425 3441 696 3512 ὼραιότης
742 3442 942 3510 ὁμοίως
985 3441 1344 3503 ἐνδείκνυται.
1383 3442 1482 3512 τὴν
1520 3443 1631 3498 ἅνω
1657 3443 1858 3516 δηλαδὴ

280 3534 670 3609 Ἰερουσαλὴμ,
699 3533 795 3603 τὴν
825 3532 1134 3604 ἐλευθέραν,
1169 3533 1268 3605 τὴν
1299 3531 1406 3586 τῶν
1433 3533 1730 3606 ἐλευθέρων
1766 3552 1862 3606 μη-

265 3628 436 3700 τέρα,
466 3627 534 3696 ἣν
564 3627 717 3680 πόλιν
745 3625 838 3679 τοῦ
861 3626 1098 3696 μεγάλου
1123 3624 1386 3695 βασιλέως
1413 3624 1550 3679 εἶναι
1587 3625 1736 3698 παρὰ
1763 3628 1862 3696 τῆς

266 3717 554 3773 Δεσπότου
582 3716 764 3788 φωνῆς
796 3715 1210 3787 μεμαθήκαμεν.
1250 3714 1312 3767 Ἣ
1346 3715 1454 3784 γὰρ
1478 3717 1772 3788 χωρήσασα
1806 3719 1863 3769 ὲν

268 3811 416 3884 αὐτῇ
463 3810 557 3864 τὸν
583 3809 886 3880 ἀχώρητον,
915 3807 1056 3860 ὥστε
1089 3809 1314 3861 ἐνοικεῖν
1341 3809 1478 3878 αὐτῇ
1513 3808 1607 3860 καὶ
1636 3809 1864 3878 ἐμπερι-

271 3905 480 3960 πατεῖν
521 3902 610 3955 τὸν
650 3901 812 3966 Θεὸν,
852 3902 919 3971 τῇ
949 3898 1245 3971 ὠραιότητι
1289 3898 1383 3953 τοῦ
1418 3900 1476 3952 ὲν
1514 3898 1650 3970 αὐτῇ
1684 3917 1866 3953 κατοι-

271 3997 512 4058 κοῦντος
537 3990 997 4054 καλλωπισθεῖσα,
1039 3989 1393 4062 Ἰερουσαλὴμ
1429 3991 1752 4062 ἐπουράνιος
1783 3991 1868 4059 γί-

272 4105 459 4150 νεται,
487 4086 550 4138 τὸ
573 4085 789 4154 ἐκείνης
817 4083 1011 4146 κάλλος
1037 4083 1121 4152 ἐφ’
1151 4083 1348 4152 ἑαυτῆς
1369 4081 1866 4153 δεξαμένηηιάλλος

273 4178 340 4232 δὲ
378 4177 483 4246 τῆς
515 4175 719 4238 πόλεως
762 4172 856 4228 τοῦ
899 4173 1159 4244 βασιλέως
1193 4172 1286 4226 καὶ
1322 4174 1356 4243 ἡ
1393 4172 1683 4242 ὡραιότης,
1735 4174 1868 4228 αὐτὸ

275 4269 510 4329 πάντως
542 4264 658 4318 ἐστὶ
688 4263 781 4318 τοῦ
814 4263 1077 4333 βασιλέως
1123 4262 1183 4317 τὸ
1219 4262 1436 4327 κάλλος.
1501 4264 1734 4328 Ἐκεῖνος
1759 4266 1867 4336 γάρ

1957 3085 2134 3153 ipsum
2181 3083 2330 3138 dedit
2371 3082 2606 3153 pretium
2642 3096 2741 3152 pro
2791 3079 2980 3135 mundi
3021 3080 3154 3142 vita,
3193 3086 3248 3135 et
3308 3087 3532 3150 propter

1957 3190 2060 3231 nos
2104 3175 2264 3245 inops
2306 3173 2484 3229 iactus
2513 3179 2621 3240 est,
2671 3187 2796 3226 cum
2833 3171 2986 3226 dives
3019 3177 3184 3234 esset,
3233 3177 3294 3224 ut
3335 3185 3436 3226 nos
3475 3170 3534 3225 in

1959 3267 2135 3338 ipsius
2176 3272 2352 3321 morte
2380 3266 2710 3326 viveremus,
2757 3273 2810 3318 et
2859 3263 2915 3316 in
2951 3262 3126 3333 ipsius
3166 3262 3352 3332 inopia
3393 3262 3536 3316 divi-

1960 3359 2067 3415 tias
2107 3372 2590 3427 consequeremur,
2636 3363 2692 3410 et
2735 3355 2792 3409 in
2825 3353 3000 3409 forma
3035 3354 3322 3410 servitutis
3357 3354 3534 3424 ipsius

1959 3449 2407 3521 regnaremus".
2445 3446 2643 3502 Eadem
2687 3459 2903 3512 sponse
2935 3444 3194 3514 maiestas
3238 3445 3404 3499 etiam
3438 3460 3542 3515 per

1961 3540 2286 3611 elegantiam
2309 3536 2664 3607 Jerosolymaa
2689 3533 3031 3604 signiﬁcatur
3061 3551 3075 3588 :
3105 3549 3355 3604 supernae
3381 3535 3537 3589 video

1965 3633 2092 3688 licet
2128 3631 2277 3685 illius
2317 3627 2692 3697 Jerosolymae,
2726 3624 2931 3687 liberae,
2971 3623 3267 3678 liberorum
3318 3625 3536 3688 matris,

1965 3738 2128 3795 quam
2159 3721 2340 3792 magni
2377 3719 2520 3790 regis
2549 3715 2826 3771 civitatem
2857 3729 2981 3770 esse
3027 3713 3095 3771 de
3125 3713 3340 3770 Domini
3389 3715 3539 3771 dicto

1967 3813 2343 3871 intelleximus
2366 3811 2433 3864 ".
2469 3808 2680 3863 Etenim
2712 3820 2836 3878 qua
2864 3805 3278 3874 comprehendit
3302 3805 3445 3860 intra
3477 3822 3538 3860 se

1967 3921 2077 3963 non
2112 3899 2687 3973 comprehensibilem,
2715 3899 2787 3952 ita
2823 3907 2880 3952 ut
2905 3896 3113 3952 habitet
3133 3905 3186 3952 et
3211 3896 3454 3952 ambulet
3481 3895 3537 3950 ir.

1967 4014 2033 4056 ea
2075 3997 2240 4059 Deus,
2271 3995 2386 4050 haec
2416 4007 2512 4063 per
2545 3990 2845 4046 habitantis
2893 3988 2949 4044 in
2982 4003 3046 4044 ea
3077 3987 3538 4058 pulchritudinem

1970 4097 2186 4152 ornata,
2246 4083 2490 4141 caelestis
2527 4082 2864 4154 Jerosolyma
2915 4079 2992 4135 iit.
3036 4077 3392 4134 Pulchritudo
3442 4093 3542 4132 au-

1973 4190 2079 4239 tem
2105 4177 2347 4234 civitatis
2380 4176 2543 4246 regis,
2590 4183 2642 4229 et
2677 4172 2967 4244 elegantia,
3004 4171 3176 4240 ipsius
3208 4169 3352 4224 haud
3381 4169 3546 4224 dubio

1975 4272 2121 4343 regis
2155 4278 2239 4326 est
2279 4265 2649 4339 pulchritudo.
2679 4263 2812 4318 Nam
2859 4263 2906 4318 is
2949 4269 3033 4317 est
3065 4257 3543 4330 (quemadmodum

279 4363 406 4413 ἔστι
449 4357 592 4411 κατᾶ
631 4356 721 4410 τὸν
747 4356 901 4424 λόγον
930 4355 1030 4426 τῆς
1058 4355 1376 4426 ψαλμῳδίας
1405 4358 1437 4426 ή
1467 4355 1736 4427 ὼραιότης
1774 4359 1851 4412 κα¹

1977 4363 2032 4418 in
2065 4362 2406 4418 Psalmorum
2439 4358 2577 4412 libro
2620 4354 2842 4422 dicitur)
2868 4353 2986 4422 ipsa
3029 4351 3294 4421 elegantia
3329 4359 3384 4406 et
3424 4352 3546 4422 pul-

277 4451 351 4504 τὸ
378 4450 599 4514 κάλλος,
635 4449 771 4519 πρὸς
809 4448 868 4500 ὃν
898 4451 932 4518 ἡ
967 4448 1271 4517 προφητεία
1312 4447 1443 4517 φησί
1469 4464 1483 4478 ο
1549 4447 1629 4514 Τῇ
1664 4449 1871 4516 ὡραιό-

281 4541 427 4607 tuti
462 4555 580 4592 σου
619 4539 716 4591 καὶ
765 4536 844 4602 τῷ
875 4537 1085 4592 κάλλει
1124 4551 1274 4603 σου,
1324 4537 1424 4590 καὶ
1472 4536 1730 4592 εὔθυνον
1773 4539 1872 4594 καί

281 4629 627 4688 κατευοδοῦ
655 4670 670 4695 ,
735 4629 831 4682 καὶ
886 4629 1185 4693 βασίλευε
1205 4671 1221 4695 ,
1286 4630 1496 4685 ἕνεκεν
1546 4632 1831 4700 ἀληθείας
1856 4671 1872 4696 ,

280 4725 396 4781 καί
437 4723 791 4790 πραότητος,
823 4720 923 4774 καὶ
965 4720 1372 4788 δικαιοσύνης.
1426 4721 1645 4786 Τούτοις
1678 4722 1787 4794 γὰρ
1815 4723 1876 4777 τὸ

273 4818 450 4871 Gaio»
492 4813 988 4884 χαρακτηρίζεται,
1020 4815 1086 4883 τῇ
1111 4812 1337 4883 ἀληθείᾳ
1381 4811 1522 4882 λέγω
1555 4815 1648 4868 καὶ
1686 4818 1752 4887 τῇ
1794 4817 1875 4870 δι.

282 4901 585 4972 καιοαύνῃ,
621 4901 715 4955 καὶ
743 4904 809 4972 τῇ
838 4901 1120 4972 πραότητι.
1169 4901 1232 4954 Ἦ
1261 4901 1436 4955 τοίνυν
1473 4904 1532 4957 ὲν
1559 4908 1670 4967 τοῖς
1697 4906 1870 4958 τοιού-

281 5009 416 5056 τοις
461 4991 682 5045 κάλλεσι
733 4992 1078 5063 μορφωθεῖσα
1114 4992 1292 5064 ψυχὴ,
1349 4994 1526 5066 ὡραία
1568 4996 1773 5062 γίνεται
1803 4997 1879 5060 ὡς

299 5083 692 5155 Ἰερουσαλὴμ,
729 5086 795 5153 τῇ
844 5083 937 5136 τοῦ
982 5083 1243 5154 βασιλέως
1277 5083 1396 5156 ὥρᾳ
1424 5086 1877 5141 καλλωπισθεῖσα.

304 5174 484 5228 mm
508 5173 680 5227 ταῦτα
711 5175 808 5245 μὲν
833 5175 1094 5247 πρόδηλον
1125 5176 1238 5246 ἔχει
1266 5177 1359 5230 τοῦ
1389 5179 1487 5249 τῆς
1516 5179 1732 5248 νύμφης
1755 5179 1886 5233 κάλ-

285 5265 433 5326 λους
462 5264 554 5316 τὸν
585 5263 822 5327 ἔπαινον,
853 5266 920 5334 τῇ
961 5264 1096 5335 πρὸς
1129 5263 1226 5334 τὴν
1256 5265 1503 5320 εὐδοκίαν
1547 5282 1606 5319 τε
1652 5267 1744 5319 καὶ
1783 5268 1884 5335 τὴν

307 5353 680 5430 Ἰερουσαλὴμ
715 5355 998 5425 συγκρίσει
1031 5354 1422 5427 πληρούμενον.

391 5534 438 5564 ⁷³
475 5531 608 5588 Luc.
637 5548 703 5600 ιι,
755 5531 842 5585 14.
919 5531 965 5562 ⁷⁸
991 5533 1150 5586 Rom.
1181 5545 1259 5593 IS,
1293 5530 1345 5586 3.

297 5618 467 5672 ιιιν,
511 5602 566 5661 5.

642 5714 915 5776 Ρλτιιοι.
951 5712 1069 5774 Gn.
1101 5711 1315 5774 XLIV.

1446 5531 1496 5563 "
1526 5529 1757 5604 Philipp.
1797 5547 1856 5602 ιι,
1887 5533 1940 5588 7.

1977 4449 2256 4510 cbritudo,
2301 4463 2463 4518 quem
2503 4455 2557 4501 et
2588 4444 2859 4514 Propheta
2907 4443 3009 4498 hoc
3052 4439 3215 4496 modo
3260 4441 3494 4512 appellat
3530 4459 3544 4496 :

1982 4540 2260 4610 Elegantia
2300 4547 2391 4591 tua
2437 4546 2487 4591 et
2535 4532 2924 4605 pulchritudine
2963 4541 3057 4584 tua
3107 4531 3297 4600 dirige,
3331 4545 3549 4600 prospe-

1980 4648 2122 4696 rare,
2167 4646 2328 4701 regna
2357 4645 2375 4683 :
2405 4635 2616 4697 propter
2656 4626 2947 4686 veritatem,
2988 4634 3036 4676 et
3071 4621 3548 4682 mansuetudinem,

1981 4735 2030 4780 et
2060 4724 2332 4794 justitiam
2353 4721 2421 4775 ⁷⁸.
2458 4717 2522 4772 lli
2553 4717 2698 4772 enim
2744 4713 3168 4784 pulchritudinis
3195 4712 3393 4765 divinae
3423 4719 3556 4766 sunt

1982 4819 2364 4873 characteres:
2412 4811 2634 4875 veritas,
2675 4808 2921 4876 inquam,
2971 4813 3026 4859 et
3051 4803 3285 4870 iustitia.
3317 4811 3371 4857 et
3403 4817 3555 4857 man-

1985 4886 2238 4964 suetudo.
2293 4901 2658 4969 Quamobrem
2711 4896 2895 4952 anima
2942 4895 3143 4949 talibus
3190 4901 3383 4946 ornata
3433 4892 3557 4962 pul-

1987 4994 2408 5053 chritudinibns,
2437 4991 2494 5044 ﬁt
2524 4989 2764 5043 formosa
2813 4993 3073 5053 tanquam
3097 4981 3425 5041 Jerusalem,
3461 4995 3557 5034 ve.-

1990 5091 2206 5141 nustate
2254 5083 2397 5152 regis
2444 5079 2825 5134 cohonestata.
2877 5074 3167 5129 Enimvero
3203 5073 3555 5126 manitestum

1993 5179 2098 5232 hoc
2126 5189 2339 5244 sponsae
2382 5169 2805 5242 pulchritudinis
2842 5166 3152 5222 encomlum
3189 5171 3292 5228 est,
3325 5158 3557 5232 ampliﬁ-

1991 5276 2173 5324 catum
2206 5282 2300 5336 per
2342 5263 2806 5335 comparationem
2856 5273 2980 5314 cum
3021 5257 3139 5327 ipsa
3183 5251 3557 5311 benevolentia

1991 5368 2045 5416 et
2069 5357 2428 5428 Jerosolyma.

2044 5534 2090 5566 ⁷⁸
2116 5531 2157 5588 ll
2186 5531 2313 5589 Cor.
2338 5529 2454 5598 vnit,
2481 5529 2514 5584 9
2547 5543 2667 5600 sqq.
2766 5525 2810 5557 "
2841 5519 3030 5578 Matth.
3062 5535 3116 5586 v,
3153 5518 3245 5574 35.
3338 5515 3382 5550 τ’
3412 5512 3561 5575 ρων

3211 5702 3287 5764 35
