3996 6196
422 266 554 322 ιιοι

1437 271 1504 326 IN
1536 271 1830 329 CANTICA
1867 269 2138 330 CANTlC.
2174 271 2456 329 HOMILIA
2500 271 2594 328 XV

3529 277 3666 332 1109»

415 384 514 454 τὴν
539 383 700 452 ἀγίαν
729 384 968 458 Γραφήν,
993 388 1052 443 τὸ
1076 389 1452 461 πρωτότυπον·
1480 392 1674 448 οὐκοῦν
1697 392 1991 464 πτερόεσςα

2102 391 2273 449 fuisse
2299 393 2595 457 conditam,
2621 398 2679 445 ut
2703 397 2846 447 esset
2875 391 3014 446 alata
3033 438 3047 464 ,
3086 406 3196 462 quo
3217 391 3477 447 nimirum
3499 394 3665 449 etiam

417 475 510 526 καὶ
540 476 572 545 ἡ
603 475 698 528 τοῦ
725 477 1014 548 ἀνθρώπου
1045 484 1458 555 κατεσκευάσθη
1485 485 1646 554 φύσις
1664 525 1679 549 ,
1705 485 1780 549 ὡς
1811 485 1876 539 ἂν
1902 486 1997 538 καὶ

414 567 472 618 ἐν
495 569 613 630 ταῖς
650 564 910 640 πτέρυξιν
922 571 1050 641 οέχοι
1083 574 1142 626 τὸ
1173 575 1316 630 θεῖον
1341 577 1610 648 ὁμοίωμα·
1644 579 1804 648 δῆλον
1829 578 1884 630 δέ
1913 580 1995 632 ὃτι

415 657 474 711 τὸ
511 660 795 730 πτερύγων
823 661 994 733 ὄνομα
1021 665 1109 719 διά
1157 685 1299 731 τινος
1349 671 1616 740 τροπικῆς
1654 669 1886 741 Θεωρίας
1918 670 1998 733 εἷς

417 768 468 802 τι
504 751 804 824 θεοπρεπὲς
851 756 1323 828 μεταληφθήσεται
1369 761 1577 831 νόημα,
1609 760 1889 831 δυνάμεώς
1937 779 1997 814 τε

415 842 509 894 καὶ
543 844 966 915 μακαριότητος,
1002 849 1097 901 καὶ
1142 849 1455 920 ἀφθαρσίας
1479 851 1572 904 καὶ
1604 851 1710 904 τῶν
1741 852 1996 905 τοιούτων

412 929 501 982 διὰ
523 929 616 983 τοῦ
647 933 908 1002 ὀνόματος
931 935 1040 988 τῶν
1068 937 1356 1008 πτερύγων
1385 939 1800 1010 σημαινομένου.
1844 941 1996 993 Ἐπεὶ

411 1015 504 1073 οὖν
547 1021 721 1075 ταῦτα
770 1025 864 1077 καὶ
897 1027 1026 1098 περὶ
1057 1026 1149 1080 τὸν
1197 1029 1482 1100 ἄνθρωπον
1514 1026 1602 1101 ἦν,
1649 1032 1752 1094 ἕως
1793 1032 1880 1084 ὅτε
1920 1031 1997 1102 τῷ

411 1110 531 1180 Θεῷ
560 1112 647 1164 διὰ
692 1114 910 1168 πάντων
955 1116 1139 1186 ὅμοιος
1174 1112 1264 1188 ἦν·
1296 1118 1434 1188 μετά
1472 1119 1645 1173 ταῦτα
1693 1119 1750 1173 δὲ
1782 1122 1814 1191 ἡ
1861 1121 1996 1192 πρὸς

411 1204 511 1273 τὴν
540 1205 738 1258 κακίαν
765 1207 925 1277 ῥοπὴ,
944 1207 1052 1261 τῶν
1075 1211 1327 1263 τοιούτων
1352 1211 1636 1282 πτερύγων
1676 1213 1822 1283 ἡμᾶς
1859 1213 1997 1266 ἁπε-

414 1293 675 1364 σύλησεν·
720 1295 824 1360 ἔξω
855 1296 964 1367 γὰρ
999 1298 1098 1368 τῆς
1137 1299 1348 1372 σκέπης
1394 1301 1486 1354 τοῦ
1529 1301 1666 1355 Θεοῦ
1710 1303 1996 1373 πτερύγων

410 1381 731 1452 γενόμενοι,
779 1386 874 1439 καὶ
911 1385 1020 1439 τῶν
1075 1388 1219 1442 ἰδίων
1263 1389 1550 1462 πτερύγων
1581 1392 1992 1464 ἐγυμνώθημεν·

409 1471 500 1525 διά
517 1472 676 1526 τοῦτο
703 1475 949 1546 ἐπεφάνη
975 1479 1007 1547 ή
1035 1479 1126 1532 τοῦ
1154 1479 1288 1534 Θεοῦ
1311 1481 1470 1552 χάρις
1492 1483 1799 1551 φωτίζουσα
1823 1487 1991 1556 ἡμᾶς,

412 1561 500 1616 ῐνα
520 1564 846 1636 ἀποθέμενοι
876 1569 974 1640 τὴν
1003 1569 1277 1637 ἀσέϐειαν,
1303 1574 1402 1627 καὶ
1425 1574 1524 1638 τὰς
1567 1575 1838 1644 κοσμικὰς
1869 1578 1993 1631 ἐπιο

412 1653 633 1724 θυμίας,
661 1656 822 1710 πάλιν
857 1658 925 1712 δι’
962 1661 1238 1732 ὀσιότητός
1269 1679 1330 1715 τε
1373 1663 1468 1717 καὶ
1491 1663 1834 1735 δικαιοσύνης
1864 1684 1994 1720 πτε-

2098 481 2156 535 in
2193 482 2316 537 aliis
2343 481 2526 534 divina
2562 493 2686 533 cum
2717 487 2912 534 natura
2954 479 3368 536 similitudinem
3419 480 3666 536 haberet.

2098 572 2195 628 Est
2243 581 2423 626 autem
2473 570 2866 636 manifestum,
2921 573 3130 626 alarum
3184 572 3509 628 vocabulum
3573 588 3669 642 per

2099 662 2596 718 considerationem
2647 661 2938 732 quamdam
2991 662 3273 732 ﬁguratam
3330 663 3400 718 ad
3443 678 3666 718 sensum

2099 753 2209 808 Deo
2242 763 2670 808 consentaneum
2717 768 2840 809 esse
2871 753 3307 807 transferendum
3335 769 3349 807 :
3382 753 3457 808 ita
3505 765 3563 808 ut
3615 763 3670 809 et

2099 851 2365 913 potestas,
2397 849 2450 898 et
2485 843 2787 906 beatitudo,
2827 851 2881 898 et
2914 851 3092 898 status
3140 859 3336 912 expers
3386 844 3664 910 interitus,

2097 943 2152 987 et
2190 935 2296 988 alia
2359 934 2673 1003 hujusmodi
2725 949 2820 1004 per
2872 934 2976 988 hoc
3018 949 3215 988 nomen
3266 935 3665 1002 signiﬁcentur.

2097 1024 2234 1091 Quia
2286 1026 2454 1096 igitur
2509 1027 2623 1081 haac
2673 1027 2838 1082 etiam
2893 1035 3048 1082 erant
3105 1029 3160 1080 in
3216 1026 3457 1088 homine,
3501 1043 3666 1097 quam

2097 1117 2316 1186 quidem
2367 1117 2461 1170 diu
2496 1133 2590 1186 per
2622 1118 2805 1171 omnia
2839 1116 2949 1171 Deo
3002 1127 3121 1171 erat
3175 1118 3416 1172 similis:
3474 1134 3665 1174 verum

2097 1207 2293 1262 deinde
2338 1210 2405 1260 ad
2444 1207 2798 1267 vitiositatem
2842 1208 2981 1262 facta
3016 1207 3300 1262 inclinatio
3338 1208 3540 1263 talibus
3567 1223 3666 1263 uos

2098 1299 2200 1354 alis
2254 1299 2512 1364 spoliavit
2568 1298 2946 1370 (posteaquam
3019 1299 3163 1356 enim
3222 1308 3375 1354 extra
3446 1309 3663 1370 tegmen

2097 1389 2308 1444 alarum
2327 1388 2422 1446 Dei
2445 1405 2570 1448 esse
2591 1392 2881 1461 coepimus,
2900 1393 3063 1447 etiam
3090 1393 3327 1462 propriis
3353 1392 3455 1448 alis
3475 1392 3663 1447 nudati

2096 1481 2334 1552 sumus),
2358 1482 2565 1538 idcirco
2595 1483 2689 1539 Dei
2716 1485 2888 1554 gratia
2915 1483 3183 1554 patefacta
3207 1493 3313 1548 est,
3345 1484 3666 1538 illuminans

2094 1587 2219 1638 nos,
2253 1583 2310 1627 ut
2341 1575 2620 1646 impietate
2652 1561 3054 1646 mu'ndanisque
3076 1577 3473 1646 cupiditatibus
3499 1576 3668 1645 depo-

2094 1663 2248 1727 sitis,
2304 1679 2526 1719 rursum
2563 1681 2658 1735 per
2705 1668 3050 1721 sanctitatem
3110 1682 3172 1721 ac
3217 1667 3490 1735 justitiam
3551 1668 3665 1721 alas

413 1747 792 1818 ροφυήσωμεν.
823 1751 1030 1805 Οὐκοῦν
1056 1753 1103 1805 εἰ
1131 1753 1302 1815 ταῦτα
1325 1754 1425 1825 τῆς
1445 1755 1701 1826 ἀληθείας
1725 1758 1826 1811 οὐκ
1859 1759 1991 1812 ἀπε-

2095 1754 2436 1826 proleramus
2465 1757 2532 1812 ⁸⁸.
2569 1759 2932 1824 Quamobrem
2979 1759 3024 1814 si
3057 1759 3172 1814 haec
3221 1760 3474 1814 veritatis
3510 1767 3664 1813 extra

412 1837 741 1905 σχοίνισται,
777 1841 975 1912 πρέπει
1027 1844 1178 1916 παρά
1211 1845 1310 1916 τῆς
1354 1845 1572 1918 νύμφης
1619 1848 1994 1918 ὁμολογεῖσθαι

409 1927 506 1998 τὴν
538 1930 624 1981 ἐπ’
652 1930 818 2002 αὐτῆς
864 1935 1164 2006 γενομένην
1191 1936 1345 2006 παρά
1373 1937 1481 1991 τῶν
1515 1938 1673 1992 θείων
1701 1939 1995 2012 ὀφθαλμῶν

410 2021 588 2092 χάριν.
651 2021 816 2092 Ὁμοῦ
843 2040 903 2075 τε
932 2023 1040 2095 γὰρ
1083 2026 1294 2080 ἐπεῖδεν
1338 2026 1486 2098 ἡμᾶς
1522 2031 1632 2090 τοῖς
1673 2029 1770 2099 τῆς
1801 2030 1993 2098 φιλαν-

409 2109 655 2182 θρωπίας
697 2111 993 2185 ὀφθαλμοῖς
1043 2117 1072 2168 ὀ
1119 2116 1283 2185 Θεὸς,
1341 2120 1436 2172 καὶ
1493 2121 1656 2189 ἡμεῖς
1704 2119 1846 2190 κατά
1895 2121 1993 2192 τὴν

407 2200 641 2272 ἀρχαίαν
679 2202 838 2274 χάριν
865 2205 1342 2278 ἀνεπτερώθημεν.
1387 2206 1572 2262 Ταῦτα
1601 2204 1693 2262 οὖν
1718 2206 1873 2280 οἶμαι
1904 2210 1992 2264 διὰ

408 2291 517 2345 τῶν
546 2294 853 2364 εἰρημένων
882 2296 974 2349 τὸν
1005 2296 1163 2365 λόγον
1203 2297 1595 2366 ἐνδείκνυσθαι,
1628 2300 1664 2354 ἃ
1697 2301 1994 2373 προσευχό-

413 2399 572 2451 μενος
607 2385 636 2435 ὀ
663 2385 827 2438 Δαϐὶδ
851 2387 908 2438 ἐν
937 2386 1323 2460 ἐξεκαιδεκάτῃ
1362 2390 1650 2462 ψαλμῳδίᾳ
1690 2393 1825 2462 φησί
1857 2394 1994 2464 πρὸς

413 2473 612 2542 Κύρων
645 2513 660 2533 ,
685 2473 765 2528 ὅτι
792 2479 856 2545 Ol
878 2478 1175 2547 ὀφθαλμοί
1193 2497 1308 2534 σου
1329 2480 1617 2535 ἰδέτωσαν
1633 2485 1990 2552 εὐθύτητας,

412 2569 513 2632 τάς
554 2565 692 2637 ἐμὰς
722 2567 981 2639 δηλονότι,
1054 2569 1451 2640 Ἑδοκίμασας
1472 2572 1580 2643 γὰρ
1602 2573 1717 2640 τὴν
1741 2573 1993 2642 καρδίαν

406 2670 543 2720 μου,
577 2656 762 2723 φησὶν,
798 2655 1120 2726 ἐπεσκέψω
1153 2661 1396 2726 νυκτός·
1423 2661 1739 2728 ἐπύρωσὰς
1765 2681 1861 2732 με,
1891 2664 1989 2716 καὶ

410 2745 525 2812 οὐχ
557 2743 772 2812 εὑρέθη
802 2747 870 2800 ἐν
895 2749 1021 2818 ἐμοὶ
1049 2749 1267 2806 ἀδικία.
1304 2752 1443 2805 Ἴσον
1470 2751 1564 2806 οὖν
1593 2757 1755 2819 ἐστιν,
1795 2757 1987 2822 εἰπεῖν,

408 2833 491 2884 ὅτι
517 2833 583 2887 Οἱ
603 2835 900 2904 ὀφθαλμοί
927 2853 1044 2892 σου
1075 2838 1364 2894 ἰδέτωσαν
1390 2843 1738 2910 εὐθύτηταςο
1768 2845 1881 2911 καὶ,
1910 2846 1990 2898 ὅτι

413 2924 480 2975 Ol
504 2924 802 2994 ὀφθαλμοί
841 2940 959 2982 σου
1004 2929 1072 2982 τὸ
1101 2929 1380 2984 ἐναντίον
1400 2931 1486 2999 μὴ
1527 2931 1984 2989 θεασάσθωσαν.

2092 1851 2268 1900 metas
2291 1847 2503 1915 prolata
2530 1863 2639 1903 non
2668 1857 2816 1912 sunt,
2839 1849 3096 1904 convenit
3125 1851 3228 1904 hoc
3253 1850 3374 1906 loco
3397 1858 3662 1912 statuere,

2093 1933 2252 1990 fateri
2304 1952 2564 2006 sponsam
2621 1939 2794 2008 ipsam
2850 1955 2958 2009 qua
3013 1941 3084 1995 sit
3117 1941 3186 1995 ab
3233 1942 3410 1996 oculis
3459 1941 3664 1995 divinis

2091 2027 2285 2082 all‘ecta
2309 2029 2506 2099 gratia.
2543 2029 2717 2085 Simul
2749 2032 2894 2086 enim
2929 2041 2984 2087 et
3013 2032 3366 2102 benignitatis
3407 2048 3521 2087 suae
3563 2047 3665 2086 nos

2091 2117 2269 2173 oculis
2314 2119 2529 2188 aspexit
2559 2118 2722 2186 Deus,
2769 2127 2824 2176 et
2869 2136 2969 2176 nos
3012 2121 3080 2174 ad
3113 2119 3422 2190 exemplum
3477 2121 3667 2190 gratim

2091 2209 2334 2279 pristinae
2355 2211 2472 2264 alas
2499 2212 2964 2280 recuperavimus.
2991 2212 3120 2267 limo
3145 2211 3385 2267 arbitror
3407 2212 3663 2280 equidem

2091 2317 2190 2372 per
2217 2303 2334 2358 hzec
2363 2303 2527 2358 verba
2573 2303 2894 2374 significari,
2925 2319 3047 2374 quae
3103 2305 3360 2374 precibus
3398 2303 3566 2358 David
3606 2304 3663 2357 in

2091 2388 2303 2457 psalmo
2338 2406 2425 2444 xvi
2479 2393 2816 2460 complexus,
2861 2392 2928 2446 ad
2966 2391 3255 2447 Dominum
3287 2394 3362 2447 ait
3384 2393 3429 2424 ⁸⁸
3459 2410 3472 2447 :
3506 2391 3663 2447 Oculi

2093 2478 2170 2529 tui
2243 2479 2454 2532 videant
2524 2481 2900 2546 rectitudines,
2969 2482 3226 2537 nimirum
3284 2497 3451 2537 meas.
3516 2482 3660 2536 Nam

2088 2569 2347 2636 probasti,
2393 2571 2485 2634 ait,
2528 2587 2845 2636 cor-meum,
2891 2580 2940 2624 et
2973 2572 3248 2638 impertisti
3301 2582 3503 2625 noctu:
3546 2573 3663 2640 igne

2091 2675 2171 2712 me
2195 2660 2539 2724 examinasti,
2575 2669 2626 2714 et
2665 2676 2769 2715 non
2819 2671 3024 2726 reperta
3057 2669 3135 2715 est
3168 2663 3223 2714 in
3268 2678 3347 2714 me
3382 2662 3661 2730 iniquitas.

2099 2746 2196 2802 Est
2228 2749 2391 2818 igitur
2425 2752 2585 2813 idem,
2639 2755 2686 2809 si
2717 2755 2868 2811 dicas
2915 2773 2928 2807 :
2982 2756 3133 2811 Oculi
3167 2758 3243 2810 tui
3271 2759 3473 2811 videant
3518 2763 3672 2812 recti-

2101 2839 2306 2894 tudine}
2350 2856 2369 2895 :
2416 2849 2470 2895 et
2519 2860 2533 2897 :
2585 2842 2740 2898 Oculi
2787 2847 2866 2898 tui
2905 2849 3228 2900 contrarium
3271 2864 3375 2902 non
3415 2859 3665 2920 spectent.

2092 2931 2227 2984 Nam
2257 2931 2352 3000 qui
2383 2937 2593 2985 rectum
2648 2931 2913 2992 intuetur,
2939 2929 3219 2998 obliquum
3253 2942 3364 2981 non
3398 2928 3566 2991 videt,
3607 2938 3663 2983 et

421 3013 481 3067 Ὀ
513 3015 624 3086 γὰρ
653 3018 714 3070 τὸ
733 3017 890 3082 εύθές
917 3017 1060 3084 ἰδὼν,
1090 3021 1301 3075 σκολιὸν
1323 3024 1422 3076 οὐκ
1447 3019 1570 3076 εἶδε·
1602 3025 1696 3077 καὶ
1723 3027 1751 3078 ὀ
1777 3025 1986 3078 σκολιὸν

2095 3022 2183 3091 qui
2213 3021 2496 3091 obliquum
2535 3035 2644 3074 non
2675 3019 2842 3085 videt,
2885 3019 3111 3073 omnino
3163 3025 3372 3074 rectum
3428 3025 3661 3086 spectat.

413 3105 490 3178 μὴ
533 3108 656 3162 ἰδὼν
673 3109 754 3168 ,τὸ
782 3110 937 3174 εὐθὲς
979 3113 1195 3176 πάντως
1223 3113 1495 3168 τεθέαται.
1543 3114 1752 3169 Οὐκοῦν
1776 3116 1863 3170 διὰ
1889 3117 1986 3187 τῆς

411 3198 504 3252 τοῦ
563 3200 806 3253 ἐναντίου
852 3203 1252 3274 ὑπεξαιρέσεως
1301 3205 1363 3258 τὸ
1411 3206 1612 3274 ἀγαθὸν
1658 3210 1768 3271 τοῖς
1819 3207 1984 3273 θείοις

409 3289 706 3360 ὀφθαλμοῖς
733 3292 1086 3360 ἐπιδείκνυσι,
1123 3296 1192 3348 δι’
1220 3289 1294 3350 ὧν
1325 3297 1722 3368 ἀναπτεροῦται
1761 3299 1922 3352 πάλιν
1950 3301 1984 3370 ὴ

408 3380 575 3452 ψυχὴ,
610 3383 644 3454 ἡ
688 3382 774 3436 διὰ
801 3384 898 3455 τῆς
925 3388 1205 3458 παρακοῆς
1229 3386 1339 3440 τῶν
1374 3389 1810 3460 πρωτοπλάστων
1855 3408 1986 3444 πτε-

412 3475 786 3544 ροῤῥυήσασα.
829 3476 1001 3530 Τοῦτο
1033 3478 1209 3532 τοίνυν
1235 3478 1322 3532 διὰ
1350 3481 1456 3532 τῶν
1485 3482 1790 3552 εἰρημένων
1825 3499 1985 3535 κατε-

412 3563 706 3634 νοήσαμεν·
729 3565 856 3618 Ὅτε
879 3567 928 3619 οἰ
949 3567 1216 3638 ὀφθαλμοί
1239 3585 1330 3621 σου
1351 3570 1437 3621 ἐπ’
1459 3570 1558 3640 ἐμέ
1581 3569 1984 3635 ἐπιϐλέπουσιν,

412 3654 844 3726 ἀποστρέφονται
878 3658 986 3711 ἀπὸ
1018 3659 1110 3713 τοῦ
1139 3659 1405 3714 ἐναντίου.
1447 3661 1522 3713 Οὐ
1547 3662 1654 3732 γάρ
1684 3661 1905 3731 ὄψονται
1935 3681 1987 3716 τι

412 3743 472 3796 ἐν
508 3744 632 3814 ἐμοὶ
673 3746 782 3799 τῶν
823 3749 1246 3819 ἐναντιουμένων
1297 3767 1408 3820 μοι.
1454 3751 1553 3804 Διά
1591 3751 1750 3805 τοῦτο
1780 3753 1989 3820 γίνεταί

417 3847 506 3901 μοι
544 3833 654 3886 ἀπὸ
690 3833 798 3888 τῶν
836 3835 1129 3906 ὀφθαλμῶν
1157 3853 1249 3889 σου
1270 3877 1284 3900 ,
1313 3837 1375 3890 τὸ
1421 3836 1583 3892 πάλιν
1609 3838 1986 3910 πτερωθῆναι,

416 3922 510 3975 καὶ
535 3924 823 3978 ἀναλαϐεῖν
847 3923 934 3978 δίἀ
970 3925 1077 3978 τῶν
1102 3925 1308 3995 ἀρετῶν
1333 3925 1432 3990 τὰς
1471 3927 1746 3998 πτέρυγας
1769 3929 1868 3999 τῆς
1890 3947 1989 3982 πε-

418 4019 692 4088 ριστερᾶς,
717 4015 784 4070 δι’
813 4017 880 4088 ἧς
907 4017 1110 4084 γίνεται
1145 4035 1233 4088 μοι
1271 4017 1368 4088 τῆς
1401 4018 1648 4088 πτήσεως
1678 4020 1712 4090 ἡ
1740 4019 1987 4091 δύναμιςο

418 4107 553 4161 ὥστε
572 4107 907 4178 πετασθῆναι
927 4110 1020 4162 καὶ
1042 4108 1406 4172 καταπαῦσαι,
1440 4109 1653 4180 ἐκείνην
1680 4109 1877 4183 δηλαδὴ
1893 4112 1989 4183 τὴν

418 4199 777 4262 κατάπαυσιν,
816 4199 882 4270 ἣν
914 4199 1256 4254 κατέπαυσεν
1297 4202 1325 4253 ὀ
1361 4199 1492 4263 Θεὸς
1521 4199 1628 4255 ἀπὸ
1660 4200 1767 4256 τῶν
1812 4202 1990 4273 ἔργων

420 4289 606 4342 αὑτοῦ.

2095 3113 2280 3184 Itaque
2316 3128 2412 3184 per
2439 3113 2858 3168 summotiouem
2898 3111 3181 3176 contrarii,
3221 3111 3428 3166 bonum
3459 3110 3660 3165 divinis

2094 3207 2148 3260 in
2173 3205 2349 3259 oculis
2377 3205 2736 3266 demonstrat,
2770 3217 2866 3273 per
2897 3217 3039 3273 quos
3068 3203 3184 3257 alas
3213 3202 3398 3255 anima
3424 3216 3657 3272 recupe-

2093 3303 2219 3359 rat,
2267 3309 2390 3364 quae
2436 3310 2533 3364 per
2594 3293 3020 3348 inobedientiam
3076 3292 3254 3361 primo
3313 3293 3662 3347 conditorum

2095 3386 2376 3440 hominum
2432 3401 2540 3439 non
2602 3385 2840 3454 amplius
2894 3383 3010 3437 alas
3068 3398 3099 3437 a
3159 3393 3354 3438 natura
3406 3383 3661 3438 habebat.

2095 3475 2276 3542 Quare
2305 3477 2387 3530 sic
2410 3475 2765 3546 intelligimus
2795 3475 2910 3529 hinc
2950 3473 3137 3539 verba,
3163 3474 3322 3542 quasi
3347 3473 3619 3529 diceretur
3643 3489 3658 3524 :

2093 3565 2249 3620 Oculi
2276 3565 2354 3618 tui
2385 3579 2508 3618 cum
2543 3579 2628 3617 me
2666 3563 2988 3631 inspiciunt,
3020 3569 3345 3616 avertuntur
3384 3575 3416 3614 a
3446 3569 3667 3616 contra-

2093 3656 2196 3711 rio.
2227 3655 2345 3710 Non
2371 3655 2515 3709 enim
2563 3653 2830 3707 videbunt
2873 3652 2929 3706 in
2962 3665 3048 3706 me
3095 3651 3396 3721 quidquam
3445 3667 3660 3712 eorum,

2093 3763 2215 3818 qua:
2245 3747 2376 3801 mihi
2427 3745 2708 3800 contraria
2753 3751 2904 3800 sunt.
2957 3741 3169 3798 Idcirco
3207 3744 3316 3798 tuis
3369 3743 3437 3797 ab
3485 3744 3663 3798 oculis

2096 3841 2200 3895 hoc
2231 3853 2563 3908 consequor,
2618 3844 2680 3891 ut
2733 3851 2950 3890 rursum
3001 3837 3116 3892 alas
3161 3836 3414 3897 habeam,
3465 3843 3519 3889 et
3566 3851 3664 3904 per

2095 3930 2326 3985 virtutes
2371 3942 2690 3996 recupercm
2741 3925 2858 3979 alas
2905 3924 3062 3993 ejus,
3099 3940 3222 3994 qua:
3267 3931 3352 3978 est
3402 3932 3660 3992 tanquam

2096 4019 2386 4076 columba:
2439 4033 2548 4088 quo
2602 4017 2661 4071 lit
2693 4025 2754 4071 ut
2801 4017 2988 4070 volare
3036 4015 3263 4086 possim.
3317 4029 3380 4068 ac
3420 4013 3662 4068 vicissim

2097 4111 2420 4183 quiescere:
2453 4110 2637 4180 quiete
2666 4110 2758 4164 illa
2796 4109 3079 4171 nimirum,
3119 4121 3227 4178 qua
3264 4106 3407 4162 Deus
3437 4105 3505 4160 ab
3535 4119 3667 4174 ope-

2096 4205 2251 4260 ribus
2277 4205 2393 4258 suis
2421 4203 2648 4274 quievit.

489 4381 658 4434 Πάλιν
700 4380 756 4434 δέ
801 4379 941 4450 μετά
967 4353 1081 4444 ’τὰς
1110 4381 1291 4449 φωνάς
1318 4380 1520 4444 ταύτας
1564 4383 1598 4452 η
1633 4381 1727 4436 τοῦ
1765 4382 1991 4449 κάλλους

2167 4382 2436 4438 Caeterum
2468 4389 2589 4450 post
2615 4380 2730 4434 haec
2763 4380 2925 4436 verba
2958 4393 3178 4432 rursum
3208 4377 3509 4447 descriptio
3540 4377 3664 4446 pul-

421 4471 516 4542 τῆς
546 4471 763 4543 νύμφης
796 4471 1088 4544 ὑπογραφὴ
1115 4472 1440 4542 διαδέχεται,
1484 4473 1592 4525 τῶν
1621 4475 1698 4537 είς
1726 4473 1822 4546 τὴν
1845 4474 1993 4548 ῶραν

422 4563 582 4616 αὑτοῦ
635 4562 1026 4644 συντελούντων
1072 4563 1300 4616 ’ἑκαστον
1368 4563 1456 4617 διά
1495 4581 1640 4627 τινος
1686 4565 1996 4636 προσφυοῦς

422 4651 728 4722 ὁμοιώσεως
767 4652 862 4705 τοῦ
899 4653 1056 4721 λόγου
1099 4653 1467 4723 σεμνύνοντος.
1525 4654 1852 4708 Ἐπαινεῖται
1886 4655 1994 4726 γὰρ

421 4744 587 4814 αὐτῆς
615 4743 723 4796 τῶν
756 4761 814 4798 τε
851 4743 1052 4815 τριχῶν
1076 4745 1137 4797 τὸ
1183 4744 1407 4807 κάλλος,
1443 4745 1534 4798 καὶ
1574 4745 1680 4800 τῶν
1705 4746 1929 4798 ὀδόντων
1959 4748 1992 4816 ἡ

423 4833 588 4898 θέσις,
620 4836 714 4887 καὶ
741 4835 802 4888 τὸ
826 4835 919 4887 ἐπὶ
946 4833 1038 4887 τοῦ
1082 4834 1289 4904 χείλους
1331 4834 1509 4898 ἀνθος,
1544 4836 1636 4888 καὶ
1667 4836 1728 4888 τὸ
1759 4836 1856 4907 ἡδὺ
1893 4835 1993 4905 τῆς

423 4922 627 4992 φωνῆς,
668 4925 765 4994 τῆς
798 4942 855 4977 τε
881 4927 1116 4994 παρειᾶς
1139 4924 1199 4977 τὸ
1219 4924 1490 4996 ἐρύθημα.
1537 4926 1596 4978 Ὀ
1621 4925 1676 4978 δέ
1714 4926 1839 4996 περὶ
1862 4926 1992 4980 ἐκά-

425 5028 548 5067 στου
582 5015 690 5068 τῶν
728 5003 1030 5087 εἰρημένων
1075 5016 1316 5080 ἔπαινος,
1357 5015 1444 5068 διά
1479 5033 1622 5080 τινος
1659 5015 1991 5087 καταλληλου

426 5102 761 5173 συγκρίσεως
778 5121 836 5156 τε
863 5106 956 5158 καὶ
985 5105 1339 5177 παραθέσεως
1368 5105 1664 5176 πληροῦται
1689 5109 1754 5177 τῇ
1782 5105 1988 5178 νύμφῃ.

425 5194 488 5245 Ai.
518 5195 614 5264 μὲν
642 5194 751 5266 γὰρ
794 5195 978 5266 τρίχες
1003 5196 1223 5265 ἀγέλαις
1245 5196 1414 5264 αἰγῶν
1451 5199 1570 5260 ταῖς
1607 5196 1993 5265 ἀναφανείσαις

427 5280 531 5334 ἀπὸ
554 5281 647 5334 τοῦ
681 5281 892 5336 Γαλαὰδ
919 5282 1298 5353 ὼμοιώθησανο
1330 5285 1385 5336 αἱ
1427 5282 1484 5336 δέ
1511 5282 1620 5337 τῶν
1645 5283 1998 5354 κεκαρμένων

428 5371 615 5440 ἀγέλαι
644 5373 883 5444 διδύμοις
924 5375 1102 5438 τόκοις
1134 5373 1598 5444 ἐπαγαλλόμεναι,
1631 5374 1692 5427 τὺ
1715 5373 1822 5428 τῶν
1847 5374 1996 5428 ὀδόν-

429 5476 533 5515 των
554 5462 828 5534 ἐγκώμιον
860 5464 1124 5536 πληροῦσι
1155 5466 1242 5520 διά
1262 5469 1361 5535 τῆς
1385 5465 1716 5537 ὁμοιώσεως
1755 5467 1999 5539 σπαρτίῳ

503 5645 552 5678 ⁸⁸
578 5644 684 5701 Tit.
723 5662 782 5710 ιι,
825 5646 911 5698 12.
989 5645 1032 5673 ’⁸⁸
1073 5641 1217 5698 Psal.
1245 5658 1355 5709 xvi,
1387 5644 1442 5710 Ξ),
1473 5643 1523 5696 3.

2099 4472 2430 4528 chritudinis
2483 4486 2704 4540 sponsa:
2755 4469 3037 4534 succedit,
3085 4478 3140 4522 et
3182 4468 3395 4538 singula
3444 4483 3564 4533 qua:
3595 4466 3662 4520 ad

2097 4566 2420 4634 elegantiam
2468 4563 2642 4633 ipsius
2708 4561 2887 4616 facere
2930 4567 3187 4630 possunt,
3252 4568 3378 4628 apta
3426 4558 3664 4628 quadam

2098 4655 2454 4711 similitudine
2500 4661 2785 4709 ornantur.
2824 4650 2961 4706 Nam
2987 4659 3044 4707 et
3101 4664 3381 4706 comarum
3412 4649 3531 4718 ejus
3570 4663 3668 4703 ve-

2099 4758 2292 4802 nustas
2328 4745 2602 4809 laudatur,
2645 4753 2701 4800 et
2743 4744 2987 4799 dentium
3025 4741 3335 4805 collocatio,
3382 4747 3437 4796 et
3488 4739 3588 4795 llos
3611 4740 3667 4794 in

2099 4839 2276 4901 labro,
2303 4845 2358 4894 et
2401 4837 2552 4892 vocis
2587 4836 2850 4900 suavitas,
2882 4843 2936 4889 et
2965 4847 3224 4903 genarum
3273 4831 3463 4886 rubor.
3491 4830 3669 4900 Atque

2098 4930 2292 4985 horum
2321 4930 2564 4983 omnium
2606 4927 2726 4982 laus
2782 4941 2880 4994 per
2913 4924 3325 4980 convenientem
3373 4921 3666 4993 quamdam

2098 5018 2559 5087 comparationem
2594 5030 2811 5086 sponsae
2870 5013 3186 5068 assolvitur.
3219 5011 3430 5067 Etenim
3480 5010 3665 5080 capilli

2097 5109 2279 5177 capris
2310 5107 2378 5161 de
2404 5105 2607 5160 Galaad
2636 5103 3057 5174 conspiciendas
3093 5118 3154 5158 se
3180 5101 3551 5172 praabentibus
3579 5114 3667 5153 as-

2100 5199 2448 5254 similantur:
2481 5206 2769 5253 tonsarum
2795 5211 2926 5252 vero
2953 5209 3166 5267 greges,
3197 5191 3429 5264 geminis
3465 5189 3667 5244 fetibus

2096 5289 2414 5359 gaudentes,
2444 5289 2752 5344 encomium
2790 5287 3033 5342 dentium
3055 5284 3378 5340 coniiciunt.
3397 5277 3666 5332 Funieulo

2097 5378 2332 5448 denique
2363 5377 2624 5434 coccineo
2655 5376 2859 5431 labium
2911 5379 3260 5442 comparatur
3288 5388 3302 5425 :
3342 5376 3398 5424 et
3430 5381 3526 5436 per
3553 5365 3667 5419 col.

2099 5471 2355 5528 lationem
2387 5486 2511 5528 cum
2543 5469 2673 5524 mali
2723 5467 2905 5537 punici
2938 5466 3146 5522 cortice
3187 5474 3452 5534 genarum
3498 5469 3668 5514 oratr
