3996 6196
366 300 424 354 l‘l
437 300 506 354 03

1597 293 1660 350 S.
1695 293 2019 353 CBEGORII
2050 297 2342 355 NYSSENI

3447 301 3563 356 illi;

363 420 602 463 mentum
635 403 927 459 indicatur.
960 401 1136 457 Verba
1188 400 1673 472 sunt‘hujusmodi
1706 422 1719 458 :
1761 404 1928 458 Coma

2030 408 2082 460 δὲ
2113 409 2440 478 κοκκοσαφεῖ
2473 407 2531 460 τὸ
2573 407 2746 476 χεῖλος
2797 405 3073 472 εἰκάζεται
3095 448 3108 469 ,
3140 406 3233 460 καλ
3273 404 3348 477 τῷ
3371 406 3566 480 λεπύρῳ

363 510 453 553 tua
481 497 618 552 velut
638 511 818 567 greges
853 509 1160 562 caprarum,
1197 511 1312 564 quw
1329 505 1684 562 apparuerunt
1728 495 1793 548 de
1822 496 1928 549 Ga-

361 587 508 642 laad.
568 587 753 640 Dentes
809 585 885 638 tui
935 587 1070 639 sicut
1120 601 1296 656 greges
1352 593 1648 649 tonsarum,
1705 602 1820 656 qua:
1865 589 1928 641 de

362 684 572 733 lavacro
611 677 978 741 ascenderunt,
1020 687 1068 731 et
1118 694 1294 731 omnes
1344 677 1481 745 fetus
1552 677 1798 746 gemellos
1833 679 1928 731 Iut-

362 773 555 833 bentes,
591 786 752 839 neque
796 771 989 823 sterilis
1018 771 1154 822 inter
1184 785 1272 822 eas
1308 769 1422 822 ulla
1466 778 1562 822 est.
1611 768 1786 821 Labra
1835 779 1926 822 tua

359 870 481 914 sunt
515 861 683 912 instar
712 858 938 928 funiculi
971 859 1222 922 coccinei,
1257 867 1306 911 et
1340 859 1545 928 loquela
1583 867 1672 911 tua
1717 859 1924 927 elegans

355 959 455 1002 est.
493 947 653 1001 Molle
683 956 785 1000 tua:
808 947 981 999 instar
1008 947 1222 999 corticis
1258 947 1389 999 mali
1417 948 1618 1013 punici,
1653 957 1846 1014 prwter
1871 945 1926 998 id

356 1039 494 1111 quod
527 1040 581 1093 in
611 1049 658 1091 te
699 1038 967 1091 reticetrtr.
1001 1036 1133 1103 Quae
1163 1039 1345 1092 omnia
1374 1053 1497 1092 cum
1552 1038 1806 1107 superius
1837 1053 1927 1093 sa-

359 1133 428 1185 tis
463 1129 770 1200 indagando
793 1129 902 1182 sint
921 1129 1212 1198 explicata,
1236 1143 1705 1198 supervacaneum
1738 1129 1923 1193 fuerit,

357 1222 670 1277 earumdem
705 1221 1228 1290 contemplationum
1266 1222 1585 1290 repetitione
1619 1223 1924 1276 molestiam

357 1313 589 1367 orationi
613 1317 814 1366 nostra:
838 1311 1076 1381 aliquam
1103 1311 1498 1376 creare-Quod
1531 1313 1576 1366 si
1600 1314 1722 1382 quis
1747 1322 1924 1366 tamen

355 1403 519 1458 etiam
552 1403 714 1456 modo
731 1402 838 1457 dici
874 1402 1124 1456 nonnihil
1147 1403 1218 1456 de
1242 1403 1432 1457 iisdem
1455 1405 1684 1474 expetit,
1708 1414 1928 1474 propter

356 1509 470 1556 cos,
501 1493 592 1562 qui
625 1508 800 1562 nuper
831 1508 930 1548 nos
971 1507 1078 1546 non
1114 1491 1374 1547 audivere
1402 1513 1413 1547 :
1449 1481 1692 1548 breviter
1731 1496 1924 1548 horum

356 1583 702 1652 aenigmatum
739 1582 1064 1636 sententiam
1110 1595 1521 1650 pereurremus.
1563 1580 1756 1650 Capilli
1801 1597 1926 1635 coro

359 1674 506 1744 poris
536 1673 863 1742 peculiarem
895 1671 1186 1742 quamdam
1219 1679 1271 1726 et
1300 1671 1577 1726 diversam
1633 1687 1662 1724 a
1711 1673 1923 1740 reliquo

2030 500 2128 568 τῆς
2170 499 2298 566 ῥόας
2335 500 2368 570 ἡ
2421 496 2624 567 παρειὰ
2656 497 3073 561 καλλωπίζεται.
3109 495 3262 566 Ἔχει
3295 495 3406 566 δὲή
3441 496 3570 561 λέξις

2028 592 2226 655 οὕτως’
2254 592 2516 661 Τρίχωμά
2551 610 2668 646 σου
2709 591 2914 661 ἀγέλαι
2954 591 3074 645 τῶν
3101 592 3303 661 αιγιῖιν,
3357 593 3415 646 aI
3453 595 3572 648 dre-

2027 679 2310 746 φάνησαν
2331 680 2446 732 ἀπὸ
2470 679 2576 730 τοῦ
2604 678 2865 731 Γαλαὰδ.
2911 678 3167 743 ὀδόντες
3205 693 3320 731 σου
3355 679 3430 744 ὡς
3450 679 3573 747 ἁτέ-

2025 772 2124 821 λαι
2154 767 2271 819 τῶν
2310 767 2705 836 κεχαρμένιιιν,
2732 767 2795 819 αῖ
2819 767 3124 834 ἀνέϐησαν
3160 765 3275 818 ἀπὸ
3312 767 3412 819 τοῦ
3448 771 3576 821 ,ιου-

2027 855 2188 925 τροῦ,
2215 859 2273 909 al
2303 857 2489 911 πᾶσαι
2520 857 2969 926 διδυμεύουσαι,
2997 856 3095 910 καὶ
3119 857 3452 911 ἀτεκνοῦσα
3478 861 3578 912 οὐκ

2025 947 2198 1000 ἐστιν
2227 947 2296 999 ὲν
2338 947 2566 1011 αὑταῖς.
2625 948 2717 1012 Ὡς
2754 949 3050 1014 σπαρτίον
3096 949 3378 1001 κόκκινον
3421 950 3579 1017 χείλη

2025 1056 2162 1100 σου.
2197 1041 2294 1094 καὶ
2328 1042 2365 1108 ἠ
2393 1039 2574 1093 λαλιά
2617 1054 2732 1093 σου
2773 1040 2972 1107 ὡραία.
3027 1037 3122 1105 Ὠς
3160 1038 3424 1106 λέπυρον
3445 1041 3582 1107 ῥόας

2017 1132 2220 1202 μῆλόν
2242 1146 2378 1192 σου,
2405 1131 2577 1196 ἐκτὸς
2602 1129 2709 1197 τῆς
2747 1129 3101 1196 σιωπήσεώς
3127 1147 3264 1183 σου.
3292 1123 3392 1182 Ὧν
3421 1131 3582 1183 ἀπάν-

2023 1237 2130 1273 των
2175 1221 2231 1272 ὲν
2252 1221 2362 1283 τοῖς
2402 1219 2668 1287 φθάσασιν
2699 1219 2900 1282 ἱκανῶς
2934 1219 3317 1290 ὲξητασμένων
3349 1220 3586 1288 περιττὸν

2024 1310 2090 1364 ἂν
2128 1310 2213 1380 εἴη
2246 1310 2334 1363 διὰ
2359 1310 2460 1379 τῆς
2487 1310 2592 1362 τῶν
2623 1310 2800 1363 αὐτῶν
2843 1310 3212 1380 θεωρημάτων
3256 1309 3586 1377 παλιλλογίας

2022 1397 2178 1470 ὄχλον
2227 1402 2608 1468 ἐπεισαγαγεῖν
2643 1400 2720 1470 τῷ
2765 1400 2924 1470 λόγῳ.
2956 1401 3018 1452 Εἰ
3045 1400 3098 1452 δὲ
3137 1417 3219 1462 τις
3247 1399 3342 1451 καὶ
3375 1398 3464 1450 νῦν
3503 1399 3590 1451 τὸν

2025 1494 2156 1562 περὶ
2197 1491 2306 1544 τῶν
2333 1492 2515 1545 αὐτῶν
2539 1493 2696 1560 λόγον
2725 1492 3005 1562 ὲπιζητοίη
3043 1491 3326 1559 γενέσθαι,
3361 1491 3447 1544 διὰ
3474 1492 3587 1554 τοὺς

2025 1582 2290 1651 ἀνηκόους
2320 1581 2428 1634 τῶν
2457 1583 2690 1651 πρώτων
2719 1585 2799 1646 είς
2829 1583 2896 1636 τὰ
2931 1582 3070 1653 ῥητά
3093 1581 3263 1636 ταῦτα
3297 1582 3589 1652 θεωρηθένο

2025 1688 2151 1724 των·
2180 1671 2248 1725 δι’
2273 1672 2466 1740 ὀλίγων
2495 1673 2592 1744 τὴν
2623 1673 2857 1726 διάνοιαν
2880 1673 2988 1726 τῶν
3019 1675 3354 1742 αἰνιγμάτων
3382 1673 3591 1744 ἐπιδρα-

358 1781 584 1833 corpore
617 1772 867 1818 naturam
901 1763 1122 1816 habent.
1158 1759 1292 1814 Nam
1321 1777 1444 1816 cum
1480 1777 1682 1832 corpus
1711 1762 1928 1816 univer-

2033 1762 2299 1833 μούμεθα.
2326 1765 2392 1816 Ai
2421 1765 2603 1833 τρίχες
2647 1765 2741 1817 τοῦ
2785 1764 3032 1835 σώματος
3080 1763 3390 1827 ἰδιάζουσαν
3420 1765 3591 1833 ἔχουσι

358 1872 476 1910 sum
514 1857 595 1910 vis
624 1856 847 1910 sensilis
881 1855 1165 1924 gubernet,
1187 1854 1395 1924 absque
1428 1869 1533 1924 qua
1563 1870 1720 1909 nemo
1747 1855 1928 1908 vivere

359 1957 562 2016 posset,
593 1947 736 2016 quod
793 1961 990 2001 sensus
1034 1946 1151 2015 ipse
1183 1946 1254 2000 sit
1299 1947 1408 2000 vita
1441 1946 1735 2014 corporis;
1780 1945 1927 2001 solos

357 2037 582 2105 capillos
611 2036 859 2088 videmus
887 2041 941 2088 et
971 2042 1185 2102 partem
1219 2034 1470 2102 corporis
1503 2049 1647 2096 esse,
1678 2042 1732 2087 et
1762 2049 1925 2088 sensu

357 2137 536 2181 tamen
563 2141 768 2180 carere.
805 2125 980 2193 Atque
1018 2125 1158 2177 hanc
1189 2125 1361 2192 partis
1411 2125 1574 2194 hujus
1623 2126 1928 2194 proprieta-

357 2229 462 2272 tem
487 2232 629 2280 esse,
653 2215 891 2270 declarat
917 2216 1021 2267 hoc
1038 2214 1242 2282 ipsum,
1265 2216 1408 2284 quod
1440 2231 1616 2284 neque
1639 2217 1926 2270 exustione

356 2323 530 2378 ncque
583 2308 842 2370 sectione,
887 2305 1086 2374 reliqui
1134 2306 1384 2374 corporis
1433 2307 1628 2372 instar,
1683 2307 1925 2362 dolorem

355 2400 535 2469 capilli
576 2397 899 2468 percipiant.
934 2394 1120 2465 Itaque
1172 2411 1295 2451 cum
1353 2396 1421 2451 de
1470 2399 1740 2452 sententia
1795 2399 1926 2454 dicti

356 2491 570 2545 Paulini
593 2490 662 2551 ⁸⁸,
712 2489 882 2556 gloria
937 2488 1184 2542 mulieris
1232 2488 1301 2543 sit
1344 2505 1520 2554 coma,
1567 2491 1769 2560 quippe
1807 2508 1928 2561 quae

356 2599 453 2653 per
488 2582 778 2636 cincinnos
821 2586 988 2648 caput
1037 2590 1304 2636 exornet:
1337 2580 1600 2636 docemur
1633 2601 1728 2653 per
1785 2585 1928 2638 hanc

356 2672 681 2742 capillorum
709 2685 928 2738 sponsa:
956 2668 1426 2739 praedicationem,
1456 2672 1656 2728 debere
1686 2675 1807 2730 illos
1834 2677 1925 2745 qui

358 2763 409 2816 in
439 2764 622 2832 capite
671 2776 884 2830 sponsae
917 2776 1036 2815 esse
1095 2762 1494 2833 intelliguntur,
1544 2773 1597 2818 et
1645 2781 1740 2835 per
1788 2782 1927 2835 quos

359 2854 528 2924 gloria
562 2853 822 2905 Ecclesiae
855 2851 1086 2916 accedit,
1124 2852 1326 2908 habere
1365 2870 1561 2911 sensus
1605 2857 1660 2910 in
1692 2866 1926 2926 potesta-

361 2954 415 3000 te
431 2959 762 3014 sua,pcrque
783 2945 1106 3013 sapientiam
1134 2961 1353 2999 sensum
1385 2948 1662 3003 occultare
1693 2967 1705 3002 :
1738 2965 1926 3018 quem-

359 3034 651 3089 admodum
703 3035 840 3089 liber
877 3034 1296 3089 Proverhiorum
1354 3036 1622 3107 loquitur,
1651 3053 1774 3092 cum
1807 3040 1879 3092 ait
1907 3057 1920 3092 :

359 3127 627 3196 Sapientes
718 3127 1044 3180 abscondunt
1107 3144 1316 3180 sensum
1354 3129 1448 3179 97-:
1510 3129 1765 3183 nimirum
1831 3124 1992 3201 quiU

358 3237 468 3276 non
531 3237 598 3274 ex
655 3235 875 3289 aspectu
918 3220 984 3274 de
1035 3221 1177 3274 bono
1225 3221 1494 3289 judicium
1541 3223 1766 3287 faciunt,
1815 3241 1924 3279 non

361 3319 579 3382 gustatu
639 3310 845 3363 bonum
917 3311 1237 3378 explorant,
1294 3326 1400 3365 non
1477 3311 1767 3379 odoratui,
1818 3331 1924 3369 non

361 3403 550 3466 tactui,
602 3416 709 3454 non
758 3400 981 3455 alterius
1023 3416 1220 3455 sensus
1260 3416 1468 3471 organo
1507 3404 1924 3458 :estimationem

363 3495 485 3548 boni
523 3494 883 3562 permittunt;
934 3490 1026 3545 sed
1061 3493 1208 3545 omni
1246 3508 1410 3547 sensu
1453 3495 1800 3559 mortiﬁcata,
1832 3509 1929 3563 per

362 3585 540 3640 stilum
569 3584 810 3638 animum
843 3583 1023 3637 oblata
1064 3584 1232 3636 menti
1262 3584 1404 3637 bona
1442 3587 1848 3653 amplectuntur
1875 3591 1928 3638 ct

360 3684 660 3748 expetunt:
717 3684 881 3746 atque
937 3675 1042 3728 hoc
1098 3675 1259 3729 modo
1286 3676 1567 3730 mulierem
1608 3677 1776 3737 illam,
1809 3691 1929 3744 qua:

362 3776 446 3822 est
477 3765 740 3827 Ecclesia,
772 3764 944 3834 gloria
978 3763 1210 3834 quadam
1248 3773 1538 3827 exornant,
1596 3781 1704 3819 non
1759 3766 1929 3817 hono-

365 3859 514 3913 ribus
542 3857 989 3921 intumescentes,
1023 3871 1198 3925 neque
1231 3872 1325 3924 per
1365 3856 1727 3924 ahjcctionem
1761 3856 1926 3908 animi

363 3950 528 4004 rebus
561 3947 814 4000 tristibus
844 3946 898 3999 in
923 3957 1210 4015 angustum
1244 3949 1420 4000 coacti
1447 3965 1460 4013 ;
1488 3947 1580 4001 sed
1605 3950 1657 4000 iu
1684 3947 1928 4000 adversis

363 4041 580 4096 casibus
610 4038 935 4106 capillorum
960 4037 1133 4092 instar
1157 4052 1215 4091 se
1241 4053 1438 4092 sensus
1459 4047 1715 4107 expertes
1746 4037 1928 4091 decla-

365 4140 564 4191 rantcs,
590 4128 804 4181 etiamsi
829 4126 910 4181 vel
933 4127 1103 4182 sectio
1123 4137 1344 4197 propter
1366 4129 1522 4182 (idem
1547 4129 1600 4181 in
1624 4129 1924 4193 Christum,

365 4223 447 4275 vcl
483 4219 547 4271 ad
599 4217 826 4280 bestias,
861 4217 943 4272 vel
977 4217 1032 4272 in
1083 4219 1262 4288 ignem
1316 4218 1553 4288 ahjectio
1605 4216 1926 4288 perferenda

366 4314 457 4366 sit.
492 4309 636 4364 Talis
663 4317 780 4363 erat
811 4307 958 4364 Elias
1012 4308 1123 4375 ille,
1153 4310 1246 4379 qui
1299 4309 1364 4364 de
1401 4309 1605 4362 Galaad
1660 4308 1924 4369 ascendit,

2028 1855 2175 1925 παρὰ
2216 1855 2274 1908 τὺ
2325 1856 2510 1909 λοιπθν
2545 1857 2700 1926 σῶμα
2743 1857 2840 1927 τὴν
2880 1857 3057 1925 φύσιν.
3109 1857 3316 1921 Παντὸς
3365 1858 3471 1928 γὰρ
3503 1855 3590 1910 τοῦ

2029 1946 2276 2016 σώματος
2306 1947 2593 2018 αίσθητικῇ
2631 1947 2852 2018 δυνάμει
2886 1948 3326 2017 διακονουμένου,
3365 1944 3434 2020 ἧς
3473 1948 3592 2001 ἄνευ

2025 2037 2118 2090 τοῦ
2150 2038 2248 2108 ζῇν
2280 2038 2439 2107 φύσιν
2482 2039 2579 2092 οὐκ
2608 2038 2738 2109 ἔχει·
2777 2038 2888 2110 ζωὴ
2912 2039 3020 2111 γὰρ
3051 2039 3144 2092 τοῦ
3175 2039 3428 2110 σώματός
3458 2042 3594 2092 ἐστιν

2024 2126 2061 2198 ἡ
2109 2127 2378 2197 αἴσθησις·
2428 2127 2590 2199 μόνας
2631 2129 2847 2200 ὁρῶμεν
2902 2131 3000 2192 τὰς
3047 2129 3240 2200 τρίχας
3297 2131 3396 2184 καὶ
3438 2133 3595 2203 μέρος

2023 2215 2189 2281 οὔσας
2241 2217 2333 2270 τοῦ
2397 2218 2667 2288 σώματος.
2736 2219 2830 2271 καὶ
2886 2219 3217 2290 άμοιρούσας
3273 2221 3591 2292 αἰσθήσεως.

2026 2310 2276 2363 Δείκνυσι
2318 2311 2375 2363 δὲ
2405 2311 2604 2382 ταύτην
2646 2312 2736 2363 ἐπὶ
2774 2310 2868 2364 τοῦ
2897 2311 3094 2382 μέρους
3121 2312 3310 2365 τούτου
3350 2313 3448 2384 τὴν
3483 2315 3598 2367 ίδιὸ-

2025 2421 2180 2474 τητα,
2224 2403 2284 2455 τὸ
2336 2403 2470 2472 μήτε
2518 2404 2605 2456 διὰ
2648 2403 2895 2467 καύσεως
2947 2405 3083 2474 μήτε
3128 2404 3214 2457 διὰ
3261 2406 3442 2475 τομῆς
3484 2406 3596 2458 καθ’

2025 2495 2316 2565 ὁμοιότητα
2359 2494 2453 2547 τοῦ
2507 2495 2664 2548 ἄλλου
2703 2494 2950 2565 σώματος
2995 2497 3088 2548 καὶ
3130 2497 3335 2560 ταύτας
3385 2497 3600 2565 ἀλγύνε-

2028 2585 2169 2638 σθαι.
2215 2585 2432 2654 Ἐπειδὴ
2466 2584 2642 2636 τοίνυν
2692 2584 2833 2637 κατὰ
2872 2587 2971 2654 τὴν
2998 2585 3211 2639 Παύλου
3248 2586 3457 2657 φωνὴν,
3480 2587 3599 2652 δόξα

2026 2677 2122 2748 τῆς
2146 2677 2400 2743 γυναικός
2450 2678 2594 2728 ἐστιν
2625 2678 2657 2745 ἡ
2706 2678 2870 2746 κόμη,
2899 2676 2986 2728 διὰ
3022 2677 3130 2728 τῶν
3161 2677 3468 2748 πλοκάμων
3505 2679 3598 2747 τὴν

2026 2767 2260 2837 κεφαλὴν
2303 2766 2609 2836 ὡραῒζουσα
2630 2783 2644 2796 ο
2691 2766 2848 2819 τοῦτο
2875 2767 2960 2820 διὰ
2988 2767 3083 2820 τοῦ
3117 2768 3340 2821 ἐπαίνου
3375 2769 3482 2822 τῶν
3507 2768 3600 2836 τῆς

2025 2858 2238 2929 νύμφης
2273 2859 2474 2930 τριχῶν
2505 2859 2886 2928 διδασκόμεθα,
2923 2861 3004 2913 ὅτι
3049 2861 3152 2930 χρὴ
3191 2862 3320 2924 τοὺς
3359 2862 3484 2932 περὶ
3509 2861 3601 2930 τὴν

2026 2950 2266 3020 κεφαλὴν
2287 2951 2386 3020 τῆς
2412 2951 2471 3003 νύ
2481 2969 2627 3021 μψης
2655 2951 3080 3021 θεωρουμένους,
3105 2951 3168 3004 δι’
3193 2945 3265 3006 ὧν
3297 2954 3336 3024 ἡ
3383 2952 3603 3023 Ἐκκλη-

2001 3037 2118 3092 ’σία
2147 3039 2444 3105 δοξάζεται,
2483 3040 2759 3111 κρείττους
2798 3043 2906 3093 τῶν
2935 3041 3239 3112 αἰσθήσεων
3272 3042 3422 3096 εἶναι
3442 3085 3456 3107 ,
3483 3045 3606 3114 κρύ-

2029 3149 2257 3195 πτοντας
2285 3133 2369 3185 διὰ
2398 3133 2496 3201 τῆς
2533 3133 2721 3202 σοφίας
2748 3135 2844 3204 τὴν
2867 3134 3133 3204 αἴσθησιν.
3166 3131 3371 3200 Καθὼς
3401 3139 3433 3207 ἡ
3462 3136 3600 3206 Hap-

2025 3223 2177 3293 οιμία
2223 3225 2403 3292 φησίψ
2448 3225 2526 3276 ὅτι
2565 3226 2743 3293 Σοφοὶ
2775 3228 3144 3294 κρύπτουσιν
3167 3228 3484 3294 αἴσθησιν,
3527 3221 3604 3291 οἷς

2026 3312 2123 3382 οὐχ
2149 3313 2336 3381 ὅρασις
2364 3311 2454 3364 τοῦ
2480 3313 2642 3365 καλοῦ
2675 3315 2953 3385 κριτήριον
2973 3316 3200 3383 γίνεται,
3225 3315 3357 3370 οὔτε
3384 3320 3451 3388 τῇ
3480 3317 3605 3386 γεύ-

2030 3419 2110 3454 σει
2157 3401 2217 3452 τδ
2252 3401 2450 3468 ἀγαθὸν
2499 3403 2888 3471 δοκιμάζεται,
2937 3405 3036 3457 οὐκ
3081 3407 3355 3477 ὀσφρήσει
3408 3425 3467 3461 τε
3516 3407 3605 3460 καὶ

2030 3493 2168 3561 ἁφῇ,
2211 3491 2330 3544 οὐδὲ
2377 3491 2517 3562 ἄλλῳ
2563 3495 2669 3544 τινὶ
2717 3493 3051 3564 αίσθητηρίῳ
3084 3496 3118 3564 ἡ
3150 3495 3242 3547 τοῦ
3276 3495 3450 3549 καλοῦ
3489 3497 3603 3547 ἐπι-

2028 3583 2284 3651 τρέπεται
2311 3582 2512 3651 κρίσις·
2545 3582 2676 3634 ἀλλὰ
2706 3583 2883 3652 πάσης
2911 3583 3273 3654 νεκρωθείσης
3295 3586 3604 3656 αἰσθήσεως

2027 3672 2114 3726 διὰ
2147 3671 2312 3742 μόνης
2350 3676 2448 3743 τῆς
2489 3673 2664 3742 ψυχῆς
2688 3713 2701 3737 ,
2729 3675 2835 3727 τῶν
2874 3676 2994 3727 κατ’
3026 3675 3230 3730 ἔννοιαν
3261 3679 3607 3748 φαινομένων

2030 3762 2248 3831 ἀγαθῶν
2276 3763 2606 3831 ἐφάπτονται
2643 3766 2734 3818 καὶ
2766 3767 3139 3837 ἑπορέγονται,
3165 3769 3256 3821 καὶ
3278 3768 3429 3823 οὕτω
3452 3768 3602 3833 δοξάο

2031 3855 2178 3917 ζουσι
2229 3853 2324 3924 τὴν
2373 3857 2633 3920 γυναῖκα,
2689 3855 2783 3925 τὴν
2843 3857 3186 3927 Ἐκκλησίαν,
3234 3857 3372 3910 οὔτε
3427 3862 3608 3929 τιμαῖς

2030 3943 2434 4014 διογκούμενοι,
2488 3943 2608 3997 οὕτε
2662 3946 3042 4016 μικροψυχίαις
3090 3948 3222 4018 πρὸς
3269 3949 3346 4004 τὰ
3390 3949 3604 4020 λυπηρὰ

2032 4034 2444 4104 συστελλόμενοι
2468 4052 2480 4068 ι
2518 4035 2651 4088 ἀλλὰ
2703 4037 2805 4089 κᾶν
2841 4037 3130 4108 τέμνεσθαι
3162 4039 3254 4112 δὲῃ
3297 4040 3396 4094 διὰ
3430 4041 3527 4112 τὴν
3552 4042 3607 4102 ὲς

2031 4125 2266 4196 Χριστὸν
2293 4125 2493 4186 πίστιν,
2527 4125 2631 4179 κᾶν
2670 4127 2876 4196 θηρίοις
2930 4129 2962 4198 ἦ
2993 4130 3124 4200 πυρὶ
3157 4129 3475 4200 βάλλεσθαι,
3507 4130 3605 4184 κᾶν

2030 4215 2158 4270 ἄλλο
2216 4233 2265 4267 τι
2312 4217 2418 4268 τῶν
2465 4216 2721 4286 λυπηρῶν
2770 4219 3077 4288 ὑπομένειν,
3111 4220 3210 4291 τὴν
3251 4219 3364 4275 τῶν
3409 4220 3607 4294 τριχῶν

2031 4303 2388 4374 ἀναισθησίαν
2417 4307 2472 4356 ἐν
2495 4308 2558 4374 τῇ
2583 4305 2744 4376 πείρα
2767 4307 2874 4357 τῶν
2903 4306 3166 4374 ἀλγεινῶν
3199 4307 3602 4380 ὑποκρίνονται.

368 4403 422 4454 iu
467 4398 690 4454 horrido
731 4399 1089 4468 squalidaque
1123 4415 1374 4468 corpore,
1426 4401 1666 4470 caprinis
1697 4399 1928 4470 pellibus

2036 4395 2286 4457 Τοιοῦτος
2319 4391 2384 4464 ἦν
2431 4394 2615 4458 Ἠλίας
2648 4397 2676 4448 ό
2705 4397 2768 4447 ἐκ
2800 4395 2891 4448 τοῦ
2925 4396 3138 4450 Γαλαὰδ
3181 4394 3438 4467 ἀνασχὼν
3464 4396 3610 4450 δασεί

368 4497 582 4551 tectus,
633 4487 700 4540 ad
757 4502 949 4542 omnes
995 4489 1208 4558 tyranni
1258 4490 1436 4544 minas
1488 4506 1764 4560 nunquam
1822 4505 1928 4543 non

369 4581 666 4634 interritus.
701 4578 1025 4648 Quicunque
1057 4579 1222 4649 igitur
1252 4580 1315 4634 ad
1350 4580 1731 4650 imitationem
1764 4597 1931 4650 gene-

371 4671 479 4724 rosi
513 4671 566 4722 in
603 4669 707 4722 hoc
742 4670 1005 4740 propheta
1039 4671 1204 4722 animi
1229 4671 1441 4739 seipsos
1472 4686 1634 4739 supra
1669 4671 1931 4724 mundum

372 4762 517 4815 hunc
547 4759 861 4813 universum
899 4761 1174 4823 attollunt,
1208 4770 1459 4830 egentes,
1493 4763 1698 4831 pressi,
1752 4762 1935 4816 amicti

373 4852 428 4905 in
460 4848 758 4912 montibus,
795 4851 988 4914 antris,
1025 4851 1278 4906 cavernis
1323 4861 1500 4916 terrae,
1551 4852 1752 4922 quibus
1781 4851 1936 4905 deni—

371 4960 476 5014 que
516 4939 751 4994 mundus
798 4955 903 4993 non
931 4951 1014 4994 est
1043 4941 1240 5010 dignus
1262 4943 1346 4996 ⁸⁸ι
1382 4944 1432 4996 hi
1492 4959 1616 4998 vero
1671 4944 1936 5012 gregatim

375 5033 519 5088 circa
575 5030 816 5083 universi
869 5030 1031 5094 hujus
1091 5040 1252 5098 caput
1309 5035 1612 5102 conspecti,
1678 5033 1938 5089 Ecclesia:

375 5119 546 5186 gloria
584 5116 738 5180 ﬁunt,
789 5115 856 5168 ad
894 5116 1169 5170 ccelestem
1219 5119 1448 5185 gratiam
1511 5137 1617 5174 una
1671 5137 1794 5177 cum
1846 5124 1939 5178 illo

375 5208 654 5264 Galaadite
685 5210 758 5262 ita
790 5205 1252 5262 conscendentes.

445 5383 712 5438 Caeterum
776 5395 954 5452 caprae
1005 5381 1258 5437 animalis
1316 5381 1369 5434 in
1449 5381 1552 5437 hac
1603 5383 1930 5452 capillorum

375 5472 684 5530 laudatione
744 5475 950 5530 mentio
1003 5472 1144 5528 facta
1193 5481 1298 5538 est,
1345 5472 1580 5530 fortasse
1641 5483 1933 5546 propterea

446 5650 534 5710 ⁸⁸1
563 5655 688 5710 Cor.
725 5671 799 5720 xl,
832 5655 920 5712 l5.
994 5656 1038 5689 ⁸⁷
1076 5655 1234 5710 Prov.
1273 5671 1326 5723 x,
1361 5655 1447 5709 M.

2036 4488 2128 4539 καὶ
2167 4485 2444 4554 αὐχμῶντι
2477 4485 2555 4554 τῷ
2603 4483 2845 4554 σώματι,
2874 4486 3137 4557 δέρμασιν
3183 4487 3338 4556 αἰγὸς
3372 4489 3606 4540 ἐσκεπα-

2040 4576 2255 4644 σμένος,
2287 4577 2421 4645 πρὸς
2447 4578 2625 4629 πᾶσαν
2650 4577 2874 4647 ἀπειλὴν
2903 4578 2996 4631 τοῦ
3027 4578 3288 4648 τυράννου
3315 4579 3608 4649 ἀπτόητος.

2043 4669 2194 4719 Ὅσοι
2222 4666 2400 4719 τοίνυν
2435 4668 2572 4720 κατὰ
2607 4668 2837 4738 μίμησιν
2873 4671 2972 4736 τῆς
2998 4671 3090 4722 τοῦ
3131 4670 3413 4740 προφήτου
3445 4685 3610 4740 μεγαο

2041 4758 2264 4826 λοφυΐας
2310 4758 2399 4810 τοῦ
2457 4760 2655 4828 κόσμου
2686 4759 2884 4822 παντὸς
2929 4760 3153 4823 ἑαυτοὺς
3193 4760 3607 4830 ὑπεραίρουσιν,

2043 4847 2441 4919 ὑστερούμενοι,
2475 4847 2794 4918 θλιϐόμενοι,
2819 4849 3242 4920 κακουχούμενοι
3261 4850 3315 4903 ὲν
3340 4848 3500 4920 ὄρεσι
3525 4847 3610 4900 καὶ

2044 4938 2346 5008 σπηλαίοις,
2396 4939 2486 4992 καὶ
2537 4943 2654 5002 ταῖς
2683 4940 2840 5004 ὀπαῖς
2880 4941 2974 5010 τῆς
3020 4941 3158 5011 γῆς,
3198 4933 3275 4996 ὧν
3314 4941 3422 4994 οὐκ
3471 4939 3610 4992 ἔστιν

2041 5027 2190 5094 ἄξιος
2217 5029 2244 5079 ὁ
2273 5028 2492 5097 κόσμος·
2521 5020 2663 5081 οὗτοι
2706 5029 2962 5100 ἀγεληδὸν
2997 5031 3122 5100 περὶ
3149 5031 3246 5100 τὴν
3287 5031 3383 5082 τοῦ
3416 5028 3613 5088 παντὸς

2044 5119 2282 5190 κεφαλὴν
2313 5117 2693 5189 θεωρούμενοι,
2724 5120 2849 5184 δόξα
2863 5120 3100 5189 γίνονται
3125 5121 3223 5190 τῆς
3263 5119 3609 5190 Ἐκκλησίας,

2044 5209 2134 5262 ἐπὶ
2173 5208 2265 5278 τὴν
2319 5209 2566 5277 οὐράνιον
2605 5209 2763 5281 χάριν
2810 5211 2888 5281 τῷ
2939 5212 3236 5282 Γαλααδίτῃ
3287 5207 3613 5264 συναναϐαί-

2042 5317 2235 5362 νοντες.

2112 5391 2184 5443 Τὸ
2212 5391 2268 5444 δὲ
2292 5393 2391 5464 τῆς
2419 5393 2568 5461 αίγὸς
2598 5391 2734 5457 ζῶον
2774 5394 2855 5458 είς
2894 5393 2984 5448 τὸν
3009 5394 3115 5448 τῶν
3152 5394 3354 5468 τριχῶν
3395 5394 3612 5450 ἔπαινον

2047 5483 2363 5556 παρελήφθη
2386 5527 2398 5542 .
2422 5485 2562 5555 τάχα
2611 5484 2728 5556 μὲν,
2756 5486 2837 5539 ὅτι
2875 5487 2967 5540 καὶ
3000 5489 3033 5557 ἡ
3061 5486 3220 5556 φύσις
3245 5485 3334 5544 τοῦ
3371 5485 3611 5544 τοιούωσ

1524 5656 1570 5689 θ’
1616 5656 1745 5713 lleh.
1779 5675 1851 5722 XI,
1893 5661 1982 5725 57,
2013 5662 2100 5717 58.
