3996 6196
463 319 604 380 “05

1481 339 1548 394 IN
1584 341 1880 402 CANTICA
1907 341 2176 403 CANTIC.
2219 347 2503 404 llOMlLfA
2543 351 2656 407 XV.

3569 358 3714 414 1]θὸ

461 438 975 547 ζώουματαλλήλως
1001 449 1134 520 πρὸς
1168 453 1264 524 τὴν
1313 455 1523 524 γένεσιν
1549 462 1655 516 τῶν
1677 466 1877 536 τριχῶν
1912 484 2022 520 κατι

2144 469 2292 536 quod
2359 471 2526 540 hujus
2578 471 2832 528 animalis
2879 481 3075 528 natura
3141 475 3338 532 idonee
3393 489 3707 549 comparata

463 530 792 627 εσκεύασται
830 537 968 592 ὥστε
992 541 1219 613 αἴνιγμα
1247 545 1339 599 τοῦ
1363 548 1451 601 διὰ
1477 551 1580 605 τῶν
1605 530 1806 624 τριχῶν
1831 557 2034 627 κόσμου

460 622 711 711 γενέσθαι
737 624 798 677 τδ
821 626 977 692 ζῶον,
1004 628 1066 682 τὸ
1083 635 1200 695 ταῖς
1223 632 1365 704 θριξὶ
1391 622 2036 713 φυσικῶςέδανσυνόμενονο

461 713 495 784 ἢ
523 715 605 767 ὅτι
636 715 724 768 διὰ
759 717 867 770 τῶν
911 722 1124 793 πετρῶν
1151 725 1516 798 ἀνολισθήτως
1548 731 1753 800 βαίνει,
1785 738 1880 788 καὶ
1910 739 2034 807 περὶ

462 803 558 892 τὰς
602 807 846 878 κορυφὰς
901 811 1008 865 τῶν
1063 815 1233 885 ὀρέων
1287 819 1719 892 ἀναστρέφεται,
1783 827 1870 881 διὰ
1927 803 2036 882 τῶν

461 891 840 988 δυσπορεύτων
891 902 980 956 καὶ
1017 903 1305 976 ἀποτόμων
1331 910 1611 981 εὐθαρσῶς
1662 891 1760 982 τὴν
1809 919 2035 988 πορείαν

464 985 804 1078 ποιούμενον·
839 990 976 1063 ὅπερ
1016 996 1129 1059 τοῖς
1152 995 1250 1067 τὴν
1285 1005 1543 1070 τραχεῖαν
1564 1004 1664 1074 τῆς
1693 985 1896 1078 ὀιρετῆς⁷
1918 1009 2034 1062 ὁδὸν

463 1077 784 1148 κατορθοῦσι
821 1085 1386 1152 προσφυῶς⁶.Μᾶλλον
1415 1092 1458 1144 δ’
1481 1093 1546 1146 ἄν
1564 1112 1647 1159 τις
1673 1097 1815 1150 εἴποι
1850 1077 1943 1152 νδιά
1974 1101 2034 1153 τὸ

466 1166 602 1236 πρὸς
631 1169 797 1223 πολλὰ
826 1175 921 1242 τῆς
950 1178 1181 1254 νομικῆς
1210 1181 1520 1252 ἱερουργίας
1550 1187 1653 1239 ὑπὸ
1689 1188 1782 1240 τοῦ
1811 1190 2034 1259 νομοθέ-

463 1270 557 1308 του
591 1259 954 1328 παρειλῆφθαι
1001 1266 1061 1319 τὸ
1104 1265 1262 1332 ζῶον,
1301 1273 1572 1327 συντελεῖν
1615 1278 1813 1342 ταύτας
1841 1284 1904 1349 τῇ
1946 1298 2034 1334 κε-

463 1346 602 1442 φαλῇ
630 1350 764 1419 πρὸς
795 1353 1085 1426 ἐγκώμιον.
1121 1357 1251 1413 Οἶδα
1292 1363 1350 1416 δὲ
1377 1367 1435 1417 ἐν
1463 1370 1572 1430 τοῖς
1607 1373 1705 1439 τῆς
1725 1346 2034 1442 Παροιμίας
2061 1401 2066 1408 ·

457 1437 772 1508 αἰνίγμασιν
816 1443 874 1494 ἐν
918 1449 1031 1511 τοῖς
1077 1450 1334 1522 τέσσαρσι
1383 1460 1494 1519 τοῖς
1531 1459 1932 1530 εὐοδουμένοις,
1975 1466 2032 1518 ἓν

457 1527 552 1620 καὶ
598 1529 755 1582 τοῦτο
799 1533 908 1586 τῶν
959 1535 1138 1600 καλῶς
1187 1539 1567 1599 διαϐαινόντων
1621 1527 2031 1620 ἀπηριθμῆσθαι

457 1616 547 1668 τὸν
568 1620 768 1687 τράγον
806 1623 895 1677 τὸν
937 1625 1241 1695 ἡγούμενον
1279 1631 1373 1684 τοῦ
1413 1635 1679 1691 αἰπολίου.
1719 1616 1783 1690 Ὅ
1811 1616 1867 1692 δὲ
1893 1616 2032 1712 -περὶ

456 1708 644 1761 τούτου
675 1716 1040 1782 στοχαστικῶς
1088 1719 1441 1792 ὑπονοοῦμεν,
1474 1725 1710 1778 τοιοῦτόν
1737 1729 1851 1781 ἐστι
1873 1741 1887 1754 ·
1915 1708 2030 1784 Πόὶν

2112 561 2216 613 sit
2256 561 2324 614 ad
2363 562 2723 632 proferendos
2761 564 2900 634 pilos
2939 584 2954 620 :
2988 567 3064 621 ita
3106 577 3164 622 ut
3188 571 3495 625 ornamenti
3539 573 3709 642 capil-

2142 651 2317 705 lorum
2376 655 2556 724 imago
2617 655 2864 725 quaedam
2924 657 3029 712 hoc
3090 660 3266 728 ipsum
3333 662 3534 716 animal
3600 663 3706 728 sit,

2143 743 2290 811 quod
2324 762 2350 797 ιι
2390 755 2584 799 natura
2626 747 2770 816 pilos
2823 750 3023 804 densos
3059 751 3241 807 habet.
3284 753 3380 808 Vel
3425 754 3572 824 quod
3611 769 3709 825 per

2143 853 2278 891 saxa
2311 839 2432 893 sine
2465 839 2574 893 ulla
2609 839 2804 908 pedum
2855 839 3161 896 offensione
3205 844 3413 910 tendat,
3471 853 3524 898 et
3557 845 3706 899 circa

2141 930 2374 985 vertices
2409 931 2674 984 montium
2706 942 2975 994 versetur,
3009 947 3104 1001 per
3129 933 3244 985 loca
3300 934 3531 988 transitu
3566 933 3708 990 dith-

2141 1017 2265 1071 cilia
2305 1029 2690 1088 praeruptaque
2723 1018 2952 1073 fidenter
2974 1018 3239 1073 incedens
3271 1038 3284 1072 :
3312 1018 3366 1073 id
3408 1019 3551 1087 quod
3583 1028 3708 1089 apte

2140 1107 2208 1160 ad
2253 1123 2348 1162 eos
2408 1109 2936 1174 accommodabitur,
2993 1110 3084 1178 qui
3133 1110 3396 1178 prmelare
3454 1125 3704 1179 asperam

2140 1197 2365 1253 virtutis
2412 1199 2555 1252 viam
2598 1200 2920 1253 conficiunt.
2969 1198 3216 1269 Denique
3267 1200 3472 1255 dixerit
3517 1200 3703 1253 forsan

2140 1288 2366 1356 aliquis,
2418 1296 2704 1356 propterea
2749 1304 2846 1358 per
2878 1288 2978 1342 has
3025 1289 3091 1343 ad
3146 1289 3348 1359 capitis
3388 1288 3702 1343 encomium

2139 1378 2345 1446 aliquid
2373 1377 2654 1445 accedere,
2687 1379 2832 1448 quod
2872 1379 3077 1434 animal
3104 1380 3209 1434 hoc
3239 1378 3306 1433 ad
3349 1379 3522 1432 multa
3555 1378 3704 1446 lega-

2139 1469 2209 1521 lia
2250 1468 2522 1522 sacrificia
2580 1470 2654 1523 sit
2692 1485 2721 1522 a
2761 1469 2912 1524 Mose
2961 1477 3307 1538 usurpatum.
3363 1466 3488 1522 Scio
3533 1467 3700 1521 etiam

2139 1559 2191 1612 in
2223 1557 2528 1626 zenigmatis
2565 1559 2688 1612 libri
2718 1558 3138 1613 Proverhiorum
3161 1559 3305 1611 inter
3335 1567 3578 1626 quatuor
3605 1554 3699 1608 illa

2137 1662 2259 1715 quae
2286 1648 2425 1701 bene
2469 1647 2755 1709 incedunt,
2805 1646 3087 1701 numerari
3133 1646 3348 1699 hircum
3410 1644 3701 1698 ducentem

2136 1752 2424 1805 caprarum
2477 1752 2716 1806 gregem.
2751 1734 2827 1789 De
2862 1751 2972 1804 quo
2999 1742 3191 1790 nostra
3249 1733 3465 1803 quidem
3511 1731 3702 1800 hujus—

456 1800 791 1895 επιτήδευμα
813 1803 892 1895 δι’,
911 1807 1028 1871 ἑνὸς
1052 1811 1349 1881 ἀρχόμενον
1372 1816 1451 1876 εἰς
1476 1815 1701 1878 πολλοὺς
1721 1817 2022 1874 διαδίδοταιε

2134 1800 2285 1881 modi
2317 1800 2638 1895 conjectura
2663 1835 2748 1881 est
2777 1841 2790 1875 :
2822 1800 3064 1890 Quodvis
3111 1800 3450 1888 institutum,
3485 1821 3555 1875 ab
3587 1835 3700 1874 uno

453 1887 528 1980 ὡς
559 1891 649 1943 ἐπὶ
681 1892 778 1961 τῆς
812 1893 1174 1968 χαλκευτικῆς
1197 1902 1230 1970 ἠ
1261 1902 1448 1975 Γραφὴ
1477 1905 1567 1957 τὸν
1595 1906 1764 1960 Θόϐελ
1804 1911 2030 1980 εὑρετὴν

455 1978 554 2048 τῆς
582 1981 778 2053 τέχνης
806 1985 1034 2041 εἰποῦσα
1058 2031 1072 2053 ,
1117 1991 1331 2047 πάντων
1365 1993 1472 2047 τῶν
1511 1997 1626 2066 μετ’
1660 1999 1821 2052 αὐτὸν
1863 2018 2031 2070 μετα-

457 2071 840 2140 χειριζομένων
885 2076 979 2128 τοῦ
1032 2079 1246 2151 σιδήρου
1294 2083 1391 2154 τὴν
1433 2088 1693 2156 ἐργασίαν
1715 2092 1781 2156 ἐς
1826 2092 2029 2147 ἐκεῖνον

457 2158 647 2226 ἀνάγει
688 2161 784 2232 τὴν
812 2165 1138 2238 ἐπιστήμὴνι
1179 2171 1320 2225 οὕτω
1365 2175 1459 2227 κα)⁸
1489 2179 1588 2247 τῆς
1617 2155 1976 2252 ποιμαντικῆς
2001 2186 2030 2237 ό

462 2249 624 2301 Ἀὅελ
672 2253 932 2323 ἡγήσατο,
981 2260 1070 2311 καὶ
1121 2262 1258 2315 Κάῖν
1311 2265 1410 2335 τῆς
1450 2249 1748 2340 γεωργίας,
1800 2275 1894 2326 καὶ⁹
1934 2249 2028 2328 τὸν

455 2340 681 2436 Νεϐρωδ
706 2345 946 2416 ἀρχηγὸν
994 2349 1138 2418 λέγει
1174 2353 1274 2423 τῆς
1305 2360 1668 2429 κυνηγετικῆς
1696 2363 2026 2436 ἐπιστήμης,

452 2432 544 2520 καὶ
601 2433 700 2502 τῆς
741 2437 1148 2510 ἁμπελουργίας
1189 2443 1278 2496 τὸν
1320 2445 1464 2511 Νῶε,
1512 2450 1605 2502 καὶ
1641 2450 1742 2520 τῆς
1786 2432 2027 2516 εἰς-Θεὸν

451 2518 665 2584 ἐλπίδος
685 2523 776 2574 τὸν
813 2525 980 2590 Ἐνώς
1002 2546 1165 2599 φησιν
1186 2531 1470 2603 ἄρξασθαι⁸
1501 2540 1594 2592 καὶ
1619 2518 1785 2594 πολλὰ
1808 2544 2026 2598 τοιαῦτα

451 2611 599 2679 παρὰ
633 2614 730 2683 τῆς
756 2616 914 2683 ἁγίας
940 2613 1060 2674 ἔστι
1103 2621 1412 2696 διδαχθῆναι
1449 2629 1687 2700 Γραφῆς,
1722 2635 1803 2686 ὅτι
1830 2635 1948 2699 ἑνός
1972 2654 2025 2690 τι

448 2702 898 2794 ἐπιτηδεύσαντος
921 2710 1135 2781 εἰσῆλθε
1177 2715 1317 2769 κατὰ
1347 2719 1577 2789 μίμησιν
1607 2725 1687 2785 εἰς
1709 2723 1800 2776 τὸν
1829 2725 1941 2794 βίον
1966 2727 2026 2780 τὸ

449 2791 806 2864 ἐπιτήδευμα.
864 2799 1080 2872 Ἐπειδὴ
1123 2804 1299 2858 τοίνυν
1339 2808 1433 2860 τοῦ
1475 2808 1616 2863 θείου
1649 2809 1809 2884 ζήλου
1829 2791 2023 2886 *διαφε-

445 2883 652 2976 ρόντως
671 2888 812 2940 κατὰ
835 2891 1011 2944 πᾶσαν
1038 2893 1224 2966 ἐξοχὴν
1248 2899 1276 2950 ὁ
1310 2899 1488 2952 Ἠλίου
1514 2883 1880 2976 καθηγήσατο,
1912 2883 2024 2963 ὅσοι

447 2975 567 3043 μετ’
615 2977 820 3031 ἐκεῖνον
871 2981 964 3034 τὸν
1010 2985 1216 3038 ἐκείνου
1264 2991 1629 3062 μιμησάμενοι
1687 2975 1864 3066 ζῆλον,
1914 3003 2026 3064 τοῖς

443 3069 630 3162 αὐτοῖς
658 3072 826 3143 ἴχνεσι
852 3078 949 3148 τῆς
977 3080 1068 3133 τοῦ
1091 3085 1368 3154 προφήτου
1400 3090 1704 3160 παρρησίας
1730 3093 2023 3162 ἐπηκολού-

449 3159 640 3231 θησαν,
665 3166 905 3222 αἰπόλιον
939 3171 1192 3239 γεγόνασι
1226 3174 1318 3228 τοῦ
1343 3159 1688 3248 ἡγησαμένου
1717 3159 2019 3252 τῆς-τοιαύ-

445 3266 546 3322 της
577 3254 743 3325 ζωῆς,
779 3258 972 3324 οἵτινες
1015 3262 1141 3326 δόξα
1185 3265 1281 3335 τῆς
1328 3267 1652 3338 Ἐκκλησίας
1681 3271 1775 3324 καὶ
1803 3272 2020 3338 ἔπαινος

443 3343 716 3435 γίνονται.
759 3351 838 3413 εἰς
877 3352 967 3405 τὸν
999 3355 1108 3408 τῶν
1131 3358 1330 3427 τριχῶν
1369 3362 1765 3430 καταταγέντες
1796 3365 2018 3435 κόσμον,

444 3426 527 3527 ὧν.
560 3437 592 3507 ή
638 3439 927 3515 αἰσθητικὴ
971 3443 1082 3516 ζωὴ
1121 3426 1450 3519 κεχώρισται
1495 3426 1602 3505 καὶ-
1640 3426 2023 3527 ἠλλοτρίωταιζ

444 3524 542 3577 Διὰ
571 3527 678 3580 τῶν
715 3531 916 3600 ὁμοίων
956 3534 1156 3605 πληροῖ
1183 3539 1275 3591 καὶ
1313 3543 1423 3603 τοῖς
1455 3541 1634 3595 ὀδοῦσι
1665 3545 1754 3598 τὸν
1780 3524 2017 3602 ἔπαινον.

445 3611 604 3709 ῦβτοι
631 3619 676 3671 δ’
707 3620 773 3674 ἂν
797 3616 904 3675 εἷεν
953 3622 1000 3676 οἱ
1024 3627 1312 3696 τρέφοντες
1344 3630 1410 3684 δι’
1441 3633 1648 3686 ἑαυτῶν
1665 3635 1764 3706 τῆς
1797 3637 2020 3709 Ἐκκλη-

448 3705 565 3771 σίας
587 3710 648 3762 τὸ
679 3712 856 3782 σῶμα,
893 3713 988 3779 οὓς
1017 3715 1264 3784 βούλεται
1294 3721 1393 3790 μὲν
1417 3723 1646 3777 πάντοτε
1680 3727 1754 3790 ὡς
1779 3729 1886 3784 ἀπὸ
1907 3731 2021 3784 λου-

447 3797 572 3867 τροῦ
601 3800 875 3872 καθαροὺς
915 3806 1174 3876 ὁρᾶσθαι,
1208 3810 1532 3883 ἀπερίττους
1561 3815 1648 3868 διὰ
1683 3819 1882 3885 παντὸς
1921 3822 2020 3888 τὰς

450 3889 653 3960 τρίχας.
691 3891 766 3954 ὠς
797 3893 902 3946 ἀπὸ
932 3899 1244 3966 προσφάτου
1297 3903 1520 3972 κουρᾶς
1556 3905 1696 3959 κατὰ
1724 3907 1780 3961 δὲ
1813 3911 1904 3963 τὸν
1935 3913 2015 3964 τό-

445 3995 540 4034 κον
574 3981 682 4033 τῶν
716 3985 929 4053 ἀρετῶν
973 3975 1385 4058 διδυμεὺοντας,
1432 3995 1530 4065 τῆς
1557 3995 1750 4066 διπλῆς
1781 4001 2016 4074 καθαρόο

444 4087 604 4141 τητος
640 4076 962 4144 γενομένους
1000 4080 1272 4152 πατέρας,
1301 4084 1402 4154 τῆς
1435 4103 1494 4139 τε
1532 4089 1672 4142 κατὰ
1698 4090 1894 4163 ψυχὴν,
1925 4097 2017 4148 καὶ

445 4163 542 4231 τῆς
572 4166 708 4219 κατὰ
743 4169 898 4237 σῶμα
924 4170 1319 4242 θεωρουμένης·
1349 4177 1423 4239 ὡς
1445 4178 1716 4250 ἐξόριστον
1745 4179 1878 4238 εἶναι
1911 4187 2016 4240 τῶν

444 4251 674 4307 ὀδόντων
715 4256 935 4322 τούτων,
976 4261 1084 4312 πᾶν
1138 4263 1196 4314 τὸ
1236 4264 1461 4332 ἀγονοῦν
1505 4271 1562 4322 ἐν
1607 4269 1684 4340 τῷ
1724 4275 2010 4344 κρείττονι.

443 4340 518 4395 Τὸ
563 4342 619 4395 δὲ
663 4347 921 4413 σπαρτίον
960 4349 1019 4402 τὸ
1059 4351 1149 4403 ἐπὶ
1185 4353 1276 4404 τοῦ
1322 4355 1532 4425 χείλους
1571 4340 1867 4431 τιθέμενον,
1915 4369 2014 4439 τὴν

2132 1919 2315 1987 aliquo
2343 1926 2604 1987 ereptum,
2635 1917 2688 1970 in
2719 1917 2922 1970 multos
2957 1916 3112 1984 quasi
3143 1915 3368 1979 diditur,
3410 1920 3470 1967 ut
3499 1912 3553 1966 in
3582 1919 3700 1966 arte

2131 2008 2362 2064 ferraria
2402 2008 2624 2062 Litterae
2661 2023 2831 2062 sacra}
2867 2007 3176 2061 indicantes
3246 2013 3531 2059 auctorem
3578 2002 3699 2070 ejus

2131 2098 2266 2152 artis
2303 2112 2425 2152 esse
2465 2096 2804 2160 Tbobelum,
2864 2095 3150 2150 scientiam
3181 2109 3371 2148 eorum
3427 2092 3696 2155 omnium,

2131 2190 2225 2259 qui
2275 2195 2392 2258 post
2442 2188 2588 2241 hunc
2633 2187 2760 2242 ferri
2778 2186 3200 2240 elaborationem
3256 2191 3584 2247 tractarunt,
3628 2183 3696 2236 ad

2130 2279 2312 2350 ipsum
2347 2278 2613 2334 referunt.
2639 2277 2842 2332 Eodem
2878 2276 3042 2332 modo
3076 2277 3153 2331 rei
3195 2276 3455 2346 pastoria:
3485 2276 3696 2344 primus

2129 2376 2321 2424 auctor
2355 2369 2488 2423 Abel
2511 2369 2742 2427 exstitit.
2775 2366 2912 2421 Cain
2945 2366 3349 2435 agricultionis,
3390 2365 3695 2420 venatoriae

2127 2456 2424 2522 Nembrod,
2457 2457 2646 2509 vitium
2676 2456 2905 2510 cultura:
2927 2453 3062 2519 Noe,
3087 2453 3232 2509 Enos
3284 2454 3338 2507 in
3373 2453 3541 2508 Deum
3579 2453 3694 2523 pri-

2128 2563 2253 2602 mus
2299 2561 2556 2616 sperasse
2596 2547 2818 2611 dicitur,
2873 2545 3117 2613 adeoque
3159 2546 3328 2598 multa
3368 2544 3435 2599 de
3475 2543 3696 2597 Litteris

2127 2638 2300 2694 sacris
2327 2635 2639 2706 hujusmodi
2671 2635 3152 2704 licetintelligere:
3181 2636 3443 2689 nimirum
3470 2643 3693 2704 postea-

2125 2744 2289 2799 quam
2323 2746 2466 2785 unus
2497 2730 2702 2800 aliquid
2732 2730 3056 2796 instituerit,
3102 2730 3205 2784 hoc
3241 2731 3420 2800 ipsum
3465 2730 3690 2784 institu-

2125 2826 2241 2874 tum
2273 2818 2471 2875 deinde
2515 2835 2610 2889 per
2663 2818 3024 2874 imitationem
3077 2819 3133 2873 in
3184 2819 3348 2873 vitam
3406 2819 3689 2874 hominum

2125 2924 2496 2981 promanasse.
2521 2910 2888 2976 Quamobrem
2917 2923 3042 2963 cum
3085 2909 3141 2962 in
3163 2910 3300 2964 .zelo
3325 2909 3512 2963 divino
3537 2923 3693 2978 pror-

2125 3015 2220 3056 sus
2249 3000 2446 3056 eximie
2478 3015 2641 3069 supra
2669 3007 2897 3054 caeteros
2918 3014 3041 3054 sese
3069 3000 3303 3068 gesserit
3332 2998 3500 3062 Elias,
3532 2997 3690 3068 quasi

2126 3091 2236 3144 dux
2269 3091 2606 3160 reliquorum
2644 3091 2699 3144 in
2743 3090 2846 3144 hac
2902 3097 3056 3159 parte
3107 3089 3331 3145 factus:
3370 3089 3691 3159 quicunque

2125 3192 2250 3252 post
2271 3183 2422 3237 illum
2452 3182 2650 3236 imitati
2686 3183 2860 3236 zelum
2897 3183 3039 3252 ejus,
3069 3183 3298 3250 vestigia
3327 3182 3600 3237 libertatis
3632 3181 3688 3236 in

2121 3273 2227 3328 hoc
2259 3274 2522 3344 pr0pbeta
2554 3274 2726 3330 secuti
2751 3285 2902 3339 sunt,
2947 3274 2982 3328 ii
3011 3275 3158 3329 velut
3180 3273 3400 3343 quidam
3433 3290 3564 3345 grex
3597 3288 3690 3328 ca-

2119 3365 2337 3433 prarius
2371 3365 2520 3419 illius
2559 3363 2696 3418 facti
2739 3373 2892 3428 sunt,
2941 3365 3035 3434 qui
3085 3365 3338 3435 princeps
3385 3366 3510 3419 talis
3565 3366 3689 3419 vitae

2120 3463 2314 3509 auctor
2345 3456 2583 3509 exsistit.
2632 3456 2800 3509 Iidem
2850 3455 2972 3510 laus
3009 3463 3064 3510 et
3116 3457 3290 3526 gloria
3331 3457 3468 3510 fiunt
3500 3454 3687 3510 Eccle—

2121 3548 2236 3608 siae.
2269 3547 2458 3601 selecti
2497 3553 2556 3600 ut
2583 3546 2909 3615 capillorum
2964 3545 3078 3600 sint
3123 3557 3529 3609 ornamentum,
3561 3560 3684 3599 cum

2119 3649 2380 3690 sensuum
2411 3636 2521 3687 vita
2560 3635 2740 3687 locum
2779 3635 2833 3687 in
2863 3634 2947 3688 eis
2987 3634 3198 3686 nullum
3229 3634 3445 3688 habeat.
3482 3632 3684 3688 Eodem

2119 3721 2283 3776 modo
2305 3720 2497 3776 dentes
2530 3721 2695 3775 etiam
2746 3720 2954 3784 laudat,
3008 3736 3106 3790 per
3132 3736 3272 3790 quos
3308 3721 3559 3776 fortassis
3608 3722 3684 3775 illi

2119 3811 2629 3882 suntintelligendi,
2676 3811 2769 3882 qui
2803 3810 3064 3866 Ecclesiae.
3100 3826 3305 3881 corpus
3345 3811 3518 3864 alunt.
3573 3809 3685 3865 llos

2117 3906 2233 3959 vult
2255 3918 2471 3972 semper
2491 3904 2736 3973 conspici
2763 3918 2950 3974 puros,
2965 3904 3122 3974 quasi
3143 3902 3427 3972 digressos
3445 3903 3682 3972 primum

2119 4009 2150 4049 a
2178 3995 2396 4048 lavacro
2421 4013 2433 4048 :
2465 4003 2522 4049 et
2551 3995 2781 4064 pilorum
2811 3996 2966 4065 copia
2994 3996 3220 4050 minime
3254 4003 3510 4065 gravatos
3538 4007 3682 4059 esse,

2117 4086 2274 4156 quasi
2314 4101 2508 4140 recens
2544 4093 2778 4152 tensos;
2829 4095 2883 4141 et
2921 4087 3183 4142 virtutum
3229 4087 3447 4142 interim
3496 4084 3685 4139 fecun-

2117 4178 2289 4233 ditate
2323 4178 2557 4248 geminis
2604 4175 2807 4232 fetibus
2858 4177 3136 4247 insignes,
3184 4186 3243 4230 ut
3289 4176 3544 4246 puritatis
3582 4175 3686 4228 du-

2116 4268 2275 4337 plicis
2306 4275 2558 4336 parentes
2592 4269 2748 4330 ﬁant,
2791 4277 2901 4321 tum
2944 4283 3065 4336 qua:
3094 4267 3146 4319 in
3177 4266 3381 4329 animo,
3417 4274 3529 4317 tum
3562 4280 3684 4334 qua:

2117 4359 2171 4412 in
2219 4375 2452 4429 corpore
2497 4359 2912 4428 conspiciatur:
2947 4358 3190 4428 adeoque
3226 4373 3256 4410 a
3297 4357 3556 4412 dentibus
3599 4356 3683 4411 his

447 4435 868 4507 μεμετρημένην
925 4438 1016 4491 τοῦ
1058 4440 1214 4509 λόγου
1254 4443 1529 4500 διακονίαν
1587 4452 1886 4524 παραδηλοῖ
1934 4435 2011 4528 τῷ

2124 4451 2536 4511 exterminetur,
2601 4448 2864 4518 quidquid
2913 4450 2965 4502 in
3020 4447 3372 4504 fetificatione
3422 4447 3550 4501 boni
3599 4456 3683 4502 est

446 4525 740 4595 αἰνίγματι,
771 4529 906 4599 ὅπερ
948 4531 975 4580 ὁ
1017 4532 1305 4602 Προφήτης
1349 4536 1592 4609 φυλακήν
1616 4557 1673 4593 τε
1713 4544 1804 4596 καὶ
1847 4525 2014 4618 θύραν

442 4620 700 4688 περιοχῆς
730 4621 1143 4692 κατωνόμασενσ
1186 4626 1315 4679 ὅταν
1349 4629 1404 4678 ἐν
1439 4630 1616 4701 καιρῷ
1642 4634 1924 4707 ἀνοίγηται
1953 4641 2012 4693 τὸ

444 4709 617 4779 στόμα
645 4711 737 4763 τοῦ
762 4711 942 4780 λόγου,
970 4717 1232 4775 καὶκατὰ
1253 4719 1441 4789 καιρὸν
1466 4725 1872 4796 κατακλείηται.
1909 4731 2013 4785 Μέ-

440 4815 566 4891 τρου
601 4801 657 4854 δὲ
700 4802 868 4891 ὄνομα
894 4805 952 4857 τὸ
1001 4808 1260 4878 σπαρτίον
1299 4805 1458 4874 εἶναι,
1491 4814 1641 4885 παρὰ
1665 4817 1764 4886 τῆς
1790 4837 2010 4891 ,προφη-

437 4889 588 4953 τείας
619 4890 710 4943 τοῦ
738 4894 1004 4964 Ζαχαρίου
1033 4896 1452 4969 μεμαθήκαμεν⁹
1481 4902 1561 4954 ὅτι
1595 4889 1854 4976 σπαρτίον
1878 4889 2010 4978 γεω-

442 4982 697 5051 μετρικὸν
737 4984 795 5037 ἐν
823 4986 1009 5056 χερσὶν
1043 4982 1186 5057 εἶχεν
1223 4993 1250 5043 ὁ
1285 4992 1342 5042 ἐν
1375 4993 1522 5063 αὑτῷ
1551 4994 1723 5050 λαλῶν
1757 4999 2005 5068 ἄγγελος.

439 5073 571 5129 Τότε
608 5074 664 5127 δὲ
696 5075 929 5144 μάλιστα
964 5079 1220 5149 τυγχάνει
1259 5083 1353 5135 τοῦ
1395 5085 1592 5156 μέτρου
1621 5090 1650 5141 ὁ
1673 5088 1853 5158 λόγος,
1880 5094 2006 5146 ὅταν

439 5166 951 5236 περικεχρωσμὲνος
984 5169 1122 5243 τύχῃ
1160 5171 1235 5243 τῷ
1273 5175 1595 5247 ἐρυθήματι,
1629 5181 1764 5252 ὅπερ
1799 5184 1893 5238 τοῦ
1923 5187 2006 5240 αἴ-

439 5269 604 5322 ματος
626 5254 720 5307 τοῦ
747 5254 1163 5327 λυτρωσαμένου
1195 5261 1340 5331 ἡμᾶς
1360 5263 1585 5337 αἴνιγμα
1616 5269 1839 5336 γίνεται.
1882 5273 2004 5329 Ἐὰν

438 5343 536 5411 μέν
557 5360 641 5406 τις
669 5344 814 5398 κατὰ
848 5345 939 5398 τὸν
967 5345 1180 5400 Παῦλον
1207 5348 1468 5405 λαλοῦντα
1492 5353 1604 5425 ἔχει
1631 5359 1688 5412 ἐν
1715 5361 1891 5433 ἐαυτῷ
1911 5361 2000 5416 τὸν

433 5433 686 5504 Χριστὸν,
720 5437 812 5488 τὸν
843 5435 959 5508 ἰδίῳ
989 5437 1180 5507 αἵματι
1209 5439 1621 5514 λυτρωσάμενον
1650 5450 1817 5520 ἡμᾶς,
1846 5446 1999 5520 οὗτος

432 5522 638 5619 ἔχειᾉτὺ
661 5528 1029 5619 γεωμετρικὸν
1062 5533 1322 5603 σπαρτίον
1356 5536 1449 5590 ἐπὶ
1481 5537 1572 5592 τοῦ
1606 5542 1897 5614 στόματος,
1929 5550 1994 5619 τῇ

436 5617 579 5698 βαφῇ
609 5618 677 5688 τῇ
704 5617 998 5688 αἰματώδει
1022 5621 1506 5694 καλλωπιζόμενον.

504 5734 553 5764 ⁸³
579 5731 724 5790 Psal.
757 5749 878 5800 αι,
912 5735 965 5789 5.
1042 5738 1087 5770 ’°
1113 5736 1276 5794 Zach.
1313 5754 1372 5806 ll,
1416 5743 1461 5796 l.

2118 4543 2326 4596 sterile.
2361 4540 2657 4596 Funiculus
2687 4550 2864 4595 autem
2897 4542 2950 4595 in
2979 4541 3136 4599 labro
3174 4540 3496 4602 collocatus,
3527 4555 3682 4593 men-

2115 4647 2243 4687 sura
2266 4633 2499 4702 quadam
2535 4632 3005 4701 circumscriptam
3052 4631 3326 4686 sermonis
3367 4632 3683 4701 usurpatio-

2115 4740 2236 4779 nem
2273 4726 2326 4778 in
2356 4725 2643 4794 aenigmate
2672 4732 2846 4788 notat,
2895 4723 2948 4777 id
2979 4721 3128 4792 quod
3163 4720 3439 4791 Propheta
3493 4729 3680 4776 custo-

2112 4816 2258 4870 diam
2287 4823 2340 4869 et
2379 4816 2581 4870 ostium
2615 4813 3040 4885 eompressionis
3089 4813 3387 4882 appellavit
3419 4830 3431 4866 :
3460 4827 3584 4866 cum
3621 4811 3676 4866 in

2112 4916 2354 4976 tempore
2382 4907 2447 4960 ad
2484 4906 2811 4976 loquendum
2846 4919 2910 4961 os
2943 4903 3210 4975 aperitur,
3237 4909 3292 4958 et
3313 4919 3415 4959 suo
3435 4914 3676 4972 tempore

2112 5014 2303 5052 rursus
2336 4998 2642 5051 occluditur
2659 4998 2726 5052 δ’.
2745 4995 3068 5051 Funieulum
3093 5003 3273 5052 autem
3291 5011 3559 5052 mensura:
3579 5010 3678 5049 no-

2110 5106 2232 5144 men
2258 5106 2397 5154 esse,
2423 5091 2489 5144 de
2513 5091 2652 5144 libro
2684 5091 2980 5162 prOphetize
3001 5088 3281 5144 Zachariae
3301 5088 3670 5144 didicimus”.

2110 5179 2353 5235 Habebat
2387 5182 2530 5235 enim
2565 5182 2618 5234 in
2655 5181 2908 5236 manibus
2942 5181 3170 5250 angelus
3192 5181 3244 5234 in
3278 5179 3397 5248 ipso
3417 5179 3668 5249 loquens,

2107 5272 2410 5328 funiculum
2444 5287 2553 5344 quo
2580 5281 2781 5328 terram
2815 5271 2996 5326 metiri
3016 5271 3266 5326 homines
3295 5271 3491 5325 solent.
3514 5267 3668 5322 Tunc

2108 5377 2286 5422 autem
2318 5365 2494 5422 oratio
2525 5365 2764 5420 maxime
2806 5379 2962 5420 suam
3019 5377 3335 5418 mensuram
3371 5360 3669 5430 consequi-

2106 5466 2214 5524 tur,
2245 5473 2370 5513 cum
2402 5473 2433 5512 a
2468 5456 2732 5511 rubedine
2756 5453 3002 5508 colorata
3029 5460 3134 5520 est,
3168 5465 3288 5521 quae
3315 5458 3397 5504 est
3437 5447 3665 5518 aenigma

2105 5548 2393 5619 sanguinis
2424 5547 2592 5610 illius,
2639 5561 2669 5600 a
2705 5562 2814 5617 quo
2843 5542 3108 5611 redempti
3145 5555 3362 5595 sumus.
3410 5539 3591 5604 Quare
3619 5541 3665 5596 si

2108 5636 2233 5707 quis
2261 5636 2326 5692 ad
2355 5635 2664 5706 exemplum
2695 5633 2849 5689 Pauli
2894 5632 3174 5688 Christum
3229 5631 3282 5685 in
3329 5645 3388 5685 se
3434 5628 3657 5700 loquen-
