3996 6196
326 343 460 396 H07

1560 352 1617 410 ε.
1655 354 1981 416 CREGOllIl
2016 361 2310 422 NYSSENI

3435 372 3569 432 “08

324 475 430 520 tem
461 467 714 533 habet",
763 471 857 539 qui
901 472 1125 542 proprio
1159 487 1260 528 nos
1293 474 1563 544 sanguine
1619 478 1886 549 redemit,
1959 486 2127 541 etiam
2157 487 2470 544 funiculum
2504 489 2658 544 illum
2693 489 3092 561 geometricum
3128 490 3292 546 habet
3333 508 3387 545 in
3453 510 3562 558 ore.

324 560 626 630 sanguinea
667 563 905 619 tinctura
931 577 1210 622 ornatum.

392 651 525 716 Qua:
558 661 740 709 autem
769 666 1078 727 sequuntur
1101 659 1287 725 verba,
1341 660 1726 732 interpretatio
1762 676 1893 723 sunt
1922 675 1968 732 Α

323 745 686 810 praecedentis
726 749 1050 818 aenigmatis.
1085 747 1220 805 Nam
1255 749 1735 812 funiculumillum
1771 774 1897 815 coc-

323 833 539 889 cineum
583 840 807 904 exponit
861 840 1131 909 loquelam
1210 843 1540 912 elegantem,
1595 865 1704 918 qua
1763 865 1897 908 voce

324 938 545 979 rursum
583 929 796 996 puritas
821 940 874 984 et
909 931 1216 986 moderatio
1262 935 1630 1004 significatur.
1684 939 1894 995 Etenim

322 1014 466 1078 quod
505 1027 764 1072 accurate
793 1021 1012 1089 elegans
1047 1032 1150 1087 est,
1203 1035 1366 1094 atque
1392 1027 1514 1098 ipso
1545 1031 1599 1083 in
1629 1032 1815 1101 vigore
1837 1047 1898 1088 se

321 1105 774 1175 conspiciendum
805 1113 1046 1176 exhibet,
1081 1113 1133 1167 id
1158 1130 1336 1185 neque
1365 1117 1740 1188 immaturum,
1785 1139 1898 1179 ne-

320 1212 430 1266 que
459 1199 740 1254 exoletum
770 1210 878 1258 est.
913 1202 1051 1258 Cum
1083 1222 1213 1261 vero
1243 1208 1440 1265 deinde
1491 1227 1590 1282 per
1620 1215 1751 1269 mali
1793 1231 1896 1285 pu-

320 1288 431 1342 nici
461 1291 722 1346 corticem
749 1308 918 1362 genas
962 1305 1144 1360 ornat,
1193 1299 1459 1370 insignem
1491 1305 1786 1372 quamdam
1838 1308 1893 1362 in

319 1379 484 1436 bonis
517 1382 906 1450 perfectionem
954 1401 1171 1456 sponsae
1212 1391 1424 1446 tribuit.
1464 1391 1594 1448 Vult
1631 1397 1778 1450 enim
1821 1398 1896 1452 si-

318 1470 604 1534 gniticare,
642 1488 752 1526 non
786 1475 895 1528 alia
939 1475 1172 1544 quadam
1224 1479 1279 1532 in
1315 1495 1376 1535 re
1423 1482 1591 1536 situm
1619 1497 1740 1539 esse
1771 1485 1895 1542 the-

320 1576 542 1614 saurum
588 1563 782 1631 ipsius.
841 1566 936 1620 sed
996 1567 1171 1635 ipsam
1213 1570 1298 1623 sui
1347 1570 1522 1641 ipsius
1574 1575 1894 1630 thesaurum

317 1666 486 1718 esse;
524 1655 900 1725 quippe.qum
957 1660 1140 1713 omnis
1190 1659 1319 1715 boni
1363 1672 1689 1732 apparatum
1744 1667 1803 1720 in
1835 1683 1895 1722 se

317 1747 738 1815 complectatur.
773 1748 908 1803 Nam
942 1759 1001 1804 ut
1033 1752 1242 1806 cortice
1275 1755 1596 1809 continetur
1648 1756 1705 1810 id
1744 1757 1892 1827 quod

317 1837 661 1893 esculentum
687 1848 768 1895 est
807 1842 861 1895 in
895 1843 1040 1896 malo
1085 1845 1308 1912 punico,
1353 1846 1434 1901 sic
1465 1848 1630 1901 etiam
1667 1847 1896 1903 demon-

319 1939 459 1984 strat
483 1933 754 1986 contineri
789 1933 1110 1990 thesaurum
1139 1935 1260 2004 ejus
1303 1936 1616 1993 interiorem
1647 1940 1894 2009 pulchri-

321 2021 513 2077 tudine
549 2024 639 2076 illa
683 2025 828 2086 vitae,
864 2040 984 2094 qua:
1009 2026 1113 2080 sub
1143 2036 1429 2095 aspectum
1465 2008 1777 2084 cadit.iﬂic
1800 2031 1897 2101 igi-
1925 2008 1968 2063 Β

318 2123 409 2166 tur
439 2123 524 2168 est
554 2115 804 2169 occultus
840 2117 929 2169 ille
958 2117 1072 2185 spei
1111 2117 1405 2181 thesaurus
1429 2121 1688 2189 proprius
1725 2124 1896 2178 animi

321 2205 555 2266 fruetus,
600 2207 693 2275 qui
734 2207 842 2259 vita
899 2207 1087 2260 virtuti
1126 2218 1498 2265 consentanea
1555 2214 1714 2281 quasi
1756 2229 1895 2283 quo-

317 2297 441 2350 dam
484 2298 609 2352 niali
646 2299 830 2366 punici
857 2300 1064 2354 cortice
1102 2302 1440 2357 continetur.
1502 2305 1660 2369 Quod
1709 2316 1890 2362 autem

317 2391 539 2443 additur
568 2409 580 2443 :
611 2389 816 2444 Prwter
841 2390 894 2443 id
928 2391 1066 2460 quod
1107 2392 1159 2444 in
1207 2404 1254 2445 te
1284 2395 1575 2458 reticetur;
1628 2397 1791 2462 hanc,
1834 2410 1895 2454 ut

316 2481 576 2542 arbitror,
614 2481 943 2534 sententiam
986 2481 1171 2545 habet,
1225 2495 1338 2536 non
1379 2491 1492 2538 tam
1542 2500 1609 2540 ex
1649 2487 1896 2543 cadenti-

318 2573 419 2628 bus
449 2573 552 2626 sub
590 2580 872 2640 aspectum
912 2574 1175 2628 mstimari
1221 2575 1436 2630 laudem
1470 2577 1614 2632 hanc
1668 2579 1890 2645 debere,

315 2669 589 2732 quatenus
612 2664 725 2717 bare
739 2663 920 2718 verbis
937 2673 1286 2734 exponuntur
1317 2685 1329 2720 :
1361 2683 1526 2736 quam
1555 2684 1620 2722 ex
1641 2669 1724 2728 iis.
1747 2685 1897 2740 qua:-

317 2771 536 2824 cunque
577 2755 803 2810 silentio
864 2763 1145 2826 teguntur.
1195 2757 1585 2813 iudicationem
1639 2777 1762 2830 quae
1799 2777 1894 2830 per

314 2845 484 2898 verba
537 2843 650 2909 fiat,
698 2843 1037 2915 efl‘ugientia.
1095 2847 1568 2912 Quemadmodum
1621 2853 1767 2905 enim
1814 2852 1888 2918 id,

314 2938 462 3006 quod
490 2939 666 2992 oratio
695 2954 804 2993 non
835 2947 940 3003 est,
989 2939 1269 2994 silentium
1294 2957 1420 2998 esse
1463 2945 1782 3011 statuimus,
1816 2947 1892 3000 ita

315 3031 535 3100 siquod
590 3047 619 3084 a
674 3031 894 3087 silentio
925 3041 1010 3088 est
1053 3033 1354 3099 diversum,
1404 3036 1711 3092 orationem
1765 3039 1890 3109 quis

313 3137 438 3177 csse
471 3123 689 3187 dixerit,
720 3139 830 3177 non
861 3126 1086 3179 errabit.
1119 3125 1254 3180 Nam
1301 3126 1353 3180 id
1383 3127 1703 3194 reticcmus,
1740 3132 1889 3200 quod

314 3213 500 3267 verbis
557 3215 848 3267 enuntiare
925 3229 1031 3267 non
1097 3229 1413 3284 possumus.
1477 3215 1536 3270 Si
1589 3233 1718 3289 ergo
1758 3221 1891 3275 illud

2078 670 2136 725 Ὁ
2181 671 2226 725 δ’
2268 672 2466 742 ἐφεξῆς
2504 673 2680 741 λόγος,
2723 671 2988 744 ἑρμηνεία
3032 673 3150 725 ἐστὶ
3199 671 3295 725 τοῦ
3343 672 3574 743 πρόσθεν

1998 764 2334 835 αἰνίγματος.
2385 765 2587 819 Λαλιάν
2614 764 2723 834 γὰρ
2763 765 2972 836 ὡραίαν
3004 764 3260 834 ὀνομάζει
3309 764 3368 816 τὸ
3405 781 3578 835 σπαρ-

1997 855 2108 908 τίον
2139 857 2201 908 τὸ
2228 856 2496 922 κόκκινον,
2537 857 2605 910 δι’
2647 851 2706 910 οὗ
2750 856 2911 910 πάλιν
2948 856 3203 926 σημαίνει
3245 854 3305 909 τὸ
3339 853 3579 924 καθαρὸν

1999 949 2092 1000 καὶ
2121 947 2412 1019 ἔμμετρον.
2444 948 2518 1001 Τὸ
2567 949 2674 1021 γὰρ
2717 948 2960 1019 ἀκριϐῶς
3001 947 3224 1018 ὡραῖον,
3259 945 3352 999 καὶ
3395 947 3456 997 ἐν
3501 944 3580 1014 τῷ

2002 1038 2115 1108 ίδίῳ
2159 1039 2336 1110 καιρῷ
2374 1040 2471 1109 τῆς
2516 1040 2700 1111 ἀκμῆς
2747 1038 3194 1110 προφαινόμενον,
3238 1034 3362 1089 οὗτε
3402 1034 3581 1105 ἄωρόν

1997 1131 2164 1195 ἐστιν,
2197 1130 2320 1184 οὔτε
2347 1131 2564 1202 ἔξωρον.
2594 1131 2684 1203 Τῷ
2707 1131 2763 1184 δὲ
2793 1130 3010 1202 λεπύρῳ
3037 1129 3137 1200 τῆς
3167 1129 3294 1200 ῥόας
3321 1128 3381 1180 τδ
3414 1126 3580 1197 μῆλον

1996 1226 2098 1295 τῆς
2134 1225 2366 1295 παρειᾶς
2408 1222 2682 1295 ὠραῖζων,
2725 1223 2967 1294 μεγάλην
3002 1223 3124 1275 τινὰ
3168 1220 3584 1291 προσμαρτυρεῖ

1995 1317 2062 1384 τῇ
2105 1313 2289 1384 νύμφῃ
2328 1313 2427 1384 τὴν
2461 1315 2519 1367 ἐν
2545 1317 2656 1378 τοῖς
2693 1313 2916 1382 ἀγαθοῖς
2961 1311 3289 1383 τελειότητα.
3321 1308 3578 1381 Σημαίνει

1996 1403 2103 1473 γὰρ
2135 1404 2209 1474 μὴ
2241 1405 2298 1456 ἐν
2324 1402 2466 1473 ἄλλῳ
2493 1402 2600 1456 τινὶ
2636 1402 2727 1455 τὸν
2753 1401 3026 1473 θησαυρὸν
3068 1401 3204 1472 αὐτῇ
3238 1396 3580 1470 παρεσκευά-

1999 1493 2143 1555 σθαι,
2197 1492 2312 1546 ἀλλ’
2371 1493 2540 1564 αὐτὴν
2595 1489 2732 1546 εἶναι
2783 1493 3052 1564 θησαυρὸν
3101 1492 3321 1562 ἑαυτῆς,
3380 1488 3580 1552 παντὸς

1997 1583 2202 1653 ἀγαθοῦ
2232 1583 2581 1656 παρασκευὴν
2614 1585 2671 1639 ἐν
2705 1585 2872 1656 ἑαυτῇ
2914 1584 3294 1656 περιέχουσαν.
3342 1581 3432 1644 Ὦς
3471 1580 3581 1652 γὰρ

1997 1674 2074 1744 τῷ
2103 1673 2324 1746 λεπύρῳ
2351 1675 2664 1745 περιέχεται
2695 1676 2794 1746 τῆς
2838 1676 2965 1747 ῥόας
3008 1675 3068 1728 τὸ
3098 1673 3379 1744 ἐδώδιμον·
3409 1672 3581 1734 οὕτως

1999 1763 2325 1816 ἐνδείκνυται
2362 1763 2440 1834 τῷ
2480 1764 2788 1836 φαινομένῳ
2814 1764 3004 1818 κάλλει
3034 1762 3128 1816 τοῦ
3158 1762 3274 1832 βίου
3313 1761 3404 1814 τὸν
3435 1759 3580 1813 ἔνδον

1997 1855 2166 1925 αὐτῆς
2191 1854 2461 1926 θησαυρὸν
2489 1855 2856 1927 περιέχεσθαι.
2889 1851 3058 1918 Οὗτος
3087 1849 3180 1906 οὖν
3203 1853 3348 1905 ἐστιν
3379 1852 3408 1903 6
3444 1867 3581 1922 κρυ-

1998 1945 2128 2009 πτδς
2152 1945 2421 2017 θησαυρὸς
2445 1946 2554 2002 τῶν
2578 1947 2828 2015 ἐλπίδων,
2849 1949 2877 2000 ό
2897 1945 3024 2010 ῐδιος
3040 1943 3247 2015 καρπὸς
3267 1942 3364 2013 τῆς
3382 1940 3578 2011 ψυχῆς.

1997 2041 2026 2093 6
2052 2037 2131 2108 τῷ
2159 2039 2397 2110 ἐναρέτῳ
2438 2038 2535 2108 βίῳ
2577 2039 2827 2107 καθάπερ
2858 2039 2964 2091 τιν)¹
3008 2038 3134 2108 ῥόας
3174 2033 3395 2104 λεπύρῳ
3422 2049 3579 2102 περι-

1998 2129 2384 2200 κρατούμενος.
2431 2129 2505 2183 Τὸ
2551 2130 2628 2192 δὲ,
2666 2129 2866 2194 Ἐκτός
2898 2127 3008 2196 τῆς
3053 2123 3406 2191 σιωπήσεὼς
3439 2138 3575 2185 σου,

1997 2219 2200 2290 ταύτην
2218 2215 2371 2289 οἶμαι
2393 2218 2490 2290 τὴν
2515 2218 2750 2272 διάνοιαν
2773 2217 2930 2288 ἔχειν,
2949 2218 3031 2272 ὅτι
3052 2217 3110 2268 ’0
3127 2215 3344 2278 ἔπαινός
3371 2230 3463 2266 σου
3480 2213 3578 2265 οὐκ

1997 2311 2061 2364 ὲκ
2099 2310 2205 2364 τῶν
2225 2310 2566 2381 φαινομένων
2588 2309 2836 2363 τοσοῦτόν
2869 2310 3036 2373 ἐστιν,
3065 2309 3164 2361 ὅσα
3199 2305 3276 2376 τῷ
3317 2305 3460 2372 λόγῳ
3479 2320 3578 2374 μη-

1997 2402 2213 2456 νύεταιο
2244 2402 2379 2456 ἀλλά
2405 2402 2623 2472 μᾶλλον,
2661 2402 2763 2455 ὅσα
2802 2402 2979 2471 σιωπῇ
3024 2398 3440 2467 ἀποκέκρυπται
3483 2395 3578 2464 τὴν

1995 2493 2089 2547 τοῦ
2117 2493 2277 2563 λόγου
2313 2493 2670 2561 διαφεύγοντα
2711 2493 2960 2563 μήνυσιν.
2994 2491 3202 2558 ’Ὠσπερ
3261 2487 3370 2557 γὰρ
3399 2486 3462 2538 τὸ
3492 2485 3579 2537 ἐκ·

1996 2586 2086 2649 τὸς
2107 2585 2199 2639 τοῦ
2219 2585 2376 2654 λόγου
2401 2586 2434 2655 ή
2462 2585 2638 2655 σιωπὴ
2665 2585 2884 2647 νοεῖται,
2915 2581 3056 2635 οὕτω
3085 2579 3147 2633 τὸ
3183 2577 3337 2640 ἐκτὸς
3371 2573 3577 2644 σιωπῆς

1994 2679 2086 2731 τὸν
2117 2678 2274 2746 λόγον
2317 2677 2451 2730 νοῶν
2497 2694 2600 2740 τις,
2650 2677 2748 2746 οὐχ
2787 2675 3182 2745 ἁμαρτήσεται.
3234 2671 3442 2723 Ἐκεῖνο
3474 2667 3577 2738 γὰρ

1997 2771 2327 2841 σιωπῶμεν,
2369 2770 2397 2822 ὃ
2441 2770 2528 2824 διὰ
2598 2768 2706 2821 τῶν
2760 2767 3018 2838 ῥημάτων
3087 2761 3452 2832 ἀδυνατοῦμεν
3498 2758 3577 2824 ἐξ·

1995 2862 2264 2932 αγγεῖλαι.
2297 2863 2361 2915 Εί
2401 2859 2493 2916 οὖν
2542 2861 2602 2914 τὸ
2641 2859 2796 2932 ἐκτός
2830 2857 3040 2911 ἐκείνου
3069 2857 3102 2926 ἡ
3145 2852 3325 2924 σιωπὴ
3357 2855 3575 2912 νοεῖται,

1993 2953 2054 3006 τὸ
2084 2953 2239 3016 ἐκτὸς
2272 2954 2479 3023 σιωπῆς
2508 2949 2795 3004 ἀκόλουθον
2824 2949 3040 3010 πάντως
3062 2946 3152 2998 τὸν
3179 2945 3336 3012 λόγον
3351 2943 3576 2997 οἴεσθαι.

1995 3042 2202 3095 Οὐκοῦν
2227 3045 2255 3095 6
2287 3041 2476 3105 είττὼν,
2512 3043 2592 3094 ὅτι
2643 3039 2846 3102 Ἐκτός
2889 3034 2996 3104 τῆς
3041 3030 3400 3099 σιωπήσεώς
3440 3046 3572 3094 σου,

1992 3133 2150 3186 τοῦτο
2178 3133 2364 3202 σαφῶς
2391 3133 2470 3202 τῷ
2502 3131 2644 3201 λόγῳ
2679 3130 3025 3202 παρίστησιν,
3055 3127 3135 3178 ὅτι
3168 3123 3306 3177 καλά
3337 3121 3437 3193 μέν
3465 3123 3575 3174 ἐστι

1993 3225 2086 3276 καὶ
2123 3224 2332 3294 μεγάλα
2362 3223 2433 3276 τά
2465 3223 2542 3292 τῷ
2572 3222 2715 3291 λόγῳ
2750 3219 2978 3291 φανῆναι
3023 3217 3316 3286 δυνάμενα,
3351 3215 3455 3268 ὅσα
3484 3215 3576 3265 ἐκο

317 3301 462 3367 quod
506 3300 757 3352 oratione
795 3315 904 3353 non
939 3301 1275 3367 continetur,
1295 3303 1574 3358 silentium
1607 3316 1718 3372 est,
1747 3324 1887 3364 con-

1996 3315 2218 3378 τός-ἐστι
2251 3315 2348 3384 τῆς
2377 3310 2696 3384 σιωπήσεώς
2727 3329 2841 3365 σου.
2879 3310 2958 3363 Τὰ
2985 3309 3041 3362 δὲ
3077 3307 3170 3361 τοῦ
3208 3307 3368 3375 λόγου
3400 3305 3572 3367 ἐκτὸς,

316 3391 567 3460 sequitur
609 3391 834 3444 Omnino
901 3392 1224 3460 putandum,
1279 3395 1333 3448 id
1389 3411 1511 3451 esse
1559 3398 1884 3465 orationem,

315 3482 462 3550 quod
493 3490 647 3537 extra
671 3483 948 3537 silentium
986 3485 1076 3539 sit.
1109 3483 1290 3550 Quare
1325 3503 1447 3540 cum
1476 3488 1608 3544 dicit
1636 3508 1649 3544 :
1686 3489 1888 3546 Prwtcr

316 3571 370 3627 id
397 3573 536 3644 quod
586 3574 638 3626 in
673 3581 720 3626 te
748 3573 1017 3639 reticetar,
1047 3574 1152 3630 hoc
1181 3577 1298 3630 vult
1336 3577 1481 3633 haud
1515 3580 1697 3646 dubie,
1749 3598 1888 3652 prte-

1992 3403 2061 3457 τά
2095 3407 2160 3475 τῇ
2193 3407 2368 3475 σιωπῇ
2405 3403 2810 3473 καλυπτόμενα,
2839 3401 2908 3454 τά
2945 3399 3158 3472 ἄρρητά
3189 3413 3248 3449 τε
3289 3395 3387 3448 καὶ
3421 3395 3576 3447 ἀνεκο

1995 3494 2238 3566 φώνητα,
2273 3496 2490 3558 πάντως
2528 3494 2623 3548 καὶ
2650 3491 3067 3566 θαυμασιώτερα
3093 3489 3200 3544 τῶν
3230 3485 3574 3557 ἐκφωνουμέ-

1997 3605 2104 3642 νων
2134 3589 2303 3642 ἐστίν.

315 3669 464 3722 clara
493 3667 714 3738 quidem
743 3677 798 3722 et
829 3683 1026 3740 magna
1063 3684 1210 3734 esse,
1235 3685 1358 3741 qua:
1387 3672 1617 3728 indicari
1647 3679 1895 3734 oratione
1934 3682 2179 3752 possint,
2205 3684 2349 3753 quod
2383 3682 2642 3737 nimirum
2669 3688 2823 3737 extra
2858 3678 3135 3734 silentium
3202 3675 3385 3746 posita
3445 3673 3569 3732 sint.

316 3760 538 3814 silentio
564 3776 692 3818 vero
747 3768 894 3816 tecta
923 3769 978 3816 et
1024 3761 1349 3828 ineffabilia,
1403 3765 1584 3822 modis
1668 3769 1926 3827 omnibus
2002 3774 2216 3844 majora
2239 3781 2293 3829 et
2322 3773 2732 3829 admirabiliora
2764 3787 2887 3828 esse
2909 3773 2999 3836 iis,
3023 3786 3143 3841 qua:
3162 3769 3413 3824 oratione
3447 3779 3572 3837 pro-

317 3852 593 3908 feruntur.

384 3942 544 4000 Nune
568 3947 732 4000 etiam
776 3946 890 4012 illa,
944 3961 1068 4017 qua:
1101 3959 1428 4020 sequuntur,
1460 3952 1748 4010 audiamus
1791 3969 1892 4010 en-

316 4038 490 4091 comia
530 4076 546 4102 ,
609 4052 841 4106 quorum
919 4040 1194 4094 sententia
1284 4043 1590 4098 consimilis
1670 4052 1756 4100 est
1811 4046 1888 4100 illi

316 4138 502 4200 puteo,
549 4128 709 4198 cujus
733 4143 796 4182 os
826 4139 1221 4185 commemorat
1256 4133 1486 4187 historia
1525 4134 1704 4203 lapide
1737 4137 1887 4205 gravi

315 4226 398 4278 sic
431 4221 702 4275 munitum
747 4219 940 4286 fuisse,
998 4231 1057 4276 ut
1089 4223 1378 4279 diﬂiculter
1409 4224 1530 4295 ejus
1578 4240 1718 4295 aqua
1774 4227 1885 4282 frui

317 4317 508 4387 puellae
542 4324 832 4386 pascentes
866 4325 1092 4386 possent
1127 4337 1139 4372 :
1165 4318 1340 4374 donec
1370 4334 1436 4374 eo
1460 4320 1674 4378 delatus
1701 4320 1888 4389 Jacob,

316 4408 550 4480 lapidem
600 4408 668 4462 ab
717 4423 812 4463 ore
851 4409 1003 4478 putei
1045 4408 1358 4474 submovit,
1400 4417 1455 4464 et
1499 4425 1640 4481 aqua
1671 4411 1892 4480 repletis

317 4501 484 4565 vasis,
519 4515 585 4555 ex
625 4500 827 4569 quibus
867 4499 1124 4555 biberunt
1162 4515 1375 4571 greges,
1409 4500 1538 4556 fecit
1583 4509 1642 4556 ut
1678 4503 1894 4558 abunde

2081 3955 2428 4027 Ἀκούσωμεν
2477 3955 2533 4008 δὲ
2593 3954 2686 4007 καὶ
2737 3952 2846 4006 τῶν
2909 3950 3107 4021 ἐφεξῆς
3164 3950 3404 4003 ἐπαίνων
3431 3989 3446 4011 ,
3504 3943 3574 4002 ὧν

1995 4051 2028 4118 ἡ
2062 4049 2270 4103 διάνοια
2307 4047 2385 4118 τῷ
2419 4048 2519 4117 τῆς
2563 4046 2804 4116 ἱστορίας
2849 4043 2991 4098 ἔοικε
3038 4043 3255 4113 φρέατι,
3297 4035 3452 4114 ᾧπέρ
3495 4059 3574 4105 τις

1993 4139 2138 4203 λίθος
2169 4139 2379 4210 ἐπέχων
2405 4138 2468 4192 τὸ
2503 4138 2742 4208 στόμιον,
2770 4135 2973 4208 ἄπορον
3019 4137 3162 4188 ποιεῖ
3196 4137 3318 4198 ταῖς
3358 4153 3574 4206 ποιμαι-

1997 4229 2216 4293 νούσαις
2257 4229 2356 4301 τὴν
2405 4230 2694 4300 μετουσίαν
2742 4227 2836 4282 τοῦ
2867 4227 3110 4290 ’ὓδατοςσ
3159 4225 3272 4279 ἀλλ’
3319 4229 3347 4279 6
3387 4225 3573 4280 Ἰακὼὸ

1999 4323 2225 4385 ἐπιστὰς
2253 4320 2600 4393 ἀναμοχλίζει
2640 4339 2698 4374 τε
2727 4320 2821 4374 τοῦ
2872 4319 3092 4390 στομίου
3141 4319 3231 4372 τὸν
3277 4318 3449 4383 λίθον,
3488 4319 3575 4373 καὶ

2001 4416 2178 4486 πλήρη
2209 4415 2274 4468 τὰ
2303 4417 2622 4486 ποτιστήρια
2649 4415 2878 4484 ποιήσας
2908 4411 3001 4464 τοῦ
3028 4410 3237 4476 ὕδατος,
3273 4411 3442 4464 ἔδωκε
3470 4413 3576 4472 τοῖς

2001 4505 2277 4576 θρέμμασι
2329 4507 2447 4557 κατ’
2496 4505 2737 4569 ἐξουσίαν
2789 4503 3120 4574 ἐντρυφῆσαι
3160 4501 3266 4554 τῶν
3302 4501 3574 4571 ναμάτων.

316 4604 376 4644 se
436 4597 566 4660 potu
612 4591 1013 4644 recrearent".
1074 4590 1139 4644 Et
1177 4606 1300 4659 qua:
1355 4592 1571 4646 tandem
1606 4593 1697 4646 illa
1735 4601 1884 4656 sunt,

1996 4595 2123 4648 Τίνα
2148 4596 2325 4648 τοίνυν
2351 4595 2518 4660 ἐστὶν,
2557 4593 2593 4648 ἃ
2625 4594 2701 4664 τῷ
2729 4591 2952 4662 τοιούτῳ
2981 4593 3175 4661 φρέατι
3226 4591 3576 4661 προσεικάζο-

315 4696 439 4751 quae
492 4681 588 4734 tali
629 4697 751 4735 cum
798 4692 963 4752 puteo
998 4684 1431 4751 comparamus?
1471 4683 1760 4754 Sexaginta
1805 4703 1890 4740 re-

316 4771 455 4840 gina:
479 4780 622 4832 sunt,
651 4779 699 4822 et
729 4773 991 4840 octoginta
1039 4770 1364 4836 concubium,
1403 4781 1450 4825 et
1484 4772 1889 4841 juvencularum

316 4877 422 4915 non
453 4869 531 4914 est
574 4876 844 4914 numerus.
906 4860 1022 4914 Una
1056 4871 1135 4916 est
1184 4863 1426 4916 columba
1467 4880 1604 4925 mea,
1659 4864 1889 4932 perfecta

317 4967 454 5005 mea.
487 4947 653 5003 Unica
685 4959 765 5004 est
796 4953 954 5004 matri
1005 4969 1135 5016 sum,
1193 4955 1357 5008 electa
1391 4955 1472 5008 illi
1527 4971 1643 5024 quw
1690 4958 1888 5023 peperit

317 5061 455 5100 eam.
495 5042 630 5110 Quis
665 5043 832 5114 igitur
862 5044 1274 5113 nobislapidem
1328 5047 1682 5102 obscuritatis
1721 5049 1886 5116 hujus

315 5135 585 5193 volvendo
632 5135 1012 5191 submovebit?
1065 5136 1189 5204 quis
1241 5135 1548 5189 abdilorum
1627 5154 1888 5194 sensuum

317 5245 514 5301 aquam
549 5227 868 5292 exantlabit,
901 5243 1022 5298 qua:
1052 5227 1271 5297 quidem
1308 5244 1481 5296 usque
1513 5229 1649 5284 adeo
1692 5233 1798 5286 sita
1834 5233 1890 5287 in

319 5319 594 5392 profundo
621 5328 729 5384 est,
778 5327 839 5373 ut
871 5330 1060 5375 nostra
1113 5335 1231 5374 eam
1267 5319 1407 5374 ratio
1450 5329 1683 5389 nequeat
1726 5323 1892 5377 attin-

322 5415 490 5482 gere?
517 5413 809 5469 Enimvero
834 5424 980 5469 recte
1008 5430 1093 5470 me
1132 5413 1314 5470 facere
1343 5412 1601 5476 arbitror,
1636 5430 1758 5469 cum
1793 5434 1887 5471 ve-

321 5504 453 5559 stris
475 5507 697 5561 auribus
724 5511 980 5561 testatum
1016 5505 1175 5572 facio,
1195 5507 1578 5578 cdgitationem
1608 5507 1800 5561 borum
1838 5509 1890 5563 in

323 5593 471 5648 solos
502 5593 625 5650 illos
653 5594 868 5661 cadere,
896 5591 1058 5666 ‘qbos
1088 5597 1381 5666 Apostolus
1431 5595 1519 5651 his
1569 5597 1752 5655 verbis
1800 5615 1892 5670 ap-

387 5765 434 5798 "
467 5764 509 5820 ll
537 5770 642 5822 tior
704 5787 819 5838 xm,
848 5771 904 5829 3.
983 5773 1026 5803 ’³
1057 5771 1098 5826 G
1140 5789 1194 5827 ιι.
1227 5789 1376 5840 χιιι,
1421 5773 1486 5827 l0
1515 5789 1630 5843 sqq.

1999 4699 2134 4752 μεν;
2169 4682 2492 4748 Ἑξήκοντά
2518 4685 2635 4736 εἱσι
2658 4682 3048 4746 βασίλισσαι,
3082 4679 3178 4733 καὶ
3211 4679 3579 4748 ὀγδοήκοντα

1993 4775 2320 4837 παλλακαὶ,
2366 4774 2635 4840 νεάνιδες
2683 4769 2770 4827 ὧν
2801 4775 2911 4828 οὐκ
2957 4773 3128 4826 ἐστιν
3157 4771 3422 4841 ἀριθμός.
3465 4773 3578 4827 Μία

1990 4862 2123 4914 ἐστὶ
2172 4863 2489 4931 περιστερά
2533 4879 2672 4931 μου,
2732 4864 2926 4916 τελεία
2969 4879 3110 4931 μου.
3161 4863 3284 4914 Μία
3334 4862 3470 4915 ἐστὶ
3508 4860 3577 4929 τῇ

1986 4956 2166 5025 μητρὶ
2196 4954 2405 5022 αὐτῆς,
2440 4954 2753 5021 ἐκλεκτική
2783 4955 2913 5007 ἐστι
2946 4952 3022 5021 τῇ
3069 4955 3330 5020 τεκούσῃ
3363 4954 3574 5016 αὐτήν.

1993 5049 2090 5111 Τίς
2131 5044 2224 5102 οὖν
2264 5050 2394 5118 ἡμῖν
2437 5045 2752 5099 ἀποκυλίσει
2786 5045 2883 5114 τῆς
2923 5044 3186 5114 ἀσαφείας
3239 5043 3446 5112 ταύτης
3490 5043 3575 5094 τὸν

1993 5139 2173 5204 λίθον;
2205 5139 2300 5201 Τίς
2328 5137 2639 5208 ἐξαντλήσει
2673 5137 2779 5193 τῶν
2811 5137 3096 5208 νοημάτων
3126 5136 3186 5188 τὸ
3224 5134 3369 5204 ὕδωρ
3408 5134 3576 5195 οὓτως

1995 5233 2052 5285 ἐν
2089 5231 2240 5302 βάθει
2277 5233 2689 5302 κατακείμενον,
2735 5230 2812 5292 ὠς
2853 5229 3138 5298 ἀνέφικτον
3170 5222 3308 5280 εἶναι
3339 5226 3420 5297 τῷ
3446 5228 3576 5298 ἡμε-

1993 5323 2136 5393 τέρῳ
2162 5322 2343 5396 λόγῳ;
2389 5321 2546 5376 Ἀλλά
2577 5339 2664 5394 μοι
2697 5320 2876 5383 καλῶς
2920 5319 3062 5390 ἔχειν
3105 5317 3250 5371 δοκεῖ
3276 5317 3436 5370 τοῦτο
3463 5317 3576 5378 ταῖς

1999 5415 2187 5476 ἀκοαῖς
2217 5413 2369 5483 ὑμῶν
2393 5410 2883 5485 διαμαρτύρασθαι,
2930 5412 3010 5464 ὅτι
3057 5408 3118 5462 τὸ
3159 5407 3334 5461 ταῦτα
3378 5407 3576 5477 γνῶναι

2004 5503 2178 5574 μόνων
2204 5502 2424 5558 ἐκείνων
2452 5504 2617 5571 ἐστὶν,
2651 5503 2785 5574 πρὸς
2827 5501 2921 5565 οὓς
2965 5517 3126 5573 φησιν
3156 5502 3185 5552 6
3223 5497 3571 5559 Ἀπόστολος·

2001 5597 2082 5649 ὅτι
2115 5596 2214 5650 Ἔν
2239 5597 2418 5650 παντί
2448 5596 2900 5663 ἐπλουτίσθητε,
2930 5595 3000 5646 ἐν
3046 5590 3224 5646 παντὶ
3260 5591 3441 5660 λόγῳ,
3479 5585 3571 5642 καί
