3996 6196
275 309 415 368 “09

1311 309 1372 364 ΙΝ
1399 307 1697 368 CANTICA
1733 310 2000 368 CANTIC.
2043 311 2322 368 llO.\llLl.-\
2362 311 2474 367 XV.

3391 311 3530 368 illo

268 429 340 482 ἐν
369 426 539 494 πάσῃ
584 424 822 496 γνώσει.
867 427 934 481 Ἥ
970 427 1028 481 δὲ
1060 428 1303 500 ἡμετέρα
1360 431 1519 484 πενία
1571 433 1679 484 τῶν
1733 449 1865 504 προ-

1983 435 2132 488 tellat
2164 452 2178 487 :
2214 432 2279 486 In
2303 431 2541 485 omnibus
2571 430 2801 498 opulenti
2822 431 2954 499 [acti
2985 432 3133 494 estis,
3165 431 3220 484 in
3250 431 3392 484 omni
3421 448 3530 486 ser—

272 518 540 589 κειμένων
566 517 657 570 τοῦ
686 518 845 588 λόγου
878 519 1166 592 θησαυρῶν
1203 521 1634 592 ’περιδράξασθαι
1675 525 1868 578 ἀδυνά-

271 627 379 672 τως
422 607 534 680 ἔχει
556 624 568 638 ·
599 608 736 678 πλὴν
767 608 843 672 ὡς
883 609 948 664 ἂν
976 611 1070 664 τοῦ
1101 614 1198 681 τῆς
1230 613 1426 684 ἀργίας
1461 615 1866 686 κατακρίματος

271 700 379 763 ἔξω
428 698 737 770 γενοίμεθα,
785 699 875 754 διὰ
921 701 1012 755 τὸν
1061 704 1286 775 ὲρευνᾷν
1328 705 1426 766 τὰς
1468 704 1691 772 Γραφὰς
1737 708 1867 776 ἡμῖν

271 789 752 861 νομοθετήσαντα·
806 793 999 864 μικρόν
1056 812 1178 848 τινα
1236 796 1330 849 καὶ
1391 795 1602 858 τούτοις
1669 797 1868 867 ἱδρῶτα

273 880 589 950 προσθεῖναι
643 881 700 934 οὑ
761 884 1188 956 κατοκνήσομεν.
1237 886 1420 954 Φαμὲν
1476 886 1653 938 τοίνυν
1693 886 1868 956 δόγμα

272 989 325 1023 τι
358 973 466 1024 τῶν
497 973 856 1044 ἀστειοτέρων
897 974 993 1044 τὴν
1025 976 1081 1026 ὲν
1108 977 1222 1038 τοῖς
1253 978 1435 1046 ῥητοῖς
1485 975 1689 1040 τούτοις
1724 975 1869 1044 φιλο-

276 1062 468 1130 σοφίαν
497 1063 583 1116 διὰ
610 1064 716 1116 τῶν
749 1064 984 1118 ἐπαίνων
1019 1064 1119 1133 τῆς
1152 1065 1370 1139 νύμφης
1408 1069 1541 1137 ἡμῖν
1573 1066 1868 1138 παρατίθε-

277 1149 418 1203 σθαι.
452 1152 493 1203 Τ
497 1153 524 1203 ὸ
548 1152 603 1204 δὲ
633 1152 807 1222 δόγμα
837 1154 1073 1207 τοιοῦτόν
1118 1155 1265 1208 ἐστιν
1292 1171 1307 1186 ·
1334 1149 1408 1208 Οὑ
1455 1155 1594 1226 μετά
1626 1157 1724 1225 τῆς
1766 1157 1864 1209 αὑ-

275 1241 375 1310 τῆς
403 1241 720 1305 ἀκολουθίας
749 1245 839 1297 καὶ
860 1244 1065 1308 τάξεως
1089 1245 1328 1308 κτίζεται
1353 1246 1420 1300 τὰ
1443 1245 1570 1299 ὄντα
1615 1248 1708 1300 καὶ
1734 1247 1867 1300 ἀνα-

279 1331 542 1395 κτίζεται.
582 1334 708 1385 Ὅτε
757 1335 854 1404 μὲν
891 1335 1000 1406 γὰρ
1048 1336 1167 1388 κατ’
1211 1336 1387 1406 ἀρχὰς
1439 1336 1524 1390 διὰ
1575 1337 1674 1407 τῆς
1721 1337 1869 1400 θείας

277 1421 558 1492 δυνάμεως
584 1425 616 1494 ἡ
642 1425 740 1495 τῆς
770 1425 997 1489 κτίσεως
1024 1426 1286 1495 ὑφίστατο
1319 1427 1498 1496 φύσις,
1531 1429 1614 1496 ἐφ’
1640 1428 1867 1480 ἑκάστου

281 1510 392 1563 τῶν
441 1511 610 1567 ὄντων
656 1515 990 1578 ἀδιαστάτως
1038 1519 1106 1586 τῇ
1157 1518 1298 1588 ἀρχῇ
1350 1518 1758 1589 συναπηρτίσθη
1811 1518 1870 1570 τὸ

279 1604 476 1676 πέρας,
505 1608 639 1659 πᾶσι
670 1611 779 1670 τοῖς
805 1610 868 1660 ἐκ
899 1607 991 1662 τοῦ
1026 1610 1099 1680 μὴ
1136 1609 1288 1672 ὄντος
1316 1612 1394 1672 εἰς
1422 1610 1482 1663 τὸ
1524 1607 1661 1663 εἶναι
1694 1627 1871 1680 παρα-

280 1698 592 1767 γενομένοις
618 1699 751 1768 ὁμού
791 1701 855 1770 τῇ
897 1701 1038 1770 ἀρχῇ
1080 1701 1517 1773 συνανασχούσης
1543 1701 1644 1771 τῆς
1671 1701 1871 1754 τελειόο

280 1804 462 1858 τητος.
495 1789 590 1842 Ἕν
619 1789 675 1842 δὲ
701 1788 806 1842 τῶν
832 1791 1153 1844 κτισθέντων
1183 1794 1277 1846 καὶ
1301 1795 1334 1864 ή
1367 1794 1680 1865 ἀνθρωπίνη
1710 1795 1869 1864 φύσις

280 1879 451 1943 ἐστὶν,
486 1880 606 1932 οὐδὲ
640 1881 775 1952 αὑτὴ
809 1881 927 1934 καθ’
958 1882 1249 1954 ὁμοιότητα
1283 1884 1391 1938 τῶν
1427 1885 1600 1940 ἀλλων
1634 1887 1698 1939 ὲκ
1738 1903 1870 1957 προ-

281 1970 509 2040 αγωγῆς
556 1972 891 2042 προελθοῦσα
940 1974 1033 2026 ἐπὶ
1071 1974 1131 2026 τὸ
1182 1976 1418 2030 τέλειονσ
1467 1976 1581 2032 ἀλλ’
1626 1977 1734 2031 ἀπὸ
1771 1977 1870 2046 τῆς

280 2065 508 2138 πρώτης
575 2065 857 2137 ὑπάρξεως
933 2070 1345 2141 συμπλασθείσα
1409 2073 1476 2142 τῇ
1551 2069 1866 2140 τελειότητι.

295 2155 567 2224 Ἐγένετο
593 2157 718 2228 γὰρ,
747 2158 821 2221 ώς
857 2162 884 2212 ὁ
930 2161 1100 2228 Λόγος
1130 2162 1281 2232 φησὶ,
1326 2161 1450 2214 κατ’
1474 2163 1680 2215 εἰκόνα
1724 2163 1870 2216 Θεοῦ

283 2245 382 2298 καί
434 2247 737 2314 ὁμοίωσιν.
781 2249 956 2320 Ὅπερ
999 2251 1329 2303 ἐνδείκνυται
1384 2251 1445 2303 τὸ
1497 2250 1606 2304 τῶν
1652 2251 1872 2320 ἀγαθῶν

283 2335 584 2406 ἀκρότατον
616 2352 675 2388 τε
705 2337 799 2389 καὶ
821 2337 1173 2393 τελειότατον.
1227 2338 1290 2391 Τί
1320 2339 1427 2409 γὰρ
1461 2338 1528 2393 ἂν
1552 2340 1850 2411 ὑπέρτερον

283 2427 535 2498 εὑρεθείη
583 2427 682 2497 τῆς
728 2428 863 2499 πρὸς
913 2429 1044 2482 Θεὸν
1086 2429 1434 2500 ὁμοιώσεωςς
1482 2430 1604 2483 Ἐπὶ
1646 2431 1742 2502 μὲν
1781 2426 1873 2484 οὖν

283 2517 385 2586 τῆς
407 2513 628 2586 πρώτης
651 2517 898 2581 κτίσεως,
921 2519 1252 2583 ἁδιαστάτως
1276 2523 1340 2592 τῇ
1365 2522 1503 2594 ἀρχῇ
1535 2522 1871 2594 συνανεφάνη

283 2607 346 2659 τὸ
383 2606 576 2678 πέρας,
612 2607 706 2659 καὶ¹
734 2608 840 2661 ἀπὸ
872 2609 970 2678 τῆς
1002 2609 1330 2682 τελειότητος
1359 2615 1389 2682 ἡ
1431 2613 1590 2682 φύσις
1617 2614 1711 2668 τοῦ
1738 2613 1874 2670 εἶναι

286 2698 513 2767 ἤρξατο.
561 2697 775 2768 Ἐπειδὴ
823 2699 879 2751 δὲ
924 2700 1000 2770 τῷ
1049 2701 1262 2772 θανάτῳ
1313 2703 1400 2756 δια
1453 2705 1552 2773 τῆς
1600 2704 1875 2777 πρὸςτὴν

288 2789 490 2842 κακίαν
523 2789 754 2859 σχέσεως
791 2792 1151 2857 οίκειωθεῖσα,
1186 2795 1286 2865 τῆς
1333 2797 1391 2849 ἐν
1433 2796 1510 2865 τῷ
1544 2797 1732 2866 ἀγαθῷ
1765 2798 1879 2851 δια-

291 2883 463 2952 μονῆς
515 2883 800 2955 ἀπερρύη·
859 2885 958 2936 οὑκ
1017 2884 1218 2956 ἀθρόαν
1277 2887 1395 2940 καθ’
1451 2889 1741 2960 ὁμοιότητα
1779 2891 1879 2960 τῆς

292 2974 604 3040 συστάσεως
639 2976 738 3046 τῆς
777 2976 996 3048 πρώτης
1050 2978 1488 3048 ὲπαναλαμὸάνει
1539 2980 1637 3051 τὴν
1681 2982 1880 3035 τελειό-

1967 540 2137 588 atoue,
2160 532 2208 578 et
2241 523 2296 576 in
2323 523 2464 575 omni
2492 522 2785 590 cognitione
2816 522 2882 575 ”.
2915 520 3112 577 Nostra
3142 536 3267 575 vero
3304 522 3531 591 penuria

1966 615 2280 685 propositos
2309 614 2469 670 nobis
2519 615 2573 667 in
2614 613 2764 668 hisce
2806 613 2987 668 verbis
3039 614 3327 668 thesauros
3378 628 3533 668 com-

1966 707 2304 778 prehendere
2353 705 2502 759 nullo
2534 703 2694 758 modo
2735 709 2932 772 potest.
2969 701 3045 757 Ne
3087 713 3267 758 tamen
3308 702 3534 771 ignaviae

1967 799 2417 863 condemnemur,
2456 811 2578 851 cum
2610 797 2695 851 lex
2729 795 2888 849 nobis
2924 795 3031 847 lata
3067 794 3159 857 sit,
3212 810 3332 863 quae
3372 789 3527 847 scru-

1968 891 2159 946 tandas
2179 905 2302 946 esse
2317 889 2548 945 Litteras
2574 901 2760 942 sacras
2799 886 3043 955 praecipit
3072 899 3394 954 :parumper
3428 883 3531 938 hac

1966 981 2130 1036 etiam
2171 980 2226 1034 in
2257 988 2407 1049 parte
2430 979 2646 1034 sudoris
2677 977 3059 1032 adhiberenon
3084 975 3534 1031 detrectabimus.

1970 1071 2211 1127 Dicimus
2263 1087 2391 1140 ergo
2420 1070 2870 1139 comprehensam
2925 1069 3009 1124 his
3042 1068 3225 1123 verbis
3286 1068 3535 1138 philoso-

1969 1164 2170 1233 phiam,
2203 1177 2298 1232 per
2313 1163 2411 1217 has
2443 1175 2656 1230 sponsae
2693 1160 2879 1215 laudes
2903 1161 3210 1229 elegantem
3250 1158 3540 1227 quamdam

1969 1254 2127 1309 nobis
2181 1254 2486 1308 doctrinam
2546 1267 2866 1321 praponere.
2909 1249 2984 1303 Ea
3025 1265 3156 1305 vero
3198 1259 3279 1304 est
3341 1248 3537 1317 hujus-

1969 1343 2280 1399 modizNon
2312 1344 2498 1399 eadem
2529 1346 2739 1398 ratione
2768 1355 2929 1412 atque
2965 1344 3162 1396 ordine
3211 1340 3538 1415 universum

1968 1437 2073 1490 hoc
2100 1443 2154 1488 et
2181 1443 2423 1489 creatum
2459 1443 2541 1490 est
2573 1442 2627 1489 et
2658 1439 2972 1488 renovatur.
3024 1431 3154 1485 Nam
3185 1447 3308 1486 cum
3352 1446 3535 1484 rerum

1969 1526 2124 1580 initio
2153 1527 2201 1578 vi
2221 1525 2460 1580 numinis
2489 1525 2656 1579 divini
2672 1539 2792 1579 esse
2808 1533 3116 1578 creatorum
3137 1530 3330 1576 natura
3351 1519 3536 1590 carpit,

1970 1617 2025 1670 in
2056 1631 2112 1668 re
2128 1615 2368 1685 qualibet
2400 1630 2506 1668 una
2537 1629 2660 1667 cum
2699 1612 2971 1681 principio
3004 1611 3122 1666 sine
3145 1611 3257 1664 ullo
3274 1609 3538 1678 temporis

1970 1708 2148 1777 spatio
2188 1707 2310 1762 finis
2337 1707 2496 1760 etiam
2521 1705 2894 1776 perfectioque
2927 1705 3003 1759 rei
3033 1703 3362 1772 conjunctus
3405 1699 3537 1753 fuit:

1969 1811 2094 1851 cum
2113 1799 2363 1852 universa
2381 1797 2446 1851 de
2468 1797 2637 1850 nihilo
2653 1796 2918 1866 producta
2937 1810 3058 1849 cum
3081 1794 3347 1865 principio
3365 1789 3541 1861 perfe-

1969 1890 2204 1943 ctionem
2221 1889 2385 1943 etiam
2405 1903 2559 1942 suam
2591 1894 3086 1956 consequerentur.
3122 1885 3216 1938 Est
3236 1892 3416 1937 autem
3441 1882 3544 1934 Itu-

1971 1993 2128 2033 mana
2158 1994 2375 2049 quoque
2405 1987 2596 2032 natura
2617 1978 2833 2032 illorum
2858 1979 3177 2039 innumero,
3207 1989 3327 2044 quae
3359 1979 3544 2027 creata
3589 2001 3606 2009 —

1971 2080 2117 2135 sunt,
2152 2080 2207 2124 et
2237 2069 2462 2139 perinde
2515 2077 2573 2122 ut
2637 2069 2859 2138 reliquae
2906 2083 2994 2123 res
3026 2082 3134 2121 non
3176 2063 3438 2136 paulatim
3476 2061 3545 2116 ad

1973 2162 2360 2234 perfectionem
2395 2175 2551 2215 suam
2591 2161 2889 2224 contendit,
2938 2159 3033 2214 sed
3098 2157 3286 2213 statim
3321 2170 3386 2210 ex
3435 2168 3546 2223 quo

1972 2254 2208 2324 primum
2233 2267 2353 2308 esse
2390 2253 2576 2322 carpit,
2617 2252 2859 2321 perfecta
2894 2249 3014 2305 fuit.
3059 2249 3228 2301 Aiunt
3259 2246 3402 2301 enim
3435 2243 3548 2298 Lit-

1973 2353 2101 2401 tera:
2127 2361 2296 2401 sacrae
2331 2361 2355 2398 ε’
2376 2344 2578 2398 Factus
2609 2354 2686 2398 est
2709 2345 2862 2398 homo
2893 2342 2960 2396 ad
2987 2342 3266 2411 imaginem
3295 2338 3388 2391 Dei
3408 2345 3456 2391 et
3483 2337 3550 2389 si-

1975 2437 2411 2491 militudinem”.
2431 2434 2645 2502 Quibus
2675 2435 2850 2490 verbis
2887 2432 3162 2486 indicatur
3187 2432 3386 2484 bonum
3406 2428 3550 2480 inter

1973 2528 2155 2583 omnia
2180 2527 2320 2582 bona
2345 2538 2617 2580 summum
2648 2530 2701 2576 et
2720 2509 3200 2592 perfectissimu'm.
3227 2514 3369 2581 Quid
3397 2513 3546 2568 enim

1976 2618 2202 2689 reperiri
2251 2618 2423 2686 possit
2466 2613 2826 2671 similitudine
2860 2611 3029 2666 Deum
3073 2609 3346 2663 referente
3371 2604 3548 2660 subli-

1978 2711 2159 2766 mius?
2206 2711 2392 2778 Itaque
2445 2715 2592 2778 patet
2651 2707 2705 2760 in
2753 2704 2927 2774 prima
2957 2701 3234 2755 creatione
3282 2697 3402 2751 sine
3434 2694 3548 2747 ullo

1977 2802 2240 2873 temporis
2267 2801 2553 2856 intervallo
2591 2812 2698 2851 una
2738 2811 2863 2851 cum
2892 2791 3167 2865 principio
3195 2790 3356 2843 finem
3383 2786 3547 2841 etiam

1979 2895 2320 2965 apparuisse,
2366 2905 2561 2960 resque
2613 2895 2828 2943 creatas
2870 2900 2900 2939 a
2940 2883 3270 2954 perfectione
3290 2879 3546 2948 cmpisse.

1978 2985 2340 3054 Posteaquam
2389 2995 2520 3035 vero
2550 2985 2748 3032 natura
2781 2983 3006 3048 propter
3050 2972 3394 3028 affectionem
3418 2982 3549 3038 erga

291 3084 449 3138 τητα,
486 3067 600 3119 ἀλλ’
627 3065 730 3137 ὁδῷ
762 3085 866 3121 τινι
899 3068 1142 3139 πρόεισιν
1172 3070 1264 3122 ἐπὶ
1292 3070 1352 3122 τὸ
1386 3071 1588 3140 μεῖζον,
1621 3072 1709 3124 διά
1739 3090 1880 3136 τινος

1983 3077 2336 3132 vitiositatem
2363 3071 2522 3128 morti
2544 3071 2785 3131 addicta.
2815 3069 2884 3123 de
2903 3064 3308 3138 perseverantia
3335 3064 3390 3115 in
3408 3063 3552 3115 bono

293 3157 616 3222 ἀκολουθίας
653 3159 745 3211 καὶ
782 3158 986 3224 τάξεως
1028 3162 1147 3214 κατ’
1180 3160 1358 3229 ὀλίγον
1396 3162 1879 3235 ἁποσκευαζομένη

1983 3167 2183 3224 excidit
2214 3181 2229 3219 :
2265 3181 2373 3220 non
2422 3161 2646 3234 perinde
2686 3169 2745 3215 ut
2787 3161 2841 3214 in
2874 3167 2997 3215 ortu
3034 3159 3232 3228 primo,
3267 3152 3554 3225 perfectio-

292 3250 392 3320 τὴν
429 3251 564 3320 πρὶς
596 3250 664 3303 τὰ
692 3252 907 3304 ἐναντία
944 3251 1330 3322 προσπάθειαν.
1369 3253 1490 3306 Ἐπὶ
1525 3253 1622 3323 μὲν
1650 3253 1758 3324 γὰρ
1785 3255 1881 3325 τῆς

293 3340 521 3411 πρώτης
550 3342 909 3410 κατασκευῆς,
941 3341 1091 3395 οὐδὲν
1127 3338 1195 3413 ἦν
1225 3342 1285 3396 τὸ
1323 3341 1529 3396 κωλύον
1563 3343 1883 3416 συνδραμεῖν

292 3435 359 3502 τῇ
391 3432 604 3499 γενέσει
629 3433 689 3485 τὸ
713 3435 812 3504 τῆς
842 3431 1054 3500 φύσεως
1075 3433 1297 3499 τέλειον,
1329 3435 1528 3498 κακίας
1556 3434 1845 3506 οὑκοὺσης
1865 3451 1880 3466 ο

293 3524 390 3576 ἐπὶ
439 3523 497 3577 δὲ
552 3524 648 3593 τῆς
690 3523 946 3596 δευτέρας
997 3523 1524 3594 ἀναστοιχειώσεως,
1575 3525 1886 3594 ἀναγκαίως

294 3617 328 3686 ὴ
365 3616 770 3686 διαστηματικὴ
806 3616 1142 3687 παράστασις
1171 3619 1626 3688 συμπαρομαρτεί
1665 3619 1732 3686 τῇ
1781 3617 1884 3668 ἐπι

291 3706 655 3777 ἀκολουθήσει
701 3708 836 3778 πρὸς
876 3707 938 3760 τὸ
976 3707 1188 3780 πρῶτον
1228 3708 1431 3776 ἀγαθὸν
1479 3705 1881 3777 ἀνατρεχοὺσῃ·

290 3795 432 3849 διότι
482 3795 762 3866 τῇοὺλικῇ
808 3797 1150 3868 προσπαθεία
1192 3796 1502 3851 συνδεθεῖσα
1553 3795 1640 3850 διὰ
1691 3795 1887 3859 κακίας

289 3887 460 3958 ήμῶν
494 3888 527 3956 ἡ
559 3887 785 3951 διάνοια,
817 3887 937 3941 κατ’
965 3887 1162 3956 ὀλίγον,
1195 3888 1382 3960 ῶσπερ
1413 3887 1596 3956 φλοιοῦ
1629 3904 1774 3950 τινος
1794 3887 1888 3939 τοῦ

293 3979 648 4050 περιέχοντος
689 3978 775 4033 διὰ
819 3979 918 4049 τῆς
972 3979 1319 4050 ἀστειοτέρας
1363 3978 1589 4048 ἀγωγῆς
1643 3977 1892 4048 περιξυο-

298 4072 466 4144 μένη,
497 4069 594 4140 τὴν
620 4071 893 4140 συμφυΐαν
928 4071 1344 4125 ἀπωθεῖταιτοῦ
1382 4071 1642 4142 χείρονος.
1687 4070 1888 4124 Τούτου

295 4160 464 4231 χάριν
495 4157 694 4219 πολλὰς
721 4153 860 4211 εἶναι
889 4159 1038 4228 παρὰ
1064 4158 1141 4228 τῷ
1171 4158 1343 4230 Πατρὶ
1378 4159 1544 4229 μονὰς
1575 4159 1892 4230 μεμαθήκα-

299 4264 428 4318 μεν,
452 4245 594 4299 κατά
621 4246 721 4315 τὴν
748 4245 1035 4313 ἀναλογίαν
1067 4247 1164 4318 τῆς
1204 4248 1262 4299 ὲν
1293 4247 1505 4318 ἑκάστῳ
1537 4247 1672 4318 πρὸς
1702 4248 1761 4301 τὸ
1789 4264 1891 4300 κα-

298 4338 396 4391 λὸν
433 4337 689 4406 σχέσεως,
716 4337 808 4390 καὶ
837 4335 934 4406 τῆς
967 4336 1061 4389 τοῦ
1096 4337 1332 4409 χείρονος
1361 4338 1731 4402 ἀποστάσεως,
1756 4340 1893 4392 ἑτοι-

1983 3270 2106 3309 nem
2177 3253 2358 3308 subito
2387 3257 2697 3321 recuperat,
2731 3249 2827 3305 sed
2861 3249 2949 3303 via
2995 3247 3232 3318 quadam
3270 3243 3337 3298 ad
3372 3241 3552 3312 majus

1983 3345 2348 3416 progreditur,
2389 3342 2551 3412 idque
2584 3351 2954 3397 consentanea
3008 3339 3218 3393 ratione
3248 3345 3302 3392 et
3334 3334 3552 3396 ordine,

1984 3436 2111 3491 dum
2172 3436 2433 3505 paulatim
2476 3434 2819 3489 affectionem
2851 3441 2906 3488 et
2947 3431 3227 3487 contraria
3256 3427 3554 3497 proclivem

1985 3526 2300 3595 exstinguit.
2333 3525 2392 3579 ln
2427 3525 2603 3596 prima
2632 3525 2776 3580 enim
2801 3520 3075 3576 creatione
3099 3519 3232 3574 nihil
3258 3525 3377 3572 erat
3412 3515 3556 3586 quod

1989 3618 2294 3688 impediret,
2350 3615 2643 3686 quominus
2698 3622 2906 3668 natura:
2952 3609 3213 3679 perfectio
3259 3622 3383 3660 cum
3433 3612 3554 3659 ortu

1988 3710 2165 3780 ipsius
2188 3713 2562 3767 concurreret,
2582 3719 2706 3759 cum
2733 3702 2880 3757 nulla
2908 3709 3055 3756 esset
3075 3697 3370 3754 vitiositas.
3403 3696 3473 3748 At
3501 3693 3555 3746 in

1989 3797 2092 3852 hac
2141 3796 2312 3858 altera
2349 3793 2697 3848 restitutione
2749 3789 3064 3847 necessario
3110 3787 3405 3841 comitatur
3437 3797 3554 3842 eos.

1989 3889 2082 3958 qui
2109 3887 2176 3942 ad
2208 3888 2440 3957 primum
2472 3883 2606 3939 illud
2641 3884 2844 3938 bonum
2881 3885 3190 3939 recurrunt,
3225 3890 3379 3952 mora
3402 3890 3556 3942 qum-

1991 3982 2115 4037 dam
2147 3988 2201 4034 et
2231 3979 2424 4034 dilatio
2448 3976 2708 4046 temporis
2738 3993 2750 4028 :
2779 3980 3066 4044 propterea
3097 3968 3242 4039 quod
3273 3982 3426 4022 mens
3458 3981 3562 4018 no-

1990 4081 2126 4140 stra,
2182 4086 2305 4141 quae
2358 4070 2429 4126 ob
2481 4067 2834 4124 vitiositatem
2888 4063 3184 4118 constricta
3219 4065 3437 4113 tenetur
3493 4055 3564 4110 ab

1993 4163 2279 4220 affectione
2304 4161 2537 4232 quadam
2556 4156 2928 4231 propendente
2954 4154 3009 4208 in
3038 4168 3128 4208 res
3149 4165 3390 4212 crassas,
3424 4163 3561 4202 cono

1990 4255 2332 4326 iunctionem
2366 4267 2490 4306 cum
2535 4251 2700 4316 malo,
2752 4246 2910 4317 quasi
2953 4245 3216 4300 corticem
3273 4238 3561 4311 quemdam

1995 4343 2291 4399 obductum
2309 4340 2435 4405 sibi,
2455 4353 2551 4409 per
2571 4338 2854 4393 decentem
2883 4333 3098 4388 vivendi
3132 4332 3397 4385 rationem
3419 4327 3566 4384 velut

302 4425 626 4498 μαξομένης
655 4427 788 4478 πᾶσι
829 4427 926 4496 τῆς
973 4426 1310 4490 ἀντιδόσεως.
1345 4427 1402 4480 ’0
1448 4428 1546 4498 μὲν
1578 4428 1688 4498 γάρ
1713 4445 1796 4492 τις
1830 4430 1880 4482 ὲν

2003 4433 2240 4502 undique
2274 4429 2566 4499 scalpendo
2604 4426 2865 4498 paulatim
2892 4424 3157 4479 detrahat.
3175 4421 3288 4474 Hac
3313 4419 3381 4474 de
3398 4433 3568 4474 causa

296 4520 454 4589 ἀρχῇ
477 4518 576 4586 τῆς
597 4516 688 4570 τοῦ
727 4516 988 4586 βελτίονός
1033 4519 1148 4570 ἐστι
1186 4515 1459 4588 βρώσεως,
1484 4518 1609 4589 ἄρτι
1643 4520 1890 4590 καθάπερ

296 4611 371 4663 ὲκ
403 4607 571 4678 βυθοῦ
601 4625 741 4672 τινος
767 4607 860 4660 τοῦ
904 4607 1042 4660 κατὰ
1080 4607 1274 4661 κακίαν
1302 4607 1417 4678 βίου
1450 4609 1586 4680 πρὸς
1629 4607 1724 4679 τὴν
1762 4625 1892 4679 μετ-

296 4699 502 4753 ουσίαν
525 4697 625 4768 τῆς
651 4698 906 4768 ἀληθείας
929 4698 1326 4769 ἀνανηξάμενος
1342 4715 1355 4728 °
1383 4698 1460 4770 τῷ
1487 4698 1544 4752 δέ
1567 4717 1650 4762 τις
1673 4699 1894 4768 γέγονεν

300 4789 416 4858 ἥδη
457 4787 526 4839 δι’
560 4787 869 4854 ἐπιμελείας
908 4787 1188 4860 προσθήκη
1234 4786 1327 4840 τοῦ
1367 4788 1699 4860 κρείττονος·
1740 4790 1896 4852 ἄλλος

302 4879 598 4934 ἐπιπλεῖον
627 4878 714 4932 διά
736 4881 832 4951 τῆς
865 4879 1158 4950 ἐπιθυμίας
1182 4879 1290 4934 τῶν
1327 4879 1542 4948 ἀγαθῶν
1580 4880 1860 4952 ὲπηυξήθη
1883 4898 1895 4910 ·

302 4975 340 5028 ὁ
379 4972 444 5025 δὲ
487 4971 658 5041 μέσης
693 4971 802 5043 ἔχει
836 4972 933 5040 τῆς
961 4971 1069 5023 τῶν
1097 4970 1314 5041 ὑψηλῶν
1343 4971 1687 5034 ἀναϐάσεωςο
1718 4971 1901 5041 ἕτερος

302 5066 415 5119 καὶ
441 5063 502 5115 τὸ
533 5063 692 5132 μέσον
717 5063 1062 5134 παρέδραμεν
1082 5081 1094 5094 ’
1122 5064 1228 5116 eici.
1258 5063 1314 5118 δέ
1343 5081 1484 5126 τινες
1512 5063 1676 5117 κοιὶοί
1701 5062 1905 5117 τούτων

304 5155 552 5217 ἑαυτοὺς
580 5154 980 5226 ὑπεράραντες·
1030 5155 1177 5211 ἄλλοι
1225 5155 1507 5217 κάκείνους
1553 5153 1906 5224 παρήλασανο

301 5248 416 5302 καὶ
447 5245 588 5317 ὑπὲρ
613 5245 832 5311 τούτους
863 5245 1038 5318 ἕτεροι
1068 5249 1204 5318 πρὸς
1228 5247 1318 5301 τὸν
1339 5247 1451 5300 ἀνω
1471 5245 1666 5316 δρόμον
1702 5248 1907 5298 συντεί⁴

300 5353 540 5394 νονταιο
583 5338 674 5391 καὶ
720 5339 858 5402 ὅλως
904 5337 1042 5392 κατά
1079 5338 1175 5410 τὴν
1216 5337 1466 5408 ποικίλην
1505 5336 1613 5390 τῶν
1655 5338 1912 5409 προαιρέ-

302 5445 468 5484 σεων
520 5426 779 5500 διαφοράν
825 5429 1053 5482 ἕκαστον
1092 5430 1120 5482 ό
1165 5429 1296 5492 Θεὸς
1342 5429 1398 5482 ὲν
1440 5427 1519 5498 τῷ
1560 5427 1671 5498 ίδίῳ
1703 5426 1911 5498 δέχεται

299 5521 591 5590 τάγματι,
623 5519 689 5574 τὰ
729 5520 867 5592 πρὸς
912 5521 1066 5588 ἀξίαν
1101 5519 1431 5591 ἀποπληρῶν
1469 5522 1580 5583 τοῖς
1627 5521 1778 5585 πᾶσι,
1813 5522 1905 5574 καὶ

399 5693 493 5749 ’⁸1
521 5695 647 5752 Cor.
677 5712 714 5762 t,
745 5697 798 5752 5.
875 5698 919 5732 ’θ
945 5696 1080 5752 Gen.
1124 5712 1160 5765 ι,
1194 5696 1282 5751 26.
1361 5696 1406 5728 "
1428 5694 1582 5750 Joan.
1609 5712 1718 5762 xiv,
1753 5695 1804 5748 9..

1997 4527 2159 4582 etiam
2218 4523 2417 4578 multas
2462 4520 2605 4589 apud
2637 4519 2849 4572 Patrem
2898 4517 3048 4570 illum
3088 4514 3404 4568 mansiones
3443 4525 3569 4565 esse

1999 4613 2395 4686 accepimus",
2417 4613 2616 4681 quippe
2641 4608 2786 4679 quod
2816 4621 2912 4678 pro
2944 4607 3154 4660 ratione
3187 4601 3574 4674 propensionis

1999 4709 2067 4764 ad
2098 4707 2324 4767 bonum,
2361 4711 2413 4758 et
2436 4703 2725 4758 abscessus
2758 4715 2788 4754 a
2811 4699 2975 4763 malo,
3005 4701 3204 4766 cuique
3228 4709 3442 4749 merces
3473 4707 3571 4762 pa-

2003 4807 2122 4854 rata
2151 4797 2243 4852 sit.
2277 4797 2434 4850 Alius
2485 4793 2629 4848 enim
2675 4791 2854 4847 adhuc
2894 4799 2978 4846 est
3003 4791 3059 4844 in
3084 4789 3260 4858 primo
3289 4785 3574 4842 electionis

2005 4890 2131 4944 boni
2156 4888 2334 4950 initio,
2388 4895 2446 4940 ut
2486 4884 2579 4955 qui
2611 4898 2804 4940 recens
2837 4898 2868 4937 a
2914 4880 3084 4936 fundo
3115 4879 3236 4933 vitae
3263 4878 3476 4932 vitiosa:
3506 4875 3574 4929 ad

2007 4977 2254 5036 veritatis
2303 4977 2612 5032 fruitionem
2639 4973 2961 5037 emerserit;
3020 4972 3160 5026 alius
3191 4959 3574 5025 studioso'co—

2009 5079 2138 5124 natu
2167 5069 2278 5138 jam
2302 5068 2428 5123 boni
2487 5066 2721 5137 quadam
2769 5065 3088 5122 accessione
3143 5069 3197 5116 et
3235 5061 3576 5114 incremento

2006 5170 2200 5216 auctus
2232 5166 2317 5214 est
2351 5168 2365 5210 :
2400 5158 2541 5212 alius
2563 5157 2728 5213 etiam
2759 5156 2994 5226 amplius
3025 5154 3096 5208 ob
3123 5151 3454 5221 singularem
3481 5147 3576 5201 bo-

2007 5266 2204 5308 norum
2255 5249 2610 5319 cupiditatem
2665 5257 2754 5303 est
2803 5251 3135 5302 consecutus
3180 5257 3193 5292 :
3231 5241 3376 5294 alius
3417 5230 3575 5305 quasi

2010 5342 2246 5396 medium
2273 5342 2376 5396 iter
2399 5335 2818 5395 conscensionis
2851 5333 2915 5387 ad
2961 5332 3052 5386 illa
3091 5327 3348 5384 sublimia
3393 5323 3577 5376 confe-

2009 5430 2119 5496 cit;
2154 5429 2297 5484 alius
2337 5431 2502 5484 etiam
2535 5425 2770 5480 medium
2808 5421 2910 5475 hoc
2933 5435 3099 5474 cursu
3124 5413 3381 5488 praeteriit
3402 5426 3417 5475 ;
3442 5419 3577 5459 non-

2018 5520 2148 5575 nulli
2172 5527 2224 5576 et
2247 5518 2348 5574 hos
2369 5522 2871 5588 superarunt,-quos
2893 5522 3084 5564 rursus
3103 5507 3195 5561 alii
3216 5509 3342 5561 sunt
3364 5505 3581 5570 praeter-
