3996 6196
534 345 666 402 Mil

1800 350 1858 410 Β.
1900 351 2225 415 GREGORII
2263 355 2552 420 NYSSENI

3593 369 3707 430 μιν

532 455 746 526 gressi;
796 458 1260 528 contendentibus
1296 462 1424 521 item
1479 468 1602 524 aliis
1637 483 1804 540 supra
1841 473 1940 528 bos
1968 491 2099 544 quo-

2217 481 2456 551 συνάγων
2478 485 2585 545 τοῖς
2617 477 2965 556 ὑψηλοτέροις
3003 483 3100 547 τὰς
3143 485 3245 538 τῶν
3275 485 3474 554 ἀγαθῶν
3504 488 3710 559 ἀμοιδὰς.

530 561 640 616 que
676 546 744 600 ad
776 547 973 604 altiora
1016 567 1029 603 :
1063 550 1298 624 denique
1333 557 1476 614 Deus
1536 563 1762 618 omnino
1798 579 1900 634 pro
1932 567 2110 622 varie-

530 645 643 694 tate
695 638 979 697 industria:
1030 642 1401 716 singulorum,
1439 666 1541 706 suo
1592 655 1892 724 quemlibet
1915 656 2109 713 ordine

531 726 752 798 recipit,
782 731 981 800 cuique
1007 742 1211 788 sortem
1240 751 1305 790 ex
1335 737 1508 807 ipsius
1542 740 1807 811 dignitate
1839 744 2108 809 tribuens,

531 818 915 891 bonorumque
958 828 1434 896 compensationes
1466 837 1577 885 tam
1630 833 1699 886 ad
1736 833 2106 900 sublimiores,

532 926 698 982 quam
735 913 1022 971 inferiores
1065 919 1505 977 accommodans.
1556 922 1884 994 Huiusmodi
1917 942 2112 996 quam-

532 1003 659 1058 dam
691 1009 1211 1065 commentationem
1255 1012 1468 1068 institui
1509 1018 1807 1088 propositis
1842 1018 1897 1072 in
1927 1019 2109 1076 verbis

533 1097 955 1167 existimamus,
1017 1101 1436 1176 animarumque
1494 1107 1790 1164 discrimen
1851 1109 2106 1175 indicari,

532 1202 656 1257 qua:
694 1203 958 1258 sponsum
993 1191 1298 1248 intuentur.
1325 1194 1459 1250 Nam
1491 1198 1628 1253 alias
1649 1209 1810 1254 vocat
1842 1200 2109 1269 iuvencu-

533 1271 637 1343 ias,
665 1296 897 1350 quarum
930 1285 1220 1342 multitudo
1268 1304 1560 1344 numerum
1586 1306 1802 1347 onmem
1835 1302 2058 1364 superat
2091 1312 2105 1350 :

534 1373 671 1428 alias
699 1377 1036 1434 concubinas
1060 1395 1075 1445 ;
1105 1380 1241 1434 alias
1275 1383 1512 1451 reginas.
1530 1383 1979 1440 Concubinarum
2003 1403 2109 1440 nu-

534 1482 746 1520 merum
793 1468 1093 1526 decadibus
1155 1481 1281 1527 octo
1345 1473 1573 1542 definiit,
1625 1491 1750 1532 cum
1797 1478 2109 1549 reginarum

533 1574 798 1616 numerus
823 1565 1238 1630 sexagenarium
1257 1567 1496 1636 expleat.
1525 1567 1594 1622 At
1628 1584 1792 1639 supra
1821 1569 2110 1626 universas

535 1649 703 1706 hasce
743 1653 980 1708 collocat
1030 1655 1248 1710 unicam
1300 1658 1450 1712 illam
1483 1658 1890 1730 perfectamque
1909 1660 2113 1715 colum-

533 1742 684 1808 bam,
723 1759 884 1814 quam
926 1747 1099 1802 solam
1131 1749 1314 1815 matri,
1336 1756 1392 1804 et
1439 1750 1671 1806 electam
1705 1766 1829 1807 esse
1859 1749 2109 1821 genitrici

534 1849 653 1890 suae
688 1838 1027 1904 pronuntiat.
1049 1837 1240 1910 itaque
1276 1855 1374 1911 per
1400 1842 1517 1898 haec
1541 1842 1729 1897 divina
1761 1817 1986 1896 oracula
2029 1840 2114 1896 di-
2143 1817 2190 1878 Β

537 1927 770 1993 scimus,
798 1930 1093 1984 nonnullos
1122 1931 1215 2000 qui
1244 1946 1356 1987 non
1377 1931 1453 1986 ita
1484 1932 1692 2002 pridem
1727 1932 1877 1987 Velut
1907 1946 1972 1986 ex
1994 1930 2114 1986 alvo

535 2016 774 2087 quadam
805 2018 860 2072 in
892 2019 1000 2074 imo
1023 2021 1114 2074 siti
1145 2023 1353 2077 erroris
1376 2022 1696 2092 prodierint,
1731 2021 1996 2092 quasique
2029 2035 2116 2074 re-

537 2121 672 2161 cens
706 2106 861 2170 editi,
905 2108 1134 2164 necdum
1161 2113 1431 2166 sermonis
1449 2110 1723 2164 articulati
1755 2124 1984 2180 capaces
2005 2109 2117 2164 sint

537 2210 759 2270 propter
795 2200 1170 2256 asscnsionem
1218 2199 1338 2256 fidei
1371 2217 1480 2255 non
1521 2201 1658 2256 satis
1691 2215 1720 2253 a
1745 2201 1956 2255 ratione
1979 2213 2117 2253 con-

537 2289 834 2356 firmatam,
877 2307 1107 2347 numero
1145 2291 1390 2346 infinitos
1411 2306 1534 2346 esse
1567 2309 1580 2345 :
1617 2291 1820 2361 quippe
1839 2291 1934 2359 qui
1971 2290 2117 2345 salu-

538 2391 711 2436 tarem
771 2382 990 2452 quidem
1047 2382 1125 2437 illi
1170 2397 1478 2438 sermonem
1527 2381 1775 2454 mysterii
1809 2381 1953 2437 sacri
1993 2395 2117 2438 esse

537 2471 910 2541 crediderunt,
944 2490 1053 2528 non
1090 2484 1273 2530 tamen
1307 2491 1402 2546 per
1434 2474 1722 2530 scientiam
1745 2473 2034 2545 quamdam
2060 2482 2116 2530 et

537 2565 923 2620 certitudinem
947 2566 1016 2621 ab
1048 2567 1167 2638 ipso
1195 2583 1446 2623 sermone
1480 2565 1802 2638 profectam,
1837 2567 1992 2638 quasi
2027 2583 2118 2622 so-

539 2659 652 2715 lido
713 2660 1036 2718 innitentem
1116 2661 1471 2718 fundamento
1541 2661 1829 2717 veritatem
1890 2660 2112 2715 habent.

539 2753 718 2824 Atque
751 2754 831 2809 lue
863 2763 990 2810 sunt
1030 2755 1133 2810 illae
1155 2755 1441 2826 appellatae
1469 2755 1798 2824 juvencular,
1832 2753 1978 2824 quod
2003 2753 2116 2823 pri-

537 2861 683 2899 mam
714 2847 892 2902 adhuc
906 2855 1117 2903 aetatem
1150 2847 1488 2917 Spiritualem
1519 2854 1706 2916 agant.
1738 2846 1993 2916 quodque
2022 2861 2118 2916 per

540 2931 663 2988 tidei
703 2949 1012 2989 sermonem
1036 2935 1250 3005 genitaa,
1271 2933 1501 2989 necdum
1530 2934 1892 2988 conveniente
1937 2933 2114 2989 incre-

539 3034 726 3082 mento
779 3025 1048 3096 ejusmodi
1105 3024 1262 3080 facta:
1293 3025 1424 3089 sint,
1459 3031 1516 3078 ut
1548 3024 1632 3079 vel
1655 3031 1866 3078 aetatem
1912 3026 2117 3095 nuptiis

538 3127 810 3172 maturam
843 3118 1147 3186 attigerint,
1179 3117 1263 3171 vel
1304 3116 1357 3170 in
1389 3115 1564 3168 virum
1592 3114 1892 3184 perfectum
1927 3129 2117 3171 evase-

538 3209 683 3271 rint,
725 3208 808 3262 vel
856 3222 1166 3262 mensuram
1209 3206 1416 3275 nuptiis
1458 3213 1598 3274 apta‘:
1635 3205 1811 3260 aetatis
1849 3212 2114 3260 assecuta:

537 3299 673 3362 sint,
707 3307 766 3352 ut
791 3313 854 3352 ex
894 3298 985 3353 Dei
1015 3306 1162 3352 metu
1198 3297 1339 3353 ferre
1378 3305 1594 3352 uterum
1641 3298 1874 3368 possint,
1911 3307 1965 3352 et
2003 3299 2114 3367 spi-

537 3389 708 3442 ritum
740 3388 935 3443 salutis
965 3387 1212 3456 gignere.
1263 3385 1526 3441 Nimirum
1563 3388 1741 3443 adhuc
1780 3398 2001 3458 propter
2025 3389 2112 3442 in-

2214 573 2306 625 καὶ
2330 573 2655 644 ωμμετρῶν
2681 573 2945 627 ἐλάττοσι.
2970 573 3155 628 Ταῦτα
3176 574 3259 627 διὰ
3277 573 3376 628 τών
3401 579 3711 648 προκειμένων

2215 663 2392 733 ῥητῶν
2435 665 2740 733 φιλοσοφεῖν
2787 667 2878 718 τὸν
2928 666 3083 734 λόγον
3132 667 3497 737 ύπενοήσαμεν,
3520 667 3602 740 τήν
3626 670 3712 723 δια⁴

2212 753 2383 824 φορὰν
2423 755 2530 806 τῶν
2561 755 2768 826 ψυχῶν,
2808 757 2864 811 αἲ
2901 757 3035 830 πρὸς
3072 757 3161 809 τὸν
3208 759 3421 827 νυμφίον
3451 759 3635 828 ὁρῶσιν,
3666 763 3708 814 ὲν

2211 843 2323 904 τοῖς
2377 843 2686 911 εἰρημένοις
2734 846 2868 914 ἡμῖν
2925 843 3309 898 διαστείλαντα.
3363 844 3464 908 Τὰς
3517 847 3599 916 μὲν
3630 849 3711 919 γὰρ

2211 931 2464 1003 ὀνομάζει
2495 935 2758 999 νεάνιδας,
2798 935 2896 1006 τὴν
2941 935 3035 990 τοῦ
3083 935 3313 1007 ἀριθμοῦ
3359 935 3504 1004 φύσιν
3533 936 3608 991 διὰ
3642 939 3711 992 τού

2212 1023 2449 1094 πλήθους
2479 1026 2714 1090 νικώσας
2738 1044 2752 1058 ο
2794 1027 2957 1091 ἄλλοις
3001 1019 3059 1081 δὲ
3101 1026 3416 1090 παλλακίδας
3435 1043 3447 1056 ·
3483 1029 3563 1080 καὶ
3589 1028 3714 1092 ἄλλας

2215 1113 2486 1184 βασιλίδας
2517 1111 2656 1170 εἷναί
2698 1135 2860 1188 φησιν
2907 1141 2920 1155 ·
2952 1117 3273 1171 ὀκτωδεκάδι
3300 1117 3400 1170 τῶν
3440 1117 3718 1172 παλλακίδων

2211 1204 2302 1257 τὸν
2334 1206 2564 1277 ἀριθμὸν
2605 1207 2948 1278 περιγράψας
2969 1223 2983 1236 °
3008 1206 3108 1270 τὰς
3128 1206 3184 1260 δὲ
3227 1206 3484 1277 βασιλίδας
3505 1207 3718 1259 συντελεῖν

2213 1295 2381 1350 είπὼν
2433 1299 2512 1361 είς
2563 1296 2845 1368 ἐξήκοντα,
2881 1298 3202 1368 ὑπερτίθησι
3252 1297 3430 1350 πασῶν
3475 1297 3561 1368 τήν
3599 1299 3644 1351 ὲν
3671 1299 3721 1368 τῇ

2216 1389 2400 1458 μονάδι
2429 1389 2806 1461 θεωρουμένην
2841 1390 3050 1443 τελείαν
3091 1388 3430 1461 περιστεράν,
3459 1391 3518 1458 ήν
3545 1391 3621 1443 καὶ
3654 1389 3723 1460 μό-

2212 1497 2311 1550 νην
2346 1482 2410 1552 τῇ
2445 1481 2629 1552 μητρὶ,
2663 1481 2758 1535 καὶ
2787 1481 3103 1554 ἐκλεκτικὴν
3140 1479 3278 1538 εἷναι
3320 1486 3383 1554 τῇ
3413 1480 3620 1553 τεκούσῃ
3651 1481 3724 1536 αύ-

2212 1570 2308 1642 τήν
2336 1571 2714 1641 ἀποφαίνεται.
2762 1572 2946 1627 Ταῦτα
2991 1569 3082 1628 οὖν
3127 1575 3216 1629 διὰ
3246 1575 3351 1629 τῶν
3391 1574 3534 1628 θείων
3577 1571 3727 1640 λογίων

2214 1665 2359 1715 νοεῖν
2379 1662 2703 1734 ὲναγόμεθα,
2729 1665 2811 1719 δτι
2851 1665 2900 1719 οἱ
2944 1666 3042 1736 μὲν
3070 1667 3193 1738 ἄρτι
3225 1665 3408 1736 νηδύος
3440 1665 3570 1729 τινδς
3589 1664 3669 1734 τῆς
3687 1663 3729 1716 ἔν

2219 1752 2370 1824 βάθει
2421 1755 2679 1825 κειμένης
2723 1755 2940 1828 ἀπάτης
2987 1755 3090 1823 ἔξω
3130 1756 3436 1826 γενόμενοι,
3485 1754 3730 1826 ἀρτιγενεκ

2216 1859 2358 1906 τινες
2386 1843 2553 1908 ὄντες,
2593 1847 2689 1898 καὶ
2730 1844 2880 1900 ούπω
2923 1847 3320 1921 διηρθρωμένοι
3358 1847 3414 1899 ὲν
3459 1847 3640 1908 ἑαυτοῖς
3665 1843 3730 1896 τδν

2218 1935 2372 2004 λόγον
2398 1938 2762 2008 χωρήσαντες,
2801 1940 2867 2008 τῇ
2907 1939 3222 2010 ἁλογωτέρᾳ
3281 1936 3640 2007 συγκαταθέσει
3661 1936 3733 2005 τῆς

2217 2025 2450 2090 πίστεως
2479 2029 2537 2080 ὲν
2566 2029 2776 2100 ἀπείρῳ
2797 2029 3123 2102 θεωροῦνται
3150 2029 3374 2101 πλήθει·
3403 2030 3637 2099 σωτήριον
3660 2025 3733 2096 μὲν

2215 2109 2352 2168 εἶναι
2376 2118 2793 2181 πεπιστευκότες
2816 2117 2908 2172 τοῦ
2951 2119 3250 2190 μυστηρίου
3277 2119 3366 2171 τὸν
3395 2118 3559 2186 λόγον,
3578 2117 3628 2169 ού
3656 2115 3735 2185 μὴν

2214 2206 2492 2278 ἐπιστήμῃ
2515 2207 2618 2260 τινὶ
2640 2211 2733 2262 καὶ
2761 2212 2828 2280 τῇ
2855 2209 2940 2263 διὰ
2971 2209 3064 2264 τοῦ
3092 2211 3257 2279 λόγου
3287 2208 3601 2280 πληροφορίᾳ
3625 2207 3733 2276 ίδρυ-

2179 2315 2186 2322 λ
2218 2297 2388 2368 μένην
2416 2297 2626 2368 ἔχοντες
2658 2300 2715 2352 ὲν
2746 2301 2953 2364 ἑαυτοῖς
2982 2301 3080 2372 τὴν
3099 2295 3549 2371 ἀλήθειαν.Αὗταί
3569 2300 3677 2350 εἰσιν
3693 2296 3734 2349 αἱ

2215 2389 2593 2460 όνομασθεῖσαι
2621 2385 2877 2455 νεάνιδες,
2903 2392 2989 2445 διὰ
3019 2392 3079 2446 τὸ
3109 2394 3240 2447 νέαν
3263 2395 3411 2461 ἄγειν
3442 2391 3531 2461 τήν
3554 2403 3735 2457 πνευμα-

2216 2480 2371 2551 τικὴν
2400 2481 2634 2552 ήλικίαν,
2663 2483 2718 2536 αἳ
2737 2483 3090 2552 ,γεννηθεῖσαι
3120 2484 3202 2554 τῷ
3236 2485 3377 2554 λόγῳ
3405 2483 3496 2553 τῆς
3533 2481 3734 2541 πξστεως.

2216 2576 2426 2629 οὐδέπω
2468 2576 2555 2630 διά
2585 2577 2685 2647 τῆς
2723 2578 3068 2649 καθηκούσης
3107 2579 3390 2650 αὐξήσεως
3427 2575 3641 2630 τοιαῦται
3671 2588 3738 2639 γε·

2215 2665 2454 2734 γόνασιν,
2482 2667 2556 2731 ὡς
2589 2669 2680 2720 ὲπὶ
2707 2668 2900 2739 γάμων
2933 2669 3114 2740 ἀκμὴν
3144 2668 3449 2742 προελθεῖν,
3478 2667 3560 2721 καὶ
3583 2663 3738 2734 φθάσαι

2217 2759 2297 2819 είς
2324 2757 2490 2828 ἀνδρα
2521 2759 2742 2824 τέλειον,
2779 2761 2858 2822 είς
2888 2759 3083 2830 μέτρον
3112 2761 3356 2832 γαμικῆς
3385 2757 3596 2830 ⁴ἡλικίας.
3619 2755 3739 2806 Ὥστε

2215 2847 2290 2916 τῷ
2346 2847 2492 2918 φόϐῳ
2548 2848 2639 2902 τοῦ
2696 2849 2897 2920 Κυρίου
2960 2849 3223 2904 δύνασθαι
3281 2848 3628 2918 κυοφορῆσαι,
3674 2839 3742 2894 καὶ

2217 2938 2430 3006 πνεῦμα
2464 2939 2735 3010 σωτηρίας
2769 2939 3276 3009 παιδοποιήσασθαι.
3317 2938 3449 2993 Ἀλλ’
3481 2938 3552 2991 ἔτι
3585 2933 3648 3005 τῷ
3670 2949 3742 3000 vn-

2217 3032 2322 3101 πίῳ
2362 3048 2421 3083 τε
2462 3033 2555 3084 καλ⁵
2589 3031 2770 3085 ἀτελεῖ
2803 3033 2902 3104 τῆς
2934 3032 3191 3096 διανοίας,
3221 3031 3529 3104 ἀλογωτέρᾳ
3557 3043 3654 3089 πως
3685 3041 3744 3076 συ·

2219 3119 2352 3183 ζῶσι
2381 3122 2445 3190 τῇ
2471 3120 2726 3174 διαθέσει.
2779 3120 2924 3192 Πλὴν
2975 3121 3111 3175 ἀλλά
3157 3122 3257 3175 καὶ
3303 3116 3443 3175 οὗτοι
3481 3118 3578 3172 τῶν
3618 3113 3744 3178 σωζο-

2221 3211 2393 3282 μένων
2440 3213 2566 3277 εξσὶ,
2601 3211 2782 3276 καθώς
2814 3230 2977 3284 φησιν
3016 3213 3044 3264 ό
3077 3213 3400 3286 Προφήτης·
3437 3213 3514 3266 ὅτι
3559 3205 3746 3276 Ἀνθρώ-

2218 3315 2370 3366 πους
2411 3300 2510 3354 καὶ
2554 3300 2741 3370 κτήνη
2791 3302 3031 3369 σώσεις,
3066 3304 3274 3371 Κύριε·
3316 3303 3482 3373 κτήνη
3523 3299 3671 3367 λέγων
3703 3293 3746 3346 τδ

2219 3390 2550 3464 ἀλογώτερον
2585 3394 2747 3464 μέρος
2785 3393 2892 3447 τῶν
2925 3392 3270 3465 σωζομένων.

538 3480 770 3534 fantiam
802 3489 855 3534 et
900 3478 1368 3549 imperfectionem
1455 3481 1677 3547 mentis,
1719 3496 1843 3536 cum
1913 3480 2198 3538 adfectione
2233 3485 2466 3554 quadam
2492 3486 2740 3540 nonnihil
2771 3487 2928 3541 bruta
2965 3487 3088 3540 vitae
3113 3483 3556 3541 consuetudinem
3571 3477 3746 3533 habent.

540 3569 649 3623 Sed
682 3579 861 3624 tamen
896 3569 1059 3623 etiam
1090 3569 1146 3623 hi
1175 3577 1303 3625 sunt
1324 3585 1512 3624 eorum
1539 3571 1590 3625 in
1640 3585 1888 3636 numero,
1951 3573 2044 3642 qui
2101 3573 2326 3630 salutem
2345 3588 2772 3646 consequuntur,

2863 3576 3325 3648 quemadmodum
3377 3573 3624 3644 Propheta
3662 3565 3744 3620 ait:

543 3663 801 3719 Homines
820 3674 871 3719 et
888 3665 1134 3734 jumenta
1163 3665 1420 3730 servabis,
1459 3665 1680 3721 Domine
1701 3667 1772 3726 ’°.
1796 3667 2008 3734 Quibus
2048 3669 2230 3726 verbis
2283 3670 2532 3741 jumenta
2555 3680 2740 3729 vocate
2768 3687 2981 3739 eorum,
3007 3671 3098 3742 qui
3120 3680 3435 3735 servantur,
3457 3675 3639 3739 partem
3655 3671 3751 3728 Pfo'

539 3755 666 3827 pius
707 3754 955 3810 nonnihil
989 3755 1334 3810 accedentem
1361 3755 1428 3809 ad
1453 3756 1633 3811 bruta.

612 3849 881 3903 Caeterum
947 3846 1192 3911 illorum,
1248 3847 1302 3900 in
1350 3847 1554 3916 quibus
1594 3847 1957 3903 conveniente
2006 3857 2120 3904 stu-

525 3940 634 3996 'dio
681 3954 838 3994 mens
890 3945 1049 3994 aucta
1098 3945 1220 4001 est,
1273 3939 1476 4009 quique
1537 3938 1820 3994 infantiam
1883 3940 2117 4010 relique-

2287 3851 2408 3907 Τῶν
2448 3851 2504 3905 δὲ
2545 3851 2634 3904 διὰ
2674 3852 2774 3922 τῆς
2811 3849 3158 3921 καθηκούσης
3199 3847 3508 3918 ἐπιμελείας
3536 3841 3752 3913 αύξηθέν-

2216 3958 2323 3996 των
2352 3945 2420 4014 τῇ
2449 3943 2674 4014 διανοίᾳ,
2716 3943 2809 3996 καὶ
2839 3941 3309 3996 καταλελοιπότων
3345 3941 3442 4012 ήδη
3482 3938 3572 4008 τὴν
3600 3931 3750 4003 νηπιό-

536 4041 692 4098 runt,
723 4032 922 4105 duplex
944 4031 1026 4084 hic
1059 4030 1654 4085 discrimendiscimus.
1676 4029 1888 4084 Etenim
1921 4033 2115 4086 animae

2217 4051 2374 4103 τητα,
2401 4034 2591 4105 διπλῆν
2632 4033 2738 4088 ὑπὸ
2785 4032 2877 4086 τοῦ
2908 4028 3066 4101 λόγου
3115 4033 3216 4102 τὴν
3259 4030 3516 4100 διαφορὰν
3549 4020 3749 4080 διδασκό-

539 4129 678 4184 fiunt
700 4126 916 4198 quidem
931 4125 1035 4178 illae
1055 4123 1477 4192 concorporales
1503 4120 1701 4186 Verbo,
1722 4129 1832 4174 tam
1856 4108 1937 4176 ba:
1953 4139 2115 4192 quam

537 4224 647 4280 illa:
676 4241 689 4276 :
715 4233 905 4276 verum
936 4214 1216 4271 nonnullae
1259 4229 1352 4284 per
1391 4214 1712 4267 amatoriam
1743 4212 1900 4282 quasi
1923 4229 2117 4283 quam-

540 4315 664 4369 dam
698 4311 1036 4368 aﬂectioncm
1071 4323 1194 4362 cum
1219 4321 1286 4362 eo
1318 4305 1760 4376 conglutinantur
1789 4320 1803 4357 :
1839 4307 1997 4376 cujus
2023 4322 2117 4376 ge.

537 4406 690 4462 neris
739 4413 857 4460 erat
910 4399 1132 4454 Davidis
1183 4404 1238 4453 et
1280 4396 1435 4452 Pauli
1495 4398 1976 4466 anima:quarum
2022 4394 2116 4448 illa

539 4499 718 4567 inquit
749 4514 764 4550 :
791 4493 1055 4548 Milticum
1080 4489 1188 4544 Deo
1216 4489 1570 4558 conglutinari
1599 4487 1790 4541 bonum
1815 4494 1892 4541 est
1911 4486 1981 4554 ’7;
2004 4486 2117 4540 inec

2220 4126 2377 4198 μεθα.
2428 4125 2668 4179 Γίνονται
2727 4124 2825 4196 μὲν
2883 4124 2993 4196 γὰρ
3059 4125 3114 4177 αἱ
3169 4123 3340 4193 ψυχαὶ
3387 4122 3477 4176 καὶ
3524 4117 3748 4181 σύσσωμοι

2220 4216 2297 4286 τῷ
2337 4219 2514 4286 Λόγῳ,
2545 4215 2639 4268 καὶ
2693 4207 2854 4267 αὗται
2909 4215 3194 4267 κάκεῖναισ
3245 4211 3362 4266 ἀλλ’
3413 4211 3469 4263 αἱ
3518 4206 3606 4278 μὲν
3644 4204 3752 4272 ἐρω-

2223 4311 2346 4379 τικῇ
2371 4325 2474 4360 τινι
2502 4307 2734 4361 διαθέσει
2771 4305 3205 4377 προσκολλῶνται
3227 4321 3239 4332 ·
3291 4303 3380 4357 οἶα
3410 4297 3478 4371 ἦν
3507 4300 3536 4369 ή
3564 4294 3644 4347 τού
3671 4295 3749 4344 Λα·

2223 4400 2337 4461 διδ,
2371 4402 2464 4454 καὶ
2505 4403 2538 4472 ή
2581 4399 2675 4454 τοῦ
2726 4397 2936 4452 Παύλου
2975 4399 3156 4469 ψυχή·
3209 4401 3244 4470 ή
3291 4398 3392 4469 μὲν
3438 4397 3647 4463 λέγουσα
3677 4385 3749 4445 τὸ.

2226 4491 2387 4561 Ἐμοὶ
2412 4491 2480 4544 δὲ
2506 4491 2570 4545 τὸ
2603 4489 3093 4560 προσκολλᾶσθαι
3117 4489 3196 4554 τῷ
3221 4489 3346 4554 Θεῷ
3367 4487 3580 4557 ἀγαθόν
3597 4484 3748 4535 ἐστιν’

541 4564 673 4642 vero
700 4605 712 4640 :
739 4585 907 4641 Nemo
947 4584 1182 4654 sejunget
1212 4598 1306 4635 nos
1330 4598 1361 4634 ο
1386 4580 1666 4634 dilectione
1689 4579 1806 4642 Dei,
1837 4593 1954 4648 qua:
1969 4588 2044 4630 est
2064 4579 2115 4630 in

2224 4583 2257 4652 ἡ
2281 4582 2338 4635 δὲ
2359 4582 2440 4644 τὸ,
2475 4581 2682 4647 Οὐδεὶς
2708 4581 2948 4650 χωρίσει
2977 4577 3135 4649 ἡμᾶς
3155 4579 3276 4634 ἀπὸ
3311 4579 3422 4649 τῆς
3441 4575 3653 4647 ἀγάπης
3670 4564 3750 4654 τοῦ

546 4678 758 4732 Christo
781 4677 910 4733 Iesu
931 4695 950 4733 :
983 4693 1085 4731 non
1103 4677 1230 4738 vita,
1251 4689 1352 4728 non
1380 4689 1542 4737 mors,
1563 4688 1665 4726 non
1695 4671 1834 4743 quod
1863 4686 2114 4739 prwsens,

2220 4671 2478 4741 Χριστοῦ
2495 4688 2509 4704 ’
2535 4673 2607 4725 οὑ
2636 4670 2769 4740 ζωὴ,
2796 4673 2868 4724 οὐ
2889 4668 3164 4735 θάνατος,
3193 4671 3266 4724 οὐ
3293 4669 3357 4722 τὸ
3385 4667 3588 4736 παρὸν,
3618 4662 3676 4713 οὐ
3701 4653 3749 4708 τὸ

543 4785 651 4822 non
681 4768 818 4838 quod
875 4769 1114 4837 futurum
1145 4777 1246 4830 est,
1283 4781 1385 4818 non
1413 4765 1699 4834 quidquam
1730 4779 1911 4817 earunt
1941 4779 2115 4816 rerum

2217 4763 2468 4832 μέλλον,
2485 4765 2595 4817 οὐκ
2621 4763 2774 4817 ἄλλο
2808 4780 2861 4816 τι
2890 4761 3009 4816 τῶν
3026 4762 3217 4816 ὄντων
3246 4759 3448 4816 οὐδέν.
3481 4759 3542 4812 Al
3567 4755 3615 4808 δὲ
3635 4747 3751 4820 φόϐῳ

541 4874 659 4928 qua:
697 4859 957 4912 exsistunt
991 4858 1058 4910 ⁸⁸.
1089 4855 1222 4911 Aliae
1273 4863 1454 4908 autem
1498 4852 1750 4922 supplicii
1783 4860 1927 4906 metu
1959 4852 2118 4906 adul-

543 4949 671 5005 terii
723 4958 954 5004 conatus
1006 4947 1181 5000 vitant
1217 4961 1381 5000 :nam
1426 4954 1480 5000 et
1509 4945 1642 5014 ipsa!
1677 4953 1898 4998 manent
1929 4944 2117 4998 incor-

544 5050 720 5112 ruptae
776 5040 829 5094 in
883 5038 1196 5109 integritate
1227 5053 1292 5091 ac
1331 5037 1804 5101 sanctificatione;
1847 5036 1942 5090 sed
1971 5044 2116 5089 metu

545 5133 718 5204 magis
735 5146 896 5202 quam
920 5127 1192 5184 desiderio
1222 5127 1471 5181 adductae
1495 5127 1756 5197 ﬂagitium
1787 5128 1992 5182 nullum
2022 5127 2120 5180 ad-

546 5229 790 5282 mittunt.
820 5223 952 5289 Qua:
981 5221 1146 5291 igitur
1181 5231 1274 5289 per
1301 5217 1642 5271 aﬂ'ectionem
1675 5217 1966 5287 quamdam
1999 5233 2121 5286 per-

545 5320 828 5374 fectiorem
858 5311 1133 5369 desiderio
1154 5307 1486 5376 incorrupta
1518 5308 1843 5376 integritatis
1876 5324 1998 5361 cum
2029 5309 2118 5361 Dei

546 5409 782 5480 puritate
806 5405 966 5476 quasi
1012 5401 1461 5463 commiscentur,
1486 5398 1689 5468 reginae
1712 5408 1933 5467 propter
1967 5400 2118 5468 regni

547 5499 868 5554 serietatem
903 5494 1266 5566 appellantur.
1297 5490 1429 5558 Quae
1458 5496 1638 5545 autem
1671 5489 1942 5543 minarum
1972 5500 2116 5544 metu

547 5592 808 5648 virtutem
862 5590 1068 5652 colunt,
1125 5585 1447 5640 concubinae
1487 5590 1772 5639 vocantur.
1815 5579 1927 5638 Nec
1971 5581 2116 5636 enim

2223 4853 2496 4917 κολάσεως
2523 4854 2621 4913 τὰς
2654 4855 2905 4924 μοιχικὰς
2931 4853 3303 4922 ἀποφεύγουσι
3330 4852 3539 4924 πείρας.
3561 4845 3749 4900 Μένουσι

2223 4943 2330 5014 γὰρ
2367 4946 2422 4997 ἐν
2468 4945 2743 5016 ἀφθαρσίᾳ
2788 4947 2880 4998 καὶ
2925 4944 3179 5015 ἁγιασμῷ
3211 4945 3308 4998 καὶ
3337 4938 3490 4997 αὗται
3513 4957 3526 4969 ·
3559 4933 3670 4992 dm
3692 4925 3749 4995 τῷ

2219 5036 2374 5105 φόϐῳ
2409 5037 2605 5106 μᾶλλον
2631 5037 2663 5106 ἢ
2696 5037 2772 5107 τῷ
2804 5036 2950 5109 πόθῳ
2997 5033 3509 5103 παιδαγωγούμεναι
3537 5029 3677 5098 μόνῳ,
3702 5020 3748 5068 τδ

2224 5127 2395 5181 κακὸν
2421 5128 2482 5180 ού
2529 5127 2931 5199 προσδέχονται.
2973 5130 3035 5180 Αἱ
3069 5127 3166 5197 μὲν
3195 5125 3290 5180 οὖν
3335 5125 3422 5180 διὰ
3451 5124 3543 5194 τῆς
3585 5115 3746 5170 τελειο-

2221 5218 2383 5288 τέρας
2419 5218 2709 5282 διαθέσεως
2745 5221 2892 5290 πόθῳ
2922 5220 3020 5290 τῆς
3055 5218 3366 5289 ἀφθαρσίας
3415 5208 3745 5283 ἀνακραθεῖσαι

2225 5312 2290 5378 τῇ
2329 5309 2422 5362 τοῦ
2459 5309 2591 5362 Θεοῦ
2637 5309 2986 5382 καθαρότητι,
3018 5309 3326 5380 βασίλισσαι
3355 5306 3440 5361 διὰ
3468 5306 3559 5376 τὴν
3599 5310 3737 5352 κοινω

2225 5401 2343 5452 νίαν
2373 5400 2470 5470 τῆς
2519 5402 2794 5470 βασιλείας
2845 5401 3326 5473 κατονομάζονται.
3369 5400 3477 5462 Τὰς
3505 5396 3556 5448 δὲ
3588 5391 3652 5460 τῷ
3672 5386 3743 5452 τῆς

2225 5489 2454 5557 ἀπειλῆς
2485 5491 2633 5560 φόϐῳ
2656 5490 2753 5562 τὴν
2798 5492 2998 5561 ἀρετὴν
3062 5489 3416 5552 ὲκπονούσας,
3470 5475 3743 5537 παλλακίδας

2227 5578 2479 5650 ὀνομάζει
2520 5583 2547 5633 ό
2584 5581 2758 5655 λόγος.
2801 5580 2967 5635 Ούπω
3008 5583 3115 5656 γάρ
3152 5597 3230 5644 τις
3270 5578 3450 5632 αὐτῶν
3485 5575 3647 5644 μήτηρ
3675 5565 3747 5633 .3"

619 5751 664 5782 ’⁸
703 5768 844 5825 Psal.
873 5783 1031 5828 sur,
1061 5767 1110 5821 7.
1188 5767 1230 5798 ’³⁷
1269 5761 1414 5820 Psal.
1458 5779 1627 5831 mut,
1678 5763 1780 5841 28..
1845 5763 1889 5796 "
1929 5761 2086 5816 Rom.
2114 5775 2230 5824 vin,
2261 5761 2439 5830 28,29
