3996 6196
281 351 423 414 ΗΞῦ

1300 355 1366 411 IN
1406 351 1704 411 CAN'I‘ICA
1748 344 2015 407 CANTIC.
2065 352 2348 411 HOMILIA
2384 353 2499 412 XV.

3395 347 3533 405 il”

279 473 473 537 σιλέως
497 472 590 528 καὶ
619 473 869 538 κοινωνὸς
890 474 991 545 τῆς
1014 471 1168 540 ἀξίας
1193 476 1442 544 γενέσθαι
1465 475 1700 537 δυνατῶς
1723 473 1854 543 ἔχει.

1967 475 2176 531 illarum
2233 479 2341 532 ulla
2398 484 2570 530 mater
2629 473 2773 543 regis
2814 487 2878 526 ac
2928 468 3210 542 dignitatis
3259 469 3532 540 particeps

277 563 407 627 Πῶς
450 563 561 636 γὰρ
617 565 683 619 ἂν
735 565 1006 636 δυνηθείη,
1051 568 1083 637 ἡ
1134 566 1360 636 μηδέπω
1409 565 1752 620 ἀναλαϐοῦσα
1803 566 1858 617 ἐν

281 651 448 724 ἑαυτῇ
487 653 548 706 τὸ
600 653 892 708 ἀδέσποτον
946 657 1040 709 καὶ
1087 655 1418 727 αὐτοκρατὲς
1464 655 1557 708 τοῦ
1607 655 1857 727 ἐναρέτου

282 747 628 817 φρονήματος
646 763 657 775 ·
689 747 826 801 ἀλλά
845 747 1073 817 δουλικῷ
1100 747 1246 816 φόϐῳ
1276 748 1375 816 τῆς
1399 747 1506 800 τῶν
1537 748 1717 800 κακῶν
1749 743 1891 799 κοι-“

280 836 478 900 γωνίας
510 838 886 909 ἁφισταμένης
921 835 1322 910 ’Υποδείγματα
1350 839 1405 893 δὲ
1427 839 1534 892 τῶν
1557 839 1860 910 είρημένων

279 931 450 995 ἐστὶν,
485 932 576 984 ἐπὶ
617 933 714 1002 μὲν
750 931 857 985 τῶν
891 931 1193 1002 βασιλίδων,
1222 935 1281 986 τὸ
1323 933 1459 986 κατὰ
1496 933 1618 995 τοὺς
1651 931 1749 1001 τῆς
1773 932 1860 984 δε-

280 1021 405 1087 ξιᾶς
435 1023 672 1086 στάσεως
697 1024 1050 1094 ἠξιωμένους,
1077 1025 1210 1095 πρὸς
1237 1024 1329 1089 οὓς
1358 1027 1385 1076 ὁ
1420 1024 1668 1095 βασιλεὺς
1691 1024 1856 1092 λέγει⁹

281 1113 482 1177 Δεῦτε,
513 1115 566 1166 οὶ
597 1111 983 1183 εὐλογημένοι
1013 1116 1118 1168 τοῦ
1147 1115 1375 1182 Πατρός
1395 1134 1535 1183 μου,
1558 1118 1861 1183 κληρονο-

275 1203 518 1274 μήσατε
556 1204 670 1272 τὴν
715 1206 1164 1275 ἡτοιμασμένην
1196 1207 1336 1276 ὑμῖν
1364 1209 1690 1272 βασιλείαν
1712 1228 1723 1239 ·
1768 1207 1857 1260 τοῦ

279 1294 340 1348 δὲ
367 1295 616 1364 δευτέρου
652 1295 744 1348 καὶ
771 1295 1062 1366 ὑφειμένου
1096 1297 1368 1366 τάγματος
1401 1291 1508 1350 εἷεν
1538 1296 1602 1350 ἂν
1641 1301 1857 1363 ἐκεῖνοι,

281 1387 424 1457 πρὸς
453 1385 548 1450 οὓς
587 1385 733 1456 λέγει
773 1387 801 1438 ὀ
834 1385 1038 1460 Κύριος
1061 1408 1072 1419 ο
1117 1389 1416 1456 Φοϐήθητε
1464 1389 1570 1443 τὸν
1610 1392 1760 1459 μετὰ
1794 1392 1857 1443 τὸ

279 1477 627 1534 ἀποκτεῖναι
681 1479 899 1549 ἔχοντα
955 1481 1244 1544 ἐξουσίαν
1291 1482 1571 1551 ἐμϐαλεῖν
1610 1484 1697 1547 είς
1746 1481 1860 1548 τὴν

279 1569 536 1640 γέενναν
577 1571 682 1625 τοῦ
717 1575 924 1641 πιιρός.
965 1572 1181 1644 Ταύτην
1214 1573 1269 1626 δέ
1312 1592 1400 1644 μοι
1429 1575 1576 1627 δοκεῖ
1615 1573 1714 1644 τὴν
1739 1573 1856 1626 δια-

282 1661 476 1733 στολὴν
507 1664 613 1717 τῶν
666 1666 760 1720 δύο
801 1667 1113 1733 ταγμάτων,
1165 1666 1194 1736 ἡ
1246 1667 1385 1718 κατά
1429 1666 1554 1727 τοὺς
1597 1664 1858 1736 ἀριθμοὺς

275 1751 510 1824 διαφορὰ
534 1754 875 1822 παραδηλοῠν
903 1755 967 1808 δι’
991 1756 1327 1824 αἰνίγματος.
1357 1755 1480 1818 Πῶς
1498 1755 1656 1808 τοῦτό
1680 1773 1816 1826 φημι
1841 1773 1855 1819 ;

281 1839 386 1905 Ἓξ
429 1820 564 1896 εἰσιν
612 1820 843 1909 ἐντολαὶ,
870 1845 936 1898 δι’
962 1839 1038 1898 ὧν
1074 1820 1122 1916 ήὝ
1144 1820 1398 1916 ⁷βασιλεία
1427 1846 1519 1899 τοῦ
1567 1820 1702 1900 Θεού
1738 1820 1856 1912 ’τοῖς
1890 1820 1934 1878 Β

276 1933 475 1999 δεξιοῖς
515 1933 881 2002 ἑτοιμάζεται.
913 1936 1268 2008 Λογισώμεθα
1303 1937 1504 1990 τούτων
1546 1939 1773 1992 ἕκαστον
1798 1940 1858 1992 τὸ

276 2023 596 2078 δεσποτικὸν
620 2021 758 2081 εἶναι
785 2027 1066 2093 τάλαντον,
1090 2028 1117 2080 ὃ
1145 2030 1406 2099 προσήκει
1435 2029 1582 2099 παρὰ
1609 2029 1703 2082 τοῦ
1727 2031 1859 2097 άγα-

278 2115 378 2168 οοῦ
425 2116 516 2169 καὶ
568 2117 758 2170 πιστοῦ
805 2120 1013 2173 οἰκέτου
1053 2119 1586 2188 δεκαπλασιασθῆναι
1631 2119 1716 2172 διὰ
1761 2120 1858 2190 τῆς

277 2206 562 2277 ἐργασίας,
593 2208 680 2260 ἵνα
711 2208 883 2274 οὕτως
911 2211 1121 2280 εἰσέλθῃ
1169 2211 1245 2273 είς
1276 2211 1374 2280 τὴν
1416 2211 1588 2280 χαρὰν
1622 2210 1714 2262 τοῦ
1745 2212 1860 2262 Κυ-

283 2295 402 2364 ρίου
436 2297 620 2359 αὑτοῦ,
652 2302 708 2353 ὲν
740 2301 938 2370 ὀλίγοις
971 2303 1159 2366 πιστὸς
1192 2303 1455 2374 εὑρεθεὶς,
1485 2303 1576 2356 καὶ
1605 2304 1696 2355 ἐπὶ
1734 2303 1861 2355 πολ-

277 2385 391 2440 λῶν
417 2389 827 2462 καθιστάμενος.
868 2395 929 2447 Ei
958 2395 1135 2448 τοίνυν
1165 2395 1251 2448 διὰ
1294 2395 1402 2448 τῶν
1447 2395 1506 2458 ἒξ
1537 2394 1740 2448 τούτων
1772 2398 1860 2448 ἑν-

277 2479 454 2532 τολῶν
479 2483 511 2552 ἡ
538 2481 638 2551 τῆς
680 2483 952 2554 βασιλείας
981 2485 1186 2555 γίνεται
1209 2489 1274 2557 τῇ
1319 2487 1461 2556 ψυχῇ
1495 2487 1743 2540 κοινωνία
1763 2504 1775 2518 ³
1799 2488 1861 2541 τὸ

275 2569 337 2622 δὲ
366 2570 570 2625 τέλειον
591 2573 688 2642 τῆς
715 2576 975 2647 ἐργασίας
1002 2578 1084 2643 ἐφ’
1105 2576 1344 2648 ἑκάστης
1372 2578 1487 2630 ἐστὶ
1509 2577 1569 2629 τὸ
1593 2577 1862 2631 δεκαπλα-

279 2660 470 2714 σιάσαι
526 2662 624 2734 τὴν
673 2665 909 2736 ἐντολὴν,
960 2665 1140 2729 καθὼς
1189 2667 1292 2738 ἔφη
1342 2670 1371 2720 ὁ
1421 2668 1621 2737 ἀγαθὸς
1679 2669 1862 2733 δοῦλος

277 2748 510 2816 ἐκεῖνος,
545 2755 624 2806 δτι
646 2754 788 2808 Δέκα
812 2755 1046 2810 τάλαντα
1070 2757 1129 2811 τὸ
1157 2757 1213 2810 ἓν
1244 2775 1336 2811 σου
1360 2759 1615 2812 τάλαντον
1647 2778 1861 2832 κατειρ-

277 2842 518 2908 γάσατο·
552 2845 872 2916 εὑρίσκομεν
905 2849 967 2899 ἐκ
985 2847 1077 2899 τοῦ
1109 2848 1399 2902 ἀκολούθου
1425 2849 1522 2920 τὴν
1554 2850 1682 2918 μίαν
1711 2851 1863 2920 βασι-

276 2930 493 2999 λισσαν,
528 2936 607 2998 είς
636 2936 893 3007 ἑξήκοντα
929 2937 1331 3009 πλατυνομένην
1354 2956 1368 2971 ·
1405 2940 1504 3010 τὴν
1533 2941 1620 2994 διὰ
1652 2941 1744 2993 τοῦ
1773 2941 1862 2994 δε-

278 3026 698 3096 καπλασιασμοῦ
728 3028 832 3080 τῶν
863 3027 921 3093 ἒξ
949 3029 1172 3082 ἐντολῶν
1211 3033 1264 3092 ἐς
1317 3032 1597 3084 κοινωνίαν
1631 3033 1730 3101 τῆς
1765 3033 1860 3103 βα-

1965 568 2080 624 ﬁeri
2115 579 2310 638 potest.
2349 567 2450 634 Qui
2489 565 2834 635 enimposset
2869 563 2980 627 illa,
3007 577 3128 632 qua:
3155 561 3385 617 necdum
3411 575 3530 616 eam

1964 661 2330 716 conditionem
2383 668 2676 715 consecuta
2725 665 2830 718 est,
2875 662 2934 708 ut
2973 655 3176 708 nullius
3227 651 3532 708 dominatui

1965 752 2210 820 subjecta
2239 753 2331 814 sit,
2387 766 2488 805 nec
2519 763 2792 805 summum
2829 745 3116 814 imperium
3147 744 3391 798 honestae
3419 743 3506 798 ela

1966 843 2128 897 tionis
2158 843 2373 911 adepta,
2397 842 2489 896 sed
2527 847 2672 894 metu
2701 837 2884 893 servili
2921 851 2950 889 a
2985 834 3245 890 societate
3273 833 3528 888 vitiorum

1963 935 2242 1011 discedit?
2297 934 2499 988 Ilorum
2549 939 2732 986 autent
2789 945 2910 999 qua:
2953 927 3234 993 diximus,
3283 924 3532 994 exempla

1963 1037 2111 1090 sunt,
2164 1015 2238 1082 de,
2284 1025 2486 1096 reginis
2518 1023 2734 1093 quidem
2765 1022 2864 1085 illi,
2912 1020 3005 1091 qui
3030 1019 3096 1073 ad
3138 1018 3384 1073 dextram
3418 1016 3533 1070 col-

1962 1120 2129 1175 locari
2187 1129 2488 1180 merentur,
2524 1117 2590 1170 ad
2638 1129 2776 1184 quos
2826 1129 2920 1168 rex
2962 1113 3081 1166 ait:
3138 1110 3339 1171 Venite,
3381 1107 3533 1163 bene-

1961 1213 2091 1266 dicti
2114 1209 2297 1266 Patris
2319 1211 2440 1272 mei,
2476 1208 2736 1278 possidete
2759 1215 3005 1276 paratum
3039 1205 3179 1258 vobis
3209 1218 3424 1273 regnum
3448 1202 3528 1255 ":

1962 1306 2187 1362 alterius
2221 1319 2372 1368 vero,
2427 1313 2481 1358 et
2532 1301 2807 1356 inferioris
2848 1298 3059 1353 ordinis
3102 1296 3410 1365 exemplum
3445 1291 3530 1352 illi

1961 1395 2186 1459 fuerint,
2236 1394 2301 1448 ad
2344 1409 2482 1464 quos
2516 1392 2776 1448 Dominus
2835 1386 3014 1458 inquit
3062 1405 3074 1440 :
3117 1384 3312 1438 Timete
3354 1382 3530 1445 illum,

1959 1486 2049 1555 qui
2061 1493 2365 1554 potestatem
2398 1481 2571 1544 habet,
2604 1491 2660 1533 ut
2694 1491 3037 1549 posteaquam
3069 1472 3338 1536 occiderit,
3369 1470 3532 1524 etiam

1962 1575 2013 1627 in
2039 1577 2325 1644 gehennam
2353 1573 2486 1642 ignis
2517 1568 2818 1639 conjiciat‘.
2840 1569 3019 1636 Atque
3048 1564 3154 1618 hoc
3184 1562 3415 1616 duorum
3450 1573 3534 1612 or-

1960 1666 2148 1719 diuum
2176 1664 2471 1718 discrimen
2505 1661 2748 1714 indicare
2793 1657 2923 1711 mihi
2949 1669 3041 1725 per
3064 1654 3290 1722 mttigma
3319 1647 3533 1702 videtur

1961 1759 2077 1828 ipsa
2108 1757 2164 1811 in
2226 1754 2470 1809 numeris
2499 1750 2808 1807 diversitas.
2840 1747 2940 1815 Qui
2987 1747 3092 1800 hoc
3124 1740 3384 1812 inquam?
3423 1737 3532 1795 Sex

1959 1851 2184 1906 omnino
2223 1856 2490 1917 praecepta
2550 1851 2699 1908 sunt,
2747 1857 2840 1912 per
2881 1854 3002 1910 quae
3043 1851 3270 1906 regnum
3306 1838 3532 1902 paratur

1961 1943 2050 2004 iis,
2082 1942 2174 2010 qui
2227 1940 2295 1994 ad
2345 1939 2592 1993 dextram
2635 1933 2991 1988 collocantur.
3028 1929 3348 1982 Statuamus
3389 1920 3532 1990 apud

1961 2030 2516 2100 animum,quodlibet
2534 2030 2726 2081 horum
2748 2041 2869 2079 esse
2890 2026 3151 2077 talentum
3179 2019 3306 2072 illud
3340 2014 3531 2077 herile,

1960 2125 2103 2194 quod
2141 2121 2466 2190 negotiando
2491 2118 2628 2173 etiici
2648 2131 2678 2169 a
2702 2117 2845 2170 bono
2869 2129 2932 2168 ac
2967 2112 3112 2166 ﬁdeli
3137 2107 3342 2164 famulo
3373 2105 3535 2160 decu-

1961 2217 2050 2287 plo
2079 2214 2313 2281 amplius
2339 2209 2616 2272 convenit,
2647 2216 2704 2261 ut
2741 2207 2845 2260 hoc
2868 2203 3027 2258 modo
3049 2202 3104 2255 in
3141 2198 3399 2270 gaudium
3432 2195 3537 2248 Do-

1959 2307 2094 2364 mini
2119 2307 2203 2362 sui
2245 2302 2600 2374 ingrediatur,
2641 2306 2893 2369 repertus
2938 2295 2992 2348 in
3028 2291 3238 2362 exiguis
3262 2287 3457 2351 ﬁdelis,
3481 2291 3536 2340 et

1961 2406 2249 2472 propterea
2301 2394 2488 2448 multis
2538 2389 2850 2462 praefectus.
2883 2384 2954 2440 'Si
2987 2397 3118 2454 ergo
3162 2396 3258 2451 per
3299 2379 3416 2435 haec
3441 2392 3535 2432 sex

1961 2471 2230 2564 praecepta
2277 2485 2429 2556 regni
2467 2483 2648 2538 anima
2698 2481 2756 2534 lit
2787 2478 3081 2550 particeps,
3116 2483 3170 2530 et
3211 2474 3265 2528 in
3288 2471 3536 2543 quolibet

1960 2559 2156 2638 iterum
2187 2583 2430 2648 quaestus
2471 2587 2537 2627 ac
2575 2569 2874 2639 negotiatio
2905 2565 3146 2636 perfecta
3171 2573 3273 2628 est,
3305 2559 3535 2616 manda-

1961 2682 2077 2728 tum
2113 2672 2292 2740 ipsum
2343 2663 2498 2735 quasi
2523 2659 2832 2730 decuplare,
2865 2653 3324 2726 quemadmodum
3356 2651 3534 2705 bonus

1962 2766 2052 2819 ille
2079 2775 2270 2818 servus
2304 2757 2400 2819 ait,
2433 2768 2599 2810 unum
2633 2751 2749 2805 heri
2780 2749 2866 2805 sui
2899 2746 3160 2802 talentum
3189 2743 3376 2798 decem
3399 2741 3537 2794 alio-

1962 2870 2081 2911 rum
2108 2852 2431 2906 talentorum
2487 2844 2700 2898 lucrum
2735 2835 3096 2910 acquisivisse
3127 2849 3140 2886 ι
3169 2841 3536 2888 consentanea

1964 2944 2198 3017 quadam
2255 2939 2467 2994 ratione
2516 2933 2842 3004 reperimus,
2882 2929 2938 2983 in
2982 2925 3268 2994 sexaginta
3316 2919 3536 2991 reginas

1964 3011 2128 3093 unam
2186 3033 2333 3087 illam
2379 3040 2696 3084 excrescere
2737 3038 2752 3076 :
2798 3035 2919 3092 quae
2967 3032 3062 3088 per
3101 3011 3535 3086 decuplationem

282 3115 490 3179 σιλείας
523 3118 977 3188 παραδεχθεῖσαν·
1012 3120 1087 3184 ὡς
1120 3120 1319 3182 πολλὰς
1345 3117 1600 3193 εἶναιτὴν
1636 3124 1762 3193 μίαν
1783 3125 1858 3196 τῷ

1967 3147 2054 3189 sex
2100 3122 2479 3180 mandatorum
2524 3117 2579 3171 in
2620 3113 2770 3184 regni
2813 3111 3127 3167 societatem
3174 3102 3424 3160 venerit:
3459 3099 3536 3154 ita

280 3209 610 3280 πολυτρόπῳ
641 3211 949 3280 χαρακτῆρι
980 3212 1088 3264 τῶν
1135 3211 1364 3266 ἐντολῶν
1410 3215 1856 3285 ἐμμερισοεῖσαν,

280 3301 378 3354 καὶ
403 3301 617 3370 ἑκάστῳ
639 3301 745 3354 τῶν
770 3303 1206 3374 κατορθωμάτων
1232 3305 1539 3369 ἰδιαζόντως
1567 3311 1862 3378 ὲμμορςρω-

283 3391 490 3446 θεῖσαν.
516 3393 701 3456 Οὕτως
719 3390 811 3447 οὖν
836 3396 914 3458 εἰς
935 3394 1195 3465 ἐξήκοντα
1219 3395 1496 3465 βασιλίδας
1519 3401 1550 3468 ὴ
1579 3399 1675 3468 μία
1699 3417 1862 3454 κατα-

284 3483 588 3554 μερίζεται,
633 3485 768 3556 πρὸς
797 3486 862 3539 τά
905 3487 1018 3556 εἴδη
1065 3487 1173 3540 τῶν
1211 3488 1438 3541 ἐντολῶν
1479 3489 1858 3561 διαιρουμένηο

281 3575 618 3643 καὶγίνεται
667 3576 917 3641 κοινωνὸς
965 3579 1061 3650 τῆς
1103 3579 1196 3633 τοῦ
1240 3579 1474 3651 Χριστοῦ
1524 3580 1797 3650 βασιλείας
1827 3585 1861 3653 ἡ

280 3667 495 3737 νύμφη,
547 3668 716 3738 δῆμος
756 3668 1040 3738 βασιλίδων
1077 3671 1110 3740 ἡ
1162 3671 1261 3741 μία
1307 3672 1667 3744 γεγενημένη,
1716 3674 1864 3744 ήδιὰ

279 3757 558 3811 τοσούτων
584 3759 692 3811 τῶν
718 3759 859 3814 κατά
889 3759 988 3824 τὰς
1029 3760 1246 3824 ἐντολὰς
1272 3760 1596 3831 ἀξιωμάτων
1623 3762 1862 3834 ἀριθμη-

284 3851 465 3905 θεῖσα.

360 4053 422 4104 Εξ
449 4051 505 4104 δὲ
529 4050 628 4122 τὴν
661 4050 822 4115 ἑξάδα
852 4052 961 4104 τῶν
990 4052 1216 4105 ἐντολῶν
1242 4053 1298 4106 ὲν
1332 4054 1430 4122 μιᾷ
1458 4051 1598 4106 κατὰ
1619 4053 1680 4106 τὸ
1710 4053 1868 4106 δεκαο-

286 4143 516 4195 πλάσιον
540 4143 945 4213 γεωργηθεῖσαν
965 4143 1142 4213 ψυχὴν
1176 4143 1264 4196 διὰ
1287 4143 1394 4196 τῶν
1424 4144 1686 4214 ἑξήκοντα
1717 4145 1870 4213 βασι-

1964 3234 2022 3278 ut
2051 3217 2232 3273 multze
2257 3213 2368 3268 sint
2403 3223 2510 3263 una
2537 3207 2626 3261 illa
2661 3220 2757 3276 per
2782 3201 3136 3272 multiplicem
3156 3194 3534 3252 mandatorum

1962 3315 2336 3370 characterem
2383 3301 2580 3362 divisa,
2606 3305 2660 3354 et
2717 3297 2769 3352 in
2808 3294 3052 3366 quolibet
3090 3304 3252 3360 opere
3277 3284 3539 3358 praeclaro

1961 3403 2313 3476 peculiariter
2372 3396 2522 3451 velut
2577 3404 2856 3462 expressa.
2908 3385 3023 3440 [ioc
3082 3384 3247 3454 igitur
3275 3378 3438 3434 modo
3479 3378 3538 3432 in

1961 3475 2246 3568 sexaginta
2306 3489 2527 3560 reginas
2575 3499 2684 3539 una
2724 3480 3010 3542 dividitur,
3045 3475 3344 3532 secundum
3385 3485 3540 3526 man-

1961 3566 2209 3643 datorum
2241 3580 2451 3651 species
2474 3575 2732 3631 distincta
2765 3578 2818 3627 et
2839 3576 3154 3631 numerata;
3192 3566 3370 3633 sitque
3410 3577 3539 3631 par-

1956 3680 2136 3748 ticeps
2201 3673 2355 3744 regni
2390 3667 2596 3724 Christi
2635 3678 2861 3734 sponsa,
2903 3659 3062 3730 quasi
3111 3657 3260 3710 natio
3287 3654 3535 3724 quaedam

1962 3747 2271 3842 reginarum
2303 3765 2471 3825 facta,
2496 3773 2618 3829 quae
2647 3756 2803 3825 prius
2860 3766 2968 3806 una
3005 3759 3143 3811 crat,
3175 3747 3302 3801 dum
3327 3761 3422 3816 per
3460 3753 3541 3799 tot

1963 3836 2253 3934 dignitates
2314 3853 2527 3909 ratione
2575 3845 2958 3902 mandatorum
3007 3837 3345 3896 numerando
3379 3836 3540 3907 quasi

1963 3952 2383 4022 multiplicatur.

2035 4064 2153 4120 Jam
2185 4063 2230 4119 si
2264 4062 2408 4116 hunc
2427 4056 2806 4114 mandatorum
2831 4049 3106 4107 senarium
3139 4059 3246 4101 una
3270 4045 3327 4098 in
3359 4042 3541 4096 anima

1968 4159 2115 4213 velut
2151 4155 2427 4210 excultum
2458 4150 2522 4204 ad
2555 4146 2846 4216 decuplum
2883 4155 3080 4209 usque,
3111 4153 3206 4208 per
3235 4137 3356 4189 illas
3377 4147 3539 4189 sexa-

285 4236 446 4288 λίδων
470 4235 828 4306 σημαίνεσθαι
849 4235 915 4287 δι’
941 4235 1279 4306 αἰνίγματος,
1306 4237 1406 4289 οὐκ
1425 4236 1527 4301 ἔξω
1548 4237 1639 4290 τοῦ
1663 4238 1867 4302 εἰκότος

1967 4250 2116 4321 ginta
2171 4246 2388 4317 reginas
2428 4244 2481 4297 in
2505 4241 2792 4310 aenigmate
2834 4232 3130 4304 signiﬁcari
3167 4244 3275 4283 non
3314 4241 3541 4296 prorsus

288 4327 703 4396 ὑπενοήσαμεν·
745 4324 1050 4388 ἀκολούθως
1080 4325 1173 4378 xa.‘t
1201 4325 1289 4379 διὰ
1312 4326 1419 4380 τῶν
1452 4327 1778 4398 ὀγδοήκοντα
1809 4329 1867 4382 τὸ

1971 4318 2208 4394 absurde
2255 4333 2617 4402 coniecimus,
2673 4323 3032 4381 consimiliter
3071 4318 3232 4373 etiam
3266 4329 3362 4385 per
3397 4319 3546 4367 octo-

287 4418 387 4485 τῆς
412 4416 636 4486 Ὀγδὸης
667 4417 963 4487 μυστήριον
991 4416 1428 4488 παραδηλοῦσθαί
1459 4436 1635 4488 φαμεν
1663 4419 1750 4473 διὰ
1774 4419 1865 4472 τοῦ

1973 4431 2119 4502 ginta
2163 4423 2460 4494 signiﬁcari
2512 4414 2929 4476 obscuriuscule
2965 4408 3284 4481 mysterium
3329 4403 3544 4459 Octava:

290 4509 478 4577 ὁμοίου
524 4509 878 4578 αἰνίγματοςο
927 4510 1062 4580 πρὸς
1108 4510 1174 4580 ἢν
1213 4509 1497 4579 βλέποντες
1526 4513 1576 4564 οἱ
1616 4512 1692 4581 τῷ
1723 4513 1867 4584 φόϐῳ

1974 4491 2404 4576 dicimussimili
2451 4511 2686 4584 quodam
2723 4507 3029 4576 aanigmate,
3057 4501 3123 4554 ad
3153 4512 3316 4569 quam
3372 4492 3546 4564 respi-

293 4599 821 4669 παιδαγωγούμενοι,
874 4599 974 4670 τῆς
1006 4600 1114 4654 τῶν
1157 4600 1341 4654 κακῶν
1372 4603 1653 4666 κοινωνίας
1681 4603 1872 4673 ἀπείρ-

294 4707 502 4757 γονται.
535 4689 721 4752 Οὕτως
747 4689 855 4761 γὰρ
886 4692 942 4742 ὲν
983 4694 1098 4752 ταῖς
1127 4689 1464 4760 ψαλμῳδίαις
1500 4691 1791 4762 ἐμάθομεν,
1816 4695 1873 4745 ὲν

294 4776 382 4844 αἷς
412 4781 779 4850 προτέτακται
810 4779 898 4833 διὰ
924 4780 1024 4850 τῆς
1054 4781 1364 4851 ἐπιγραφῆς
1383 4783 1416 4851 ἡ
1440 4782 1649 4852 Ὀγδόη·
1684 4800 1873 4852 μαστι-

295 4873 577 4942 γουμένων
605 4871 661 4924 δὲ
701 4870 958 4942 ἄντικρύς
994 4873 1128 4925 εἰσιν
1157 4873 1212 4926 at
1249 4874 1442 4940 φωναὶ,
1475 4873 1551 4942 τῷ
1581 4873 1730 4944 φόϐῳ
1764 4873 1872 4927 τῶν

295 4963 666 5033 ἐλπιζομένων
719 4965 798 5028 εἰς
843 4964 989 5016 ἔλεον
1037 4965 1134 5033 τὴν
1183 4963 1352 5035 ἀκοὴν
1411 4965 1873 5034 ἐπικάμπτουσαι.

294 5055 430 5123 Φησὶ
455 5054 566 5124 γὰρ
587 5055 722 5124 πρὸς
741 5057 834 5106 τὸν
858 5054 1084 5124 φοϐερὸν
1110 5053 1299 5126 κριτὴν
1321 5057 1348 5106 ὁ
1378 5055 1510 5124 πρὸς
1531 5053 1627 5124 τὴν
1653 5056 1876 5126 Ὀγδόην

301 5143 540 5213 βλέπων·
580 5145 776 5211 Κύριε,
803 5145 886 5213 μὴ
926 5144 1006 5210 τῷ
1037 5143 1199 5213 θυμῷ
1222 5160 1336 5198 σου
1374 5144 1627 5215 ἐλέγξῃς
1647 5163 1742 5213 με,
1763 5163 1877 5213 μη-

301 5236 367 5289 δὲ
391 5236 467 5305 τῇ
505 5237 650 5306 ὁρτῇ
672 5253 787 5292 σου
823 5237 1152 5304 παιδεύσῃς
1179 5253 1274 5305 με.
1316 5238 1608 5304 Ἐλέησόν
1629 5255 1725 5306 με,
1760 5240 1877 5291 Κύ-

307 5347 411 5398 ριε,
447 5329 536 5384 ὅτι
565 5329 830 5396 ἀσθενής
867 5333 980 5399 εἰμι
1006 5347 1019 5360 σ
1054 5331 1223 5383 ἴασαι
1258 5347 1355 5398 με,
1407 5331 1598 5398 Κύριε,
1635 5331 1719 5383 ὅτι
1746 5331 1878 5384 ἐτα-

302 5424 496 5492 ράχθη
526 5423 598 5477 τὰ
625 5422 774 5478 ὀστᾶ
814 5440 950 5490 μου,
986 5422 1096 5475 Καὶ
1129 5423 1226 5474 ὅσα
1265 5423 1328 5476 ἐκ
1357 5421 1448 5475 τοῦ
1483 5421 1773 5476 ἀκολούθου
1799 5422 1877 5492 τῷ

305 5515 584 5586 ἁδεκάστῳ
603 5518 762 5587 κριτῇ
791 5514 876 5568 διὰ
895 5517 994 5584 τῆς
1029 5515 1303 5584 ἱκετηρίας
1341 5513 1692 5586 προτείνεται,
1721 5516 1776 5567 ἐν
1795 5510 1875 5580 οἷς

306 5609 395 5661 καὶ
425 5607 487 5662 τὸ
529 5607 605 5679 μὴ
635 5603 773 5661 εἶναι
812 5605 948 5660 Θεοῦ
990 5606 1206 5676 μνήμην
1234 5607 1290 5658 ὲν
1329 5605 1406 5672 τῷ
1443 5605 1656 5675 θανάτῳ
1687 5605 1870 5675 ὀδύρεο

376 5786 420 5822 "
457 5786 642 5843 Matth.
679 5803 802 5850 xxv,
836 5787 923 5844 54.
1002 5787 1016 5817 ⁸
1053 5783 1183 5839 Luc.
1223 5797 1320 5848 xtl,
1346 5781 1396 5835 5.
1457 5783 1472 5810 '
1500 5780 1640 5838 l‘sal.
1673 5797 1740 5849 γι,
1765 5782 1799 5835 ‘2
1826 5796 1942 5852 sqq.

1974 4614 2181 4668 cientes
2206 4608 2282 4663 illi
2308 4607 2402 4676 qui
2436 4611 2584 4659 metu
2622 4599 2793 4664 ducti,
2837 4595 3103 4650 malorum
3122 4606 3153 4644 a
3176 4588 3436 4644 societate
3464 4599 3546 4638 ar-

1973 4712 2184 4759 centur.
2216 4701 2327 4754 Hoc
2346 4699 2490 4753 enim
2520 4711 2586 4750 ex
2614 4691 2839 4764 psalmis
2890 4681 3394 4750 animadvertimus.
3425 4677 3548 4746 qui-

1976 4798 2078 4851 bus
2127 4795 2180 4848 in
2231 4789 2588 4859 inscriptione
2631 4782 2922 4856 praeﬁgitur
2957 4778 3174 4833 Octavaa
3223 4786 3422 4828 nomen
3450 4785 3465 4832 ;
3495 4776 3550 4823 et

1975 4902 2138 4942 voces
2171 4885 2301 4953 ipsae
2324 4888 2452 4936 sunt
2475 4892 2703 4951 prorsus
2731 4888 2920 4930 eorum
2952 4870 3046 4940 qui
3077 4875 3222 4922 metu
3239 4863 3549 4918 futurorum

1978 4979 2244 5032 malorum
2281 4974 2436 5045 quasi
2485 4971 2847 5041 ﬂagellantur,
2893 4962 3135 5030 adeoque
3166 4957 3234 5011 ad
3259 4953 3552 5010 commise-

1977 5070 2241 5123 rationem
2265 5043 2424 5118 aures
2453 5061 2699 5117 nectunt.
2734 5057 2823 5111 Ait
2850 5055 2994 5111 enim
3043 5049 3340 5106 terribilem
3371 5043 3437 5099 ad
3465 5043 3555 5112 jn—

1977 5159 2152 5213 dieem
2189 5159 2258 5220 is,
2291 5155 2384 5226 qui
2435 5152 2503 5208 ad
2543 5151 2801 5206 Octavam
2825 5144 3052 5216 respicit
3083 5158 3098 5194 :
3131 5139 3368 5202 Domine,
3410 5149 3472 5187 ne
3497 5133 3552 5185 in

1974 5247 2156 5314 furore
2193 5255 2281 5298 tuo
2317 5259 2508 5313 arguas
2540 5258 2638 5305 me,
2665 5253 2825 5308 neque
2863 5238 2916 5290 in
2962 5237 3046 5288 ira
3077 5242 3169 5286 tua
3210 5223 3552 5296 castigaret-is

1982 5355 2079 5393 me.
2099 5336 2346 5392 Miserere
2368 5337 2488 5398 mei,
2518 5334 2757 5397 Domine,
2771 5331 2896 5399 quia
2911 5325 3098 5382 debilis
3125 5339 3240 5377 sum
3257 5336 3277 5376 :
3292 5334 3426 5375 sana
3450 5329 3550 5377 mc,

1985 5429 2226 5490 Domine,
2251 5429 2377 5499 quia
2430 5424 2746 5480 conturbata
2793 5429 2914 5474 sunt
2962 5433 3085 5472 ossa
3123 5430 3241 5468 mea
3273 5413 3315 5466 '.
3343 5405 3554 5499 Quit-tus.

1985 5521 2122 5576 adde
2144 5493 2340 5575 cat-tera
2382 5529 2718 5590 quaecunque
2743 5512 3002 5579 deinceps
3030 5507 3352 5570 incorrupto
3378 5493 3555 5590 iudici

1985 5609 2345 5681 supplicando
2369 5584 2654 5679 proponit:
2679 5603 2822 5657 inter
2845 5606 3041 5655 caetera
3063 5593 3356 5663 deplorans
3387 5584 3553 5643 etiam
