3996 6196
457 297 595 352 1115

1681 293 1740 349 S.
1781 290 2110 350 GREGORII
2139 290 2430 349 NYSSENI

3565 295 3709 354 HIS

455 408 578 472 hoc,
598 401 742 473 quod
777 402 829 456 in
880 408 1055 457 morte
1093 401 1242 457 nulla
1271 401 1367 458 Dei
1412 403 1484 458 sit
1521 403 1852 458 recordatio.
1887 403 2022 458 Nam

2137 423 2233 458 ιαι.
2266 403 2390 467 Πῶς
2439 402 2546 473 γὰρ
2574 403 2640 457 ἃν
2680 402 2766 473 εἴη
2791 403 3014 456 δυνατὸν
3061 406 3175 469 τοῖς
3216 404 3479 477 κλαυθμῷ
3510 423 3572 458 τε
3615 412 3709 464 καὶ

453 497 546 566 qui
583 494 700 552 ﬁeri
731 493 926 564 possit,
962 505 1020 548 ut
1048 494 1082 548 ii
1112 495 1204 564 qui
1256 496 1322 550 ad
1372 495 1635 565 cjulatum
1687 503 1739 550 et
1784 496 2028 550 dentium

453 585 742 642 stridorem
798 585 1146 641 condemnati
1204 598 1355 656 sunt,
1418 603 1484 642 ex
1520 588 1898 642 recordatione
1936 586 2029 640 Dei

455 679 693 734 laatitiam
723 677 1065 748 percipiant?
1101 677 1231 732 Nam
1264 680 1372 732 alio
1405 680 1459 734 in
1493 680 1613 734 loco
1645 678 1910 749 Propheta
1942 678 2031 732 di-

453 770 549 834 cit,
584 769 1018 822 recordationem
1050 766 1140 821 Dei
1175 769 1416 823 laetitiam
1440 769 1680 825 excitare
1701 769 1742 823 ³.
1775 768 1898 822 llaec
1929 768 2033 838 igi-

453 865 544 910 tur
572 865 626 911 et
653 857 760 910 alia
797 857 1111 925 bujnsmodi
1152 857 1260 912 Deo
1293 875 1604 928 proponens
1649 859 1715 920 is,
1747 859 1838 928 qui
1873 857 2029 913 Octa-

452 961 573 998 vam
609 947 821 1009 metuit,
863 947 1081 1000 tandem
1129 949 1296 1002 sentit
1331 965 1389 1004 se
1441 950 1831 1004 misericordiae
1863 951 2030 1020 parti-

453 1036 630 1103 cipem
655 1036 792 1097 ﬁeri,
835 1051 959 1089 cum
995 1037 1100 1090 ait:
1127 1035 1386 1091 Exaudlit
1411 1055 1582 1093 vocem
1605 1039 1844 1107 ploratus
1862 1041 1962 1093 mei
1987 1039 2028 1094 ⁸.

455 1124 593 1178 Cum
645 1113 826 1180 autem
879 1127 1036 1180 multi
1101 1128 1263 1182 utiles
1300 1138 1477 1186 metus
1519 1132 1694 1186 sacris
1737 1132 1788 1184 in
1813 1130 2030 1186 Litteris

456 1216 825 1279 declarentur,
883 1226 1003 1273 esto
1041 1220 1095 1272 in
1130 1219 1218 1274 his
1244 1221 1431 1288 etiam,
1493 1232 1550 1276 ut
1579 1223 1803 1292 perinde
1837 1239 1898 1276 ac
1934 1215 2030 1277 sex

457 1307 551 1361 illa
580 1308 830 1362 mandata
855 1325 1030 1377 usque
1074 1311 1138 1364 ad
1169 1311 1460 1381 decuplum
1498 1323 1840 1377 excrescant,
1871 1315 1944 1368 ita
1974 1323 2032 1368 ut

457 1396 505 1451 is
533 1397 624 1466 qui
657 1413 719 1451 ex
743 1396 1080 1453 Psalmorum
1113 1401 1251 1455 libro
1276 1403 1551 1468 didicerit,
1570 1421 1678 1474 quo
1709 1416 1864 1474 pacto
1886 1413 2031 1460 recte

457 1487 582 1557 quis
643 1485 810 1542 Deum
847 1499 1084 1556 metuat,
1122 1493 1379 1547 nimirum
1423 1495 1754 1551 deﬂectendo
1795 1511 1823 1550 a
1865 1497 2027 1561 malo,

461 1588 517 1635 et
551 1579 799 1635 faciendo
845 1585 1044 1637 bonum
1066 1584 1087 1614 '
1119 1603 1132 1637 :
1161 1585 1249 1639 hic
1273 1600 1400 1656 ergo
1452 1602 1564 1641 rem
1620 1587 1788 1642 divini
1827 1595 2026 1654 metus,

458 1673 617 1744 quasi
675 1673 968 1742 quamdam
1029 1675 1114 1729 vel
1161 1677 1387 1740 minam,
1429 1678 1512 1732 vel
1554 1677 1837 1741 talentum,
1865 1693 2031 1747 nego-

458 1764 646 1818 tiando
673 1763 854 1819 decies
881 1765 1202 1834 ampliorem
1224 1766 1439 1822 eﬂiciat.
1467 1768 1586 1834 Quo
1610 1768 1718 1833 ﬁet,
1752 1777 1810 1823 ut
1848 1770 2029 1824 anima

459 1855 643 1909 locum
683 1871 713 1909 a
746 1856 930 1926 regina
966 1857 1263 1911 secundum
1291 1858 1566 1924 obtinens,
1603 1876 1724 1930 qua:
1754 1868 1897 1914 metu
1922 1875 2030 1914 non

457 1947 752 2002 dilectione
805 1949 950 2016 quod
985 1949 1189 2002 bonum
1225 1958 1309 2004 est
1345 1949 1494 2014 facit,
1523 1952 1590 2006 ad
1621 1951 2028 2022 octogenarium

459 2053 637 2107 usque
691 2053 979 2092 numerum
1038 2049 1350 2106 excrescat,
1413 2042 1710 2110 quamlibet
1793 2043 2029 2111 speciem

459 2141 675 2189 eorum,
717 2141 836 2194 qua:
869 2141 933 2180 ex
977 2135 1122 2181 metu
1164 2137 1310 2182 recte
1343 2128 1498 2193 fiunt,
1541 2129 1824 2186 inconfuse
1851 2146 1915 2185 ac
1948 2131 2034 2185 di-

461 2215 661 2268 stincte
712 2214 1115 2280 demonstrans,
1148 2215 1391 2285 adeoque
1428 2217 1518 2271 hic
1545 2226 1738 2273 octava
1771 2234 1898 2273 cum
1940 2220 2033 2274 de-

460 2305 623 2374 cuplo
683 2305 1152 2374 multiplicabitur,
1187 2322 1360 2376 eaque
1397 2309 1610 2364 ratione
1652 2309 1762 2375 illa,
1807 2325 1928 2379 qum
1968 2325 2031 2364 ex

461 2403 607 2448 metu
644 2396 895 2449 servilem
925 2397 978 2450 in
1012 2397 1257 2463 modum,
1289 2415 1398 2452 non
1437 2414 1503 2452 ex
1554 2414 1739 2454 amore
1776 2414 2031 2468 sponsam

460 2484 688 2538 decente
733 2484 800 2537 ad
852 2485 1052 2539 bonum
1102 2487 1335 2552 accedit,
1370 2489 1676 2542 concubina
1724 2504 1821 2558 pro
1846 2490 2034 2558 regina

463 2572 565 2640 sit;
625 2589 722 2643 per
768 2582 972 2629 metum
1007 2574 1240 2642 Octavaa,
1265 2594 1424 2647 quem
1455 2579 1522 2632 ad
1545 2581 1833 2650 decuplum
1865 2597 2036 2649 usque

462 2666 580 2720 suis
615 2667 922 2722 actionibus
984 2669 1357 2739 amplificavit,
1390 2670 1455 2723 ad
1495 2687 1780 2726 numerum
1819 2680 2038 2742 octoge—

461 2759 676 2811 narium
702 2775 878 2829 usque
897 2761 1238 2829 perveniens.
1269 2760 1445 2831 Atque
1475 2762 1617 2816 hanc
1648 2763 2034 2828 concubinam,

463 2852 530 2904 ad
566 2862 776 2923 tempus
805 2855 1022 2924 aliquod
1060 2859 1266 2928 spurio,
1307 2874 1416 2912 non
1461 2859 1698 2929 ingenuo
1728 2867 1886 2928 partu
1917 2875 2036 2914 mo-

463 2954 576 2993 rem
610 2939 741 2996 bero
763 2958 863 2998 suo
886 2959 1182 3013 gerentem,
1219 2947 1423 3001 dictum
1475 2947 1608 3002 illud
1641 2950 1884 3004 historiae
1917 2963 2040 3019 per-

2132 495 2362 566 βρυγμῷ
2401 494 2971 565 καταδεδικασμένοις,
2998 495 3095 566 τὴν
3132 497 3196 550 ὲκ
3231 497 3329 568 τῆς
3363 498 3588 570 μνήμης
3613 496 3709 551 τοῦ

2129 584 2262 638 Θεοῦ
2308 583 2644 656 εὐφροσύνην
2689 584 3035 653 ὲγγίνεσθαι;
3077 586 3263 651 Οὕτως
3299 587 3544 651 εἰπόντος
3589 588 3710 642 ἑτέ-

2133 675 2264 746 ριιιθι
2295 675 2388 728 τοῦ
2420 676 2726 746 Προφήτου,
2757 676 2838 728 ὅτι
2868 679 2902 747 ἡ
2935 677 3122 747 μνήμη
3155 676 3397 733 τοῦθεοῦ
3436 677 3709 748 εὐφροσύ-

2129 786 2225 839 νην
2258 769 2417 820 ποιεῖ.
2455 765 2635 819 Ταῦτα
2667 762 2760 819 οὖν
2784 753 2876 820 καὶ
2914 766 3048 821 ἀλλα
3079 767 3301 821 τοιαῦτα
3324 787 3446 822 τινα
3490 786 3712 840 προτει-

2129 855 2350 924 νόμενος
2374 857 2402 907 ὁ
2429 852 2678 916 δεδοικὼς
2707 854 2802 924 τὴν
2831 855 3076 925 Ὀγδόην,
3112 856 3169 908 ὲν
3210 856 3456 927 αίσθήσει
3481 859 3584 926 τῆς
3610 857 3706 910 τοῦ

2129 946 2308 1008 ἐλέους
2334 945 2540 1014 γίνεται
2576 945 2857 1015 μετουσίας
2883 945 3054 1014 λέγων
3078 964 3090 975 ·
3112 946 3196 999 ὅτι
3231 948 3574 1013 Είσήκουσε
3593 947 3708 1015 τῆς

2129 1036 2332 1107 φωνῆς
2379 1037 2484 1090 τοῦ
2529 1037 2836 1106 κλαυθμοῦ
2877 1055 3018 1106 μου.
3055 1038 3270 1091 Πολλῶν
3312 1039 3369 1092 δὲ
3415 1041 3706 1112 μακαρίων

2131 1119 2308 1196 φόϐων
2335 1128 2438 1180 ὑπὸ
2458 1128 2554 1198 τῆς
2581 1129 2742 1196 ἀγίας
2769 1129 3110 1199 δηλουμένων
3132 1130 3373 1202 Γραφῆς,
3403 1131 3486 1202 εἴη
3516 1132 3584 1185 ἂν
3608 1132 3709 1186 καὶ

2130 1218 2223 1270 ἐπὶ
2251 1217 2451 1270 τούτων
2481 1217 2751 1284 ἀναλόγως
2780 1222 2897 1281 ταῖς
2920 1218 2978 1283 ἓξ
3003 1220 3256 1286 ἐντολαῖς,
3281 1223 3313 1290 ἡ
3344 1223 3433 1274 ἐπὶ
3461 1222 3520 1274 τὸ
3545 1224 3710 1274 δεκα-

2131 1306 2354 1360 πλάσιον
2379 1306 2602 1377 αὔξησις
2620 1324 2634 1337 ο
2657 1307 2797 1359 ὥστε
2822 1308 2914 1360 τὸν
2941 1309 3254 1379 διδαχθέντα
3279 1313 3426 1383 παρὰ
3446 1313 3547 1381 τῆς
3567 1313 3710 1382 ψαλ-

2133 1398 2355 1469 μῳδίας,
2381 1399 2496 1462 πῶς
2523 1398 2879 1470 κατορθοῦται
2912 1401 2940 1451 ὁ
2964 1401 3056 1453 τοῦ
3079 1403 3284 1473 Κυρίου
3307 1403 3485 1472 φόϐος,
3518 1407 3582 1457 ἐκ
3607 1405 3707 1457 τοῦ

2130 1491 2372 1544 ἐκκλῖναι
2408 1491 2503 1561 μὲν
2535 1491 2641 1543 ἀπὸ
2681 1491 2872 1556 κακοῦ,
2921 1496 3092 1546 ποιεῖν
3120 1495 3175 1547 δὲ
3219 1497 3286 1550 τὰ
3330 1497 3542 1564 ἁγαθάο
3590 1492 3708 1549 οἷόν

2128 1599 2249 1635 τινα
2278 1583 2432 1652 μνᾶν,
2473 1581 2506 1650 ἢ
2536 1582 2817 1646 τάλαντον,
2844 1583 3268 1640 δεκαπλασιὰσαι
3291 1587 3377 1640 διὰ
3406 1589 3506 1658 τῆς
3532 1590 3707 1658 ἐργα-

2132 1673 2253 1737 σίας
2279 1673 2339 1725 τὸ
2377 1673 2564 1744 χρῆμα
2592 1673 2686 1726 τοῦ
2716 1673 2859 1726 θείου
2896 1675 3081 1744 φόϐου.
3122 1678 3230 1729 Καὶ
3257 1677 3426 1739 οὕτως
3454 1681 3555 1748 τὴν
3585 1678 3711 1731 δευ-

2131 1763 2459 1834 τερεύουσαν
2490 1764 2627 1835 μετά
2655 1763 2750 1835 τὴν
2782 1765 3025 1836 βασιλίδα
3050 1765 3225 1837 ψυχὴν
3257 1765 3291 1834 ἢ
3314 1768 3460 1839 φόϐῳ
3487 1770 3583 1821 καὶ
3606 1770 3711 1822 οὐκ

2131 1853 2316 1924 ἀγάπῃ
2363 1853 2424 1906 τὺ
2479 1854 2640 1908 καλὸν
2687 1853 3103 1926 κατεργάζεται,
3145 1857 3280 1926 πρὸς
3332 1856 3421 1908 τὸν
3471 1857 3711 1927 ἀριθμὸν

2132 1943 2241 1997 τῶν
2274 1944 2602 2014 ὀγδοήκοντα
2642 1945 3028 2016 πλατυνθῆναι,
3056 1947 3280 2000 ἕκαστον
3312 1943 3446 2010 εἶδος
3478 1948 3586 2000 τῶν
3619 1948 3711 1999 διὰ

2132 2034 2293 2105 φόϐου
2323 2035 2770 2106 κατορθουμένων
2797 2038 2888 2090 ἐπὶ
2904 2037 2997 2089 τοῦ
3027 2037 3142 2108 βίου
3169 2036 3363 2107 εαυτῆς
3382 2037 3710 2106 ἀσυγχύτως

2130 2145 2188 2179 τε
2219 2127 2310 2182 καὶ
2339 2129 2766 2198 ἀκεκρυμμένως
2790 2129 3135 2183 δεικνύουσα*
3163 2129 3238 2192 ῶς
3267 2130 3361 2182 καὶ
3388 2130 3478 2181 ἐπὶ
3502 2130 3711 2199 ταύτης

2130 2218 2230 2288 τῆς
2266 2219 2460 2289 ὀγδόης.
2485 2219 2660 2287 λόγον,
2692 2222 2758 2290 τῇ
2809 2220 2942 2289 πρὸς
2975 2220 3032 2272 τὸ
3075 2219 3430 2273 δεκαπλάσιον
3477 2219 3710 2290 αὐξήσει

2134 2309 2628 2380 συμπλατυνθῆναι,
2651 2310 2742 2363 καὶ
2767 2309 3018 2379 γενέσθαι
3039 2309 3187 2380 φόϐῳ
3203 2309 3450 2379 δουλικῷ,
3469 2310 3563 2362 καὶ
3584 2309 3711 2378 οὐχλ⁵

2131 2399 2292 2469 ἔρωτι
2323 2399 2575 2470 νυμφικῷ
2622 2400 2698 2470 τῷ
2733 2392 2918 2470 ἁγαθῷ
2966 2401 3449 2472 προσεγγίζυυσαν,
3493 2400 3708 2453 παλλα-

2133 2493 2232 2563 κὴν
2262 2492 2381 2545 ἀντὶ
2410 2493 2506 2563 τῆς
2532 2493 2815 2562 βασιλίδος·
2839 2477 2924 2547 διὰ
2951 2493 3042 2546 τὸν
3069 2493 3168 2563 τῆς
3189 2491 3411 2562 ὐγδόης
3442 2489 3622 2560 φόϐον,
3647 2491 3712 2543 ὃν

2131 2582 2503 2646 δεκαπλασίως
2536 2584 2594 2635 ὲν
2631 2585 2740 2646 τοῖς
2768 2582 3181 2654 κατορθώμασιν
3213 2583 3467 2654 ηὔξησεν,
3505 2583 3586 2645 είς
3609 2583 3710 2635 τὸν

2133 2673 2362 2746 ἀριθμὸν
2406 2674 2758 2729 συντελοῦσαν
2809 2675 2918 2728 τῶν
2967 2676 3314 2746 ὁγδοήκοντα,
3350 2676 3451 2727 Ἢν
3495 2673 3710 2727 κελεύει

2134 2767 2228 2819 κα)⁵
2261 2769 2289 2819 ὁ
2329 2767 2424 2836 τῆς
2461 2765 2696 2836 ἱστορίας
2739 2765 2894 2834 λόγος
2924 2765 3082 2837 νόθῳ,
3120 2766 3455 2837 προσκαίρῳ,
3480 2765 3573 2818 καὶ
3603 2765 3711 2816 οὐκ

2135 2858 2341 2924 εὐγενεῖ
2363 2858 2506 2926 τόκῳ
2547 2858 2985 2928 ὑπηρετήσασαν,
3019 2858 3094 2929 μὴ
3139 2859 3401 2911 συνοικεῖν
3444 2857 3522 2918 εἰς
3551 2855 3710 2916 τέλος

2136 2950 2201 3019 τῇ
2238 2948 2489 3018 βασιλίδι·
2519 2947 2594 3010 ὼς
2624 2949 2722 3000 οὐκ
2755 2948 2920 3018 οὔσης
2945 2951 3008 3002 ὲκ
3035 2948 3127 3002 τοῦ
3155 2949 3270 3002 ἴσου
3293 2949 3392 3018 τῆς
3424 2947 3710 3016 βασιλικῆς

463 3039 628 3100 petuo
658 3047 781 3086 cum
843 3036 1027 3104 regina
1060 3037 1256 3106 degere
1300 3038 1493 3092 iisdem
1532 3039 1583 3092 in
1612 3040 1822 3096 aedibus
1849 3048 2033 3107 vetat;

2140 3039 2498 3110 κληρονομίας
2524 3041 2587 3110 τῇ
2619 3039 2835 3110 δουλικῇ
2861 3043 2989 3110 γονῇ
3022 3041 3157 3111 πρὸς
3195 3040 3284 3092 τὸν
3315 3039 3597 3109 ἐλεύθερον
3617 3038 3710 3090 τό-

463 3121 606 3188 quod
635 3124 850 3179 servilis
887 3125 1027 3180 fetus
1059 3127 1124 3180 ad
1153 3127 1518 3181 haareditatem
1546 3132 1698 3198 regni
1729 3147 1850 3184 eum
1887 3131 2040 3200 inge-

473 3227 583 3264 nuo
630 3223 786 3280 partu
823 3214 942 3282 ejus
981 3231 1077 3285 par
1136 3232 1243 3270 non
1301 3217 1518 3271 habeat.
1562 3217 1795 3286 -Ejicito,
1843 3218 2038 3287 inquit,

465 3301 715 3352 ancillam
745 3311 794 3354 et
832 3303 999 3370 [illum
1023 3305 1157 3371 ejus.
1181 3304 1291 3359 Nec
1319 3307 1456 3359 enim
1494 3307 1706 3360 ancilla:
1733 3309 1877 3376 ﬁlius
1920 3324 2040 3361 cum

463 3393 700 3459 ingenue
728 3391 842 3462 ﬁlio
875 3392 1230 3448 ha’reditatem
1262 3395 1428 3450 adibit
1460 3400 1500 3452 °.
1538 3397 1693 3464 Quod
1729 3399 1773 3453 si
1803 3399 1890 3452 cui
1929 3398 2040 3454 hanc

466 3500 818 3539 nmnerorum
863 3486 916 3541 in
949 3489 1250 3558 propositis
1286 3491 1467 3546 verbis
1500 3491 1872 3546 consideratio
1928 3507 2042 3546 non

465 3575 601 3628 nihil
627 3591 746 3631 esse
769 3577 1026 3642 violenta,
1054 3581 1322 3651 quasique
1345 3589 1486 3636 torta
1511 3582 1759 3649 videtur;
1797 3585 1842 3638 is
1875 3585 2033 3638 velim

464 3667 565 3720 sibi
613 3677 829 3723 revocet
865 3671 918 3724 in
974 3682 1232 3732 mentem,
1270 3674 1338 3727 ab
1369 3673 1529 3727 initio
1569 3690 1669 3730 nos
1701 3680 2036 3744 protestatos

464 3772 608 3822 esse,
638 3773 743 3812 non
777 3775 936 3828 posse
964 3761 1250 3816 veritatem
1296 3779 1397 3818 nos
1435 3764 1492 3817 in
1550 3764 1654 3817 hoc
1707 3779 1904 3834 genere
1952 3777 2039 3817 as-

2145 3143 2262 3182 κον.
2289 3128 2544 3180 Ἔκϐαλε
2559 3125 2684 3195 γὰρ,
2704 3126 2853 3196 φησὶ,
2869 3126 2983 3194 τὴν
3003 3125 3330 3193 παιδίσκην
3346 3124 3565 3177 καὶτὸν
3577 3124 3715 3178 υἱὸν

2144 3216 2352 3286 αὐτῆς.
2379 3220 2459 3271 Οὐ
2471 3217 2579 3285 γὰρ
2596 3217 2678 3286 μὴ
2712 3215 3134 3286 κληρονομήσῃ
3159 3221 3191 3271 ό
3230 3215 3359 3282 υίὸς
3388 3215 3496 3284 τῆς
3520 3216 3715 3269 παιδί-

2144 3325 2301 3376 σκης
2307 3309 2458 3380 μετὰ
2481 3308 2585 3362 τοῦ
2606 3309 2737 3363 υἱοῦ
2755 3308 2862 3378 τῆς
2888 3309 3220 3376 ἐλευθέρας.
3237 3309 3300 3361 El
3319 3309 3377 3362 δέ
3405 3325 3512 3360 τινι
3543 3307 3717 3378 βιαιο-

2138 3401 2272 3472 τέρα
2327 3400 2571 3469 φαίνεται
2622 3401 2656 3470 ή
2704 3401 2783 3464 είς
2828 3399 2920 3454 τὸν
2965 3399 3317 3471 προκείμενον
3362 3403 3473 3463 τοῖς
3527 3400 3714 3470 ῥητοῖς

2141 3491 2369 3562 ἀριθμὸν
2399 3491 2616 3562 Θεωρία,
2641 3490 3038 3562 ἀναμνησθήτω
3070 3492 3150 3544 ὄτι
3177 3491 3268 3544 καὶ
3302 3493 3418 3544 κατ’
3452 3493 3626 3560 ἀρχὰς
3651 3491 3715 3542 τὸ

2145 3582 2218 3652 μὴ
2251 3581 2502 3635 δύνασθαι
2534 3584 2712 3652 τυχεῖν
2738 3581 2832 3651 τῆς
2862 3584 2918 3636 ὲν
2947 3581 3153 3646 τούτοις
3182 3581 3432 3652 ἀληθείας
3466 3582 3712 3652 ἐμαρτυ-

2145 3670 2372 3742 ρὰμεθα,
2409 3670 2658 3724 τοσοῦτον
2694 3671 2850 3741 μόνον
2884 3670 3143 3740 ἅψασθαι,
3175 3673 3296 3726 ὅσον
3342 3673 3417 3744 μὴ
3458 3673 3713 3743 ἀγύμνα·

2149 3778 2248 3814 στα
2281 3761 2399 3814 καθ’
2433 3761 2551 3814 ὅλου
2586 3761 3048 3832 παραδραμεῖντά
3077 3764 3389 3833 αἰνίγματα.

466 3852 645 3920 sequi,
699 3867 764 3906 ac
802 3863 1092 3924 propterea
1146 3857 1226 3911 sic
1256 3858 1536 3929 attigimus
1572 3857 1687 3914 haec
1731 3861 2041 3930 aenigmata,
2082 3864 2141 3911 ut
2197 3871 2267 3911 ne
2316 3872 2546 3928 prorsus
2606 3857 2758 3912 nullo
2790 3857 3042 3929 impenso
3088 3858 3267 3914 studio
3339 3857 3713 3930 praetermitte-

465 3951 673 3999 rentur.

552 4033 660 4089 Sed
698 4042 876 4090 tamen
934 4037 980 4093 si
1035 4037 1257 4093 dilectio
1311 4039 1790 4110 (quemadmodum
1831 4039 2034 4094 alicubi

467 4129 831 4199 perscriptum
884 4130 987 4198 est)
1027 4131 1184 4200 plane
1230 4132 1446 4186 tandem
1503 4141 1704 4187 metum
1753 4133 1937 4202 ejiciat
1991 4132 2034 4196 ',

2207 4036 2356 4108 Πλὴν
2402 4036 2450 4089 εί
2482 4034 2586 4100 ἔξω
2630 4035 2779 4106 βάλοι
2809 4036 2902 4089 τὸν
2944 4036 3108 4106 φόϐον
3152 4038 3186 4108 ἡ
3231 4038 3416 4109 ἀγάπη
3469 4041 3711 4107 τελείως,

2138 4126 2279 4181 κατά
2321 4125 2381 4178 τὸ
2429 4127 2829 4196 γεγραμμένον,
2866 4127 2959 4179 καλ⁴
3012 4127 3396 4197 μεταποιηθεὶς
3449 4130 3479 4182 ὁ
3529 4130 3712 4198 cptiéoq,

469 4227 822 4290 mutatusque
876 4230 1052 4277 metus
1094 4223 1314 4277 dilectio
1354 4224 1480 4290 llat;
1533 4232 1644 4279 tum
1693 4238 1825 4280 vero
1853 4223 2033 4279 unitas

2138 4217 2327 4286 ἀγάπη
2356 4215 2601 4284 γένοιτοο
2649 4217 2772 4269 τότε
2814 4216 3125 4287 εὑρίσκεται
3159 4215 3323 4286 μονὰς
3366 4217 3430 4270 τὸ
3469 4220 3712 4290 σωζόμε-

465 4326 591 4367 esse
632 4314 933 4382 reperietur
963 4313 1036 4378 id,
1070 4314 1212 4384 quod
1247 4315 1479 4370 salutem
1510 4316 1887 4386 consequitur,
1914 4329 2033 4370 om«

2139 4327 2249 4373 νον,
2277 4309 2335 4360 ὲν
2366 4309 2431 4378 τῇ
2467 4309 2603 4377 πρὸς
2654 4307 2712 4360 τὸ
2752 4307 2908 4379 μόνον
2951 4307 3152 4376 ἀγαθὸν
3194 4308 3462 4379 συμφυῒα,
3497 4310 3714 4364 πάντων

469 4404 630 4459 nibus
661 4406 802 4460 inter
831 4422 889 4462 se
916 4408 1086 4462 unitis
1125 4407 1180 4460 in
1232 4408 1696 4479 eonglutinatione
1729 4422 1874 4462 -cum
1927 4423 2033 4462 uno

2140 4400 2384 4470 ἀλλήλοις
2435 4397 2759 4464 ἑνωθέντων,
2794 4398 2882 4452 διὰ
2923 4399 3022 4469 τῆς
3053 4400 3195 4453 κατά
3236 4400 3332 4470 τὴν
3381 4403 3713 4474 περιστερὰν

467 4509 532 4548 ac
563 4497 678 4550 solo
707 4497 872 4562 bono,
913 4514 1008 4567 per
1039 4498 1183 4551 illam
1239 4515 1359 4568 quae
1395 4501 1447 4552 in
1483 4499 1731 4553 columba
1750 4506 1833 4553 est
1861 4498 2033 4568 perfe-

2137 4491 2487 4559 τελειότητος.
2521 4487 2772 4542 Τοιοῦτον
2812 4491 2919 4560 γάρ
2950 4507 3002 4541 τι
3039 4489 3261 4559 νοοῦμεν
3293 4491 3357 4542 ὲκ
3388 4490 3484 4542 τοῦ
3519 4492 3716 4562 ἐφεξῆς

469 4586 724 4640 ctionem.
743 4586 876 4641 Nam
902 4589 1212 4658 huiusmodi
1237 4590 1494 4659 quiddam
1517 4606 1583 4644 ex
1606 4591 1784 4644 verbis
1809 4604 2033 4658 sequen-

2138 4583 2319 4651 λόγου,
2344 4584 2402 4646 ὃς
2433 4596 2625 4652 φησιν·
2661 4581 2742 4633 ὅτι
2769 4581 2888 4634 Μία
2915 4580 3047 4633 ἐστὶ
3087 4579 3404 4648 περιστερά
3446 4600 3591 4650 μου.
3623 4600 3713 4636 τεο

468 4677 616 4733 tibus
642 4681 1018 4751 intelligimus,
1049 4696 1174 4734 cum
1209 4682 1285 4735 ait
1313 4699 1325 4736 ι
1364 4681 1478 4735 Una
1508 4691 1585 4736 est
1616 4681 1853 4735 columba
1906 4698 2033 4748 mea,

2140 4674 2272 4727 λεία
2299 4690 2437 4741 μου.
2477 4671 2597 4724 Mla
2629 4670 2760 4724 ἐστὶ
2801 4671 2875 4739 τῇ
2931 4671 3112 4741 μητρί
3142 4670 3352 4739 αὐτῆς,
3392 4673 3714 4741 ἐκλεκτική

467 4765 698 4832 perfecta
725 4786 856 4823 mea.
897 4768 1062 4824 Unica
1090 4781 1166 4824 est
1192 4773 1350 4825 matri
1383 4789 1514 4835 sum,
1577 4773 1740 4826 electa
1799 4772 1884 4826 illi
1926 4789 2033 4842 qua

2141 4764 2271 4816 ἐστι
2309 4759 2383 4830 τῇ
2425 4761 2685 4828 τεκούσῃ
2728 4759 2939 4827 αὐτὴν.
2974 4763 3149 4833 Ὅπερ
3195 4764 3252 4814 ὲν
3281 4761 3358 4832 τῷ
3397 4763 3716 4831 Εὑαγγελίῳ

467 4858 660 4924 peperit
689 4874 824 4912 eam.
861 4860 1033 4928 Atque
1059 4863 1161 4916 hoc
1192 4863 1245 4916 in
1270 4863 1561 4933 Evangelio
1596 4879 1690 4934 per
1715 4879 1896 4919 vocem
1931 4863 2037 4916 Do-

467 4943 600 4996 mini
638 4946 797 5000 nobis
829 4947 1096 5003 illusrins
1131 4950 1463 5006 declaratur.
1498 4951 1708 5007 Etenim
1743 4953 1834 5008 iile
1868 4953 2038 5006 bene-

467 5033 702 5088 dicendo
727 5036 832 5088 vim
857 5051 1072 5091 onmem
1103 5039 1389 5109 discipulis
1422 5043 1538 5098 suis
1569 5043 1880 5107 conferens,
1912 5057 2038 5096 cum

469 5126 573 5178 alia
628 5127 768 5180 bona
821 5127 1001 5184 verbis
1041 5129 1173 5190 illis,
1228 5131 1427 5199 quibus
1474 5133 1541 5186 ad
1572 5132 1786 5186 Patrem
1841 5133 2036 5197 utitur,

467 5215 661 5269 tribuit
686 5218 866 5288 dignis
891 5238 904 5274 :
935 5229 1047 5274 tum
1069 5221 1233 5275 etiam
1267 5221 1415 5276 addit
1450 5223 1573 5285 hoc,
1601 5225 1745 5293 quod
1769 5225 2034 5278 bonorum

469 5316 635 5376 caput
682 5323 745 5364 ac
777 5326 989 5366 summa
1021 5322 1126 5375 est,
1165 5328 1273 5368 non
1321 5313 1555 5382 amplius
1584 5329 1679 5368 eos
1712 5316 1766 5367 in
1812 5314 2040 5370 diversi-

471 5406 584 5455 tate
614 5401 848 5471 quadam
889 5402 1238 5467 electionum,
1273 5404 1648 5473 multipliciter
1684 5405 1892 5459 divisos
1926 5404 2039 5458 lore

474 5489 531 5545 in
556 5489 806 5550 faciendo
844 5493 912 5550 de
944 5495 1088 5550 bono
1109 5495 1319 5564 judicio
1341 5539 1354 5563 ,
1398 5496 1494 5552 sed
1523 5511 1714 5553 omnes
1757 5513 1926 5552 unum
1958 5497 2040 5552 l‘u-

2141 4853 2226 4906 διὰ
2261 4853 2358 4922 τῆς
2383 4851 2474 4904 τοῦ
2508 4852 2711 4922 Κυρίου
2761 4851 2943 4922 φωνῆς
2975 4852 3300 4921 σαφέστερον
3326 4851 3712 4922 ἑρμηνεύεται.

2143 4946 2328 4998 Πᾶσαν
2357 4943 2465 5013 γὰρ
2495 4945 2608 5005 τοῖς
2638 4941 2903 5012 μαθηταῖς
2929 4943 3122 4996 ἑαυτοῦ
3149 4941 3604 5013 ὲναποτιθέμενος
3630 4943 3715 4995 διὰ

2141 5037 2240 5108 τῆς
2288 5037 2532 5105 εὐλογίας
2561 5037 2808 5104 δύναμιν,
2834 5037 2902 5090 τά
2928 5053 2988 5089 τε
3027 5034 3162 5090 ἄλλα
3197 5034 3284 5088 διὰ
3315 5033 3423 5087 τῶν
3455 5033 3595 5103 πρὸς
3627 5033 3716 5086 τὸν

2143 5131 2362 5202 Πατέρα
2390 5131 2563 5198 λόγων
2594 5130 2773 5200 ἁγαθά
2804 5133 2916 5193 τοῖς
2948 5129 3121 5196 ἁγίοις
3153 5125 3456 5199 χαρίζεται,
3495 5125 3717 5197 προσ-τί-

2145 5221 2268 5292 θησι
2297 5221 2354 5275 δὲ
2393 5220 2498 5274 τῶν
2522 5221 2737 5288 ἀγαθῶν
2771 5220 2832 5272 τὸ
2867 5218 3176 5287 κεφάλαιον,
3204 5216 3262 5269 τὸ
3290 5215 3490 5286 μηκέτι
3519 5215 3721 5276 αὐτοὺς

2144 5315 2201 5366 ὲν
2227 5313 2453 5383 διαφορᾷ
2496 5330 2599 5366 τινι
2637 5311 3004 5382 προαιρέσεων
3034 5310 3092 5361 ὲν
3134 5310 3198 5378 τῇ
3232 5307 3360 5378 περὶ
3403 5305 3501 5358 τοῦ
3550 5302 3719 5357 καλοῦ

2145 5405 2323 5475 κρίσει
2357 5403 2594 5472 πολλαχῇ
2626 5400 3024 5471 διασχίζεσθαι·
3064 5399 3178 5452 ἀλλ’
3205 5399 3263 5450 ἒν
3298 5395 3558 5465 γενέσθαι
3591 5395 3720 5454 τοὺς

2146 5496 2370 5560 πάντας,
2398 5493 2476 5564 τῷ
2519 5493 2600 5546 ἑνὶ
2642 5492 2734 5546 καλ⁹
2768 5491 2913 5562 μόνῳ
2939 5488 3124 5560 ἀγαθῷ
3167 5489 3548 5558 συμφυέντας·
3575 5483 3717 5536 ὥστε

556 5671 578 5702 ³
609 5670 753 5728 Psal.
787 5689 968 5741 Lxxw,
1001 5674 1053 5728 4.
1129 5675 1152 5707 ⁸
1184 5675 1328 5733 Psal.
1357 5695 1432 5742 νι,
1459 5679 1511 5733 9.
1588 5680 1608 5710 ⁸
1640 5677 1783 5733 Psal.
1815 5692 2007 5740 xxxut,

2203 5674 2222 5706 °
2255 5675 2389 5730 Οτι).
2414 5690 2524 5739 ut,
2558 5671 2658 5738 {0;
2700 5669 2816 5726 Gal.
2844 5685 2916 5735 Iv,
2951 5667 3039 5723 50.
3116 5666 3177 5720 ⁷1
3218 5663 3378 5720 Joan.
3412 5679 3490 5726 tv,
3523 5663 3608 5717 l8.
