3996 6196
127 326 276 380 ΗΠ

1154 322 1218 376 IN
1269 323 1565 378 caurum
1593 322 1864 380 omne.
1900 323 2183 382 nonum
2223 299 2336 382 Xv.

3236 329 3372 384 1H8

99 437 216 492 ’διὰ
247 437 349 507 τῆς
375 433 468 489 τοῦ
506 435 820 504 Ηνεύματος
861 435 953 488 τοῦ
1001 437 1157 504 ἀγίου
1203 438 1472 508 ἐνότητος,
1525 435 1705 500 καθώς

1807 448 1983 507 turos,
2013 441 2106 495 uni
2144 439 2220 494 illi
2263 454 2328 495 ac
2356 437 2461 495 δὸιὶ
2497 438 2638 494 bono
2677 438 3042 510 agglutinatos
3067 461 3080 498 :
3104 442 3178 496 lta
3200 453 3256 496 ut
3279 459 3374 508 per

119 544 299 598 φησιν
330 528 360 580 6
397 523 736 589 Ἀπόστολος,
768 523 844 594 τῷ
893 525 1173 597 συνδέσμῳ
1213 527 1314 596 τῆς
1344 529 1563 598 εἰρήνης
1590 527 1707 580 δια-

121 616 516 687 σφιγχθέντας,
551 615 609 668 ἓν
633 615 791 686 σῶμα
822 615 1070 683 γενέσθαι
1097 617 1223 680 τοὺς
1263 619 1491 681 πάντας,
1527 617 1620 670 καὶ
1649 619 1708 669 ἓν

120 704 380 775 πνεῦμα,
395 704 484 758 διὰ
505 707 631 775 μιᾶς
659 704 870 768 ἐλπίδος
889 707 967 768 είς
993 705 1060 774 ἢν
1080 705 1408 777 ἐκλήθησαν.
1431 705 1646 759 Βέλτιον
1661 707 1706 759 δ’

121 794 191 849 ἂν
223 797 309 866 εῖη
354 796 525 859 αὐτὰς
552 796 645 850 ἐπὶ
687 796 884 860 λέξεως
917 797 1255 866 παραθέσθαι
1309 798 1408 860 τὰς
1437 797 1584 860 θείας
1611 796 1705 850 τοῦ

125 885 464 953 Εὐαγγελίου
489 888 690 955 φωνάς.
722 888 845 941 Ἵνα
865 888 1087 954 πάντες
1112 888 1182 941 ἒν
1203 884 1356 943 ὦσιν
1379 887 1570 954 καθὼς
1599 889 1702 951 σὺ,

107 976 343 1046 ΑΠὰτερ,
380 977 450 1031 ἐν
487 979 636 1048 ἐμοὶ,
685 978 846 1048 κάγὼ
875 979 946 1032 ἐν
975 980 1076 1034 σοι
1097 995 1113 1011 °
1138 980 1238 1034 ἵνα
1277 980 1376 1034 καὶ
1419 980 1586 1035 αὐτοὶ
1635 979 1707 1032 ἐν

125 1062 256 1120 ὦσι.
296 1067 372 1120 Τὸ
398 1067 454 1121 δὲ
495 1068 800 1122 συνδετικὸν
829 1071 928 1140 τῆς
971 1069 1483 1142 ἐνότητοςταύτης,
1513 1073 1546 1142 ἡ
1580 1070 1705 1134 δόξα

127 1155 246 1208 ἐστί
269 1174 283 1186 ·
314 1157 475 1222 δόξαν
507 1159 564 1211 δὲ
589 1158 838 1227 λέγεσθαι
865 1160 926 1212 τὸ
966 1159 1191 1230 Πνεῦμα
1223 1161 1283 1214 τὸ
1308 1160 1484 1229 ἅγιον,
1513 1162 1613 1214 οὐκ
1639 1163 1704 1216 ἄν

124 1265 207 1311 τις
248 1247 362 1303 τῶν
395 1251 818 1321 ἐπεσκεμμένων
844 1250 1106 1313 ἀντείποι,
1141 1250 1278 1320 πρὸς
1303 1251 1472 1314 αὑτὰς
1495 1251 1704 1321 βλέπων

121 1336 222 1400 τὰς
259 1338 360 1390 τοῦ
398 1340 602 1411 Κυρίου
633 1341 832 1409 φωνάς.
866 1338 989 1407 Τὴν
1017 1338 1206 1404 δόξαν
1233 1337 1360 1410 γὰρ,
1409 1338 1591 1410 φησὶν,
1624 1337 1704 1405 ἣν

118 1425 360 1493 ἔδωκάς
378 1445 500 1496 μοι,
521 1428 749 1482 δέδωκα
771 1429 994 1495 αὐτοῖς.
1024 1428 1232 1482 Ἔδωκε
1259 1427 1366 1498 γὰρ
1389 1428 1464 1492 ὡς
1487 1428 1704 1499 ἀληθῶς

118 1516 233 1576 τοῖς
283 1516 550 1586 μαθηταῖς
572 1517 824 1588 τοιαύτην
850 1517 1026 1582 δόξαν,
1053 1519 1080 1570 6
1100 1515 1268 1571 εἰπὼν
1308 1518 1444 1588 πρὸς
1469 1517 1664 1579 αὐτούς
1684 1535 1698 1548 ·

117 1604 353 1660 Λάϐετε
382 1607 622 1675 Πνεῦμα
643 1611 830 1677 ἅγιον.
862 1609 1058 1662 Ἐλαΰε
1083 1610 1140 1663 δὲ
1176 1610 1375 1681 ταύτην
1403 1609 1500 1680 τὴν
1521 1609 1699 1676 δόξαν,

118 1698 187 1766 ῆν
215 1696 458 1750 πάντοτε
488 1693 601 1768 εἶχε
630 1698 735 1769 πρὸ
755 1698 847 1752 τοῦ
877 1699 967 1752 τὸν
1007 1701 1208 1770 κόσμον
1237 1697 1396 1763 εἶναι,
1419 1701 1448 1752 6
1483 1702 1582 1772 τὴν
1609 1701 1701 1753 ἀν-

120 1759 410 1855 θρωπίνην
438 1759 600 1855 φύσίν
632 1759 1205 1860 περιϐαλλόμενος-ἦς
1241 1759 1586 1860 δοξασθείσης
1612 1787 1701 1841 διά
1730 1759 1775 1819 Β

119 1874 213 1927 τοῦ
233 1872 578 1943 Πνεύματος,
614 1878 704 1930 ἐπὶ
730 1879 836 1931 πᾶν
860 1877 920 1931 τὸ
959 1881 1215 1948 συγγενὲς
1242 1882 1275 1950 ἡ
1306 1881 1404 1949 τῆς
1429 1880 1586 1951 δόξης
1607 1879 1699 1932 τοῦ

125 1966 264 2018 [Ινεύ
274 1984 447 2036 ματος
469 1967 699 2032 διάδοσις
723 1969 947 2038 γίνεται,
984 1973 1090 2026 ἀπὸ
1124 1973 1229 2026 τῶν
1261 1971 1517 2044 μαθητῶν
1538 1973 1703 2044 ἀρξα-

127 2053 289 2124 μένη.
319 2054 419 2108 Διά
455 2054 611 2108 τοῦτό
649 2074 814 2127 φησι·
860 2059 977 2126 Τὴν
1003 2059 1192 2125 δόξαν
1219 2060 1299 2128 ἢν
1325 2061 1552 2126 ἔδωκάς
1573 2079 1698 2130 μοι,

123 2147 358 2200 δέδωκα
370 2147 593 2213 αὐτοῖς.
604 2147 734 2203 Ἵνα
749 2143 898 2203 ὦσιν·
915 2148 1005 2215 ἓν,
1020 2151 1215 2217 καθὼς
1229 2151 1400 2220 ἡμεῖς
1409 2151 1479 2204 ἓν
1493 2152 1698 2221 ἐσμεν.

136 2242 285 2309 Ἐγὼ
303 2241 378 2294 ἐν
399 2241 622 2307 αὐτοῖς,
660 2241 756 2294 καί
779 2241 859 2294 σὺ
889 2239 959 2293 ἐν
984 2241 1131 2309 ἐμοὶ,
1161 2241 1261 2293 ἵνα
1282 2235 1395 2294 ὦσι
1419 2244 1703 2294 τετελειω-

115 2332 291 2401 μένοι
334 2334 427 2395 εις
451 2332 518 2386 τὸ
549 2332 637 2386 ἓν.
682 2332 740 2385 Ὀ
769 2332 945 2384 τοίνυν
974 2333 1038 2384 ὲκ
1074 2331 1173 2400 μὲν
1215 2332 1407 2402 νηπίου
1451 2332 1585 2402 πρὸς
1610 2331 1704 2385 ἄν·

116 2424 220 2494 δρα
247 2424 462 2476 τέλειον
496 2421 818 2493 ἀναδραμὼν
851 2421 938 2475 διὰ
977 2423 1077 2494 τῆς
1105 2421 1404 2492 αὐξήσεως,
1442 2423 1533 2474 καὶ
1567 2419 1702 2489 φθά-

121 2533 218 2578 σας
247 2517 335 2578 είς
364 2515 427 2567 τὸ
453 2515 645 2584 μέτρον
667 2514 766 2583 τῆς
792 2514 989 2584 νοητῆς
1015 2513 1252 2584 ἡλικίας,
1277 2515 1341 2567 ἐκ
1369 2512 1426 2565 δὲ
1455 2513 1551 2583 τῆς
1589 2511 1703 2565 δού-

119 2607 214 2676 λης
239 2624 305 2659 τε
351 2607 447 2659 καὶ
481 2609 579 2672 τῆς
610 2604 931 2668 παλλακίδος
973 2603 1070 2674 τὴν
1111 2604 1208 2674 τῆς
1249 2601 1520 2672 βασιλείας
1547 2600 1701 2665 ἀξίαν

125 2697 483 2771 μεταλαϐών⁹
529 2697 774 2760 δεκτικὸς
817 2697 874 2749 δέ
919 2697 1017 2767 τῆς
1061 2696 1155 2749 τοῦ
1199 2691 1510 2766 Πνεύματος
1541 2695 1702 2766 δόξης

120 2790 418 2859 γενόμενος
438 2787 507 2840 δι’
541 2786 804 2850 ἀπαθείας
836 2788 928 2839 καὶ
961 2785 1346 2857 καθαρότητος,
1371 2777 1526 2849 οὗτός
1557 2787 1701 2839 ἐστιν

126 2882 153 2948 η
183 2877 375 2932 τελεία
406 2876 724 2946 περιστερὰ,
769 2875 904 2946 πρὸς
933 2876 996 2946 ἢν
1023 2875 1052 2927 6
1079 2873 1309 2943 νυμφίος
1346 2874 1451 2945 ὁρᾷ
1496 2872 1696 2940 λέγων’

120 2967 198 3018 ὅτι
228 2966 357 3019 Μία
379 2963 511 3017 ἐστὶ
531 2962 850 3032 περιστερά
863 2981 1004 3032 μου,
1036 2964 1237 3017 τελεία
1263 2978 1407 3032 μου.
1429 2962 1548 3016 Mla
1569 2961 1700 3015 ἐστὶ

1811 533 2074 588 unitatem
2099 532 2278 589 sancti
2311 532 2540 602 spiritus
2567 530 3048 604 (quemadmodum
3078 533 3372 602 Apostolus

1807 623 1904 695 ait)
1926 623 2074 693 pacis
2097 624 2378 680 constricti
2404 638 2570 688 nexu,
2594 637 2792 691 corpus
2820 636 2986 675 unum
3012 621 3143 676 liant
3159 637 3370 687 omnes,

1807 725 1860 772 et
1893 731 2036 771 unus
2074 716 2323 786 spiritus,
2369 730 2464 784 per
2513 730 2659 784 spem
2702 728 2887 777 unam,
2919 713 2973 766 in
3002 727 3163 782 quam
3197 716 3372 768 vocati

1807 809 1916 864 sint
1947 809 1988 862 ⁸.
2026 807 2316 863 Enimvero
2381 809 2586 862 rectius
2630 805 2957 869 fecerimus,
3008 805 3054 859 si
3105 805 3173 858 de
3209 805 3376 858 verbo

1807 901 1874 955 ad
1905 901 2132 956 verbum
2161 901 2308 969 ipsas
2332 899 2604 967 Evangelii
2629 899 2844 952 divinas
2861 911 2992 952 sane
3019 912 3179 952 voces
3208 911 3375 966 appo-

1805 992 2097 1047 suerimus.
2139 989 2203 1043 Ut
2230 1007 2426 1053 omnes,
2462 989 2659 1058 inquit,
2718 988 2819 1040 sint
2847 985 3375 1056 unum,quemadmo—

1805 1085 1929 1137 dum
1961 1092 2036 1145 tu,
2078 1083 2150 1135 mi
2187 1081 2368 1145 Pater,
2399 1081 2452 1133 in
2480 1097 2559 1133 me
2590 1096 2665 1144 es,
2695 1087 2744 1132 et
2773 1095 2864 1148 ego
2894 1078 2948 1130 in
2973 1085 3020 1130 te
3053 1093 3072 1130 :
3101 1087 3155 1128 ut
3182 1085 3231 1130 et
3270 1076 3372 1144 ipsi

1804 1192 1965 1229 unum
2020 1174 2126 1227 sint
2160 1174 2214 1225 in
2251 1171 2398 1225 nobis
2427 1173 2467 1225 ’.
2498 1169 2672 1239 Hujus
2699 1176 2881 1221 autem
2942 1166 3170 1221 unitatis
3200 1182 3373 1222 nexus

1803 1272 1886 1320 est
1919 1263 2110 1333 gloria.
2149 1260 2409 1330 Spiritum
2432 1269 2613 1315 autem
2669 1267 2921 1314 sanctum
2951 1257 3214 1327 appellari
3259 1257 3374 1326 glo—

1804 1354 1963 1414 riam,
1993 1367 2157 1406 nemo
2178 1349 2592 1420 prudentiorum
2642 1348 2880 1416 negabit,
2909 1347 2957 1402 si
3009 1347 3128 1416 ipsa
3161 1345 3371 1399 Domini

1801 1446 1965 1500 verba
1992 1442 2311 1504 intuebitur,
2343 1455 2465 1495 cum
2499 1439 2574 1492 ait
2625 1457 2638 1493 :
2698 1437 2935 1492 Gloriam
2970 1450 3138 1506 ‘quam
3180 1435 3373 1490 dedisti

1803 1535 1952 1597 mihi,
2010 1531 2130 1586 dedi
2172 1532 2268 1585 eis.
2330 1529 2538 1584 Revera
2581 1528 2724 1583 enim
2784 1527 3030 1582 eamdem
3085 1523 3372 1595 discipulis

1802 1619 2030 1692 gloriam
2059 1617 2228 1678 dedit,
2253 1631 2375 1670 cum
2417 1614 2484 1667 ad
2514 1629 2609 1669 eos
2646 1613 2854 1667 diceret
2886 1631 2900 1667 :
2933 1613 3163 1680 Accipite
3202 1610 3374 1678 Spiri-

1805 1719 1912 1763 tum
1941 1716 2181 1762 sanctum
2213 1707 2276 1759 '°.
2311 1705 2487 1773 Atque
2507 1703 2650 1757 hanc
2685 1702 2937 1773 gloriam,
2979 1716 3140 1770 quam
3191 1707 3370 1754 tamen

1801 1813 2015 1869 semper
2044 1796 2233 1851 habuit
2265 1795 2417 1866 prius
2438 1793 2602 1849 etiam
2638 1806 2802 1863 quam
2835 1791 3072 1845 mundus
3106 1790 3196 1844 hic
3228 1790 3373 1845 exsi-

1799 1894 1988 1952 steret,
2018 1885 2226 1955 accepit
2251 1883 2306 1938 id
2327 1882 2608 1953 temporis,
2646 1896 2772 1937 cum
2794 1888 3045 1935 naturam
3076 1880 3372 1934 humanam

1799 1977 2081 2042 indueret;
2111 1989 2218 2044 qua
2247 1973 2464 2043 quidem
2505 1987 2603 2042 per
2626 1970 2893 2041 Spiritum
2927 1977 3176 2025 sanctum
3207 1969 3374 2038 glori-

1800 2067 1983 2130 ﬁcata,
2010 2063 2271 2134 quidquid
2307 2061 2433 2116 huic
2461 2067 2749 2131 cognatum
2789 2068 2874 2114 est
2903 2059 3106 2128 gloriae,
3137 2056 3374 2126 Spiritus

1799 2157 1858 2212 ﬁt
1897 2155 2193 2226 particeps,
2252 2151 2395 2205 facto
2441 2151 2510 2205 ab
2564 2136 2832 2219 apostolis
2866 2149 3044 2202 initio.
3099 2148 3249 2201 Ilanc
3299 2147 3374 2202 ob

1801 2260 2025 2303 causam
2053 2244 2148 2298 ait
2179 2262 2193 2298 :
2223 2241 2461 2296 Gloriam
2491 2255 2650 2310 quam
2680 2238 2876 2293 dedisti
2901 2237 3050 2303 mihi,
3078 2238 3198 2292 dedi
3245 2238 3320 2292 eis
3342 2252 3374 2297 ,:

1801 2346 1856 2390 ut
1891 2335 1996 2390 sint
2033 2350 2215 2396 unum,
2253 2328 2684 2400 quemadmodum
2725 2343 2819 2381 nos
2848 2344 3012 2380 unum
3033 2343 3214 2381 sumus
3243 2342 3373 2398 :ego

1799 2427 1856 2479 in
1893 2424 1988 2489 eis,
2021 2432 2070 2476 et
2115 2431 2170 2474 tu
2204 2421 2258 2473 in
2288 2435 2366 2473 me
2413 2435 2433 2474 :
2463 2427 2521 2471 ut
2550 2419 2655 2471 sint
2705 2419 3062 2471 consummati
3095 2418 3149 2471 in
3188 2433 3372 2474 unum.

1801 2514 2162 2581 Quamobrem
2204 2510 2272 2572 is,
2321 2509 2416 2579 qui
2460 2509 2528 2563 de
2555 2523 2725 2576 puero
2757 2509 2810 2562 in
2856 2508 3035 2563 virum
3070 2509 3372 2577 perlectum

1801 2603 2141 2676 augesccndo
2170 2601 2364 2665 evasit,
2393 2600 2461 2653 ad
2487 2613 2798 2653 mensuram
2814 2598 3151 2653 mtatisillius
3181 2614 3374 2669 perve-

1801 2698 1902 2760 nit,
1935 2709 2097 2765 quam
2131 2701 2312 2748 mente
2343 2689 2699 2760 intelligimus
2729 2707 2742 2743 :
2772 2704 2802 2744 e
2847 2689 3121 2759 mancipio
3161 2699 3213 2744 et
3241 2705 3374 2746 con-

1767 2776 1771 2781 ’
1801 2787 2000 2843 cubina
2026 2784 2185 2854 regite
2217 2780 2504 2853 dignitatis
2547 2775 2819 2849 particeps
2876 2779 3054 2835 factus
3088 2785 3172 2835 est
3204 2800 3220 2835 :
3275 2780 3373 2836 de-

1801 2878 1969 2946 nique
1998 2890 2166 2944 capax
2187 2873 2373 2944 gloriae
2392 2870 2632 2940 Spiritus
2664 2871 2841 2925 sancti
2875 2886 2971 2940 per
2998 2878 3198 2926 statum
3231 2887 3260 2924 a
3288 2870 3372 2925 vi-

1804 2967 1895 3021 tiis
1923 2965 2180 3022 omnibus
2219 2964 2477 3026 alienum,
2529 2975 2730 3030 perque
2782 2961 3073 3031 puritatem
3113 2979 3126 3014 :
3158 2961 3248 3014 hic
3275 2961 3375 3030 igi-

119 3055 194 3124 τῇ
223 3055 412 3125 μητρί
446 3053 656 3122 αὐτῆς,
688 3051 1005 3120 ἐκλεκτική
1041 3054 1172 3106 ἐστι
1201 3051 1276 3120 τῇ
1303 3052 1566 3119 τεκούσῃ
1593 3052 1700 3104 αὐ·

1805 3065 1894 3112 tur
1918 3064 2003 3112 est
2050 3055 2292 3126 perfecta
2347 3051 2439 3106 illa
2497 3052 2772 3113 columba,
2826 3052 2894 3106 ad
2927 3066 3088 3122 quam
3137 3067 3374 3122 sponsus

118 3145 257 3212 τήν.
291 3145 413 3197 Ούκ
443 3142 831 3213 ἀγνοοῦμενδὲ
863 3143 1078 3205 πάντως
1110 3141 1208 3211 τὴν
1240 3143 1451 3212 μητέρα
1480 3141 1576 3212 τῆς
1607 3160 1703 3194 πε-

121 3235 408 3305 ριστερᾶς,
437 3235 501 3286 ἐκ
523 3233 616 3286 τοῦ
644 3232 855 3304 καρποῦ
877 3232 938 3285 τὸ
961 3231 1172 3303 δένδρον
1198 3232 1580 3303 γνωρίσαντες.
1619 3233 1704 3297 Ὠς

119 3326 228 3395 γὰρ
254 3325 550 3396 ἄνθρωπον
579 3323 924 3394 θεασάμενοι,
969 3323 1028 3388 ἐξ
1064 3321 1349 3394 ἀνθρώπου
1377 3323 1539 3377 αὐτὸν
1566 3319 1703 3376 εἶναι

118 3417 218 3469 οὐκ
247 3415 700 3485 ἀμφιϐάλλομενο
733 3414 874 3468 οὕτω
900 3414 995 3468 καὶ
1027 3415 1124 3485 τῆς
1159 3414 1424 3485 ἐκλεκτῆς
1455 3432 1706 3486 περιστε‹

119 3509 221 3576 ρᾶς
250 3507 359 3578 τὴν
393 3507 601 3577 μητέρα
638 3504 942 3575 ζητοῦντες,
969 3505 1068 3557 οὐκ
1108 3505 1274 3576 ἀλλην
1322 3505 1442 3560 τινὰ
1481 3507 1513 3577 ἢ
1560 3507 1704 3559 ἐκεί-

121 3617 216 3670 νην
251 3600 363 3669 τὴν
399 3595 724 3668 περιστερὰν
752 3596 1073 3666 ἐνοήσαμεν.
1107 3595 1198 3666 Τῷ
1227 3596 1335 3668 γὰρ
1370 3597 1544 3667 τέκνῳ
1567 3598 1704 3650 πάν-

117 3708 226 3755 τως
268 3692 305 3760 ἡ
349 3689 447 3743 τοῦ
489 3690 872 3761 γεγεννηκότος
912 3677 1287 3761 ἐπιθεωρεῖται
1331 3689 1510 3758 φύσις.
1558 3691 1707 3744 Ἐπεὶ

119 3780 213 3835 οὖν
235 3780 308 3834 τὸ
329 3779 730 3852 γεγεννημένον
763 3782 828 3833 ἐκ
848 3779 942 3833 τοῦ
967 3779 1280 3851 Πνεύματος
1302 3779 1527 3851 Πνεῦμά
1553 3782 1700 3834 ἐστι’

123 3871 436 3946 περιστερά
459 3871 516 3925 δὲ
551 3871 612 3924 τὸ
650 3872 868 3926 τέκνον·
928 3872 1226 3943 περιστερά
1257 3871 1312 3924 δέ
1355 3872 1570 3935 πάντως
1611 3876 1704 3929 καὶ

121 3965 285 4035 ητοῦ
339 3965 532 4017 τέκνου
569 3964 752 4035 μήτηρ
798 3964 964 4024 ἐστὶν,
997 3966 1030 4034 ἡ
1077 3963 1170 4016 ἐπὶ
1218 3963 1309 4016 τὸν
1351 3963 1616 4034 Ἰορδάνην
1649 3963 1708 4028 ἐξ

118 4053 383 4126 οὐρανῶν
412 4056 753 4118 καταπτᾶσα,
788 4052 968 4116 καθὼς
1013 4053 1262 4122 Ἰωάννης
1294 4053 1426 4123 φησὶ
1453 4053 1544 4107 καὶ
1568 4071 1708 4125 μαρ-

120 4149 377 4220 τύρεται.
411 4145 624 4216 Ταύτην
680 4145 1074 4216 μακαρίζουσιν
1122 4146 1179 4198 ai
1218 4145 1474 4210 νεάνιδες,
1505 4147 1708 4218 ταύτην

119 4237 347 4294 αίνοῦσι
407 4236 676 4290 παλλακαὶ⁹
728 4236 820 4290 καὶ
881 4234 1208 4305 βασίλισσαι.
1259 4233 1446 4297 Κοινὸς
1496 4237 1605 4307 γὰρ
1644 4238 1708 4290 ἐκ

119 4331 332 4393 παντὸς
372 4329 649 4398 τάγματος
676 4327 954 4399 πρόκειται
983 4329 1192 4392 πάσαις.
1213 4333 1330 4392 ταῖς
1354 4328 1551 4399 ψυχαῖς
1587 4329 1708 4400 δρό-

1806 3147 2048 3218 rcspicit,
2080 3160 2202 3200 cum
2235 3144 2310 3198 ait
2370 3161 2383 3196 :
2425 3141 2543 3195 Una
2574 3150 2653 3196 est
2683 3142 2927 3195 columba
2973 3158 3108 3206 mea,
3143 3141 3375 3211 perfecta

1806 3255 1942 3294 mea.
1978 3236 2145 3291 Unica
2185 3245 2262 3290 est
2297 3235 2458 3288 matri
2500 3249 2630 3298 sum,
2663 3233 2828 3287 electa
2892 3233 2974 3286 illi
3019 3249 3134 3303 qua
3181 3233 3378 3301 peperit

1803 3346 1942 3384 eam.
1969 3327 2156 3398 Neque
2179 3341 2307 3382 vero
2340 3341 2463 3380 esse
2489 3325 2650 3380 nobis
2679 3325 2975 3380 obscurum
3003 3333 3202 3395 potest,
3231 3339 3379 3394 quaa-

1806 3435 1929 3474 nam
1987 3417 2060 3472 sit
2118 3417 2383 3471 columbae
2437 3416 2586 3472 illius
2634 3425 2835 3482 mater;
2895 3431 3019 3470 cum
3075 3430 3142 3470 ex
3195 3414 3378 3470 fructu

1806 3525 2101 3581 agnoscere
2147 3491 2398 3563 arborem
2453 3507 2632 3561 liceat.
2684 3505 2755 3560 Ut
2793 3507 2938 3562 enim
2981 3508 3201 3561 homine
3253 3523 3380 3562 con-

1807 3609 1994 3672 specto
2033 3615 2141 3654 non
2179 3598 2496 3652 dubitamus
2525 3604 2708 3651 ortum
2749 3612 2872 3651 esse
2929 3596 3078 3649 illum
3110 3597 3177 3650 ab
3211 3598 3382 3652 homi-

1806 3709 1912 3748 ne:
1951 3691 2031 3746 sic
2061 3704 2184 3743 cum
2224 3688 2408 3743 electa:
2457 3685 2622 3755 hujus
2673 3685 2938 3739 columba:
2978 3692 3206 3737 matrem
3232 3699 3381 3753 quae-

1806 3782 2003 3842 rimus,
2055 3793 2163 3832 non
2197 3776 2360 3830 aliam
2393 3773 2710 3845 quamdam,
2745 3772 2841 3828 sed
2893 3772 3200 3827 columbam
3236 3772 3377 3827 hanc

1805 3887 1929 3928 esse
1958 3869 2331 3940 intelligimus.
2359 3866 2493 3921 Nam
2525 3865 2580 3920 in
2609 3864 2719 3920 lilio
2745 3865 2990 3934 parentis
3019 3864 3249 3920 omnino
3277 3879 3378 3918 na-

1806 3971 1928 4017 tura
1966 3959 2325 4030 conspicitur.
2382 3955 2561 4023 Quare
2588 3971 2713 4012 cum
2775 3955 2852 4018 id,
2887 3953 3034 4025 quod
3071 3971 3136 4010 ex
3170 3954 3379 4024 Spiritu

1803 4052 2066 4126 gignitur,
2121 4049 2192 4106 sit
2248 4047 2517 4119 Spiritus;
2549 4054 2603 4103 et
2629 4061 2760 4102 vero
2814 4046 2923 4100 tilia
2968 4061 3094 4101 cum
3124 4045 3377 4102 columba

1807 4145 1879 4201 sit
1912 4163 1925 4198 :
1961 4143 2186 4197 omnino
2225 4143 2391 4197 etiam
2436 4149 2614 4195 mater
2661 4139 2825 4208 hujus
2853 4146 2936 4194 est
2977 4138 3230 4192 columba
3263 4137 3376 4201 illa,

1807 4251 1928 4305 qua:
1956 4235 2023 4289 de
2069 4234 2207 4289 coelo
2243 4231 2311 4286 ad
2366 4231 2658 4287 Jordanem
2692 4229 2985 4294 devolavit,
3033 4230 3384 4298 quemadmo-

1807 4330 1942 4386 dum
1970 4326 2208 4382 Joannes
2243 4332 2502 4381 testatur.
2537 4322 2689 4378 Hanc
2739 4321 2908 4389 igitur
2941 4320 3152 4376 felicem
3184 4319 3382 4389 praedi-

118 4439 222 4491 μσς
272 4420 420 4490 πρὸς
459 4418 559 4489 τὴν
599 4418 850 4489 τοιαύτην
898 4418 1296 4488 μακαριότητα.
1354 4419 1444 4472 Διό
1502 4436 1702 4488 φασιν

1810 4427 1934 4474 cant
1977 4416 2316 4487 juvenculm,
2371 4415 2512 4469 banc
2571 4413 2924 4479 concubina,
2983 4411 3124 4465 banc
3179 4408 3381 4479 regium

120 4510 382 4564 Ἰδοσαν
413 4504 605 4574 αὐτὴν
662 4505 996 4575 θυγατέρες,
1027 4505 1124 4558 καί
1154 4506 1556 4574 μακαριοῦσιν
1599 4508 1709 4559 αὐ-

115 4603 236 4671 τήν
257 4619 273 4631 ·
305 4598 617 4652 παλλακαὶ
639 4597 736 4650 καὶ
759 4597 1125 4662 βασίλισσαι
1147 4597 1518 4651 αὶνέσουσιν.
1545 4599 1709 4663 Φύσις

110 4695 170 4747 δὲ
199 4692 372 4746 πᾶσά
405 4693 517 4743 ἐστι
553 4691 686 4762 πρὸς
714 4689 776 4741 τὸ
807 4689 1076 4760 μακάριόν
1103 4706 1162 4742 τε
1196 4691 1289 4743 καὶ
1323 4689 1710 4761 ἐπαινούμενον

111 4787 181 4855 τῇ
217 4780 503 4851 ἐπιθυμίᾳ,
527 4779 915 4832 συντείνεσθαι.
945 4780 1106 4832 Ὥστε
1139 4781 1186 4832 εί
1227 4779 1587 4851 μακαρίζουσι
1614 4781 1710 4853 τὴν

111 4869 469 4945 περιστερὰν
502 4870 557 4923 αί
599 4869 910 4940 θυγατέρες.
955 4868 1276 4941 ἐπιθυμοῦσι
1311 4872 1523 4935 πάντως
1553 4875 1705 4942 γενέ-

113 4965 247 5017 σθαι
291 4961 615 5033 περιστεραὶ
640 4963 732 5015 καὶ
755 4956 930 5015 αὗται.
973 4963 1081 5015 Καὶ
1104 4961 1165 5014 τὸ
1191 4963 1454 5017 αἰνεῖσθαι
1484 4964 1581 5036 τὴν
1611 4983 1708 5018 πε-

113 5052 395 5125 ριστερὰν
423 5051 571 5122 παρά
599 5050 706 5104 τῶν
744 5051 1104 5115 παλλακίδων,
1139 5052 1434 5122 τεκμήριόν
1471 5055 1584 5107 ἐστι
1613 5055 1708 5108 τοῦ

109 5145 213 5199 καὶ
242 5143 458 5205 ταύτας
501 5141 633 5214 πρὸς
659 5140 718 5194 τὸ
745 5141 1130 5212 ἐπαινούμενον
1157 5141 1254 5210 τὴν
1285 5143 1518 5214 σπουδὴν
1543 5143 1704 5214 ἔχειν·

105 5237 226 5298 ἓως
260 5234 335 5288 ἂν
379 5233 596 5287 πάντων
641 5233 700 5287 ἐν
745 5233 1070 5302 γενομένων,
1104 5231 1211 5286 τῶν
1251 5232 1386 5303 πρὸς
1419 5234 1510 5286 τὸν
1547 5235 1710 5288 αὑτὸν

107 5326 340 5382 σκοπὸν
369 5323 471 5394 τῆς
506 5325 799 5395 ἐπιθυμίας
845 5324 1164 5394 βλεπόντων,
1200 5325 1468 5394 μηδεμιᾶς
1513 5325 1571 5377 ἐν
1608 5343 1712 5398 μη-

101 5419 231 5472 δενὶ
264 5415 472 5479 κακίας
502 5415 939 5486 ὑπολειφθείσης,
964 5415 1188 5486 γένηται
1215 5417 1244 5467 6
1282 5416 1413 5480 Θεὸς
1441 5415 1510 5469 τὰ
1536 5416 1712 5471 πάντα

101 5511 175 5564 ἐν
221 5509 392 5571 πᾶσι,
441 5509 554 5572 τοῖς
595 5507 687 5562 διὰ
710 5509 810 5579 τῆς
847 5507 1096 5578 ἐνότητος
1129 5505 1374 5578 ἀλλήλοις
1415 5510 1472 5560 ἐν
1508 5512 1574 5579 τῇ
1617 5508 1710 5563 τοῦ

192 5685 220 5717 ³
271 5681 482 5752 Ephcs.
513 5699 585 5747 tv,
618 5684 672 5736 5.
749 5684 768 5714 ⁸
797 5680 954 5737 Joan.
998 5695 1130 5750 xvn,
1157 5681 1220 5736 2|
1259 5697 1380 5754 sqq.

1808 4510 2050 4564 laudant.
2101 4507 2312 4562 Etenim
2344 4503 2654 4559 communis
2677 4502 2896 4572 quidem
2943 4501 3230 4556 animabus
3262 4499 3384 4553 uni-

1809 4601 1984 4656 versis
2011 4597 2079 4652 ad
2105 4595 2498 4652 beatitudinem
2521 4593 2682 4648 talem
2705 4608 2903 4648 cursus
2929 4591 3242 4663 propositus
3273 4598 3378 4645 est.

1807 4693 2103 4762 Propterea
2159 4686 2342 4743 verbis
2405 4684 2558 4739 hisce
2607 4691 2892 4738 utuntur:
2947 4681 3201 4736 Viderunt
3226 4680 3381 4734 illam

1809 4784 1958 4853 ﬁliae,
1992 4781 2296 4848 beatamque
2311 4775 2670 4846 pra’dicarum
2691 4790 2848 4839 eam;
2890 4775 3084 4845 regina:
3117 4783 3167 4827 et
3190 4789 3383 4826 concu-

1813 4875 1946 4928 binm
1977 4872 2266 4926 laudarunt
2331 4883 2468 4922 eam.
2518 4865 2722 4922 Omnes
2757 4878 2938 4921 autem
2992 4866 3079 4921 sic
3110 4880 3140 4919 a
3183 4873 3382 4921 natura

1812 4963 2110 5035 comparati
2162 4969 2310 5024 sunt,
2369 4969 2427 5014 ut
2464 4960 2762 5029 cupiditate
2811 4957 2978 5012 animi
3029 4956 3197 5019 adid,
3238 4958 3386 5027 quod

1812 5057 2030 5110 beatum
2059 5061 2144 5109 est
2176 5052 2529 5114 aclaudatur,
2562 5049 2914 5106 contendant.
2940 5047 3304 5114 Quamobrem
3339 5048 3384 5102 si

1813 5147 2124 5202 columbam
2156 5145 2297 5198 banc
2321 5144 2440 5198 ﬁliae
2464 5143 2678 5198 beatam
2717 5141 3036 5212 prazdicant,
3071 5141 3296 5194 omnino
3331 5146 3386 5193 et

1813 5241 1945 5307 ipsae
1968 5236 2080 5291 ﬁeri
2114 5235 2380 5290 columbae
2425 5234 2846 5307 concupiscunt.
2913 5231 3097 5285 Itidem
3151 5227 3296 5298 quod
3353 5240 3384 5282 a

1815 5305 2136 5383 concubinis
2161 5335 2215 5382 et
2248 5324 2450 5395 reginis
2479 5324 2732 5379 columba
2758 5305 3032 5386 laudatur,
3064 5327 3386 5391 argumento

1816 5430 1920 5483 cst,
1960 5421 2056 5476 has
2080 5433 2294 5490 quoque
2319 5417 2601 5473 studiosas
2630 5416 2777 5469 illius
2803 5428 2924 5468 esse
2951 5413 3096 5481 quod
3136 5412 3389 5482 pradica-

1819 5519 1950 5576 tur;
1980 5512 2153 5566 donec
2195 5507 2411 5565 tandem
2467 5508 2534 5562 iis
2554 5505 2811 5561 omnibus
2874 5519 3042 5558 unum
3079 5501 3261 5569 factis,
3292 5497 3385 5570 qui

1460 5685 1501 5716 '°
1532 5683 1689 5738 Joan.
1719 5699 1809 5748 τι,
1853 5683 1942 5740 22.
