3996 6196
747 283 880 340 lll‘)

737 399 808 454 ad
827 400 1077 456 eamdem
1110 398 1370 456 desiderii
1395 408 1594 456 metam
1626 399 1952 472 respiciunt,
1984 409 2037 457 et
2068 403 2217 457 nulla
2255 405 2310 457 in

741 491 892 546 nullo
932 491 1228 547 vitiositate
1281 501 1598 560 superante,
1655 492 1838 546 omnia
1868 490 2008 546 Deus
2055 493 2312 548 omnibus

741 581 852 649 fiat,
886 591 1152 654 quotquot
1176 597 1270 652 per
1301 585 1563 639 unitatem
1619 583 1763 638 inter
1790 597 1849 638 se
1889 583 2104 638 in-boni
2135 585 2312 640 socie-

1973 285 2030 342 S.
2073 283 2399 343 GREGORII
2439 279 2736 344 NYSSENI

3783 297 3876 354 i120

2339 412 2386 468 Α
2413 404 2619 474 ἀγαθοῦ
2648 404 2903 476 κοινωνίᾳ
2949 404 3428 478 συγκεκραμένοιςο
3455 406 3717 478 ὲνκΧριστῷ
3754 411 3868 481 Ἰησοῦ

2417 494 2494 562 τῷ
2528 494 2716 566 Κυρίῳ
2765 497 2795 564 ἡ
2806 493 2941 565 μῶν,
2975 488 3019 562 ᾧ
3057 498 3092 566 ἡ
3119 495 3263 562 δόξα,
3289 497 3379 549 καὶ
3406 497 3463 550 τὸ
3491 497 3682 568 κράτος,
3711 502 3768 562 si;
3786 505 3866 564 τοὺς

2419 584 2623 650 αἰῶνας
2654 586 2763 639 τῶν
2784 584 3016 640 αἰώνων.
3056 588 3246 658 Ἀμήν.

740 682 852 728 tute
881 675 1213 729 coalescunt.
1239 674 1405 744 quue
1429 675 1484 729 in
1513 673 1736 732 Christo
1781 672 1912 730 Iesu
1949 673 2174 730 Domino
2225 683 2460 730 nostro:
2498 682 2589 732 cui
2653 678 2824 747 gloria
2889 686 2942 734 et
3000 679 3310 748 imperium,
3342 692 3481 732 nunc
3503 685 3866 752 etsemper.etiu

743 767 959 825 saeculis
997 766 1248 823 inﬁnitis.
1287 767 1482 822 Amen.

759 952 2868 992 W—

2179 1108 2318 1162 ΤΟΥ

3827 962 3867 985 ΣἼ

2353 1105 2560 1161 ΔΠοΥ

1741 1292 2480 1382 ΓΡΗΓΟΡΙΟΥ
2531 1291 3029 1377 ΝΥΣΣΗΣ

1528 1510 1769 1622 ΕΙΣ
1856 1507 2172 1620 ΤΗΝ
2233 1504 3206 1618 ΠΡΟΣΕΥΧΗΝ.

1680 1914 1775 2004 S.
1861 1909 2438 2003 GBEGOBII
2563 1908 3068 2003 NYSSENI

1455 2151 1636 2263 DE
1720 2149 2448 2267 OBATIONE
2528 2145 3286 2262 DOMINICA.

1767 2386 2207 2445 LAURENTIO
2247 2387 2513 2445 SIFANO
2554 2353 3080 2444 INTERPRETE.’

1351 2689 1609 2748 ORATIO
1654 2691 1698 2750 ι.

812 2785 1022 2845 Orandi
1050 2783 1208 2841 nobis
1247 2782 1555 2838 doctrinam
1605 2783 1828 2841 divinus
1885 2800 2068 2841 sermo
2126 2786 2313 2851 tradit,

744 2891 845 2948 per
883 2889 1042 2945 quam
1101 2889 1161 2929 se
1213 2871 1395 2943 dignis
1446 2871 1732 2940 discipulis
1773 2873 1965 2928 orandi
2029 2873 2314 2928 scientiam

747 2969 992 3026 studiose
1019 2981 1082 3020 ac
1111 2967 1255 3021 serio
1295 2965 1726 3035 requirentibus,
1765 2967 2038 3036 quomodo
2070 2968 2316 3022 divinum

746 3059 992 3113 auditum
1023 3056 1318 3110 conciliare
1347 3071 1444 3125 per
1480 3055 1644 3109 verba
1687 3058 1956 3112 orationis
2005 3059 2314 3123 conveniat,

745 3150 989 3218 exponit.
1025 3147 1134 3216 Ego
1182 3162 1311 3201 vero
1358 3155 1573 3216 sumpta
1605 3146 1833 3202 audacia
1873 3149 2127 3219 exiguum
2160 3151 2320 3220 quid-

743 3239 871 3293 dam
907 3236 1158 3305 adjiciam
1189 3236 1278 3296 iis,
1311 3251 1430 3304 qua:
1457 3238 1660 3306 scripta
1695 3247 1844 3303 sunt,
1877 3240 2022 3309 quod
2056 3241 2316 3296 nimirum

746 3343 857 3382 non
884 3326 1158 3396 quomodo
1194 3341 1354 3381 orare
1387 3336 1669 3396 oporteat,
1717 3345 1960 3398 praesens
2013 3345 2318 3390 conventus

745 3415 1025 3471 docendus
1075 3414 1168 3478 sit,
1219 3417 1312 3471 sed
1347 3416 1493 3486 quod
1550 3419 1774 3474 omnino
1813 3429 2061 3490 oporteat
2117 3439 2314 3491 orare;

745 3509 890 3579 quod
931 3509 998 3562 ad
1043 3507 1189 3580 vulgi
1250 3524 1414 3564 aures
1475 3511 1715 3565 nondum
1753 3513 1984 3570 fortasse
2038 3517 2315 3586 pervenit:

746 3599 1055 3668 neglectum
1087 3599 1233 3652 enim
1273 3599 1325 3653 in
1359 3601 1467 3654 vita
1502 3611 1666 3671 atque
1698 3605 2021 3676 aplerisque
2055 3607 2318 3663 omissum

741 3701 964 3742 sacrum
995 3688 1099 3742 hoc
1135 3695 1188 3743 et
1213 3689 1459 3744 divinum
1522 3705 1682 3761 opus,
1721 3694 1895 3750 oratio
1945 3703 2049 3750 est.
2105 3695 2178 3752 De
2216 3698 2319 3753 hoc

746 3777 934 3847 igitur,
967 3777 1112 3846 quod
1153 3785 1402 3847 oporteat
1443 3780 1668 3836 omnino
1706 3783 1936 3838 orationi
1979 3785 2316 3851 incumbere,

748 3873 809 3920 ut
840 3867 1352 3938 inquitApostolus,
1381 3869 1525 3926 haud
1563 3873 1799 3928 alienum
1832 3875 1965 3929 mihi
2014 3892 2138 3933 esse
2169 3877 2319 3933 vide-

745 3966 838 4012 tur
862 3958 927 4022 “,
963 3959 1217 4027 primum,
1251 3968 1513 4029 quantum
1543 3961 1664 4031 ejus
1698 3963 1811 4018 ﬁeri
1827 3964 2043 4035 poterit,
2071 3968 2318 4023 oratione

749 4025 1162 4118 testari—alque
1214 4025 1450 4106 docere:
1499 4025 1696 4108 deinde
1753 4025 1882 4109 vero
1934 4025 2128 4110 divina:
2192 4061 2310 4113 voci
2343 4025 2386 4083 ο

745 4137 967 4192 modum
1002 4138 1162 4194 nobis
1195 4140 1506 4208 exponenti,
1541 4143 1816 4211 quomodo
1859 4144 2090 4201 Domino
2121 4164 2311 4218 preca-

743 4228 947 4283 tionem
975 4227 1170 4284 oﬂ‘erre
1209 4229 1421 4295 deceat,
1463 4246 1683 4300 operam
1717 4233 1866 4290 dare.
1927 4234 2093 4292 Video
2143 4240 2310 4304 enim,

743 4317 889 4386 quod
924 4318 1183 4372 omnibus
1223 4319 1388 4374 rebus
1430 4319 1732 4393 (caeteris)
1768 4323 1820 4377 in
1858 4329 2109 4393 praesenti
2159 4337 2314 4384 aetate

744 4405 919 4475 magis
948 4406 1215 4474 studetur,
1254 4423 1377 4462 cum
1410 4409 1551 4466 alius
1595 4411 1663 4466 ad
1697 4413 1843 4468 aliud
1900 4415 2140 4471 studium
2195 4421 2316 4473 ani-

743 4509 892 4548 mum
926 4499 1306 4566 converterit;
1350 4500 1619 4557 orationis
1675 4520 1804 4560 vero
1841 4506 2078 4574 bonum,
2132 4511 2314 4566 studio

743 4585 848 4639 sibi
879 4585 1130 4643 homines
1157 4604 1266 4643 non
1294 4590 1514 4645 habent.
1550 4592 1914 4663 Negotiationi
1942 4599 2183 4656 diluculo
2225 4603 2313 4657 in-

743 4678 905 4732 stitor
933 4681 1221 4745 incumbit,
1253 4697 1460 4740 merces
1499 4700 1625 4740 snas
1661 4690 1967 4745 ementibus
1995 4701 2121 4748 ante
2151 4703 2312 4751 caete-

745 4781 834 4821 ros
862 4769 1112 4822 eumdem
1142 4778 1409 4839 quzestum
1444 4783 1760 4830 exercentes
1785 4779 2047 4836 exhibere
2084 4792 2314 4839 conten-

743 4855 909 4922 dens,
928 4864 988 4913 ut
1017 4861 1309 4927 prave-mis
1341 4863 1490 4928 aliis,
1517 4863 1882 4924 desiderantis
1910 4885 2092 4926 emere
2120 4888 2314 4929 neces-

744 4947 965 5002 sitatem
1017 4963 1380 5023 preoccupet,
1442 4966 1496 5012 et
1555 4974 1717 5014 suum
1775 4961 1994 5016 vendat.
2051 4963 2314 5021 Similiter

743 5034 909 5088 etiam
937 5045 1170 5105 emptor,
1199 5039 1326 5094 dum
1356 5045 1621 5112 providet,
1650 5062 1718 5103 ne
1758 5048 1828 5103 ab
1854 5049 1962 5104 alio
1997 5060 2307 5120 praeventus

745 5121 950 5178 frustra
980 5127 1220 5195 requirat
1249 5129 1323 5193 id,
1359 5147 1467 5201 quo
1513 5150 1652 5206 opus
1698 5137 1899 5204 habet;
1931 5155 2042 5195 non
2084 5141 2150 5195 ad
2184 5156 2313 5196 ora-

746 5211 932 5278 tionis,
960 5215 1056 5270 sed
1084 5218 1148 5270 ad
1184 5219 1514 5302 venditionis
1568 5227 1772 5294 locum,
1833 5228 2010 5284 forum
2066 5232 2315 5289 videlicet

747 5317 929 5358 rerum
963 5307 1258 5373 venalium,
1291 5315 1486 5368 currit.
1521 5315 1699 5387 Atque
1720 5320 1976 5374 omnibus
2006 5322 2124 5390 pari
2177 5323 2316 5378 lucri

745 5396 1002 5466 cupidine
1030 5400 1227 5469 captis,
1257 5405 1567 5472 proximum
1606 5411 1907 5478 praevenire
1937 5414 2319 5471 contendenti-

747 5485 873 5554 bus,
911 5494 1007 5558 per
1046 5489 1276 5546 aliarum
1313 5509 1496 5551 rerum
1534 5498 1714 5557 studia
1761 5504 2064 5577 subripitur
2105 5513 2320 5580 tempus

820 5643 858 5674 ¹¹
893 5643 1049 5700 Rom.
1082 5662 1180 5715 xtl,
1220 5648 1305 5705 ll.

3052 2692 3275 2746 ΛΟΓΟΣ
3311 2693 3386 2745 A'.

2488 2782 2801 2854 Πῳσευχῆς
2829 2782 2958 2852 ἡμῖν
2986 2781 3340 2836 διδασκαλίαν
3372 2783 3400 2834 ὁ
3440 2780 3564 2845 θεῖος
3587 2773 3859 2850 ὕφηγείτιιλι

2417 2893 2532 2945 γος,
2567 2873 2631 2926 δι’
2662 2868 2728 2944 ἦς
2757 2874 2869 2936 τοῖς
2895 2872 3068 2938 ἀξίοις
3091 2872 3262 2925 αὑτοῦ
3295 2872 3562 2942 μαθηταῖς,
3588 2874 3678 2933 τοῖς
3703 2873 3858 2922 ἔνσπον-

2415 2967 2478 3037 δῇ
2512 2967 2611 3035 τὴν
2661 2964 2859 3033 γνῶσιν
2905 2964 3007 3032 τῆς
3055 2964 3369 3034 προσευχῆς
3417 2961 3736 3032 ἐπιζητοῦσιν,
3771 2961 3856 3019 ὅτιως

2417 3055 2745 3108 οἰκειοῦσθαι
2777 3055 3043 3124 προσήκει
3073 3053 3179 3124 τὴν
3217 3054 3362 3108 θείαν
3390 3055 3561 3124 ἀκοὴν,
3591 3054 3661 3105 διὰ
3698 3051 3772 3103 τῶν
3800 3052 3854 3116 ρη-

2423 3145 2606 3217 μάτων
2639 3145 2737 3214 τῆς
2761 3143 3068 3215 προσευχῆς
3093 3144 3426 3198 ὑποτίθεται.
3464 3143 3592 3211 Ἐγὼ
3612 3143 3657 3195 δὲ
3680 3139 3850 3208 τολμήεις

2422 3235 2616 3307 μικρὸν
2638 3234 3052 3306 ἁντιπροσθείην
3085 3238 3206 3298 τοῖς
3233 3236 3640 3305 γεγραμμένοις·
3673 3234 3732 3286 ὅτι
3761 3231 3797 3281 οὐ
3819 3226 3852 3276 τὸ

2419 3325 2536 3387 πῶς
2575 3324 2656 3376 δεῖ
2699 3323 3097 3392 προσεύχεσθαι
3139 3324 3237 3377 τὸν
3281 3324 3510 3394 παρόντα
3542 3321 3744 3387 σύλλογον
3773 3314 3854 3368 6:66.-

2421 3413 2642 3468 σκεσθαι
2665 3414 2790 3485 χρὴ,
2812 3413 2925 3466 ἀλλ’
2946 3415 3026 3467 ὅτι
3052 3415 3132 3466 δεῖ
3150 3415 3368 3478 πάντως
3394 3413 3729 3485 προσεύχεσθαι
3747 3426 3758 3439 ⁸
3778 3410 3856 3472 ὅπερ

2419 3504 2568 3559 οὔπω
2589 3505 2729 3575 τάχα
2757 3505 2997 3558 δέδεκται
3029 3507 3061 3577 ἡ
3095 3505 3210 3559 τῶν
3236 3505 3439 3558 πολλῶν
3470 3506 3613 3574 ἀκοή.
3667 3499 3857 3569 Ἦμέλῃται

2418 3595 2527 3666 γὰρ
2557 3597 2614 3648 ὲν
2646 3594 2724 3664 τῷ
2756 3595 2854 3665 βίῳ
2899 3597 2994 3648 καὶ
3042 3599 3300 3667 παρεῖται
3331 3599 3437 3660 τοῖς
3481 3596 3664 3656 πολλοῖς
3698 3592 3743 3644 τὸ
3776 3586 3859 3672 ἱερὸν

2417 3685 2576 3739 τοῦτο
2619 3687 2712 3739 καὶ
2745 3686 2923 3739 ἔνθεον
2968 3687 3147 3756 ἔργον,
3201 3689 3234 3759 ἡ
3283 3687 3564 3759 προσευχή.
3608 3683 3716 3753 Περὶ
3745 3677 3858 3731 τούτου

2418 3776 2598 3828 τοίνυν
2622 3776 2766 3829 δοκεῖ
2802 3792 2888 3846 μοι
2914 3775 3092 3839 καλῶς
3124 3775 3296 3846 ἔχειν,
3333 3777 3551 3847 πρῶτον,
3579 3774 3643 3836 ὡς
3662 3771 3748 3824 ἐστι
3771 3768 3866 3819 δυνα-

2417 3867 2531 3938 τὸν)
2562 3866 2705 3937 λόγῳ
2736 3865 3234 3937 διαμαρτύρασθαι,
3263 3867 3322 3920 τὸ
3349 3867 3453 3919 δεῖν
3481 3865 3666 3923 πάντως
3687 3861 3735 3926 τῇ
3759 3867 3867 3923 προσ-

2421 3963 2552 4031 ευχῇ
2579 3962 3024 4031 προσκαρτερεῖν,
3048 3959 3237 4024 καθώς
3259 3976 3418 4030 φησιν
3439 3959 3466 4009 ὁ
3499 3952 3779 4010 mmmam,
3805 3940 3868 3996 εἶθ.

2417 4051 2586 4116 οὕτως
2616 4051 2842 4104 ἀκοῦσαι
2881 4051 2978 4120 τῆς
3013 4049 3164 4113 θείας
3216 4053 3417 4121 φωνῆς,
3460 4050 3547 4118 τῆς
3587 4037 3871 4106 ὑποτιθεμένης

2418 4145 2548 4213 ἡμῖν
2579 4143 2782 4213 τρόπον
2804 4181 2818 4203 ο
2855 4143 3000 4202 ὅπως
3044 4140 3148 4212 χρὴ
3201 4141 3487 4211 προσάγειν
3534 4134 3602 4206 τῷ
3641 4130 3782 4201 Κυρίῳ
3809 4123 3870 4190 τὴν

2417 4234 2621 4304 δέησιν.
2685 4231 2826 4302 Ὀρῶ
2859 4231 2966 4302 γὰρ
2996 4232 3075 4283 ὅτι
3109 4232 3288 4285 πάντα
3323 4231 3510 4302 μᾶλλον
3540 4231 3588 4281 ἐν
3623 4226 3683 4295 τῷ
3717 4219 3870 4289 παρόντι

2421 4319 2802 4384 σπουδάζεται⁹
2831 4320 2950 4390 βίῳ,
3001 4321 3160 4373 ἄλλου
3211 4323 3348 4391 πρὸς
3379 4319 3499 4373 ἄλλο
3537 4335 3581 4370 τι
3611 4317 3664 4384 τῇ
3689 4310 3792 4380 ψυχῇ
3812 4320 3869 4355 τε·

2417 4410 2732 4482 τραμμένου
2755 4423 2768 4437 ⁸
2802 4411 2861 4463 τὸ
2881 4410 2937 4462 δὲ
2967 4411 3064 4480 τῆς
3092 4411 3259 4480 εὐχῆς
3287 4409 3483 4478 ἀγαθὸν
3505 4407 3581 4460 διὰ
3607 4401 3782 4467 σπουδῆς
3795 4395 3868 4451 τηῖςῖ

2419 4503 2725 4574 ἀνθρώποις
2752 4503 2851 4556 οὐκ
2880 4503 3043 4554 ἐστιν.
3108 4501 3449 4572 Ἐπορθρίζει
3475 4501 3582 4561 ταῖς
3619 4482 3868 4574 ἐμπορίαιςό

2420 4597 2683 4667 κάπηλος,
2722 4595 2828 4665 πρὸ
2871 4593 2978 4646 τῶν
3008 4593 3317 4663 ὁμοτέχνων
3358 4593 3446 4644 τὸν
3485 4590 3652 4643 οἰκεῖον
3687 4573 3869 4638 ἐπιδεῖξαι

2417 4691 2529 4751 τοῖς
2549 4687 2874 4756 ὠνουμένοις
2902 4684 3239 4752 φιλονεικῶν,
3271 4678 3345 4747 ὡς
3375 4683 3440 4736 ἂν
3467 4677 3683 4752 προλάϐοι
3705 4669 3770 4725 τοῦ
3793 4667 3870 4718 6:0-

2423 4779 2582 4851 μένου
2612 4779 2707 4849 τὴν
2735 4778 2938 4848 χρείαν,
2970 4775 3290 4846 ὑποφθάσας
3319 4777 3442 4838 τοὺς
3465 4775 3645 4831 ἄλλους,
3669 4765 3738 4818 καὶ
3756 4761 3797 4813 τὸ
3814 4758 3867 4858 01‘-

2419 4875 2563 4926 κεῖον
2587 4871 3040 4941 ἀπεμπολήσειεν.
3083 4868 3356 4930 Ὡσαύτως
3384 4865 3473 4920 καὶ
3502 4865 3527 4916 ὁ
3557 4858 3869 4946 ὠνούμενος

2423 4963 2497 5034 μὴ
2519 4937 2838 5033 διαμαρτεῖν
2859 4937 2952 5013 τοῦ
2981 4959 3116 5031 πρὸς
3141 4960 3240 5030 τὴν
3271 4959 3454 5028 χρείαν
3485 4960 3535 5008 ἐν
3561 4952 3627 5019 τῷ
3650 4937 3867 5034 προλοώῇ

2417 5027 2502 5106 ναι
2532 5027 2657 5122 παρ’
2689 5027 2875 5122 ἐτέρου
2905 5027 3324 5121 πρδτόφθαλμῶν
3368 5047 3514 5117 ἔχων,
3542 5034 3715 5132 odit-Erl
3740 5027 3863 5132 τὺᾼεὺί

2422 5144 2663 5216 κτήριον,
2697 5141 2810 5195 ἀλλ’
2845 5141 2936 5193 ἐπὶ
2963 5140 3024 5192 τὸ
3054 5140 3350 5210 πρατήριον
3387 5136 3571 5207 τρέχει,
3612 5126 3861 5216 Kal-mimi?

2571 5199 2691 5304 ἴσον
2739 5233 2874 5302 πρὸς
2927 5230 2988 5283 τὸ
3032 5199 3860 5312 κέρδος-’ἐχόντωντέπξθυμίΫξν

2423 5303 2624 5396 φθάσαι
2650 5303 2748 5377 τὸν
2775 5322 2941 5384 πέλας
2966 5319 3419 5390 φιλονεικούντων,
3449 5303 3762 5396 ἐξεκλιὶτεηΔ
3784 5304 3856 5396 illi"

2423 5386 2868 5483 σπουδαζομένων
2893 5413 2926 5482 ἡ
3084 5407 3382 5480 προσευχῆς
3407 5403 3517 5474 ὥρα
3553 5399 3622 5460 εἰς
3745 5386 3856 5483 ww:

2423 5464 2967 5579 ῥέξν”ζιξὲέιτεθεῖσὲι.
3014 5464 3657 5566 δῦτωςοῧχειροίιέχνης·
3690 5464 3854 5531 οὕτωςδ

2347 2697 2398 2760 Β
