3996 6196
89 276 215 332 liii

1058 275 1146 330 DE
1184 273 1536 333 ORATIONE
1572 276 1922 336 DOMINICA.
1962 312 2032 324 —
2069 279 2329 337 ORATIO
2355 280 2393 335 1.

3214 278 3354 335 “2‘2

83 391 212 460 περὶ
262 385 452 456 λόγους
501 386 872 460 ἠσχολημένος
908 404 922 420 ·
973 389 1146 454 οὕτως
1194 391 1224 444 6
1270 373 1624 463 δικαζόμεθος
1651 407 1666 422 ⁹

1773 393 2041 450 orationis
2070 393 2137 449 ad
2168 394 2589 466 negotiationem
2620 393 2972 450 translatum.
3017 391 3095 449 lta
3153 393 3352 449 artifex

0 477 11 564 ζ’
81 477 262 543 οὕτως
286 479 315 532 6
347 478 587 543 δικάζειν
616 478 824 550 λαχὼν,
873 483 1000 552 περὶ
1028 482 1099 536 τά
1140 485 1198 538 ὲν
1230 487 1418 557 χερσὶν
1443 484 1672 547 ἕκαστος

79 573 201 635 ὅλος
220 574 290 642 τῇ
314 571 516 642 σπουδῇ
548 571 747 643 ῥέπων,
769 572 1090 643 ὲκλέλησται
1111 576 1210 647 τῆς
1231 577 1371 631 κατά
1390 577 1489 648 τὴν
1507 574 1671 647 εὐχὴν

80 665 374 734 ἐργασίας.
419 663 622 735 ζημίαν
649 665 852 736 κρίνων
881 666 1020 736 πρὸς
1055 667 1117 720 τὸ
1157 670 1514 740 προκείμενον
1543 670 1670 722 ἑαυ-

77 756 316 827 τῷ,“τὴν
348 757 475 828 περὶ
514 756 606 808 τὸν
648 756 782 810 Θεὸν
824 757 1106 828 ἀσχολίαν.
1149 760 1332 814 Οἴεται
1370 760 1478 831 γὰρ
1510 763 1538 815 6
1573 761 1671 833 μὲν

79 849 178 917 τὴν
229 848 424 919 τέχνην
470 847 692 918 μετιὼν,
746 849 914 920 ἀργόν
943 867 993 902 τι
1024 850 1217 921 χρῆμα
1251 852 1346 906 καὶ
1393 852 1671 924 ἄπρακτον

83 937 248 1002 εἶναι,
278 939 377 1009 τὴν
423 938 571 991 θείαν
620 939 759 1010 πρὸς
797 939 858 992 τὸ
904 940 1262 1010 προκείμενον
1315 941 1668 1012 συμμαχίανο

85 1033 160 1085 διὸ
196 1033 513 1086 καταλιπὼν
539 1032 637 1104 τὴν
669 1032 853 1104 εὐχὴν,
889 1035 946 1086 ἐν
971 1037 1093 1098 ταῖς
1126 1035 1283 1106 χερσὶ
1308 1034 1407 1098 τὰς
1451 1036 1672 1101 ἐλπίδας

86 1124 334 1190 τίθεται,
390 1123 721 1195 ἀμνημονῶν
784 1124 877 1178 τοῦ
950 1125 1243 1190 δεδωκότος
1313 1128 1410 1190 τὰς
1459 1131 1667 1200 χεῖρας.

97 1213 374 1277 Ὡσαύτως
415 1216 510 1267 καὶ
554 1217 582 1268 6
629 1215 722 1268 τὸν
751 1214 908 1284 λόγον
938 1215 1004 1268 δι’
1030 1217 1346 1288 ἐπιμελείας
1393 1217 1672 1290 κωτορθῶν

86 1304 286 1374 ἐαυτῷ.
317 1304 380 1356 οὐ
411 1303 690 1373 λογίζεται
721 1305 812 1357 τὸν
845 1305 1118 1358 δεδωκότα
1165 1305 1256 1358 τὸν
1301 1306 1459 1374 λόγον
1495 1321 1508 1335 ’
1556 1305 1670 1359 ἀλλ’

83 1395 155 1458 ὡς
184 1397 384 1450 ἑαυτὸν
430 1398 510 1460 είς
553 1397 651 1467 τὴν
679 1396 839 1465 φύσιν
868 1397 1073 1470 ταύτην
1106 1398 1465 1468 παραγαγὼν,
1499 1397 1672 1461 οὕτως

85 1488 264 1558 ἑαυτῷ
315 1489 412 1541 καὶ
449 1490 568 1550 ταῖς
609 1487 719 1540 τῶν
754 1486 1011 1558 μαθητῶν
1040 1488 1362 1559 προσανέχει
1394 1486 1668 1551 σπουδαῖς,

82 1579 233 1631 οὐδὲν
265 1578 440 1647 αὐτῆς
461 1577 554 1629 τοῦ
583 1576 718 1630 Θεοῦ
743 1577 1026 1648 ἐνεργείας
1050 1576 1198 1648 αὐτῷ
1221 1576 1545 1649 γενήσεσθαι
1564 1576 1672 1631 τῶν

82 1668 306 1737 ἀγαθῶν
335 1669 591 1739 νομίζων,
623 1670 1019 1740 προτιμοτέραν
1048 1672 1280 1724 ποιεῖται
1312 1671 1409 1741 τῆς
1439 1686 1671 1742 προσευ-

83 1762 177 1830 χῆς
212 1760 317 1830 τὴν
349 1761 607 1832 σπουδὴν,
649 1760 740 1813 τὸν
768 1761 926 1814 αὑτὸν
958 1760 1157 1832 τρόπον
1183 1760 1273 1813 καλ⁹
1285 1759 1353 1813 τὰ
1371 1759 1533 1814 λοιπὰ
1564 1761 1670 1813 τῶν

83 1852 537 1923 ἐπιτηδευμάτων
567 1853 823 1924 ἐκκρούει
861 1851 957 1924 τὴν
987 1853 1113 1923 περὶ
1145 1852 1214 1906 τὰ
1252 1852 1421 1922 μείζω
1451 1852 1546 1906 καὶ
1578 1852 1671 1904 οὒ-

87 1945 243 2014 ράνια
271 1944 378 2014 τῆς
405 1945 583 2016 ψυχῆς
614 1943 892 2015 ἀσχολίαν,
922 1947 988 2014 τῇ
1008 1942 1116 1996 τῶν
1144 1941 1470 2014 σωματικῶν
1499 1959 1556 1996 τε
1579 1942 1672 1995 καὶ

86 2038 286 2106 γηΐνων
320 2036 583 2106 φροντίδι.
632 2035 733 2088 Διά
773 2034 934 2088 τοῦτο
979 2034 1144 2108 πολλὴ
1179 2035 1318 2088 κατά
1349 2034 1439 2088 τὸν
1483 2033 1595 2105 βίον
1636 2036 1669 2106 ἡ

88 2128 350 2200 ἁμαρτία,
383 2128 472 2181 ἀεὶ
498 2131 618 2190 ταῖς
645 2126 981 2198 προσθήκαις
1011 2127 1102 2179 ἐπὶ
1123 2127 1182 2179 :6
1207 2123 1391 2197 μεῖζον
1411 2125 1668 2192 αὔξουσα,

91 2220 286 2282 πάσαις
328 2223 452 2283 ταῖς
502 2218 872 2290 ἀνθρωπίναις
918 2219 1174 2282 σπουδαῖς
1218 2217 1668 2288 ἐμπεπλεγμένη,

85 2311 212 2363 διότι
247 2311 388 2381 λήθη
423 2310 515 2364 τοῦ
542 2311 674 2364 Θεοῦ
710 2313 1046 2382 κατακρατεῖ
1068 2310 1175 2363 τῶν
1213 2311 1448 2374 πάντων,
1485 2311 1579 2363 καὶ
1611 2310 1671 2363 :6

82 2403 180 2471 τῆς
213 2403 386 2476 εὐχῆς
431 2403 634 2471 ἀγαθὸν
663 2406 774 2476 τοῖς
804 2402 1111 2474 ἀνθρώποις
1143 2402 1251 2455 τῶν
1300 2401 1668 2472 σπουδαζομέ-

83 2511 185 2546 νων
223 2494 288 2547 οὐ
343 2493 763 2562 συνεφάπτεται·
796 2496 861 2564 τῇ
903 2493 1143 2564 ἐμπορία
1186 2493 1591 2565 συνεισέρχεται
1635 2495 1669 2564 ἡ

85 2584 389 2650 πλεονεξία.
435 2584 721 2650 Πλεονεξία
753 2585 809 2638 δέ
841 2587 988 2638 ἔστιν
1019 2584 1452 2656 εἰδωλολατρεία.
1485 2584 1671 2648 Οὕτως

85 2677 111 2727 6
132 2676 382 2744 γεωργὸς
411 2675 472 2727 οὐ
499 2678 619 2739 ταῖς
641 2675 971 2744 ἀναγκαίαις
996 2675 1208 2746 χρείαις
1239 2678 1544 2746 συμμετρεῖ
1573 2675 1669 2747 τὴν

83 2769 393 2836 γεωπονίαν
416 2783 430 2798 ·
488 2767 603 2820 ἀλλ’
656 2767 742 2820 ἀεὶ
787 2767 924 2839 πρὸς
968 2768 1037 2821 τὰ
1087 2766 1254 2820 πλείω
1302 2766 1391 2836 τὴν
1434 2766 1671 2837 σπουδὴν

89 2861 442 2924 ἐπεκτείνων,
475 2859 675 2932 πολλὴν
703 2861 884 2914 δίδωσι
906 2862 971 2932 τῇ
997 2859 1242 2930 ἁμαρτίᾳ
1269 2858 1362 2911 τοῦ
1391 2857 1670 2927 ἐπιτηδεύ-

92 2971 255 3023 ματος
283 2952 507 3019 εἴσοδον,
529 2955 642 3014 τοῖς
661 2952 961 3023 ἀλλοτρίοις
992 2949 1480 3020 ὲκπλατυνόμενος.
1505 2947 1669 3001 Ὅθεν

86 3048 138 3097 αί
167 3044 596 3115 δυώεράπευτοι
642 3043 866 3113 φύονται
902 3043 1242 3113 φιλονεικίαι,
1279 3041 1408 3111 περ)⁸
1433 3039 1542 3092 τῶν
1571 3039 1668 3110 τῆς
1696 3071 1740 3131 C

82 3137 186 3205 γῆς
238 3138 383 3206 ὅρων
425 3136 890 3207 ἀντεγειρομένων
923 3135 1204 3207 ἀλλήλοις,
1250 3133 1360 3186 τῶν
1409 3136 1477 3204 τῇ
1507 3132 1669 3203 ὁμοία

83 3229 226 3298 νόσῳ
279 3229 376 3300 τῆς
418 3228 732 3295 πλεονεξίας
781 3227 1232 3300 κεκρατημένων.
1296 3223 1575 3279 Ἐντεῦθεν
1620 3222 1670 3275 οἱ

84 3319 270 3388 θυμοὶ,
304 3319 398 3373 καί
422 3321 477 3372 αἱ
510 3319 647 3391 πρὸς
673 3319 734 3372 :6
762 3319 930 3372 κακὸν
965 3319 1154 3390 ὁρμαὶ,
1187 3319 1281 3371 καὶ
1314 3317 1369 3370 αἱ
1399 3315 1670 3386 καταλλή-

84 3410 192 3462 ὶων
226 3410 624 3480 ἐπιχειρήσεις,
668 3410 860 3478 αἵματι
889 3409 982 3461 καὶ
1017 3408 1162 3477 φόνῳ
1210 3406 1469 3469 πολλάκις
1515 3403 1672 3458 καθί-

84 3517 337 3555 στανται.
387 3500 655 3565 Ὡσαύτως
701 3503 757 3554 αί
792 3501 920 3573 περὶ
958 3501 1027 3554 τὰ
1058 3499 1384 3570 δικαστήρια
1423 3496 1669 3560 σπουδαὶ,

83 3594 204 3655 ταῖς
231 3592 594 3663 πολυτρόποις
621 3592 917 3666 ἁμαρτίαις
951 3589 1304 3662 ὑπηρετοῦσι,
1340 3587 1535 3660 μυρίας
1572 3587 1673 3657 τῆς

85 3681 306 3746 ἀδικίας
335 3683 664 3754 συνηγορίας
690 3683 1062 3755 εὑρίσκουσαι.
1111 3682 1168 3735 '0
1196 3680 1508 3752 δικαστὴςῆ
1533 3680 1673 3734 ἑκὼν

86 3775 224 3844 πρὸς
259 3773 320 3826 :6
365 3773 560 3846 λῆμμα
587 3773 679 3827 τὸν
720 3773 813 3827 τοῦ
855 3773 1062 3826 δικαίου
1094 3772 1259 3841 ζυγὸν
1293 3773 1602 3837 ἀπέκλινεν,
1635 3771 1668 3844 ἢ

89 3863 359 3927 ἀκουσίως
381 3867 449 3935 τῇ
473 3865 765 3936 περιεργία
794 3864 900 3919 τῶν
929 3863 1024 3934 τὴν
1050 3863 1308 3932 ἀλήθειαν
1337 3859 1673 3934 συγχεόντων

93 3955 533 4026 παρακρουσθεὶς
569 3955 668 4027 τὴν
706 3956 921 4010 ἀδικίαν
951 3955 1245 4027 ἐκύρωσεν.
1277 3956 1386 4009 Καὶ
1420 3956 1474 4008 τί
1503 3956 1567 4009 ἄν
1592 3974 1673 4018 τις

86 4046 154 4097 τὰ
179 4045 305 4098 καθ’
328 4046 560 4098 ἕκαστον
583 4045 754 4114 λέγοι,
787 4045 853 4099 δι’
881 4042 954 4099 ὧν
985 4048 1018 4116 ἡ
1062 4045 1305 4118 ἁμαρτία
1340 4045 1674 4117 πολυσχιδῶς

85 4135 185 4189 καὶ
221 4134 578 4206 πολυτρόπως
610 4138 678 4206 τῇ
711 4134 1027 4209 ἀνθρωπίνῃ
1071 4135 1183 4207 ζωῇ
1230 4136 1672 4208 καταμίγνυται;

87 4216 196 4285 Ἦς
227 4223 404 4276 αἴτιον
425 4223 575 4277 οὐδὲν
609 4223 696 4276 ἓτε
707 4225 796 4295 ρόν
819 4226 988 4289 ἐστιν,
1016 4225 1050 4297 ἢ
1080 4226 1140 4278 τὸ
1171 4226 1246 4297 μὴ
1274 4243 1336 4278 συ
1345 4227 1675 4299 μπαραλαμ-

85 4313 349 4367 ϐάνεσθαι
393 4314 544 4386 παρὰ
579 4315 690 4368 τῶν
729 4315 1032 4388 ἀνθρώπων
1085 4317 1183 4387 τὴν
1217 4317 1311 4370 τοῦ
1358 4317 1491 4372 Θεοῦ
1532 4337 1675 4391 συμυ

85 4405 325 4464 πάθειαν
355 4406 491 4477 πρὸς
519 4406 596 4467 ,τὰ
623 4407 680 4459 ἐν
705 4408 860 4480 χερσὶ⁸
888 4407 1317 4479 σπουδαζόμενα.

1771 489 1825 537 ει
1847 485 2154 553 operarius,
2219 486 2293 540 ita
2335 485 2428 557 qui
2496 486 2717 542 dicendi
2767 486 3013 543 studium
3069 493 3349 550 sectatur,

1770 567 2082 640 litterisque
2136 587 2202 628 ac
2253 573 2563 644 disciplinis
2611 575 2931 630 liberalibus
2965 589 3187 645 operam
3221 575 3351 639 dat,

1775 662 1853 718 ita
1876 664 2117 733 litigator
2143 684 2157 720 :
2187 669 2261 722 ita
2290 670 2378 724 cui
2401 669 2686 740 judicandi
2709 684 2910 724 munus
2932 669 3173 734 obvenit,
3201 669 3354 737 quis‘

1771 770 1877 826 que
1914 757 1970 812 in
2016 757 2091 821 id,
2119 760 2264 829 quod
2309 763 2365 816 in
2417 763 2672 818 manibus
2725 762 2912 829 habet,
2969 761 3153 816 studio
3199 769 3353 816 totus

1771 846 2097 904 incumbens
2145 852 2495 907 obliviscitur
2523 869 2746 924 operam
2782 853 2914 909 dare
2965 851 3223 918 orationi,
3255 851 3357 906 da-

1770 951 2025 992 mnosum
2061 940 2130 994 ad
2160 957 2272 995 rem
2306 945 2640 1014 propositam
2679 944 2783 1000 sibi
2838 943 3067 1008 ducens,
3102 943 3148 998 si
3205 945 3354 998 circa

1769 1025 1941 1083 Deum
1974 1040 2282 1102 occupatus
2315 1034 2406 1087 sit.
2431 1033 2566 1088 Nam
2608 1036 2701 1106 qui
2737 1045 2912 1091 artem
2949 1035 3168 1107 quidem
3195 1049 3355 1090 exer-

1770 1128 1878 1186 cet,
1912 1121 2160 1177 inutilem
2195 1126 2491 1194 quamdam
2523 1135 2576 1182 et
2603 1126 2934 1182 inefﬁcacem
2975 1143 3090 1183 rem
3131 1126 3199 1181 ad
3226 1141 3354 1197 pro-

1770 1213 2009 1282 positum
2039 1228 2203 1283 opus,
2225 1215 2472 1270 divinum
2495 1218 2761 1272 auxilium
2789 1233 2910 1273 esse
2932 1227 3116 1288 putat;
3143 1218 3352 1272 idcirco

1769 1306 1976 1360 omissa
2011 1309 2280 1372 oratione,
2323 1307 2380 1362 in
2430 1309 2686 1364 manibus
2717 1325 2867 1379 spem
2923 1311 3096 1379 ponit,
3146 1309 3354 1363 oblitus

1771 1396 1988 1450 interim
2031 1397 2172 1466 ejus,
2208 1399 2299 1468 qui
2328 1415 2524 1454 manus
2553 1400 2722 1455 dedit.
2747 1399 3011 1456 Similiter
3045 1401 3206 1454 etiam
3239 1400 3348 1464 ille,

1773 1488 1865 1557 qui
1929 1488 2176 1542 adhibita
2218 1504 2373 1555 cura,
2419 1492 2720 1546 orationem
2757 1493 2972 1563 egregie
3025 1494 3302 1561 componit
3333 1531 3349 1554 ,

1706 1631 1712 1638 ,
1770 1593 1880 1633 non
1913 1580 2121 1649 cogitat
2153 1580 2219 1635 de
2270 1596 2355 1648 eo,
2381 1583 2472 1652 qui
2504 1583 2606 1638 sibi
2661 1584 2964 1638 orationem
3008 1583 3196 1637 dedit:
3253 1583 3351 1639 sed

1769 1670 1931 1740 quasi
1959 1672 2198 1740 seipsum
2251 1673 2307 1726 in
2365 1673 2507 1727 hanc
2562 1684 2812 1728 naturam
2878 1674 3215 1744 produxerit,
3274 1675 3350 1728 ita

1703 1745 1744 1799 Β
1775 1763 1888 1817 suis
1914 1777 2250 1832 suorumque
2281 1763 2679 1834 discipulorum
2710 1765 2907 1819 studiis
2958 1766 3201 1821 intentus
3240 1773 3347 1828 est,

1773 1868 1836 1906 ac
1873 1853 2009 1907 nihil
2039 1853 2142 1909 sibi
2184 1855 2254 1909 ab
2288 1855 2492 1910 auxilio
2529 1857 2620 1910 Dei
2656 1857 2925 1910 bonorum
2984 1859 3351 1912 obventurqu

1772 1958 1896 1999 esse
1928 1944 2272 2009 existimans,
2301 1945 2540 2001 studium
2564 1948 2812 2002 oratione
2839 1948 3200 2018 praestabilius
3227 1962 3351 2003 esse

1773 2038 1944 2093 ducit.
1980 2038 2060 2092 Ad
2097 2039 2348 2093 eumdem
2386 2039 2608 2094 modum
2665 2040 2830 2094 etiam
2879 2041 3084 2110 reliqua
3142 2041 3350 2106 studia,

1772 2127 1971 2192 oiiicia,
2019 2135 2186 2198 atque
2219 2130 2479 2184 exercitia
2525 2129 2669 2194 vitae,
2700 2145 2832 2184 cura
2863 2131 3235 2200 corporalium
3286 2145 3352 2184 ac

1775 2228 2118 2275 terrenarum
2152 2235 2360 2287 rerum,
2408 2221 2825 2290 occupationem
2857 2221 3023 2275 animi
3075 2222 3222 2277 circa
3263 2237 3353 2277 res

1773 2311 2009 2380 majores
2067 2319 2234 2382 atque
2279 2313 2536 2367 caelestes
2584 2321 2888 2367 excernunt
2949 2320 3002 2367 et
3052 2314 3351 2382 expellunt.

1771 2400 1982 2456 Idcirco
2023 2400 2266 2455 abundat
2321 2401 2378 2454 in
2433 2400 2543 2454 vita
2601 2407 2892 2471 peccatum
2947 2401 3356 2470 adjectionibus

1772 2506 1986 2561 semper
2019 2491 2074 2545 in
2123 2491 2300 2560 majus
2334 2506 2660 2560 augescens,
2717 2499 2770 2546 ει
2802 2492 3058 2547 omnibus
3094 2493 3353 2549 humanis

1771 2583 1970 2639 studiis
2033 2583 2408 2652 implicatum,
2473 2583 2730 2651 quoniam
2784 2583 2988 2637 oblivio
3041 2583 3136 2637 Dei
3205 2592 3356 2640 tenet

1770 2689 1981 2739 omnes,
2015 2681 2068 2728 et
2091 2673 2362 2730 orationis
2391 2673 2594 2727 bonum
2636 2675 2803 2730 rebus
2845 2674 3006 2729 seriis
3051 2674 3121 2729 ab
3174 2674 3354 2729 homi-

1760 2768 1938 2821 .nibus
1971 2781 2082 2820 non
2118 2766 2284 2822 simul
2310 2766 2623 2823 adhibetur.
2654 2764 2773 2820 Una
2821 2781 2946 2820 cum
2983 2765 3357 2834 negotiatione

1770 2856 2074 2928 ingreditur
2131 2855 2380 2910 avaritia.
2428 2853 2670 2908 Avaritia
2726 2869 2856 2909 vero
2913 2853 3348 2906 simulacrorum

1770 2947 1954 3004 cultus
1987 2953 2073 3002 est
2096 2946 2187 3000 ¹¹⁶.
2233 2946 2310 2999 lta
2343 2946 2580 3017 agricola
2606 2943 2996 3016 agriculturam
3029 2942 3356 2998 necessariis

1773 3042 1966 3098 usibus
1993 3053 2103 3093 non
2137 3039 2384 3099 metitur.
2417 3036 2514 3093 sed
2545 3037 2613 3092 ad
2655 3036 2814 3106 plura
2846 3034 3088 3091 studium
3141 3049 3357 3104 semper

1773 3129 2091 3193 intendens,
2141 3127 2274 3184 dum
2330 3126 2525 3181 alienis
2575 3125 2778 3181 ﬁnibus
2841 3123 3176 3195 usurpandis
3223 3139 3357 3179 suos

1773 3235 1936 3292 agros
1967 3221 2136 3276 latius
2165 3219 2395 3290 profert,
2445 3229 2704 3288 magnum
2748 3217 2956 3271 aditum
2993 3223 3218 3287 peccato
3257 3215 3358 3269 ad-

1772 3327 1967 3369 versus
1996 3310 2130 3366 illud
2165 3309 2405 3366 studium
2441 3317 2604 3380 atque
2637 3309 2952 3364 institutum
2993 3308 3116 3362 vitae
3147 3305 3361 3377 patefa-

1774 3407 1870 3462 cit.
1907 3403 2062 3460 Undc
2095 3405 2286 3460 sedatu
2327 3411 2492 3473 atque
2520 3402 2828 3472 compositu
2861 3400 3114 3458 difﬁciles
3168 3401 3362 3456 oriun-

1773 3503 1864 3550 tur
1889 3494 2274 3550 contentiones
2305 3502 2360 3548 et
2393 3494 2551 3557 lites,
2583 3493 2652 3548 de
2685 3492 2885 3548 ﬁnibus
2921 3508 3177 3562 agrorum
3217 3493 3363 3548 inter

1774 3603 1895 3645 sese
1922 3598 2140 3642 mutuas
2167 3583 2578 3640 controversias
2631 3584 3010 3640 excitantibus
3040 3586 3128 3650 iis,
3160 3585 3252 3654 qui
3284 3586 3363 3640 si-

1777 3677 1892 3732 mili
1917 3676 2163 3732 avaritiaa
2193 3675 2384 3730 morbo
2417 3678 2694 3729 tenentur.
2719 3660 3006 3738 ilinc'iraa,
3033 3673 3161 3727 hinc
3189 3674 3362 3743 impe—

1776 3776 1866 3824 tus
1902 3767 1969 3822 ad
2002 3765 2206 3820 malum
2235 3805 2250 3831 ,
2297 3764 2426 3819 hinc
2457 3763 2686 3818 aliorum
2720 3763 2986 3818 adversus
3035 3762 3172 3816 alios
3201 3775 3362 3816 conti-

1777 3872 1867 3917 tus
1915 3874 1945 3913 a
1977 3857 2246 3927 sanguine
2283 3864 2336 3912 et
2369 3856 2515 3911 caede
2577 3869 2952 3926 saepenumero
2999 3854 3213 3910 initium
3261 3869 3360 3910 su-

1776 3959 1954 4007 munt.
2010 3949 2279 4004 Similiter
2327 3963 2507 4018 operae
2539 3947 2862 4018 iudiciariae,
2923 3947 3051 4002 dum
3101 3954 3362 4003 sexcenta

1777 4051 1943 4114 atque
1999 4040 2213 4094 infinita
2269 4037 2579 4110 iniquitatis
2637 4047 2692 4094 et
2727 4037 3016 4109 iniustitia:
3051 4037 3362 4108 patrocinia

1776 4123 2132 4204 excogitant,
2192 4131 2365 4186 variis
2431 4129 2672 4200 peccatis
2750 4129 3125 4185 subserviunt.
3183 4126 3362 4184 Iudex

1780 4237 1874 4284 aut
1910 4243 2010 4283 sua
2045 4232 2241 4296 sponte
2280 4224 2349 4278 ad
2376 4233 2644 4293 quaestum
2681 4221 2907 4292 justitia:
2943 4221 3136 4277 libram
3175 4221 3360 4276 detor-

1786 4329 1939 4392 quet,
1973 4325 2068 4372 aut
2095 4326 2288 4372 contra
2331 4316 2666 4372 voluntatem
2722 4314 2889 4368 nimia
2946 4313 3250 4370 subtilitate
3296 4327 3363 4366 ac

1708 4407 1757 4466 D
1789 4410 2074 4479 diligentia
2099 4422 2438 4480 supervacua
2467 4405 2751 4461 veritatem
2777 4403 3231 4459 confundentium
3266 4402 3375 4458 (ιε--

81 4504 307 4564 ceptus,
351 4495 499 4564 quod
545 4494 814 4563 injustum
845 4503 899 4550 et
965 4495 1352 4566 iniquumest,
1397 4497 1667 4564 decernit,
1709 4500 2038 4571 comprobat
2065 4507 2232 4568 atque
2270 4498 2580 4551 contirmat.
2615 4493 2681 4550 Et
2745 4494 2874 4566 quid
2917 4496 3108 4550 attinet
3171 4494 3364 4566 singu-

83 4588 243 4640 latim
263 4600 560 4656 esponere,
597 4586 798 4656 quibus
828 4585 991 4642 rebus
1025 4587 1420 4657 multipliciter,
1481 4591 1780 4661 multisque
1845 4588 2026 4645 modis
2089 4595 2374 4658 peccatum
2457 4585 2710 4640 humana:
2754 4588 2878 4640 vitae
2931 4583 3366 4640 commiscetur?

78 4679 252 4746 cujus
288 4677 498 4747 peccati
546 4677 695 4730 nulla
739 4677 844 4730 alia
897 4692 1063 4730 causa
1096 4686 1202 4741 est,
1238 4693 1401 4747 quam
1439 4679 1586 4749 quod
1618 4680 1687 4736 ad
1727 4696 1814 4747 ea,
1850 4695 1972 4752 qua:
2008 4680 2064 4734 in
2107 4677 2361 4734 manibus
2427 4676 2651 4742 habent,
2699 4687 2753 4733 et
2829 4675 3076 4758 studiose
3127 4683 3365 4732 tractant

0 4829 2 4848 ί
79 4771 336 4840 negotia,
370 4769 615 4822 divinum
638 4769 801 4823 etiam
831 4769 1096 4823 auxilium
1129 4769 1380 4825 homines
1431 4786 1538 4826 non
1594 4773 1758 4828 simul
1789 4772 2050 4828 adhibent
2077 4777 2132 4826 et
2161 4776 2472 4826 assumunt.

170 4864 308 4916 Ἐὰν
335 4860 470 4932 εὐχὴ
503 4862 603 4932 τῆς
649 4863 891 4932 σπουδῆς
930 4865 1341 4935 προηγήσηται,
1373 4866 1406 4936 ἡ
1434 4866 1682 4938 ἁμαρτία

77 4955 334 5028 πάροδον
365 4953 506 5009 κατά
542 4957 642 5026 τῆς
680 4955 858 5026 ψυχῆς
891 4957 989 5027 οὐχ
1017 4957 1258 5028 εὑρήσει.
1297 4957 1410 5028 Τῆς
1441 4958 1548 5030 γὰρ
1585 4959 1711 5013 τοῦ·

76 5045 229 5100 Θεοῦ
258 5047 483 5118 μνήμης
513 5048 570 5100 ἐν
603 5050 668 5118 τῇ
711 5048 907 5119 καρδία
937 5047 1367 5120 καθιδρυμένης,
1410 5049 1681 5120 ἄπρακτοι

79 5139 358 5206 μένουσιν
384 5139 438 5190 αἱ
461 5137 554 5191 τοῦ
580 5139 952 5208 ἀντικειμένου
978 5139 1210 5194 ὲπίνοιαι
1237 5157 1249 5172 ·
1287 5140 1563 5212 πανταχοῦ
1584 5142 1682 5212 τῆς

73 5228 448 5300 δικαιοσύνης
481 5231 538 5283 ὲν
568 5232 679 5294 τοῖς
706 5230 1240 5302 ἀμφισϐητουμένοις
1272 5231 1681 5303 μεσιτιυούσης.

85 5323 333 5393 ἐπέχει
367 5324 459 5376 καὶ
486 5323 576 5377 τὸν
609 5323 850 5395 γεωργὸν
885 5324 985 5396 τῆς
1025 5325 1299 5396 ἁμαρτίας
1325 5326 1358 5398 ἡ
1385 5326 1682 5398 προσευχὴν

67 5419 140 5470 ἑν
189 5414 368 5484 ὀλίγῳ
416 5414 517 5486 τῆς
561 5415 664 5487 γῆς
709 5416 834 5481 τοὺς
868 5416 1110 5488 καρποὺς
1162 5416 1558 5483 πλεονάζουσα,
1605 5416 1681 5482 ὠς

0 5561 2 5572 ,
64 5507 299 5579 μηκέτι
353 5507 420 5576 τῇ
461 5506 556 5560 τοῦ
606 5506 847 5574 πλείονος
897 5507 1162 5580 ἐπιθυμίᾳ
1211 5509 1536 5564 συνεισιέναι
1579 5507 1677 5579 τὴν

157 5669 236 5703 ⁸⁸·
265 5666 489 5726 Coloss.
516 5685 608 5735 tu,
638 5672 692 5727 5.

1858 4866 2015 4934 Quod
2044 4865 2090 4922 si
2119 4865 2297 4920 oratio
2338 4865 2615 4936 negotium
2673 4865 3041 4936 pra’cesserit.
3079 4873 3368 4934 peccatum

1785 4958 2052 5015 adversus
2102 4958 2342 5012 animam
2383 4956 2594 5011 aditum
2623 4973 2732 5012 non
2791 4957 3055 5013 inveniet.
3088 4955 3184 5012 Dei
3216 4956 3368 5012 enim

1786 5050 2049 5105 memoria
2076 5050 2132 5103 in
2177 5048 2345 5104 corde
2377 5047 2481 5102 tlxa
2517 5057 2683 5120 atque
2727 5047 2978 5115 fundata,
3030 5049 3188 5104 irrita
3233 5063 3368 5104 con-

1786 5141 1908 5196 silia
1936 5139 2238 5197 adversarii
2276 5149 2522 5208 manent,
2549 5141 2767 5212 justitia
2808 5157 2930 5198 sese
2963 5141 3196 5198 mediam
3241 5142 3369 5198 ubi-

1786 5248 1894 5303 que
1958 5232 2350 5288 controversiis
2413 5232 2846 5304 iuterponente;
2910 5233 3166 5304 prohibet
3237 5233 3366 5288 item

1789 5325 2083 5397 agricolam
2114 5339 2141 5378 a
2173 5332 2400 5395 peccato
2443 5325 2642 5392 oratio,
2708 5326 2764 5381 in
2809 5325 3008 5396 exiguo
3028 5325 3144 5396 agri
3203 5324 3369 5380 modo

1789 5415 2005 5472 fructus
2040 5415 2436 5487 multiplicans,
2474 5431 2544 5472 ne
2565 5424 2757 5487 postea
2793 5415 3028 5484 amplius
3081 5427 3190 5468 una
3236 5427 3362 5468 cum

1792 5508 1915 5580 plus
1950 5505 2185 5564 habendi
2223 5507 2519 5577 cupiditate
2557 5515 2838 5577 peccatum
2891 5505 3245 5578 ingrediatur.
3286 5503 3364 5558 lta
