3996 6196
737 225 875 281 “23

731 338 932 401 viator,
967 335 1040 388 ita
1074 336 1168 405 qui
1202 337 1603 408 expeditionem
1638 339 1719 394 vel
1751 338 1968 407 nuptias
1991 348 2144 409 parat
2175 358 2187 392 :
2221 341 2294 392 ita

731 408 1045 497 quicunque
1073 428 1314 483 animum
1361 429 1429 482 ad
1477 430 1696 500 aliquod
1746 408 2023 500 negotium
2072 430 2295 498 adjecit,

731 514 777 568 si
836 529 959 566 cum
1014 515 1263 570 oratione
1303 518 1582 586 quodlibet
1636 525 1779 587 agat,
1828 532 2088 588 prospero
2134 526 2298 588 atque

731 600 871 655 felici
905 617 1164 657 successu
1197 606 1535 674 negotiorum
1576 622 1604 658 a
1658 606 1934 675 peccando
1963 606 2292 672 abducetur,

727 692 880 746 nullo
909 692 1223 748 adversario
1257 696 1492 749 animam
1539 697 1605 750 ad
1663 697 1853 750 vitium
1891 697 2160 752 trahente.
2199 697 2294 753 Sin

728 788 910 834 autem
950 782 1140 835 relicto
1171 780 1308 846 Deo,
1357 785 1574 854 negotio
1609 792 1753 838 totus
1812 785 2054 841 intentus
2109 786 2292 854 fuerit,

725 871 952 924 omnino
983 887 1208 926 necesse
1231 881 1334 936 est,
1375 880 1490 928 uta
1526 873 1636 928 Deo
1669 882 1913 929 remotus
1941 891 2066 930 cum
2096 877 2293 930 adver-

726 962 875 1016 sario
904 978 1132 1031 prorsus
1162 976 1427 1020 versetur.
1471 965 1695 1022 Recedit
1745 974 1923 1020 autem
1951 982 1982 1020 a
2039 967 2170 1034 Deo,
2200 967 2292 1036 qui

725 1072 825 1126 per
854 1059 1156 1113 orationem
1197 1073 1318 1115 sese
1366 1060 1477 1115 Deo
1505 1077 1613 1114 non
1647 1061 1952 1129 conjungit.
1990 1061 2130 1131 Ergo
2188 1062 2292 1115 hoc

725 1147 880 1217 prius
897 1150 1156 1205 oratione
1178 1151 1409 1205 docendi
1436 1153 1590 1214 estis,
1625 1153 1767 1221 quod
1806 1168 2020 1222 semper
2053 1167 2211 1206 orare
2241 1161 2292 1205 et

725 1253 836 1292 non
864 1238 1150 1309 defatigari
1177 1251 1424 1311 Oporteat
1443 1244 1506 1294 ¹¹.
1537 1242 1642 1296 Per
1670 1244 1970 1297 orationem
1993 1245 2135 1297 enim
2167 1259 2289 1296 cum

727 1327 838 1382 Deo
877 1346 998 1385 esse
1024 1333 1317 1401 contingit.
1349 1337 1418 1387 At
1449 1335 1540 1404 qui
1572 1350 1694 1389 cum
1732 1334 1841 1389 Deo
1867 1343 1970 1400 est,
2001 1336 2070 1389 ab
2102 1335 2292 1390 adver—
2337 1327 2339 1330 ⁴

725 1420 875 1474 sario
913 1430 1154 1476 remotus
1187 1430 1293 1478 est.
1328 1422 1517 1479 Oratio
1547 1424 1824 1494 pudicitia:
1864 1425 2178 1494 przesidium
2210 1432 2292 1477 at-

725 1525 831 1579 que
867 1519 1109 1567 tutamen
1140 1521 1244 1576 est,
1272 1513 1365 1567 iraa
1396 1514 1720 1580 moderatio,
1757 1516 2028 1584 superbia:
2082 1513 2292 1569 sedatio

724 1611 889 1672 atque
922 1605 1213 1673 repressio,
1249 1605 1574 1674 injuriarum
1633 1607 1840 1661 tenacis
1871 1605 2146 1660 memoriae
2198 1621 2292 1660 ex-

725 1695 999 1764 purgatio,
1030 1695 1245 1750 invidiae
1303 1695 1633 1766 proﬂigatio,
1689 1695 1972 1765 injustitiae
2021 1693 2287 1759 sublatio,

723 1787 1020 1856 impietatis
1051 1788 1346 1842 correctio.
1392 1786 1582 1842 Oratio
1613 1803 1909 1859 corporum
1964 1787 2134 1842 robur
2184 1794 2288 1852 est,

724 1876 1063 1930 abundantia
1089 1876 1306 1942 domus,
1334 1887 1481 1932 recta
1512 1877 1654 1947 juris
1681 1893 1746 1933 ac
1778 1878 1955 1948 legum
1988 1878 2043 1931 in
2073 1875 2292 1930 civitate

721 1968 1064 2031 constitutio,
1102 1969 1248 2037 regni
1276 1967 1442 2032 vires,
1487 1969 1610 2022 belli
1655 1969 1978 2038 trophaeum,
2016 1967 2167 2038 pacis
2201 1981 2290 2022 se-

723 2056 964 2118 curitas,
1025 2056 1404 2111 dissidentium
1470 2058 1814 2122 conciliatio,
1868 2059 2288 2126 conjunctorum

720 2147 1085 2200 conservatio.
1127 2145 1313 2200 Oratio
1336 2148 1670 2218 virginitatis
1701 2149 1939 2218 sigillum
1963 2161 2065 2211 est,
2098 2150 2291 2202 matri-

722 2234 888 2288 monii
925 2233 1082 2297 ﬁdes,
1115 2236 1420 2292 viatoribus
1452 2247 1703 2304 scutum,
1758 2240 2148 2295 dormientium
2192 2258 2290 2296 ουν

720 2332 867 2388 stos,
922 2325 1264 2394 vigilantium
1315 2327 1535 2391 ﬁducia,
1592 2330 1952 2400 agricolarum
2011 2331 2284 2398 fertilitas,

720 2414 1090 2482 navigantium
1127 2416 1297 2470 salus.
1341 2416 1528 2471 Oratio
1588 2434 1804 2474 reorum
1836 2430 1890 2476 et
1919 2437 2143 2477 causam
2200 2424 2287 2477 di-

719 2503 958 2556 centium
988 2503 1238 2569 patrona,
1277 2505 1564 2559 noxiorum
1589 2521 1653 2561 ac
1683 2507 1988 2564 vinctorum
2025 2513 2288 2568 relaxatio

719 2599 882 2663 atque
939 2595 1158 2657 solutio,
1221 2595 1571 2666 fatigatorum
1621 2600 1872 2669 requies,
1935 2605 2283 2658 maerentium

719 2684 1045 2747 consolatio,
1069 2685 1417 2754 gaudentium
1444 2689 1609 2742 animi
1641 2688 1952 2756 delectatio,
1985 2693 2286 2761 lugentium

717 2773 995 2838 solatium,
1037 2775 1258 2844 nuptias
1298 2776 1742 2830 contrahentium
1790 2794 2013 2844 corona,
2055 2781 2285 2834 natalitii

718 2862 840 2918 festi
866 2865 1179 2932 celebratio,
1200 2867 1547 2922 morientium
1588 2867 1778 2924 funus.
1817 2869 2026 2936 Oratio,
2053 2887 2284 2927 conver-

718 2953 856 3006 satio
889 2953 1387 3025 sermocinatioque
1430 2971 1553 3010 eum
1609 2957 1717 3014 Deo
1771 2969 1877 3025 est,
1938 2963 2116 3016 visum
2147 2963 2282 3018 eﬂ‘u-

717 3043 979 3112 gientium
1013 3047 1425 3116 contemplatio,
1472 3064 1660 3105 eorum
1702 3067 1824 3121 qua:
1877 3054 2283 3123 concupiscun-

715 3143 826 3200 tur,
857 3146 1004 3190 certa
1032 3135 1202 3193 lides:
1230 3138 1474 3207 ejusdem
1505 3155 1628 3195 cum
1664 3144 1870 3215 angelis
1901 3145 2124 3202 honoris
2155 3163 2285 3203 con-

717 3225 873 3291 ditio,
903 3227 1170 3281 bonorum
1205 3244 1530 3299 progressus
1562 3240 1616 3287 et
1648 3233 2065 3301 incrementum,
2112 3239 2284 3294 malo-

716 3331 836 3371 rum
894 3317 1203 3383 subversio,
1271 3330 1619 3390 peccatorum
1669 3326 2000 3391 emendatio,
2036 3345 2281 3399 praesen-

717 3406 852 3460 tium
909 3407 1162 3472 fructus,
1230 3409 1536 3467 futurorum
1599 3416 2032 3484 comprehensio.
2096 3417 2284 3475 O'ratio

713 3496 864 3552 Jonas
895 3500 1112 3569 quidem
1160 3508 1340 3555 cetum
1391 3503 1614 3559 domum
1673 3507 1958 3563 eﬂ‘ecit”:
1998 3511 2280 3567 Ezechiam

716 3605 843 3645 vero
872 3606 934 3645 ex
978 3595 1150 3661 portis
1180 3596 1375 3651 mortis
1409 3595 1476 3650 ad
1518 3598 1688 3652 vitam
1743 3600 1959 3656 reduxit
1987 3602 2064 3656 “'z
2103 3605 2281 3660 tribus

713 3689 894 3737 autem
939 3683 1381 3740 adolescentibus
1436 3687 1489 3740 in
1527 3698 1752 3743 ventum
1807 3701 2081 3746 rorantem
2130 3693 2283 3748 ﬂam-

711 3787 856 3826 mam
897 3777 1271 3844 convertit";
1327 3776 1594 3834 lsraeIiIis
1636 3781 1902 3838 adversus
1948 3784 2280 3843 Amalecitas

711 3863 1009 3931 trophaeum
1045 3869 1218 3921 erexit
1249 3868 1314 3932 ”,
1354 3878 1405 3923 et
1436 3878 1654 3925 centum
1710 3875 1992 3944 octoginta
2036 3878 2280 3948 quinque

710 3954 877 4007 millia
909 3955 1262 4027 Assyriorum
1294 3976 1399 4013 una
1427 3970 1589 4018 nocte
1616 3965 1800 4034 gladio
1831 3967 2091 4023 invisibili
2154 3985 2280 4040 pro-

709 4047 906 4100 stravit
930 4048 996 4101 ¹⁷.
1033 4049 1210 4119 Atque
1237 4063 1491 4108 sexcenta
1524 4067 1720 4124 praeter
1759 4059 1871 4114 haec
1911 4076 1976 4114 ex
2021 4061 2106 4124 iis,
2157 4078 2278 4132 quae

703 4133 815 4205 jam
845 4138 1184 4204 acciderunt,
1208 4145 1454 4211 exempla
1489 4145 1614 4199 licet
1643 4147 1922 4204 invenire:
1957 4153 2155 4222 quibus
2175 4169 2275 4223 pa-

709 4229 816 4283 lam
849 4230 926 4294 ﬁt,
958 4232 1095 4287 nihil
1125 4251 1189 4289 ex
1224 4237 1310 4296 iis,
1341 4253 1461 4304 qme
1502 4254 1598 4309 per
1631 4239 1772 4294 hanc
1804 4243 1970 4297 vitam
2019 4247 2275 4300 coluntur

707 4326 762 4373 et
793 4321 844 4373 in
874 4323 1049 4390 pretio
1081 4335 1228 4386 sunt,
1277 4327 1511 4380 orationi
1573 4339 1852 4398 praestare.
1894 4331 1998 4387 Sed
2060 4342 2274 4404 tempus

707 4410 891 4471 fuerit,
924 4412 1035 4480 jam
1079 4414 1180 4483 ipsi
1236 4417 1467 4470 orationi
1525 4435 1745 4488 operam
1803 4423 1973 4478 dare:
2022 4425 2272 4494 quinimo

705 4497 988 4568 paululum
1023 4503 1183 4555 etiam
1219 4509 1460 4560 sermoni
1503 4508 1684 4564 adhuc
1738 4511 2080 4580 adjiciamus,
2128 4515 2271 4584 quod

705 4602 830 4642 eum
873 4591 1041 4643 multa
1070 4605 1134 4644 ac
1164 4592 1315 4646 varia
1348 4608 1378 4645 a
1436 4595 1616 4649 divina
1677 4599 1852 4668 gratia
1911 4600 2051 4655 bona
2112 4603 2270 4659 nobis

703 4679 1021 4750 obtigerint,
1044 4697 1212 4734 unum
1248 4683 1350 4738 hoc
1373 4685 1440 4739 ad
1473 4689 1888 4745 retributionem
1915 4707 2125 4758 eorum,
2149 4707 2269 4765 quae

704 4770 1036 4838 accepimus,
1088 4771 1369 4835 habemus,
1412 4783 1470 4828 ut
1503 4793 1599 4846 per
1632 4782 1932 4834 orationem
1982 4787 2186 4852 pariter
2216 4797 2269 4842 et

702 4859 1002 4929 gratiarum
1039 4862 1332 4930 actionem,
1379 4865 1779 4924 benefactorem
1831 4887 2261 4931 remuneremur.

787 4947 1054 5008 Existimo
1073 4955 1256 5027 igitur,
1271 4957 1416 5029 quod
1431 4957 1576 5014 sive!
1595 4973 1866 5032 pertotam
1901 4963 2065 5017 vitam
2101 4981 2265 5020 oran-
2305 4990 2316 5000 -

699 5037 770 5095 do
797 5047 958 5109 atque
989 5043 1194 5112 gratias
1222 5046 1432 5114 agendo
1459 5050 1972 5108 sermocinatidnem
1997 5070 2121 5109 cum
2156 5057 2266 5113 Deo

697 5130 1104 5196 continuemus,
1141 5140 1353 5187 tantum
1387 5137 1456 5190 ab
1485 5152 1570 5201 ea,
1614 5155 1778 5210 quam
1810 5141 1927 5198 ﬁeri
1958 5160 2056 5214 par
2095 5156 2260 5211 esset,

696 5222 1059 5280 retributione
1089 5224 1331 5278 abfuturi
1367 5227 1562 5293 simus,
1591 5242 1855 5300 quantum
1884 5237 1930 5291 si
1960 5253 2060 5293 nec
2087 5239 2261 5294 omni-

697 5325 769 5366 no
797 5313 1016 5383 quidem
1050 5315 1120 5369 ab
1176 5315 1334 5370 initio
1393 5323 1733 5376 remunerari
1764 5324 2166 5383 benefactorcm
2204 5329 2262 5383 in

771 5510 814 5542 η
845 5509 979 5565 an.
1011 5528 1164 5576 xvnl,
1203 5514 1256 5568 1.

699 5578 745 5611 ⁸⁷
774 5579 836 5634 ιν
873 5581 1002 5649 ltcg.
1055 5598 1167 5648 xu,
1195 5584 1282 5640 55.

1967 227 2024 280 S.
2067 225 2392 282 GREGORH
2435 229 2726 284 NYSSLNI

3732 244 3831 303 “35

2324 345 2370 402 Α
2399 344 2690 412 ἁμαρτίαν.
2718 343 2904 407 (ιὺτως
2932 347 2964 397 ὁ
2985 345 3273 418 camaram,
3301 347 3455 413 οὑτως
3477 351 3503 404 ὁ
3520 351 3600 404 ἐπὶ
3619 361 3830 425 στρατείαν

2395 433 2428 502 ἢ
2465 434 2640 502 γάμον
2671 433 3017 504 στελλόμενος
3036 452 3049 465 ο
3089 437 3251 502 οὑτως
3276 441 3376 502 πᾶς
3400 439 3612 494 ὁστισοῦν
3633 444 3718 498 τῶν
3739 450 3826 517 πρά

2394 539 2444 574 τι
2474 524 2572 593 τὴν
2602 525 2775 595 ὁρμὴν
2813 525 3063 595 ἐχόντων,
3098 528 3146 580 εί
3173 528 3283 598 μετ’
3311 529 3462 600 εὑχῆς
3488 531 3679 586 ἕκαστον
3712 539 3824 605 πρίτ-

2394 629 2556 673 τοιτο,
2588 617 2654 684 τῇ
2691 615 2824 684 πρὸς
2855 616 2916 668 τὸ
2965 617 3379 689 σπουδαζόμενον
3410 620 3568 692 εὑοδίᾳ
3607 623 3681 675 τοῦ
3711 627 3824 697 ἁμαρ-

2393 703 2571 756 τάνειν
2603 705 3075 775 ἀποτραπήσεται,
3123 707 3322 771 οὑδενὸς
3366 710 3580 762 ἐναντίου
3615 712 3691 780 τὴν
3715 715 3828 785 ψυχὴν

2393 793 2527 861 πρὸς
2571 792 2740 856 πάθος
2791 795 3158 858 καθέλκοντος.
3205 798 3264 850 Εί
3299 798 3350 850 δὲ
3395 799 3606 861 ἀποστὰς
3641 800 3711 853 τοῦ
3742 803 3828 856 Θειῦ

2391 883 2511 945 ὅλος
2539 883 2746 951 γένοιτο
2775 885 2871 951 τῆς
2900 886 3163 956 σπουδῆς,
3193 888 3394 958 ἀνάγκη
3422 891 3554 942 πᾶσα
3579 889 3654 942 τὸν
3675 890 3751 954 ἔξω
3771 891 3832 945 τοῦ

2393 974 2528 1027 Θεοῦ
2552 975 2680 1028 ὁντα
2708 977 2764 1030 ὲν
2786 977 2864 1048 τῷ
2896 977 3120 1049 ἐναντίῳ
3149 979 3357 1043 πάντως
3381 974 3527 1034 εἶναι.
3551 981 3835 1049 Χωρίζεταιδδ

2391 1065 2484 1118 τοῦ
2531 1066 2685 1130 Θεοῦ,
2721 1069 2750 1121 ὁ
2784 1068 2858 1138 μὴ
2885 1069 3167 1123 συνάπτων
3191 1071 3372 1124 ἑαυτὸν
3411 1071 3491 1125 διὰ
3527 1073 3839 1142 προσευχῆςτῷ

2391 1155 2530 1226 Θεῷ.
2576 1157 2784 1210 Οὐκοῦν
2819 1158 2974 1213 τοῦτο
3002 1161 3106 1230 χρὴ
3159 1159 3411 1232 πρότερον
3450 1163 3581 1230 ἡμᾶς
3615 1161 3837 1232 διδαχθῆναι

2390 1246 2470 1317 τῷ
2496 1247 2657 1318 λόγῳ,
2686 1250 2768 1303 ὅτι
2796 1251 2879 1303 δεῖ
2916 1251 3143 1304 πάντοτε
3175 1250 3564 1322 προσεύχεσθαι,
3594 1252 3669 1304 καί
3696 1252 3750 1321 μὴ
3779 1254 3838 1304 ὲκ-

2391 1339 2600 1388 κακεῖν.
2660 1337 2754 1390 Ἐκ
2798 1339 2907 1408 γὰρ
2954 1339 3046 1392 τοῦ
3090 1339 3470 1410 προσεύχεσθαι
3503 1340 3768 1408 περιγίνεται
3799 1339 3837 1391 τὸ

2394 1425 2530 1494 μετὰ
2573 1425 2708 1480 Θεοῦ
2758 1424 2916 1483 εἶναι.
2955 1429 3014 1483 '0
3057 1429 3112 1482 δὲ
3159 1431 3293 1500 μετὰ
3317 1430 3443 1484 Θεοῦ
3467 1430 3651 1496 ὣν,τοῦ
3674 1433 3835 1484 ἀντικει-

2394 1515 2556 1586 μένου
2585 1518 2928 1592 κεχώρισται.
2964 1523 3246 1594 Προσευχὴ
3275 1524 3600 1594 σωφροσύνης
3625 1525 3715 1576 ἐστὶ
3735 1525 3834 1592 φυλα-

2393 1609 2635 1678 κτήριον,
2665 1611 2836 1682 θυμοῦ
2870 1615 3232 1683 παιδαγωγία,
3264 1615 3423 1685 τύφου
3461 1613 3730 1684 καταστολὴ.
3751 1632 3829 1682 μνη-

2323 1679 2364 1733 Β
2394 1697 2647 1762 σικακίας
2700 1679 2990 1772 καθάρσιον
3013 1679 3057 1768 ,’
3079 1679 3277 1773 φθόνου
3335 1679 3657 1775 καθαίρεσις,
3700 1679 3833 1771 (dixit;

2393 1785 2689 1857 ἀναίρεσις,
2731 1792 2984 1856 ἀσεϐείας
3017 1794 3403 1864 ἐπανόρθωσις.
3442 1794 3686 1864 Προσευχὴ
3721 1793 3835 1861 σωμά·

2389 1891 2499 1928 των
2547 1878 2692 1930 ἐστὶν
2745 1882 2914 1952 ίσχὺς,
2953 1884 3128 1948 οίκίας
3176 1885 3410 1957 εὑθηνία,
3454 1885 3638 1948 πόλεως
3673 1883 3836 1951 εὐνομία,

2393 1966 2669 2034 βασιλείας
2695 1973 2912 2042 κράτος,
2946 1975 3182 2048 πολέμου
3215 1978 3482 2048 τρόπαιον,
3513 1978 3696 2048 εἰρήνης
3723 1976 3835 2042 ἀσφά-

2391 2057 2507 2111 λεια
2533 2099 2547 2121 ,
2593 2061 2701 2114 τῶν
2745 2063 3038 2118 διεστώτων
3090 2068 3416 2140 συναγωγὴ,
3456 2067 3551 2120 τῶν
3592 2067 3837 2120 συνεστώτων

2388 2149 2637 2222 διαμονή.
2687 2155 2966 2226 Προσευχὴ
2996 2157 3295 2228 παρθενίας
3332 2159 3442 2210 ἐστὶ
3485 2159 3698 2228 σφραγὶς,
3723 2157 3836 2223 γάμου

2390 2240 2592 2304 πίστις,
2625 2241 2921 2314 ὁδοιπόροις
2949 2245 3128 2310 ὅπλον,
3190 2245 3530 2318 κοιμωμένων
3557 2244 3711 2314 φύλαξι
3733 2246 3840 2313 ἐγρη·

2388 2330 2625 2400 γορότων
2669 2332 2894 2404 θάρσος,
2941 2338 3206 2410 γεωργῶν
3255 2341 3491 2412 εὑφορία,
3523 2338 3841 2407 ναυτιλλομένων

2390 2422 2650 2491 σωτηρία.
2698 2425 2978 2498 Προσευχὴ
3019 2430 3356 2501 κρινομένων
3385 2431 3664 2504 συνήγορος,
3692 2426 3842 2496 δεδεμέ-

2387 2527 2493 2564 νων
2515 2511 2715 2578 ἄνεσις,
2741 2520 3096 2588 κεκμηκότων
3127 2522 3453 2586 ἀνάπαυσις,
3478 2520 3762 2590 λυπουμένων
3779 2534 3842 2568 πα·

2388 2605 2644 2676 ραμυθία,
2681 2609 2975 2679 χαιρόντων
3003 2611 3263 2682 θυμηδία,
3308 2613 3618 2666 πενθούντων
3645 2608 3841 2680 mperiu-

2389 2712 2490 2759 σις,
2521 2699 2840 2768 γαμούντων
2869 2701 3152 2770 στέφανος,
3187 2704 3468 2772 γενεθλίων
3504 2703 3658 2774 ἑορτὴ,
3681 2699 3840 2764 ἀπυθνι·

2388 2787 2623 2839 σκόντων
2652 2789 2919 2858 ἐντάφιον.
2952 2792 3240 2866 Προσευχὴ
3273 2794 3402 2848 Θεοῦ
3438 2795 3620 2864 ὁμιλία,
3645 2791 3726 2844 τῶν
3741 2788 3840 2857 ἀορά-

2386 2894 2494 2930 των
2550 2877 2750 2948 θεωρία
2789 2897 2801 2910 ·
2856 2881 2961 2934 τῶν
3001 2884 3413 2956 ἐπιθυμούντων
3459 2880 3839 2957 πληροφορία,τῦν

2384 2968 2629 3038 ἀγγέλων
2661 2972 2932 3042 ὁμοτιμία,
2968 2975 3075 3028 τῶν
3107 2977 3294 3030 καλῶν
3323 2977 3573 3049 προκοπὴ,
3609 2974 3696 3027 τῶν
3719 2968 3838 3024 κακιὶν

2385 3061 2685 3134 ἀνατροπὴ,
2716 3065 2822 3118 τῶν
2853 3067 3278 3139 ἁμαρτανόντων
3305 3071 3584 3140 διόρθωσις,
3609 3067 3695 3120 τῶν
3712 3063 3838 3131 παρὸν·

2383 3169 2492 3206 των
2517 3154 2830 3219 ἀπόλαυσις,
2863 3157 2969 3210 τῶν
3005 3158 3310 3228 μελλόντων
3334 3161 3619 3219 ὑπόστασις.
3648 3149 3834 3227 Προσευῖὴ

2382 3241 2460 3314 τῷ
2490 3244 2588 3314 μὲν
2629 3247 2800 3318 Ἰωνᾷ,
2833 3249 2896 3301 τὸ
2924 3250 3086 3320 κῆτος
3111 3247 3263 3305 οἷκον
3289 3253 3555 3322 ἐποίησεν·
3584 3251 3659 3303 τὸν
3680 3248 3721 3299 δὲ
3751 3242 3834 3304 Ἐξε-

2383 3336 2506 3390 κίαν
2533 3337 2710 3390 αὑτῶν
2739 3340 2922 3393 πυλῶν
2947 3341 3038 3394 τοῦ
3066 3342 3300 3398 θανάτου
3335 3345 3465 3415 πρὸς
3489 3342 3577 3413 τὴν
3601 3340 3716 3408 ζωὴν
3735 3338 3834 3388 ἐπαν-

2383 3427 2587 3497 ήγαγεν
2606 3445 2620 3458 ·
2649 3432 2760 3494 τοῖς
2791 3431 2847 3484 δὲ
2879 3433 3024 3502 τρισὶ
3049 3433 3197 3499 νέοις
3225 3437 3306 3499 εἰς
3329 3435 3534 3506 πνεῦμα
3554 3430 3762 3506 δροσῶδες
3781 3424 3838 3492 τὴν

2383 3519 2554 3588 φλόγα
2615 3519 2869 3593 ἔτρεψενο
2923 3525 3016 3577 καὶ
3054 3528 3169 3591 τοῖς
3243 3527 3582 3599 Ἰσραηλίταις
3635 3521 3743 3576 κατὰ
3774 3515 3837 3568 τῶν

2394 3614 2769 3684 Ἀμαληκιτῶν
2813 3617 3076 3688 ἀνέστησε
3120 3620 3384 3691 τρόπαιον
3405 3636 3420 3652 ·
3482 3618 3566 3673 καὶ
3602 3607 3840 3706 τὰς-ἑκατὸν

2379 3701 2705 3774 ὁγδοήκοντα
2752 3705 2845 3758 καὶ
2880 3705 3041 3759 πέντε
3092 3708 3338 3777 χιλιάδας
3379 3707 3482 3761 τῶν
3520 3702 3759 3772 Ἀσσυρίων
3781 3701 3839 3764 μιᾷ

2380 3795 2534 3847 νυκτὶ
2559 3797 2624 3866 τῇ
2653 3796 2868 3868 ἀοράτῳ
2895 3800 3162 3870 ῥομφαίᾳ,
3198 3801 3581 3872 κατέστρωσεν.
3618 3795 3706 3849 Καὶ
3731 3787 3843 3862 μυρία

2380 3886 2518 3956 πρὸς
2544 3885 2754 3950 τούτοις
2797 3890 2941 3945 ἔστιν
2969 3891 3152 3960 εὑρεῖν
3192 3893 3260 3945 ὲκ
3301 3891 3409 3945 τῶν
3439 3891 3532 3961 ἢδη
3561 3881 3846 3956 γεγενημένων

2378 3978 2446 4031 τὰ
2489 3978 2878 4049 ὑποδείγματα,
2910 3979 2976 4033 δι’
3007 3974 3082 4034 ὧν
3134 3983 3374 4054 φανερὸν
3401 3982 3621 4052 γίνεται,
3655 3976 3702 4029 τὸ
3737 3970 3848 4043 μηὶὲν

2376 4069 2476 4138 τῆς
2520 4070 2819 4141 προσευχῆς
2862 4065 3000 4124 εῖναι
3045 4072 3156 4126 τῶν
3225 4075 3362 4128 κατὰ
3413 4074 3505 4144 τὴν
3550 4071 3672 4139 ζωὴν
3711 4062 3849 4133 τιμίων

2377 4160 2666 4232 ἀνώτερον.
2717 4162 2876 4216 Ἀλλὰ
2908 4164 3096 4236 καιρὸς
3144 4165 3211 4218 ἂν
3248 4166 3336 4237 εἴη
3372 4167 3500 4238 πρὸς
3525 4162 3668 4230 αὐτὴν
3685 4157 3761 4229 ἠδη
3782 4151 3849 4222 τὴν

2378 4253 2680 4324 προσευχὴν
2705 4254 3064 4325 ἁσχοληθῆναι
3087 4271 3103 4287 ·
3140 4257 3341 4326 μᾶλλον
3372 4257 3428 4309 δὲ
3461 4254 3632 4327 μικρὸν
3651 4251 3712 4303 ἔτι
3732 4259 3850 4315 προσ·

2309 4336 2349 4388 Ι)
2380 4341 2559 4412 θῶμεν
2590 4341 2666 4413 τῷ
2707 4343 2869 4413 λόγῳ,
2895 4345 2976 4398 ὅτι
2999 4345 3208 4400 πολλῶν
3232 4347 3327 4400 καὶ
3356 4342 3674 4400 παντοδαπῶν
3692 4333 3848 4404 ἀγαθῶν

2381 4433 2530 4504 ποιρά
2587 4435 2686 4503 τῆς
2757 4433 2906 4498 θείας
2959 4436 3177 4505 χάριτος
3229 4439 3364 4508 ἡμῖν
3434 4429 3847 4520 ὐπαρεά’δτωνν.εῖ⁴

2376 4524 2531 4577 τοῦτο
2570 4523 2704 4594 πρὸς
2749 4525 3010 4579 ἀντίδοσιν
3049 4519 3125 4578 ὦν
3172 4527 3474 4596 εἰλήφαμεν
3502 4525 3688 4593 ἔχομεν,
3723 4511 3845 4610 ibat?

2377 4613 2684 4682 προσευχῆς
2710 4628 2768 4664 τε
2815 4613 2908 4664 καὶ
2955 4614 3304 4683 εὐχαριστίας
3334 4617 3422 4670 τὸν
3464 4611 3712 4684 εὐεργέτην
3737 4606 3842 4669 ἀμεεν

2375 4705 2583 4758 ὕεσθαι.

2445 4968 2738 5038 Λογίζομαι
2784 4971 2959 5023 τοίνυν
2998 4973 3078 5026 ὅτι
3108 4974 3210 5026 κᾶν
3244 4975 3394 5045 πάσῃ
3420 4976 3482 5044 τῇ
3529 4970 3624 5039 ζωῇ
3653 4955 3845 5033 τὴνπρὸς

2371 5057 2460 5108 τὸν
2510 5057 2640 5112 Θεὸν
2686 5061 2898 5129 ὁμιλίαν
2933 5065 3463 5136 συμπαρατείνωμεν
3490 5049 3844 5130 εὐχαριστοῦντες

2370 5151 2463 5203 κα)⁸
2488 5152 2926 5223 προσευχόμενοι,
2957 5157 3206 5212 τοσοῦτον
3240 5159 3342 5228 τῆς
3375 5155 3511 5211 κατὰ
3539 5153 3623 5223 τὴν
3644 5141 3844 5202 ἀντίδοσιν

2372 5241 2526 5305 ἀξίας
2554 5242 2972 5313 ἀπολειπόμεθα,
3009 5247 3130 5300 ὅσον
3165 5249 3211 5299 εί
3263 5248 3399 5318 μηδὲ
3426 5246 3521 5316 τὴν
3559 5240 3700 5312 ἀρχὴν
3735 5232 3841 5318 ἀντι-

2370 5330 2550 5386 δοῦναι
2577 5332 2654 5403 τῷ
2679 5334 2939 5408 εὐεργέτῃ
2969 5315 3449 5409 προεθυμήθημεν.
3481 5315 3573 5388 Ἑν
3599 5326 3718 5403 τρισὶ
3737 5315 3841 5388 ἦλθ’

1335 5519 1376 5551 ⁸⁸
1423 5518 1545 5576 Jon.
1583 5524 1700 5591 ",5
1736 5540 1857 5597 sqq.
1935 5528 1979 5561 ιδ
2003 5527 2071 5584 ιν
2109 5529 2241 5602 Reg.
2279 5547 2284 5584 :

2319 5547 2370 5596 κ,
2393 5533 2434 5585 -5
2457 5547 2578 5603 sqq.
2659 5535 2700 5567 ”
2729 5532 2864 5590 Dan.
2898 5550 2935 5600 ι,
2972 5534 3043 5590 23
3071 5551 3189 5606 sqq.
3271 5534 3313 5565 ¹⁶
3339 5531 3509 5588 Exod.
3534 5543 3648 5592 nn,
3677 5520 3723 5578 Η
3751 5527 3838 5584 δαη-
