3996 6196
233 271 376 326 1125

1175 263 1266 319 DE
1297 264 1649 321 ORATIONE
1687 261 2037 321 DOMINICA.
2077 295 2143 307 —
2180 263 2439 322 ORATIO
2478 263 2520 316 ι.

3353 266 3489 323 1126

237 397 371 454 μασι
409 378 473 432 τὸ
505 376 756 449 χρονικδν
786 378 1068 448 μετρεῖται
1095 375 1391 448 διάστημα,
1435 377 1514 448 τῷ
1557 393 1817 450 παρῳχη-

1923 377 2163 431 animum
2226 375 2658 432 induxissemus.
2717 373 2776 430 In
2841 383 2955 432 tres
3011 385 3195 447 partes
3249 381 3487 449 spatium

235 472 375 534 κότι,
409 469 488 540 τῷ
535 469 810 537 ἐνεστῶτι,
845 468 941 521 καὶ
970 467 1050 538 τῷ
1083 467 1349 538 μέλλοντι.
1411 470 1500 523 Ἐν
1531 471 1644 532 τοῖς
1671 469 1819 540 τρισὶ

235 563 446 625 τούτοις
495 563 528 632 ἡ
576 560 865 630 εὐεργεσία
910 559 1006 612 τοῦ
1059 560 1268 630 Κυρίου
1320 560 1812 630 καταλαμϐάνεται.

248 650 376 704 Ἐὰν
401 649 463 701 τὸ
491 647 722 710 ἐνεστὼς
752 647 964 720 λογίσῃ,
993 650 1050 702 ὲν
1079 648 1229 718 αὑτῷ
1261 647 1360 720 ζῇς
1386 665 1400 680 ο
1455 650 1549 703 ἐὰν
1587 650 1649 703 τὸ
1695 650 1821 720 μέλ.

235 741 348 804 λον,
385 739 590 802 ἐκεῖνός
638 755 722 791 σοι
754 739 864 792 τῶν
894 739 1360 811 προσδοκωμένων
1393 740 1545 803 ἐλπίς
1568 757 1582 770 ο
1635 741 1731 794 ἐὰν
1759 740 1820 794 τὸ

236 831 528 903 παρελθὸν,
557 831 659 882 οὑκ
685 829 749 883 ἂν
776 825 846 901 ἧς
875 831 1006 900 πρὶν
1033 830 1100 884 ἂν
1132 831 1260 902 παρ’
1291 832 1502 886 ἐκείνου
1544 832 1814 900 γενέσθαι.

238 923 651 994 Εύηργετήθης,
683 922 816 976 αύτὸ
843 921 904 975 τὸ
928 921 1179 990 γενέσθαι
1211 925 1342 993 παρ’
1375 923 1584 977 ἐκείνου
1617 922 1814 984 λαϐὼν,

237 1015 332 1068 καὶ
358 1013 649 1081 γενόμενος
677 1011 1073 1083 εὐηργετήθης,
1117 1014 1176 1066 ὲν
1205 1014 1354 1084 αὐτῷ
1382 1014 1491 1079 ζῶν
1520 1014 1612 1068 καὶ
1641 1014 1820 1068 κινού-

239 1120 422 1173 μενος,
453 1099 637 1163 καθώς
663 1117 828 1170 φησιν
851 1101 881 1152 ό
921 1101 1239 1164 Ἀπόστολος
1259 1117 1272 1130 ·
1301 1102 1356 1154 αἱ
1380 1101 1490 1155 τῶν
1517 1100 1818 1172 μελλόντων

235 1194 450 1256 ὲλπίδες
490 1193 590 1263 τῆς
633 1192 803 1263 αὐτῆς
825 1192 1108 1264 ἐνεργείας
1140 1194 1423 1265 ἤρτηνται.
1469 1194 1542 1246 Σὺ
1572 1192 1628 1245 δὲ
1659 1192 1818 1262 μόνον

235 1284 331 1337 τοῦ
361 1284 654 1346 ἐνεστῶτος
699 1279 751 1335 εἷ
795 1283 1005 1354 κύριος.
1053 1283 1218 1334 Ὥστε
1251 1283 1351 1336 κᾶν
1389 1282 1679 1345 διαπαντὸς
1725 1282 1818 1334 εὑ-

236 1376 514 1448 χαριστῶν
538 1375 616 1446 τῷ
648 1375 766 1446 Θεῷ
796 1375 871 1447 μὴ
895 1375 1170 1448 διαλίπῃς,
1200 1375 1358 1446 μόγις
1393 1375 1486 1429 τοῦ
1527 1375 1819 1438 ἐνεστῶτος

234 1466 645 1537 ἀποπληρώσῃς
676 1464 772 1535 τὴν
820 1464 1002 1534 χάριν,
1046 1463 1169 1517 οὒτε
1216 1463 1310 1516 τοῦ
1361 1465 1662 1535 μέλλοντος,
1696 1462 1818 1517 οὗτε

233 1558 331 1612 τοῦ
363 1557 751 1628 παρῳχηκότος
776 1557 1019 1608 ἐπίνοιαν
1046 1554 1372 1626 ἐξευρίσκων
1402 1554 1524 1608 τινὰ
1555 1555 1688 1625 πρὸς
1722 1555 1818 1627 τὴν

233 1647 346 1699 τῶν
377 1646 839 1717 χρεωστουμένων
872 1645 1161 1699 ἀντίδοσιν.
1220 1645 1411 1714 Ἡμεῖς
1460 1643 1517 1697 δὲ
1565 1645 1818 1698 τοσοῦτον

229 1741 336 1808 τῆς
548 1713 778 1807 δύναμιν
829 1736 1175 1808 εὐχαριστίας
1209 1713 1650 1806 ἀπολειπόμενοι,
1694 1736 1814 1788 οὐδὲ
1849 1713 1892 1768 Β

229 1833 368 1901 περὶ
419 1830 478 1883 τὸ
517 1830 742 1882 δυνατὸν
805 1827 1251 1899 εύγνωμονοῦμεν
1280 1869 1294 1890 ,
1341 1828 1402 1880 ού
1449 1827 1590 1895 λέγω
1637 1830 1816 1879 πᾶσαν

233 1923 448 1993 ¹ήμέραν
474 1962 488 1980 ,
538 1920 652 1973 ἀλλ’
684 1921 804 1973 οὐδὲ
847 1919 1135 1972 πολλοστὸν
1169 1919 1268 1989 τῆς
1307 1920 1517 1991 ἡμέρας
1560 1921 1624 1988 τῇ
1675 1918 1817 1972 κατὰ

233 2013 367 2066 Θεὸν
401 2011 836 2082 ἀποκληροῦντες
867 2009 1049 2080 σχολῇ.
1080 2010 1175 2072 Τίς
1211 2027 1299 2080 μοι
1330 2009 1425 2076 τὴν
1454 2011 1556 2080 γῆν
1585 2009 1817 2062 ὑπεστό-

239 2121 400 2176 ρεσε;
460 2103 557 2165 Τίς
605 2102 834 2173 βάσιμον
878 2093 1237 2164 δι”ὲπινοίας
1290 2102 1387 2172 τὴν
1439 2101 1608 2172 ὑγρὰν
1655 2101 1816 2169 φύσιν

233 2195 528 2263 ἐποίησεν;
577 2194 674 2255 Τίς
704 2191 872 2262 ἐπηξέ
905 2209 992 2263 μοι
1033 2191 1125 2245 τὸν
1159 2192 1384 2262 οὐρανὸν
1411 2191 1486 2254 ὡς
1523 2190 1814 2260 καμάραν;

233 2286 332 2348 Τίς
373 2285 624 2355 δᾳδουχεῖ
660 2301 747 2354 μοι
776 2283 874 2354 τὴν
900 2283 992 2336 τοῦ
1027 2283 1179 2355 ήλίου
1206 2282 1463 2353 λαμπάδα
1489 2298 1503 2347 ;
1557 2281 1651 2344 Τίς
1683 2282 1819 2333 ἀπο-

236 2375 444 2428 στέλλει
476 2375 654 2443 πηγὰς
686 2377 742 2426 ἐν
771 2372 1077 2443 φάραγξινς
1107 2373 1201 2436 Τίς
1229 2372 1490 2442 ἡτοίμασε
1521 2372 1630 2434 τοῖς
1651 2386 1818 2423 ποτα-

239 2467 359 2534 μοῖς
387 2465 486 2526 τὰς
525 2464 768 2528 διόδους;
821 2463 916 2526 Τίς
972 2480 1061 2533 μοι
1111 2463 1209 2530 τὴν
1255 2461 1360 2513 τῶν
1406 2460 1616 2528 ἀλόγων
1666 2459 1817 2523 ζώων

237 2555 546 2626 ὑπηρεσίαν
590 2554 924 2619 ὑπέζευξεν;
973 2554 1070 2617 Τίς
1120 2571 1185 2623 με
1238 2553 1385 2606 κόνιν
1432 2552 1635 2621 ἄψυχον
1666 2551 1815 2610 ὄντα.

237 2646 383 2716 ζωῆς
411 2663 470 2698 τε
501 2646 596 2699 καὶ
627 2645 862 2708 διανοίας
892 2646 1136 2716 μετέχειν
1166 2646 1448 2714 ὲποίησεν;
1477 2644 1572 2707 Τίς
1596 2643 1686 2696 τὸν
1714 2659 1817 2710 πη-

236 2737 324 2789 λὸν
352 2735 562 2797 τοῦτον,
598 2737 715 2789 κατ’
744 2737 925 2789 εἰκόνα
953 2736 1046 2789 τοῦ
1080 2737 1222 2790 θείου
1270 2740 1613 2807 χαρακτῆρος
1650 2735 1818 2804 ἑμέρ-

238 2843 455 2895 φωσενς
505 2828 600 2891 Τίς
635 2828 986 2897 ωγχεθείσαν
1015 2829 1073 2880 ὲν
1122 2828 1244 2896 ἐμοὶ
1288 2826 1376 2880 διὰ
1417 2825 1516 2896 τῆς
1548 2810 1820 2896 ἁμαρτίας

239 2917 336 2987 τὴν
380 2916 531 2970 θείαν
566 2918 748 2971 εἰκόνα
787 2919 947 2972 πάλιν
976 2919 1056 2981 είς
1099 2918 1197 2988 τὴν
1228 2915 1460 2987 ἀρχαίαν
1509 2916 1818 2985 ἐπανήγαγε

241 3009 435 3077 χάριν;
467 3009 565 3071 Τίς
593 3007 961 3072 ὲξοικισθέντα
992 3025 1058 3078 με
1089 3008 1184 3061 τοῦ
1219 3005 1566 3077 παραδείσου,
1602 3006 1697 3059 καὶ
1724 3004 1816 3058 τοῦ

243 3097 401 3161 ξύλου
426 3097 527 3168 τῆς
556 3096 698 3168 ζωῆς
726 3098 829 3163 ἔξω
859 3100 1163 3169 γενόμενον,
1192 3099 1284 3153 καὶ
1321 3097 1400 3167 τῷ
1433 3097 1689 3169 βαράθρῳ
1717 3099 1815 3168 τῆς

244 3188 434 3258 ὑλικῆς
460 3189 604 3258 ζωῆς
636 3190 1105 3258 συγκαλυφθέντα,
1151 3190 1242 3242 ἐπὶ
1273 3188 1370 3258 τὴν
1402 3187 1624 3260 πρώτην
1670 3188 1816 3241 ἕλκει

246 3279 656 3348 μακαριότητα;
696 3281 815 3332 Οὐκ
848 3280 1018 3333 ἐστιν
1057 3281 1089 3331 ό
1125 3277 1377 3343 συνιὼν,
1417 3278 1580 3349 φησὶν
1615 3279 1648 3347 ἡ
1674 3278 1818 3348 Γρα-

242 3368 335 3437 φή.
368 3365 445 3420 Ἦ
471 3370 581 3438 γὰρ
603 3367 668 3421 ἂν
699 3368 834 3440 πρὸς
860 3369 1030 3421 ταῦτα
1055 3369 1306 3438 ὁρῶντες,
1358 3369 1588 3440 ἄληκτον
1627 3367 1693 3421 ἂν
1726 3368 1821 3420 καὶ

239 3459 665 3515 ἀκατάπαυστον
685 3460 743 3512 ὲν
764 3460 926 3514 παντὶ
953 3458 1029 3529 τῷ
1056 3457 1152 3529 τῆς
1181 3457 1324 3531 ζωῆς
1351 3459 1700 3530 διαστήματι,
1722 3457 1820 3528 τὴν

241 3549 592 3620 εὐχαριστίαν
640 3548 1100 3619 ἀπεπληροῦμεν·
1155 3549 1271 3602 νυνὶ
1299 3549 1355 3601 δὲ
1397 3548 1533 3619 πρὸς
1569 3547 1727 3618 μόνον
1760 3547 1821 3600 τὸ

243 3642 424 3695 ὑλικὸν
457 3643 608 3694 πᾶσα
655 3641 838 3712 σχεδὸν
878 3643 1178 3713 ἐγρήγορεν
1217 3642 1250 3710 ἡ
1294 3640 1606 3711 ἀνθρωπίνη
1638 3640 1817 3708 φύσις.

241 3732 386 3802 Πρὸς
415 3730 574 3783 τοῦτο
602 3733 636 3802 ἡ
677 3730 880 3802 σπουδή
904 3749 918 3761 ·
973 3733 1030 3785 ὲν
1057 3730 1232 3801 τούτῳ
1261 3732 1298 3801 ή
1321 3729 1600 3801 προθυμία
1630 3744 1646 3759 '
1694 3730 1822 3800 περὶ

238 3821 410 3876 ταῦτα
431 3822 528 3875 καὶ
550 3824 583 3892 ή
611 3823 795 3894 μνήμη
825 3823 918 3876 καὶ
957 3824 990 3894 ἡ
1021 3823 1175 3886 ἐλπὶς
1207 3823 1586 3890 καταγίνεται·
1620 3822 1821 3886 sum;

238 3910 357 3962 ἐστι
389 3912 485 3962 καὶ
511 3910 808 3981 ἁκοίμητος
842 3911 977 3983 πρὸς
1010 3912 1110 3982 τὴν
1131 3911 1226 3964 τοῦ
1258 3912 1501 3975 πλείονος
1525 3912 1821 3982 ἐπιθυμίαν

238 4003 273 4069 η
304 4000 625 4070 ἀνθρωπίνη
652 4002 815 4070 φύσις
844 4003 902 4055 ἐν
926 4003 1088 4056 παντὶ
1122 4003 1425 4073 πράγματι,
1450 4004 1507 4056 ὲν
1527 3996 1571 4071 ᾧ
1597 4003 1821 4058 δυνατόν

239 4092 389 4143 ἐστιν
414 4089 762 4160 ἐξευρεθῆναι
792 4091 853 4145 τὸ
893 4091 1052 4145 πλέον
1075 4109 1091 4122 ·
1141 4093 1250 4145 εἴτε
1279 4092 1418 4146 κατά
1446 4094 1608 4164 τιμήν
1639 4111 1698 4146 τε
1728 4095 1823 4148 καὶ

236 4181 420 4247 δόξαν,
454 4183 562 4234 εἴτε
591 4182 733 4236 κατά
753 4183 851 4255 τὴν
878 4184 986 4236 τῶν
1018 4183 1313 4255 χρημάτων
1340 4167 1676 4254 περιουσίαν,
1710 4187 1820 4240 εἴτε

239 4275 384 4328 κατά
416 4275 516 4346 τὴν
543 4275 639 4328 τοῦ
672 4276 844 4347 θυμοῦ
870 4277 1046 4342 νόσον,
1082 4276 1357 4347 πανταχοῦ
1394 4276 1529 4348 πρὸς
1554 4277 1618 4331 τὸ
1659 4278 1820 4333 πλέον

240 4369 299 4421 ἑν
347 4368 558 4431 τούτοις
591 4371 625 4440 ή
675 4369 834 4438 φύσις
884 4371 1089 4442 βλέπει.
1149 4371 1269 4424 Τῶν
1312 4370 1368 4424 δὲ
1410 4370 1680 4443 ἀληθινῶν
1724 4371 1818 4427 τοῦ

1921 470 2187 540 temporis
2224 469 2528 534 dividitur;
2571 468 2624 522 in
2655 468 3011 536 praeteritum,
3043 485 3287 540 praesens
3318 479 3374 526 et
3401 471 3493 528 I‘u-

1921 570 2131 615 turum.
2168 560 2226 615 In
2262 561 2442 615 tribus
2478 561 2564 614 his
2588 559 2910 614 beneﬁcium
2944 560 3157 616 Domini
3186 562 3491 632 deprehen-

1918 652 2114 719 ditur;
2157 653 2202 706 si
2257 652 2402 722 quod
2455 667 2696 721 praesens
2748 659 2834 706 est
2890 652 3348 715 oonsideraveris,
3392 670 3492 724 per

1920 745 2100 814 ipsum
2132 743 2309 798 vivis:
2356 743 2403 796 si
2453 742 2723 807 futurum,
2769 741 2862 796 ille
2910 743 3008 796 tibi
3044 758 3232 798 earum
3283 760 3488 808 rerum,

1919 851 2038 906 quae
2069 843 2199 890 sunt
2226 835 2281 889 in
2303 835 2735 904 exspectatione,
2765 849 2891 914 spes
2919 840 3002 889 est
3023 851 3037 888 :
3057 833 3104 889 si
3135 836 3491 904 praeteritum,

1918 943 2028 982 non
2067 942 2245 991 esses,
2286 928 2392 982 nisi
2417 927 2568 1002 prius
2589 927 2656 981 ab
2679 927 2770 981 illo
2798 925 2976 982 factus
3008 942 3182 982 esses.
3209 926 3264 981 1d
3289 928 3492 997 ipsum,

1919 1019 2068 1089 quod
2099 1026 2265 1075 natus
2311 1035 2396 1086 es,
2462 1020 2530 1073 ab
2583 1020 2675 1073 illo
2708 1019 3030 1074 beneﬁcium
3082 1021 3362 1090 accepisti.
3413 1019 3532 1074 Ac-

1919 1119 2213 1180 postquam
2259 1118 2422 1166 natus
2470 1126 2552 1175 es,
2607 1109 2874 1166 beneﬁcio
2921 1110 3183 1174 aﬂiceris,
3233 1112 3360 1166 dum
3398 1126 3496 1181 per

1920 1203 2072 1256 illum
2103 1209 2158 1257 et
2187 1201 2350 1265 vivis,
2383 1211 2437 1257 et
2477 1203 2736 1268 moveris,
2782 1210 2843 1257 ut
2894 1203 3072 1272 inquit
3112 1202 3490 1272 Apostolus“.

1921 1290 2126 1347 Rerum
2170 1291 2478 1346 futurarum
2511 1306 2638 1360 spes
2670 1307 2737 1346 ex
2771 1292 2962 1347 eadem
3000 1291 3236 1346 emcacia
3273 1292 3489 1361 pendet.

1922 1379 2004 1436 Tu
2034 1395 2167 1436 vero
2195 1381 2368 1436 solius
2401 1382 2692 1450 presentis
2721 1397 2947 1452 compos
2977 1398 3059 1437 es.
3104 1383 3293 1452 Itaque
3319 1382 3372 1438 si
3410 1382 3493 1435 vel

1920 1487 2018 1541 per
2042 1486 2204 1527 omne
2234 1487 2408 1542 usque
2435 1479 2652 1542 tempus
2677 1473 2802 1528 vita;
2824 1474 3028 1543 gratias
3059 1489 3222 1543 agere
3250 1472 3359 1527 Deo
3383 1487 3494 1526 non

1919 1561 2306 1625 intermiseris,
2340 1563 2427 1615 vix
2464 1562 2751 1631 praesentis
2783 1562 3046 1632 temporis
3109 1561 3339 1630 gratiam
3397 1576 3494 1616 ex-

1920 1650 2135 1721 plebis:
2180 1666 2305 1704 eum
2344 1650 2562 1704 interim
2597 1651 2803 1704 nullam
2854 1651 3122 1704 rationem
3183 1650 3494 1719 exc0gitarc

1921 1743 2122 1812 possis,
2158 1756 2266 1811 qua
2290 1741 2378 1796 vel
2409 1740 2577 1795 futuri
2605 1741 2689 1796 vel
2720 1741 2978 1810 praeteriti
3013 1740 3276 1810 temporis
3305 1738 3493 1794 debita

1917 1841 2364 1902 compensentur.
2395 1830 2507 1886 Nos
2539 1840 2744 1897 autem,
2780 1832 2872 1900 qui
2905 1838 3119 1884 tantum
3159 1831 3424 1885 absumus
3462 1847 3494 1884 a

1917 1930 2188 1992 potestate
2219 1921 2412 1976 debitae
2446 1922 2746 1991 gratiarum
2783 1922 3038 1986 actionis,
3070 1936 3139 1976 ne
3170 1921 3224 1974 in
3271 1936 3336 1976 eo
3368 1921 3496 1991 qui-

1916 2012 2063 2077 dem,
2092 2012 2236 2082 quod
2269 2027 2298 2066 a
2329 2012 2488 2066 nobis
2521 2013 2635 2067 ﬁeri
2666 2019 2868 2080 potest,
2904 2011 3072 2064 animi
3103 2011 3492 2079 gratitudinem

1918 2109 2269 2172 praestamus,
2301 2117 2409 2156 non
2440 2101 2566 2156 dico
2604 2109 2780 2156 totum
2812 2101 2986 2162 diem,
3019 2100 3112 2155 sed
3141 2116 3212 2155 ne
3245 2103 3496 2174 exiguam

1917 2192 2138 2261 quidem
2169 2191 2276 2245 diei
2339 2198 2548 2261 partem
2603 2191 2879 2245 vocationi
2914 2190 3110 2244 divina:
3167 2191 3494 2246 tribuentes.

1917 2281 2053 2347 Quis
2084 2279 2217 2333 mihi
2251 2288 2455 2333 terram
2481 2279 2830 2334 substravit?
2861 2278 2996 2344 Quis
3030 2280 3272 2349 perviam
3324 2278 3498 2334 soler-

1918 2372 1994 2426 tia
2027 2378 2192 2440 atque
2218 2369 2489 2424 industria
2525 2377 2778 2424 naturam
2810 2370 3089 2424 humidam
3153 2369 3323 2424 fecit?
3362 2369 3498 2436 Quis

1921 2461 2032 2516 [iin
2075 2462 2206 2514 mihi
2243 2460 2444 2514 caelum
2467 2468 2729 2529 tanquam
2761 2461 3079 2515 cameram?
3113 2460 3249 2526 Quis
3280 2461 3500 2530 praefert

1917 2555 2053 2609 mihi
2086 2553 2258 2607 facem
2300 2553 2479 2609 solis?
2513 2553 2648 2618 Quis
2683 2553 2882 2607 emittit
2921 2552 3099 2608 fontes
3130 2554 3186 2607 in
3233 2554 3499 2610 convalli-

1918 2645 2064 2700 bus?
2098 2643 2231 2710 Quis
2259 2644 2470 2712 paravit
2514 2644 2768 2698 amnibus
2798 2644 3000 2707 alveos,
3040 2659 3138 2712 per
3197 2659 3336 2713 quos
3397 2644 3496 2699 de-

1917 2733 2187 2789 currant?
2227 2732 2362 2798 Quis
2398 2731 2531 2785 mihi
2566 2732 2856 2785 brutorum
2894 2731 3213 2784 animalium
3250 2731 3498 2786 ministe-

1919 2829 2057 2882 rium
2092 2825 2370 2894 subjecit?
2396 2823 2531 2890 Quis
2561 2837 2646 2877 me
2674 2837 2798 2876 eum
2835 2823 3012 2892 pulvis
3066 2823 3349 2877 inanimus
3401 2839 3490 2877 cs-

1919 2933 2056 2981 sem,
2088 2917 2209 2971 vitae
2237 2915 2441 2986 pariter
2467 2922 2520 2968 et
2555 2913 2752 2968 mentis
2783 2913 3102 2982 participem
3131 2911 3308 2968 fecit?
3350 2913 3487 2978 Quis

1921 3011 2024 3065 hoc
2051 3009 2224 3063 lutum
2277 3008 2345 3062 ad
2381 3006 2674 3076 imaginem
2718 3005 2903 3076 ﬁgura:
2949 3005 3146 3060 divina:
3197 3003 3495 3060 formavit?

1923 3101 2059 3168 Quis
2089 3098 2382 3169 imaginem
2412 3097 2653 3152 divinam
2688 3111 2784 3165 per
2814 3106 3098 3166 peccatum
3145 3095 3199 3149 in
3232 3111 3320 3150 me
3364 3111 3498 3150 con-

1920 3193 2101 3247 fusam
2129 3190 2196 3244 ad
2232 3189 2526 3258 pristinum
2560 3203 2756 3243 rursus
2785 3187 3034 3243 decorem
3068 3187 3330 3242 reduxit?
3355 3187 3492 3253 Quis

1919 3298 2006 3340 me
2033 3282 2248 3353 pulsum
2278 3280 2558 3351 paradiso,
2595 3286 2651 3334 et
2681 3279 2830 3346 ligno
2854 3280 2980 3333 vita:
3018 3279 3315 3348 privatum,
3355 3287 3410 3334 et
3442 3280 3499 3334 in

1919 3373 2239 3428 barathrum
2276 3370 2578 3426 materialis
2608 3370 2733 3426 vita:
2768 3370 3102 3435 demersum,
3162 3371 3228 3426 ad
3262 3372 3498 3442 primam

1918 3465 2089 3518 trahit
2119 3461 2553 3518 beatitudinem?
2584 3460 2707 3515 Non
2745 3471 2821 3516 est
2861 3463 2952 3531 qui
2985 3463 3286 3533 intelligat,
3319 3464 3501 3533 inquit

1922 3553 2210 3624 Scriptura
2234 3556 2297 3609 ".
2333 3553 2470 3608 Nam
2497 3552 2766 3622 profecto,
2799 3555 2844 3608 si
2867 3555 2980 3610 haec
3010 3554 3498 3623 perpenderemus,

1921 3648 2294 3703 continentem
2330 3653 2384 3700 et
2409 3644 2710 3707 assiduam,
2743 3661 2839 3714 per
2864 3660 3027 3700 omne
3062 3646 3184 3699 vita:
3221 3647 3459 3715 spatium
3481 3684 3497 3709 ,

1922 3739 2219 3810 gratiarum
2255 3737 2525 3791 actionem
2560 3742 2952 3804 praestaremus
2981 3752 2995 3787 :
3030 3749 3176 3790 nunc
3208 3749 3339 3790 vero
3367 3736 3421 3789 in
3446 3735 3498 3790 id

1927 3833 2128 3895 solum,
2191 3828 2336 3898 quod
2397 3824 2680 3880 materiale
2735 3832 2841 3890 est,
2878 3826 3058 3880 omnis
3108 3827 3498 3895 propemodum

1925 3921 2168 3975 humana
2211 3917 2455 3988 invigilat
2492 3925 2707 3970 natura.
2753 3914 2872 3970 Huc
2911 3915 3182 3971 intentum
3237 3916 3499 3980 studium,

1922 4013 1978 4067 in
2009 4012 2113 4066 hoc
2141 4018 2404 4079 occupata
2432 4006 2600 4060 animi
2631 4007 3008 4078 promptitudo
3036 4015 3201 4079 atque
3243 4007 3502 4064 alacritas

1922 4112 2043 4160 est:
2079 4103 2226 4158 circa
2259 4101 2374 4156 hmc
2406 4107 2461 4156 et
2496 4099 2761 4156 memoria
2796 4107 2850 4156 et
2891 4115 3018 4171 spes
3043 4108 3332 4167 versatur;
3377 4115 3504 4170 per—

1921 4196 2140 4268 vigilet
2186 4193 2458 4248 insomnis
2487 4183 2557 4247 ad
2590 4192 2714 4262 plus
2760 4191 2994 4247 habendi
3038 4192 3393 4262 cupiditatem
3448 4192 3503 4245 in

1923 4287 2073 4342 omni
2100 4285 2344 4355 negotio,
2378 4283 2432 4337 in
2459 4297 2570 4353 quo
2590 4281 2942 4338 commodum
2971 4281 3274 4352 excogitari
3299 4289 3500 4350 potest,

1924 4379 2163 4434 humana
2194 4383 2390 4430 natura
2421 4381 2544 4438 est;
2576 4373 2693 4428 sive
2727 4371 2795 4428 de
2829 4372 3038 4428 honore
3069 4379 3124 4428 et
3157 4371 3355 4444 gloria,
3387 4371 3503 4426 sive

240 4457 377 4511 Θεοῦ
427 4459 668 4526 ἀγαθῶν,
717 4460 873 4529 λόγος
921 4462 1116 4526 οὐδεὶς,
1155 4461 1279 4514 οὔτε
1325 4461 1431 4516 τῶν
1460 4463 1818 4534 φαινομένων,

1925 4471 1992 4525 de
2026 4468 2183 4538 ecpia
2216 4465 2573 4536 pecuniarum
2602 4471 2834 4534 agatur:
2869 4463 2988 4520 sive
3015 4479 3076 4518 ea
3104 4479 3192 4519 res
3230 4463 3504 4533 pertineat

237 4544 365 4601 οὔτε
397 4547 506 4600 τῶν
535 4549 978 4620 ἐπηγγελμένων.
1044 4549 1204 4604 Ἀλλὰ
1245 4551 1435 4622 καιρὸς
1483 4551 1549 4606 ἂν
1599 4554 1686 4623 εἴη
1726 4553 1818 4607 καὶ

236 4637 349 4694 τῶν
376 4641 477 4710 τῆς
503 4642 812 4712 προσευχῆς
843 4642 1101 4714 ῥημάτων
1123 4642 1382 4707 κατιδεῖν,
1417 4643 1492 4706 ῶς
1521 4643 1636 4698 ἔστι
1658 4645 1817 4702 δυνα-

236 4730 352 4792 τὸν,
386 4729 486 4802 τὴν
509 4731 768 4787 διάνοιαν.

1925 4559 1992 4616 ad
2031 4559 2126 4614 iraa
2184 4555 2457 4619 morbum,
2513 4553 2570 4608 in
2611 4553 2698 4610 his
2729 4553 2988 4609 omnibus
3040 4553 3108 4608 ad
3152 4550 3502 4608 commodum

1923 4657 2118 4705 natura
2149 4646 2394 4716 respicit.
2435 4643 2703 4700 Verorum
2739 4651 2922 4700 autem
2956 4643 3051 4699 Dei
3085 4644 3354 4700 bonorum
3386 4642 3508 4696 nul-

1931 4742 1982 4794 la
2015 4741 2157 4795 ratio
2185 4737 2437 4804 habetur,
2479 4752 2658 4807 neque
2703 4736 3108 4807 apparentium,
3147 4749 3326 4805 neque
3371 4748 3504 4804 pro-

239 4819 570 4876 missorum.
635 4821 742 4879 Sed
788 4834 1002 4894 tempus
1063 4823 1250 4892 fuerit,
1309 4823 1475 4879 etiam
1527 4826 1821 4883 verborum
1898 4831 2164 4888 orationis
2215 4835 2483 4900 quantum
2531 4827 2654 4898 ejus
2726 4827 2844 4883 ﬁeri
2888 4835 3103 4898 potest,
3153 4825 3507 4882 considerare

237 4912 592 4968 sententiam.

308 5004 482 5074 Δῆλον
502 5004 611 5076 γὰρ
630 5006 712 5059 ὅτι
734 5006 796 5060 τὸ
822 5009 1006 5079 τυχεῖν
1031 5001 1104 5063 ὧν
1126 5009 1449 5082 βουλόμεθα,
1485 5009 1574 5063 διὰ
1599 5008 1694 5063 τοῦ
1728 5025 1831 5080 μα-

236 5093 352 5147 θεῖν
367 5095 518 5159 ὅπως
536 5099 802 5168 προσήκει
818 5099 1086 5153 ποιεῖσθαι
1103 5100 1201 5172 τὴν
1218 5102 1455 5171 αίτησιν,
1470 5099 1827 5170 περιγίνεται.

1995 5003 2355 5074 Perspicuum
2386 5009 2471 5058 est
2509 5002 2682 5065 enim,
2719 5001 2867 5074 quod
2899 5001 2947 5058 si
2977 4999 3338 5060 didicerimus
3361 5019 3505 5076 quo-

1926 5095 2087 5151 modo
2117 5094 2436 5166 petitionem
2483 5091 2726 5148 formare
2764 5093 3079 5160 conveniat,
3113 5095 3301 5150 licebit
3341 5097 3506 5152 nobis

236 5183 336 5248 Τίς
364 5181 459 5238 οὖν
489 5186 522 5257 ἡ
551 5185 772 5258 διδαχῆς
806 5191 1304 5261 Προσευχόμενοι,
1336 5191 1489 5261 φησι,
1515 5189 1601 5259 μὴ
1619 5189 1820 5253 βαττο-

1925 5201 2048 5256 quae
2093 5185 2349 5240 volumus
2413 5184 2729 5254 impetrare.
2776 5184 3039 5250 Quaznam
3097 5193 3184 5240 est
3228 5185 3398 5256 igitur
3439 5202 3504 5241 ea

237 5276 571 5344 λοτήσητε,
600 5277 804 5349 ὥσπερ
827 5283 882 5334 ol
903 5281 1148 5336 ἐθνικοί.
1185 5281 1409 5337 Δοκοῦσι
1433 5283 1542 5351 γάρ
1564 5281 1645 5334 ὅτι
1672 5282 1730 5333 ὲν
1755 5281 1820 5350 τῇ

237 5367 536 5440 πολυλογίᾳ
557 5370 737 5426 αὐτῶν
755 5374 1292 5446 εἰσακουσθήσονται.
1325 5375 1477 5444 Τάχα
1501 5373 1596 5444 μὲν
1616 5367 1708 5425 οὖν
1728 5371 1812 5424 αύ-

239 5456 390 5511 won
413 5459 526 5530 ἔχει
546 5461 607 5515 τὸ
636 5463 804 5533 σαφὲς
828 5466 862 5536 ή
883 5467 980 5535 τῆς
1002 5465 1347 5530 διδασκαλίας
1371 5464 1595 5530 διάνοια,
1619 5461 1822 5534 γυμνό-

315 5641 357 5674 ¹³
390 5643 513 5696 Act.
542 5658 678 5708 xv",
703 5643 795 5699 28.
874 5647 918 5680 "
947 5645 1105 5701 Rom.
1141 5663 1220 5711 ιιι,
1266 5649 1350 5703 il.
1428 5648 1474 5681 ²⁰
1507 5644 1692 5702 Matth.
1730 5658 1802 5711 Vl,
1845 5641 1896 5695 7.

1923 5275 2213 5331 doctrina?
2238 5274 2486 5339 Orantes,
2507 5275 2706 5345 inquit,
2736 5292 2798 5330 ne
2832 5277 2951 5331 sitis
2978 5275 3308 5346 βαττολόγοι,
3345 5277 3506 5332 siculi

1930 5367 2170 5438 gentiles.
2203 5366 2556 5421 Arbitrantur
2580 5366 2726 5422 enim
2750 5383 2811 5422 se
2852 5376 3072 5438 propter
3093 5369 3502 5440 multiloquium

1933 5475 2091 5513 suum
2148 5459 2466 5515 cxauditum
2517 5460 2583 5514 iri
2617 5460 2685 5513 '°.
2728 5459 2806 5514 Ac
2851 5461 3122 5517 sententia
3149 5461 3371 5533 quidem
3403 5459 3502 5512 do-
