3996 6196
530 207 655 273 H31

1757 199 1814 253 5.
1845 194 2171 252 GREGORII
2212 193 2252 247 ,Ν
2262 191 2502 247 YSSENI

3587 195 3700 252 “3‘3.

595 325 788 384 Nullus
825 336 890 376 ex
925 333 1050 374 vere
1086 317 1312 379 sanctis,
1348 331 1375 368 a
1421 325 1613 368 sancto
1658 313 1864 382 Spiritu
1898 311 2100 365 divinis

2275 310 2461 371 Οὐδεὶς
2489 308 2596 360 τῶν
2626 305 2838 375 άληθῶς
2869 305 3058 372 ἁγίων,
3091 304 3194 356 τῶν
3219 303 3292 375 τῷ
3320 304 3446 374 ἁγίῳ
3468 307 3704 379 Πνεύματι

525 430 614 473 tus
643 414 881 475 amatis,
930 424 1165 481 quorum
1211 409 1357 461 dicta
1407 405 1590 459 divina
1626 404 1974 459 ordinatione
2027 401 2094 456 ad

527 505 954 560 admonitionem
992 498 1394 569 insequentium
1443 497 1725 551 hominum
1783 495 2093 566 perscripta

530 604 679 658 sunt,
702 591 906 662 aliquid
944 589 1070 644 mali
1103 588 1205 643 sibi
1241 587 1422 641 studio
1456 586 1717 641 habuisse
1748 586 2096 640 demonstra-

533 687 718 751 liitur;
752 683 845 739 sed
891 683 1155 742 omnium,
1199 695 1320 750 qua:
1364 679 1432 733 ab
1465 679 1602 749 ipsis
1643 680 1790 733 dicta
1822 685 1970 740 sunt,
2005 676 2094 731 in-

533 776 702 832 tentio
730 781 893 843 atque
925 771 1215 826 consilium
1253 778 1464 841 spectat
1496 769 1563 823 ad
1614 769 2010 823 correctionem
2045 775 2098 821 et

529 865 960 921 emendationem
997 861 1322 916 vitiositatis
1350 868 1515 929 atque
1545 859 1785 924 malitiae,
1817 872 1939 927 qua:
1967 864 2099 912 tunc

530 964 582 1014 in
613 967 806 1014 natura
841 957 1075 1027 vigebat.
1105 952 1573 1020 Quemadmodum
1631 953 1796 1023 igitur
1844 951 1954 1015 ille,
2005 948 2100 1018 qui

529 1058 670 1116 orat,
723 1063 791 1104 ne
829 1049 937 1103 sint
989 1053 1340 1118 aegrotantes,
1395 1059 1462 1099 ne
1511 1045 1620 1099 sint
1675 1051 1934 1114 egentes,
1989 1054 2101 1094 non

535 1137 1138 1198 hominuminteritum,
1173 1133 1266 1190 sed
1315 1135 1487 1187 morbi
1538 1141 1590 1188 et
1629 1133 1892 1202 egestatis
1935 1131 2103 1186 aboli-

533 1233 730 1286 tionem
766 1227 881 1282 ﬁeri
911 1227 1063 1296 cupit
1093 1245 1108 1279 :
1142 1226 1216 1278 ita
1243 1225 1428 1287 etiam,
1469 1224 1596 1278 dum
1627 1225 1861 1295 quisque
1886 1229 2105 1279 sancto-

535 1338 653 1377 rum
686 1327 868 1383 orant,
904 1326 964 1373 ut
996 1318 1069 1380 id,
1104 1317 1250 1388 quod
1281 1325 1494 1372 natura;
1523 1316 1810 1370 adversum
1842 1324 1894 1369 et
1918 1313 2104 1368 inimi-

533 1427 658 1468 cum
715 1419 838 1474 est,
891 1408 959 1463 ad
1009 1409 1291 1462 interitum
1350 1408 1672 1477 redigatur,
1737 1405 2104 1476 suspicionem

537 1499 966 1569 imperitioribus
1013 1499 1275 1568 praebent,
1327 1498 1485 1567 quasi
1547 1496 1811 1551 adversus
1858 1495 2106 1550 homines

536 1592 761 1648 saeviant
811 1599 867 1646 et
917 1590 1226 1644 exacerbati
1283 1590 1413 1643 sint.
1467 1586 1603 1641 Nam
1658 1595 1713 1642 et
1761 1586 2105 1643 Psalmorum

2201 399 2668 470 θεοφορουμένων,
2700 391 2773 450 ὧν
2797 398 2852 450 αἱ
2890 397 3075 467 ῥήσεις
3103 395 3238 448 κατὰ
3278 395 3418 448 θείαν
3449 397 3706 470 οἰκονομίαν

2200 494 2280 555 εἰς
2343 490 2626 544 νουθεσίαν
2671 488 2779 542 τῶν
2825 486 3024 555 ἐφεξῆς
3074 487 3459 557 ἀνεγράφησαν,
3505 490 3585 542 ἐπί
3627 510 3707 546 τινι

2199 583 2356 653 κακῷ
2397 582 2495 652 τὴν
2538 581 2771 649 σπουδὴν
2812 579 2950 648 ἔχων
2985 578 3443 648 ἐπιδειχθήσεται·
3479 579 3598 633 ἀλλὰ
3627 586 3708 648 πᾶς

2200 676 2383 738 αὐτοῖς
2407 675 2434 726 6
2459 674 2658 736 σκοπὸς
2701 672 2809 724 τῶν
2832 671 3006 739 λόγων
3021 712 3036 736 ,
3065 670 3202 741 πρὸς
3224 669 3489 742 διόρθωσιν
3519 673 3602 742 τῆς
3626 677 3709 739 έμ-

2201 764 2624 834 πολιτευομένης
2664 764 2728 834 τῇ
2763 761 2922 832 φύσει
2950 762 3147 823 κακίας
3181 758 3377 829 βλέπει.
3417 761 3602 832 Ὥσπερ
3627 766 3710 817 τοί-

2201 873 2297 910 νυν
2343 857 2372 909 6
2415 855 2710 926 εὐχόμενος
2740 852 2813 924 μὴ
2840 849 2979 905 εἶναι
3007 851 3313 915 νοσοῦντας,
3350 852 3419 922 μὴ
3449 848 3571 904 εἶναι
3603 872 3713 907 πτω-

2204 947 2468 1018 χεύοντας
2491 987 2506 1010 ,
2539 945 2600 998 ού
2624 945 2732 998 τῶν
2757 943 2855 997 ἀνθ
2866 944 3061 1014 ρώπων
3090 943 3383 1014 ἀναίρεσιν,
3405 942 3528 994 ἀλλὰ
3550 944 3629 1013 τῆς
3656 947 3715 998 νό-

2206 1054 2300 1090 σου
2327 1037 2421 1090 καί
2448 1035 2546 1106 τῆς
2585 1035 2858 1104 πτωχείας
2883 1033 3189 1104 ἀφανισμὸν
3211 1033 3455 1104 ἐπιθυμεῖ
3476 1036 3712 1102 γενέσθαιο

2204 1127 2347 1183 οὔτω
2378 1127 2471 1181 καὶ
2496 1126 2606 1178 τῶν
2641 1126 2812 1194 ἁγίων
2836 1126 3084 1189 ἕκαστος,
3121 1126 3183 1178 τδ
3206 1127 3271 1196 τῇ
3295 1123 3445 1194 φύσει
3470 1126 3716 1197 ἐχθρονκαί

2206 1220 2462 1290 πολέμιον
2520 1220 2600 1281 εἰς
2662 1217 2964 1288 ἀφανισμὸν
3018 1216 3189 1270 ἐλθεῖν
3228 1217 3292 1269 δι’
3334 1217 3488 1287 εύχῆς
3531 1218 3714 1288 ἔχοντες,

2209 1313 2460 1366 ὑπόνοιαν
2491 1313 2603 1373 τοῖς
2646 1308 3118 1378 ἀπαιδευτοτέροις
3147 1309 3484 1379 παρέχουσιν,
3515 1309 3581 1371 ὼς
3611 1309 3718 1362 κατὰ

2209 1401 2511 1473 ἀνθρώπων
2532 1399 2943 1472 πικραινόμενοί
2971 1416 3028 1452 τε
3052 1398 3148 1452 καὶ
3176 1397 3585 1468 χαλεπαίνοντες.
3607 1401 3660 1452 ’0
3675 1418 3717 1452 τε

2209 1494 2318 1565 γὰρ
2333 1493 2454 1546 Ψαλ
2462 1492 2637 1564 μῳδὸς
2651 1490 2842 1555 εἰπὼν,
2857 1491 2937 1544 ὅτι
2957 1490 3298 1543 Ἔκλίποιεν
3318 1489 3612 1557 ἁμαρτωλοὶ
3633 1491 3718 1544 ἀπὸ

2210 1584 2320 1652 τῆς
2349 1581 2459 1654 τῆς
2497 1582 2594 1634 καί
2620 1581 2852 1650 ἄνομοι,
2892 1579 3049 1634 ὥστε
3088 1579 3176 1648 μὴ
3207 1580 3489 1648 ὑπάρχειν
3517 1582 3718 1646 αὐτούς’

537 1684 770 1752 scriptor
800 1696 925 1737 cum
972 1680 1471 1756 dixit_:Toliantur
1518 1687 1818 1748 peccatores
1851 1684 1901 1731 et
1944 1678 2112 1747 iniqui

2213 1677 2312 1746 τὴν
2343 1673 2616 1747 ἁμαρτίαν
2639 1672 2910 1725 ἐκλείπειν
2936 1672 3029 1725 καὶ
3051 1671 3280 1741 ἀνομίαν
3305 1671 3524 1742 εὔχεται.
3556 1674 3617 1725 Οὐ
3646 1673 3718 1742 γὰρ

536 1777 599 1830 de
633 1784 796 1838 terra,
827 1783 886 1827 ut
915 1790 1019 1828 non
1063 1775 1169 1827 sint
1196 1773 1281 1836 “;
1316 1781 1376 1827 ut
1412 1781 1697 1843 peccatum
1745 1780 1799 1827 ct
1850 1771 2110 1841 iniquitas

538 1865 816 1926 deﬁciant,
848 1871 991 1918 orat.
1026 1861 1144 1916 Non
1196 1862 1340 1916 enim
1393 1863 1556 1917 homo
1601 1861 1886 1916 hominum
1936 1861 2112 1915 hostis

537 1965 660 2010 est:
696 1955 790 2010 sed
822 1954 1010 2009 liberae
1042 1953 1341 2008 voluntatis
1392 1962 1572 2008 motus
1615 1953 1678 2006 ad
1730 1953 2028 2021 nequitiam
2059 1959 2112 2005 et

539 2045 823 2110 malitiam,
871 2045 992 2098 loco
1043 2042 1218 2097 hostis
1279 2042 1563 2097 constituit
1617 2041 1671 2095 id
1717 2039 1862 2110 quod
1916 2048 2113 2093 natura

537 2135 891 2204 conjunctum
922 2141 1027 2188 est.
1063 2132 1134 2186 Ut
1172 2131 1375 2185 malum
1412 2133 1575 2201 igitur
1603 2131 1841 2196 deﬁciat,
1874 2139 2014 2185 orat.
2045 2131 2114 2186 At

539 2224 700 2278 homo
726 2223 925 2277 malum
955 2237 1065 2276 non
1087 2229 1192 2276 est.
1220 2220 1505 2286 Quomodo
1528 2221 1671 2276 enim
1696 2221 1900 2274 malum
1925 2220 2109 2286 fuerit,

541 2316 593 2368 id
620 2313 765 2384 quod
797 2313 927 2368 boni
953 2313 1310 2368 simulacrum
1358 2321 1411 2366 et
1443 2312 1844 2366 imitamentum
1885 2320 1970 2367 est
1991 2313 2014 2363 ?
2039 2311 2114 2365 lta

537 2409 704 2461 ctiam
735 2407 782 2460 si
812 2405 1074 2476 pudorem
1117 2413 1171 2459 et
1209 2403 1593 2466 confusionem
1636 2404 1878 2459 inimicis
1916 2405 2115 2474 impre—

540 2503 712 2554 cetur,
773 2491 1012 2547 ostendit
1063 2491 1163 2546 tibi
1211 2500 1488 2545 catervam
1523 2489 1988 2559 adversariorum,
2021 2493 2114 2562 qui

541 2582 926 2652 abjnvisibili
985 2581 1210 2636 inimico
1276 2589 1528 2644 stantes,
1587 2581 1753 2634 vitam
1821 2582 2115 2636 humanam

542 2684 877 2744 oppugnant.
914 2672 1216 2743 De'quibus
1252 2658 1416 2727 etiam
1451 2668 1656 2726 Paulus
1696 2673 1912 2742 planius
1935 2673 2114 2743 loqui-

545 2775 656 2829 tur,
685 2767 886 2819 luctam
912 2764 1076 2820 nobis
1104 2779 1223 2820 esse
1255 2764 1446 2820 dicens
1467 2763 1732 2819 adversus
1755 2765 2115 2836 principatus,

542 2857 808 2914 adversus
832 2864 1130 2928 potestates
1150 2864 1205 2910 et
1232 2863 1473 2911 rectores
1500 2855 1665 2925 hujus
1694 2857 1904 2922 mundi,
1931 2857 2120 2913 adver-

548 2964 643 3003 sus
701 2948 1018 3019 spirituales
1086 2947 1464 3016 improbitates
1550 2946 1607 3001 iu
1675 2948 1991 3004 caelestibus
2047 2950 2113 3002 ".

2212 1767 2497 1838 ἄνθρωπος
2535 1764 2838 1836 ἀνθρώπων
2889 1763 3180 1833 πολέμιος,
3215 1763 3326 1815 ἀλλ’
3364 1764 3545 1833 ήκατέι
3574 1763 3719 1816 κακίαν

2212 1858 2310 1928 τῆς
2341 1856 2712 1928 προαιρέσεως
2748 1855 2961 1925 κίνησις
2997 1855 3072 1918 εἰς
3109 1853 3304 1926 ἐχθροῦ
3329 1854 3473 1920 τάξιν
3495 1854 3548 1906 τὸ
3569 1856 3623 1922 τῇ
3650 1855 3720 1920 εὖ·

2216 1967 2296 2002 σει
2330 1947 2673 2019 συνημμένον
2709 1945 3058 2016 κατέστησεν.
3096 1944 3174 1997 Τὸ
3213 1944 3376 1998 κακὸν
3403 1943 3565 1998 τοίνυν
3592 1943 3721 1997 ἐκλεί-

2215 2059 2339 2093 πειν
2371 2039 2586 2110 εὔχεται
2607 2080 2620 2104 ,
2651 2040 2682 2093 6
2713 2038 2767 2090 δὲ
2796 2036 3079 2106 ἄνθρωπος
3130 2036 3299 2089 κακὸν
3336 2036 3429 2089 ούκ
3460 2036 3618 2089 ἔστιν·
3639 2034 3722 2096 πῶς

2214 2134 2323 2205 γὰρ
2364 2133 2429 2184 ἂν
2467 2133 2550 2202 εἴη
2593 2130 2766 2184 κακὸν
2801 2130 2894 2182 τοῦ
2928 2130 3134 2199 ἀγαθοῦ
3185 2130 3246 2182 τὸ
3285 2129 3548 2199 ὁμοίωμα;
3584 2128 3720 2188 Οὕτως

2215 2225 2316 2279 κᾶν
2344 2223 2604 2294 αἰσχύνην
2634 2224 2729 2276 καὶ
2759 2222 3024 2294 ἐντροπὴν
3051 2221 3163 2275 τῶν
3197 2221 3400 2293 ἐχθρῶν
3437 2221 3720 2289 κατεύχηται,

2219 2315 2464 2368 δείκνυσί
2496 2331 2577 2367 σοι
2610 2305 2669 2366 τὸ
2695 2317 2879 2383 στῖφος
2905 2314 3011 2367 τῶν
3046 2315 3326 2376 ἐναντίων,
3350 2313 3453 2365 τῶν
3479 2314 3534 2364 ἐκ
3559 2312 3634 2365 τοῦ
3658 2312 3722 2364 ἀο-

2220 2405 2382 2476 ράτου
2418 2403 2611 2475 ἐχθροῦ
2643 2406 2706 2474 τῇ
2760 2404 3074 2475 ἀνθρωπίνῃ
3109 2401 3600 2474 προσπολεμούντων
3623 2399 3721 2469 ζωῇ.

2217 2496 2352 2567 Περί
2381 2489 2456 2550 ὧν
2491 2478 2599 2549 καί
2622 2497 2650 2548 6
2681 2494 2894 2557 Παῦλος
2929 2495 3168 2564 γυμνότε
3181 2512 3270 2565 ρον
3295 2493 3629 2563 διεξέρχεται,
3653 2490 3723 2558 τὴν

2218 2589 2393 2658 πάλην
2421 2587 2593 2655 λέγων
2630 2583 2768 2640 εἶναι
2808 2588 2942 2656 ἡμῖν
2989 2584 3128 2655 πρὸς
3164 2585 3261 2649 τὰς
3297 2586 3480 2656 ἀρχὰς,
3511 2582 3624 2654 πρὸς
3653 2582 3724 2643 τὰς

2217 2680 2464 2746 ἐξουσίας
2491 2679 2584 2731 καὶ
2605 2680 2728 2742 τοὺς
2757 2678 3211 2748 κοσμοκράτορας
3233 2677 3325 2729 τοῦ
3353 2677 3540 2747 κόσμου
3563 2674 3722 2731 τούτου,

2218 2770 2356 2842 πρὸς
2397 2770 2462 2824 τὰ
2494 2769 2837 2839 πνευματικὰ
2881 2770 2979 2839 τῆς
3014 2770 3286 2839 πονηρίας
3329 2769 3383 2821 ἐν
3420 2771 3522 2831 τοῖς
3547 2768 3722 2833 incapa-

2219 2860 2371 2924 νίοις.
2405 2860 2515 2923 Τὰς
2551 2859 2925 2930 δαιμονιώδεις
2965 2858 3265 2920 ἐπιϐουλάς
3291 2901 3304 2920 ,
3335 2859 3399 2912 δι’
3429 2853 3496 2910 ὧν
3524 2856 3724 2924 ἐπάγεται

2218 2955 2333 3016 τοῖς
2365 2950 2672 3022 ἀνθρώποις
2702 2950 2770 3005 τὰ
2798 2950 3008 3022 πονηρὰ
3045 2951 3189 3022 πρὸς
3240 2949 3501 3023 ἁμαρτίαν
3536 2943 3726 3017 συμπτιίν

548 3018 922 3094 Dmmoniacas
973 3037 1118 3093 enim
1181 3037 1454 3102 insidias,
1503 3052 1601 3106 per
1656 3055 1795 3107 quas
1843 3040 2115 3096 malitiosa

2225 3062 2369 3116 ματα
2400 3086 2414 3111 ,
2468 3018 2745 3114 συντυχίαι
2795 3018 3106 3111 θυμῶδεις,
3169 3018 3462 3112 ἐπιθυμιῶν
3507 3035 3722 3108 ἁςορμαί.

546 3127 864 3182 hominibus
916 3127 983 3181 ad
1041 3136 1328 3197 peccatum
1381 3128 1715 3183 adhibentur
1763 3129 2117 3197 olfendicula,

548 3230 878 3286 congressus
907 3215 1181 3279 iracundi,
1211 3216 1570 3286 cupiditatum
1607 3221 1846 3282 occasio,
1881 3221 2118 3285 invidia,

547 3306 679 3369 odii,
721 3304 1010 3374 superbiae,
1055 3306 1314 3361 taliumve
1369 3308 1636 3364 malorum
1681 3309 1952 3364 materia:
2007 3311 2122 3366 haec

547 3411 670 3449 cum
693 3410 924 3468 magnus
946 3394 1219 3466 Propheta
1241 3398 1389 3454 videt
1417 3398 1855 3471 uniuscujusque
1880 3401 2118 3456 animam

549 3487 859 3543 insidiando
906 3488 1462 3554 circumcursitantia,
1501 3491 1568 3545 ad
1629 3492 1891 3560 pudorem
1948 3491 2119 3561 redigi

551 3588 825 3650 precatur,
857 3581 952 3650 qui
978 3581 1064 3648 his
1092 3581 1333 3638 inimicis
1367 3582 1719 3652 imprecatur.
1775 3583 1892 3638 Hoc
1938 3591 2118 3637 autem

550 3672 682 3726 nihil
713 3681 800 3727 est
829 3672 1006 3737 aliud,
1035 3688 1198 3743 quam
1230 3682 1287 3726 ut
1321 3673 1438 3741 ipse
1484 3683 1750 3729 servetur.
1784 3674 2122 3728 Naturaliter

548 3765 691 3826 enim
719 3763 943 3828 accidit,
978 3772 1037 3817 ut
1076 3763 1145 3826 is,
1177 3763 1272 3833 qui
1303 3763 1359 3817 in
1392 3765 1694 3821 certamine
1736 3765 1900 3820 lucta;
1942 3765 2122 3819 victus

550 3857 644 3922 sit,
687 3855 758 3910 ob
809 3855 1023 3923 lapsum
1095 3869 1256 3908 suum
1308 3852 1592 3922 pudeiiat:
1663 3854 2122 3925 quemadmodum

552 3948 726 4001 victor
760 3955 953 3998 contra
999 3951 1224 4014 propter
1250 3946 1535 3998 victoriam
1583 3946 1812 4000 laetatur.
1865 3946 1944 4000 Ac
1973 3945 2118 4016 quod

554 4037 666 4091 haec
708 4035 781 4089 ita
822 4049 945 4090 sese
998 4036 1260 4098 habeant,
1312 4036 1581 4092 orationis
1628 4037 1803 4092 forma
1851 4035 2116 4093 declarat.

559 4125 883 4180 Erubescant
934 4125 1117 4191 enim,
1172 4126 1385 4196 inquit,
1451 4135 1503 4182 σι
1565 4126 1964 4194 confundantur
2030 4130 2120 4198 qui

551 4225 792 4288 quarunt
845 4217 1078 4270 animam
1134 4233 1304 4272 meam
1332 4218 1398 4270 ".
1430 4216 1548 4272 Non
1595 4218 1742 4272 enim
1788 4219 2121 4289 imprecatur

553 4309 638 4374 iis,
666 4308 758 4379 qui
803 4307 1063 4362 damnum
1115 4308 1170 4363 in
1221 4311 1469 4378 pecuniis
1511 4311 1707 4368 aﬂerre
1750 4327 1848 4381 per
1895 4312 2122 4368 insidias

553 4407 862 4454 conantur:
893 4405 989 4451 aut
1024 4397 1114 4463 iis,
1146 4400 1238 4467 qui
1271 4399 1338 4454 de
1367 4399 1565 4457 ﬁnibus
1604 4415 1862 4471 agrorum
1901 4409 2122 4456 contro-

553 4492 789 4543 versiam
820 4496 1044 4542 movent
1071 4496 1207 4571 {aut
1230 4489 1319 4553 iis,
1342 4493 1433 4560 qui
1471 4490 1526 4545 in
1551 4499 1717 4561 caput
1736 4491 1859 4560 ejus
1884 4491 2120 4561 aliquam

552 4579 814 4634 malitiam
881 4579 1208 4651 designant:
1261 4581 1357 4637 sed
1411 4583 1502 4652 qui
1566 4582 1832 4638 adversus
1886 4585 2121 4637 animam

554 4669 786 4724 insidias
819 4675 1042 4725 struunt
1069 4689 1082 4726 :
1118 4672 1314 4730 animae
1343 4681 1525 4728 autem
1560 4674 1832 4738 insidiari,
1862 4674 1992 4744 quid
2042 4683 2126 4728 est

551 4760 721 4823 aliud,
751 4761 859 4816 nisi
888 4777 920 4815 a
947 4761 1057 4817 Deo
1092 4763 1335 4820 alienare
1361 4766 1385 4818 ’ἒ
1413 4764 1585 4820 Porro
1611 4781 1720 4821 non
1746 4767 1907 4822 aliter
1939 4766 2126 4820 anima

549 4852 791 4904 humana
838 4864 868 4903 a
912 4850 1022 4904 Deo
1053 4853 1347 4922 alienatur,
1379 4871 1544 4925 quam
1577 4871 1674 4926 per
1698 4856 1953 4911 vitiosam
1995 4853 2126 4910 alre-

549 4944 812 4996 ctionem.
848 4941 1115 5007 Quoniam
1139 4944 1304 5013 igitur
1328 4963 1531 5003 numen
1559 4948 1806 5010 divinum
1831 4949 2126 5021 (perturba-

557 5034 723 5088 tionis
753 5048 818 5089 ac
845 5033 961 5087 vitii
993 5048 1209 5103 semper
1239 5051 1436 5107 expers
1467 5041 1692 5111 est,qui
1725 5042 1782 5096 in
1802 5039 1937 5096 vitio
1962 5050 2127 5110 atque

557 5119 972 5190 perturbatione
1020 5135 1234 5191 semper
1297 5134 1586 5193 versatur,
1649 5144 1680 5183 a
1735 5129 2126 5197 conjunctione

553 5211 724 5268 divini
751 5210 996 5266 numinis
1020 5222 1358 5282 segregatum
1380 5213 1457 5270 Ne
1491 5217 1655 5287 igitur
1685 5219 1738 5272 id
1767 5219 1870 5274 sibi
1889 5219 2124 5284 accidat,

555 5304 816 5378 pudorem
847 5303 1179 5360 adversariis
1218 5307 1572 5378 imprecatur.
1610 5310 1724 5366 Hoc
1771 5321 1950 5368 autem
1990 5312 2128 5366 nihil

553 5398 701 5454 aliud
733 5407 837 5461 est,
863 5410 1024 5466 quam
1061 5394 1346 5455 victoriam
1387 5403 1493 5457 sibi
1557 5404 1624 5459 de
1659 5402 1910 5459 hostibus
1941 5419 2128 5475 prcca-

2222 3133 2416 3202 φθόνου
2447 3132 2541 3186 καὶ
2572 3131 2762 3202 μίσους
2789 3131 2883 3184 καί
2909 3131 3294 3200 ὑπερηφανίας
3313 3170 3327 3192 ,
3356 3129 3444 3182 καὶ
3475 3128 3570 3181 τῶν
3597 3123 3726 3178 τοιούρ

2221 3242 2328 3279 των
2361 3222 2546 3278 κακῶν
2577 3223 2851 3286 ὑπόθεσις·
2880 3223 3050 3276 ταῦτα
3078 3223 3226 3294 ὀρῶν
3263 3223 3291 3274 ὁ
3315 3222 3479 3292 μέγας
3498 3217 3726 3290 Προφήτης

2222 3315 2320 3386 τὴν
2361 3314 2591 3369 ἑκάστου
2629 3314 2803 3384 ψυχὴν
2831 3313 2898 3366 δι’
2930 3314 3229 3384 ἐπιϐουλῆς
3261 3313 3641 3384 περιτρέχοντα,
3675 3307 3726 3367 εἰς

2228 3405 2488 3478 αἰσχύνην
2529 3405 2700 3458 ἐλθεῖν
2729 3404 2965 3474 εὔχεται,
3001 3407 3029 3457 6
3054 3405 3203 3458 κατὰ
3231 3405 3335 3458 τῶν
3361 3403 3550 3474 ἐχθρῶν
3578 3398 3728 3452 τούτων

2230 3498 2537 3569 εὐχόμενος.
2571 3497 2741 3551 Τοῦτο
2761 3497 2814 3551 δέ
2842 3498 2957 3550 ἐστι
2975 3497 3034 3550 τὸ
3050 3495 3266 3570 αὐτην]
3281 3495 3594 3565 διασωθῆναι.
3619 3487 3729 3544 Κατὰ

2231 3591 2389 3659 φύσιν
2413 3590 2520 3661 γὰρ
2544 3589 2901 3662 ἐπάγεταιτῷ
2932 3589 3221 3661 ἡττηθέντι
3248 3589 3384 3643 κατὰ
3405 3589 3494 3658 τὴν
3522 3585 3666 3652 πάλην
3689 3581 3730 3630 τὸ

2216 3680 2648 3752 ἐπαισχυνθῆναι
2672 3683 2750 3752 τῷ
2779 3683 3028 3753 πτώματι
3051 3684 3242 3746 αὑτοῦ,
3275 3683 3347 3744 ὡς
3374 3682 3462 3736 καὶ
3481 3680 3548 3750 τῷ
3564 3675 3729 3732 νικῶντι

2224 3770 2287 3823 τὸ
2325 3770 2417 3823 ἐπὶ
2462 3774 2528 3841 τῇ
2569 3773 2694 3844 νίκῃ
2735 3772 3080 3840 ἀγάλλεσθαι.
3136 3777 3249 3829 Καὶ
3288 3777 3367 3830 ὅτι
3415 3774 3567 3829 ταῦτα
3603 3769 3729 3826 οὕτως

2228 3861 2362 3931 ἔχει,
2385 3862 2535 3932 δηλοί⁹
2552 3865 2649 3933 τῆς
2669 3865 2834 3933 εὐχῆς
2859 3864 2920 3917 τὸ
2948 3859 3103 3928 εῐδος.
3131 3859 3613 3933 Αἰσχυνθήτωσαν
3635 3858 3729 3928 γὰρ.

2232 3951 2400 4022 φησι,
2433 3951 2531 4003 καὶ
2568 3951 3039 4017 ἐντραπήτωσιιν
3086 3959 3142 4008 οε
3184 3954 3485 4022 ζητοῦντές
3512 3969 3612 4021 μου
3649 3946 3728 4009 τὴν

2231 4040 2464 4110 ψυχήν.
2495 4042 2570 4093 Ού
2602 4042 2711 4113 γὰρ
2753 4044 3073 4114 κατεύχεται
3113 4046 3225 4098 τῶν
3260 4048 3338 4109 είς
3369 4045 3628 4116 χρημάτων
3658 4037 3729 4104 ζη-

2237 4131 2364 4200 μίαν
2412 4121 2885 4197 ἐπιϐουλευόντων,
2926 4135 3117 4207 ἢπερί
3160 4142 3263 4208 γῆς
3307 4139 3441 4208 ὅρων
3473 4127 3728 4203 διαμφισῦη·

2231 4224 2486 4291 τούντων,
2512 4224 2544 4295 ἢ
2577 4225 2687 4278 τῶν
2711 4227 2850 4280 κατὰ
2873 4226 2966 4280 τοῦ
2999 4227 3250 4298 σώματος
3279 4228 3436 4281 αὑτοῦ
3461 4226 3627 4279 κακίαν
3643 4224 3727 4270 ἐπι-

2157 4354 2202 4412 D
2231 4313 2588 4384 δεικνυμένων
2611 4316 2766 4370 τινάο
2811 4317 2946 4370 ἀλλὰ
2976 4317 3083 4371 τῶν
3113 4310 3296 4391 ψυχὴν
3330 4314 3728 4372 ἐπιϐουλευόντων.

2229 4405 2338 4474 Τῆς
2375 4404 2433 4458 δὲ
2477 4405 2654 4476 ψυχῆς
2704 4405 2963 4477 ἐπιϐουλὴ
2992 4407 3072 4470 τίς
3098 4409 3264 4479 άλλη,
3302 4411 3348 4461 εἰ
3380 4408 3448 4478 μὴ
3476 4403 3590 4459 Θεοῦ
3612 4399 3728 4453 dilo-

2229 4497 2481 4568 τρίωσις;
2527 4497 2921 4569 Ἀλλοτριοῦται
2942 4498 2997 4552 δὲ
3021 4500 3130 4553 ἀπὸ
3153 4500 3286 4553 Θεοῦ
3316 4497 3597 4570 ἀνθρωπίνη
3623 4487 3728 4559 ψυχὴ

2230 4589 2330 4641 ούκ
2364 4589 2559 4652 ἄλλως,
2591 4590 2624 4659 ἢ
2649 4589 2735 4643 διὰ
2764 4593 2860 4660 τῆς
2883 4591 3159 4661 ἐμπαθοῦς
3184 4592 3484 4653 διαθέσεως.
3524 4584 3644 4640 Ἐπεὶ
3663 4575 3727 4632 οὖν

2233 4680 2439 4744 ἀπαθὲς
2477 4683 2538 4736 τὸ
2567 4680 2719 4734 Θεῖον
2750 4683 2998 4745 πάντοτε,
3039 4685 3068 4736 6
3094 4685 3179 4736 ἀεὶ
3211 4685 3270 4737 ἐν
3309 4683 3460 4736 πάθει
3485 4678 3728 4748 γινόμενος,

2234 4772 2332 4840 τῆς
2363 4772 2496 4842 πρὸς
2532 4773 2591 4825 τὸ
2616 4773 2769 4826 Θείον
2810 4774 3099 4842 συναφείας
3129 4773 3558 4844 άπησχοινίςεται.
3596 4767 3662 4826 Ὡς
3682 4760 3726 4814 ἂν

2232 4857 2323 4913 οὖν
2357 4861 2430 4931 μὴ
2475 4862 2630 4914 τοῦτο
2660 4863 2856 4924 πάθοι,
2893 4863 3156 4932 αἰσχύνην
3195 4863 3303 4916 τῶν
3348 4855 3725 4917 ἀντιπαλαιόντωίι

2236 4951 2478 5021 εὔχεται.
2529 4951 2700 5005 Τοῦτο
2735 4953 2791 5006 δὲ
2831 4955 2981 5007 οὐδὲν
3025 4954 3151 5008 ἄλλο
3175 4956 3340 5016 ἐστὶν,
3367 4955 3397 5022 ἢ
3430 4949 3583 5018 ἐαυτῷ
3614 4945 3724 5006 νίκην

2232 5044 2370 5097 κατὰ
2401 5043 2510 5096 τῶν
2551 5045 2823 5114 πολεμίων
2866 5046 3212 5112 ἐπεύξασθαι·
3262 5047 3311 5099 οἱ
3355 5045 3408 5098 δὲ
3447 5041 3652 5110 πολέμιοι
3679 5031 3726 5085 τὰ

2233 5137 2378 5207 πάθη
2406 5138 2560 5190 εἰσίν.
2592 5136 2779 5203 Οὕτως
2804 5141 2834 5192 6
2879 5140 3144 5210 Ἱερεμίας
3169 5140 3326 5210 ζῆλον
3361 5139 3455 5207 τῆς
3488 5127 3722 5188 θεοσεϐείας

2237 5226 2396 5296 ἔχων,
2427 5227 2906 5299 είδωλομανοῦντος
2934 5231 3227 5301 τηνικαῦτα
3257 5231 3348 5283 τοῦ
3379 5224 3608 5299 βασιλέως
3623 5259 3634 5281 θ
3657 5217 3723 5268 καὶ

2236 5318 2345 5370 τῶν
2376 5320 2702 5390 ὑποχειρίων
2731 5321 2879 5392 αὐτῷ
2909 5323 3418 5397 συνδιατραφέντων,
3447 5320 3535 5372 οὐκ
3567 5310 3668 5366 ίδιόν
3689 5321 3725 5355 τι

2237 5409 2526 5480 θεραπεύει
2551 5411 2738 5481 πάθος,
2757 5413 2892 5468 ἀλλὰ
2915 5433 2980 5468 πε
2989 5416 3043 5486 ρί
3070 5415 3161 5469 τοῦ
3177 5413 3352 5468 κοινοῦ
3371 5410 3470 5466 τῶν
3488 5400 3724 5476 ἀνθρώπων

623 5576 670 5610 ²¹’
702 5580 844 5636 Psal.
878 5599 928 5638 Ix
952 5624 966 5650 ,
1003 5587 1086 5642 l8.
1161 5588 1205 5619 "
1249 5585 1445 5656 Ephes.
1481 5601 1529 5637 \‘l
1558 5625 1571 5647 ,
1604 5585 1690 5638 1'2.
1769 5585 1815 5616 ’θ
1855 5581 1998 5638 Psal.
2035 5597 2115 5649 vl,
2155 5583 2241 5639 ll.
