3996 6196
260 277 400 334 1135

1221 269 1307 322 DE
1345 265 1705 355 ORATIONE.
1731 261 2080 317 DUMINICA.
2120 289 2192 299 ——
2227 258 2484 313 ORATIO
2520 259 2559 309 Ι.

3378 253 3512 310 HM

262 390 529 462 προσάγει
573 387 673 458 τὴν
722 386 922 458 δέησιν,
987 387 1051 454 τῇ
1107 383 1248 437 κατά
1294 384 1402 436 τῶν
1448 382 1879 450 ἀσεϐησάντωνι

1981 379 1984 427 i
2017 396 2027 429 :
2061 375 2250 429 hostes
2282 387 2412 427 vero
2459 369 2904 441 perturbationes
2954 377 3008 422 et
3058 369 3190 422 vitia
3241 376 3390 424 sunt.
3425 369 3517 424 Sic

261 485 429 554 ὁρμῇ,
483 480 632 534 ἅπαν
681 477 1106 549 σωφρονισθῆναι
1163 477 1330 543 ἀξιῶν
1368 478 1429 530 τὸ
1480 477 1836 546 ἀνθρώπινον.

275 575 553 636 Ὡσαύτως
585 572 640 624 δὲ
670 570 763 624 καὶ
801 572 829 623 ὁ
858 570 1166 640 προφήτης,
1209 570 1269 632 ὃς
1309 569 1402 622 καὶ
1442 566 1843 636 πολυγονοῦσαν

263 668 386 719 τότε
406 665 506 734 τὴν
537 663 740 716 κακίαν
777 664 836 714 ἐν
877 663 990 724 τοῖς
1043 648 1400 730 Ἰσραηλίταις
1427 659 1586 728 ὁρῶν,
1621 656 1844 727 ἀτεκνίᾳ

265 757 490 818 δικαίως
512 753 883 817 καταδικάζει,
902 749 1111 815 καὶτὰς
1135 751 1338 822 πικρὰς
1361 750 1529 820 θηλὰς
1547 750 1648 819 τῆς
1668 751 1846 818 ἀμαρ-

267 849 388 910 τίας
413 846 746 917 ξηρανθῆναι
781 843 1060 914 βούλεται,
1085 843 1160 906 ὡς
1190 843 1255 896 ἂν
1289 843 1424 912 μήτε
1465 841 1701 894 τίκτοιτο
1736 838 1847 902 τοῖς

267 936 580 1008 ἀνθρώποις
600 935 663 987 τὸ
691 934 860 987 κακὸν
878 973 894 996 ,
927 934 1064 1003 μήτε
1094 932 1370 1001 τρέφοιτο.
1408 931 1507 984 Διά
1536 928 1695 982 τοῦτο
1718 943 1850 998 προ-

270 1032 468 1099 φήτης,
500 1026 612 1092 Δὸς
633 1025 858 1089 αὐτοῖς,
890 1024 1044 1092 φησὶ.
1079 1024 1276 1090 Κύριε,
1306 1020 1540 1089 μήτραν
1567 1017 1850 1100 ᾀτεκνοῦ-

270 1137 415 1181 σαν,
443 1119 538 1172 καὶ
563 1117 836 1187 μαστοὺς
859 1116 1104 1183 ξηροὺς.
1138 1115 1246 1166 Καὶ
1272 1112 1325 1165 εἴ
1349 1129 1432 1173 τις
1463 1111 1618 1173 ἄλλος
1657 1111 1713 1162 ἐν
1741 1112 1852 1172 τοῖς

271 1211 448 1280 ἁγίοις
484 1208 734 1280 εὑρεθείη
764 1206 1000 1269 τοιοῦτος
1033 1205 1220 1272 λόγος,
1255 1202 1429 1273 θυμοῦ
1463 1217 1584 1254 τινα
1617 1216 1854 1269 κατηγο-

277 1305 402 1372 ρίαν
428 1302 523 1355 καὶ
564 1299 839 1370 σημασίαν
868 1298 1026 1367 ἔχων,
1057 1295 1192 1367 πρὸς
1221 1295 1318 1365 τὴν
1342 1292 1597 1364 τοιαύτην
1638 1294 1854 1354 πάντως

273 1398 515 1452 διάνοιαν
547 1394 761 1464 βλέπει,
791 1392 824 1463 ἦ
860 1390 1091 1461 ἐξορίζοι
1130 1389 1192 1443 τὸ
1220 1387 1416 1449 κακὸν,
1450 1387 1550 1440 οὐκ
1585 1385 1856 1456 ἐπιτρίὸοι

275 1487 371 1540 τὸν
391 1486 696 1556 ἄνθρωπον.
721 1481 865 1547 Θεὸς
881 1480 1142 1536 θάνατον
1165 1480 1274 1532 οὐκ
1287 1477 1597 1542 ἐποίησεν.
1617 1474 1858 1536 Ἀκούεις

277 1577 381 1647 τῆς
410 1576 734 1644 ἀποφάσεως
757 1591 772 1639 ;
798 1573 922 1635 Πῶς
945 1567 1039 1625 οῦν
1067 1571 1149 1632 εἰς
1172 1568 1262 1622 τὸν
1285 1567 1429 1620 κατά
1447 1567 1556 1619 τῶν
1594 1565 1738 1618 ἰδίων
1764 1565 1860 1618 αύ-

277 1668 374 1722 τοῦ
398 1666 603 1736 ἐχθρῶν
637 1666 864 1719 θάνατον
891 1662 1224 1733 παρακαλεῖν
1258 1658 1448 1729 ἔμελλε
1473 1658 1563 1710 τὸν
1589 1656 1744 1719 Θεὸν,
1770 1657 1860 1709 τὸν

1943 466 2209 521 Jeremias
2273 463 2583 520 vehementi
2646 474 2700 516 et
2770 463 2982 516 ardenti
3044 462 3270 530 pietatis
3333 476 3521 526 amore

1951 559 2235 629 praeditus,
2262 558 2464 611 insano
2490 555 2908 610 simulacrorum
2945 553 3114 608 cultui
3145 553 3332 607 dedito
3375 567 3521 623 rege.

1945 651 2039 718 qui
2077 659 2208 704 tunc
2267 649 2570 718 regnabat,
2616 653 2671 701 et
2724 645 2964 702 subditis
3014 645 3204 700 eodem
3253 660 3377 698 eum
3429 645 3525 700 illo

1949 754 2135 795 errore
2165 740 2429 793 involutis
2471 753 2688 806 unaque
2742 735 3041 806 perversis,
3088 750 3197 790 non
3240 736 3524 805 proprium

1953 830 2179 900 aliquod
2213 827 2620 883 incommodum
2653 836 2829 888 curat,
2861 825 2957 880 sed
2989 840 3090 894 pro
3119 825 3398 879 communi
3426 824 3529 877 ho-

1951 921 2160 974 minum
2192 920 2336 974 bono
2369 919 2478 974 Deo
2507 933 2703 990 preces
2736 917 2917 980 offert,
2962 931 3162 986 rogans
3188 923 3247 969 ut
3295 931 3391 986 per
3430 915 3534 968 im-

1952 1019 2160 1080 petum,
2186 1010 2278 1079 qui
2311 1009 2571 1064 adversus
2597 1024 2711 1073 eos,
2743 1008 2835 1077 qui
2879 1007 3157 1077 impietate
3180 1022 3239 1062 se
3264 1005 3534 1060 contami-

1954 1109 2200 1161 nassent,
2231 1101 2626 1168 susciperetur,
2657 1099 2974 1154 universum
3007 1113 3180 1168 genus
3229 1097 3532 1151 humanum

1955 1191 2022 1244 ad
2054 1191 2343 1245 sanitatem
2377 1189 2730 1244 reduceretur
2755 1189 2819 1242 ’⁷.
2855 1187 3122 1243 Similiter
3151 1195 3333 1243 autem
3364 1189 3533 1243 etiam

1956 1280 2224 1350 propheta
2252 1278 2444 1343 Oseas,
2494 1293 2618 1333 cum
2655 1279 2799 1334 inter
2851 1279 3130 1334 lsraelitas
3174 1279 3532 1333 vitiositatem

1958 1379 2119 1440 atque
2149 1371 2408 1424 malitiam
2436 1377 2567 1424 tunc
2592 1370 2886 1426 fecundam
2926 1386 3049 1425 esse
3086 1369 3314 1437 videret,
3342 1372 3538 1425 merito

1961 1463 2246 1519 sterilitate
2270 1478 2366 1517 eos
2399 1463 2746 1528 condemnat,
2792 1471 2846 1518 et
2878 1464 3074 1518 acerba
3111 1463 3319 1534 peccati
3369 1466 3538 1518 ubera

1961 1569 2215 1609 arescere
2239 1555 2374 1616 vult,
2405 1563 2464 1607 ut
2491 1570 2668 1623 neque
2693 1563 3034 1620 nasceretur,
3072 1571 3254 1624 neque
3299 1555 3539 1609 aleretur

1963 1647 2166 1700 malum
2199 1647 2533 1702 hominibus.
2567 1647 2781 1702 Idcirco
2827 1649 3093 1718 prepheta
3132 1665 3145 1699 :
3180 1648 3282 1711 Da,
3339 1648 3537 1715 inquit,

277 1757 383 1825 τῆς
417 1716 519 1808 ξοὲ
550 1754 780 1806 Θανάτου
821 1716 1101 1821 ἐνεργείας
1135 1716 1452 1818 ἀλλότιριοκη
1483 1747 1558 1800 Οὐ
1599 1746 1859 1816 τέρπεται

1981 1737 2094 1798 llis,
2133 1736 2374 1799 Domine,
2402 1738 2609 1792 vulvam
2638 1716 2891 1800 sterilem.
2928 1716 2978 1794 et
3003 1739 3163 1792 ubera
3195 1739 3335 1792 sicca
3364 1739 3431 1790 ".
3465 1739 3542 1791 Ac

279 1848 372 1898 ἐπ’
408 1843 652 1912 ἀπωλείᾳ
685 1841 922 1904 ζώντων.
972 1838 1135 1890 Ἀλλὰ
1182 1834 1536 1906 βαττολογῶν,
1581 1833 1675 1886 καὶ
1719 1831 1860 1884 κατά

281 1937 392 1990 τῶν
420 1936 564 1989 ἰδίων
598 1933 806 2004 ἐχθρῶν
833 1932 932 2002 τὴν
953 1929 1051 1983 τοῦ
1076 1928 1211 1982 Θεοῦ
1234 1925 1422 1995 φιλανθ
1433 1924 1642 1996 ρωπίαν
1685 1939 1862 1994 παρα-

283 2029 474 2089 κινῶν,
505 2024 896 2096 ἐπιτερφθῆναι
927 2025 1047 2084 ταῖς
1073 2017 1438 2092 ἀνθρωπίναις
1461 2015 1622 2068 αὑτὸν
1653 2029 1856 2082 συμφοο

287 2122 412 2189 ραῖς
439 2117 807 2185 ἐγκελεύεται.

1967 1827 2010 1882 si
2041 1828 2165 1896 quis
2197 1828 2337 1883 alius
2362 1829 2417 1882 in
2449 1829 2658 1884 sanctis
2688 1830 2962 1900 ejusmodi
2999 1846 3178 1887 sermo
3207 1829 3542 1890 inveniatur,

1968 1921 2064 1989 qui
2112 1921 2248 1972 iram
2296 1921 2480 1990 aliquo
2527 1923 2689 1977 modo
2723 1931 2914 1993 arguat
2939 1930 3103 1993 atque
3147 1921 3438 1994 signiﬁcet,
3476 1921 3545 1973 ad

1969 2011 2239 2079 ejusmodi
2285 2013 2506 2065 omnino
2537 2015 2864 2068 sententiam
2920 2021 3148 2082 spectat,
3180 2027 3302 2082 qua:
3351 2011 3546 2064 vitium

1971 2102 2223 2170 expellat,
2248 2119 2356 2158 non
2389 2105 2663 2160 hominem
2692 2105 2970 2160 conﬁciat.
3018 2105 3244 2159 Mortem
3274 2105 3412 2157 Deus
3445 2117 3549 2155 non

286 2209 412 2275 fecit
446 2211 512 2263 ’9.
572 2207 744 2261 Audis
809 2201 1179 2260 sententiam?
1223 2197 1510 2265 Quomodo
1566 2195 1730 2265 igitur
1783 2193 1838 2246 in
1904 2203 2131 2248 mortem
2175 2209 2401 2249 suorum
2455 2197 2628 2266 ipsius
2675 2198 3024 2252 inimicorum
3068 2203 3362 2267 rogaturus
3403 2201 3552 2248 esset

292 2301 488 2366 Deum,
515 2299 606 2368 qui
641 2297 890 2356 a.mortis
912 2294 1150 2350 ellicacia
1178 2293 1390 2346 alienus
1417 2289 1536 2344 est?
1563 2286 1685 2340 Non
1715 2287 2018 2340 delectatur
2051 2285 2356 2353 perditione
2387 2288 2655 2342 vivorum.
2687 2289 2752 2341 At
2785 2290 2830 2344 is
2862 2291 2958 2359 qui
2988 2288 3238 2352 blaterat,
3276 2296 3331 2343 ct
3364 2288 3552 2341 adver-

290 2413 394 2452 sus
419 2410 550 2449 suos
578 2393 828 2446 inimicos
853 2389 1248 2444 humanitatem
1281 2386 1374 2439 Dei
1405 2385 1664 2445 concitat,
1707 2382 1956 2436 hortatur
1991 2395 2135 2445 eum,
2166 2391 2225 2435 ut
2256 2385 2657 2441 calamitatibus
2695 2385 2976 2441 hominum
3007 2389 3325 2444 delectetur.

377 2483 516 2536 ’Λλλ’
548 2483 650 2554 ἤδη
679 2483 839 2544 τινὲς,
875 2483 1030 2551 φησί,
1071 2482 1163 2534 καὶ
1207 2480 1392 2552 ἀρχῶν
1420 2479 1513 2533 καὶ
1554 2475 1749 2546 τιμῶν,
1780 2473 1872 2525 καὶ

289 2575 529 2630 πλούτου
580 2573 910 2644 ἠξιώθησαν,
960 2575 1091 2643 εὐχῇ
1132 2572 1267 2643 πρὸς
1316 2569 1474 2624 τοῦτο
1514 2567 1868 2639 χρησάμενοι,

289 2669 390 2720 καὶ.
427 2665 694 2733 θεοφιλεῖς
726 2660 865 2716 εἶναι
903 2663 990 2716 διά
1019 2667 1118 2732 τῆς
1145 2664 1398 2730 τοιαύτης
1430 2660 1719 2730 εύκληρίας
1769 2657 1874 2708 ὑπ-

291 2759 614 2828 ενοήθησαν.
673 2756 796 2816 Πῶς
843 2751 934 2807 οῦν
979 2753 1263 2823 ἀπείργεις
1291 2754 1456 2822 ἡμᾶς,
1486 2749 1630 2803 εἴποι
1670 2765 1752 2809 τις
1785 2746 1874 2810 ἂν,

293 2851 428 2919 περὶ
458 2850 569 2902 τῶν
591 2847 846 2900 τοιούτων
884 2846 1180 2917 προσάγειν
1226 2844 1305 2915 τῷ
1334 2843 1452 2912 Θεῷ
1489 2841 1587 2905 τὰς
1628 2841 1875 2909 δεήσειςς

295 2942 436 2994 ἀλλά
465 2940 525 2993 τὸ
556 2940 654 3008 μὲν
679 2938 854 2992 πάντα
884 2938 1033 3000 θείας
1060 2935 1292 3006 ἐξῆφθαι
1318 2933 1533 3004 βουλῆς,
1551 2933 1644 2986 καὶ
1674 2930 1880 2984 ἄνωθεν

297 3031 700 3101 οἰκονομεῖσθαι
742 3031 832 3082 τὸν
871 3030 992 3100 τῇδε
1037 3029 1171 3100 βίον,
1221 3030 1383 3083 παντὶ
1431 3026 1588 3096 δῆλόν
1616 3027 1754 3088 ἐστι,
1787 3022 1883 3076 καὶ

298 3127 401 3179 οὐκ
430 3125 498 3178 ἄν
527 3141 610 3182 τις
643 3122 884 3176 ἀντείποι
914 3121 990 3192 τῷ
1036 3121 1197 3191 λόγῳ.
1240 3119 1358 3172 Τῶν
1393 3118 1450 3171 δέ
1482 3116 1737 3170 τοιούτων
1783 3115 1882 3184 τῆς

300 3215 474 3284 εὐχῆς
507 3212 944 3282 κατορθωμάτων
999 3211 1164 3274 ἄλλας
1220 3210 1398 3274 αἰτίας
1442 3208 1742 3280 ἐμάθομεν,
1785 3207 1886 3276 οὐχ

302 3304 380 3364 ὡς
409 3300 594 3369 ἀγαθά
623 3299 839 3362 πάντως
871 3300 964 3352 τοῦ
999 3298 1134 3352 Θεοῦ
1184 3295 1354 3350 ταῦτα
1397 3298 1508 3358 τοῖς
1553 3291 1762 3346 αἰτοῦσι
1796 3291 1883 3343 νέ-

305 3409 537 3464 μοντος·
572 3393 686 3446 ἀλλ’
717 3392 793 3455 ὡς
826 3392 891 3445 ἂν
933 3391 1020 3444 διὰ
1051 3389 1256 3443 τούτων
1307 3387 1578 3458 βεδαιωθῇ
1609 3390 1720 3450 τοῖς
1760 3388 1886 3440 ἐπι-

307 3484 682 3554 πολαιοτέροις
702 3486 735 3553 ὴ
761 3483 896 3554 πρὸς
929 3482 1019 3536 τὸν
1050 3481 1182 3534 Θεὸν
1208 3480 1409 3544 πίστις,
1441 3481 1537 3533 καὶ
1567 3481 1687 3532 κατ’
1709 3479 1890 3546 ὀλίγον

307 3579 366 3630 ἐν
402 3579 523 3637 ταῖς
557 3573 907 3645 μικροτέραις
934 3572 1042 3624 τῶν
1071 3573 1358 3642 αἰτήσεων,
1388 3571 1451 3622 τὸ
1489 3570 1780 3622 ἐπακούειν
1801 3570 1890 3623 τὸν

308 3668 448 3720 Θεὸν
476 3666 584 3718 τῶν
615 3663 834 3717 ίκεσιῶν
870 3665 935 3733 τῇ
967 3666 1134 3733 πείρα
1167 3662 1546 3732 μανθάνοντες,
1575 3659 1891 3729 ἀνέλθοιμέν

309 3775 447 3810 ποτε
481 3757 617 3828 πρὸς
647 3756 745 3825 τὴν
776 3754 882 3806 τῶν
914 3752 1132 3822 ὑψηλῶν
1180 3770 1242 3805 τε
1293 3753 1388 3805 καὶ
1436 3750 1755 3820 θεοπρεπῶν
1787 3749 1891 3802 δω-

311 3849 580 3918 ρημάτων
630 3846 947 3915 ἐπιθυμίαν.
1003 3843 1267 3913 Καθάπερ
1307 3843 1401 3895 ἐπὶ
1453 3844 1562 3895 τῶν
1609 3841 1894 3912 ἡμετέρων

310 3941 522 3990 τέκνων
536 3936 749 4006 ὁρῶμεν
769 3953 782 3965 ·
800 3935 836 3988 ἃ
853 3934 987 3996 τέως
1007 3933 1105 4004 μὲν
1119 3937 1184 4003 τῇ
1210 3933 1436 4004 μητρῷα
1457 3933 1591 4003 θηλῇ
1624 3930 1896 4002 προσφύε-

314 4045 441 4086 ται,
466 4027 592 4077 ὅσον
626 4027 793 4093 χωρεί
818 4026 850 4092 ἡ
898 4023 1079 4091 φύσις,
1112 4021 1365 4086 τοσοῦτον
1391 4023 1541 4092 παρά
1569 4023 1667 4090 τῆς
1705 4036 1895 4089 γεννη-

317 4115 563 4184 σαμένης
603 4111 978 4182 ἐπιζητοῦντα·
1015 4115 1064 4164 εί
1094 4112 1149 4166 δέ
1180 4111 1572 4182 ὑπανδρυνθείη
1596 4111 1658 4163 τὸ
1682 4113 1892 4181 νήπιον,

316 4204 410 4256 καί
440 4221 566 4254 τινα
601 4201 896 4272 προσλάϐοι
938 4201 1030 4254 τοῦ
1065 4201 1397 4268 φθέγγεσθαι
1437 4201 1684 4270 δύναμιν,
1727 4217 1897 4253 κατα-

318 4299 510 4365 φρονεί
543 4293 646 4364 μὲν
687 4293 1014 4371 τῆςοθηλῆς,
1039 4293 1192 4363 ζητεῖ
1231 4293 1288 4345 δέ
1316 4310 1369 4344 τι
1403 4292 1661 4357 τοιοῦτον,
1697 4293 1729 4362 ἢ
1763 4309 1896 4362 προ-

318 4386 535 4454 κόμιον,
569 4383 602 4453 ἢ
644 4384 875 4452 ἱμάτιον,
908 4385 942 4453 ἡ
970 4401 1089 4436 τινα
1111 4381 1356 4446 τοιαῦτα,
1393 4377 1475 4445 οἷς
1500 4384 1528 4434 ὁ
1557 4383 1666 4435 τῶν
1693 4382 1898 4453 νηπίων

317 4473 600 4543 ὀφθαλμὸς
631 4474 982 4544 ἐπιτέρπεται
1003 4490 1017 4504 ·
1057 4474 1278 4527 ἐπειδάν
1305 4474 1362 4528 δὲ
1390 4475 1470 4536 εἰς
1503 4473 1716 4544 ἠλικίαν
1745 4472 1894 4544 ἔλθῃ,

320 4565 412 4617 καί
445 4564 751 4634 συναυξηθῇ
790 4565 865 4634 τῷ
890 4563 1155 4634 σώματιὴ
1190 4564 1416 4628 διάνοια,
1441 4565 1560 4618 τότε
1595 4565 1772 4626 πάσας
1802 4563 1900 4626 τὰς

317 4654 578 4715 παιδικὰς
623 4652 916 4722 ἐπιθυμίας
950 4652 1283 4716 καταλιπὼν,
1326 4654 1394 4706 τὰ
1441 4654 1520 4722 τῷ
1556 4653 1745 4724 τελείῳ
1784 4653 1901 4722 βλέ-

320 4761 492 4796 ποντα
529 4744 629 4813 βίῳ
660 4746 810 4814 παρά
843 4745 949 4796 τῶν
981 4745 1181 4812 γονέων
1219 4746 1533 4813 αἰτήσεταιο
1566 4743 1708 4797 οὕτω
1755 4745 1848 4796 καί
1873 4745 1901 4796 ὁ

319 4835 453 4896 Θεὸς
495 4834 689 4897 ἐθίζων
725 4836 816 4888 τὸν
860 4836 1143 4906 ἄνθρωπον
1180 4835 1268 4889 διά
1301 4835 1517 4888 πάντων
1562 4836 1698 4905 πρὸς
1740 4835 1901 4888 αὑτὸν

323 4927 568 4997 βλέπειν,
616 4926 702 4980 διὰ
746 4926 904 4980 τοῦτο
947 4927 1206 4990 πολλάκις
1250 4927 1368 4980 οὑδέ
1405 4927 1513 4980 τῶν
1565 4928 1904 4999 μικροτέρων

321 5018 590 5086 αἰτήσεων
627 5017 856 5086 ἀνήκοος
890 5016 1120 5081 γίνεται,
1148 5018 1222 5080 ὡς
1253 5016 1318 5070 ἂν
1349 5018 1442 5068 ἐπὶ
1472 5019 1538 5086 τῇ
1568 5017 1676 5068 τῶν
1710 5015 1908 5085 ὑψηλο-

321 5107 496 5176 τέρων
536 5107 798 5178 ἐπιθυμίᾳ
840 5107 928 5160 διὰ
959 5109 1057 5178 τῆς
1102 5111 1159 5162 ἐν
1191 5111 1298 5172 τοῖς
1346 5111 1558 5178 μικροῖς
1590 5109 1906 5178 εὐεργεσίας

324 5199 418 5248 τὸν
457 5200 792 5268 τετυχηκότα
825 5200 921 5269 τῆς
951 5200 1170 5270 χάριτος
1214 5200 1658 5269 προσκαλέσαιτο.
1702 5200 1813 5253 Καὶ
1841 5201 1906 5254 σὺ

326 5289 527 5352 τοίνυν,
555 5293 603 5343 εί
633 5294 661 5344 ὁ
707 5292 856 5345 δεῖνα
899 5292 1088 5360 γέγονε
1133 5291 1253 5364 θείᾳ
1277 5279 1516 5364 ’προνοίᾳ
1551 5291 1815 5362 γνώριμός
1845 5307 1906 5343 τε

331 5381 421 5431 καί
468 5381 828 5451 περίϐλεπτος
879 5382 938 5447 ἐξ
985 5384 1383 5454 ἀφανεστέρων,
1435 5384 1466 5453 ἢ
1520 5383 1647 5438 ἄλλο
1689 5400 1740 5436 τι
1799 5381 1906 5435 τῶν

330 5471 470 5524 κατὰ
495 5473 587 5524 τὸν
608 5472 717 5526 θίον
739 5473 927 5526 τοῦτον
958 5474 1395 5544 ἐπιζητουμένων
1419 5476 1548 5528 ἐκτύ
1558 5492 1705 5542 σατο,
1731 5475 1908 5546 ἀρχὴν

408 5648 454 5682 ³⁷
493 5649 691 5706 Jerent.
730 5671 781 5721 χ,
818 5655 840 5708 l
881 5669 1000 5723 sqq.

2057 2472 2251 2527 Verum
2288 2476 2425 2544 jam,
2454 2478 2652 2548 inquit,
2689 2479 2941 2533 nonnulli
2983 2481 3148 2534 etiam
3201 2480 3548 2549 principatus

1980 2573 2034 2618 et
2061 2565 2292 2621 honores
2322 2607 2335 2630 ,
2384 2578 2434 2622 et
2491 2570 2708 2626 divitias
2756 2573 3037 2626 consecuti
3090 2579 3260 2636 sunt,
3308 2572 3558 2625 oratione

1983 2657 2048 2710 ad
2074 2657 2177 2711 hoc
2211 2658 2316 2723 usi,
2362 2669 2415 2714 et
2454 2662 2524 2716 ob
2561 2662 2830 2731 ejusmodi
2870 2664 3200 2727 felicitatem,
3244 2662 3354 2717 Deo
3401 2664 3556 2719 chari

1983 2762 2104 2802 esse
2126 2751 2424 2805 existimati
2452 2760 2602 2807 sunt.
2627 2753 2914 2818 Quomodo
2939 2754 3104 2824 igitur
3139 2755 3397 2824 prohibes
3425 2770 3548 2819 nos,

1985 2840 2186 2895 dixerit
2239 2844 2462 2913 aliquis,
2498 2844 2566 2899 de
2598 2847 2873 2915 ejusmodi
2910 2848 3074 2902 rebus
3121 2862 3313 2916 preces
3356 2847 3556 2905 oﬂerre

1998 2928 2144 2984 Deo?
2200 2933 2492 2989 Enimvero
2527 2937 2709 2990 omnia
2756 2939 2975 3007 quidem
3027 2939 3264 3008 pendere
3299 2955 3327 2993 a
3373 2939 3560 2996 divino

1990 3023 2241 3086 consilio,
2271 3032 2433 3093 atque
2453 3041 2689 3095 superne
2721 3030 2832 3098 regi
2861 3024 3001 3083 han'e
3035 3031 3199 3084 vitam
3259 3039 3558 3098 terrenam,

1990 3129 2153 3168 nemo
2207 3115 2422 3185 ignorat
2459 3137 2470 3170 :
2515 3133 2616 3174 nec
2659 3120 2952 3188 quisquam
2999 3121 3239 3175 orationi
3284 3125 3570 3178 contradi-

1988 3206 2148 3270 xerit,
2179 3206 2275 3261 sed
2313 3208 2503 3262 talium
2547 3209 2814 3264 orationis
2855 3225 3213 3266 succi'ssuum
3248 3212 3384 3268 alias
3431 3228 3566 3267 cau-

1993 3312 2084 3352 sas
2145 3298 2487 3355 didicimus:
2521 3300 2786 3355 nimirum
2840 3302 2986 3371 quod
3039 3318 3146 3357 non
3204 3306 3357 3373 quasi
3412 3305 3558 3359 bona

1992 3402 2220 3457 prorsus
2257 3390 2566 3458 petentibus
2608 3391 2722 3446 haec
2766 3391 2908 3450 Deus
2950 3394 3182 3461 tribuat;
3213 3395 3308 3450 sed
3341 3405 3399 3449 ut
3436 3397 3569 3451 sim-

1990 3477 2308 3546 plicioribus
2346 3488 2442 3548 per
2475 3480 2591 3534 haec
2639 3481 2835 3535 ﬁducia
2875 3498 3004 3554 erga
3053 3485 3216 3539 Deum
3253 3485 3570 3542 stahiliatur

1991 3578 2042 3621 et
2073 3569 2448 3631 conﬁrmetur,
2472 3584 2536 3623 ac
2567 3571 2828 3638 paulatim
2866 3589 2964 3642 per
3005 3575 3244 3629 minores
3276 3578 3568 3646 petitiones

1993 3655 2328 3721 experientia
2363 3656 2504 3725 'ipsa
2547 3657 2852 3721 discentes,
2901 3662 3046 3729 quod
3103 3665 3378 3732 supplices
3425 3664 3569 3721 Deus

1993 3747 2268 3810 exaudiat,
2296 3749 2581 3817 erigamur'
2596 3749 2814 3803 tandem
2834 3751 3128 3821 aliquando
3153 3753 3218 3807 ad
3249 3755 3568 3811 sublimium

1995 3835 2199 3904 pariter
2241 3844 2294 3889 et
2339 3835 2510 3890 Deum
2558 3835 2870 3892 decentium
2925 3840 3192 3895 donorum
3235 3842 3569 3898 desiderium

1968 3930 2159 3996 'atque
2196 3926 2574 3998 cupiditatem.
2608 3930 3079 3995 Quemadmodum
3119 3933 3172 3986 in
3210 3935 3414 3990 nostris
3445 3935 3573 3990 libe-

1997 4019 2074 4073 ris
2105 4019 2369 4083 videmus,
2401 4021 2496 4088 qui
2541 4021 2698 4076 initio
2747 4022 2968 4092 quidem
3013 4024 3272 4081 uberibus
3308 4028 3573 4083 maternis

1999 4111 2292 4175 adiicerent,
2337 4120 2598 4181 quantum
2644 4123 2835 4167 natura
2879 4117 3044 4185 capit,
3083 4125 3293 4172 tantum
3330 4133 3358 4171 a
3400 4128 3574 4174 matre

2001 4201 2361 4275 requirentes.
2397 4201 2551 4268 Quod
2592 4205 2638 4256 si
2687 4203 2866 4258 infans
2903 4208 3219 4271 adoleverit,
3249 4217 3300 4263 et
3332 4209 3574 4278 aliquam

2002 4292 2315 4347 facultatem
2348 4293 2600 4362 loquendi
2645 4296 2872 4365 adeptus
2897 4297 3081 4357 fuerit.
3122 4313 3412 4352 mammam
3451 4300 3577 4368 qui-

1929 4414 1975 4470 Ι)
2002 4385 2124 4438 dem
2164 4386 2393 4454 respuit,
2432 4387 2626 4453 quaerit
2663 4395 2843 4440 autem
2895 4388 3096 4457 aliquid
3145 4389 3448 4457 ejusmodi,
3493 4393 3576 4446 vel

2003 4491 2216 4530 comam
2248 4477 2639 4545 apposititiam,
2670 4479 2750 4532 vel
2793 4479 3038 4546 pallium,
3075 4482 3157 4536 vel
3201 4483 3379 4552 aliqua
3423 4485 3578 4548 talia,

2003 4570 2204 4636 quibus
2235 4566 2524 4620 infantium
2554 4569 2699 4622 oculi
2723 4569 3096 4636 delectantur;
3123 4575 3218 4627 sed
3257 4575 3346 4628 ubi
3382 4574 3449 4628 ad
3490 4577 3583 4630 llr-

2005 4659 2231 4712 miorem
2265 4666 2477 4711 tetatem
2521 4662 2850 4728 pervenerit,
2878 4671 2932 4717 et
2966 4679 3121 4718 mens
3155 4680 3260 4718 una
3293 4680 3416 4718 cum
3460 4682 3584 4721 cor-

2004 4765 2136 4820 pore
2167 4751 2421 4817 creverit,
2455 4760 2585 4806 tunc
2619 4757 2876 4811 omnibus
2921 4757 3226 4825 puerilibus
3269 4759 3468 4814 studiis
3507 4768 3588 4815 at-

2006 4858 2113 4911 que
2141 4841 2433 4897 desideriis
2466 4845 2710 4905 omissis.
2737 4863 2798 4900 ea
2827 4863 2948 4917 qua:
2981 4848 3046 4902 ad
3076 4848 3376 4917 perfectam
3416 4853 3584 4905 vitam

2008 4941 2285 5000 spectant,
2333 4946 2362 4986 a
2394 4935 2736 5005 parentibus
2803 4939 3076 5007 petiturus
3113 4949 3248 4994 est:
3294 4940 3368 4995 ita
3420 4943 3585 4996 etiam

2010 5022 2174 5086 Deus,
2205 5024 2299 5094 qui
2333 5038 2434 5093 per
2485 5026 2670 5079 omnia
2716 5028 2994 5082 hominem
3029 5031 3094 5083 ad
3147 5047 3271 5086 sese
3313 5033 3588 5100 respicere

2009 5114 2335 5177 assuefacit,
2374 5115 2579 5170 idcirco
2607 5131 2983 5186 saepenumero
3022 5135 3090 5174 ne
3124 5123 3433 5175 minoribus
3467 5122 3588 5190 qui-

2011 5204 2133 5259 dem
2165 5205 2526 5274 petitionibus
2553 5221 2715 5262 aures
2740 5209 2985 5278 praebere
3013 5209 3249 5276 fastidit,
3282 5221 3338 5265 ut
3367 5212 3433 5265 ad
3467 5213 3589 5266 sub.

2017 5295 2291 5349 limiorum
2332 5312 2520 5352 rerum
2548 5299 2906 5363 desiderium,
2945 5315 3042 5371 per
3081 5317 3372 5370 parvarum
3403 5316 3585 5354 rerum

2014 5389 2357 5458 largitionem
2408 5405 2558 5452 eum.
2614 5394 2707 5459 qui
2740 5392 2844 5445 hoc
2891 5392 3220 5448 beneficium
3257 5402 3586 5448 consecutus

2013 5478 2206 5545 fuerit,
2249 5480 2466 5536 invitet.
2497 5480 2559 5534 Et
2587 5489 2646 5533 tu
2684 5480 2876 5549 igitur,
2926 5483 2972 5536 si
3014 5482 3106 5538 ille
3147 5491 3202 5538 ct
3260 5483 3349 5538 ille
3403 5480 3587 5536 divina

1077 5653 1122 5687 "
1161 5654 1288 5710 Ose.
1321 5669 1409 5716 lx,
1443 5655 1526 5708 Η.
1604 5657 1647 5688 ³³
1689 5655 1815 5724 Sap.
1851 5671 1890 5724 ι,
1924 5655 2012 5712 15.
