3996 6196
546 256 694 316 H35
1823 251 1883 308 S.
1923 249 2256 309 GREGORII
2291 251 2584 312 NYSSENI
3085 303 3087 306 r
3602 270 3710 327 1136

543 370 900 445 providentia
925 368 1135 425 nobilis
1161 375 1220 425 et
1243 367 1484 425 illustris
1516 367 1770 424 obscuris
1806 369 2121 438 parentibus

2159 375 2207 434 Α
2234 369 2269 440 ἢ
2309 369 2562 438 πλοῦτον,
2597 371 2633 444 ἢ
2667 369 3050 445 περιφάνειαν,
3083 372 3193 428 νόει
3216 373 3301 429 τὸν
3343 377 3532 444 σκοπὸν,
3553 381 3620 435 ὅτι
3652 403 3714 442 σοι

539 475 706 522 ortus
733 463 928 528 evasit,
974 470 1069 517 aut
1100 462 1308 533 aliquid
1351 463 1496 519 aliud
1547 479 1614 520 ex
1654 463 1727 518 iis
1763 461 1950 526 rebus,
2005 477 2117 533 qua

2236 462 2514 528 ἀπόδειξις
2545 463 2649 534 τῆς
2684 463 2929 535 μεγάλης
2973 464 3244 536 δυνάμεως
3280 467 3365 520 τοῦ
3407 469 3524 523 Θεοῦ
3554 473 3584 544 ἠ
3619 476 3718 546 περὶ

549 573 640 612 res
665 573 762 627 per
795 557 940 611 hanc
962 558 1133 611 vitam
1164 564 1522 626 expetuntur,
1570 555 1889 626 acquisivit,
1927 554 2127 625 princi-

2235 548 2410 605 ταῦτα
2437 550 2819 621 φιλανθρωπία
2841 551 3072 620 γίνεται.
3118 555 3202 609 ἵνα
3235 555 3318 610 διὰ
3341 556 3426 611 τοῦ
3447 563 3604 631 τυχεῖν
3637 564 3719 619 τῶν

541 656 764 719 patum,
820 649 906 704 vel
936 647 1186 711 divitias,
1237 655 1334 701 aut
1375 646 1790 711 claritudinem,
1839 645 2119 702 considera

2236 641 2504 697 παιδικῶν
2546 641 2900 716 ἀθυρμάτων,
2926 645 3055 717 περὶ
3083 645 3188 699 τῶν
3216 646 3449 717 μειζόνων
3471 652 3554 704 καὶ
3569 653 3719 707 τελειο-

545 753 790 810 quonam
821 739 938 794 hac
990 745 1264 809 spectent,
1306 738 1597 803 nimirum,
1653 737 1803 808 quod
1839 753 1934 806 per
1981 751 2123 802 eam,

2231 733 2406 806 τέρων
2432 736 2790 808 προσαγάγῃς
2817 735 2894 807 τῷ
2924 737 3102 810 Πατρὶ
3125 737 3220 801 τὰς
3244 740 3479 811 αἰτήσεις.
3512 742 3661 798 Ταῦτα
3680 745 3721 799 δέ

546 844 670 898 quae
700 829 848 884 circa
887 828 988 883 has
1017 843 1107 882 res
1132 835 1383 898 apparet,
1417 827 1826 882 humanitatem
1859 828 1914 880 in
1954 825 2124 882 rebus

1764 842 1826 881 em
1859 828 1914 880 in
1954 825 2125 882 rebus
2233 827 2384 882 ἐστιν
2409 827 2512 882 ὅσα
2545 829 2626 892 είς
2660 829 2838 901 ψυχὴν
2872 830 3028 902 φέρει
3055 829 3116 883 τὸ
3147 831 3342 900 κέρδος.

548 922 765 993 magnis
797 921 894 978 tibi
929 922 1174 992 potentia
1200 921 1294 976 Dei
1317 920 1754 984 demonstratur,
1776 929 1840 975 ut
1869 935 1968 990 per
2033 919 2162 985 hoc,
2204 921 2353 990 quod
2423 922 2910 990 animadverteris,
2942 937 3048 978 nec
3077 923 3312 978 ludicras
3337 923 3534 993 quidem
3560 941 3612 981 ac
3628 943 3724 997 pue-

549 1014 681 1069 riles
713 1028 802 1068 res
836 1012 1044 1068 frustra
1093 1027 1124 1066 a
1159 1011 1271 1068 Deo
1301 1013 1437 1083 peti,
1469 1012 1540 1068 de
1607 1011 1916 1083 majoribus
1953 1025 2020 1066 ac
2082 1009 2518 1081 perfectioribus
2545 1013 2695 1068 Patri
2730 1027 2920 1083 preces
2965 1011 3204 1082 offeras;
3252 1014 3360 1070 haec
3418 1024 3576 1072 autem
3628 1026 3723 1073 sunt

547 1121 636 1169 ea,
659 1121 782 1176 quae
813 1105 1011 1160 animas
1056 1105 1270 1160 lucrum
1309 1104 1568 1160 afferunt.

619 1197 834 1252 Etenim
867 1198 1254 1254 stultissimum
1288 1195 1476 1262 fuerit,
1511 1197 1557 1252 si
1588 1197 1725 1267 quis
1756 1197 2027 1253 accedens
2050 1195 2122 1251 ad

2301 1195 2412 1249 Kal
2448 1195 2557 1268 γὰρ
2583 1193 2650 1248 ἂν
2679 1195 2766 1266 εἴη
2794 1193 2902 1248 τῶν
2923 1193 3297 1262 άλογωτάτων,
3333 1196 3648 1267 προσελθόντα
3671 1200 3726 1270 τῷ

546 1287 742 1351 Deum,
782 1303 813 1342 a
850 1289 1184 1358 sempiterno
1227 1287 1564 1358 temporaria
1615 1297 1792 1359 roget,
1843 1303 1873 1342 a
1908 1288 2124 1343 coslesti

2227 1285 2350 1357 θεῷ
2382 1286 2563 1359 ζητεῖν
2601 1285 2754 1357 παρὰ
2800 1284 2898 1339 τοῦ
2947 1285 3117 1339 άῖδίου
3162 1285 3231 1338 τὰ
3281 1287 3575 1358 πρόσκαιρα,
3617 1291 3727 1360 παρὰ

547 1386 788 1443 terrena,
811 1377 881 1431 ab
903 1375 1186 1432 Altissimo
1208 1377 1437 1433 humilia
1463 1389 1518 1434 et
1547 1378 1783 1449 ahjecta,
1803 1379 1872 1435 ab
1909 1395 1998 1446 eo,
2032 1378 2125 1450 qui

2229 1376 2326 1431 τοῦ
2380 1377 2702 1448 ἐπουρανίου
2746 1377 2817 1430 τὰ
2843 1375 3081 1444 ἐπίγεια,
3117 1375 3265 1447 παρὰ
3307 1375 3396 1430 τοῦ
3441 1378 3652 1447 Ὑψίστου
3681 1382 3729 1435 τὰ

548 1482 779 1537 regnum
812 1467 1079 1520 caelorum
1104 1468 1358 1538 largitur,
1390 1469 1535 1524 hanc
1557 1479 1829 1525 terrenam
1862 1479 1916 1526 et
1946 1470 2126 1526 humi-

2234 1467 2568 1540 χαμαίζηλα,
2599 1467 2752 1540 παρὰ
2779 1467 2874 1521 τοῦ
2905 1466 3185 1539 βασιλείαν
3209 1467 3436 1539 οὐρανῶν
3457 1469 3728 1541 δωρουμένου

549 1559 654 1613 lem
711 1557 1074 1624 felicitatem;
1137 1561 1210 1616 ab
1231 1575 1297 1617 eo
1341 1561 1438 1632 qui
1473 1561 1706 1632 largitur
1741 1578 1803 1618 ea
1837 1579 1958 1633 quae
1988 1561 2127 1633 eripi

2158 1604 2204 1661 Β
2234 1560 2332 1630 τὴν
2382 1561 2578 1631 γηῒνην
2615 1560 2818 1631 ταύτην
2866 1560 2960 1615 καὶ
2999 1559 3259 1632 ταπεινὴν
3292 1560 3577 1632 εὖκληρίαν,
3619 1564 3727 1633 παρὰ

550 1667 660 1706 non
693 1659 947 1722 possunt,
972 1651 1041 1708 ad
1076 1651 1335 1723 exiguum
1366 1660 1586 1724 tempus
1616 1655 1922 1710 alienarum
1945 1670 2127 1711 rerum

2158 1649 2203 1661 ⁶’
2235 1649 2330 1704 τοῦ
2365 1651 2701 1722 ἅναφαίρετα
2733 1651 3111 1723 χαριζομένου,
3139 1651 3238 1723 τὴν
3279 1654 3335 1705 ἐν
3370 1651 3520 1722 ὀλίγῳ
3557 1652 3646 1707 τῶν
3667 1655 3730 1707 ἀλ-

550 1757 713 1797 usum
747 1762 758 1796 :
792 1757 1024 1812 quarum
1055 1741 1372 1797 necessaria
1406 1741 1626 1812 quidem
1660 1741 1961 1812 ademptio,
2003 1752 2128 1798 tem-

2231 1741 2460 1813 λοτρίων
2510 1742 2727 1813 χρῆσιν,
2788 1734 2864 1794 ὧν
2929 1739 3199 1808 ἀναγκαία
3255 1740 3352 1811 μὲν
3405 1743 3435 1812 ἡ
3488 1742 3729 1814 ἀφαίρεσις,

550 1835 804 1903 porarius
845 1849 976 1888 vero
1025 1831 1381 1900 usufructus,
1437 1841 1492 1889 et
1535 1832 1845 1904 periculosa
1895 1831 2128 1897 admini-

2230 1831 2566 1903 πρόσκαιρος
2611 1830 2668 1884 δὲ
2706 1831 2739 1900 ἡ
2772 1829 3093 1894 ἀπόλαυσις,
3146 1829 3469 1894 ἐπικίνδυνος
3492 1831 3596 1901 δὲή
3626 1832 3729 1885 olito-

550 1924 748 1978 stratio
777 1929 882 1977 est.
913 1921 1152 1978 Pulchre
1179 1929 1363 1977 autem
1399 1936 1498 1992 per
1532 1921 1900 1991 adjectionem
1946 1928 2128 1984 osten-

2229 1922 2391 1994 νομία
2413 1940 2428 1955 ο
2451 1920 2630 1986 καλῶς
2664 1921 2721 1975 δὲ
2753 1921 3053 1993 παρίστησι
3090 1923 3158 1992 τῇ
3186 1920 3458 1994 προσθήκῃ
3485 1921 3539 1975 τὸ
3565 1922 3730 1986 άτοπον,

548 2014 628 2068 dit
663 2013 1084 2078 absurditatem,
1135 2027 1260 2068 cum
1295 2012 1469 2066 dixit:
1516 2011 1666 2068 Sicut
1694 2008 1935 2082 gentiles.
1987 2008 2125 2064 Nam

2228 2012 2418 2080 εἰπὼν,
2462 2014 2690 2082 Ὥσπερ
2738 2014 2794 2068 οἱ
2825 2013 3070 2067 ἐθνικοί.
3117 2012 3194 2066 Τὸ
3224 2010 3328 2086 γὰρ
3356 2011 3560 2082 περὶτὰ
3593 2013 3731 2082 φαινό-

546 2103 599 2156 iu
633 2118 720 2157 res
754 2112 1078 2172 apparentes
1125 2101 1371 2158 studium
1413 2098 1669 2155 conferre
1718 2101 2001 2170 proprium
2041 2107 2124 2156 est

2229 2121 2368 2176 μενα
2395 2105 2493 2175 τὴν
2524 2103 2760 2174 σπουδὴν
2785 2103 2930 2174 ἔχειν
2959 2103 3090 2158 ῐδιόν
3119 2105 3238 2158 ἐστι
3268 2103 3371 2157 τῶν
3409 2104 3644 2175 μηδεμίαν
3665 2101 3732 2156 τοῦ

543 2207 757 2255 eorum,
788 2195 882 2262 qui
917 2194 1126 2247 nullam
1155 2192 1261 2247 sibi
1299 2191 1472 2245 futuri
1519 2192 1706 2246 saeculi
1735 2205 1889 2261 spem
1921 2205 2121 2261 propo—

2227 2192 2515 2262 μέλλοντος
2555 2192 2750 2256 αίῶνος
2798 2194 3007 2257 ἑαυτοῖς
3037 2192 3434 2263 ὑποτιθεμένων
3477 2192 3652 2256 ἐλπίδα,
3679 2190 3733 2262 μὴ

545 2292 704 2347 nunt,
738 2299 847 2338 non
875 2283 1069 2354 judicii
1093 2291 1450 2350 metum,non
1483 2283 1749 2354 gehenna:
1777 2282 1977 2346 minas,
2010 2297 2121 2338 non

2224 2283 2460 2355 κρίσεως
2517 2283 2701 2354 φόϐον,
2760 2284 2834 2356 μὴ
2885 2273 3110 2357 γεέννης
3157 2285 3381 2356 ἀπειλὴν
3399 2325 3412 2347 ,
3453 2284 3521 2356 μὴ
3567 2283 3733 2352 ἀγαθῶν

542 2377 813 2433 bonorum
843 2374 1333 2446 exspectationem,
1372 2389 1481 2429 non
1513 2374 1665 2429 aliud
1699 2373 2003 2444 quidquam
2029 2389 2120 2430 eo-

2223 2372 2578 2445 προσδοκίαν,
2629 2372 2705 2445 μὴ
2737 2373 2864 2428 ἄλλο
2915 2391 2968 2427 τι
3020 2373 3134 2429 τῶν
3173 2374 3314 2428 κατὰ
3365 2373 3459 2445 τὴν
3503 2373 3734 2427 ἀνάστασιν

539 2480 660 2518 rum
696 2480 816 2535 quae
865 2472 1110 2534 tempore
1161 2463 1589 2519 resurrectionis
1641 2449 1962 2532 sperantur,
2023 2463 2117 2533 qui

2222 2460 2624 2533 ἐλπιζομένων,
2674 2462 2724 2516 οἳ
2758 2463 3117 2534 βοσκημάτων
3166 2464 3322 2534 δίκην
3353 2463 3479 2535 πρὸς
3514 2462 3593 2517 τὸν
3632 2478 3736 2532 παρ-

538 2555 704 2610 sicuti
745 2569 944 2624 pecora
969 2555 1036 2608 ad
1090 2560 1423 2624 praesentem
1466 2553 1635 2608 vitam
1677 2553 1878 2608 intenti
1937 2553 2116 2624 quod-

2220 2552 2349 2606 όντα
2382 2553 2619 2624 ὁρῶντες
2661 2554 2814 2626 βίον,
2862 2556 2999 2628 ὅπερ
3030 2556 3099 2610 ἂν
3151 2554 3332 2628 λαιμῷ
3360 2558 3447 2610 καὶ
3491 2555 3639 2626 κοιλίᾳ
3666 2555 3735 2607 καὶ

537 2661 760 2717 cunque
792 2645 937 2717 gula:
975 2660 1039 2700 ac
1066 2644 1266 2708 ventri,
1292 2644 1634 2715 reliquisque
1671 2643 1924 2714 corporis
1958 2643 2115 2698 volu-

2219 2647 2341 2708 ταῖς
2389 2645 2603 2709 λοιπαῖς
2639 2645 2734 2699 τοῦ
2769 2645 3017 2717 σώματος
3049 2647 3404 2718 ἡδυπαθείαις
3447 2647 3733 2719 χαρίζωνται,

534 2740 778 2809 ptatibus
805 2738 1094 2808 indulgere
1138 2737 1377 2808 possint,
1430 2737 1486 2792 id
1537 2737 1595 2792 in
1638 2742 1796 2806 parte
1841 2735 2112 2790 bonorum

2218 2735 2376 2790 τοῦτο
2403 2737 2460 2790 ἐν
2497 2735 2716 2806 ἀγαθῶν
2756 2737 3001 2808 κρίνουσι
3040 2739 3230 2811 μοίρᾳ,
3284 2741 3317 2811 ἢ
3374 2739 3431 2792 τὸ
3481 2735 3732 2810 πρωτεῦσαι

535 2829 742 2892 locant,
781 2830 863 2884 vel
895 2828 1272 2899 principatum
1325 2827 1473 2884 inter
1535 2827 1752 2897 aliquos
1811 2834 2022 2892 tenere,
2060 2831 2113 2880 et

2217 2843 2402 2894 τινων,
2433 2829 2528 2882 καὶ
2560 2828 2620 2881 τὸ
2659 2829 2799 2900 ὑπὲρ
2829 2830 2956 2893 τοὺς
2979 2829 3205 2895 λοιποὺς
3235 2831 3556 2902 νομισθῆναι,
3588 2829 3616 2900 ἢ

527 2920 762 2992 reliquis
792 2927 1057 2990 praestare
1103 2919 1296 2984 videri,
1331 2919 1414 2974 vel
1487 2918 1678 2972 multis
1720 2916 1987 2972 incubare
2031 2924 2105 2970 ta«

2158 2951 2187 3011 Β
2218 2919 2332 2982 λοῖς
2359 2919 2786 2991 ἐπικαθευδῆσαι
2812 2920 3118 2986 ταλάντοις,
3153 2923 3187 2994 ἢ
3237 2923 3291 2977 εί
3323 2940 3374 2976 τι
3409 2922 3526 2976 άλλο
3549 2921 3632 2990 τῆς
3656 2919 3736 2989 βιο-

525 3008 732 3074 lentis,
778 3018 871 3064 aut
901 3008 948 3063 si
980 3007 1115 3078 quid
1147 3007 1297 3062 aliud
1321 3005 1388 3060 de
1407 3005 1573 3075 hujus
1600 3005 1788 3062 saeculi
1830 3003 2103 3061 fraudibus

2157 3003 2187 3011 ⁷
2220 3013 2381 3084 τικῆς
2411 3013 2626 3085 ἀπάτης
2670 3014 2851 3069 ἐστίν·
2879 3012 2962 3080 οἷς
3013 3016 3068 3070 ετ
3115 3035 3206 3082 τις
3249 3019 3314 3073 ἂν
3352 3019 3480 3092 λέγῃ
3519 3018 3630 3088 περὶ
3662 3014 3735 3084 τῆς

529 3099 876 3168 estzquibus
900 3099 948 3154 si
982 3099 1108 3168 quis
1137 3096 1207 3153 de
1253 3096 1438 3150 futura
1472 3110 1571 3166 spe
1600 3095 1770 3160 dicat,
1813 3095 1974 3166 plane
2015 3111 2107 3149 nu-

2223 3101 2522 3172 μελλούσης
2553 3103 2787 3168 ἐλπίδος,
2813 3103 2977 3176 λῆρος
3014 3106 3280 3179 ἄντικρυς
3315 3103 3446 3161 εἶναι
3488 3107 3630 3168 δοκεῖ,
3658 3121 3735 3156 πα·

524 3197 689 3259 gator
721 3205 845 3244 esse
885 3189 1121 3250 videtur,
1173 3186 1493 3257 paradisum
1546 3192 1602 3240 et
1645 3201 1898 3256 regnum,
1926 3193 1981 3241 et
2002 3199 2102 3243 cor:-

2221 3192 2468 3264 ρὰδεισον
2509 3193 2602 3246 καὶ
2635 3192 2931 3263 βασιλείαν,
2964 3194 3058 3250 καὶ
3088 3197 3336 3270 οὐρανῶν
3374 3195 3639 3268 διαγωγὴν,
3669 3193 3737 3247 καὶ

524 3279 724 3332 lestem
777 3278 1195 3343 habitationem,
1253 3283 1309 3332 et
1359 3276 1633 3345 ejusmodi
1684 3291 1774 3332 res
1813 3291 2102 3348 exponens,

2217 3282 2288 3336 τὰ
2320 3283 2542 3338 τοιαῦτα
2585 3284 3012 3357 διεξερχόμενος.
3057 3287 3281 3360 Ἐπειδὴ
3315 3289 3481 3342 τοίνυν
3510 3288 3623 3342 ίδιόν
3652 3287 3735 3338 ἐστι

532 3367 802 3434 Quoniam
826 3369 992 3442 igitur
1019 3369 1304 3440 proprium
1337 3376 1422 3424 est
1452 3382 1670 3434 eorum,
1688 3367 1785 3438 qui
1821 3383 1974 3438 spem
2002 3381 2110 3422 non

2217 3372 2326 3426 τῶν
2370 3373 2444 3445 μὴ
2485 3374 2716 3445 ἐχόντων
2749 3375 2940 3429 ἐλπίδα
2979 3377 3040 3429 τὸ
3077 3379 3504 3450 προστετηκέναι
3539 3380 3599 3448 τῇ
3631 3390 3737 3446 παρ-

529 3457 763 3523 habent,
813 3468 876 3515 ut
929 3459 1190 3531 praesenti
1228 3457 1356 3513 vitae
1401 3457 1780 3514 adhaerescant
1819 3464 1874 3513 et
1913 3457 2107 3514 addicti

2216 3463 2353 3538 οὔσῃ
2383 3463 2521 3536 ζωῇ,
2560 3465 2739 3530 καλῶς
2767 3465 2836 3520 τὰ
2863 3468 3094 3537 περιττὰ
3123 3471 3223 3524 καὶ
3250 3472 3447 3541 μάταια
3476 3469 3567 3540 τῆς
3589 3466 3738 3520 ἐπιθυ-

533 3552 677 3616 siut,
703 3558 853 3607 recte
873 3565 1211 3621 supervacua
1233 3564 1298 3604 ac
1324 3563 1463 3604 vana
1483 3549 1778 3616 desideria,
1806 3563 1926 3620 qua:
1959 3548 2111 3605 volu-

2220 3555 2368 3625 μίας,
2396 3555 2432 3610 ἃ
2464 3555 2532 3610 δι’
2559 3556 2726 3628 εὐχῆς
2756 3558 2957 3612 οἴονται
3004 3561 3310 3632 κατορθοῦν
3337 3562 3534 3624 ἑαυτοῖς
3567 3561 3613 3613 οἱ
3644 3556 3736 3626 φιλσ

530 3642 663 3715 ptati
729 3642 946 3698 addicti
993 3657 1092 3712 per
1145 3642 1455 3698 orationem
1503 3657 1563 3698 se
1614 3641 1970 3698 confecturos
2008 3640 2108 3697 sibi

2215 3646 2412 3717 ήδονοι,
2445 3647 2556 3701 τῶν
2584 3648 2812 3703 ἐθνικῶν
2842 3649 2872 3701 ό
2898 3648 3053 3718 λόγος
3081 3648 3227 3706 εἷναί
3258 3670 3406 3721 φησι,
3421 3653 3521 3705 τῶν
3546 3647 3740 3721 νομιζόν-

529 3749 653 3790 esse
691 3742 907 3802 putant,
947 3734 1232 3804 gentilium
1262 3749 1404 3800 esse,
1460 3733 1746 3805 Scriptura
1784 3733 1942 3799 dicit,
1992 3733 2107 3788 exi-

2212 3754 2322 3790 των
2356 3739 2421 3792 ἐκ
2443 3739 2538 3792 τοῦ
2571 3741 2962 3811 προσλιπαρεῖν
2995 3743 3128 3814 περὶ
3159 3744 3271 3798 τῶν
3293 3745 3500 3798 ἀτόπων
3530 3737 3738 3812 συνεργὸν

528 3825 868 3882 stimantium
912 3839 972 3882 se
1005 3825 1072 3882 de
1106 3827 1272 3884 rebus
1336 3826 1593 3884 absurdis
1635 3827 1858 3884 assidue
1909 3842 1976 3882 ac
2027 3842 2106 3883 se-

2212 3829 2307 3882 ἐπὶ
2355 3829 2424 3884 τὰ
2478 3830 2554 3901 μὴ
2601 3831 2788 3886 δέοντα
2837 3833 2899 3886 τὸ
2956 3832 3112 3887 Θεῖον
3167 3835 3332 3900 ἕξειν.
3379 3833 3588 3888 Δοκοῦσι
3627 3830 3738 3899 γὰρ.

527 3918 657 3974 (Ιιιιο
690 3919 934 3988 rogando
955 3927 1350 3975 consecuturos
1377 3934 1521 3985 esse,
1547 3926 1606 3973 ut
1636 3935 1842 3975 numen
1863 3919 2105 3974 divinum

2213 3920 2412 3990 φησὶν,
2469 3922 2552 3975 ὃτι
2602 3924 2660 3978 ἐν
2720 3927 2785 3996 τῇ
2852 3927 3152 3999 πολυλογίᾳ
3207 3927 3388 3982 αὐτῶν
3443 3919 3739 3988 εἰσακουσθή-

526 4011 609 4066 eis
637 4010 704 4064 ad
737 4025 824 4064 res
849 4025 959 4064 non
987 4017 1167 4065 rectas
1193 4025 1370 4080 neque
1392 4010 1736 4066 necessarias
1777 4009 1980 4064 auxilio
2013 4010 2104 4065 sit.

2213 4025 2417 4065 σονται.
2469 4011 2630 4066 Ἀλλὰ
2677 4013 2851 4069 ταῦτα
2897 4016 3000 4086 μὲν
3042 4016 3080 4070 ἃ
3130 4017 3216 4071 δεῖ
3255 4016 3551 4085 γινώσκειν,
3594 4013 3650 4065 δι’
3681 4002 3739 4060 ὧν

529 4100 859 4156 Existimant
896 4101 1076 4165 enim,
1120 4102 1329 4172 inquit,
1362 4117 1422 4157 se
1452 4109 1672 4172 propter
1701 4100 2107 4171 multiloquium

2211 4099 2576 4173 ἐξητάσαμεν,
2606 4105 2982 4178 ἐδιδάχθημεν.
3015 4107 3152 4162 Οἵαν
3184 4109 3242 4162 δὲ
3269 4111 3523 4180 προσήκει
3559 4103 3624 4174 τῷ
3646 4098 3736 4168 Θεῷ

530 4207 690 4246 suum
725 4192 1041 4247 exauditum
1075 4193 1163 4248 iri.
1198 4191 1392 4248 Verum
1432 4193 1548 4247 haec
1580 4191 1824 4262 quidem,
1853 4206 1974 4261 quae
2013 4207 2108 4248 co-

2210 4193 2509 4264 προσάγειν
2554 4195 2653 4268 τὴν
2696 4197 2899 4270 δέησιν,
2941 4200 3000 4252 ἐν
3047 4203 3162 4264 τοῖς
3191 4202 3394 4272 ἐφεξῆς
3432 4193 3736 4272 ἀκουσόμεθα,

529 4281 703 4350 gitare
727 4290 888 4352 atque
920 4281 1254 4352 perpendere
1284 4288 1522 4350 oportet,
1552 4295 1651 4351 per
1677 4294 1764 4344 ea,
1788 4294 1912 4350 quae
1943 4295 2103 4336 scru-

2157 4295 2181 4350 )
2209 4284 2394 4357 χάριτι
2438 4286 2533 4340 τοῦ
2581 4288 2786 4360 Κυρίου
2821 4291 2978 4361 ἡμῶν
3013 4292 3191 4362 Ἰησοῦ
3222 4292 3478 4366 Χριστοῦ,
3509 4284 3603 4358 ᾧή
3639 4284 3735 4348 δόξα

529 4370 625 4424 tati
657 4385 848 4428 sumus
885 4380 940 4428 et
983 4369 1346 4434 ostendimus,
1395 4369 1571 4425 cdocti
1619 4385 1810 4425 sumus
1842 4370 2098 4440 :qualem

2207 4374 2302 4428 καὶ
2328 4375 2390 4429 τὸ
2418 4374 2639 4447 κράτος,
2676 4377 2756 4440 εἰς
2785 4379 2913 4441 τοὺς
2941 4379 3146 4445 αἰῶνας
3174 4381 3287 4434 τῶν
3325 4380 3545 4436 αἰώνων.
3582 4375 3733 4446 ’Δμήνι

527 4469 707 4516 autem
759 4463 1044 4517 conveniat
1115 4460 1313 4516 oll‘crre
1361 4459 1471 4516 Deo
1513 4460 1905 4531 precationem,
1956 4461 2010 4516 in
2079 4465 2440 4535 sequentibus
2501 4467 2814 4536 audiamus,
2865 4474 3041 4542 gratia
3129 4471 3350 4528 Domini
3439 4467 3593 4526 nostri
3634 4463 3734 4518 παθη

514 4551 745 4618 .Christi,
778 4553 866 4609 cui
905 4551 1074 4623 gloria
1107 4562 1160 4608 et
1192 4551 1480 4621 imperium
1522 4553 1575 4607 in
1620 4551 1819 4608 saecula
1857 4551 2206 4610 saeculorum.
2248 4556 2445 4614 Amen.

1123 4673 1380 4730 ORATIO
1431 4676 1492 4730 ιι.
2523 4657 2530 4662 ’

2523 4657 2530 4662 ’
2823 4689 3041 4743 ΑοΓοΣ
3077 4688 3153 4746 B'.

873 4787 1040 4844 Pater
1066 4798 1262 4852 noster,
1286 4790 1378 4856 qui
1403 4805 1456 4842 es
1486 4789 1540 4842 in
1572 4789 1737 4845 caelis.

2470 4799 2662 4869 Πάτερ
2694 4799 2863 4870 ἡμῶν
2890 4805 2924 4855 ό
2958 4802 3029 4856 ἐν
3056 4803 3182 4871 τοῖς
3215 4805 3510 4874 οὐρανοῖς.

585 4905 723 4963 Cum
748 4922 981 4980 magnus
1010 4909 1098 4964 ille
1127 4907 1341 4981 Moyses
1370 4910 1434 4964 ad
1465 4927 1586 4966 eam
1617 4926 1898 4970 sacrorum
1926 4914 2094 4971 disci-
2161 4919 2163 4921 ’

2161 4919 2163 4921 ’
2277 4921 2404 4976 Ὅτε
2439 4924 2718 4995 προσῆγεν
2741 4925 2771 4978 ό
2800 4927 2974 4997 μέγας
3002 4928 3251 4998 Μωῡσῆς
3288 4931 3356 5000 τῇ
3389 4929 3523 4983 κατὰ
3558 4923 3610 4978 τὺ
3635 4921 3729 4992 ὅρος

519 4997 746 5070 plinam,
807 5015 928 5068 quae
990 5000 1044 5055 in
1103 5010 1288 5057 monte
1349 5003 1761 5073 instituebatur,
1829 5009 2093 5080 populum

2204 5014 2566 5086 μυσταγωγίᾳ
2593 5018 2683 5069 τὸν
2728 5017 3064 5090 Ἱσραηλίτην
3098 4997 3252 5083 λαὸν,
3296 4997 3360 5074 οῦ
3401 5020 3636 5090 πρότερον
3655 5011 3728 5066 αὕ-

515 5091 872 5167 lsraeliticum
904 5089 1218 5152 adduceret,
1271 5107 1379 5148 non
1429 5096 1582 5165 prius
1615 5113 1710 5155 eos
1745 5100 2092 5170 apparitione

2197 5103 2324 5166 τοὺς
2368 5105 2469 5174 τῆς
2515 5089 2833 5174 θεοφανείας
2871 5106 3121 5176 ἠξίωσεν,
3175 5108 3311 5178 πρὶν
3348 5089 3531 5178 ἁγνείᾳ
3573 5119 3623 5158 τε
3657 5095 3726 5152 καὶ

514 5181 608 5236 Dei
643 5180 837 5252 dignos
884 5179 1173 5252 judicavit,
1225 5197 1396 5251 quam
1454 5186 1660 5241 indicta
1711 5189 2092 5246 observatione

2197 5195 2643 5266 περιρῤαντισμῷ
2688 5197 3044 5269 νομοθετῆσαι
3079 5197 3158 5270 τῷ
3190 5200 3310 5270 λαῷ
3348 5201 3410 5254 τὸ
3450 5198 3723 5268 καθάρσιον·

512 5274 805 5338 castitatis,
837 5280 893 5329 et
927 5275 1246 5345 aspersione
1269 5289 1444 5344 aqum,
1492 5279 1697 5346 pepqu
1748 5281 2090 5349 purificatio-

2195 5283 2290 5337 καὶ
2321 5285 2442 5339 οὐδὲ
2469 5285 2642 5350 οὕτως
2669 5286 2980 5359 ἐθάρσησαν
3023 5290 3126 5360 τῆς
3170 5290 3326 5354 θείας
3371 5291 3626 5360 δυνάμεως
3649 5279 3725 5350 τὴν

512 5373 635 5422 nem
681 5365 796 5437 lege
823 5365 1098 5421 sanxisset
1129 5383 1141 5419 :
1179 5380 1242 5420 ac
1276 5379 1344 5420 ne
1396 5365 1478 5420 sic
1506 5367 1727 5435 quidem
1763 5369 1958 5425 divinae
1985 5386 2082 5440 po-

2193 5372 2514 5442 ὲμφάνειαν,
2545 5375 2683 5429 ἀλλὰ
2713 5363 2851 5446 πρός
2882 5378 2992 5432 πᾶν
3025 5377 3452 5449 κατεπλάγησαν
3489 5375 3545 5428 τὸ
3575 5365 3726 5441 φαινό-

511 5459 694 5514 lentiae
755 5457 1148 5529 apparitionem
1178 5458 1581 5523 sustinuerunt,
1620 5459 1717 5514 sed
1757 5459 1823 5515 ad
1869 5475 2086 5516 omnem

2195 5481 2374 5535 μενον,
2403 5466 2464 5519 τὸ
2494 5465 2622 5536 πῦρ,
2654 5466 2746 5519 τὸν
2777 5467 2994 5536 γνόφον,
3023 5469 3116 5523 τὸν
3154 5469 3384 5534 καπνὸν,
3418 5467 3514 5529 τὰς
3541 5462 3723 5524 adimi"

511 5547 702 5603 faciem
735 5557 790 5604 et
840 5557 1122 5620 aspectum
1173 5564 1386 5613 eorum,
1444 5564 1567 5621 qua:
1613 5551 1969 5622 apparebant,
2019 5551 2086 5606 ad

2192 5573 2293 5626 γας
2314 5573 2328 5587 ο
2362 5556 2455 5610 καὶ
2477 5557 2611 5628 πρὸς
2627 5557 2846 5624 τούτους
2875 5559 3038 5614 πάλιν
3068 5561 3458 5631 ἀποστραφεὶς,
3475 5556 3636 5626 ἠξίουν
3655 5549 3725 5603 σὺν

505 5636 710 5711 ignem,
741 5638 811 5695 ad
833 5641 1148 5714 caliginem,
1180 5641 1248 5697 ad
1277 5640 1508 5711 fumum,
1554 5640 1621 5696 ad
1653 5643 1832 5709 tubas,
1864 5642 2082 5699 attoniti

2193 5646 2488 5720 νομοθέτην
2517 5649 2699 5714 αὐτοῖς
2731 5651 2958 5723 μεσίτην
2986 5651 3239 5722 γενέσθαι
3280 5649 3372 5704 τοῦ
3402 5649 3536 5703 θείου
3562 5640 3723 5718 βουλή·
