3996 6196
273 276 412 334 1137

1192 279 1281 336 DE
1320 278 1667 338 ORATIONE
1706 280 2057 340 DOMINICA.
2097 312 2166 326 —-
2202 281 2558 356 ORATIOJI.

3373 277 3509 335 “58

273 404 462 458 ματος,
489 388 568 454 ὡς
605 390 705 463 οὑχ
747 392 934 466 ίκανῆς
987 394 1151 468 οὑσης
1198 397 1298 466 τῆς
1344 397 1628 469 δυνάμεως
1666 400 1846 454 αὑτῶν

1952 408 2109 472 atque
2139 385 2373 472 perculsi
2403 408 2532 457 sunt
2561 419 2574 454 :
2609 407 2664 454 et
2705 399 2768 453 ad
2802 413 2923 454 sese
2952 413 3148 454 rursus
3178 398 3404 463 reversi,
3433 398 3508 452 le-

272 478 630 549 προσεγγίσαι
657 481 738 552 τῷ
765 482 905 554 Θεῷ,
936 484 1030 537 καὶ
1053 484 1202 539 θείαν
1229 486 1530 556 ἐμφάνειαν
1564 487 1838 554 δέξασθαι.

282 571 341 624 ’0
363 570 420 625 δὲ
447 571 714 645 ἡμέτερος
749 573 1064 645 νομοθέτης,
1100 575 1192 629 καὶ
1220 577 1422 648 Κύριος
1446 579 1478 647 ἠ
1488 576 1604 647 μῶν
1640 577 1844 648 Ἰησοῦς

269 661 522 734 Χριστὸς,
577 663 874 734 προσάγειν
909 667 1060 736 ἡμᾶς
1109 669 1175 739 τῇ
1227 667 1346 740 θείᾳ
1385 670 1564 741 χάριτι
1614 670 1840 742 μέλλων,

268 753 392 824 οὑχὶ
425 754 635 808 Σίναιον
664 756 796 826 ἡμῖν
826 755 952 827 ὅρος
980 756 1059 828 τῷ
1087 758 1228 830 λόγῳ
1255 761 1640 830 παραδείκνυσι
1661 763 1844 835 γνόφῳ

269 844 703 916 κεκαλυμμένον,
734 846 828 899 καὶ
858 847 994 918 πυρὶ
1027 848 1438 919 καπνιζόμενον,
1467 852 1587 906 οὑδὲ
1616 853 1845 923 σαλπίγ-

269 950 384 1002 γων
427 934 632 1004 φωνὰς,
666 936 877 1008 ἄσημόν
921 954 974 992 τι
1002 940 1096 993 καὶ
1133 944 1570 1014 καταπληκτικὸν
1598 945 1844 1015 ἁπηχού-

271 1039 392 1088 σας,
419 1024 540 1078 οὑδὲ
579 1025 899 1096 τριημέροις
940 1028 1202 1096 ἁγνείαις,
1239 1030 1332 1084 καὶ
1361 1031 1511 1085 ὕδατι
1559 1032 1728 1104 ῥύπον
1753 1035 1846 1089 ὲκ-

270 1114 525 1170 πλύνοντι
569 1115 669 1187 τὴν
717 1115 897 1188 ψυχὴν
951 1119 1283 1191 ἐκκαθάρας,
1339 1122 1460 1176 οὑδὲ
1512 1126 1693 1179 πᾶσαν
1743 1127 1845 1199 τὴν

269 1205 568 1276 δκκλησίαν
599 1206 658 1261 ὲν
684 1209 750 1278 τῇ
800 1208 1048 1281 ὑπωρείᾳ
1081 1211 1412 1280 καταλιπὼν,
1446 1214 1527 1267 ἑνὶ
1563 1215 1710 1287 μόνῳ
1744 1216 1843 1288 τὴν

269 1292 456 1347 ἄνοδον
503 1292 597 1346 ἐπὶ
639 1294 740 1366 τὴν
782 1297 1028 1368 κορυφὴν
1059 1298 1154 1352 τοῦ
1189 1299 1347 1372 ὅρους
1394 1301 1699 1375 χαρίζεται,
1744 1305 1842 1378 τὴν

271 1382 694 1456 κεκαλυμμένην
738 1385 819 1458 τῷ
861 1388 1045 1460 γνόφῳ
1075 1389 1152 1460 τῷ
1187 1396 1286 1462 την
1322 1391 1483 1460 δόξαν
1512 1392 1646 1447 Θεοῦ
1688 1412 1844 1466 περι-

271 1471 564 1542 κρύπτοντι
585 1491 601 1506 ο
633 1473 772 1530 ἀλλὰ
811 1476 1027 1549 πρῶτον
1077 1479 1176 1550 μὲν
1212 1482 1330 1536 ἀντὶ
1361 1481 1456 1536 τοῦ
1496 1483 1654 1555 όρους
1681 1486 1842 1540 αὑτὸν

269 1562 462 1631 ἀνάγει
487 1563 578 1618 τὸν
602 1564 849 1637 οὑρανὺν,
880 1566 1040 1638 βατὸν
1066 1573 1178 1634 τοῖς
1215 1571 1520 1642 ἀνθρώποις
1545 1574 1708 1629 αὑτὸν
1751 1575 1842 1629 διὰ

268 1653 372 1724 τῆς
395 1654 596 1726 ἀρετῆς
625 1659 1005 1729 καταστήσας·
1033 1660 1219 1716 ἔπειτα
1259 1663 1314 1716 δὲ
1347 1665 1407 1717 οὑ
1443 1664 1642 1730 θεατὰς
1683 1666 1841 1738 μόνον

272 1742 373 1813 τῆς
400 1742 550 1808 θείας
577 1745 877 1818 δυνάμεως,
914 1749 1052 1804 ἀλλὰ
1099 1752 1192 1806 καὶ
1222 1754 1510 1818 κοινωνοὺς
1537 1755 1843 1827 ἀπεργάξε-
1873 1750 1917 1806 Β

273 1848 385 1900 ται,
419 1835 512 1888 καὶ
553 1837 634 1901 είς
663 1839 980 1907 συγγένειαν
1001 1842 1200 1913 τρόπον
1227 1844 1348 1898 τινά
1384 1845 1484 1916 τῆς
1517 1846 1845 1920 ὑπερκειμέ-

273 1940 374 1995 νης
399 1925 609 1993 φύσεως
635 1929 762 1993 τοὺς
785 1933 1104 2002 προσιόντας
1129 1934 1287 2003 ἄγει·
1319 1935 1439 1990 οὑδὲ
1470 1937 1652 2008 γνόφῳ
1677 1956 1846 1994 κατα-

271 2015 506 2088 κρύπτει
556 2017 656 2090 τὴν
707 2021 1077 2094 ὑπερέχουσαν
1125 2025 1304 2092 δόξαν,
1351 2026 1428 2092 ὡς
1471 2028 1847 2101 δυσθεώρητον

270 2108 385 2170 τοῖς
407 2107 764 2181 άναζητοῢσιν
807 2108 968 2181 εἶναι,
1004 2113 1138 2170 ἀλλὰ
1168 2115 1248 2187 τῷ
1287 2117 1549 2189 τηλαυγεί
1575 2123 1713 2190 φωτὶ
1743 2122 1847 2194 τῆς

269 2195 618 2263 διδασκαλίας
645 2199 737 2255 τὸν
780 2202 976 2272 γνόφον
1020 2207 1425 2276 καταφωτίσας,
1459 2209 1553 2264 ἐπὶ
1583 2210 1845 2283 λαμπρᾶς

270 2287 492 2360 αίθρίας
539 2292 650 2355 τοῖς
703 2292 963 2366 καθαροῖς
1008 2295 1107 2368 τὴν
1144 2298 1390 2370 καρδίαν,
1427 2299 1528 2372 τὴν
1570 2299 1846 2372 ἄφραστον

271 2379 433 2444 δόξαν
460 2380 795 2453 καθορᾶσθαι
838 2385 1123 2456 ἐποίησεν⁹
1174 2387 1320 2460 ὕδωρ
1358 2389 1415 2444 δὲ
1451 2392 1843 2463 περιρραίνειν,

271 2469 378 2522 οὑκ
415 2469 478 2534 ἐξ
507 2470 800 2542 ἀλλοτρίων
837 2474 1115 2545 ναμάτων,
1163 2477 1300 2532 ἀλλὰ
1333 2478 1396 2533 τὸ
1417 2480 1477 2534 ὲν
1506 2482 1639 2552 ἡμῖν
1664 2483 1846 2547 αὑτοῖς

271 2560 546 2632 ἀναϐρύον
607 2562 922 2634 χαρίζεται,
974 2565 1085 2620 εἴτε
1133 2566 1232 2632 τὰς
1275 2568 1386 2624 τῶν
1431 2570 1722 2643 ὀφθαλμῶν
1762 2590 1846 2638 τις

270 2651 420 2721 λέγει
455 2654 656 2724 πηγὰς,
688 2656 799 2710 εἴτε
843 2656 942 2729 τὴν
987 2657 1234 2730 καθαρὰν
1259 2661 1361 2732 τῆς
1398 2664 1626 2735 καρδίας
1668 2665 1847 2718 συνεί-

271 2739 449 2810 δησιν,
485 2741 753 2812 μηδεμίαν
783 2743 897 2798 ίλὺν
923 2745 1032 2800 ἀπὸ
1056 2747 1155 2818 τῆς
1190 2749 1414 2820 ἐννόμου
1456 2751 1564 2807 τῶν
1591 2753 1847 2825 γαμετῶν

271 2831 512 2902 ὁμιλίας,
560 2833 675 2888 ἀλλ’
707 2834 816 2888 ἀπὸ
866 2835 1048 2909 πάσης
1084 2839 1275 2911 ὑλικῆς
1319 2859 1380 2895 τε
1429 2843 1524 2897 καὶ
1570 2846 1848 2916 ὲμπαθοῦς

272 2921 564 2989 διαθέσεως
613 2925 1010 2999 νομοθετήσας,
1072 2928 1216 2984 οὕτω
1283 2933 1549 3004 προσάγει
1606 2936 1693 2990 διὰ
1747 2938 1848 3009 τῆς

274 3014 586 3085 προσευχῆς
608 3015 688 3086 τῷ
716 3015 855 3088 Θεῷ.
887 3017 1034 3091 Αὑτη
1062 3019 1170 3092 γὰρ
1201 3021 1308 3076 τῶν
1337 3024 1600 3095 ῥημάτων
1627 3029 1660 3098 ἡ
1690 3027 1848 3083 δύνα-

277 3120 389 3173 μις,
413 3103 481 3158 δι’
511 3098 588 3160 ὧν
610 3107 729 3177 οὑχὶ
764 3109 948 3178 φωνάς
969 3127 1121 3174 τινας
1150 3112 1210 3166 ὲν
1255 3113 1545 3182 συλλαϐαῖς
1572 3119 1850 3189 ὲκφωνου-

279 3191 448 3262 μένας
481 3193 822 3266 μανθάνομεν
861 3194 950 3249 διὰ
972 3196 1064 3250 τοῦ
1099 3197 1280 3266 λόγου,
1315 3200 1431 3254 ἀλλ’
1464 3202 1707 3258 ἐπίνοιαν
1748 3209 1849 3278 τῆς

276 3285 413 3354 πρὸς
443 3285 536 3339 τὸν
569 3285 702 3341 Θεὸν
729 3286 1047 3354 ἀναϐάσεως
1076 3289 1145 3344 δι’
1169 3289 1378 3363 ὑψηλῆς
1419 3293 1695 3360 πολιτείας
1717 3313 1849 3352 κατ-

275 3376 633 3449 ωρθωμένην.

1945 491 2259 561 gislatorem
2297 489 2581 561 rogabant,
2612 497 2671 543 ut
2702 488 2751 543 is
2778 488 3044 544 mediator
3075 486 3212 556 ipsis
3256 494 3310 541 ct
3339 485 3509 540 inter-

1944 584 2170 638 nuntius
2199 583 2395 638 divina:
2427 581 2722 637 voluntatis
2749 579 3059 646 exsisteret,
3087 578 3243 648 quasi
3266 577 3509 647 ipsorum

1944 671 2089 725 vires
2123 670 2189 725 ad
2220 668 2766 740 appropinquandum
2810 666 2940 734 Deo,
2966 666 3314 735 divinamque
3346 679 3512 734 appa-

1944 762 2198 817 ritionem
2236 761 2632 831 excipiendam,
2667 759 2801 814 satis
2838 758 3046 813 idonea:
3076 756 3513 824 sullicientesque

1944 868 2055 908 non
2082 859 2268 909 essent
2283 853 2350 906 ³ο.
2376 853 2446 906 At
2477 859 2664 906 noster
2696 850 2995 922 legislator,
3029 847 3296 902 Dominus
3325 856 3513 900 noster

1944 940 2104 999 Jesus
2139 941 2417 1007 Christus,
2454 942 2521 995 ad
2555 940 2794 995 divinam
2843 939 3070 1009 gratiam
3116 952 3218 992 nos
3248 935 3516 990 adductu-

1946 1051 2063 1096 rus,
2091 1051 2198 1088 non
2224 1041 2464 1089 montem
2497 1031 2646 1088 Sinai
2685 1031 2844 1087 nobis
2886 1031 3116 1102 caligine
3139 1027 3434 1083 obductum
3459 1034 3515 1082 et

1946 1126 2071 1196 igne
2099 1125 2450 1195 fumigantem
2502 1123 2748 1178 oratione
2779 1111 3176 1192 praemonstrat,
3223 1134 3398 1188 neque
3430 1126 3516 1171 tu-

1945 1217 2139 1272 barum
2171 1231 2335 1272 voces
2371 1217 2664 1271 obscurum
2702 1214 2962 1285 quiddam
3007 1224 3170 1283 atque
3217 1212 3512 1266 terriﬁcum

1944 1315 2287 1371 resonantes,
2339 1322 2515 1377 neque
2558 1305 2722 1361 tridui
2771 1305 3048 1367 castitate,
3073 1311 3126 1358 et
3158 1316 3299 1372 aqua
3325 1301 3516 1357 sordcs

1943 1401 2161 1457 eluenle
2187 1401 2421 1454 animam
2452 1405 2736 1469 expurgat,
2767 1411 2944 1466 neque
2979 1395 3125 1449 omni
3156 1393 3419 1448 concione
3445 1390 3515 1445 ad

1943 1492 2155 1546 radices
2187 1491 2390 1546 montis
2417 1490 2627 1556 relicta,
2658 1489 2751 1542 uni
2790 1487 2894 1542 soli
2922 1485 2990 1539 ad
3018 1499 3282 1539 cacumen
3310 1483 3512 1536 montis

1943 1582 2174 1652 caligine
2211 1581 2436 1651 gloriam
2470 1579 2562 1634 Dei
2607 1585 2821 1650 tegente
2864 1574 3282 1640 circumfusum,
3323 1588 3514 1627 ascen-

1943 1687 2064 1728 sum
2116 1671 2367 1742 largitur,
2419 1669 2512 1726 sed
2543 1671 2778 1740 primum
2829 1665 3049 1738 quidem
3095 1681 3193 1736 pro
3227 1673 3410 1718 monte
3441 1662 3510 1717 ad

1945 1763 2123 1834 ipsum
2153 1763 2376 1830 cmlum,
2436 1761 2580 1832 quod
2617 1775 2714 1831 per
2739 1759 2995 1814 virtutem
3031 1751 3278 1828 pervium
3335 1755 3517 1808 homi-

1943 1851 2105 1910 nibus
2131 1850 2328 1916 ellecit,
2357 1849 2634 1916 subducit;
2655 1846 2849 1903 deinde
2864 1860 2995 1902 vero
3025 1861 3137 1900 non
3180 1850 3517 1914 spectatores

1944 1943 2122 1998 solum
2154 1942 2351 1996 divina:
2379 1941 2648 2012 potentiae,
2677 1938 3031 1995 verumetiam
3063 1936 3244 1992 socios
3291 1942 3346 1990 et
3392 1949 3518 2004 par-

1944 2033 2137 2103 ticipes
2185 2031 2336 2096 facit,
2374 2041 2427 2087 et
2461 2031 2526 2086 ad
2567 2031 2953 2098 cognationem
2984 2025 3386 2098 quodammodo
3422 2039 3518 2078 su-

1944 2137 2128 2196 pernae
2172 2130 2380 2176 naturae
2434 2119 2758 2176 accedentes
2814 2117 2967 2172 ducit
3009 2134 3025 2171 :
3062 2128 3242 2185 neque
3278 2112 3518 2184 caligine

1943 2215 2346 2286 praecellentem
2395 2211 2626 2283 gloriam
2677 2208 2988 2273 abscondit,
3041 2215 3102 2262 ut
3142 2207 3516 2276 contemplatu

1944 2305 2180 2362 diﬂicilis
2212 2303 2619 2376 requirentibus
2647 2300 2718 2357 sit
2749 2320 2763 2355 :
2797 2299 2891 2356 sed
2915 2299 3066 2355 claro
3089 2299 3295 2354 lumine
3324 2297 3521 2353 doctri-

1943 2414 2030 2453 nae
2061 2397 2293 2469 caligine
2329 2394 2602 2458 discussa,
2643 2393 2696 2447 in
2733 2391 2915 2447 lucida
2953 2405 3019 2445 ac
3048 2388 3337 2460 splendida
3367 2401 3518 2443 sere-

1946 2488 2114 2542 nitate
2158 2501 2296 2557 puro
2328 2485 2495 2540 corde
2527 2483 2772 2553 praeditis
2809 2479 3237 2537 inenarrabilem
3286 2478 3518 2549 gloriam

1945 2575 2390 2647 conspiciendam
2453 2573 2685 2645 praebet;
2735 2586 2933 2642 aquam
2976 2578 3159 2624 autem
3213 2567 3279 2623 ad
3327 2580 3519 2636 asper-

1945 2666 2206 2741 gendum,
2257 2681 2368 2722 non
2417 2680 2485 2720 ex
2537 2661 2731 2719 alienis
2769 2661 2923 2728 rivis,
2976 2659 3071 2715 sed
3107 2660 3162 2713 in
3189 2657 3348 2712 nobis
3385 2654 3521 2727 ipsis

1947 2758 2334 2816 scaturientem
2361 2754 2615 2825 largitur,
2675 2753 2790 2808 sive
2838 2751 3123 2806 oculorum
3169 2748 3295 2819 quis
3339 2745 3520 2800 fontes

1946 2848 2112 2912 dicat,
2174 2840 2291 2904 si've
2321 2841 2514 2917 puram
2575 2840 2758 2899 cordis
2809 2839 3204 2897 conscientiam
3247 2837 3456 2894 nullum
3488 2851 3521 2891 a

1946 2938 2242 2995 vitiositate
2289 2945 2452 3007 atque
2491 2933 2700 2988 malitia
2744 2933 2933 2987 limum
2981 2929 3330 2984 invehentem
3368 2939 3519 2981 :non

1949 3031 2125 3088 solum
2143 3036 2342 3086 autem
2373 3042 2403 3080 a
2433 3025 2582 3080 licita
2609 3039 2842 3079 uxorum
2870 3019 3292 3082 consuetudine,
3316 3016 3411 3073 sed
3451 3017 3522 3071 ab

1952 3119 2100 3175 omni
2137 3116 2402 3179 materiali
2440 3115 2646 3185 pariter
2677 3127 2742 3166 ac
2781 3111 2977 3166 vitiosa
3027 3106 3314 3163 affectione
3364 3105 3518 3160 iusti-

1952 3218 2065 3264 tuta
2089 3207 2346 3280 puritate,
2377 3207 2452 3261 ita
2491 3220 2589 3276 per
2619 3204 2923 3260 orationem
2956 3199 3206 3256 homines
3249 3196 3317 3252 ad
3349 3195 3521 3251 Deum

1953 3299 2190 3356 adducit.
2223 3297 2350 3354 Haec
2382 3305 2465 3354 εει
2503 3297 2648 3353 enim
2682 3295 2974 3350 verborum
3017 3292 3123 3357 vis,
3171 3290 3372 3362 quibus
3412 3302 3525 3342 non

1950 3406 2114 3447 voces
2137 3389 2424 3461 quasdam,
2476 3403 2601 3459 quae
2651 3401 2749 3458 per
2806 3385 3044 3456 syllabas
3083 3381 3524 3454 pronuntientur,

276 3481 373 3539 per
414 3483 725 3525 sermonem
763 3470 1052 3540 discimus,
1120 3471 1218 3529 sed
1246 3473 1514 3530 rationem
1537 3476 1864 3537 ascendendi
1890 3481 1960 3538 ad
2014 3481 2204 3548 Deum,
2261 3496 2358 3552 per
2397 3481 2631 3537 sublime
2699 3478 3012 3533 institutum
3054 3475 3181 3530 vitae
3219 3470 3525 3528 confectam

275 3565 333 3617 et
359 3560 689 3631 expeditam.

351 3651 569 3718 Ἔξεστι
612 3653 672 3707 δὲ
716 3653 785 3706 δι’
812 3654 993 3710 αὑτῶν
1034 3654 1142 3710 τῶν
1177 3656 1279 3728 τῆς
1326 3658 1637 3730 προσευχῆς
1676 3658 1852 3728 λόγων

277 3745 378 3816 τὴν
406 3744 558 3799 θείαν
588 3745 972 3816 μυσταγωγίαν
997 3749 1347 3820 κατανοῆσαι.
1385 3750 1562 3804 Ὅταν
1601 3752 1855 3820 προσεύ-

277 3839 492 3907 χησθε,
513 3837 696 3906 φησιν’
721 3838 823 3891 οὑκ
849 3833 1022 3904 εἶπεν,
1050 3839 1218 3893 Ὅταν
1234 3839 1490 3912 εὑχησθε,
1517 3842 1654 3908 ἀλλ’,
1678 3845 1856 3898 Ὅταν

274 3926 720 3995 προσεύχησθε·
750 3925 826 3989 ὡς
851 3924 944 3979 τοῦ
975 3927 1117 3980 κατὰ
1157 3926 1257 3998 τὴν
1295 3927 1460 3998 εὑχὴν
1487 3929 1585 4000 ἤδη
1619 3946 1857 4000 προκατο

275 4015 585 4087 ορθωθῆναι
635 4019 1022 4088 προσήκοντος,
1082 4017 1213 4088 πρὶν
1272 4017 1360 4072 διὰ
1405 4019 1510 4088 τῆς
1550 4020 1857 4091 προσευχῆς

274 4107 355 4178 τῷ
382 4106 506 4177 Θεῷ
533 4106 911 4178 προσεγγίσαι.
949 4107 1046 4172 Τίς
1089 4108 1146 4162 δὲ
1193 4106 1301 4160 τῶν
1332 4108 1613 4179 ὀνομάτων
1653 4108 1856 4164 τούτων

276 4197 421 4253 κατὰ
457 4197 522 4250 τὸ
548 4197 940 4268 σημαινόμενόν
978 4200 1095 4252 ἐστι
1131 4197 1397 4270 διαφορά;
1427 4201 1548 4254 Ὅτι
1573 4200 1707 4271 εὐχὴ
1754 4200 1856 4272 μέν

274 4291 426 4344 ἑστιν
456 4289 761 4358 ἐπαγγελία
790 4289 936 4353 τινὸς
971 4288 1079 4343 τῶν
1107 4289 1228 4343 κατ’
1256 4289 1583 4362 εὐσέϐει[ανι
1604 4292 1857 4363 ἁφιερου-

2027 3659 2178 3714 Licet
2210 3665 2390 3713 autem
2416 3670 2514 3727 per
2549 3656 2668 3726 ipsa
2714 3653 2879 3710 verba
2907 3653 3172 3711 orationis
3193 3669 3532 3726 cognoscere

1957 3751 2197 3806 divinam
2220 3763 2502 3805 sacrorum
2536 3739 2885 3816 disdiplinam
2909 3755 3072 3818 atque
3104 3747 3525 3803 institutionem.

1959 3842 2091 3899 Cum
2115 3840 2493 3911 oratis,inquit
2511 3839 2578 3905 “,
2607 3853 2718 3894 non
2743 3838 2899 3904 dixit,
2915 3839 3043 3892 ὅταν
3067 3838 3321 3911 εὑχησθε,
3345 3839 3398 3894 id
3421 3849 3528 3902 est,

1962 3948 2086 3989 cum
2120 3940 2245 3988 vota
2279 3931 2478 3998 facitis,
2499 3931 2617 3999 sed,
2639 3932 2770 3988 ὅταν
2785 3931 3181 4004 προσεύχησθε,
3211 3932 3264 3988 id
3289 3941 3373 3988 est
3403 3949 3527 3986 cum

1961 4025 2163 4088 oratis;
2197 4022 2357 4092 quasi
2385 4021 2462 4086 id,
2485 4021 2633 4094 quod
2672 4021 2738 4076 ad
2760 4028 2946 4077 votum
2994 4022 3248 4092 pertinet,
3289 4020 3534 4076 ofﬁcium

1957 4115 2070 4186 jam
2124 4121 2252 4168 ante
2311 4112 2610 4183 pratstitum
2668 4126 2792 4168 esse
2845 4111 3156 4176 conveniat,
3207 4113 3529 4180 priusquam

1961 4220 2057 4276 per
2085 4204 2387 4260 orationem
2425 4203 2573 4259 Deus
2603 4203 2850 4258 adeatur.
2905 4200 3012 4257 Sed
3047 4215 3309 4272 quaenam.
3331 4203 3530 4255 horum

1962 4299 2264 4360 nominum,
2299 4294 2442 4366 quod
2492 4294 2558 4349 ad
2607 4292 3062 4364 signiﬁcationem
3112 4292 3330 4356 attinet,
3381 4289 3530 4345 dill'e-

279 4381 480 4453 μένων⁸
513 4381 789 4451 προσευχὴ
808 4380 867 4434 δὲ
895 4380 1109 4453 αἴτησις
1126 4379 1366 4450 ἀγαθῶν,
1403 4381 1541 4452 μετὰ
1576 4382 1850 4452 ἱκετηρίας

1957 4385 2170 4440 rentia?
2201 4385 2356 4454 εὐχή,
2393 4383 2447 4438 id
2480 4389 2585 4446 est,
2642 4390 2827 4436 votum
2879 4380 3097 4450 quidem
3127 4378 3422 4450 promissio
3449 4387 3534 4434 est

277 4473 670 4545 προσαγομένη
697 4472 835 4543 Θεῷ.
879 4473 1032 4526 Ἐπεὶ
1058 4468 1151 4526 οὖν
1182 4473 1493 4544 παρρησίας
1522 4474 1652 4543 ἡμῖν
1673 4473 1854 4544 χρεία,

275 4565 408 4617 ὃταν
437 4564 751 4635 προσίωμεν
783 4563 923 4635 Θεῷ,
967 4563 1067 4628 τὰς
1110 4565 1248 4635 ὑπὲρ
1293 4564 1401 4618 τῶν
1439 4563 1858 4620 λυσιτελούντων

279 4653 564 4726 ἱκετηρίας
593 4653 928 4725 ποιούμενοι,
961 4653 1274 4722 ἀναγκαίως
1304 4653 1365 4706 τὸ
1393 4652 1535 4707 κατὰ
1562 4652 1661 4725 τὴν
1694 4653 1858 4725 εὐχὴν

277 4743 687 4816 προηγήσεται,
760 4743 847 4796 ἵνα
895 4743 958 4797 τὸ
1020 4745 1149 4814 παρ’
1197 4741 1403 4796 ἑαυτῶν
1455 4741 1857 4806 ἐκτελέσαντες,

277 4834 455 4899 οὑτως
505 4833 854 4906 θαρσοῦντες,
901 4834 964 4887 τὸ
1013 4833 1165 4904 παρὰ
1213 4833 1309 4886 τοῦ
1360 4831 1495 4886 Θεοῦ
1550 4831 1855 4886 ἀντιλαϐεῖν

278 4925 631 4997 ἀξιώσωμεν.
677 4925 770 4979 Διό
796 4943 960 4998 φησιν
996 4927 1025 4980 ό
1065 4925 1374 4998 Προφήτης,
1400 4925 1482 4979 ὅτι
1523 4924 1641 4992 Τὰς
1674 4924 1860 4994 εὐχάς

276 5036 397 5088 μσυ
425 5017 719 5073 ἀποδώσω
753 5032 876 5079 σοι,
909 5017 984 5083 ἂς
1028 5016 1322 5072 διέστειλε
1364 5016 1438 5071 τὰ
1489 5018 1663 5087 χείλη
1701 5033 1854 5086 μου·

281 5111 398 5173 καὶ,
433 5109 734 5175 Εὔξασθε,
763 5110 862 5164 καὶ
897 5109 1150 5164 ἀπόδοτε
1181 5109 1377 5178 Κυρίῳ
1408 5109 1490 5176 τῷ
1521 5108 1644 5175 Θεῷ
1663 5109 1852 5180 ἡμῶν.

281 5202 398 5256 Καὶ
433 5199 699 5271 πολλαχοῦ
739 5203 838 5273 τῆς
870 5201 1101 5272 Γραφῆς·
1127 5199 1226 5272 τὴν
1251 5198 1506 5270 τοιαύτην
1551 5198 1699 5252 ἐστιν
1729 5197 1856 5253 ίδεῖν

279 5295 382 5363 τῆς
413 5293 579 5364 εὐχῆς
619 5293 914 5363 σημασίαν,
945 5292 1020 5355 ὡς
1047 5292 1248 5361 γνῶναι
1291 5293 1458 5362 ἡμᾶς,
1488 5291 1568 5346 ὃτι
1595 5290 1728 5362 εὑχὴ
1757 5291 1856 5361 μέν

280 5383 424 5446 ἐστι,
456 5382 637 5448 καθὼς
669 5384 905 5458 εἴρηται,
938 5385 1286 5457 χαριστήριος
1325 5383 1661 5455 δωροφορίας
1687 5384 1858 5451 ἐπαγ-

279 5473 460 5544 γελίαο
495 5475 529 5545 ἠ
556 5474 614 5529 δὲ
649 5473 944 5546 προσευχὴ,
976 5474 1078 5545 τὴν
1109 5475 1247 5545 μετὰ
1272 5473 1370 5544 τὴν
1393 5474 1736 5547 ἐκπλήρωσιν
1756 5475 1856 5544 τῆς

1958 4470 2196 4540 alicujus
2222 4471 2322 4533 rei,
2348 4485 2470 4539 quae
2508 4469 2729 4538 pietatis
2757 4469 2979 4524 nomine
3024 4467 3309 4523 dedicetur
3345 4477 3400 4523 et
3437 4481 3530 4524 sa-

1957 4563 2068 4619 cris
2116 4562 2423 4616 destinetur
2452 4579 2466 4615 :
2492 4560 2766 4631 προσευχή
2801 4567 3006 4626 autem,
3061 4557 3125 4613 id
3162 4566 3267 4623 est,
3329 4557 3529 4624 oratio,

1959 4660 2044 4709 est
2076 4652 2265 4724 petitio
2297 4653 2590 4717 bonorum,
2639 4665 2761 4721 quae
2815 4649 2926 4705 Deo
2965 4665 3088 4706 cum
3129 4649 3533 4720 supplicatione

1960 4744 2214 4801 oﬂ'ertur.
2242 4743 2516 4809 Quoniam
2567 4743 2736 4813 igitur
2766 4740 2968 4796 ﬁducia
2998 4740 3182 4808 nobis,
3246 4750 3306 4795 ut
3350 4740 3534 4795 libere

1958 4837 2266 4907 loquamur,
2297 4840 2691 4904 opusest,cum
2720 4832 3077 4904 supplicaturi
3098 4845 3196 4902 pro
3229 4830 3536 4886 commodis

1958 4926 2163 4984 nostris
2192 4925 2260 4979 ad
2289 4924 2458 4980 Deum
2503 4922 2838 4991 accedimus,
2895 4921 3230 4988 necessario,
3269 4920 3417 4992 quod
3459 4921 3528 4974 ad

1957 5025 2142 5073 votum
2179 5017 2434 5087 pertinet,
2465 5014 2701 5070 oﬁicium
2741 5014 3035 5085 praecedet,
3088 5021 3147 5070 ut
3173 5028 3261 5079 eo,
3317 5012 3464 5082 quod
3501 5026 3531 5064 a

1963 5108 2123 5164 nobis
2146 5106 2396 5178 praestari
2427 5106 2674 5173 decebat,
2703 5105 2884 5163 cilicio
2913 5104 3108 5171 functi,
3165 5105 3240 5159 ita
3266 5103 3529 5172 deinceps

1962 5201 2300 5257 conﬁdenter
2350 5200 2580 5256 invicem
2628 5212 2661 5253 a
2727 5197 2840 5254 Deo
2884 5197 3206 5254 beneﬁcium
3259 5202 3530 5265 petamus.

1962 5290 2324 5356 Quamobrem
2353 5287 2625 5359 Propheta
2659 5306 2674 5342 :
2719 5285 2854 5340 Vota
2884 5302 3022 5348 mea,
3086 5284 3286 5354 inquit,
3333 5282 3534 5351 persol-

1963 5396 2081 5435 uam
2129 5379 2245 5446 tibi,
2305 5395 2422 5450 qua:
2471 5377 2615 5433 labia
2663 5393 2780 5431 mea
2841 5381 3270 5444 nuncupaverunt
3293 5373 3368 5438 ³¹¹ς
3425 5377 3529 5424 et:

1978 5472 2109 5527 Vota
2145 5471 2324 5540 facite,
2347 5487 2408 5524 ac
2439 5468 2714 5538 persolvite
2750 5466 2977 5521 Domino
3005 5465 3115 5519 Deo
3147 5472 3316 5519 oestro
3347 5461 3414 5513 ³⁸.
3454 5459 3530 5514 Ac

357 5653 407 5686 "
443 5653 615 5710 Exod.
652 5671 777 5724 ιιι,
816 5656 882 5712 15
906 5671 1025 5729 sqq.
1103 5657 1142 5688 ³⁸
1186 5654 1374 5711 Matth.
1409 5670 1496 5724 vt,
1532 5654 1598 5724 7;
1639 5654 1770 5711 Luc.
1802 5670 1850 5709 ιι

1957 5693 1970 5708 .
2049 5653 2094 5684 ⁹²
2130 5651 2276 5709 Psal.
2311 5666 2436 5721 va,
2470 5650 2556 5707 l5.
2632 5648 2678 5680 ³³
2715 5645 2857 5702 l’sal.
2897 5659 3059 5709 an,
3093 5643 3181 5698 12.
