3996 6196
541 244 688 303 Η59

1787 249 1842 303 5.
1883 249 2212 307 οιιῐῑϐοιιιι
2247 250 2536 307 ΝΥΞΞΕΝΙ

3571 260 3699 316 Ἠιθ

526 367 715 420 multis
749 364 802 418 in
838 363 978 419 locis
1023 363 1320 435 Scriptura:
1346 365 1618 432 ejusmodi
1664 368 1762 439 τῆς
1797 372 1982 441 εὐχῆς,
2046 371 2099 425 id

2222 371 2530 439 ;παγγελίας
2562 371 2637 441 τῷ
2667 371 2786 441 Θεῷ
2815 368 3102 440 γινομένην
3129 371 3376 441 πρόσοδον
3398 372 3702 444 διερμηνεύει.

521 465 630 518 est,
664 456 770 508 voti
808 455 1263 525 signiﬁcatiooem
1305 457 1487 511 videre
1525 456 1672 523 licet,
1708 466 1766 511 ut
1793 475 2097 530 cognosca-

528 562 672 612 mus,
697 545 843 616 quod
877 556 1062 601 votum
1098 547 1317 618 quidem
1349 548 1440 614 sit,
1478 557 1538 603 ut
1561 549 1725 604 modo
1748 550 1953 604 dictum
1993 560 2100 616 est,

527 637 655 693 doni
687 655 787 708 pro
815 639 1115 708 gratiarum
1151 638 1367 692 actione
1398 637 1659 693 efferendi
1699 638 1841 693 facta
1861 641 2102 710 promis-

531 735 614 784 sio
641 731 944 800 επροσευχή
963 729 1174 796 vero,id
1198 737 1280 784 est
1299 749 1312 784 ε
1329 731 1528 798 oratio,
1548 746 1695 793 eum,
1721 732 1810 800 qui
1831 741 1955 800 post
1976 746 2105 800 pro-

530 821 684 904 missi
718 822 1088 890 itnpletionem
1130 821 1193 874 ad
1231 820 1398 876 Deum
1433 823 1509 888 ﬁt,
1554 823 1762 876 aditum
1802 824 2102 893 signiﬁcat.

533 911 702 965 Docet
764 913 926 981 igitur
959 929 1060 968 nos
1087 930 1294 980 sermo,
1328 931 1398 969 ne
1434 915 1588 985 prius
1620 915 1825 985 aliquid
1852 925 2104 983 petamus

534 1018 564 1055 a
602 1003 729 1067 Deo,
761 1019 925 1073 quam
953 1004 1172 1073 aliquod
1195 1005 1243 1059 ei
1273 1021 1474 1060 munus
1497 1014 1782 1076 acceptum
1811 1015 1864 1061 ct
1886 1016 2101 1076 gratum

534 1095 915 1148 obtulerimus.
956 1094 1166 1149 Vovere
1219 1097 1363 1149 enim
1423 1097 1579 1165 prius
1635 1104 1871 1166 Oportet,
1909 1096 2105 1151 deinde

536 1201 695 1240 orare
734 1203 747 1238 :
785 1185 1010 1254 perinde
1060 1201 1124 1239 ac
1169 1186 1215 1240 si
1257 1187 1383 1255 quis
1418 1187 1566 1241 dicat
1611 1195 1909 1242 sementem
1951 1188 2108 1256 prius

537 1278 676 1342 fieri,
703 1293 869 1347 quam
895 1277 1110 1333 fruetus
1143 1278 1355 1349 percipi
1385 1287 1662 1348 oportere.
1704 1279 1846 1349 Ergo
1877 1277 1987 1331 voti
2020 1292 2107 1331 se-

535 1369 683 1420 mina
707 1369 860 1437 prius
897 1368 1159 1438 dejicere,
1212 1379 1378 1439 atque
1407 1369 1478 1423 ita
1510 1385 1578 1423 ex
1617 1368 1852 1437 dcjectis
1882 1369 2108 1424 semini—

535 1458 640 1513 bus
667 1459 885 1512 adultas
933 1458 1046 1522 jam
1078 1467 1243 1529 atque
1293 1466 1538 1512 maturas
1598 1458 1782 1528 fruges
1831 1458 2111 1528 percipere

2203 460 2456 513 Διδάσκει
2489 456 2578 513 οὖν
2632 462 2829 529 ἡμᾶςὸ
2877 460 3054 526 λόγος,
3108 461 3179 531 μὴ
3207 461 3452 531 πρότερον
3491 464 3706 519 αἰτεῖσθαί

2203 567 2256 602 τι
2297 551 2447 621 παρὰ
2470 550 2564 603 τού
2617 550 2773 614 θεοῦ,
2801 550 2932 620 πρὶν
2965 550 3110 620 αὐτῷ
3147 567 3198 603 τι
3230 550 3332 604 ⁴ιίὑν
3363 555 3706 624 κεχαρισμένων

2206 643 2602 713 δωροφορῆσαι.
2662 641 2933 706 Εὕξασθαι
2996 644 3104 712 γὰρ
3165 644 3265 713 χρὴ
3321 644 3575 714 πρότερον,
3617 643 3708 701 εἶτα

2209 731 2643 804 προσεύξασθαι·
2678 734 2751 796 ὡς
2785 734 2837 786 εἴ
2864 750 2948 796 τις
2976 733 3121 800 λέγει
3149 734 3485 805 προηγεῖσθαι
3507 737 3590 805 τὴν
3611 754 3708 789 σπο-

2216 824 2312 894 ρὰν
2341 826 2438 895 τῆς
2470 825 2823 894 ἐπικαρπίας.
2862 822 3071 876 Οὐκοῦν
3111 824 3214 894 χρὴ
3238 823 3538 877 καταϐαλεῖν
3561 825 3708 894 πρότε-

2211 933 2304 986 ρον
2330 919 2429 987 τῆς
2455 916 2620 987 εὐχῆς
2653 917 2719 969 τὰ
2750 915 3062 986 σπέρματα,
3110 916 3203 967 καὶ
3243 914 3405 976 οὕτως
3447 914 3710 984 αύξηθείσαν

2209 1006 2305 1077 τὴν
2336 1003 2642 1075 καταϐολὴν
2671 1006 2778 1059 τῶν
2804 1006 3134 1076 σπερμάτων
3156 1004 3527 1074 καρπώσασθαι
3552 1005 3624 1058 διὰ
3641 1010 3710 1077 τῆς

2212 1099 2522 1170 προσευχῆς
2565 1098 2664 1168 τὴν
2697 1097 2855 1168 χάριν
2901 1096 3372 1166 ἁντιλαμϐἀνοντα.
3414 1097 3494 1158 Ὠς
3533 1093 3610 1150 οὖν
3641 1100 3714 1150 οὐκ

2213 1188 2480 1258 ἐσομένης
2523 1188 2580 1240 ὲν
2635 1189 2918 1258 παρρησίᾳ
2966 1190 3065 1258 τῆς
3119 1185 3420 1250 ἐντεύξεως,
3460 1187 3504 1238 ει
3552 1186 3612 1256 μὴ
3648 1189 3715 1240 ἐπὶ

2215 1278 2586 1348 προληφθείσῃ
2637 1278 2769 1350 εὐχῇ
2817 1296 2922 1332 τινι
2953 1279 3050 1332 καὶ
3092 1276 3391 1348 δωροφορίᾳ
3437 1276 3468 1346 ή
3515 1278 3717 1347 πρόσοδος

2215 1369 2443 1437 γένοιτο,
2466 1371 2779 1438 ἀναγκαίως
2814 1373 2848 1440 ἡ
2890 1370 3022 1440 εὐχὴ
3061 1371 3159 1439 τῆς
3197 1368 3488 1438 προσευχῆς
3523 1367 3715 1437 προηγήσ

2221 1476 2391 1513 σεται.

538 1555 774 1618 oportet,
848 1563 945 1618 per
995 1550 1298 1602 orationem
1373 1546 1871 1602 remunerationem
1927 1544 2267 1616 accipiendo.
2336 1550 2570 1605 Proinde
2637 1550 2794 1622 quasi
2858 1549 3195 1619 colloquium
3258 1563 3378 1602 cum
3416 1546 3590 1600 ﬁducia
3637 1544 3717 1600 ﬁeri

539 1657 648 1694 non
684 1640 894 1710 possit,
927 1641 1033 1694 nisi
1075 1655 1168 1711 per
1210 1639 1528 1710 praecedens
1579 1638 1801 1722 aliquod
1847 1646 2033 1692 votum
2087 1645 2143 1692 et
2201 1639 2427 1708 donum,
2485 1644 2671 1699 aditus
2711 1642 2890 1697 factus
2943 1642 3037 1705 sit,
3082 1640 3395 1696 necessario
3442 1646 3604 1694 votum
3635 1651 3721 1691 ora-

541 1735 742 1785 tionem
776 1729 1064 1800 praecedea.

611 1822 778 1888 Quasi
800 1822 963 1892 igitur
979 1821 1091 1890 jam
1113 1820 1217 1876 hoc
1239 1819 1550 1877 confectum
1578 1827 1744 1887 esset,
1769 1819 2030 1897 Dominus
2049 1817 2117 1872 ad
2150 1826 2192 1880 Β

541 1912 837 1982 discipulos
872 1911 947 1965 ait
976 1928 990 1966 :
1027 1909 1159 1966 Cum
1188 1910 1380 1975 oratis,
1415 1909 1573 1964 dicite
1595 1927 1614 1964 :
1637 1909 1795 1964 Pater
1817 1909 2119 1979 ποιων-,σαί

541 2022 594 2059 es
619 2006 672 2057 in
693 2004 835 2056 cretis
856 2003 920 2054 ³⁸⁵.
948 2032 1018 2043 --
1041 2002 1171 2067 Quis
1191 2001 1338 2056 dabit
1361 2002 1490 2055 mihi
1506 2003 1622 2056 ulas
1652 2011 1901 2072 tanquam
1923 2001 2123 2054 colum-

544 2095 844 2163 baz?inquit
864 2094 1062 2148 alicubi
1092 2109 1321 2162 magnus
1343 2094 1435 2148 ille
1461 2092 1633 2148 David
1684 2095 1738 2148 in
1769 2094 2001 2150 Psalmis
2041 2093 2119 2146 ’5:

543 2187 776 2242 dixerim
804 2187 968 2242 etiam
1005 2186 1143 2255 ipse,
1175 2201 1363 2256 parem
1409 2200 1599 2240 vocem
1627 2185 1876 2239 emittere
1902 2201 2069 2241 ausus
2106 2206 2120 2240 :

545 2278 678 2346 Quis
738 2279 886 2332 dabit
918 2278 1050 2331 mihi
1085 2279 1201 2332 alas
1227 2278 1352 2332 illas
1381 2277 1449 2332 ad
1498 2277 1622 2341 hoc,
1655 2283 1714 2330 ut
1751 2277 1956 2346 possim
2016 2293 2123 2331 una

545 2385 668 2423 cum
705 2367 1045 2423 sublimitate
1102 2367 1430 2438 przestantiae
1490 2366 1900 2436 majestatisque
1929 2367 2125 2421 verbo-

546 2475 667 2513 rum
697 2465 878 2512 mente
903 2459 1212 2525 subvolare,
1242 2466 1302 2512 ut
1325 2466 1528 2514 terram
1551 2456 1768 2528 quidem
1797 2471 2013 2511 omnem
2049 2473 2128 2512 re-

547 2551 812 2620 linquam,
844 2557 1233 2620 transeamque
1259 2565 1474 2604 omnem
1510 2563 1694 2604 acrem
1725 2549 1781 2601 in
1816 2548 1999 2602 medio
2032 2548 2124 2603 fu-

547 2657 694 2705 sum,
731 2655 998 2711 assequar
1027 2647 1208 2695 autem
1241 2640 1530 2695 atheream
1559 2638 2047 2710 pulchritudinem,
2076 2647 2130 2694 et

549 2733 615 2786 ad
666 2732 846 2787 sidera
880 2731 1133 2797 evadam,
1196 2739 1251 2785 et
1318 2745 1533 2784 omnem
1579 2732 1634 2784 in
1704 2730 1774 2786 iis
1820 2729 2010 2784 ordine
2065 2745 2130 2784 ac

549 2824 761 2878 ratione
802 2822 1072 2893 digestum
1129 2828 1382 2874 ornatum
1440 2820 1769 2889 inSpiciam,
1823 2835 1888 2874 ac
1949 2835 2018 2876 ne
2074 2821 2130 2874 in

551 2915 636 2969 bis
688 2913 908 2986 quidem
966 2915 1299 2978 consistam,
1361 2911 1456 2968 sed
1516 2912 1632 2966 hac
1685 2913 1850 2966 etiam
1902 2927 2124 2984 percurv

550 3021 692 3071 ram,
716 3015 768 3060 et
793 3015 947 3060 extra
973 3005 1177 3067 omnia,
1210 3019 1329 3073 quae
1351 3012 1404 3058 et
1433 3012 1721 3058 moventur
1743 3011 1798 3058 et
1825 3012 2128 3069 mutantur,

551 3095 799 3158 evadam,
845 3103 1007 3164 atque
1041 3094 1292 3150 stabilem
1329 3078 1592 3162 assequar
1625 3101 1874 3147 naturam
1931 3109 1996 3147 ac
2028 3109 2125 3163 po-

553 3185 777 3238 tentiam
817 3184 1172 3249 immobilem,
1214 3193 1268 3238 et
1318 3183 1372 3236 in
1400 3184 1581 3251 scipsa
1635 3191 1916 3246 statutam,
1943 3183 2130 3248 ﬁxam,
2158 3159 2203 3216 ο

554 3274 832 3328 fundatam
863 3281 1026 3342 atque
1052 3273 1343 3337 firmatam,
1375 3275 1559 3326 omnia
1590 3271 1876 3327 ducentem
1933 3273 2136 3342 pariter

555 3361 990 3432 atqueferentem
1005 3377 1344 3432 qurecunque
1362 3363 1655 3427 exsistunt,
1671 3363 2135 3432 omnia,inquam,

555 3469 678 3524 quae
731 3453 800 3507 ab
842 3453 1197 3507 inenarrabili
1257 3455 1538 3509 voluntate
1593 3455 1793 3510 divime
1852 3456 2138 3527 sapientiae

556 3547 824 3618 pendent;
855 3555 912 3600 ut
939 3547 1006 3600 ab
1037 3546 1293 3616 omnibus
1317 3561 1436 3616 quat
1457 3548 1733 3602 alternant
1761 3558 1815 3603 et
1838 3558 2136 3609 mutantur,

559 3651 740 3696 mente
775 3640 966 3709 procul
1023 3648 1294 3704 remotus,
1349 3641 1405 3694 in
1462 3641 1787 3697 immutabili
1837 3644 2040 3714 pariter
2087 3652 2139 3699 et

558 3732 820 3786 immobili
853 3731 1044 3786 animze
1077 3738 1222 3786 statu
1253 3747 1398 3796 eum,
1435 3733 1528 3803 qui
1582 3749 1687 3789 nec
1712 3734 1934 3797 mutari,
1957 3749 2054 3788 nec
2085 3734 2138 3788 in

560 3826 790 3882 alterum
828 3823 1064 3893 perverti
1123 3833 1323 3894 potest,
1366 3841 1462 3894 per
1495 3826 1661 3880 animi
1699 3826 2028 3880 sententiam
2057 3835 2139 3880 at-

562 3931 667 3986 que
705 3915 971 3984 judicium
1027 3915 1182 3984 prius
1239 3916 1526 3970 conciliem
1570 3923 1624 3971 et
1663 3915 1987 3970 familiarem
2018 3916 2142 3970 red-

562 4007 687 4061 dam
718 4006 943 4061 :dcinde
969 4021 1097 4061 vero
1126 4008 1361 4063 maxime
1391 4007 1647 4062 familiari
1676 4019 1728 4062 et
1749 4007 1925 4061 amica
1954 4007 2142 4077 appel-

562 4097 767 4150 latione
795 4097 1040 4151 invocem
1063 4111 1126 4152 ac
1141 4096 1314 4152 dicam
1339 4118 1352 4153 :
1375 4097 1570 4152 Pater?
1592 4097 1729 4152 Nam
1757 4091 1905 4168 quali
1939 4098 2141 4154 dicenti

564 4201 704 4255 opus
729 4188 1041 4243 estanimol
1081 4197 1282 4258 quanta
1317 4189 1548 4244 fiducia!
1593 4191 1740 4260 quali
1765 4191 2140 4246 conscientia!

2303 1821 2389 1883 Ὠς
2409 1815 2501 1874 οὖν
2525 1820 2628 1891 ήδη
2650 1820 2842 1874 τούτου
2864 1817 3320 1890 κατορθωθέντος,
3345 1815 3471 1886 φησὶ
3498 1812 3615 1882 πρὸς
3637 1812 3723 1872 τοὺς

2221 1911 2472 1984 μαθητὰς
2513 1915 2542 1966 ὁ
2581 1911 2782 1982 Κύριος
2808 1931 2822 1944 ο
2872 1912 3059 1966 Ὅταν
3098 1907 3522 1978 προσεύχησθε,
3547 1903 3722 1970 λέγειν

2221 2005 2411 2073 Πάτερ
2448 2002 2636 2073 ἡμῶν,
2667 2007 2700 2056 ὀ
2737 2004 2805 2056 ἐν
2833 2002 2956 2068 τοῖς
2981 1999 3357 2069 οὐρανοῖς.--
3375 1998 3464 2061 Τίς
3489 1995 3636 2047 δώσει
3652 2006 3724 2060 μοι

2222 2095 2520 2166 πτέρυγας
2564 2094 2707 2148 ὡσεὶ
2749 2090 3142 2162 περιστερᾶς;
3189 2089 3319 2161 φησί
3356 2104 3453 2142 που
3480 2086 3566 2156 τῆς
3596 2083 3726 2152 ψαλμ·

2222 2185 2383 2260 ῳδῐας
2413 2191 2440 2240 ὁ
2471 2187 2643 2257 μέγας
2671 2185 2861 2240 Δαϐίδ·
2901 2185 3111 2254 εἴποιμι
3139 2183 3186 2236 δ’
3205 2182 3272 2236 ἂν
3291 2180 3383 2234 καὶ
3407 2177 3555 2238 αὐτὸς
3581 2175 3725 2243 τολμή-

2225 2299 2327 2344 σας
2354 2280 2452 2352 τὴν
2487 2280 2608 2349 ἴσην
2640 2279 2822 2348 φωνήν
2842 2295 2855 2306 ·
2889 2277 2984 2340 Τίς
3018 2273 3182 2328 δώσει
3215 2290 3305 2344 μοι
3353 2270 3602 2341 πτέρυγας
3623 2264 3726 2317 ἑκεί-

2224 2390 2341 2437 νας,
2373 2371 2509 2442 πρὸς
2535 2370 2596 2423 τὸ
2638 2369 2930 2440 δυνηθῆναι
2975 2365 3052 2436 τῷ
3098 2364 3228 2435 ὕψει
3267 2364 3363 2434 τῆς
3400 2361 3499 2414 τῶν
3529 2357 3727 2430 ῥημάτων

2229 2463 2597 2534 μεγαλοφυῒας
2647 2463 3053 2531 συναναπτῆναι
3109 2457 3258 2512 κατὰ
3313 2457 3563 2520 διάνοιαν;
3608 2451 3728 2501 Ὥστε

2227 2555 2548 2608 καταλιπεῖν
2580 2555 2678 2624 μὲν
2698 2553 2797 2623 τήν
2832 2553 2935 2622 γῆν
2958 2552 3164 2616 πᾶσαν,
3185 2547 3497 2620 διαπερᾶσαι
3523 2560 3574 2595 τε
3599 2543 3729 2594 nam

2226 2648 2317 2702 τὸν
2348 2649 2405 2700 ὲν
2439 2647 2588 2718 μέσῳ
2609 2646 2908 2716 κεχυμένον
2930 2647 3067 2717 ἀέρα
3085 2663 3098 2674 ·
3129 2643 3446 2699 καταλαϐεῖν
3466 2639 3518 2693 δὲ
3548 2637 3598 2689 τὸ
3621 2633 3727 2688 αἰθέ-

2229 2756 2344 2810 Ριον
2379 2739 2593 2802 κάλλος.
2646 2738 2740 2792 καὶ
2777 2738 2967 2791 ἐπὶιτὰ
2999 2739 3180 2809 ἄστρα
3230 2735 3446 2806 φθάσαι,
3480 2730 3565 2784 καὶ
3598 2727 3730 2779 πᾶσαν

2227 2829 2325 2901 τὴν
2352 2831 2408 2883 ἐν
2434 2829 2614 2891 αὐτοῖς
2641 2827 2999 2898 διακόσμησιν
3031 2825 3275 2880 κατιδεῖν
3299 2842 3311 2854 ο
3345 2821 3520 2890 στῆναι
3555 2817 3604 2870 δὲ
3635 2810 3730 2885 μηδὲ

2213 2925 2288 2975 ’ὲν
2317 2921 2549 2985 τούτοις,
2577 2920 2713 2974 ἀλλὰ
2737 2919 3021 2985 διεξελθεῖν
3042 2918 3141 2970 καὶ
3173 2916 3261 2969 διὰ
3293 2913 3502 2974 τούτων,
3531 2908 3608 2962 καὶ
3634 2904 3731 2957 πάνυ

2228 3033 2339 3069 των
2365 3015 2476 3068 τῶν
2508 3013 2842 3080 κινουμένων
2869 3010 2965 3064 καὶ
3005 3005 3417 3080 μεθισταμένων
3472 2999 3605 3061 ὲκτὺς
3629 2993 3732 3064 γενέ·

2235 3108 2380 3172 σθαι,
2414 3108 2508 3161 καὶ
2541 3103 2863 3159 καταλαϐεῖν
2881 3103 2983 3174 τὴν
3011 3100 3261 3154 ἑστῶσαν
3287 3097 3458 3168 φύσιν,
3475 3094 3560 3163 τὴν
3586 3091 3734 3158 diuta-

2237 3200 2453 3270 κίνητον
2483 3197 2732 3268 δύναμιν,
2764 3196 2862 3265 τὴν
2890 3194 2981 3262 ἀφ’
3022 3193 3226 3262 ἑαυτῆς
3269 3183 3648 3258 καθιδρυμένην,
3667 3175 3734 3245 τὴν

2237 3269 2412 3347 πάντα
2431 3289 2668 3358 ἄγουσάν
2694 3305 2754 3341 τε
2779 3287 2870 3340 καὶ
2893 3284 3187 3356 φέρουσαν,
3213 3283 3313 3335 ὅσα
3332 3281 3387 3332 ὲν
3411 3277 3483 3346 τῷ
3505 3269 3619 3326 εἷναί
3639 3271 3733 3323 ἐστιν

2241 3384 2415 3437 πάντα
2463 3383 2532 3435 τὰ
2556 3381 2649 3434 τοῦ
2674 3379 2952 3449 ἀφράστου
2977 3376 3283 3444 θελήματος
3313 3372 3406 3441 τῆς
3439 3366 3570 3427 θείας
3597 3358 3734 3449 σοφῐᾳς

2240 3475 2441 3544 ἐξηρτη
2451 3474 2608 3543 μένα⁶
2631 3447 2771 3524 ὥστε
2794 3469 3011 3522 πάντων
3042 3463 3431 3534 ἀλλοιουμένων
3448 3475 3501 3511 τε
3531 3454 3609 3509 καὶ
3649 3447 3737 3519 μεθο

2243 3543 2544 3634 ισταμένων
2583 3563 2773 3633 πόρρω
2804 3563 2870 3631 τῇ
2895 3559 3104 3630 διανοίᾳ
3131 3557 3434 3626 γενόμενος,
3467 3553 3517 3602 ἐν
3548 3543 3739 3614 ἀτρέπτῳ

2239 3673 2298 3710 τε
2329 3657 2424 3709 καὶ
2456 3654 2663 3708 ἁκλινεῖ
2690 3655 2756 3723 τῇ
2785 3653 2886 3723 τῆς
2927 3651 3107 3721 ψυχῆς
3154 3646 3491 3705 καταστάσει,
3519 3638 3606 3690 τὸν
3626 3635 3739 3723 ἆςρξο

2240 3765 2372 3800 πτον
2419 3746 2513 3799 καὶ
2559 3720 2917 3798 ἀναλλοίωτον
2945 3742 3034 3797 διὰ
3071 3742 3174 3811 τῆς
3200 3737 3415 3808 γνώμης
3437 3732 3659 3803 πρότερον
3683 3720 3739 3822 οξ-

2241 3835 2593 3898 κειώσασθαι,
2654 3830 2752 3886 εἶθ’
2803 3831 2946 3884 οὔτω
2999 3831 3066 3901 τῇ
3128 3825 3427 3894 οἱκειοτάτῃ
3471 3824 3741 3906 προσηγορίξ

2241 3924 2669 3979 ἐπικαλέσασθαι
2732 3922 2821 3977 καὶ
2881 3923 3076 3984 εἰπεῖν,
3141 3919 3370 3985 Πάτερ;
3410 3912 3538 4003 Οἴαςν
3571 3905 3656 4003 γαρ
3681 3913 3742 4003 ξφ

2241 4018 2449 4087 λέγοντι
2511 4017 2668 4088 χρεία
2725 4013 2930 4084 ψυχῆςι
2979 4013 3111 4080 ὅσης
3174 4010 3275 4078 τῆς
3316 3995 3622 4094 παρρησίαςί
3657 3995 3742 4094 οξας

2242 4111 2343 4180 τῆς
2376 4110 2728 4179 συνειδήσεως
2751 4107 2765 4159 ι
2786 4107 2904 4159 Ἵνα
2937 4103 3070 4156 Θεὸν
3095 4103 3314 4172 νοήσας,
3337 4098 3406 4159 ὡς
3435 4095 3536 4146 ἔστι
3555 4090 3736 4186 δυνατοιν,

2244 4204 2309 4256 ὲκ
2333 4203 2440 4255 τῶν
2483 4199 2881 4268 ὲπινοουμένων
2929 4195 3080 4266 αὐτῷ
3114 4188 3502 4266 προσηγοριῶν,
3535 4179 3644 4250 πρὸς
3671 4182 3741 4268 τηξ

563 4287 625 4334 ut
663 4281 753 4334 ubi
788 4279 979 4345 Deum,
1027 4280 1209 4351 quoad
1249 4280 1370 4350 ejus
1409 4281 1526 4337 ﬁeri
1560 4258 1761 4350 potest,
1802 4299 1899 4352 per
1927 4298 2022 4338 eas
2051 4298 2130 4354 ap

2247 4295 2460 4347 σύνεσιν
2491 4293 2589 4362 τῆς
2638 4258 2918 4361 ἅφρέιστου
2962 4258 3120 4357 δόξης
3162 4258 3741 4362 ᾖειρτειιγιιιγούμενονῖν.κειὶ

565 4378 891 4447 pellationes
917 4393 1040 4448 quae
1071 4379 1124 4431 in
1161 4377 1254 4431 illo
1292 4377 1830 4444 animadvertuntur,
1885 4379 1954 4433 ad
1985 4379 2149 4435 intel-

2251 4384 2437 4457 μαθὼν
2467 4356 2601 4451 ὅτιή
2637 4356 2756 4434 θεία
2781 4380 2963 4450 φύσις,
2996 4379 3025 4432 ὃ
3057 4356 3109 4430 τί
3152 4356 3284 4429 ποτέ
3316 4375 3456 4426 ἔστιν
3485 4363 3611 4426 αὐτὸ,

566 4472 769 4525 lectum
836 4469 1230 4525 inenarrabilis
1285 4471 1473 4540 gloria:
1527 4471 1686 4541 quasi
1750 4472 2130 4536 manuductus1

2251 4443 2412 4548 δύτης
2465 4443 2630 4539 ἐστὶν,
2679 4443 2968 4542 ἁγιασμὸς,
3013 4469 3346 4539 ἁγαλλίαμα,
3383 4461 3602 4563 δύναμις,

565 4572 748 4617 incute
782 4563 1103 4632 conceperit
1137 4564 1616 4642 atque'didicerit,
1641 4563 1788 4634 quod
1819 4563 2010 4618 divina
2040 4579 2141 4618 na-

565 4665 712 4717 tura,
744 4654 1118 4725 quodcunque
1148 4656 1367 4710 tandem
1409 4670 1476 4711 ea
1510 4656 1583 4711 sit
1613 4656 1757 4724 ipsa,
1788 4657 2010 4712 bonitas
2047 4656 2142 4719 sit,

567 4746 960 4812 sanctimonia,
1011 4748 1334 4815 exsultatio,
1377 4749 1646 4819 potentia,
1677 4749 1876 4818 gloria,
1908 4748 2142 4819 puritas,

565 4836 870 4901 aeternitas,
903 4853 1121 4908 semper
1149 4839 1344 4895 eodem
1373 4839 1535 4895 modo
1559 4847 1722 4910 atque
1740 4840 1998 4895 similiter
2021 4855 2144 4896 sese

569 4924 817 4980 habens:
850 4942 914 4980 ac
944 4943 1288 5001 quacunque
1329 4932 1462 4987 talia
1501 4933 1653 4988 circa
1683 4932 1927 4988 divinam
1976 4940 2142 4987 natu-

569 5028 688 5069 ram
721 5016 1125 5087 intelliguntur,
1170 5036 1295 5076 eum
1323 5030 1379 5077 et
1416 5024 1764 5092 perdivinam
1799 5024 2147 5094 Scripturam

570 5122 636 5163 ac
665 5107 921 5177 proprias
947 5109 1306 5179 cogitationes
1334 5115 1805 5180 animadverterit,
1838 5118 2035 5172 deinde
2068 5126 2148 5172 ta-

569 5201 678 5255 lem
714 5198 967 5254 emittere
993 5213 1206 5265 vocem,
1250 5209 1305 5256 et
1333 5217 1481 5265 eum,
1534 5207 1630 5274 qui
1665 5209 1792 5264 talis
1845 5209 1937 5275 sit,
1988 5225 2144 5264 suum

571 5299 786 5360 patrem
835 5290 1124 5346 nominare
1189 5294 1421 5350 audeat?
1445 5294 1808 5367 Perspicuum
1847 5310 1934 5356 est
1975 5306 2146 5370 enim,

574 5383 720 5451 quod
748 5382 796 5438 si
837 5382 1075 5453 alicujus
1128 5386 1509 5458 intelligentiae
1551 5392 1828 5461 particeps
1875 5395 1966 5460 sit,
2039 5411 2148 5450 non

573 5488 815 5530 ausurus
838 5473 930 5540 sit,
989 5491 1115 5532 cum
1153 5493 1260 5534 non
1287 5479 1484 5536 eadem
1534 5482 1698 5537 etiam
1745 5485 1798 5561 in
1846 5500 1907 5540 se
1937 5498 2146 5556 cernat,

652 5649 692 5679 ³⁷⁸
732 5655 918 5711 Matth.
955 5673 1028 5718 vt,
1062 5657 1112 5711 9.
1193 5659 1234 5690 ³³
1275 5656 1417 5714 Psal.
1452 5673 1558 5719 Liv,
1595 5659 1642 5710 7.

2252 4538 2578 4640 καθαρότης,
2610 4538 2867 4636 ὰῖδιύτης,
2900 4563 2987 4616 ἀεὶ
3014 4561 3154 4615 κατὰ
3177 4538 3407 4614 τὰαύτὰ
3434 4551 3518 4607 καὶ
3544 4538 3740 4640 ﬁt“???

2252 4661 2450 4732 ἐχουσα
2471 4700 2487 4724 ,
2521 4659 2616 4712 καὶ
2659 4659 2760 4710 ὅσα
2819 4654 3041 4708 τοιαῦτα
3090 4652 3338 4720 νενόηται
3373 4642 3490 4713 περὶ
3632 4623 3739 4732 ei?”

2253 4715 2434 4826 φύσιν,
2464 4715 2553 4808 διά
2575 4770 2636 4806 τε
2665 4753 2763 4822 τῆς
2789 4749 2939 4812 θείας
2967 4745 3192 4818 Γραφῆς
3235 4715 3330 4796 aut
3355 4737 3456 4791 τῶν
3479 4715 3740 4826 atatim}:

2251 4847 2466 4917 γισμῶν
2519 4844 2881 4914 κατανοήσας,
2931 4835 3052 4894 εἶτα
3098 4836 3356 4906 τολμήσει
3412 4818 3739 4920 τὴν,τ⁰ιαῗέἶ

2253 4937 2514 5011 προέσθαι
2555 4934 2757 5006 φωνὴν,
2807 4931 2902 4986 καὶ
2952 4928 3045 4983 τὸν
3077 4925 3317 4980 τοιοῦτον
3367 4909 3541 4971 ἑαυτοῦ

2252 4995 2424 5102 μασαι
2455 4995 2668 5100 πατέρα
2683 4995 2705 5092 ;’
2739 5026 2908 5096 Δῆλον
2935 5023 3065 5094 γὰρ,
3100 5021 3182 5072 ὅτι
3207 5019 3255 5069 εἰ
3294 4995 3738 5103 μετέχοι

2252 5123 2422 5185 νοίας,
2469 5121 2566 5174 οὐκ
2611 5119 2678 5172 ἂν
2729 5118 3020 5188 θαρσήσειε
3071 5114 3144 5184 μὴ
3184 5110 3254 5163 τὰ
3284 5101 3414 5158 αὐτὰ
3450 5093 3531 5197 καῖ
3555 5102 3602 5140 εν

2257 5165 3018 5283 c1234»:EtEEJWQLQéEésL
3041 5165 3175 5276 τὶρὲς
3203 5199 3292 5252 τὸν
3323 5165 3731 5283 95bv_**1"‘€"’ﬂ’j

2252 5269 2345 5360 καὶ
2367 5269 2558 5358 εἰπεῖν’
2585 5269 2924 5370 Πάέερ-’Τῆς
2947 5299 3054 5368 γὰρ
3079 5269 3211 5363 έπηνη
3221 5292 3316 5364 Ρᾶς
3336 5280 3575 5376 πράξεωῆ
3591 5269 3733 5376 qd

2246 5399 2339 5462 θὸς
2387 5396 2528 5450 κατὰ
2584 5395 2679 5465 τὴν
2730 5391 2940 5454 οὐσίαν,
2997 5388 3178 5458 πατὴρ
3229 5375 3467 5450 Ύενέσθαι

2247 5492 2361 5563 ἔχει
2381 5507 2393 5521 ·
2425 5489 2547 5542 οὔτε
2578 5449 2671 5541 soi?
2706 5485 2846 5540 κατὰ
2876 5479 2966 5537 τδν
2997 5482 3110 5552 βίον
3138 5467 3525 5548 βεσηλωθέντοςν
3546 5455 3572 5506 ὁ
3595 5449 3708 5510 ατως
