3996 6196
274 291 405 350 ll“

1229 293 1318 348 DE
1358 293 1709 351 ORATIONE
1751 292 2096 350 DOMINICA.
2136 323 2203 334 -—-
2242 291 2501 351 ORATIO
2537 294 2604 350 ll.

3405 295 3544 352 “6‘2

272 408 396 462 οὔτε
441 408 538 464 τοῦ
578 409 1068 480 περιτρεπομένου,
1119 411 1148 462 6
1189 409 1575 475 ιίιναλλοίωτος⁸
1613 410 1736 464 οὔτε
1775 411 1868 464 τοῦ

1972 410 2120 465 illam
2148 424 2338 465 vocem
2371 409 2439 464 ad
2479 409 2650 464 Deum
2683 409 2957 476 emittere,
3019 424 3082 466 ac
3116 411 3322 478 dicere,
3359 411 3538 469 Pater.

270 499 639 572 νεκρωθέντος
677 499 740 564 ἐξ
795 500 1092 570 ἁμαρτίας,
1126 501 1155 553 6
1194 500 1375 573 πατὴρ
1403 502 1497 572 τῆς
1533 501 1709 573 ζωῆςο
1736 501 1861 556 οὒτε

274 590 384 642 τῶν
418 591 476 643 ἐν
532 593 645 653 τοῖς
698 589 897 643 πάθεσι
941 589 1038 660 τῆς
1075 591 1296 662 ἀτιμίας
1327 591 1800 663 ἀσχημονούντων,
1833 594 1863 644 6

276 682 518 753 καθαρὸς
543 681 636 734 καὶ
665 681 942 751 ἀκήρατος
965 697 980 710 °
1009 677 1133 734 σύτε
1163 681 1257 734 τοῦ
1285 682 1627 748 πλεονέκτου,
1657 684 1685 737 ὁ
1705 681 1852 754 εὐερ-

246 836 257 848 ⁹
275 773 444 843 γέτης
468 790 482 804 °
506 772 628 826 οὕτε
652 773 789 837 ὅλως
810 772 918 826 τῶν
957 772 1015 825 ἐν
1049 791 1154 827 τινι
1190 774 1346 845 κακῴ
1383 775 1807 847 εὑρισκομένων,
1835 778 1864 828 6

271 864 333 916 ἐν
365 863 529 917 παντὶ
560 864 749 935 ἀγαθῷ
779 864 1174 936 θεωρούμενος.
1224 867 1286 919 El
1320 866 1426 938 γάρ
1461 885 1545 930 τις
1570 867 1704 936 πρὸς
1740 869 1864 920 ἐαυ-

273 955 366 1008 τὸν
390 955 602 1024 βλέπων
652 956 733 1008 ἔτι
780 956 1078 1027 καθαρσίου
1117 957 1389 1028 δεόμενος,
1435 959 1532 1012 καὶ
1583 958 1863 1030 μοχθηρὰν

272 1045 470 1098 ἑαυτοῦ
516 1046 822 1116 συνείδησιν
872 1046 1252 1114 ἐπιγινώσκων
1285 1047 1466 1119 πλήρη
1512 1047 1743 1119 κηλίδων
1772 1047 1865 1101 καὶ

273 1137 529 1207 πονηρῶν
548 1136 932 1207 ἐγκαυμάτων,
959 1139 1088 1208 πρὶν
1110 1140 1450 1210 καθαρθῆναι
1469 1140 1578 1193 τῶν
1606 1139 1864 1200 τοιούτων

270 1246 335 1282 τε
365 1229 460 1282 καὶ
475 1228 742 1307 τοσούτων
766 1229 973 1293 κακῶν,
991 1230 1126 1301 πρὸς
1160 1231 1258 1301 τὴν
1283 1231 1377 1283 τοῦ
1394 1231 1528 1284 Θεοῦ
1545 1231 1864 1300 συγγένειαν

271 1321 466 1373 ἑαυτὸν
522 1321 773 1386 είσποιοῖ,
837 1322 929 1373 καὶ
985 1321 1162 1390 λέγοι,
1215 1321 1426 1390 Πάτερ,
1469 1322 1549 1392 τῷ
1605 1323 1798 1394 δικαίῳ
1836 1326 1865 1376 6

269 1415 480 1476 ἄδικος,
503 1414 582 1483 τῷ
617 1413 842 1484 καθαρῷ
867 1415 894 1464 6
922 1413 1234 1484 ἀκάθαρτος
1254 1431 1267 1444 ·
1314 1413 1469 1486 ὕϐρις
1509 1416 1767 1486 ἄντικρυς
1799 1415 1864 1469 ἂν

272 1506 360 1575 εἴη
387 1506 483 1557 καὶ
512 1505 748 1575 λοιδορία
796 1506 861 1558 τὰ
890 1506 1130 1576 ῥήματα,
1165 1508 1324 1577 εἴπερ
1359 1506 1457 1576 τῆς
1493 1506 1628 1570 ἰδίας
1661 1507 1866 1577 μοχθη-

275 1595 399 1664 ρίας
432 1595 642 1664 πατέρα
674 1597 766 1648 τὸν
818 1595 950 1648 Θεὸν
993 1594 1269 1666 ὀνομάζοι.
1317 1597 1380 1651 Ἠ
1405 1597 1512 1668 γὰρ
1539 1597 1633 1651 τοῦ
1661 1599 1864 1670 πατρὸς

272 1685 448 1756 φωνὴ,
475 1686 572 1755 τὴν
605 1688 784 1740 αἰτίαν
809 1686 902 1740 τοῦ
926 1686 985 1751 ἐξ
1013 1687 1178 1741 αὐτοῦ
1204 1688 1536 1752 ὑποστάντος
1575 1689 1866 1762 διασημαί-

1969 500 2104 556 Nam
2138 501 2398 572 improbae
2423 502 2724 556 voluntatis
2756 509 2921 573 atque
2951 503 3218 573 propositi
3238 511 3393 573 pater
3418 519 3542 560 esse

1972 592 2041 659 is,
2075 593 2168 662 qui
2200 607 2302 648 sua
2335 601 2534 648 natura
2565 594 2740 648 bonus
2772 607 2876 656 est,
2933 596 3259 650 naturaliter
3289 611 3398 650 non
3438 611 3540 666 po-

1972 689 2078 738 test
2106 702 2122 739 :
2159 699 2336 754 neque
2366 684 2476 738 vita
2505 684 2884 750 contaminati,
2915 693 3142 741 sanctus
3166 705 3179 740 :
3200 702 3379 757 neque
3400 688 3541 758 ejus,

1969 776 2063 846 qui
2093 777 2201 831 huc
2226 777 2359 832 illuc
2390 777 2807 848 circumagitur,
2834 778 2880 831 is
2895 777 2986 846 qui
3014 777 3162 832 alius
3188 779 3305 832 lteri
3325 793 3389 833 ac
3420 796 3544 834 mu-

1973 869 2077 924 tari
2117 883 2226 923 non
2267 877 2451 940 potest
2495 890 2506 924 :
2540 885 2718 939 neque
2763 869 3080 923 mortiﬁcati
3119 883 3216 938 per
3242 880 3544 938 peceatum,

1971 965 2128 1028 pater
2148 959 2309 1024 vitae;
2342 975 2523 1028 neque
2544 974 2762 1022 eorum,
2805 960 2904 1029 qui
2931 961 3101 1016 .vitiis
3161 959 3450 1030 probrosis
3497 971 3551 1016 et

1971 1050 2355 1120 ignominiosis
2416 1049 2639 1120 impulsi
2683 1050 2864 1119 turpia
2917 1051 3295 1116 committunt,
3362 1053 3410 1107 is
3455 1054 3550 1122 qui

1971 1156 2144 1210 purus
2170 1152 2222 1196 et
2257 1142 2468 1212 integer
2493 1153 2602 1210 est;
2631 1157 2811 1212 neque
2833 1147 2981 1198 avari
3013 1153 3066 1200 et
3104 1145 3364 1214 raptoris,
3385 1145 3552 1200 bene-

1972 1235 2183 1303 factor;
2221 1252 2323 1292 nec
2350 1252 2539 1291 eorum
2571 1236 2830 1308 denique,
2853 1239 2951 1307 qui
2975 1239 3030 1291 in
3063 1239 3252 1307 aliquo
3282 1239 3429 1292 male
3455 1237 3549 1293 de—

1973 1326 2410 1396 prehenduntur,
2446 1328 2494 1382 is
2527 1329 2624 1398 qui
2656 1329 2711 1382 in
2732 1330 2881 1384 omni
2921 1331 3068 1384 bono
3107 1331 3354 1384 cernitur
3386 1337 3550 1400 atque

1972 1418 2376 1482 consideratur,
2411 1433 2612 1488 parens
2639 1435 2764 1476 esse
2794 1429 2996 1491 potest.
3034 1422 3184 1474 Nam.
3203 1421 3249 1475 si
3294 1423 3420 1490 quis
3453 1436 3549 1474 ex-

1974 1509 2217 1579 piatione
2250 1512 2412 1565 etiam
2444 1525 2591 1566 nunc
2631 1526 2774 1581 opus
2823 1512 3054 1576 habens,
3095 1513 3337 1581 seipsum
3380 1512 3551 1582 inspi-

1972 1599 2145 1666 ciens,
2189 1611 2245 1656 et
2277 1601 2536 1657 vitiosam
2585 1603 2984 1658 conscientiam
3032 1618 3190 1658 suam
3241 1617 3549 1673 agnoscens

1972 1692 2186 1760 plenam
2226 1693 2481 1756 maculis,
2513 1703 2566 1749 et
2601 1695 2870 1750 scelerum
2907 1695 3053 1749 notis
3088 1693 3333 1764 iniustis,
3365 1694 3549 1764 prius-

270 1795 374 1829 νει.
409 1777 616 1835 Οὐκοῦν
649 1779 676 1830 6
715 1777 988 1848 μοχθηρὸς
1032 1778 1130 1848 τὴν
1184 1779 1508 1850 συνείδησιν,
1564 1781 1614 1832 εί
1654 1780 1866 1852 πατέρα

1972 1799 2134 1853 quam
2167 1799 2194 1836 a
2227 1792 2310 1838 tot
2356 1785 2636 1855 tantisque
2661 1787 2824 1840 malis
2853 1796 3194 1855 expurgatus
3233 1785 3325 1850 sit,
3365 1799 3425 1839 se
3452 1783 3546 1839 Dei

269 1867 468 1924 ἑαυτοῦ
502 1869 592 1921 τὸν
618 1869 753 1924 Θεὸν
783 1869 949 1938 λέγει,
982 1870 1132 1924 οὐδὲν
1154 1872 1340 1943 ἕτερον
1373 1872 1408 1942 ἢ
1447 1872 1556 1925 τῶν
1589 1872 1733 1926 ἰδίων
1759 1890 1861 1928 κα-

271 1959 386 2013 κῶν
416 1959 656 2030 ἀρχηγόν
687 1977 746 2012 τε
771 1961 865 2014 καὶ
908 1961 1080 2014 αἴτιον
1117 1961 1279 2016 αὑτὸν
1303 1957 1443 2016 εἶναι
1472 1963 1858 2034 κατηγορήσει.

283 2051 439 2105 Ἀλλ’
466 2051 665 2116 οὐδεὶς
699 2053 980 2106 κοινωνία
1005 2053 1151 2122 φωτὶ
1179 2054 1329 2123 πρὸς
1362 2055 1604 2120 σκότος,
1647 2054 1812 2126 φησιν
1835 2057 1864 2108 6

284 2144 612 2206 Ἀπόστολος
636 2158 649 2172 ⁸
677 2144 813 2199 ἀλλά
854 2144 932 2215 τῷ
959 2145 1099 2215 φωτὶ
1131 2148 1246 2215 φῶς
1277 2146 1740 2218 πῳσοικειοῦται,
1769 2146 1867 2200 καὶ

269 2231 356 2302 τῷ
413 2233 606 2304 δικαίῳ
663 2235 723 2287 τὸ
785 2221 1020 2304 δίκαιον,
1072 2237 1163 2290 καὶ
1212 2236 1289 2307 τῷ
1351 2236 1502 2308 καλῷ
1551 2237 1614 2290 τὸ
1660 2237 1860 2304 καλὸν,

270 2321 371 2374 καὶ
439 2321 516 2392 τῷ
587 2322 850 2395 ἀφθάρτῳ
908 2325 969 2377 τὸ
1031 2324 1326 2397 ἄφθαρτον.
1395 2325 1477 2378 Τὰ
1534 2326 1593 2379 δὲ
1646 2325 1865 2380 ἐναντία

272 2410 415 2482 πρὸς
457 2412 523 2465 τὰ
555 2413 788 2485 ὁμογενῆ
838 2416 1055 2480 πάντως
1089 2415 1188 2488 τὴν
1223 2416 1541 2485 συγγένειαν
1597 2415 1732 2486 ἔχει.
1781 2418 1862 2472 Οὐ

273 2503 384 2573 γὰρ
416 2503 664 2558 δύναται
711 2503 964 2574 δένδρον
1010 2506 1201 2560 καλὸν
1244 2507 1515 2576 καρποὺς
1560 2508 1864 2577 πονηροὺς

273 2593 490 2648 ποιεῖν.
541 2595 604 2648 Et
648 2596 824 2649 τοίνυν
871 2597 1229 2680 βαρυκάρδιός
1265 2618 1348 2664 τις
1382 2599 1479 2667 ὢν,
1525 2601 1707 2666 καθώς
1759 2619 1866 2674 φη-

275 2703 360 2740 σιν
388 2688 422 2756 ή
478 2687 518 2737 Γ
524 2687 692 2757 ραφὴ,
717 2688 809 2741 καὶ
833 2689 894 2742 τὸ
917 2688 1113 2757 ψεῦδος
1163 2690 1360 2762 ζητῶν,
1405 2693 1723 2765 κατατολμᾷ
1756 2695 1864 2748 τῶν

275 2777 372 2847 τῆς
402 2783 711 2850 προσευχῆς
761 2783 1043 2852 ῥημάτων,
1091 2783 1406 2851 γινωσκέτω
1440 2786 1521 2838 ὅτι
1568 2787 1628 2838 οὐ
1655 2785 1744 2838 τὸν
1772 2787 1864 2838 ὀύ-

279 2868 464 2938 ράνιον
486 2871 514 2922 6
538 2870 774 2935 τοιοῦτος
796 2873 1013 2946 Πατέρα
1031 2873 1203 2938 καλεῖ,
1223 2872 1359 2927 ἀλλά
1371 2875 1461 2928 τὸν
1490 2876 1862 2946 καταχθόνιον,

275 2957 336 3021 ὃς
371 2960 535 3025 αύτός
579 2979 638 3014 τε
687 2963 927 3035 ψεύστης
976 2966 1112 3033 ἐστὶ,
1154 2966 1250 3018 καὶ
1280 2965 1372 3019 τοῦ
1401 2968 1457 3019 ἐν
1491 2968 1706 3039 ἑκάστῳ
1738 2985 1865 3021 συν·-

282 3054 570 3123 ισταμένου
615 3055 843 3125 ψεύδους
879 3057 1062 3128 πατὴρ
1117 3057 1347 3126 γίνεται,
1387 3060 1592 3123 ἐκεῖνος
1621 3060 1864 3134 ἁμαρτία

281 3149 374 3200 καὶ
396 3149 674 3220 ἁμαρτίας
703 3152 905 3223 πατήρ.
938 3153 1034 3206 Διὰ
1056 3152 1212 3206 τοῦτο
1239 3155 1287 3206 οἱ
1331 3154 1599 3226 ἐμπαθεῖς
1625 3158 1724 3228 τὴν
1763 3158 1868 3228 ψυ-
1894 3160 1936 3218 C

278 3239 396 3311 χὴν,
456 3242 628 3312 ὀργῆς
674 3241 843 3297 τέκνα
891 3245 1043 3315 παρὰ
1084 3244 1180 3298 τοῦ
1233 3245 1554 3300 Ἀποστόλου
1593 3266 1867 3320 προσαγο-

280 3331 529 3401 ρεύονται
556 3350 569 3362 ·
597 3333 692 3386 καὶ
751 3335 780 3386 6
822 3334 922 3404 τῆς
957 3335 1107 3406 ζωῆς
1142 3335 1404 3401 ἀποστὰς,
1452 3340 1726 3404 ἀπωλείας
1753 3341 1868 3406 υίὸς

276 3422 600 3492 ὀνομάζεται
625 3440 637 3451 ·
681 3425 774 3478 καί
821 3443 906 3489 τις
961 3425 1244 3496 βλακώδης
1277 3428 1369 3481 καὶ
1409 3428 1721 3500 θηλυδρίας,
1756 3432 1868 3495 υίὸς

277 3513 552 3582 κορασίων
588 3514 1033 3585 αὐτομολούντων
1103 3517 1542 3588 προσηγορεύθη.
1597 3521 1869 3588 Ὡσαύτως

279 3607 370 3658 καὶ
398 3607 464 3658 ἐκ
487 3607 579 3660 τοῦ
619 3607 886 3673 ἐναντίου,
926 3609 975 3660 οἱ
1017 3609 1260 3680 λαμπροὶ
1285 3611 1382 3681 τὴν
1414 3613 1735 3684 συνείδησιν,
1765 3615 1870 3668 uici.

279 3698 461 3766 φωτὸς
494 3700 590 3752 καὶ
624 3699 838 3771 ἡμέρας
867 3701 1366 3771 προσαγορεύονται
1399 3719 1411 3731 °
1457 3703 1553 3756 καὶ
1589 3703 1869 3774 δυνάμεως

276 3789 383 3842 υἱοὶ
446 3789 645 3860 ἕτεροι,
699 3791 748 3843 oi
785 3791 921 3860 πρὸς
954 3791 1052 3862 τὴν
1093 3791 1245 3846 θείαν
1272 3793 1424 3863 ἰσχὺν
1449 3794 1678 3858 ἑαυτοὺς
1704 3792 1872 3847 τονώ-

279 3897 498 3944 σαντες.
533 3882 702 3935 Ὅταν
752 3883 930 3936 τοίνυν
964 3883 1184 3954 Πατέρα
1228 3884 1318 3938 τὸν
1350 3885 1482 3940 Θεὸν
1514 3885 1694 3954 λέγειν
1723 3887 1869 3957 ἡμᾶς

278 3974 335 4025 ἐν
358 3976 428 4044 τῇ
457 3976 734 4051 προσευχῇ
780 3974 1005 4045 διδάσκῃ
1061 3977 1089 4029 6
1130 3976 1356 4047 Κύριος,
1387 3978 1538 4031 οὐδὲν
1561 3978 1746 4048 ἕτερόν
1780 3996 1870 4048 μοι

279 4067 428 4120 δοκεῖ
465 4068 658 4128 ποιεῖν,
698 4067 731 4138 ἢ
756 4067 846 4120 τὸν
868 4067 1070 4138 ὑψηλόν
1102 4086 1160 4121 τε
1198 4070 1292 4122 καὶ¹
1321 4069 1627 4140 ἐπηρμένον
1647 4069 1870 4140 νομοθε-

161 4231 185 4240 -
279 4161 391 4212 τεῖν
428 4158 546 4228 βίον
567 4175 581 4188 ·
612 4158 672 4210 οὐ
700 4158 808 4229 γὰρ
829 4158 892 4229 δὴ
915 4159 1203 4229 ψεύδεσθαι
1235 4160 1476 4214 διδάσκει
1505 4163 1652 4231 ἡμᾶς
1678 4163 1711 4232 ή
1741 4162 1872 4234 ἀλη-

281 4248 590 4317 θεια,ὧστε
620 4249 799 4318 λέγειν
828 4249 855 4302 6
889 4252 960 4320 μή
1015 4252 1202 4321 ἐσμεν,
1245 4254 1340 4305 καὶ
1384 4253 1670 4324 ὀνομάζειν
1716 4254 1744 4306 ὃ
1798 4255 1873 4326 μὴ

281 4341 646 4412 πεφύκαμεν·
711 4341 848 4396 ἀλλά
905 4344 1126 4415 Πατέρα
1180 4343 1430 4412 λέγοντες
1479 4347 1724 4412 ἐαυτῶν,
1783 4347 1873 4401 τὸν

283 4431 565 4504 ἄφθαρτόν
584 4449 643 4484 τε
670 4434 763 4486 καὶ
789 4433 1000 4488 δίκαιον
1030 4436 1124 4487 καὶ
1165 4434 1387 4503 ἀγαθὸν,
1414 4437 1770 4508 ἐπαληθεύειν
1795 4437 1873 4508 τῷ

285 4525 386 4596 βίῳ
437 4525 540 4595 τὴν
586 4527 922 4596 ἀγχιστείαν.
958 4527 1121 4598 Ὁρᾷς
1170 4527 1302 4598 ὅσης
1347 4529 1478 4598 ἡμῖν
1517 4529 1873 4600 παρασκευῆς

284 4620 399 4670 ἐστι
434 4616 636 4689 χρεία;
676 4619 788 4670 οἴου
821 4617 936 4689 βίου
963 4635 976 4684 ;
1017 4620 1190 4689 πόσης
1223 4620 1316 4673 καὶ
1350 4623 1601 4690 ποταπῆς
1627 4622 1742 4674 ἐστι
1772 4621 1874 4692 τῆς

285 4710 552 4780 σπουδῆς,
584 4709 726 4763 ὥστε
753 4711 888 4765 ποτὲ
934 4711 1069 4782 πρὸς
1101 4711 1260 4764 τοῦτο
1294 4710 1356 4764 τὸ
1384 4711 1580 4782 μέτρον
1603 4712 1704 4782 τῆς
1729 4716 1872 4786 παρ-

286 4799 485 4869 ρησίας
523 4798 832 4870 ύψωθείσης
866 4799 1024 4870 ἡμῶν
1063 4801 1163 4872 τῆς
1193 4800 1574 4871 συνειδήσεως,
1603 4802 1873 4873 τολμῆσαι

285 4892 462 4943 εἰπεῖν
490 4889 566 4961 τῷ
591 4891 729 4962 Θεῷ,
766 4892 849 4944 ὅτι
867 4891 1096 4960 11ἁτερ;
1124 4893 1186 4945 El
1217 4893 1325 4963 γὰρ
1353 4893 1480 4964 περὶ
1515 4894 1582 4946 τὰ
1615 4895 1874 4966 χρήματα

287 4981 608 5059 βλέπειςηεί
642 4983 771 5053 ’περὶ⁵
814 4981 913 5053 τὴν
959 4981 1217 5052 βιωτικὴν
1249 4982 1466 5053 ἀπάτην
1502 4984 1872 5056 ὴσχολημένος

285 5071 425 5142 εἴης,
460 5073 493 5145 ἢ
532 5074 631 5146 τὴν
660 5074 720 5138 ἐξ
758 5073 1060 5144 ἀνθρώπων
1093 5074 1250 5138 δόξαν
1285 5073 1635 5146 ἀναζητοίης,
1683 5079 1733 5130 εί
1765 5077 1872 5131 τῶν

288 5165 594 5235 ἐπιθυμιῶν
617 5167 736 5229 ταῖς
766 5166 1205 5237 ἐμπαθεστέραις
1228 5166 1497 5231 δουλεύοις
1522 5185 1533 5198 ·
1569 5167 1759 5222 ἔπειτα
1776 5170 1874 5240 τὴν

284 5257 543 5328 τοιαύτην
598 5258 908 5330 προσευχὴν
947 5258 1036 5311 διὰ
1095 5258 1362 5327 στόματος
1399 5259 1623 5324 λάϐοιςο
1672 5259 1725 5313 τί
1774 5262 1874 5314 οῐει

286 5350 431 5420 ἐρεῖν
450 5352 542 5404 τὸν
574 5353 656 5415 εἰς
683 5351 776 5404 τὸν
813 5351 926 5421 βίον
978 5350 1261 5421 βλέποντα,
1296 5353 1389 5406 καὶ
1429 5355 1527 5424 τῆς
1570 5354 1876 5425 προσευχῆς

291 5443 586 5508 ἰπαΐοντα;
626 5439 768 5511 Ἐγὼ
794 5438 1048 5496 τοιούτων
1075 5441 1235 5495 τινῶν
1256 5442 1515 5513 ῥημάτων
1545 5443 1762 5497 ἀκούειν
1796 5442 1878 5496 δο-

285 5532 390 5597 κῶ,
431 5533 631 5588 ὡσανεὶ
669 5531 765 5586 τοῦ
810 5531 946 5587 Θεοῦ
996 5533 1132 5604 πρὸς
1160 5532 1250 5586 τὸν
1301 5532 1541 5587 τοιοῦτον
1586 5532 1874 5602 λέγοντος·

1969 1875 2280 1947 eognationi
2309 1876 2543 1941 inserat,
2587 1892 2651 1932 ac
2689 1877 2839 1932 dicat
2869 1896 2881 1932 :
2906 1877 3255 1947 Pater,justo
3287 1877 3550 1946 iniustus,

1969 1981 2111 2036 puro
2142 1967 2392 2038 impurus
2423 1987 2436 2023 :
2470 1970 2807 2024 contumelia
2845 1977 3010 2039 atque
3032 1969 3346 2024 convicium
3381 1969 3546 2038 plane

1969 2075 2033 2116 ea
2063 2061 2231 2115 verba
2268 2060 2496 2126 fuerint,
2545 2060 2818 2131 siquidem
2853 2076 2967 2116 sua:
3013 2060 3278 2130 nequitiae
3331 2067 3544 2130 patrem

1974 2150 2139 2207 Deum
2180 2153 2445 2207 nominat.
2478 2151 2614 2207 Nam
2647 2154 2819 2222 patris
2849 2151 3448 2215 vocabulum,causam
3478 2163 3546 2204 ex

1973 2245 2093 2315 ipso
2123 2245 2396 2316 procreati
2420 2244 2714 2314 signiﬁcat.
2739 2243 2878 2314 Ergo
2900 2244 2948 2300 si
2977 2242 3321 2298 conscientia
3347 2241 3546 2295 vitiosa

1972 2337 2096 2407 quis
2150 2337 2416 2406 praeditus
2467 2344 2678 2407 patrem
2743 2351 2904 2392 suum
2964 2334 3134 2391 Deum
3174 2333 3356 2398 dicat,
3415 2332 3550 2387 nihil

1972 2427 2142 2495 aliud,
2175 2443 2339 2500 quam
2375 2443 2605 2485 suorum
2651 2428 2922 2483 malorum
2963 2425 3121 2497 quasi
3158 2424 3462 2497 principem
3497 2431 3552 2478 et

1973 2529 2249 2576 auctorem
2284 2535 2408 2574 eum
2453 2517 2814 2575 insimulabit.
2850 2518 2920 2572 At
2945 2517 3094 2574 nulla
3116 2517 3416 2572 communio
3444 2515 3553 2570 luci

1972 2626 2091 2663 cum
2131 2609 2382 2672 tenebris,
2429 2608 2605 2678 inquit
2638 2608 2936 2674 Apostolus
2958 2608 3033 2674 ³⁶;
3070 2607 3166 2663 sed
3190 2622 3314 2662 cum
3348 2605 3579 2661 lumine.

1972 2701 2156 2756 lumen
2205 2701 2577 2766 consociatur,
2619 2714 2743 2754 cum
2773 2699 2988 2769 justitia
3017 2698 3254 2768 justitia,
3285 2712 3408 2752 eum
3451 2697 3551 2752 ho-

1971 2799 2184 2848 nestate
2234 2791 2524 2871 honestas,
2589 2804 2716 2844 cum
2770 2789 3093 2859 incorrupto
3142 2787 3548 2856 incorruptum.

1949 2883 2260 2957 .Contraria
2281 2897 2432 2947 vero,
2463 2897 2586 2937 cum
2618 2881 2707 2944 iis,
2733 2895 2855 2950 quae
2881 2879 3126 2948 ejusdem
3150 2878 3366 2950 generis
3397 2884 3550 2941 sunt,

1973 2974 2132 3044 plane
2164 2971 2547 3044 cognationem
2593 2970 2812 3025 habent.
2849 2968 2975 3024 Non
3001 2969 3146 3023 enim
3193 2977 3360 3036 potest
3394 2965 3553 3020 arbor

1974 3063 2110 3116 bona
2167 3062 2337 3117 malos
2393 3063 2678 3128 producere
2737 3061 2944 3128 fructus
2972 3059 3036 3111 ³⁷.
3093 3057 3149 3112 Si
3205 3057 3330 3128 quis
3386 3057 3554 3128 igitur

1970 3134 2120 3224 gravi
2162 3151 2432 3220 tardeque
2471 3148 2658 3213 corde,
2716 3155 2775 3202 ut
2826 3147 3003 3218 inquit
3035 3146 3339 3223 Scriptura,
3389 3154 3554 3216 atque

1969 3243 2315 3298 mendacium
2357 3253 2636 3311 quaerens,
2677 3239 2841 3293 audet
2881 3237 3146 3293 orationis
3174 3236 3342 3293 verba
3392 3253 3555 3294 usur-

1969 3351 2127 3406 pare,
2155 3336 2293 3391 sciat
2325 3335 2394 3399 is,
2426 3331 2573 3404 quod
2603 3347 2713 3388 non
2747 3331 3024 3387 caelestem
3060 3329 3274 3386 Patrem
3311 3329 3554 3394 invocat,

1969 3425 2062 3480 sed
2101 3424 2399 3489 infernum,
2457 3426 2550 3492 qui
2598 3430 2653 3477 et
2687 3422 2805 3492 ipse
2861 3419 3097 3476 mendax
3138 3430 3244 3484 est,
3305 3429 3361 3476 et
3411 3420 3552 3490 ejus,

1970 3517 2116 3587 quod
2148 3517 2202 3570 in
2235 3530 2565 3584 unoquoque
2595 3513 2885 3579 conﬂatur,
2918 3513 3192 3568 mendacii
3227 3521 3383 3584 pater
3408 3515 3555 3571 exsi-

1972 3610 2086 3672 stit,
2122 3608 2214 3662 ille
2244 3606 2336 3676 qui
2369 3612 2672 3677 peccatum,
2705 3612 2760 3659 et
2787 3604 2995 3674 peccati
3022 3610 3178 3672 pater
3203 3612 3288 3658 est
3313 3604 3377 3655 ³⁸.
3418 3604 3546 3659 Pro-

1972 3708 2156 3770 pterea
2179 3697 2344 3751 animi
2371 3695 2663 3750 affectibus
2687 3709 2750 3748 ac
2775 3693 3286 3764 perturbationibus
3303 3693 3554 3762 obnoxii,

1972 3789 2067 3845 ﬁlii
2097 3789 2190 3843 irae
2217 3788 2283 3842 ab
2301 3786 2562 3856 Apostolo
2591 3784 2934 3854 appellantur
2958 3783 3032 3850 ’9;
3067 3791 3122 3837 et
3150 3782 3241 3852 qui
3265 3797 3294 3834 a
3325 3782 3434 3838 vita
3463 3781 3557 3838 de-

1973 3881 2214 3944 sciverit,
2246 3877 2569 3949 perditionis
2596 3875 2740 3931 litius
2769 3873 3086 3929 nominatur
3111 3873 3154 3904 ⁸⁰
3172 3890 3190 3939 ;
3221 3872 3402 3927 mollis
3426 3873 3555 3929 item

1973 3972 2245 4044 quiSpiam
2279 3978 2334 4025 et
2362 3968 2730 4035 eﬂeminatus,
2787 3967 2932 4022 lilius
2959 3964 3265 4036 puellarum
3306 3964 3555 4020 transfu—

1974 4065 2237 4136 gientium
2272 4061 2594 4133 appellatur.
2633 4057 2895 4113 Similiter
2941 4057 3106 4112 etiam
3157 4071 3221 4111 ex
3254 4055 3554 4119 contrario.

1974 4155 2314 4210 conscientia
2347 4155 2513 4217 lauta,
2559 4166 2696 4222 pura
2747 4164 2812 4204 ac
2844 4150 3122 4204 luculenta
3171 4147 3409 4218 praediti,
3461 4147 3556 4202 [iiii

1975 4249 2116 4304 lucis
2147 4253 2201 4302 et
2231 4246 2338 4300 diei
2392 4242 2834 4316 appellantur“:
2887 4241 3084 4295 virium
3135 4240 3262 4295 item
3297 4239 3392 4293 ﬁlii
3441 4239 3554 4304 alii,

1975 4316 2073 4412 qui
2106 4339 2174 4394 ad
2211 4339 2456 4394 divinum
2487 4337 2656 4393 robur
2688 4351 2807 4391 sese
2836 4331 3195 4388 firmaverint.
3222 4331 3358 4386 Cum
3393 4331 3557 4402 igitur

1977 4443 2037 4489 ut
2057 4433 2273 4488 Patrem
2299 4431 2467 4485 Deum
2503 4430 2559 4484 in
2583 4430 2832 4484 oratione
2859 4427 3131 4487 dicamus,
3164 4423 3430 4478 Dominus
3456 4438 3558 4480 nos

1977 4527 2155 4590 docet,
2199 4524 2334 4578 nihil
2368 4513 2714 4576 mihiTacere
2738 4518 2886 4573 aliud
2915 4519 3150 4580 videtur,
3183 4531 3352 4587 quam
3383 4516 3558 4571 subli-

1979 4633 2122 4673 mem
2153 4625 2208 4672 et
2238 4618 2402 4670 altam
2443 4599 2735 4670 instituere
2775 4620 2939 4682 atque
2973 4609 3332 4680 praescribere
3365 4609 3555 4674 vitam;

1977 4722 2088 4762 non
2111 4706 2256 4762 enim
2298 4707 2486 4774 utique
2520 4701 2739 4757 mentiri
2792 4715 2892 4754 nos
2925 4699 3125 4754 veritas
3159 4696 3339 4762 docet,
3388 4705 3448 4750 ut
3476 4697 3559 4752 di-

1977 4815 2169 4857 camus
2203 4813 2304 4854 nos
2338 4813 2480 4862 esse,
2535 4795 2677 4865 quod
2728 4807 2837 4847 non
2879 4791 3077 4854 simus,
3130 4797 3184 4845 et
3219 4789 3558 4858 appellemus

1979 4910 2080 4950 nos
2114 4907 2179 4948 eo
2209 4890 2450 4953 nomine,
2481 4886 2627 4958 quod
2659 4894 2857 4938 natura
2905 4873 3078 4936 nobis
3095 4880 3421 4935 attributum
3452 4894 3558 4934 non

1977 4984 2070 5047 sit,
2113 4981 2210 5038 sed
2241 4989 2302 5035 ut
2333 4981 2462 5033 dum
2496 4979 2897 5045 incorruptum,
2927 4980 2980 5030 et
3002 4973 3236 5042 justum.
3272 4980 3326 5026 et
3355 4971 3558 5026 bonum

1977 5070 2197 5126 Patrem
2233 5077 2485 5125 nostrum
2535 5065 2793 5129 (licinius,
2826 5063 2952 5117 vita:
2997 5061 3309 5133 integritate
3339 5060 3562 5130 propiu-

1979 5165 2242 5234 quitatem
2260 5161 2584 5224 referamus,
2601 5170 3024 5228 eamqueveram
3043 5170 3166 5210 esse
3181 5152 3554 5209 ostendamus.

1979 5255 2146 5316 Vides
2174 5262 2384 5326 quanto
2412 5253 2573 5308 nobis
2615 5266 2754 5322 opus
2787 5247 2859 5304 sit
2887 5245 3194 5319 apparatu?
3233 5243 3380 5314 quali
3415 5240 3556 5295 vita?

1980 5354 2187 5418 quanto
2225 5345 2462 5416 aequali
2495 5343 2706 5404 studio.
2752 5349 2811 5397 ut
2838 5340 2906 5395 ad
2939 5353 3063 5394 eum
3090 5335 3314 5392 modum
3347 5330 3553 5387 ﬁducia:

1976 5449 2158 5496 erecta
2203 5438 2425 5493 tandem
2467 5432 2806 5492 conscientia
2857 5437 3044 5486 nostra
3075 5429 3144 5484 ad
3178 5427 3346 5482 Deum
3377 5424 3555 5478 dicere

1979 5532 2302 5595 audeamus,
2343 5527 2676 5584 PaterPNam
2704 5525 2748 5582 si
2775 5523 3040 5596 pecunias
3069 5528 3305 5591 spectes,
3336 5515 3380 5571 si
3411 5513 3554 5569 circa

361 5646 405 5677 ³⁵
445 5645 489 5701 ll
521 5647 648 5704 Cor.
685 5663 768 5713 vt,
806 5646 871 5702 ll.
959 5647 1001 5680 ³⁷
1045 5645 1234 5701 Matth.
1273 5663 1370 5711 vn,
1405 5648 1488 5704 l8.
1567 5649 1609 5681 ³³
1649 5648 1805 5704 Joan.
1841 5665 1868 5702 v

1972 5647 2034 5701 τί.
2115 5648 2158 5676 ⁵³
2202 5644 2397 5713 Ephes.
2437 5659 2503 5708 tt,
2535 5643 2585 5696 5.
2665 5639 2710 5672 ⁸ο
2749 5637 2908 5694 Joan.
2941 5650 3072 5700 xvn,
3109 5632 3192 5684 1‘2.
3269 5629 3313 5663 “
3353 5623 3556 5700 Ephcs.

291 5729 342 5780 ν,
374 5719 427 5773 8.
