3996 6196
307 277 452 335 1145

1245 281 1334 338 DE
1372 281 1722 341 ORATIONE
1761 285 2113 343 DOMINICA.
2157 318 2227 332 ο·-
2261 287 2518 346 οῐιΑτιο
2556 289 2621 348 ll.

3446 299 3579 358 1146

299 398 511 462 εἰκόνος
566 395 910 468 ἐπανάληψιν
968 396 1352 469 ὑποσημαίνει.
1413 398 1788 474 ’Δσφαλίζεται
1825 403 1883 457 δὲ

1994 403 2284 475 pinquans,
2324 406 2535 462 incidat
2564 408 2618 462 in
2651 424 2918 467 morsum.
2954 413 3430 480 Quemadmodum
3479 423 3573 491 igi-

301 491 400 544 καὶ
453 489 580 552 τοὺς
628 489 796 554 πόδας
833 493 945 555 τοῖς
973 491 1334 563 ὑποδήμασιν,
1371 493 1448 558 ὡς
1485 495 1554 549 ἂν
1597 497 1672 568 μὴ
1707 498 1889 568 γυμνῇ

301 584 369 652 τῇ
393 581 623 654 πτέρνῃ,
657 583 724 653 τῇ
764 581 976 654 κεφαλῇ
1013 582 1112 636 τοῦ
1143 583 1320 654 ὄφεως
1356 586 1755 656 προσεγγίζων,
1794 589 1893 660 ἐμ-

304 674 480 745 πίπτῃ
506 673 586 743 τῷ
605 673 866 745 δήγματι.
902 674 1112 745 Ὥσπερ
1148 675 1327 730 τοίνυν
1365 679 1482 731 ἐκεῖ
1507 679 1606 750 τῆς
1631 679 1784 752 παρά
1796 678 1890 734 τοῦ

303 767 513 838 πατρὸς
565 765 973 837 φιλανθρωπίας
1025 767 1174 821 αίτία
1210 769 1401 837 γέγονε
1441 770 1520 841 τῷ
1557 771 1662 842 νέῳ
1693 773 1727 844 ἡ
1756 772 1892 843 πρὸς

303 860 405 928 τὴν
451 855 712 928 πατρῴαν
774 856 960 910 ἐστίαν
994 859 1299 929 ἐπιστροφὴ
1339 859 1516 931 (αῦτη
1572 860 1629 914 δέ
1677 862 1825 915 ἐστιν
1861 861 1892 914 ὁ

302 949 534 1020 οὐρανὸς
571 951 650 1012 είς
687 949 748 1002 ὃν
785 949 1310 1020 πεπλημμεληκέναι
1358 953 1438 1023 τῷ
1479 955 1646 1025 πατρὶ
1691 953 1886 1025 λέγει),

302 1038 450 1093 οὕτω
485 1041 580 1093 καὶ
614 1037 848 1093 ἐνταῦθα
873 1040 1021 1093 δοκεῖ
1057 1058 1146 1111 μοι
1187 1042 1454 1097 διδάσκων
1489 1045 1520 1097 ὁ
1556 1043 1761 1114 Κύριος
1799 1045 1890 1099 τὸν

303 1133 365 1186 ἐν
409 1133 522 1194 τοῖς
572 1131 821 1203 οὐρανοῖς
849 1133 1224 1188 ἐπικαλεῖσθαι
1263 1135 1511 1208 Πατέρα,
1555 1139 1772 1208 μνήμην
1807 1155 1890 1191 σοι

303 1223 580 1278 ποιεῖσθαι
632 1225 728 1295 τῆς
767 1223 979 1296 ἀγαθῆς
1019 1226 1296 1297 πατρίδος,
1357 1227 1434 1291 ὼς
1475 1228 1541 1282 ἂν
1593 1230 1889 1301 ἐπιθυμίαν

305 1315 672 1387 σφοδροτέραν
710 1315 818 1370 τῶν
856 1316 1035 1371 καλῶν
1053 1319 1380 1390 ἐμποιήσας,
1403 1320 1717 1392 ἐπιστήσειέ
1742 1339 1801 1375 σε
1820 1325 1887 1394 τῇ

301 1407 412 1478 ὀδῷ
447 1409 512 1479 τῇ
544 1408 679 1482 πρὸς
715 1408 812 1481 τὴν
849 1410 1080 1482 πατρίδα
1118 1411 1281 1465 πάλιν
1320 1412 1690 1485 ἐπαναγούσῃ.
1741 1414 1890 1479 Ὁδὸς

302 1496 365 1549 δὲ
403 1498 437 1568 ή
467 1497 602 1569 πρὸς
643 1498 735 1552 τὸν
765 1500 994 1571 οὐρανὸν
1041 1501 1140 1571 τὴν
1188 1501 1536 1574 ἀνθρωπίνην
1577 1504 1739 1574 φύσιν
1789 1507 1888 1560 ἀν-

304 1589 534 1658 άγουσα.
559 1591 880 1662 οὐδεμίατίς
916 1593 1064 1647 ἐστιν
1085 1593 1314 1664 inme!
1350 1595 1424 1667 μὴ
1445 1597 1588 1668 φυγὴ
1627 1599 1720 1650 καὶ
1750 1599 1888 1652 ἀπό-

305 1696 495 1745 στασις
529 1680 638 1735 τῶν
701 1683 994 1754 περιγείων
1044 1685 1262 1739 κακῶν
1303 1686 1402 1757 τῆς
1453 1687 1511 1740 δὲ
1550 1688 1730 1759 φυγῆς
1777 1688 1889 1741 τῶν

303 1773 494 1826 κακῶν
529 1751 908 1842 ἐπίνοιαξούκ
941 1775 1073 1848 ἄλλη
1116 1777 1206 1849 μοί
1240 1795 1324 1842 τις
1357 1751 1502 1832 εἶναι
1749 1779 1889 1852 πλὴν
1919 1751 1962 1807 Β

301 1865 408 1938 τῆς
464 1867 601 1938 πρὸς
641 1866 732 1920 τὸν
769 1867 902 1922 Θεὸν
937 1867 1268 1938 ὁμοιώσεως.
1325 1871 1397 1924 Τὸ
1454 1871 1510 1924 δὲ
1558 1872 1888 1944 ὁμοιωθῆναι

301 1960 453 2032 Θεῷ,
487 1961 548 2014 τὸ
595 1960 804 2016 δίκαιόν
848 1978 908 2014 τε
959 1962 1052 2016 καὶ
1103 1962 1249 2017 ὅσιον
1286 1964 1380 2018 καὶ
1431 1963 1654 2033 ἀγαθὸν,
1689 1965 1786 2018 καὶ
1819 1965 1890 2020 τὰ

246 2097 260 2112 ,
301 2049 532 2106 τοιαῦτά
565 2052 680 2106 ἐστι
717 2051 988 2121 γενέσθαι.
1019 2047 1119 2106 Ὧν
1143 2053 1200 2106 εῐ
1229 2071 1335 2121 τις,
1377 2054 1455 2118 ὡς
1493 2054 1607 2109 ἐστι
1642 2055 1887 2122 δυνατὸν,

305 2143 433 2206 τοὺς
470 2143 822 2214 χαρακτῆρας
847 2144 1094 2216 ἐναργῶς
1119 2145 1176 2198 ἐν
1205 2144 1384 2216 ἐαυτῷ
1403 2145 1725 2212 τυπώσειεν,
1755 2147 1893 2218 ἀμο-

305 2235 437 2305 γητὶ
459 2233 598 2288 κατά
625 2234 686 2288 τὸ
711 2234 1016 2306 αὐτόματον
1045 2235 1182 2307 πρὸς
1202 2235 1294 2289 τὸν
1311 2235 1560 2307 οὐράνιον
1584 2235 1761 2308 χῶρον
1782 2236 1890 2289 ἀπὸ

302 2319 402 2375 τοῦ
462 2323 744 2393 περιγείου
802 2325 1199 2395 μεταστήσεται
1248 2325 1385 2395 βίου.
1429 2327 1504 2379 Οὐ
1543 2329 1653 2398 γὰρ
1689 2326 1889 2398 τοπικὴ

303 2415 402 2470 τοῦ
444 2413 602 2470 Θείου
654 2415 793 2488 πρὸς
843 2416 905 2471 τὸ
942 2416 1281 2489 ἀνθρώπινόν
1327 2419 1476 2472 ἐστιν
1511 2420 1546 2490 ή
1587 2419 1888 2487 διάστασις,

303 2508 449 2563 ὥστε
486 2509 629 2572 τινὸς
654 2512 899 2580 μηχανῆς
943 2526 1004 2562 τε
1039 2511 1174 2581 ἡμῖν
1210 2511 1304 2563 καὶ
1338 2509 1602 2579 ξέπινοίας
1635 2509 1890 2580 γενέσθαι

303 2601 519 2673 χρείαν,
553 2599 616 2654 τὸ
652 2599 788 2672 βαρύ
826 2617 887 2653 τε
940 2600 1035 2655 καὶ
1074 2601 1334 2673 ἐμϐριθὲς
1367 2602 1460 2656 καὶ
1497 2601 1699 2672 γεῶδες
1733 2601 1892 2656 τοῦτο

306 2691 534 2764 σαρκίον
569 2693 706 2764 πρὸς
742 2692 842 2763 τὴν
871 2691 1158 2764 ἀσώματόν
1186 2711 1247 2746 τε
1273 2695 1367 2747 καὶ
1386 2693 1579 2766 νοεράν
1615 2691 1890 2764 διαγωγὴν

306 2781 639 2855 μετοικίζειν
661 2800 675 2814 ο
715 2782 852 2837 ἀλλά
889 2785 1096 2856 νοητῶς
1123 2785 1223 2855 τῆς
1248 2784 1452 2855 ἀρετῆς
1472 2783 1564 2837 τοῦ
1592 2783 1764 2838 κακοῦ
1783 2778 1890 2836 ’κε-

305 2876 682 2947 χωρισμένης,
721 2877 781 2930 ἐν
829 2876 968 2949 μόνῃ
1003 2879 1070 2948 τῇ
1109 2876 1424 2949 προαιρέσει
1463 2875 1558 2929 τοῦ
1601 2875 1889 2945 ἀνθρώπου

308 2969 506 3032 κεῖται,
572 2967 710 3038 πρὸς
768 2967 905 3039 ὅπερ
941 2967 1008 3021 ἂν
1047 2967 1352 3038 ἐπικλιθείη
1389 2968 1456 3039 τῇ
1504 2965 1791 3038 ἐπιθυμίᾳ,
1831 2967 1890 3020 ἐν

1993 504 2086 551 tur
2115 497 2227 553 illic
2257 499 2501 554 reversio
2532 501 2598 555 ad
2636 503 2869 570 patriam
2903 506 3086 559 sedem
3110 517 3354 576 paterna:
3386 510 3581 566 huma-

1991 585 2184 642 nitatis
2211 586 2545 643 adolescenti
2569 604 2738 646 causa
2768 592 2975 646 exstitit
2993 595 3192 663 (patria
3219 607 3397 652 autem
3420 600 3580 656 sedes

1991 686 2110 734 erat
2141 680 2365 744 coelum,
2398 679 2453 734 in
2489 682 2636 749 quod
2672 697 2732 737 se
2761 697 3024 752 peccasse
3052 685 3118 739 ad
3153 697 3362 757 patrem
3386 690 3538 760 dicit)
3567 706 3581 742 :

1993 769 2072 824 ita
2103 770 2270 826 etiam
2301 771 2392 826 hic
2418 772 2551 828 mihi
2584 773 2872 839 Dominus,
2898 775 3026 828 dum
3053 778 3332 832 caelestem
3361 779 3575 834 Patrem

1993 859 2363 916 invocandum
2395 877 2519 918 esse
2557 863 2739 927 docet,
2770 865 2972 919 bonam
3031 867 3178 920 illam
3235 869 3468 937 patriam
3522 872 3580 925 in

1993 953 2316 1007 memoriam
2373 954 2624 1024 redigere
2669 956 2768 1010 tibi
2804 955 3043 1024 videtur,
3082 967 3140 1010 ut
3187 959 3579 1016 vehementiori

1991 1042 2264 1098 bonorum
2296 1044 2496 1114 injecto
2519 1045 2795 1102 desiderio
2818 1049 2977 1103 sistat
3001 1060 3052 1104 te
3084 1065 3278 1105 rursus
3309 1054 3363 1106 in
3392 1053 3476 1106 via
3508 1055 3578 1108 ad

1990 1135 2226 1204 patriam
2260 1136 2562 1192 reducenti.
2597 1137 2698 1193 Via
2730 1147 2911 1195 autem
2949 1157 3068 1210 qua:
3098 1152 3348 1197 naturam
3382 1144 3576 1198 Imma-

1990 1243 2117 1282 nam
2154 1228 2223 1284 ad
2271 1231 2473 1285 caelum
2507 1231 2786 1296 subducit,
2835 1233 2984 1286 nulla
3024 1241 3108 1287 est
3135 1234 3263 1295 alia,
3315 1235 3422 1290 nisi
3452 1236 3580 1306 fuga

1989 1329 2046 1375 et
2085 1321 2274 1376 vitatio
2305 1323 2562 1376 vitiorum
2605 1331 2972 1379 terrenorum.
3027 1324 3198 1379 Porro
3244 1325 3382 1395 fuga:
3421 1328 3580 1380 vitio—

1989 1425 2112 1465 rum
2148 1413 2288 1466 ratio
2319 1413 2450 1467 tnihi
2483 1429 2592 1469 non
2629 1415 2731 1469 alia
2776 1416 2900 1470 iniri
2941 1432 3103 1486 posse
3132 1417 3366 1482 videtur,
3412 1434 3578 1488 quam

1991 1503 2039 1559 si
2070 1501 2165 1558 Dei
2200 1503 2411 1559 similes
2440 1505 2757 1560 evadamus.
2809 1504 2923 1560 Deo
2955 1515 3139 1562 autem
3174 1509 3407 1564 similem
3435 1509 3575 1573 ﬁeri,

1989 1602 2075 1649 est
2097 1594 2310 1664 justum
2340 1596 2543 1665 pariter
2570 1612 2634 1651 ac
2664 1606 2938 1664 sanctum,
2973 1600 3196 1662 bonum,
3227 1608 3280 1654 et
3306 1600 3576 1668 ejusmodi

1988 1685 2288 1740 virtutibus
2340 1685 2628 1756 praeditum
2688 1687 2836 1742 lieri:
2898 1703 3132 1758 quarum
3190 1689 3474 1752 vii-tutum,
3530 1690 3578 1743 si

1989 1776 2137 1847 quis,
2171 1778 2352 1847 quoad
2381 1778 2502 1845 ejus
2536 1776 2652 1832 ﬁeri
2682 1785 2884 1847 potest,
2926 1777 3164 1848 insignia
3195 1777 3487 1832 manifesta
3521 1777 3579 1832 in

1990 1883 2114 1925 sese
2141 1868 2500 1938 impresserit,
2535 1869 2654 1924 sine
2680 1869 2885 1934 labore,
2936 1871 3196 1939 nulloque
3222 1870 3443 1940 negotio
3483 1885 3581 1939 per

1991 1975 2052 2016 se
2079 1975 2289 2030 suaque
2319 1970 2516 2030 sponte
2543 1975 2572 2013 a
2606 1969 2823 2015 terrena
2845 1961 2957 2014 vita
2988 1960 3056 2014 ad
3084 1961 3363 2016 ccelestem
3396 1961 3578 2015 locum

1990 2051 2376 2108 transferetur.
2414 2050 2532 2105 Non
2563 2052 2711 2106 enim
2748 2052 2852 2106 loci
2895 2052 3182 2106 intervallo
3209 2067 3412 2106 numen
3438 2051 3584 2105 divi-

1990 2158 2124 2198 num
2163 2142 2232 2196 ab
2261 2142 2504 2196 humano
2541 2156 2742 2213 genere
2783 2143 2976 2206 distat,
3019 2149 3079 2195 ut
3109 2142 3294 2212 aliqua
3326 2141 3581 2196 machina

1991 2234 2154 2290 nobis
2180 2241 2346 2304 atque
2383 2233 2694 2304 excogitato
2725 2233 2961 2288 artiﬁcio
2990 2233 3062 2289 sit
3105 2248 3268 2303 opus,
3323 2247 3434 2302 quo
3465 2233 3582 2289 haec

1992 2328 2196 2398 gravis,
2229 2327 2538 2397 ponderosa
2581 2335 2746 2396 atque
2785 2332 3005 2380 terrena
3035 2324 3336 2379 caruncula
3387 2324 3455 2378 ad
3492 2324 3580 2379 in-

1992 2433 2314 2490 corpoream
2361 2417 2570 2488 pariter
2611 2425 2666 2472 et
2703 2417 3134 2472 intellectualem
3188 2417 3578 2472 habitationem

1991 2512 2348 2573 traducatur;
2388 2509 2483 2564 sed
2517 2509 2723 2563 virtute
2753 2523 2783 2562 a
2816 2508 2971 2571 vitio,
3006 2517 3171 2577 prout
3213 2509 3578 2579 intelligentia

1989 2602 2200 2675 percipi
2223 2601 2410 2666 datur,
2459 2607 2735 2670 separata,
2771 2600 2824 2654 in
2858 2601 2975 2656 solo
3005 2601 3171 2654 animi
3202 2601 3427 2656 humani
3456 2616 3584 2671 pro-

1991 2696 2169 2766 posito
2199 2694 2365 2750 situm
2396 2700 2500 2757 est,
2555 2701 2612 2746 ut
2638 2707 2969 2762 quocunque
2999 2676 3300 2762 cupiditate
3337 2693 3579 2748 inclina-

1991 2796 2081 2844 tus
2103 2787 2196 2853 sit,
2233 2787 2286 2840 in
2318 2789 2385 2862 eo
2412 2794 2678 2840 versetur.
2709 2783 2980 2850 Quoniam
3012 2785 3182 2855 igitur
3206 2785 3391 2840 nullus
3423 2786 3582 2841 labor

1991 2879 2260 2936 sumendo
2293 2887 2457 2948 atque
2481 2876 2734 2947 eligendo
2759 2877 2904 2932 bono
2933 2877 3144 2942 subest,
3172 2885 3337 2948 atque
3359 2877 3583 2933 electio-

1991 2988 2116 3028 nem
2151 2973 2315 3028 etiam
2361 2969 2584 3042 adeptio
2633 2985 3037 3041 successusque
3074 2986 3305 3042 prosper
3331 2972 3582 3042 sequitur

309 3057 505 3128 ἐκείνῳ
537 3049 695 3112 εἶναι.
749 3056 901 3110 Ἐπεὶ
927 3051 1020 3111 οὖν
1046 3057 1219 3121 οὐδεὶς
1256 3057 1446 3110 ἕπεται
1476 3056 1636 3120 πόνος
1674 3055 1890 3110 ἑλέσθαι

1994 3080 2204 3129 eorum,
2246 3078 2370 3134 qua:
2413 3061 2518 3118 sibi
2549 3061 2784 3131 quisque
2828 3062 3064 3131 sumpsit
3103 3070 3159 3118 et
3197 3063 3396 3134 elegit:
3454 3063 3582 3118 licet

306 3149 368 3202 τὸ
393 3147 602 3217 ἀγαθὸν
651 3147 771 3220 (τῷ
803 3148 861 3202 δὲ
899 3146 1112 3201 ἑλέσθαι
1143 3148 1240 3202 καὶ
1275 3147 1336 3200 τὸ
1363 3149 1545 3218 τυχεῖν
1581 3147 1770 3200 ἕπεται
1810 3140 1889 3201 ὧν

307 3257 392 3304 τις
415 3238 742 3311 προείλετο),
777 3238 952 3307 ἔξεστί
985 3257 1066 3296 σοι
1098 3238 1259 3303 εὐθὺς
1295 3239 1355 3293 ἐν
1383 3239 1465 3312 τῷ
1487 3238 1698 3311 οὐρανῷ
1724 3235 1886 3306 εἶναι,

305 3331 398 3386 τὸν
418 3331 554 3384 Θεὸν
592 3332 650 3386 ἐν
668 3332 736 3402 τῇ
771 3329 1224 3403 διανοίᾳλαϐόντι.
1258 3330 1324 3385 Εἰ
1361 3329 1490 3400 γὰρ,
1523 3329 1705 3393 καθώς
1723 3346 1888 3400 φησιν

305 3423 338 3476 ό
379 3423 833 3494 Ἑκκλησιαστὴς,
879 3425 933 3477 '0
964 3423 1109 3490 Θεὸς
1137 3423 1207 3478 ἐν
1234 3421 1315 3488 τῷ
1349 3421 1602 3490 οὐρανῷ,
1633 3424 1698 3476 σὺ
1725 3422 1783 3474 δὲ
1809 3421 1888 3494 τῷ

307 3514 462 3586 Θεῷ,
503 3515 645 3568 κατά
675 3515 767 3569 τὸν
814 3511 1108 3588 Προφήτην
1153 3515 1626 3588 προσεκολλήθης·
1673 3516 1886 3590 ἀνάγκη

306 3611 462 3664 πᾶσα
498 3607 591 3661 τὸν
619 3607 696 3680 τῷ
731 3607 850 3679 Θεῷ
881 3607 1222 3678 συνημμένον
1255 3609 1372 3661 ἐκεῖ
1408 3604 1547 3662 εἶναι
1583 3609 1715 3661 ὅπου
1741 3610 1888 3664 ἐστὶν

305 3703 337 3757 ό
365 3702 518 3765 Θεός.
549 3700 863 3775 Προστάξας
887 3700 1066 3754 τοίνυν
1084 3701 1143 3753 ἐν
1163 3703 1228 3772 τῇ
1251 3701 1524 3772 προσευχῇ
1547 3699 1724 3769 λέγειν
1751 3699 1888 3772 πρὸς

307 3777 506 3848 ἑαυτοῦ
542 3794 634 3849 τὸν
669 3793 823 3856 Θεὸν,
859 3792 1012 3848 οὐδὲν
1049 3791 1257 3864 ἕτερον,
1292 3794 1326 3863 ἦ
1366 3791 1682 3864 ὁμοιοῦσθαί
1720 3809 1780 3845 σε
1819 3794 1888 3863 τῇ

306 3885 605 3956 θεοπρεπεῖ
640 3883 882 3956 πολιτείᾳ
911 3883 990 3955 τῷ
1025 3883 1261 3955 οὐρανίῳ
1293 3883 1501 3937 κελεύει
1530 3883 1724 3953 Πατρὶ,
1753 3883 1890 3938 καθ-

307 3977 456 4048 άπερ
493 3976 588 4029 καὶ
625 3975 1004 4047 φανερώτερον
1043 3973 1270 4046 ἑτέρωθι
1307 3974 1371 4028 τὸ
1404 3963 1644 4028 τοιοῦτον
1681 3991 1890 4046 παρεγ-

306 4071 450 4139 γυᾷ,
502 4067 711 4138 λέγων·
746 4068 1004 4124 Γίνεσθε
1045 4067 1290 4132 τέλειοι,
1346 4069 1429 4133 ὡς
1470 4066 1569 4121 καί
1617 4070 1650 4123 ό
1688 4066 1892 4137 Πατὴρ

305 4159 480 4231 ὑμῶν
515 4163 550 4215 ό
584 4161 856 4229 οὐράνιος
887 4160 1112 4227 τέλειός
1142 4160 1334 4214 ἐστιν.

380 4253 444 4306 El
516 4249 610 4307 οὖν
667 4255 1000 4326 νενοήκαμεν
1047 4254 1147 4324 τῆς
1172 4252 1426 4325 τοιαύτης
1457 4253 1768 4325 προσευχῆς
1794 4252 1892 4324 τὴν

1995 3155 2093 3210 tibi
2123 3155 2310 3210 statim
2352 3168 2477 3209 esse
2507 3152 2563 3207 in
2590 3153 2754 3216 caelo,
2806 3153 2898 3207 ubi
2929 3152 3099 3208 Deum
3133 3153 3189 3208 in
3219 3164 3402 3210 mente
3425 3169 3582 3210 sum-

1993 3245 2192 3316 pseris.
2228 3242 2364 3299 Nam
2392 3243 2462 3307 si,
2494 3253 2553 3297 ut
2577 3239 2940 3299 Ecclesiastes
2965 3243 3170 3313 inquit,
3205 3243 3346 3298 Deus
3377 3245 3431 3297 in
3454 3245 3583 3299 caelo

1993 3349 2071 3394 est
2094 3339 2167 3392 “z
2221 3346 2280 3391 tu
2314 3351 2446 3392 vero
2497 3335 2630 3402 Deo,
2671 3337 2974 3392 secundum
3011 3336 3368 3407 Prophetam,
3423 3333 3580 3406 quasi

1993 3429 2366 3501 agglutinatus
2398 3441 2458 3482 es
2487 3435 2543 3482 et
2572 3427 2821 3482 adhaeres
2840 3428 2918 3494 ἐς
2955 3427 3184 3481 omnino
3217 3441 3444 3482 necesse
3472 3433 3581 3490 est,

1996 3531 2056 3576 ut
2090 3519 2200 3574 Deo
2229 3517 2565 3588 coniunctus
2592 3518 2704 3572 illic
2741 3517 2832 3582 sit,
2885 3519 2978 3572 ubi
3006 3517 3151 3573 Deus
3177 3525 3282 3573 est.
3315 3517 3452 3572 Cum
3485 3517 3586 3588 igi-

1996 3621 2087 3666 tur
2113 3610 2452 3682 praeceperit,
2485 3618 2546 3664 ut
2592 3609 2647 3664 in
2681 3610 2934 3665 oratione
2959 3608 3131 3664 Deum
3162 3608 3378 3664 Patrem
3427 3616 3583 3662 tuum

1995 3705 2172 3768 dicas,
2199 3718 2312 3757 non
2350 3701 2540 3764 alium,
2579 3716 2744 3772 quam
2781 3716 2876 3771 per
2907 3700 3150 3756 divinum
3193 3700 3320 3755 vita
3347 3700 3586 3754 institu-

1995 3807 2113 3855 tum
2157 3805 2209 3853 te
2238 3795 2456 3852 caelesti
2489 3791 2640 3848 Patri
2671 3792 2907 3848 similem
2940 3791 3056 3846 ﬂeri
3101 3790 3279 3861 jubet,
3315 3791 3582 3861 quemad-

1997 3889 2218 3945 modum
2265 3887 2430 3942 etiam
2477 3886 2608 3940 alibi
2657 3884 2899 3955 apertius
2939 3883 2993 3938 id
3038 3882 3296 3946 mandat,
3351 3881 3574 3936 dicens:

1999 3979 2132 4036 Sitis
2160 3979 2397 4049 perfecti,
2433 3979 2570 4033 sicut
2603 3977 2768 4033 etiam
2801 3975 2967 4031 Pater
2999 3985 3168 4031 vester
3197 3973 3425 4068 calcatis
3462 3987 3582 4044 per—

2001 4075 2167 4136 fectus
2207 4082 2285 4127 est
2309 4071 2376 4125 “.

2073 4253 2132 4309 Si
2170 4253 2336 4326 igitur
2362 4251 2734 4306 intelleximus
2762 4245 3031 4318 ejusmodi
3055 4244 3335 4309 .orationis
3361 4250 3582 4299 senten-

304 4345 573 4408 διάνοιαν,
625 4345 817 4416 καιρὸς
848 4345 914 4399 ἂν
960 4344 1047 4415 εἴη
1086 4344 1522 4414 παρασκευάζειν
1557 4343 1768 4397 ἑαυτῶν
1795 4343 1890 4407 τάς

1999 4346 2129 4400 tiam
2157 4384 2172 4409 ,
2228 4352 2445 4413 tempus
2495 4341 2662 4396 fuerit
2691 4341 2908 4395 animos
2941 4345 3162 4393 nostros
3214 4333 3578 4406 praparandi,

305 4436 509 4508 ψυχὰς,
546 4437 688 4491 ὥστε
711 4437 842 4492 ποτε
884 4435 1157 4507 θαρσῆσαι
1183 4435 1285 4499 τὰς
1307 4436 1488 4504 φωνὰς
1523 4435 1724 4498 ταύτας
1762 4436 1896 4488 ἀνα-

306 4528 495 4583 λαϐεῖν
513 4527 603 4582 διά
641 4529 928 4600 στόματος,
953 4527 1046 4580 καὶ⁸
1072 4529 1245 4580 είπεῖν
1269 4527 1327 4582 ἐν
1358 4527 1662 4598 παρρησίᾳο
1703 4525 1894 4592 Πάτερ

309 4619 501 4690 ἡμῶν,
531 4623 565 4675 ό
587 4620 658 4674 ἐν
684 4619 810 4686 τοῖς
836 4617 1133 4688 οὐραγοῖς.
1173 4619 1382 4688 Ὥσπερ
1419 4617 1529 4688 γὰρ
1558 4617 1766 4688 φανερά
1795 4619 1895 4688 τῆς

309 4711 450 4780 πρὸς
478 4708 570 4762 τὸν
609 4708 743 4762 Θεὸν
793 4709 1112 4781 ὁμοιότητός
1161 4709 1277 4761 ἐστι
1307 4707 1376 4762 τὰ
1411 4707 1788 4779 γνωρίσματα,
1826 4708 1894 4761 δι’

308 4794 388 4857 ὧν
406 4802 521 4854 ἔστι
539 4801 727 4856 τέκνον
747 4801 882 4855 Θεοῦ
907 4800 1162 4870 γενέσθαι
1187 4801 1309 4855 τινὰ
1329 4801 1521 4870 (Ὅσοι
1542 4799 1651 4869 γὰρ
1671 4801 1893 4854 ἔλαϐον

309 4892 522 4953 αὐτὸν.
541 4893 726 4964 φησὶν,
756 4892 979 4946 ἔδωκεν
999 4891 1207 4958 αὐτοῖς
1227 4891 1519 4955 ἐξουσίαν
1539 4891 1721 4945 τέκνα
1745 4887 1893 4944 Θεοῦ

312 4983 611 5054 γενέσθαι·
647 4985 912 5054 λαμϐάνει
944 4983 1002 5039 δέ
1031 5001 1114 5048 τις
1151 4984 1209 5037 ἐν
1231 4982 1410 5054 ἐαυτῷ
1434 4982 1526 5036 τὸν
1553 4982 1706 5046 Θεὸν,
1739 4984 1769 5035 ὁ
1795 4980 1895 5052 τὴν

314 5078 457 5132 κατά
507 5078 568 5131 τὸ
604 5077 809 5146 ἀγαθὸν
841 5075 1124 5132 ἀναλαϐὼν
1175 5075 1508 5148 τελειότητα)
1529 5091 1546 5107 ο
1577 5072 1748 5138 οὕτως
1778 5072 1894 5126 ἐστι

312 5172 434 5225 τινὰ
487 5173 583 5226 καὶ
633 5171 727 5226 τοῦ
775 5172 1014 5245 πονηροῦ
1055 5174 1403 5244 χαρακτῆρος
1443 5171 1548 5226 [δια
1581 5174 1801 5242 σημεῖα,
1836 5171 1895 5223 ἐν

310 5259 392 5327 οἷς
415 5265 445 5316 ὁ
469 5265 782 5336 γενόμενος,
810 5265 922 5330 υίὸς
944 5265 1082 5320 Θεοῦ
1099 5263 1239 5320 εἶναι
1267 5267 1328 5320 οὐ
1359 5264 1601 5327 δύναται,
1622 5265 1721 5334 τῆς
1744 5265 1897 5316 ἐναν-

312 5357 433 5421 τίας
473 5357 688 5426 φύσεως
731 5358 829 5431 τὴν
866 5358 1048 5412 είκόνα
1087 5358 1287 5429 φέρων.
1334 5356 1523 5410 Βούλει
1561 5356 1760 5425 γνῶναι
1800 5354 1895 5408 τοῦ

315 5448 556 5521 πονηροῦ
606 5452 956 5524 χαρακτῆρος
1002 5452 1070 5504 τὰ
1111 5449 1412 5522 ίδιώματα;
1465 5449 1523 5502 Ὀ
1561 5447 1774 5518 φθόνος,
1834 5447 1897 5501 τὸ

317 5545 498 5613 μῖσος,
531 5544 826 5616 ῆδιαϐολή,
871 5545 900 5597 ὁ
946 5543 1134 5614 τῦφος,
1169 5544 1201 5613 ἡ
1242 5541 1544 5608 πλεονεξία,
1583 5545 1614 5613 ἡ
1646 5540 1895 5614 ἐμπαθὴς

1996 4447 2057 4493 ut
2085 4433 2384 4506 aliquando
2431 4435 2732 4487 audeamus
2785 4430 2885 4486 has
2924 4444 3092 4484 voces
3133 4442 3352 4482 sumere
3401 4425 3456 4479 in
3493 4441 3578 4491 os,

1994 4545 2060 4584 ac
2087 4529 2273 4582 dicere
2298 4541 2426 4581 cutn
2458 4524 2680 4588 ﬁducia,
2711 4522 2877 4576 Pater
2906 4531 3102 4584 noster,
3131 4521 3221 4590 qui
3251 4536 3303 4574 es
3332 4520 3386 4572 in
3412 4517 3576 4572 εωίίε.

1995 4617 2469 4686 Quemadmodum
2517 4615 2663 4670 enim
2697 4613 3077 4670 similitudinis
3099 4628 3223 4666 cum
3266 4609 3375 4666 Deo
3403 4611 3579 4664 mani-

1996 4712 2132 4768 festa
2167 4719 2296 4767 sunt
2325 4709 2548 4773 indicia,
2586 4723 2683 4778 per
2712 4721 2835 4776 qua:
2879 4705 3024 4760 ﬁlius
3064 4703 3157 4759 Dei
3191 4702 3304 4757 ﬁeri
3331 4702 3455 4772 quis
3487 4717 3582 4770 po-

1995 4813 2102 4860 test
2135 4802 2431 4873 (Quotquot
2471 4801 2610 4855 enim
2654 4808 2954 4865 receperunt
2996 4813 3148 4860 eum,
3203 4795 3398 4865 inquit,
3438 4792 3582 4848 dedit

1994 4896 2069 4950 eis
2103 4901 2434 4964 potestatem,
2470 4901 2527 4943 ut
2565 4889 2669 4959 [itii
2692 4888 2788 4942 Dei
2839 4889 3021 4957 ﬁerent
3045 4886 3128 4940 δτι
3164 4886 3360 4956 recipit
3398 4894 3582 4939 autem

1997 4982 2197 5052 aliquis
2227 4981 2282 5034 in
2318 4995 2441 5035 sese
2480 4977 2674 5040 Deum,
2720 4975 2814 5046 qui
2848 4974 2976 5029 boni
3011 4973 3402 5043 perfectionem
3433 4986 3583 5025 rece—

1998 5074 2146 5146 pit):
2175 5070 2250 5124 ita
2275 5069 2439 5124 etiam
2462 5067 2696 5138 improbi
2742 5065 3022 5122 simulacri
3053 5079 3152 5119 sua
3178 5063 3422 5134 quaedam
3451 5066 3581 5114 sunt

1997 5169 2186 5238 signa,
2243 5164 2444 5233 quibus
2497 5161 2794 5231 insignitus
2841 5174 2964 5214 esse
3009 5157 3152 5211 lilius
3195 5154 3289 5210 Dei
3340 5167 3448 5207 non
3478 5165 3577 5220 po-

1996 5266 2104 5314 test
2159 5266 2348 5327 utpote
2407 5253 2698 5310 contraria:
2762 5262 2971 5306 natura:
3019 5247 3312 5318 imaginem
3360 5256 3574 5316 gerens.

2003 5351 2094 5407 Vis
2137 5362 2472 5422 cognoscere
2513 5344 2750 5417 improbi
2787 5340 3069 5400 simulacri
3096 5338 3347 5411 proprias
3379 5334 3579 5422 notas?

1999 5420 2456 5508 invidia,odium,
2479 5435 2778 5499 calumnia,
2810 5431 3087 5504 superbia,
3111 5429 3362 5491 avaritia,
3379 5420 3574 5477 vitiosa

1998 5537 2289 5609 cupiditas,
2343 5533 2522 5588 insani
2574 5528 2762 5600 gloria:
2811 5525 2979 5583 studii
3031 5521 3298 5578 morbus:
3354 5517 3470 5572 haec
3517 5520 3572 5568 et

391 5729 434 5756 ‘"
470 5726 649 5786 Eccle.
681 5744 734 5797 ν,
772 5728 820 5782 1.
898 5727 942 5758 ⁴⁸
981 5724 1126 5782 Psal.
1165 5740 1350 5793 tun,
1389 5722 1478 5781 28.
1556 5725 1598 5758 “‘
1638 5721 1824 5780 Matth.
1872 5740 1890 5776 ι

1997 5723 2047 5777 8.
2127 5722 2168 5754 "
2211 5717 2365 5775 Joan.
2409 5733 2464 5788 ι,
2507 5711 2590 5768 li.
