3996 6196
480 259 617 316 un
1712 253 1780 319 S,
1806 251 2136 308 GREGORll
2173 253 2466 310 NYSSENI
3528 268 3638 324 m3

479 373 750 445 ejusmodi
786 381 936 433 sunt,
967 371 1172 442 quibus
1203 369 1377 426 forma
1416 371 1714 427 adversarii
1767 374 2057 442 insignitur

2085 372 2446 442 Αέπιθυμία,
2507 371 2569 425 τὸ
2628 371 2768 425 κατὰ
2817 372 2914 439 τὴν
2973 371 3274 443 δοξομανίαν
3333 376 3637 451 ἀρρώστημα.

481 479 645 537 atque
689 472 933 518 notatur.
972 463 1144 531 Cujus
1187 463 1354 533 igitur
1384 463 1602 518 animus
1645 464 1914 534 ejusmodi
1947 480 2059 517 ma-

2159 465 2332 518 ταῦτά
2369 467 2481 518 ἐστι
2521 463 2616 517 καὶ
2645 464 2713 516 τά
2730 463 2972 528 τοιαῦτα,
2989 458 3068 526 οἷς
3090 467 3122 534 ἠ
3154 466 3320 536 μορφὴ
3347 466 3430 519 τοῦ
3455 470 3641 526 ἐναντίω

480 558 623 614 culis
660 563 714 610 et
758 555 904 610 notis
954 554 1196 609 inlectus
1236 562 1292 609 et
1341 556 1561 610 inustus
1596 564 1700 620 est,
1753 556 1800 610 si
1852 565 2058 625 patrem

2159 555 2640 627 χαρακτηρίζεται.
2675 555 2734 606 Ὀ
2766 553 2940 606 τοίνυν
2976 556 3090 616 ταῖς
3121 555 3371 618 τοιαύταις
3405 558 3644 632 κηλίσιτὴν

481 649 842 712 invocaverit,
886 657 1008 703 uter
1039 649 1088 703 ei
1115 655 1266 719 pater
1294 649 1667 702 auscultabit?
1699 649 1956 703 nimirum
1989 650 2059 714 is,

2159 646 2333 716 ψυχὴν
2364 643 2786 714 ἐγκεκαυμένος,
2820 643 2916 696 ἐὰν
2958 644 3162 713 πατέρα
3198 642 3403 716 καλέσῃ,
3424 651 3550 711 ποῖος
3573 653 3644 702 αὑ.

483 743 575 812 qui
616 749 882 811 cognatus
921 749 1002 794 est
1032 741 1308 794 invocanti
1337 760 1349 794 :
1390 741 1436 795 is
1467 748 1650 795 autem
1685 756 1792 795 non
1828 742 1919 796 ille
1949 756 2061 795 co:-

2159 737 2252 790 τὸν
2300 737 2478 807 πατὴρ
2540 734 2940 800 tramiserat;
2981 734 3183 804 Δηλαδὴ
3217 737 3245 787 6
3288 738 3528 804 deﬂevi»;
3550 743 3646 809 πρὸς

486 835 660 899 lestis,
700 834 794 888 sed
827 833 1220 888 subterraneus
1245 842 1348 888 est.
1381 833 1554 903 Cujus
1582 834 1727 887 enim
1754 834 1906 905 signa
1936 851 2062 904 pro-

2161 829 2249 882 τὸν
2274 828 2575 896 κεκληκότα
2602 826 2739 896 ἔχων
2768 843 2780 855 ο
2809 818 2961 888 οὗτος
2998 825 3055 878 δέ
3087 827 3227 878 ἐστιν
3262 826 3353 895 οὐχ
3381 829 3406 879 6
3437 828 3644 898 οὐράνιος,

487 927 646 979 simae
675 924 1021 995 cognationis
1057 924 1219 993 gerit,
1270 924 1362 978 ille
1402 939 1557 978 suam
1591 925 1812 978 omnino
1861 940 2061 993 cogna-

2162 925 2271 979 ἀλλ’
2294 928 2321 978 ὁ
2348 923 2719 993 καταχθόνιος.
2761 915 2836 974 Οὗ
2882 922 2991 992 γὰρ
3014 922 3081 974 τὰ
3116 924 3306 991 σημεῖα
3327 922 3466 992 φέρει
3485 926 3564 993 τῆς
3581 928 3647 994 ἀγ.

487 1019 688 1072 tionem
724 1028 999 1085 agnoscet.
1046 1017 1315 1081 Quocirca
1357 1017 1590 1086 improbi
1634 1026 1797 1086 atque
1845 1015 2062 1070 scelesti

2162 1019 2422 1087 χιστείας,
2473 1017 2678 1078 ἐκεῖνος
2703 1015 2917 1077 πάντως
2955 1013 3054 1083 τὴν
3096 1013 3225 1066 ἰδίαν
3254 1014 3536 1082 συγγένειαν
3567 1021 3650 1070 ἐπι-

488 1109 726 1162 hominis
755 1109 956 1172 oratio,
993 1108 1235 1178 quandiu
1270 1109 1324 1162 in
1353 1109 1698 1178 improbitate
1729 1109 1913 1171 fuerit,
1946 1109 2062 1161 dia-

2163 1107 2451 1175 γνώσεται.
2491 1106 2700 1158 Οὐκοῦν
2737 1109 2771 1177 ἡ
2817 1104 2912 1157 τοῦ
2943 1105 3180 1174 πονηροῦ
3209 1105 3388 1176 ἀνδρὸς
3420 1109 3651 1178 προσευχὴ,

490 1199 595 1250 boli
630 1199 900 1251 invocatio
927 1209 1039 1252 est:
1081 1208 1134 1251 at
1167 1198 1308 1266 ejus,
1339 1200 1433 1268 qui
1463 1197 1734 1253 destiterit
1764 1199 1833 1252 ab
1862 1199 2063 1268 impro-

2163 1200 2264 1261 ἕως
2287 1198 2351 1251 ἂν
2385 1201 2440 1250 ἐν
2462 1201 2527 1268 τῇ
2555 1198 2786 1268 πονηρίᾳ
2810 1193 2866 1270 ᾗ,
2891 1199 2984 1250 τοῦ
3019 1198 3262 1250 διαϐόλου
3284 1197 3534 1266 ἐπίκλησις
3558 1200 3656 1266 γίνε-

491 1290 680 1350 hitate,
714 1298 766 1342 et
801 1290 931 1342 vivit
977 1290 1030 1343 in
1067 1290 1334 1354 bonitate,
1372 1289 1574 1342 bonum
1608 1291 1819 1346 Patrem
1846 1305 1946 1343 vox
1980 1289 2064 1342 in-

2162 1307 2252 1344 ται
2268 1307 2280 1320 ·
2310 1289 2401 1342 τοῦ
2438 1289 2496 1342 δὲ
2513 1290 2822 1358 ἀφεστῶτος
2852 1289 2949 1358 τῆς
2968 1290 3244 1359 πονηρίας,
3260 1289 3346 1342 καί
3361 1290 3412 1340 ἐν
3429 1288 3657 1360 ἁγαθότητι

487 1382 725 1435 vocabit.
753 1380 890 1434 Cum
938 1383 1104 1451 igitur
1136 1383 1538 1437 accesserimus
1569 1382 1636 1435 ad
1666 1380 1858 1446 Deum,
1909 1383 2064 1452 prius

2165 1382 2383 1446 ζῶντος,
2419 1380 2506 1434 τὸν
2553 1379 2756 1447 ἀγαθὸν
2795 1379 3014 1450 Πατέρα
3053 1381 3087 1449 ὴ
3115 1379 3261 1448 φωνὴ
3288 1367 3656 1448 προσκαλέσεται.

491 1471 654 1523 vitam
697 1472 1075 1540 inspiciamus,
1121 1488 1189 1541 an
1222 1472 1430 1541 aliquid
1470 1471 1692 1542 dignum
1738 1474 2064 1542 cognatione

2168 1477 2332 1528 Ὅταν
2360 1475 2536 1527 τοίνυν
2579 1473 2890 1543 προσίωμεν
2933 1472 3012 1542 τῷ
3050 1471 3189 1540 Θεῷ,
3225 1472 3471 1542 πρότερον
3489 1471 3563 1522 τὸν
3585 1470 3663 1538 βίον

491 1563 672 1616 divina
714 1564 768 1616 in
822 1563 981 1617 nobis
1023 1579 1310 1634 geramus;
1369 1563 1564 1616 deinde
1616 1579 1743 1618 vero
1794 1564 2063 1633 ejusmodi

2164 1565 2646 1635 ἐπισκοπήσωμεν,
2694 1563 2746 1614 εἴ
2773 1580 2823 1616 τι
2852 1562 2952 1631 τῆς
2975 1562 3126 1625 Θείας
3157 1561 3458 1630 συγγενείας
3491 1559 3609 1624 ἀξιον
3626 1562 3662 1610 ὲν

494 1651 715 1706 verbum
767 1653 1012 1722 proferre
1047 1655 1382 1709 audeamus:
1429 1656 1520 1724 qui
1565 1656 1707 1709 enim
1736 1653 1951 1709 Patrem
1985 1656 2067 1709 di-

2167 1657 2376 1716 ἑαυτοῖς
2414 1653 2648 1724 φέρομεν
2667 1667 2682 1682 ⁸
2712 1648 2809 1704 εἷθ’
2850 1651 2994 1705 οὕτω
3037 1652 3127 1704 τὸν
3155 1651 3383 1705 τοιοῦτον
3415 1650 3549 1718 λόγον
3574 1650 3664 1719 θαρ-

492 1757 616 1797 cere
653 1744 841 1812 jussit,
889 1746 1232 1799 mendacium
1265 1746 1448 1800 dicere
1475 1762 1580 1799 non
1615 1747 1881 1815 permisit.
1918 1747 2066 1812 Quo-

2096 1733 2138 1788 Β
2173 1746 2449 1814 σήσωμεν.
2485 1742 2543 1795 '0
2573 1741 2682 1814 γὰρ
2704 1741 2882 1809 λέγειν
2917 1743 3135 1813 Πατέρα
3163 1740 3472 1812 προστάξας,
3502 1740 3552 1791 τὸ
3573 1738 3665 1806 ψεῦ-

493 1834 637 1886 circa
675 1835 767 1904 qui
819 1836 892 1888 ita
923 1836 1088 1888 vitam
1126 1836 1444 1902 instituerit,
1482 1845 1540 1890 ut
1568 1837 1805 1890 divinam
1851 1840 2066 1908 generis

2171 1838 2259 1899 δος
2287 1836 2467 1904 λέγειν
2526 1835 2586 1887 οὐ
2652 1832 3044 1904 συνεχώρησεν.
3089 1833 3295 1886 Οὐκοῦν
3337 1834 3364 1885 ὁ
3412 1829 3501 1899 τῆς
3532 1830 3668 1896 θεῖιῆς

495 1926 832 1980 nobilitatem
870 1929 1048 1990 decet,
1101 1927 1146 1981 is
1177 1936 1323 1982 recte
1371 1928 1434 1980 ad
1465 1929 1742 1983 caelestem
1792 1929 2066 1984 civitatem

2173 1925 2450 1994 εὐγενείας
2490 1924 2654 1990 ἀξίως
2709 1923 3188 1995 πολιτευσάμενος,
3216 1917 3364 1985 οὗτος
3399 1919 3554 1981 καλῶς
3575 1918 3669 1988 πρὸς

496 2025 725 2082 Spectat,
755 2025 806 2068 et
831 2015 1040 2070 Patrem
1066 2017 1328 2070 caelorum
1361 2033 1564 2087 regem,
1587 2029 1640 2073 et
1661 2021 1888 2088 patriam
1914 2036 2067 2074 suam

2173 2019 2272 2089 τὴν
2290 2017 2536 2088 οὐράνιον
2576 2015 2725 2068 πόλιν
2747 2015 2870 2086 ὁρᾷ,
2905 2014 3124 2083 Πατέρα
3153 2031 3212 2066 τε
3240 2013 3326 2066 τὸν
3360 2010 3460 2065 τῶν
3485 2008 3674 2081 οὐρανῶν
3704 2069 3711 2084 .

495 2106 771 2158 cmlestem
797 2107 1084 2160 nominans
1108 2107 1519 2161 beatitudinem.
1557 2108 1805 2173 Quonam
1833 2111 2069 2178 pertinet

2176 2097 2420 2180 βασιλέα,
2462 2108 2555 2160 καὶ
2592 2106 2820 2178 πατρίδα
2849 2105 3042 2158 ἐαυτοῦ
3073 2105 3171 2176 τὴν
3198 2104 3436 2175 οὐράνιον
3457 2101 3673 2168 ὀνομάζων

496 2190 642 2244 illius
676 2191 892 2245 consilii
939 2194 1282 2261 propositum
1317 2202 1479 2263 atque
1525 2195 1798 2251 intentio?
1844 2195 1919 2250 Ea
1948 2215 2069 2268 qua:

2178 2201 2671 2273 μακαριότητα.Είς
2695 2200 2746 2252 τί
2769 2199 2922 2269 φέρει
2942 2198 3040 2268 τῆς
3060 2215 3124 2249 συ
3133 2195 3360 2267 μϐουλῆς
3383 2196 3409 2247 6
3426 2191 3615 2255 σκοπός
3630 2187 3678 2240 τὰ

497 2298 661 2351 supra
698 2291 844 2346 sunt,
877 2286 1186 2354 cogitanda,
1231 2285 1320 2339 ubi
1357 2284 1534 2341 Deus:
1573 2288 1682 2342 illic
1717 2286 2069 2345 fundamenta

2175 2293 2287 2346 ἄνω
2321 2293 2550 2363 φρονεῖν.
2593 2283 2653 2342 οὗ
2683 2291 2710 2343 ὁ
2732 2288 2891 2350 Θεός⁶
2916 2289 3030 2339 ἐκεῖ
3067 2284 3344 2354 θεμελίους
3365 2284 3454 2352 τῆς
3474 2281 3677 2347 οἰκήσεως

495 2375 849 2430 habitationis
899 2393 1012 2431 sua:
1055 2378 1253 2448 cuique
1279 2378 1534 2448 jacienda
1575 2395 1731 2446 esse;
1787 2382 1898 2435 illic
1947 2384 2069 2439 the-

2176 2383 2370 2437 ἐαυτοῦ
2419 2379 2884 2436 καταϐάλλεσθαιο
2927 2380 3044 2430 ἐκεῖ
3095 2378 3223 2440 τοὺς
3261 2372 3539 2446 θησαυροὺς
3580 2371 3679 2422 ἀπο·

498 2481 690 2521 sattros
738 2467 1086 2522 condendos:
1137 2470 1264 2524 illuc
1321 2485 1415 2524 cor
1448 2486 1605 2524 suum
1653 2487 1923 2542 quemque
1958 2483 2070 2528 tra-

2175 2473 2417 2528 τίθεσθαι
2437 2490 2449 2502 ’
2491 2474 2607 2525 ἐκεῖ
2634 2470 2958 2541 μετοικίζειν
2983 2467 3177 2521 ἑαυτοῦ
3203 2465 3298 2537 τὴν
3327 2453 3683 2536 καρδίανίὍπου

498 2557 698 2610 ducere
731 2557 970 2624 debere;
1014 2559 1104 2613 ubi
1135 2561 1281 2613 enim
1323 2562 1634 2628 thesaurus,
1681 2562 1754 2616 ibi
1788 2565 1948 2617 etiam
1977 2581 2072 2620 cor

2175 2567 2284 2634 γάρ
2340 2566 2485 2616 ἐστιν
2533 2565 2561 2615 6
2607 2562 2896 2632 θησαυρὸς,
2948 2561 3063 2612 ἐκεῖ
3123 2562 3242 2613 ἐστι
3289 2560 3377 2612 καὶ
3426 2559 3458 2628 ὴ
3501 2552 3681 2624 καρδία”

499 2656 582 2701 est
604 2647 687 2702 "z
727 2649 792 2700 ad
829 2655 1108 2716 paternam
1147 2651 1293 2703 omni
1335 2659 1577 2719 tempore
1612 2653 2070 2722 pulchritudinem

2178 2655 2313 2724 πρὸς
2335 2652 2395 2705 τὸ
2423 2652 2680 2723 πατρικὸν
2715 2653 2906 2713 κάλλος
2933 2649 3225 2712 διαπαντὸς
3253 2649 3480 2719 βλέπειν,
3504 2645 3582 2698 καὶ
3602 2642 3686 2694 κατ’

499 2735 853 2804 spectandum
879 2752 1020 2798 esse,
1055 2745 1108 2791 et
1132 2737 1289 2806 juxta
1321 2739 1488 2802 illam,
1524 2755 1680 2793 suum
1711 2757 2072 2812 unumquem-

2179 2743 2354 2794 ἐκεῖνο
2381 2740 2478 2811 τὴν
2510 2740 2642 2794 ίδίαν
2671 2741 3033 2803 καλλωπίζειν
3051 2739 3256 2808 ψυχήν.
3279 2740 3394 2791 Οὐκ
3419 2735 3688 2800 ἔστιπροσ·

500 2842 606 2894 que
653 2827 895 2880 animum
949 2843 1214 2882 exornare
1264 2829 1482 2884 debere.
1542 2829 1665 2884 Non
1716 2842 1793 2885 est
1844 2835 2073 2901 acceptio

2189 2833 2499 2900 ωποληψία
2536 2832 2693 2899 παρὰ
2721 2831 2861 2899 Θεῷ,
2887 2834 3049 2903 φησὶν
3079 2835 3114 2904 ἡ
3141 2833 3350 2904 Γραφή.
3389 2829 3602 2882 ’Δπέστω
3625 2821 3694 2877 καὶ
3764 2839 3767 2846 ·

501 2936 846 2989 personarum
879 2921 1019 2990 apud
1050 2920 1238 2984 Deum,
1267 2922 1443 2992 inquit
1474 2921 1759 2994 Scriptura
1783 2927 1848 2979 δ’.
1880 2925 2075 2979 Absint

2179 2926 2278 2995 τῆς
2307 2923 2406 2992 σῆς
2454 2923 2664 2994 μορφῆς
2705 2923 2733 2974 6
2761 2923 3000 2985 τοιοῦτος
3037 2924 3232 2994 ῥύπος,
3283 2922 3468 2976 Φθόνου
3508 2915 3693 2984 meum

504 3012 632 3066 item
674 3029 702 3065 a
755 3022 846 3066 tua
899 3014 1070 3067 forma
1120 3014 1254 3068 tales
1284 3017 1494 3070 sordes.
1546 3016 1628 3069 Ab
1669 3016 1872 3072 invidia
1913 3026 2076 3087 atque

2118 3081 2148 3087 _
2181 3016 2241 3069 τὸ
2277 3015 2450 3078 Θεῖον,
2500 3015 2592 3067 καὶ
2647 3015 2826 3084 πάσης
2871 3015 3162 3085 ἐμπαθοῦς
3214 3015 3443 3086 κηλίδσς.
3496 3007 3624 3079 Μηδὲ
3655 3021 3696 3057 σε

503 3103 573 3156 ab
606 3105 751 3156 omni
794 3104 909 3157 vitii
948 3111 1075 3157 nota
1111 3120 1304 3174 purum
1343 3114 1394 3160 et
1449 3107 1718 3176 integrum
1761 3125 1961 3163 nttmen
1995 3110 2080 3163 di-

2118 3081 2150 3140 Ε
2181 3105 2552 3168 καταστιζέτω
2578 3105 2645 3156 τὰ
2665 3105 2888 3158 τοιαῦτα
2920 3105 3088 3175 πάθη,
3119 3107 3196 3176 μὴ
3229 3105 3435 3176 φθόνος,
3465 3100 3531 3171 μὴ
3551 3098 3696 3164 τῦφος.

503 3195 689 3247 vinum
723 3205 826 3251 est.
858 3194 935 3249 Ne
961 3203 1014 3250 te
1042 3197 1260 3264 quidem
1299 3197 1582 3268 designent
1611 3199 1878 3266 ejusmodi
1909 3202 2074 3256 vitia:

2189 3197 2262 3270 μὴ
2284 3199 2410 3251 ἄλλο
2445 3215 2495 3251 τι
2535 3197 2642 3250 τῶν
2668 3197 3002 3268 μολυνόντων
3034 3198 3095 3252 τὸ
3127 3198 3357 3261 θεοειδές
3389 3195 3582 3254 κάλλος·
3610 3189 3699 3242 Ἐὰν

507 3299 614 3336 ιιοη
650 3286 870 3349 invidia,
919 3301 1028 3339 non
1076 3287 1368 3356 superbia:
1425 3304 1533 3341 non
1591 3289 1737 3344 aliud
1779 3293 2078 3362 quidquam

2185 3288 2422 3352 τοιοῦτος
2449 3285 2533 3362 ᾗς,
2561 3288 2832 3359 θάρσησον
2861 3292 2924 3359 τῇ
2949 3291 3128 3362 οἰκείᾳ
3160 3293 3309 3361 φωνῇ
3333 3288 3416 3340 τὸν
3441 3286 3560 3338 Θεὸν
3579 3295 3701 3348 προσ-

505 3389 728 3440 eorum,
767 3393 886 3445 quae
930 3378 1171 3430 divinam
1213 3379 1672 3448 pulchritudinem
1718 3383 1967 3453 polluunt
2017 3403 2081 3443 ac

2187 3380 2535 3444 καλέσασθαι,
2563 3383 2654 3436 καὶ
2680 3381 2898 3451 Πατέρα
2920 3381 3112 3434 ἐαυτοῦ
3129 3383 3221 3434 τὸν
3239 3380 3333 3434 τοῦ
3355 3377 3536 3439 παντὸς
3549 3370 3705 3427 Δεσπό-

509 3464 732 3518 l‘mdant.
791 3464 847 3520 Si
897 3467 1020 3522 talis
1061 3468 1249 3538 fueris,
1311 3484 1378 3523 ne
1425 3472 1668 3525 verearis
1715 3471 1970 3530 familiari
2025 3488 2080 3533 et

2183 3489 2282 3543 την
2299 3472 2577 3542 ὀνομάσαι.
2612 3474 2835 3543 Ὅψεταί
2868 3491 2923 3526 σε
2961 3475 3253 3544 πατρικοῖς
3279 3470 3572 3542 ὀφθαλμοῖς,
3593 3478 3709 3531 περι-

508 3560 681 3611 amica
713 3573 842 3614 voce
875 3558 1041 3614 Deum
1091 3561 1369 3625 invocare,
1417 3571 1470 3618 et
1514 3561 1728 3618 Patrem
1765 3572 1920 3620 tuum
1956 3570 2081 3623 uni-

2188 3565 2366 3618 στελεῖ
2383 3583 2441 3618 σε
2464 3569 2527 3636 τῇ
2553 3566 2669 3636 θείᾳ
2685 3567 2865 3638 στολῇ,
2905 3567 2998 3619 καὶ
3031 3565 3438 3636 κατακοσμήσει
3460 3561 3528 3632 τῷ
3553 3559 3706 3612 6am-

506 3649 650 3702 versi
703 3648 989 3705 Dominum
1041 3652 1323 3708 nominare
1362 3656 1701 3710 :intuebitur
1743 3663 1794 3710 te
1844 3659 2084 3727 paternis

2185 3656 2301 3727 λίῳ,
2329 3657 2642 3727 καταρτίσει
2667 3659 2789 3722 τοὺς
2812 3657 2973 3722 πόδας
3002 3657 3140 3729 πρὸς
3162 3648 3262 3728 τὴν
3282 3657 3389 3709 ἂνω
3411 3652 3611 3722 πορείαν
3625 3647 3709 3706 τοῖς

510 3739 705 3802 oculis,
752 3739 933 3796 divina
987 3744 1123 3798 stola
1175 3745 1553 3812 circumdabit,
1609 3749 1812 3803 annulo
1845 3750 2081 3816 ornabit,

2187 3747 2561 3816 εὐαγγελικοῖς
2599 3749 2957 3820 ὑποδήμασιν,
2996 3751 3440 3820 ἀποκαταστήσει
3479 3763 3532 3799 σε
3555 3745 3612 3813 τῇ
3639 3738 3711 3792 οὐ·

512 3830 745 3885 instruet
803 3849 866 3888 ac
925 3836 1250 3906 prmparabit
1333 3837 1671 3908 Evangelicis
1701 3841 2085 3898 calceamentis

2187 3839 2356 3909 ρανίῳ
2378 3840 2594 3909 πατρίδι
2615 3853 2629 3868 ⁸
2677 3842 2734 3894 ἐν
2771 3841 2989 3912 Χριστῷ
3036 3842 3216 3912 Ἰησοῦ
3247 3841 3325 3912 τῷ
3355 3839 3531 3910 Κυρίῳ
3566 3831 3706 3905 ἡμῶν.

511 3922 676 3990 pedes
705 3923 769 3976 ad
799 3939 1053 3994 superum
1089 3927 1224 3981 iter:
1264 3931 1512 3983 restituet
1542 3937 1592 3985 te
1630 3933 1835 3987 caelesti
1876 3935 2082 4002 patriar,

2181 3925 2226 4000 ᾧ
2257 3932 2453 4001 πρέπει
2483 3933 2515 4002 ὴ
2545 3931 2670 3997 δόξα
2701 3934 2792 3986 καὶ
2827 3935 2885 3987 τὸ
2915 3934 3118 4006 κράτος
3158 3935 3240 3998 εἰς
3269 3935 3395 3998 τοὺς
3420 3931 3599 3992 αἰῶνας
3628 3925 3709 3981 τῶν

517 4027 616 4080 per
643 4014 923 4084 Christum
955 4016 1138 4072 Jesum
1177 4017 1464 4074 Dominum
1491 4031 1739 4076 nostrum
1768 4044 1779 4078 :
1807 4043 1964 4096 quem
2001 4029 2088 4084 de-

1065 4034 1138 4071 im
1177 4017 1464 4074 Dominum
1491 4031 1739 4076 nostrum
1768 4044 1779 4078 :
1807 4043 1964 4096 quem
2001 4029 2088 4084 de-
2183 4021 2413 4076 αὶώνωνο
2451 4021 2643 4094 Ἀμήν.

514 4112 599 4158 cet
622 4105 795 4175 gloria
817 4117 868 4162 et
896 4110 1202 4179 imperium,
1228 4111 1283 4164 in
1307 4113 1504 4167 saecula
1528 4115 1872 4171 saeculorum.
1894 4118 2084 4176 Amen.

1110 4265 1368 4322 ORATIO
1403 4268 1491 4323 Ill.
2117 4266 2162 4321 D

2117 4266 2162 4321 D
2811 4265 3029 4320 ΛΟΓΟΣ
3067 4269 3137 4327 Ρ.

515 4413 889 4486 Sanctiﬁcetur
925 4435 1111 4473 nomen
1150 4428 1337 4484 tuum;
1379 4420 1621 4476 adveniat
1659 4439 1874 4494 regnum
1913 4435 2082 4484 tuum.

2203 4415 2566 4483 Ἁγιασθήτω
2593 4411 2659 4467 τὸ
2699 4412 2887 4486 ὄνομά
2926 4433 3044 4472 σου
3065 4434 3078 4446 ’
3129 4417 3355 4473 ἐλθέτω
3402 4419 3440 4486 ἠ
3476 4409 3717 4481 ,ϐασιλείο

2910 4503 3049 4542 σου.

585 4573 693 4630 Lex
729 4591 848 4645 qua:
880 4575 1186 4632 futurorum
1221 4578 1491 4633 bonorum
1525 4582 1768 4637 continet
1801 4585 2046 4638 umbram
2067 4626 2083 4652 ,

2275 4579 2333 4631 '0
2381 4578 2478 4650 τὴν
2518 4581 2674 4635 σκιὰν
2720 4580 2827 4634 τῶν
2877 4579 3178 4650 μελλόντων
3235 4579 3455 4648 ἀγαθῶν
3498 4573 3717 4646 περιέχων

513 4670 568 4715 et
633 4665 828 4734 typicis
878 4667 1208 4735 quibusdam
1263 4669 1646 4738 a'nigmatibus
1685 4681 1738 4725 et
1791 4674 2087 4730 involucris

2193 4669 2377 4746 νόμος,
2404 4673 2496 4724 καί
2543 4690 2682 4727 τισιν
2725 4673 3010 4743 αἰνίγμασι
3056 4674 3309 4736 τυπικοῖς
3366 4662 3719 4740 προαναφωνιῖη

515 4755 801 4812 veritatem
831 4759 1214 4828 prtesigniticat
1247 4758 1327 4823 ⁸ο,
1357 4775 1480 4812 cum
1515 4760 1567 4813 in
1599 4763 1871 4816 occultum
1904 4779 1968 4819 ac
1996 4781 2084 4820 re-

2190 4759 2288 4830 τὴν
2336 4762 2618 4832 ἀλήθειαν,
2653 4764 2870 4819 ἐπειδὰν
2905 4765 2984 4826 είς
3033 4763 3093 4815 τὸ
3123 4763 3320 4816 ἄδυτον
3351 4762 3550 4830 εἰσάγει
3589 4770 3721 4826 προσο

518 4849 724 4892 motum
759 4846 946 4912 templi
980 4847 1196 4910 locum,
1231 4848 1377 4916 quod
1411 4847 1602 4902 ἄδυτον
1638 4849 1837 4904 dicitur
1866 4853 1977 4908 (ob
2004 4854 2086 4918 id,

2191 4851 2475 4922 ευξόμενον
2499 4853 2578 4924 τῷ
2606 4854 2726 4925 Θεῷ
2755 4854 2844 4908 τὸν
2873 4853 3043 4925 ἱερέα,
3073 4853 3292 4924 πρῶτον
3325 4854 3422 4924 μὲν
3452 4845 3719 4917 καθαρσίοις

514 4928 660 4997 quod
690 4944 776 4993 eo,
814 4941 1010 5000 praeter
1057 4935 1389 5002 sacerdotes,
1440 4937 1590 4993 adire
1632 4939 1713 4995 fas
1753 4957 1858 4996 non
1900 4946 2087 5013 esset),

2193 4942 2336 5005 τισὶ,
2372 4943 2465 4995 καὶ
2511 4945 2989 5016 περιῤῥαντισμοῖς
3039 4941 3332 5011 ἁφαγνίζει
3377 4941 3467 4995 τὸν
3508 4934 3722 4992 εἰσιόντα.

514 5019 854 5075 sacerdotem
886 5021 996 5076 Deo
1032 5040 1221 5093 preces
1255 5026 1562 5082 oblaturum
1602 5030 1938 5097 introducit,
1975 5037 2088 5105 pri-

2196 5029 2326 5086 Εἶτα
2365 5037 2432 5105 τῇ
2463 5036 2708 5107 ἱερατικῇ
2740 5035 2898 5106 στολῇ
2927 5033 3111 5105 χρυσῷ
3141 5034 3235 5087 καὶ
3263 5031 3513 5105 πορφύρα
3533 5027 3613 5080 καί
3636 5021 3719 5077 τοῖς

517 5127 663 5166 mutu
691 5113 905 5183 quidem
937 5115 1304 5184 piacularibus
1338 5120 1662 5187 quibusdam
1692 5125 2008 5192 sacriﬁciis,
2035 5137 2088 5183 et

2192 5125 2393 5189 λοιποῖς
2423 5125 2605 5178 ἄνθεσι
2641 5127 2738 5198 τῆς
2775 5127 2949 5198 βαφῆς
2979 5125 3272 5196 ἐκπρεπῶς
3299 5119 3624 5194 ἐξησκημένῃ
3643 5128 3718 5165 κί’

512 5205 1104 5274 circutnspersionibus
1128 5205 1479 5261 introiturum
1505 5213 1756 5279 puriﬁcat
1778 5224 1832 5269 et
1855 5217 2042 5272 lustrat
2068 5237 2081 5273 :

2189 5218 2574 5288 τακοσμήσας,
2622 5219 2723 5290 τήν
2786 5237 2844 5272 τε
2899 5216 3246 5292 περιστήθιον
3304 5209 3564 5268 ἐπιϐαλὼν
3606 5203 3717 5292 mist?

513 5296 708 5350 deinde
741 5295 833 5349 ubi
866 5311 990 5350 eum
1021 5296 1159 5350 stola
1192 5296 1555 5362 sacerdotali,
1593 5313 1760 5365 auro,
1808 5318 2045 5370 purpura
2067 5343 2082 5368 ,

2196 5308 2410 5379 μίτραν,
2443 5310 2534 5363 καί
2568 5310 2691 5372 τοὺς
2714 5309 2968 5373 κώδωνας
2999 5309 3105 5362 τῶν
3137 5307 3460 5378 κρασπέδων
3485 5296 3610 5373 μετὰ
3637 5307 3719 5345 των

518 5389 852 5460 reliquisque
881 5389 1090 5446 ﬂoridis
1131 5390 1380 5444 tinctura:
1421 5389 1700 5444 coloribus
1728 5393 2003 5462 eleganter
2034 5404 2087 5448 et

2195 5397 2424 5468 ροἲσκων
2453 5400 2674 5470 ἐξάψας,
2720 5399 2924 5453 ἄνωθεν
2953 5400 3008 5452 δὲ
3044 5403 3161 5462 ταῖς
3187 5395 3427 5468 ἐπωμίσι
3446 5383 3720 5477 διασφίγξαξ

515 5482 718 5539 aliabre
749 5482 891 5537 facta
931 5489 1093 5552 atque
1134 5481 1407 5538 elaborata
1444 5483 1809 5548 exornaverit,
1839 5492 2086 5554 pectora-

2191 5490 2282 5543 τδν
2331 5490 2644 5561 ἐπενδύτην,
2697 5492 2789 5545 καί
2840 5490 2938 5562 τὴν
2994 5489 3233 5562 κεφαλὴν
3291 5482 3616 5542 καλλωπίσας
3661 5486 3719 5539 τῳ

589 5657 636 5690 ⁸³
674 5659 864 5716 Matth.
899 5680 986 5724 vr,
1013 5663 1100 5716 2|.
1181 5665 1222 5693 δ’
1264 5662 1422 5718 lio‘ni.
1456 5679 1491 5716 ιι
1516 5703 1530 5728 ,
1567 5665 1644 5719 ll.
1722 5665 1766 5698 ⁵ο
1808 5661 1968 5721 llebr.
1999 5683 2066 5731 χ,
2103 5668 2152 5724 1.
