3996 6196
309 284 448 340 H19

1242 285 1332 341 DE
1377 285 1728 344 ORATIONE
1765 285 2112 344 DOMIMCA.
2153 317 2224 328 —
2263 285 2520 343 ORATIO
2551 288 2639 343 Ill.

3440 293 3572 351 H50

307 404 627 475 διαδήματι,
662 405 898 476 δαψιλῶς
919 425 976 462 τε
993 409 1103 480 ,τῆς
1143 411 1322 481 κόμης
1353 411 1628 482 καταχέας
1659 412 1751 465 τοῦ
1783 402 1887 482 μύ-

2010 428 2206 482 emque
2235 413 2451 466 mitram
2484 423 2539 467 et
2571 412 2798 468 fasciam
2843 415 2892 470 ei
2944 415 3227 486 iniecerit,
3273 431 3339 472 ac
3385 419 3578 475 tintin-

309 516 406 569 ρου
424 517 436 529 ·
465 497 639 562 οὓτως
666 500 828 554 αὑτὸν
858 503 1096 573 παράγει
1127 504 1222 556 ἐπὶ
1244 505 1304 556 τὸ
1335 505 1546 568 ἄδυτον,
1578 505 1676 568 τὰς
1717 507 1892 578 ἀπορο
1938 507 1944 515 ’

312 590 509 660 ῥήτους
558 589 870 660 ἱερουργίας
908 592 1321 647 ἐπιτελέσονταο
1353 597 1382 647 ὁ
1422 594 1478 648 δὲ
1527 597 1896 666 πνευματικὸς

312 679 607 750 νομοθέτης
652 683 680 733 ὁ
721 680 925 752 Κύριος
964 683 1122 753 ἡμῶν
1165 684 1371 754 Ἰησοῦς
1408 685 1638 756 Χριστὸς
1686 689 1896 755 ἀπογυ-

315 768 463 838 μνῶν
479 768 586 820 τῶν
608 770 934 840 σωματικῶν
964 775 1442 846 προκαλυμμάτων
1460 776 1550 830 τὸν
1583 778 1765 848 νόμον,
1802 780 1897 833 καὶ

313 862 394 922 εἰς
415 859 474 913 τὸ
499 862 739 932 ἐμφανὲς
768 864 916 931 ἄγων
945 866 1013 919 τὰ
1048 867 1154 920 τῶν
1178 867 1364 922 τύπων
1391 870 1708 940 αἰνίγματα,
1747 874 1897 944 πρῶ-

313 968 404 1004 τον
452 951 552 1022 μὲν
598 954 696 1023 ούχ
750 954 845 1008 ἕνα
882 957 975 1009 τοῦ
1029 959 1228 1023 παντὸς
1278 961 1580 1034 ἀποκρίνας
1623 965 1783 1033 μόνον
1815 968 1896 1025 είς

313 1043 532 1114 ὁμιλίαν
577 1046 700 1114 άγει
740 1047 892 1118 Θεῷ,
941 1049 1078 1104 ἀλλὰ
1121 1055 1284 1108 παντὶ⁵
1340 1057 1481 1110 κατὰ
1535 1057 1596 1110 τὸ
1638 1059 1750 1112 ἴσον
1797 1059 1896 1130 τὴν

313 1137 471 1203 ἀξίαν
506 1141 710 1210 ταύτην
740 1140 1050 1210 χαρίζεται,
1084 1145 1269 1218 κοινὴν
1311 1149 1532 1218 προθεὶς
1563 1153 1674 1214 τοῖς
1713 1151 1898 1220 βουλο-

319 1228 504 1298 μένοις
532 1229 630 1298 τῆς
655 1231 954 1303 ἱερωσύνης
981 1233 1080 1305 τὴν
1099 1235 1259 1307 χάριν
1280 1254 1293 1266 ·
1321 1237 1511 1292 ἔπειτα
1540 1241 1595 1293 δὲ
1615 1241 1716 1294 οὐκ
1747 1243 1900 1296 ἀλλο-

313 1318 455 1388 τρίῳ
505 1319 693 1390 κόσμῳ
723 1320 800 1391 τῷ
823 1323 886 1374 ἐκ
935 1323 1113 1394 βαφῆς
1162 1343 1305 1390 τινος
1341 1330 1436 1382 καὶ
1469 1331 1769 1401 ὑφαντικῆς
1801 1350 1898 1386 πε-

322 1412 639 1482 ριεργασίας
672 1413 1050 1486 ὲξευρημένῳ,
1075 1417 1135 1470 τὸ
1161 1419 1357 1483 κάλλος
1393 1419 1489 1474 τοῦ
1521 1423 1712 1492 ἱερέως
1741 1425 1893 1494 σοφίο

319 1502 472 1565 ζεται
491 1544 506 1567 ,
542 1503 655 1556 ἀλλ’
689 1508 886 1559 οἰκεῖον
911 1507 1058 1578 αύτῷ
1086 1509 1180 1562 καὶ
1215 1513 1437 1582 συμφυῆ
1468 1513 1780 1584 περιϐάλλει
1807 1516 1898 1571 τὸν

319 1594 553 1664 κόσμον,
581 1597 702 1649 ἀντὶ
738 1597 838 1668 τῆς
866 1599 1116 1670 ποικίλης
1143 1601 1454 1672 άλουργίδος
1487 1607 1606 1668 ταῖς
1629 1605 1738 1659 τῶν
1772 1609 1900 1677 ἀρε-

317 1684 428 1737 τῶν
467 1686 652 1757 χάρισι
689 1689 1052 1759 περιανθίζων
1073 1708 1090 1723 θ
1136 1698 1332 1764 κοσμεῖ
1357 1695 1414 1748 δὲ
1456 1696 1639 1751 καὶτὸ
1671 1699 1896 1770 στῆθος,

317 1777 378 1828 οὒ
415 1756 588 1848 γηΐνῳ
612 1756 830 1850 χρυσῷ,
866 1781 981 1835 ἀλλ’
1013 1785 1071 1836 έν
1111 1756 1374 1857 ἀκηράτῳ
1412 1789 1504 1841 καὶ
1529 1756 1898 1860 καθαρᾷσυνἐ
1930 1756 1977 1816 Β

318 1868 522 1939 ειδήσει
569 1871 628 1922 τὺ
655 1871 754 1940 τῆς
786 1872 1010 1941 καρδίας
1034 1874 1284 1946 ὡραΐζων
1308 1878 1524 1943 κάλλος.
1579 1880 1900 1954 Ἐναρμόζει

316 1969 376 2022 δὲ
415 1973 483 2040 τῇ
529 1970 695 2042 μίτρᾳ
726 1973 820 2025 καὶ
863 1973 1169 2028 πολυτελῶν
1203 1975 1366 2030 λίθων
1397 1979 1608 2046 αὐγάςο
1646 1973 1805 2034 αὗται
1843 1980 1902 2034 δέ

241 2122 252 2134 .
319 2060 460 2110 εἰσιν
505 2062 559 2112 αἱ
610 2059 719 2114 τῶν
774 2062 943 2130 ἁγίων
995 2064 1223 2119 ἐντολῶν
1269 2066 1644 2137 λαμπηδόνες,
1698 2069 1774 2133 ὡς
1823 2070 1904 2140 τῷ

334 2150 643 2222 Ἀποστόλῳ
673 2152 837 2206 δοκεῖ.
887 2154 1044 2208 Ἀλλά
1069 2156 1163 2208 καὶ
1184 2159 1250 2226 τῇ
1285 2174 1350 2210 πε
1361 2158 1616 2227 ρισκελίδι
1643 2159 1705 2212 τὸ
1739 2158 1904 2230 μέρος

319 2243 534 2306 ἐκεῖνο,
584 2236 630 2309 ᾧ
675 2244 878 2314 κόσμος
924 2245 1040 2298 ἐστὶ
1076 2247 1138 2300 τὸ
1182 2246 1418 2301 τοιοῦτον
1466 2243 1560 2302 τοῦ
1608 2249 1904 2318 ἐνδύματος

320 2335 805 2402 κατασφαλίζεται.
842 2338 1065 2403 Πάντως
1095 2339 1151 2391 δὲ
1195 2341 1295 2393 ούκ
1342 2342 1559 2409 ἀγνοεῖς
1605 2342 1686 2394 ὅτι
1715 2341 1777 2394 τὸ
1804 2343 1903 2413 τῆς

324 2426 681 2496 σωφροσύνης
724 2428 1092 2499 περιϐόλαιον,
1137 2431 1340 2501 κόσμος
1385 2430 1480 2484 τοῦ
1525 2432 1766 2485 τοιούτου
1807 2433 1903 2502 μέ-

325 2533 453 2587 ρους
487 2519 633 2572 ἐστίν
655 2534 668 2548 ’
709 2520 1031 2592 ἀπαρτήσας
1081 2521 1137 2573 δὲ
1173 2522 1280 2574 τῶν
1312 2522 1631 2592 κρασπέδων
1661 2523 1755 2576 τοῦ
1789 2524 1903 2592 βίου

320 2612 448 2672 τοὺς
488 2613 711 2681 νοητοὺς
747 2612 995 2682 ῥοΐσκους
1037 2629 1097 2664 τε
1127 2614 1221 2666 καὶ
1252 2613 1376 2676 τοὺς
1417 2612 1702 2676 κώδωνας’
1735 2614 1904 2668 ταῦτα

322 2701 379 2754 δὲ
409 2701 635 2765 εἰκότως
662 2703 727 2757 ἄν
755 2720 836 2767 τις
864 2703 936 2756 τὰ
963 2705 1212 2773 προφανῆ
1237 2705 1336 2774 τῆς
1369 2705 1488 2757 κατ’
1518 2705 1717 2776 ἀρετὴν
1755 2704 1906 2757 πολι-

323 2794 475 2857 τείας
520 2794 796 2864 νοήσειεν,
845 2795 920 2859 di;
953 2795 1019 2850 ἂν
1061 2795 1390 2866 ὲπίσημοςή
1443 2797 1586 2850 κατὰ
1614 2799 1712 2867 τὴν
1762 2795 1906 2868 ζωὴν

322 2886 529 2956 ταύτην
567 2887 762 2958 πορεία
790 2887 1017 2955 γένοιτο.
1057 2888 1272 2942 Τούτων
1315 2883 1408 2942 οὖν
1449 2887 1555 2943 τῶν
1589 2889 1907 2961 κρασπέδων

327 2978 534 3048 ἐξάψας
571 2980 691 3032 ἀντὶ
729 2980 826 3051 μὲν
855 2978 950 3033 τοῦ
981 2979 1246 3045 κώδωνος,
1265 2981 1369 3057 ,τὸν
1398 2979 1593 3050 εὔηχον
1629 2981 1786 3049 λόγον
1808 2981 1909 3052 τῆς

1997 506 2197 560 nabula
2223 519 2289 558 ex
2327 505 2558 558 ﬁmbriis
2592 519 2717 558 cum
2756 508 3145 577 malogranatis
3183 509 3574 578 suspenderit:

1996 610 2235 665 superne
2285 610 2502 667 quoque
2547 597 2788 651 tunicam
2835 598 3180 665 epomidibns
3229 600 3581 654 constrinxe-

1997 686 2110 749 rit,
2147 696 2201 741 et
2237 686 2543 741 diademate
2577 695 2743 756 caput
2786 691 3169 753 exornaverit,
3213 691 3580 761 capillumque

1997 780 2221 850 largiter
2246 780 2430 836 infuso
2461 791 2740 850 unguento
2772 781 3029 835 imbuerit
3058 801 3070 835 :
3103 783 3178 835 ita
3209 784 3425 854 demum
3456 800 3578 837 eum

1999 871 2065 925 ad
2098 873 2318 942 adytum
2347 888 2549 926 arcana
2571 873 2838 928 sacriﬁcia
2863 880 3210 941 peracturum
3240 873 3490 943 producit
3511 875 3577 931 ⁹¹.

1999 965 2068 1016 At
2097 965 2395 1034 spiritualis
2427 967 2710 1034 legislator
2735 965 3214 1021 Dominusnoster
3241 964 3404 1022 Jesus
3429 967 3584 1020 Chri-

2000 1065 2119 1110 stus
2140 1098 2154 1122 ,
2187 1058 2563 1126 corporalibus
2596 1061 2764 1129 legem
2797 1060 3118 1113 velamentis
3149 1060 3391 1128 spolians
3417 1069 3584 1128 atque

2001 1149 2323 1215 denudans,
2355 1159 2409 1204 et
2445 1151 2499 1203 in
2544 1162 2792 1220 apertum
2835 1151 3121 1221 proferens
3165 1151 3453 1220 aenigmata
3499 1162 3582 1204 at-

1999 1257 2106 1311 que
2154 1243 2435 1297 involucra
2492 1243 2839 1312 ﬁgurarum:
2893 1243 3130 1313 primum
3189 1243 3409 1312 quidem
3471 1257 3581 1298 non

2002 1349 2171 1387 unum
2209 1350 2274 1388 ex
2309 1336 2568 1390 universo
2593 1350 2828 1405 corpore
2855 1349 3150 1405 segregans
3171 1376 3184 1399 ,
3216 1336 3368 1388 illum
3402 1336 3578 1390 solum

2002 1426 2069 1479 ad
2104 1427 2436 1495 colloquium
2484 1426 2576 1481 Dei
2619 1426 2883 1480 adducit:
2931 1427 3024 1481 sed
3067 1441 3360 1480 commune
3391 1427 3582 1481 volen-

1999 1517 2149 1570 tibus
2179 1507 2474 1589 sacerdotii
2511 1518 2840 1573 beneﬁcium
2884 1532 2949 1570 ac
2983 1533 3183 1573 munus
3227 1533 3544 1588 proponens
3567 1560 3581 1584 ,

2001 1611 2225 1663 cuilibet
2257 1609 2401 1662 hanc
2426 1610 2747 1677 dignitatem
2781 1624 2848 1664 ex
2883 1625 3040 1678 aequo
3077 1610 3308 1678 largitur
3336 1629 3348 1664 :
3387 1611 3585 1666 deinde

2002 1717 2133 1755 vero
2177 1717 2285 1755 non
2336 1694 2513 1755 alieno
2549 1711 2784 1764 ornatu,
2818 1703 2910 1771 qui
2945 1718 3012 1756 ex
3056 1702 3299 1757 tinctura
3347 1703 3582 1773 quadam

2005 1801 2060 1849 et
2095 1793 2373 1864 superﬂuo
2401 1809 2568 1863 opere
2602 1793 2846 1847 textorio
2891 1794 3199 1862 exquisitus
3247 1793 3351 1857 sit,
3401 1792 3582 1847 ﬁctam

1987 1886 2469 1956 pulchritudinem
2501 1885 2804 1940 sacerdotis
2826 1892 3066 1940 ostentat
3091 1903 3103 1938 :
3129 1884 3224 1940 sed
3255 1885 3476 1954 preprio
3501 1891 3584 1938 at-

2004 1994 2110 2047 que
2142 1966 2328 2032 nativo
2361 1993 2485 2031 cum
2531 1984 2854 2031 ornamento
2901 1975 3238 2038 circumdat,
3282 1991 3381 2045 pro
3431 1975 3584 2028 varia

2005 2079 2155 2123 veste
2182 2083 2462 2138 purpurea
2491 2069 2758 2122 virtutum
2803 2067 2995 2138 gratiis
3034 2067 3313 2121 cxcolens.
3355 2066 3586 2120 Instruit

2005 2168 2187 2212 autem
2222 2159 2386 2212 etiam
2418 2165 2613 2228 pectus
2643 2173 2753 2212 non
2788 2166 3006 2212 terreno
3040 2171 3206 2221 auro,
3239 2155 3335 2211 sed
3371 2158 3586 2226 integra

2008 2265 2256 2319 puraque
2285 2249 2625 2304 conscientia
2670 2250 3140 2320 pulchritudinem
3191 2248 3377 2304 cordis
3427 2261 3591 2302 exor-

2009 2359 2184 2397 nans:
2225 2352 2389 2410 atque
2417 2342 2544 2396 huic
2577 2342 2752 2397 mitra
2799 2342 3164 2411 pretiosorum
3201 2356 3418 2410 quoque
3451 2339 3590 2408 lapi-

1994 2433 2138 2487 dum
2171 2431 2412 2501 fulgores
2453 2431 2675 2501 adaptat
2719 2451 2731 2484 :
2776 2432 2828 2510 bi
2873 2441 3054 2485 autem
3085 2439 3404 2486 sanctorum
3435 2445 3590 2483 man-

2007 2525 2263 2577 datorum
2323 2522 2643 2591 splendores
2701 2530 2860 2586 sunt,
2915 2533 2972 2575 ut
3025 2523 3288 2590 Apostolo
3349 2521 3584 2576 videtur.

2009 2615 2324 2680 Quinetiam
2361 2613 2714 2667 femoralibus
2742 2613 2918 2664 munit
2951 2612 3097 2664 illam
3135 2621 3343 2680 partem
3367 2652 3381 2674 ,
3413 2610 3502 2663 cui
3535 2610 3589 2663 id

2010 2708 2312 2760 indumenti
2368 2721 2541 2774 genus
2590 2713 2915 2759 ornamento
2959 2711 3063 2757 est.
3119 2704 3357 2757 Prorsus
3405 2713 3588 2757 autem

2011 2815 2116 2853 non
2148 2800 2398 2868 ignoras,
2435 2797 2582 2867 quod
2615 2796 2893 2866 pudicitiae
2929 2795 3226 2848 amiculum
3249 2834 3265 2859 ,
3296 2809 3588 2848 ornamen-

2010 2899 2124 2943 tum
2157 2889 2274 2956 ejus
2311 2890 2483 2958 partis
2513 2888 2604 2943 sit.
2632 2888 2766 2940 Cum
2795 2885 3145 2955 appendisset
3175 2895 3354 2938 autem
3380 2900 3445 2938 ex
3471 2885 3592 2936 ﬁm-

2011 2979 2151 3034 briis
2197 2980 2317 3033 vita:
2363 2979 2667 3048 spiritualia
2713 2977 3087 3046 inalogranata
3128 2982 3183 3030 et
3224 2974 3591 3028 tintinnabula

327 3071 581 3134 πίστεως·
616 3071 738 3124 ἀντὶ
769 3072 825 3124 δὲ
868 3071 961 3124 τοῦ
995 3074 1233 3143 ῥοῖσκου,
1261 3072 1360 3144 τὴν
1390 3074 1776 3144 κεκρυμμένην
1811 3078 1905 3146 τῆς

2013 3071 2141 3141 (per
2165 3072 2280 3126 haec
2302 3078 2483 3124 autem
2511 3077 2659 3123 recte
2684 3069 2808 3136 quis
2840 3069 3099 3138 praeclara
3126 3081 3291 3136 opera
3316 3067 3441 3120 vita:
3463 3080 3588 3120 cum

329 3161 631 3232 μελλούσης
671 3163 882 3226 ἐλπίδος
925 3165 1277 3235 ὲτοιμασίαν,
1308 3167 1408 3236 τὴν
1453 3165 1530 3237 τῷ
1573 3167 1908 3238 στιφροτέρῳ

327 3252 428 3323 βίῳ
461 3253 905 3326 κεκαλυμμένην,
937 3254 1080 3308 οὕτω
1111 3257 1348 3328 παράγει
1381 3257 1475 3310 ἐπὶ
1508 3257 1569 3310 τὸ
1594 3259 1782 3312 ἄδυτον
1813 3258 1907 3312 τοῦ

327 3343 476 3414 ἱεροῦ
508 3345 603 3398 καὶ
625 3345 925 3401 ἐνδότατον.
965 3345 1038 3398 Τὸ
1077 3338 1132 3398 δέ
1161 3347 1352 3401 ἄδυτον
1375 3349 1536 3402 τοῦτο
1567 3348 1668 3402 οὐκ
1701 3350 1908 3420 ἄψυχόν

325 3436 495 3497 ἐστιν,
528 3435 653 3488 οὔτε
681 3437 1036 3508 χειρόδμητον
1057 3455 1072 3469 ·
1127 3439 1259 3493 ἀλλὰ
1292 3441 1351 3492 τὸ
1385 3441 1624 3509 κρυπτὸν
1650 3442 1750 3511 τῆς
1777 3459 1912 3511 καρ-

326 3527 447 3588 δίας
472 3528 631 3596 ἡμῶν
666 3530 916 3597 ταμεῖον,
954 3529 1049 3582 ἐὰν
1083 3530 1299 3601 ἀληθῶς
1326 3531 1515 3584 ἄδυτον
1619 3535 1683 3603 τῇ
1717 3534 1907 3604 κακίᾳ,

327 3619 422 3673 καὶ
455 3624 566 3683 τοῖς
612 3624 868 3691 πονηροῖς
913 3621 1192 3692 λογισμοῖς
1231 3624 1579 3679 ἀνεπίϐατον.
1614 3627 1830 3695 Κοσμεῖ
1853 3627 1910 3680 δὲ

325 3714 428 3782 τὴν
462 3711 702 3782 κεφαλὴν
739 3714 816 3783 τῷ
841 3714 1075 3785 οὐρανίῳ
1110 3699 1438 3786 φρονήματι,
1469 3717 1531 3770 οὐ
1565 3717 1910 3788 γραμμάτων

324 3804 497 3857 τύπον
552 3805 999 3876 ἐνσημηνάμενος
1040 3807 1258 3878 πετάλῳ
1304 3807 1521 3878 χρυσῷ,
1584 3808 1700 3861 ἀλλ’
1748 3808 1910 3861 αὐτὸν

325 3897 421 3950 τὸν
454 3897 588 3950 Θεὸν
609 3899 928 3962 ὲντυπὼσας
963 3902 1021 3953 ὲν
1049 3899 1126 3970 τῷ
1153 3900 1466 3971 ἡγεμονικῷ
1495 3899 1759 3971 λογισμῷ.
1795 3901 1912 3954 Μύ-

329 4006 423 4057 ρον
447 3989 504 4041 δὲ
531 3988 930 4052 κατασκεδάζει
975 3990 1073 4059 τῆς
1119 3990 1317 4059 κόμης,
1349 3991 1410 4042 τὸ
1449 3989 1580 4060 παρ’
1611 3989 1784 4059 αὐτῆς
1829 3990 1914 4043 έν-

326 4080 482 4132 δοθεν
514 4079 615 4149 τῆς
644 4081 822 4152 ψυχῆς
844 4082 931 4134 διὰ
951 4081 1060 4135 τῶν
1082 4081 1297 4151 ἀρετῶν
1331 4081 1726 4154 μυρεψόμενον.
1754 4082 1914 4156 Θῦμα

327 4173 384 4226 δὲ
418 4173 514 4225 καὶ
549 4173 744 4244 ἱερεῖον
782 4174 1080 4246 προσάγειν
1107 4175 1268 4227 αὑτὸν
1302 4175 1380 4246 τῷ
1407 4175 1528 4246 Θεῷ
1560 4177 1914 4248 παρασκευά-

329 4263 434 4328 ζει,
489 4265 580 4317 διά
618 4265 720 4335 τῆς
778 4267 1046 4337 μυστικῆς
1092 4267 1432 4338 ἱερουργίας,
1485 4267 1584 4321 οὐκ
1629 4267 1756 4321 ἄλλο
1788 4285 1841 4319 τι
1879 4267 1912 4340 ἢ

2011 3167 2213 3218 virtute
2242 3172 2378 3216 actae
2409 3160 2768 3224 intellexerit,
2799 3170 2860 3212 ut
2891 3159 3104 3227 insigne
3129 3174 3225 3229 per
3251 3157 3394 3212 hanc
3421 3159 3591 3212 vitam

2011 3262 2115 3314 iter
2143 3258 2279 3325 sit.)
2313 3256 2389 3309 Ex
2425 3256 2512 3310 his
2549 3255 2715 3324 igitur
2744 3253 2976 3307 ﬁmbriis
3001 3266 3127 3305 cum
3176 3266 3277 3322 pro
3321 3251 3592 3305 tintinna-

2010 3352 2140 3407 bqu
2167 3350 2388 3420 quidem
2422 3349 2561 3402 bene
2602 3355 2890 3402 sonantem
2941 3358 3251 3399 sermonem
3301 3341 3424 3397 ﬁdei
3477 3357 3598 3397 sus-

2010 3445 2292 3516 pendisset
2313 3482 2326 3506 ,
2360 3457 2462 3510 pro
2497 3441 2874 3509 malogranato
2906 3452 3039 3493 vero
3077 3437 3354 3492 occultam
3396 3435 3597 3489 futura:

2015 3537 2129 3605 spei
2165 3533 2642 3603 promptitudinem
2665 3569 2680 3594 ,
2712 3546 2834 3585 eam
2860 3571 2875 3596 ,
2911 3546 3033 3600 quae
3063 3529 3274 3583 duriori
3308 3529 3416 3582 vita
3455 3536 3596 3583 tecta

2014 3635 2126 3688 est,
2166 3626 2240 3679 ita
2268 3624 2487 3678 demum
2521 3622 2588 3675 ad
2623 3621 2846 3686 ἄδυτον,
2888 3627 2942 3674 et
2978 3620 3236 3672 intimum
3285 3617 3470 3686 templi
3520 3617 3599 3671 l0-

2013 3734 2138 3773 cum
2175 3716 2445 3786 producit.
2494 3715 2721 3766 ’Δδυτον
2760 3719 2944 3765 autem
2988 3711 3093 3764 hoc
3140 3725 3250 3764 non
3293 3710 3595 3762 inanimum

2012 3827 2192 3881 neque
2226 3825 2386 3862 manu
2433 3806 2677 3870 factum,
2728 3806 2820 3860 sed
2872 3819 3134 3859 arcanum
3182 3803 3366 3857 cordis
3418 3802 3598 3857 nostri

2013 3903 2289 3973 penetrale
2343 3909 2506 3969 atque
2550 3899 2811 3951 conclave
2860 3905 2980 3964 est;
3016 3895 3062 3951 si
3119 3909 3246 3949 vere
3275 3893 3501 3959 ἄδυτον,
3539 3891 3596 3946 id

2013 4003 2130 4058 est,
2167 3991 2585 4061 impenetrabile
2623 3989 2911 4058 nequitiae,
2947 3994 3002 4042 et
3034 3985 3197 4042 malis
3242 3983 3597 4055 cogitationi-

2013 4086 2117 4142 bus
2149 4085 2495 4140 inaccessum
2526 4082 2621 4138 sit.
2655 4079 2829 4136 Ornat
2858 4081 2987 4134 item
3023 4087 3188 4148 caput
3223 4076 3438 4132 cmlesti
3473 4091 3598 4130 scn-

2015 4194 2116 4243 su,
2154 4191 2262 4231 non
2301 4177 2608 4230 litterarum
2649 4173 2876 4242 ﬁguram
2911 4185 3091 4224 aurea:
3144 4169 3361 4223 lamina!
3409 4166 3599 4236 impri-

2016 4285 2207 4332 mens,
2238 4267 2334 4324 sed
2371 4269 2549 4336 ipsum
2598 4264 2766 4319 Deum
2813 4263 2868 4315 in
2905 4261 3194 4330 principali
3243 4260 3458 4313 ratione
3512 4259 3598 4313 in-

329 4358 546 4410 έαυτόν.
593 4358 651 4411 '0
696 4357 806 4428 γὰρ
854 4357 1030 4421 οὓτως
1074 4357 1227 4428 παρὰ
1267 4357 1359 4410 τοῦ
1391 4359 1598 4430 Κυρίου
1641 4359 1778 4429 πρὸς
1814 4358 1905 4428 τὴν

2017 4361 2294 4429 scalpens.
2365 4355 2715 4426 Unguentum
2778 4359 2960 4404 autem
3023 4350 3219 4418 capillo
3280 4347 3596 4418 iuspergit,

329 4447 633 4519 ἱερωσύνην
662 4448 867 4518 ταύτην
895 4449 1182 4518 ἀγόμενος,
1216 4448 1276 4501 τὸ
1304 4449 1554 4520 φρόνημα
1588 4450 1686 4519 τῆς
1713 4449 1905 4520 σαρκὸς

2018 4451 2164 4521 quod
2197 4451 2266 4503 ab
2299 4450 2416 4519 ipsa
2451 4449 2630 4502 anima
2669 4461 2767 4516 per
2797 4447 3030 4497 virtutes
3067 4441 3398 4495 intrinsecus
3426 4437 3599 4494 conﬁ-

330 4538 614 4606 νεκρὼσας
661 4539 718 4590 ὲν
765 4540 830 4608 τῇ
883 4537 1128 4608 μαχαίρᾳ
1169 4536 1264 4590 τοῦ
1322 4538 1653 4608 πνεύματος,
1711 4540 1740 4592 ὃ
1790 4542 1905 4592 εστι

2017 4545 2161 4598 citur
2190 4561 2204 4598 :
2238 4552 2402 4611 atque
2429 4541 2594 4596 etiam
2628 4543 2898 4609 praeparat
2941 4549 3065 4589 eum
3089 4575 3102 4599 ,
3140 4539 3201 4585 ut
3235 4532 3512 4585 victimam
3543 4537 3598 4585 et

333 4628 490 4698 ῥῆμα
525 4629 690 4694 Θεοῦ,
727 4629 899 4692 οὔτως
931 4627 1163 4684 ἱλεοῦται
1191 4629 1283 4682 τὸν
1311 4629 1443 4682 Θεὸν
1475 4631 1534 4684 ἐν
1561 4633 1673 4694 τοῖς
1701 4630 1905 4694 ἀδύτοις

2013 4635 2252 4690 hostiam
2283 4649 2380 4704 per
2410 4633 2699 4703 mysticum
2730 4627 3064 4684 sacriﬁcium
3092 4623 3288 4678 offerat
3319 4623 3448 4689 Deo,
3485 4636 3598 4676 non

329 4721 650 4789 γενόμενος,
701 4723 891 4776 ἑαυτὸν
931 4722 1018 4775 διὰ
1046 4723 1147 4794 τῆς
1190 4721 1447 4792 τοιαύτης
1482 4722 1672 4787 Θυσίας
1703 4725 1914 4795 ἱερουρ-

329 4815 537 4885 γήσας,
591 4814 684 4867 καὶ
740 4818 1099 4888 παραστήσας
1150 4816 1211 4868 τὸ
1244 4815 1437 4870 ἑαυτοῦ
1481 4817 1668 4886 σῶμα,
1723 4817 1913 4870 θυσίαν

330 4906 511 4970 ζῶσαν
538 4907 698 4976 ἁγίαν
729 4908 1020 4981 εὐάρεστον
1055 4906 1133 4979 τῷ
1158 4908 1295 4978 Θεῷ.
1339 4908 1479 4962 Ἀλλ’
1501 4910 1620 4981 ἐρεῖ
1649 4927 1732 4974 τις
1758 4909 1908 4974 ἴσως,

331 4999 408 5069 μὴ
434 4998 604 5051 ταῦτα
627 4999 768 5053 κατὰ
794 5001 854 5054 τὸ
877 5001 1167 5073 πρόχειρον
1192 5000 1335 5070 ἔχειν
1357 5001 1453 5072 τὴν
1483 5003 1580 5071 τῆς
1603 5002 1911 5074 προσευχῆς

326 5093 568 5145 διάνοιαν
605 5092 705 5162 τῆς
750 5092 1120 5164 προκειμένης
1165 5093 1299 5163 ἡμῖν
1330 5096 1408 5156 εἰς
1437 5093 1724 5165 ἐξήγησιν·
1756 5112 1911 5164 περι-

327 5188 470 5238 νοεῖν
519 5186 576 5238 δὲ
622 5186 770 5256 ἡμᾶς
812 5187 938 5251 τοὺς
974 5187 1246 5251 τοιούτους
1301 5187 1522 5255 λόγους,
1554 5189 1652 5239 οὐκ
1698 5189 1762 5240 ἐκ
1802 5187 1910 5241 τῶν

327 5275 544 5330 οἰκείων
577 5279 690 5340 τοῖς
727 5269 1106 5350 ὑποκειμένοις
1153 5279 1512 5352 ἁρμόζοντας.
1556 5279 1762 5333 Οὐκοῦν
1804 5281 1909 5335 πά-

327 5368 408 5422 λιν
454 5370 856 5442 ὑπομνησθήτω
891 5371 998 5426 τῶν
1030 5372 1260 5445 πρώτων
1296 5373 1394 5444 τῆς
1428 5376 1734 5444 προσευχῆς
1763 5371 1907 5426 διδα-

330 5464 568 5533 γμάτων.
621 5463 681 5517 'O
714 5465 822 5537 γὰρ
852 5463 1024 5529 οὕτως
1065 5467 1254 5519 ἑαυτὸν
1287 5465 1730 5537 παρασκευάσας,
1768 5465 1905 5519 ὥστε

331 5559 386 5609 ὲν
417 5558 700 5628 παρρησίᾳ
733 5559 997 5628 τολμῆσαι
1029 5560 1245 5629 Πατέρα
1286 5559 1476 5614 ἑαυτοῦ
1507 5559 1598 5612 τὸν
1635 5560 1764 5613 Θεὸν
1795 5560 1907 5612 όνο-

402 5734 443 5764 "
491 5733 666 5790 Levit.
703 5753 830 5804 vm,
879 5737 929 5803 7,
964 5754 1086 5807 sqq.

2017 4727 2166 4782 aliud
2197 4725 2496 4797 quidquam
2529 4725 2632 4778 nisi
2681 4723 2948 4792 seipsum.
2985 4719 3088 4787 Qui
3136 4717 3283 4773 enim
3319 4717 3392 4770 ita
3425 4729 3455 4768 a
3491 4713 3598 4768 Do-

2016 4820 2167 4873 mino
2214 4817 2278 4871 ad
2338 4817 2442 4870 hoc
2491 4813 2822 4870 sacriﬁcium
2880 4828 2978 4883 per
3037 4809 3279 4882 gladium
3330 4805 3594 4876 spiritus,

2013 4911 2157 4983 quod
2189 4918 2274 4965 est
2305 4908 2531 4964 verbum
2575 4905 2666 4961 Dei
2691 4948 2705 4969 ,
2739 4920 2962 4960 sensum
2999 4901 3183 4958 carnis
3219 4896 3594 4963 mortiﬁcans,

2013 5002 2258 5064 ducitur,
2290 5000 2337 5054 is
2370 4999 2513 5052 intra
2553 4996 2714 5068 adyta
2757 4993 2926 5049 Deum
2964 4993 3182 5064 placat,
3221 4990 3463 5060 seipsum
3501 5003 3598 5058 per

2012 5096 2120 5151 tale
2171 5092 2503 5149 sacriﬁcium
2554 5089 2879 5151 immolans,
2927 5099 3198 5154 suumque
3242 5097 3447 5152 corpus
3495 5079 3596 5134 ho-

2012 5187 2173 5243 stiam
2214 5185 2522 5246 viventem,
2569 5189 2850 5242 sanctam,
2896 5183 3175 5246 acceptam
3219 5173 3331 5229 Deo
3370 5172 3591 5225 sistens.

2019 5277 2131 5333 Sed
2161 5275 2396 5331 fortasse
2425 5273 2571 5328 dicet
2598 5271 2831 5342 aliquis,
2864 5285 2975 5324 non
3017 5268 3163 5332 hazc,
3214 5271 3376 5335 prout
3418 5261 3592 5331 prima

2017 5370 2156 5426 facie
2187 5375 2481 5440 appareat,
2512 5365 2839 5422 sententiam
2880 5360 3149 5414 orationis
3169 5397 3184 5422 ,
3222 5371 3384 5428 quam
3418 5366 3591 5421 expo-

2017 5462 2252 5520 nendam
2288 5461 2662 5530 suscepimus,
2700 5455 3023 5512 continere:
3058 5451 3157 5508 sed
3190 5467 3290 5504 nos
3319 5441 3593 5516 ejusmodi

2017 5571 2298 5613 sermones
2316 5593 2330 5617 ,
2359 5554 2452 5624 qui
2486 5551 2563 5608 rei
2592 5547 2884 5620 propositae
2909 5562 2970 5602 ex
3003 5544 3239 5616 propriis
3264 5541 3385 5610 ejus
3411 5535 3595 5594 verbis
