3996 6196
506 218 634 274 “5|

1717 220 1775 277 S.
1807 222 2132 282 GREGORII
2163 228 2451 287 NYSSENI

3566 242 3679 298 “Si

504 327 720 384 collecti
745 343 854 384 non
878 330 1240 399 conveniant,
1270 334 1637 392 comminisci.
1661 335 2075 396 Reminiscatur

2183 347 2374 417 μάσαι,
2401 342 2553 413 οὗτος
2579 348 2820 421 ἀκριϐῶς
2843 347 3146 421 περίκειται
3169 348 3263 420 τὴν
3287 349 3463 421 στολὴν
3482 352 3676 426 ἐκείνην,

504 433 635 489 ergo
663 418 845 475 denuo
870 430 1038 492 atque
1068 424 1388 481 recordetur
1412 430 1643 499 primam
1679 433 1948 490 orationis
1980 434 2080 491 do-

505 508 739 563 ctrinam
769 525 784 563 :
817 525 945 565 nam
979 512 1075 582 qui
1100 512 1176 566 ita
1206 528 1327 571 sese
1354 519 1605 586 paravit,
1632 530 1692 575 ut
1715 521 1884 579 libere
1908 522 2079 580 Deum

506 605 718 669 patrem
758 616 920 656 suum
962 604 1251 661 nominare
1284 609 1516 675 audeat,
1557 611 1606 666 is
1649 613 1810 682 plane
1839 615 2079 671 amictus

505 698 590 747 est
616 691 708 747 illa
737 693 875 749 stola
896 732 913 759 ,
942 709 1106 764 quam
1128 698 1306 753 oratio
1335 699 1665 772 descripsit,
1695 705 2079 764 tintinnabulis

508 793 764 852 resonat,
797 786 1073 857 corymbis
1100 788 1417 857 decoratur,
1452 793 1601 849 circa
1640 805 1834 866 pectus
1877 812 2081 868 praece-

506 882 725 945 ptorum
765 876 1070 948 fulgoribus
1105 881 1453 951 resplendet,
1501 892 1679 955 gestat
1704 887 1951 943 humeris
1983 903 2081 957 pa-

507 968 779 1023 triarchas
820 978 875 1025 et
911 970 1240 1040 prophetas,
1286 974 1409 1029 loco
1457 977 1741 1033 nominum
1784 978 2080 1036 virtutibus

508 1063 726 1117 illorum
765 1062 833 1118 ad
877 1063 964 1118 sui
1010 1073 1265 1119 ornatum
1308 1069 1592 1125 translatis
1626 1089 1640 1125 :
1678 1082 1844 1141 caput
1875 1086 2081 1127 corona

500 1154 727 1225 iustitiae
754 1166 950 1223 ornat,
1000 1158 1259 1228 capillum
1303 1160 1513 1216 cmlesti
1552 1171 1832 1233 unguento
1862 1164 2080 1219 delibu-

506 1254 623 1301 tum
647 1246 841 1313 habet,
888 1255 942 1302 et
982 1247 1125 1303 intra
1152 1253 1564 1321 supercmlestia
1593 1255 1758 1325 adyta
1788 1266 2039 1311 versatur
2063 1273 2077 1309 :

505 1354 626 1410 quae
671 1340 820 1395 omni
869 1341 1187 1411 cogitationi
1238 1344 1482 1413 profanae
1536 1361 1725 1403 revera
1770 1348 1971 1411 ᾶδυτα,
2024 1346 2081 1401 id

504 1436 591 1486 est
622 1430 1057 1499 impenetrabilia
1090 1442 1253 1503 atque
1286 1436 1566 1492 inaccessa
1611 1446 1762 1494 sunt.
1787 1438 2080 1495 Enimvero

506 1522 782 1589 quomodo
814 1531 869 1577 et
899 1536 1223 1579 exornatum
1254 1535 1309 1582 et
1343 1527 1676 1585 instructum
1718 1546 1842 1587 esse
1882 1546 2081 1587 conve-

503 1613 620 1667 niat
652 1628 777 1668 eum
800 1653 817 1680 ,
847 1616 938 1685 qui
970 1616 1274 1673 sacerdotis
1302 1619 1476 1676 ollicio
1504 1619 1794 1678 iuncturus
1827 1622 1934 1689 sit,
1966 1636 2080 1676 me-

504 1703 768 1761 diocriter
797 1721 892 1777 per
921 1723 986 1763 ea
1018 1723 1139 1778 quae
1164 1718 1396 1765 tractata
1424 1722 1588 1781 atque
1616 1713 1887 1782 explicata
1912 1721 2074 1778 sunt,

503 1799 682 1854 oratio
714 1798 1140 1868 demonstravit;
1168 1802 1437 1873 reliquum
1468 1803 1634 1859 fuerit
1677 1804 1851 1875 ipsam
1895 1804 2080 1859 consi-

2181 439 2247 509 ἢν
2279 441 2308 493 6
2354 440 2509 509 λόγος
2538 440 2873 512 ὑπέγραψεν,
2910 439 3006 493 καὶ
3040 440 3162 511 ήχεῖ
3186 443 3293 505 τοῖς
3320 440 3569 509 κώδωσιν,
3605 450 3680 500 καὶ

2179 530 2392 595 ἐξανθεῖ
2429 534 2538 596 τοῖς
2585 533 2849 603 ῥοΐσκοις·
2886 534 2982 585 καὶ
3012 532 3211 603 λάμπει
3271 533 3392 603 περὶ
3426 534 3483 587 τὸ
3525 537 3679 606 στῆθος

2178 624 2299 685 ταῖς
2321 623 2429 677 τῶν
2450 622 2679 677 ἐντολῶν
2706 624 2900 692 αὐγαῖς
2917 663 2931 687 ,
2964 624 3058 676 καὶ
3083 624 3237 695 φέρει
3262 626 3369 688 τοῖς
3398 624 3552 695 ὤμοις
3582 630 3680 692 τοὺς

2180 707 2523 779 πατριάρχας
2551 709 2647 762 καὶ
2675 711 2980 782 προφήτας,
3009 712 3129 764 ἀντὶ
3157 711 3263 764 τῶν
3299 712 3579 782 ὀνομάτων,
3605 716 3679 778 τὰς

2179 796 2379 867 ἀρετὰς
2413 798 2635 851 ἐκείνων
2666 801 2744 863 είς
2777 800 2870 854 τὸν
2910 800 3039 853 ἴδιον
3060 801 3261 871 κόσμον
3290 805 3679 875 μετακοσμήσαςο

2179 887 2275 939 καὶ
2293 887 2391 959 τήν
2415 888 2654 960 κεφαλὴν
2680 893 2876 961 κοσμεῖ
2897 892 2975 961 τῷ
2992 891 3090 962 τῆς
3113 892 3441 962 δικαιοσύνης
3462 897 3680 969 στεφάνῳ,

2179 976 2275 1029 καὶ⁵
2322 978 2423 1049 τὴν
2477 978 2652 1050 κόμην
2695 979 2807 1050 ἔχει
2854 981 2932 1052 τῷ
2964 982 3198 1053 οὐρανίῳ
3234 980 3382 1052 μύρῳ
3418 983 3679 1055 διάϐροχον,

2180 1066 2330 1131 ἐντός
2373 1084 2431 1119 τε
2467 1068 2676 1137 γίνεται
2719 1067 2829 1121 τῶν
2878 1068 3284 1139 ὑπερουρανίων
3322 1068 3544 1122 ἀδύτων·
3574 1071 3682 1141 ἅπερ

2180 1159 2343 1213 παντὶ
2390 1159 2634 1229 λογισμῷ
2684 1158 2894 1231 βεϐήλῳ
2933 1160 3100 1214 ἄδυτα
3148 1159 3224 1222 ὡς
3254 1158 3457 1228 άληθῶς
3494 1160 3682 1214 ἐστικαὶ

2180 1249 2497 1305 άνεπίὸατα.
2543 1248 2680 1302 Ἀλλ’
2708 1251 2855 1313 ὅπως
2893 1250 3158 1321 προσήκει
3192 1249 3598 1321 παρεσκευάσθαι
3616 1250 3683 1303 τὸν

2183 1342 2508 1414 ἱερωμένον,
2557 1342 2794 1412 μετρίως
2841 1343 2901 1394 ἐν
2938 1344 3050 1404 τοῖς
3096 1340 3466 1411 ἐξητασμένοις
3506 1342 3531 1392 ό
3567 1340 3684 1408 λόγος

2180 1431 2481 1498 ὑπέδειξεν·
2518 1431 2705 1485 λοιπὸν
2734 1432 2779 1484 δ’
2808 1432 2874 1507 ἂν
2904 1432 2987 1502 εῐη
3019 1434 3239 1484 σκοπεῖν
3270 1431 3429 1501 αὐτὴν
3458 1430 3544 1500 τὴν
3567 1430 3685 1501 αἴτη-

2182 1543 2285 1588 σιν,
2319 1526 2384 1595 ἦν
2426 1524 2721 1595 προσάγειν
2761 1523 3015 1577 ἐκέλευσε
3052 1522 3133 1592 τῷ
3162 1522 3301 1593 Θεῷ,
3337 1521 3424 1574 τὸν
3452 1522 3581 1583 ἐντὸς
3607 1520 3686 1572 τῶν

2180 1616 2387 1670 ἀδύτων
2423 1616 2732 1684 γενόμενον.
2777 1614 2851 1667 Ού
2892 1613 3000 1684 γάρ
3031 1630 3122 1684 μοι
3166 1612 3312 1665 δοκεῖ
3348 1611 3479 1666 κατὰ
3507 1612 3559 1664 τὺ
3589 1613 3686 1681 πρό

2181 1723 2383 1778 χειρον,
2414 1704 2681 1777 εὔληπτον
2714 1705 2973 1776 παρέχειν
3004 1706 3139 1775 ἡμῖν
3165 1705 3264 1775 τὴν
3302 1704 3534 1771 διάνοιαν,
3558 1704 3686 1773 ψιλῶς

2180 1800 2283 1870 τῆς
2318 1798 2626 1871 προσευχῆς
2656 1796 2943 1851 ἐκτεθέντα
2968 1796 3039 1850 τὰ
3062 1798 3302 1868 ῥήματα.

504 1890 697 1946 derare
727 1892 1041 1960 petitionem
1064 1933 1079 1960 ,
1114 1911 1278 1965 quam
1313 1912 1470 1962 eum,
1505 1899 1600 1968 qui
1630 1900 1770 1955 intra
1828 1899 2050 1970 adytum
2105 1904 2379 1959 versatur,
2435 1894 2545 1949 Deo
2607 1892 2804 1948 oﬂ'erre
2856 1892 3065 1963 jussit:
3097 1907 3207 1946 non
3242 1892 3382 1946 enim
3412 1890 3532 1945 mihi
3564 1891 3685 1946 verba

502 1983 769 2039 orationis
818 1986 963 2041 nude
1009 1989 1255 2058 exposita
1280 2030 1296 2056 ,
1355 1991 1531 2060 prima
1582 1992 1722 2048 facie
1776 2002 2031 2063 percepta
2056 2033 2071 2060 ,
2110 1992 2326 2048 facilem
2356 1990 2514 2045 nobis
2541 1988 2865 2045 sententiam
2894 1988 3140 2059 praebere
3165 1985 3427 2042 videntur.

572 2076 969 2148 Sanctiﬁ'cetnr,
1003 2082 1216 2150 inquit,
1246 2100 1438 2138 nomen
1472 2095 1658 2150 tuum;
1699 2087 1941 2142 adveniat
1975 2105 2073 2144 re—
2106 2102 2151 2158 Β

501 2184 665 2240 gnum
699 2178 869 2225 tuum.
901 2170 1043 2237 Quid
1073 2172 1190 2226 haec
1215 2173 1283 2228 ad
1314 2173 1370 2227 id
1391 2214 1407 2241 ,
1437 2174 1585 2246 quod
1615 2176 1748 2230 mihi
1782 2192 1921 2248 opus
1946 2180 2074 2234 est!

502 2257 707 2315 dixerit
741 2260 941 2330 aliquis
971 2260 1135 2315 homo
1154 2301 1170 2326 ,
1200 2264 1285 2318 vel
1323 2272 1545 2334 propter
1572 2276 1797 2336 peccata
1831 2269 2075 2339 seipsum

501 2363 601 2420 per
632 2350 1009 2421 paenitentiam
1040 2353 1347 2424 castigans,
1391 2358 1475 2411 vel
1513 2366 1574 2412 ut
1605 2368 1887 2428 peccatum
1920 2361 2076 2416 inva-

504 2440 717 2497 lescens
746 2441 1002 2512 etfugiat,
1037 2442 1207 2499 Deum
1256 2446 1313 2500 in
1362 2447 1628 2502 auxilium
1662 2464 1901 2515 vocans,
1935 2466 2078 2507 sem-

503 2546 605 2602 per
633 2532 691 2587 in
723 2532 899 2588 oculis
928 2534 1136 2590 habens
1166 2552 1290 2592 eum
1315 2576 1330 2603 ,
1359 2539 1455 2609 qui
1487 2554 1585 2608 per
1613 2542 1944 2597 tentationes
1973 2542 2079 2597 im-

505 2631 748 2692 pugnat:
780 2623 909 2677 hinc
940 2624 1023 2677 ira
1051 2626 1325 2681 rationem
1366 2642 1398 2681 a
1445 2630 1757 2685 constantia
1778 2670 1795 2697 ,
1829 2632 2078 2686 modera-

503 2711 691 2780 tione,
721 2722 884 2784 atque
915 2713 1091 2769 oliicio
1119 2715 1341 2771 deducit
1367 2735 1381 2772 :
1415 2719 1567 2773 illinc
1596 2734 1778 2775 rerum
1809 2719 2077 2776 absurda-

504 2818 627 2859 rum
652 2806 979 2875 cupiditates
1008 2808 1179 2861 animi
1206 2808 1448 2879 vigorem
1476 2819 1779 2867 enervant:
1809 2812 1879 2867 ab
1907 2812 2079 2867 altera

502 2903 659 2966 parte
687 2897 913 2952 avaritia
941 2905 996 2953 et
1022 2898 1103 2954 rei
1133 2914 1246 2955 suae
1271 2901 1465 2970 quovis
1492 2902 1651 2957 modo
1683 2903 1942 2972 augenda:
1960 2911 2078 2959 stu-

502 2987 653 3042 dium
689 2989 993 3059 perspicaci
1027 2991 1172 3061 parti
1204 2991 1389 3047 cordis
1421 2992 1802 3049 hebetudinem
1830 3001 1885 3049 et
1918 2995 2079 3049 caeci-

503 3085 672 3135 tatem
703 3080 918 3136 inducit
943 3100 959 3149 ;
993 3082 1169 3139 fastus
1190 3121 1206 3147 ,
1235 3082 1493 3152 superbia
1514 3122 1531 3149 ,
1557 3084 1742 3139 odium
1763 3126 1778 3153 ,
1808 3087 2079 3158 reliquus-

502 3184 611 3240 que
627 3169 1066 3226 adversariorum
1090 3180 1403 3227 nostrorum
1420 3174 1701 3244 catalogus
1721 3182 1775 3231 et
1794 3192 2073 3244 numerus,

502 3268 766 3332 tanquam
798 3270 1019 3319 caterva
1063 3264 1301 3320 hostium
1344 3265 1587 3336 undique
1628 3281 1689 3323 se
1734 3269 2076 3326 circumfun-

502 3350 642 3407 dens
664 3392 680 3420 ,
716 3363 1087 3409 extremorum
1126 3356 1394 3412 malorum
1428 3358 1625 3414 anima:
1654 3360 1957 3429 periculum
1990 3362 2077 3416 in-

2260 2085 2643 2156 Ἁγιασθήτω,
2696 2086 2857 2155 φησι,
2910 2082 2981 2136 τὸ
3020 2080 3213 2151 ὄνομά
3255 2096 3368 2134 σου
3390 2094 3403 2107 ·
3444 2076 3628 2132 ἐλθέτω
3659 2078 3686 2145 ἠ

2169 2179 2460 2245 ,ϐασιλεία
2481 2192 2616 2231 σου.
2643 2176 2707 2229 Τί
2724 2175 2892 2228 ταῦτα
2916 2174 3051 2245 πρὸς
3070 2174 3173 2243 τὴν
3193 2172 3327 2244 ἐμήν
3358 2171 3557 2242 χρείαν;
3577 2170 3683 2223 είποι

2174 2286 2259 2332 τις
2300 2268 2613 2340 ἄνθρωπος,
2650 2266 2685 2337 ἢ
2726 2266 2818 2318 ἐπὶ
2868 2263 3167 2335 ἁμαρτίαις
3217 2263 3402 2316 ἐαυτὸν
3448 2260 3525 2314 διὰ
3564 2274 3686 2329 μετα-

2175 2359 2322 2422 νοίας
2370 2357 2677 2428 μαστίζων,
2720 2357 2754 2427 ἢ
2801 2357 2948 2419 ὅπως
2996 2354 3256 2424 ἂν,φύγοι
3302 2349 3685 2423 κατακρατοῦσαν

2174 2451 2275 2523 τὴν
2316 2449 2621 2522 ἁμαρτίαν,
2658 2448 2749 2502 τὸν
2790 2448 2920 2502 Θεὸν
2962 2449 3043 2510 είς
3097 2447 3407 2517 συμμαχίαν
3447 2444 3623 2507 καλῶν,
3645 2445 3687 2495 ἐν

2175 2540 2469 2610 ὀφθαλμοῖς
2498 2539 2636 2610 ἔχων
2664 2539 2752 2593 ἀεὶ
2778 2538 2866 2592 τὸν
2893 2538 2982 2591 διὰ
3010 2535 3123 2589 τῶν
3152 2534 3461 2607 πειρασμῶν
3492 2549 3688 2603 προσπα-

2175 2631 2413 2685 λαίοντα.
2461 2630 2652 2685 Ἔνθεν
2677 2632 2725 2685 οἱ
2756 2629 2917 2701 θυμοὶ
2953 2629 3045 2681 τὸν
3075 2627 3337 2697 λογισμὸν
3367 2626 3454 2678 τοῦ
3476 2624 3687 2691 καθεστη-

2177 2725 2333 2787 κότος
2363 2722 2729 2795 παράγουσιν·
2768 2720 2976 2775 ἐκεῖθεν
3001 2722 3057 2774 αἱ
3087 2718 3201 2773 τῶν
3228 2718 3436 2772 ἀτόπων
3458 2716 3686 2785 ἐπιθυμίαι

2175 2816 2267 2870 τὸν
2319 2816 2469 2870 τόνον
2516 2815 2617 2886 τῆς
2677 2812 2856 2883 ψυχῆς
2916 2810 3351 2882 ἐκνευρίζουσιν·
3403 2805 3687 2879 ἑτέρωθενή

2176 2908 2457 2975 πλεονεξία
2482 2908 2727 2979 πήρωσιν
2749 2905 2945 2974 ἐπάγει
2969 2904 3048 2975 τῷ
3069 2902 3359 2976 διορατικῷ
3382 2902 3472 2972 τῆς
3491 2896 3686 2970 καρδίας,

2176 3003 2205 3055 6
2227 3000 2416 3068 τῦφος,
2450 2999 2483 3068 ἠ
2517 2992 2883 3068 ὑπερηφανία,
2907 2994 2968 3047 τὸ
3002 2996 3186 3065 μῖσος,
3217 2995 3246 3047 6
3272 2992 3448 3055 λοιπὸς
3472 2990 3564 3043 τῶν
3583 2990 3687 3041 ἀντι·

2176 3087 2512 3143 παλαιόντων
2537 3086 2666 3155 ἡμῖν
2698 3082 3016 3151 κατάλογος.
3042 3077 3174 3137 Οἷόν
3204 3100 3257 3136 τι
3290 3083 3463 3149 στῖφος
3485 3076 3688 3146 πολέμιον

2174 3178 2234 3231 ἐν
2265 3175 2447 3246 κύκλῳ
2475 3172 3035 3246 περιστοιχισάμενον,
3068 3174 3165 3229 τὸν
3199 3172 3326 3245 περὶ
3355 3171 3457 3225 τῶν
3495 3168 3688 3239 ἐσχάτων

2176 3266 2371 3335 ἐπάγει
2406 3267 2472 3336 τῇ
2502 3264 2646 3336 ψυχῇ
2682 3263 2943 3317 κίνδυνον.
2975 3257 3111 3316 Εἶτα
3143 3264 3173 3317 6
3210 3261 3423 3315 ἐκδύναι
3449 3258 3597 3311 ταῦτα
3627 3254 3688 3306 διὰ

2176 3356 2276 3428 τῆς
2307 3354 2615 3428 κρείττονος
2643 3352 2963 3424 συμμαχίας
2997 3351 3338 3417 σπουδάζων,
3366 3350 3526 3411 ποίοις
3546 3346 3602 3399 ἂν
3620 3361 3687 3396 xu-

503 3442 695 3499 ducit:
732 3454 787 3499 et
814 3446 907 3515 qui
939 3446 1055 3502 haec
1085 3446 1317 3503 ﬁrmiori
1349 3449 1558 3505 auxilio
1588 3451 1809 3507 studeat
1837 3452 2074 3523 etl‘ugere

2177 3445 2435 3520 ριώτερον
2468 3445 2732 3516 χρήσαιτο
2777 3443 2987 3513 λόγοις;
3036 3443 3140 3514 οὐχ
3186 3438 3270 3506 οἷς
3295 3445 3324 3496 6
3344 3441 3511 3523 ’μέγας
3537 3432 3686 3496 Δασιδν

504 3542 669 3605 atque
698 3536 904 3593 evitare
928 3578 942 3603 ,
974 3539 1173 3608 quibus
1206 3540 1390 3597 verbis
1423 3544 1597 3614 magis
1626 3543 1863 3613 propriis
1893 3553 2074 3600 utere-

502 3626 635 3681 tur?
682 3641 865 3688 annon
909 3630 1109 3699 quibus
1152 3630 1321 3686 David
1356 3648 1488 3689 usus
1530 3634 1660 3689 est?
1702 3634 1956 3703 Eripiar,
1986 3635 2073 3690 in-

500 3719 731 3788 quiens,
784 3737 850 3775 ea:
894 3724 1014 3778 odio
1065 3723 1502 3793 prosequentibus
1553 3741 1634 3781 me
1660 3727 1707 3758 “
1736 3743 1751 3792 ;
1786 3733 1843 3782 et
1864 3765 1880 3792 ,
1912 3730 2075 3782 Aver-

502 3816 685 3862 tantur
717 3809 921 3864 inimici
952 3813 1054 3865 mei
1089 3821 1379 3868 retrorsum
1412 3817 1499 3883 ⁸³;
1538 3824 1624 3884 et,
1675 3817 1757 3872 Da
1794 3820 1943 3875 nobis
1977 3838 2075 3875 au-

498 3901 689 3956 xilium
712 3918 777 3956 ea:
805 3903 1140 3974 alﬂictione“
1165 3924 1178 3961 :
1204 3914 1257 3961 et
1281 3922 1618 3979 quaecunque
1644 3909 1772 3965 talia
1800 3919 1947 3978 sunt,
1977 3928 2075 3982 per

502 4007 623 4061 quae
645 3991 905 4046 auxilium
934 3993 1025 4048 Dei
1066 4004 1256 4050 contra
1289 3996 1631 4054 adversarios
1657 4000 1898 4055 excitare
1922 4001 2069 4056 licet.

500 4082 660 4137 Nunc
702 4098 829 4139 vero
871 4083 1065 4141 modus
1093 4087 1290 4142 orandi
1325 4087 1457 4157 quid
1488 4090 1777 4145 continet?
1811 4089 2069 4161 Sanctiﬁ-

499 4182 648 4228 eetur
682 4189 868 4229 nomen
902 4185 1069 4231 tuum.
1105 4176 1161 4232 Si
1195 4178 1340 4233 enim
1371 4178 1475 4235 hoc
1503 4195 1534 4234 a
1568 4196 1654 4236 me
1685 4196 1797 4236 non
1831 4182 2069 4250 dicatur,

499 4264 747 4334 nunquid
786 4265 904 4321 ﬁeri
956 4276 1166 4336 potest,
1203 4277 1263 4322 ut
1301 4285 1501 4326 nomen
1542 4271 1636 4327 Dei
1677 4280 1925 4326 sanctum
1960 4287 2071 4328 non

499 4354 615 4408 sit?
646 4354 898 4409 Adveniat
932 4371 1149 4425 regnum
1179 4365 1348 4411 tuum.
1391 4358 1533 4425 Quid
1562 4361 1708 4415 enim
1742 4376 1773 4413 a
1805 4369 2073 4430 potestate

497 4443 595 4499 Dei
632 4446 869 4500 alienum
900 4454 986 4501 est
1016 4485 1032 4512 ,
1074 4447 1165 4516 qui
1188 4486 1205 4512 ,
1245 4456 1305 4503 ut
1344 4449 1520 4519 inquit
1560 4450 1730 4507 lsaias
1764 4452 1812 4483 ⁵⁵
1836 4491 1852 4517 ,
1893 4458 2069 4506 totum

498 4535 696 4589 caelum
727 4536 909 4604 palmo
946 4537 1361 4605 comprehendit
1384 4579 1400 4606 ,
1432 4540 1525 4609 qui
1574 4541 1921 4610 amplectitur
1961 4549 2072 4597 ter-

497 4637 614 4676 ram
642 4664 657 4688 ,
698 4625 792 4694 qui
834 4624 1113 4679 humidam
1150 4634 1405 4682 naturam
1435 4629 1491 4683 in
1534 4645 1698 4685 manu
1740 4631 1983 4687 continet
2016 4638 2072 4687 et

498 4715 956 4783 comprehendit,
1012 4716 1105 4786 qui
1155 4731 1375 4772 omnem
1427 4720 1761 4775 mundanam
1809 4722 1973 4778 simul
2014 4730 2070 4778 et

500 4806 1002 4873 supramundanam
1030 4815 1281 4861 naturam
1308 4810 1465 4879 quasi
1497 4810 1551 4864 in
1582 4811 1729 4867 ulnis
1756 4814 1977 4884 gestat?
2008 4812 2067 4868 Si

495 4891 663 4961 igitur
688 4904 885 4945 nomen
914 4891 1011 4946 Dei
1037 4909 1253 4965 semper
1284 4905 1535 4955 sanctum
1565 4909 1680 4964 est,
1711 4915 1777 4956 ac
1802 4903 1940 4957 nihil
1986 4903 2069 4960 ef-

496 4982 634 5050 fugit
661 4980 768 5035 vim
798 4980 1189 5039 dominationis
1216 4985 1347 5052 Dei,
1400 4990 1497 5045 sed
1526 4999 1581 5046 ct
1607 4993 1853 5047 omnium
1881 5009 2065 5051 rerum

496 5072 720 5142 potitur,
757 5079 813 5127 et
845 5072 994 5143 quod
1027 5075 1094 5128 ad
1122 5077 1614 5137 sanctiﬁcationetn
1649 5086 1886 5151 attinet,
1918 5086 2066 5157 adje-

493 5159 674 5213 clione
700 5160 935 5230 amplius
958 5176 1097 5232 Opus
1127 5178 1236 5218 non
1266 5164 1460 5232 habet,
1489 5172 1689 5242 quippe
1711 5175 1800 5229 cui
1827 5190 1925 5245 per
1946 5191 2066 5230 om-

493 5250 583 5304 nia
614 5250 749 5305 nihil
781 5250 968 5318 deest,
1004 5254 1100 5310 sed
1144 5256 1421 5327 perfectus
1450 5268 1575 5318 est:
1619 5265 1755 5334 quid
1796 5266 1901 5321 sibi
1950 5268 2065 5323 vult

493 5341 598 5398 hoc
627 5350 903 5414 optatum,
937 5344 1311 5418 Sanctiﬁcetnr
1340 5368 1528 5407 nomen
1575 5362 1724 5408 tuum
1745 5370 1764 5409 :
1814 5354 2063 5412 adveniat

498 5450 711 5505 regnum
743 5444 893 5489 tuum
919 5439 944 5493 ?
971 5438 1055 5493 An
1082 5439 1312 5499 forsitan
1341 5443 1448 5499 tale
1478 5445 1755 5517 quidpiam
1784 5444 2056 5513 Verbum,

2186 3537 2500 3605 Ῥυσθείην
2540 3536 2611 3590 ἐκ
2662 3534 2782 3589 τῶν
2824 3535 3176 3605 μισούντων
3219 3551 3297 3605 με
3315 3518 3356 3599 ,’
3382 3531 3562 3599 λέγων·
3589 3525 3688 3587 καὶ»

2185 3627 2744 3698 Ἀποστραφείησαν
2788 3628 2842 3681 οι
2877 3627 3081 3696 ἐχθροί
3121 3644 3245 3697 μου
3284 3627 3370 3691 εἰς
3413 3623 3479 3677 τὰ
3508 3619 3685 3673 ὀπίσω·

2172 3719 2301 3787 καὶ,
2353 3719 2465 3785 Δὸς
2518 3717 2665 3788 ἡμῖν
2708 3715 3002 3784 ,βοήθειαν
3047 3717 3119 3771 ἐκ
3167 3716 3442 3785 θλίψεως,
3492 3710 3574 3765 καὶ⁸
3613 3706 3687 3759 ὅσα

2170 3808 2424 3873 τοιαῦτα,
2467 3807 2535 3860 δι’
2565 3800 2639 3862 ὧν
2678 3806 2791 3859 ἐστι
2837 3805 2931 3859 τοῦ
2965 3804 3101 3858 Θεοῦ
3131 3805 3235 3877 τὴν
3264 3800 3555 3875 συμμαχίαν
3581 3793 3686 3849 κατά

2170 3900 2278 3953 τῶν
2326 3898 2581 3953 ἐναντίων
2627 3897 3009 3966 διαναστῆσαι;
3046 3896 3187 3951 Νυνὶ
3210 3896 3269 3950 δέ
3295 3895 3347 3948 τί
3386 3889 3583 3963 φησινό
3614 3884 3684 3952 τῆς

2172 3992 2481 4063 προσευχῆς
2514 3989 2709 4060 νόμος;
2764 3987 3123 4058 ’.ἁγιασθήτω
3171 3986 3239 4041 τὸ
3290 3983 3469 4054 ὄνομά
3493 3994 3608 4034 σου.
3639 3973 3685 4027 ει

2171 4083 2279 4154 γὰρ
2313 4082 2389 4153 μὴ
2433 4082 2641 4150 λέγοιτο
2680 4079 2808 4150 παρ’
2859 4078 2996 4150 ἐμοῦ
3019 4077 3182 4132 τοῦτο
3201 4117 3217 4143 ,
3245 4072 3353 4148 ἆρα
3379 4071 3575 4129 δυνατόν
3598 4069 3685 4120 ἐστι

2174 4173 2255 4244 μὴ
2282 4172 2434 4241 ἆγιον
2462 4166 2601 4223 εἶναι
2628 4168 2723 4223 τοῦ
2765 4167 2899 4221 Θεοῦ
2939 4166 3000 4220 τὸ
3042 4166 3245 4237 όνομα;
3289 4162 3522 4219 Ἐλθέ-τω
3545 4157 3577 4223 ἡ
3598 4155 3684 4244 ,βα-

2170 4242 2371 4315 ὰιξὶεία
2402 4275 2538 4313 σου.
2583 4257 2647 4311 Τι
2675 4256 2784 4327 γὰρ
2832 4257 2931 4327 τῆς
2983 4253 3232 4320 ἐξουσίας
3282 4250 3375 4306 τοῦ
3416 4247 3535 4303 Θεοῦ
3561 4242 3683 4313 ἠλλο·

2169 4350 2425 4420 τρίωται,
2470 4346 2565 4401 τοῦ
2605 4346 2936 4419 διειληφότος
2973 4347 3040 4416 τῇ
3082 4344 3331 4415 σπιθαμῇ
3378 4341 3459 4394 τὸν
3505 4331 3683 4406 οὐρανὸν

2170 4442 2322 4509 ὅλον,
2374 4438 2554 4502 καθώς
2592 4454 2756 4509 φησιν
2813 4435 3067 4501 Ἡσαΐας,
3107 4432 3204 4488 τοῦ
3254 4424 3681 4504 περιδεδραγμένου

2169 4533 2269 4604 τὴν
2296 4532 2421 4603 γῆν,
2463 4529 2558 4583 τοῦ
2586 4527 3045 4600 περικρατοῦντος
3076 4528 3134 4579 ἐν
3171 4528 3238 4597 τῇ
3275 4525 3411 4596 χειρὶ
3433 4521 3520 4591 τὴν
3549 4512 3681 4584 ὑγρὰν

2171 4623 2331 4692 φύσιν
2354 4660 2370 4687 ,
2431 4621 2491 4684 ὃς
2552 4620 2733 4673 πᾶσαν
2794 4617 3090 4687 ἐγκόσμιόν
3130 4634 3190 4669 τε
3238 4617 3333 4669 καὶ
3374 4609 3680 4704 ὑπερκόσμιον

2171 4711 2559 4783 ἐνηγκόιλισται
2599 4709 2805 4776 κτίσιν;
2842 4709 2904 4761 Εἰ
2942 4704 3035 4760 οῦν
3066 4708 3221 4776 ἅγιον
3258 4707 3346 4760 ἀεὶ
3389 4701 3476 4757 τοῦ
3504 4692 3679 4793 Θεοῦτξ

2169 4804 2387 4875 κράτος,
2416 4803 2510 4856 καὶ
2535 4801 2688 4855 οὐδὲν
2711 4798 3015 4868 ἐκπέφευγε
3045 4799 3106 4851 τὸ
3132 4798 3332 4869 κράτος
3352 4795 3447 4865 τῆς
3468 4790 3548 4844 τοῦ
3572 4788 3674 4839 θεοῦ

2131 4926 2145 4942 ο
2170 4896 2512 4958 δεσποτείας,
2545 4892 2683 4946 ἀλλὰ
2719 4891 2815 4945 κα)⁸
2845 4892 3037 4961 κρατεῖ
3068 4889 3304 4954 πάντων,
3352 4886 3440 4940 καὶ
3468 4880 3588 4936 κατὰ
3608 4876 3675 4929 τὸν

2171 4986 2439 5058 ἀγιασμὸν
2487 4984 2803 5056 προσθήκης
2846 4983 2947 5036 οὐκ
2971 4981 3305 5052 ἐπιδέχεται,
3328 4979 3355 5030 ό
3386 4976 3466 5029 διὰ
3504 4972 3673 5025 πάντων

2170 5077 2461 5147 ἀνελλιπὴς
2501 5076 2596 5129 καὶ
2636 5074 2872 5137 τέλειος’
2914 5073 2968 5127 τί
2996 5073 3241 5143 βούλεται
3277 5072 3308 5141 ἡ
3340 5066 3483 5138 εὐχὴ,
3532 5062 3673 5129 Ἀγιαο

2170 5168 2371 5237 σθήτω
2412 5165 2479 5220 τὸ
2519 5163 2707 5234 ὄνομά
2742 5178 2879 5219 σου·
2919 5164 3141 5221 ἐλθέτω
3194 5162 3236 5231 ἡ
3258 5156 3529 5226 ,ϐασιλεία
3553 5165 3666 5208 σου,

2170 5264 2234 5317 El
2261 5261 2401 5331 τάχα
2427 5276 2478 5312 τι
2506 5255 2744 5310 τοιοῦτον
2771 5257 2800 5309 6
2823 5254 2997 5323 Λόγος
3020 5255 3078 5308 ἐν
3102 5251 3176 5323 τῷ
3204 5252 3334 5304 εἴδει
3370 5249 3462 5319 τῆς
3488 5255 3670 5314 ngam.

2169 5355 2268 5426 χῆς
2297 5352 2638 5424 δογματίζει,
2667 5349 2749 5401 ὅτι
2784 5347 3012 5417 ἀσθενής
3050 5347 3162 5398 ἐστι
3192 5343 3327 5415 πρὸς
3353 5336 3537 5409 ἀγαθοῦ
3560 5342 3667 5426 τινος

2166 5446 2356 5515 κτῆσιν
2384 5446 2417 5513 ἡ
2467 5440 2778 5511 ἀνθρωπίνη
2825 5440 3001 5508 φύσις,
3035 5438 3127 5493 καὶ
3153 5434 3241 5489 διὰ
3265 5433 3415 5487 τοῦτο
3436 5428 3525 5485 οὐκ
3552 5425 3603 5479 ἄν
3626 5431 3666 5473 τι

560 5620 606 5649 ⁸³
647 5618 788 5674 Psal.
821 5640 946 5691 xxx,
986 5623 1067 5679 l6.
1144 5625 1188 5659 ⁸³
1226 5624 1367 5679 Psal.
1402 5640 1488 5690 LV,
1535 5624 1613 5681 IU.
1691 5624 1736 5656 "
1777 5622 1921 5681 Psal.
1958 5640 2067 5690 Lm

2176 5663 2189 5678 .
2266 5626 2308 5656 ου
2348 5623 2450 5680 ιω.
2489 5640 2574 5690 χι,
2616 5625 2695 5679 12.
