3996 6196
264 281 416 353 ,4155

1235 277 1326 333 DE
1357 275 1707 334 ORATIONE
1749 273 2103 331 DOMINICA.
2147 305 2214 318 --
2253 273 2514 332 ORATIO
2551 275 2643 332 111.

3399 276 3542 334 1154

271 398 483 468 γίνοιτο
508 395 620 450 τῶν
646 395 1096 466 σπουδαζομένων
1125 396 1280 466 ἡμῖν,
1319 395 1394 465 μὴ
1418 395 1518 466 τῆς
1541 394 1692 458 θείας
1725 412 1845 466 συμ-

1965 408 2062 463 per
2091 393 2324 448 formam
2354 389 2544 446 orandi
2566 390 2748 459 tradit,
2767 395 2911 466 quod
2935 411 3059 454 cum
3081 395 3296 453 inﬁrma
3314 399 3380 455 ad
3410 397 3542 453 boni

274 489 477 562 μαχίας
524 488 588 542 τὸ
632 484 836 556 ἀγαθὸν
869 488 927 541 ὲν
951 489 1081 558 ἡμῖν
1110 485 1517 557 κατορθούσης;
1549 485 1768 555 ἀγαθῶν
1799 486 1856 540 δὲ

270 583 492 636 πάντων
535 579 654 633 ἐστὶ
682 579 742 632 τὸ
783 580 1102 648 κεφάλαιον,
1137 579 1198 631 τὺ
1232 578 1311 648 τῷ
1337 577 1456 648 ὲμῷ
1486 577 1586 648 βίῳ
1607 578 1667 630 τὸ
1687 577 1857 648 ὄνομα

267 675 364 730 τοῦ
415 672 552 726 Θεοῦ
603 670 1006 736 ὲνδοξάζεσθαι.
1053 671 1268 724 Γένοιτο
1305 669 1352 722 δ’
1389 669 1454 723 ἂν
1488 671 1621 740 ἡμῖν
1651 671 1715 723 ὲκ
1760 670 1854 724 τοῦ

267 764 516 819 ἐναντίου
551 760 920 833 προτιμοτέρα
945 762 979 832 ἡ
1005 761 1205 813 ἔννοια.

1964 485 2200 555 alicujus
2231 484 2653 556 acquisitionem
2686 486 2926 542 humana
2953 496 3152 542 natura
3183 488 3290 556 sit,
3336 486 3544 543 idcirco

1964 577 2102 631 nihil
2134 577 2296 634 nobis
2339 578 2661 650 contingere
2691 579 2866 650 possit
2897 595 3122 645 eorum,
3158 596 3280 650 qua:
3323 581 3545 634 affecta-

1963 684 2119 732 mus,
2154 669 2261 724 nisi
2292 670 2542 724 divinum
2574 671 2840 724 auxilium
2882 671 3088 726 bonum
3121 672 3174 726 in
3209 673 3367 727 nobis
3413 687 3548 726 cena

1963 759 2153 814 ficiat?
2192 759 2362 814 Porro
2393 769 2557 831 caput
2589 762 2834 816 omnium
2877 761 3148 816 bonorum
3197 770 3312 826 est,
3355 762 3401 818 si
3447 777 3545 831 per

268 871 450 913 meam
482 855 647 909 vitam
677 869 877 908 nomen
909 853 1004 909 Dei
1039 853 1397 926 glorificetur.
1429 851 1637 909 Poterit
1668 861 1850 908 autem
1891 853 2048 909 nobis
2077 869 2140 909 ex
2176 855 2458 909 contrario
2495 855 2710 925 planior
2743 855 2860 911 fieri
2892 855 3224 926 intellectus.

243 1018 251 1035 ’
341 1037 594 1091 Ἤκουσά
636 1054 740 1090 που
789 1035 890 1106 τῆς
944 1035 1107 1105 ἁγίας
1151 1037 1376 1108 Γραφῆς
1425 1035 1859 1108 κατακρινούσης

263 1129 543 1193 ἐκείνους,
583 1128 632 1182 οἳ
679 1128 782 1199 τῆς
810 1127 952 1181 κατά
998 1127 1094 1190 τοῦ
1126 1127 1262 1180 Θεοῦ
1307 1128 1656 1199 βλασφημίας
1690 1128 1858 1182 αἴτιοι

264 1221 530 1289 γίνονται.
577 1219 724 1272 Οὐαί
772 1218 903 1289 γὰρ,
940 1219 1105 1288 φησὶ,
1151 1217 1238 1271 δι’
1287 1219 1396 1284 οῦς
1422 1219 1489 1271 τὸ
1527 1219 1712 1289 ὄνομά
1737 1237 1856 1288 μου

259 1310 714 1380 βλασφημεῖται
754 1309 826 1364 ἐν
869 1309 996 1376 τοῖς
1040 1310 1282 1364 Mrem!
1313 1310 1483 1364 Τοῦτο
1521 1311 1580 1364 δὲ
1614 1311 1852 1365 τοιοῦτόν

262 1405 435 1457 ἐστιν’
475 1403 536 1455 Oi
593 1403 762 1473 μήπω
814 1401 1243 1464 πεπιστευκότες
1267 1401 1344 1472 τῷ
1382 1402 1528 1472 λόγῳ
1583 1403 1683 1472 τῆς
1719 1403 1852 1473 ἀλη-

263 1494 440 1558 θείας,
492 1494 628 1564 πρὸς
671 1493 764 1547 τὸν
815 1493 929 1564 βίον
961 1493 1070 1548 τῶν
1103 1495 1592 1566 παραδεδεγμένων
1623 1496 1723 1564 τὴν
1751 1495 1846 1548 τοῦ

267 1583 574 1654 μυστηρίου
605 1581 788 1636 πίστιν
813 1581 1237 1638 ἀποσκοποῦσιν.
1266 1583 1435 1636 Ὅταν
1455 1582 1636 1636 τοίνυν
1661 1583 1722 1636 τὸ
1753 1583 1850 1654 μὲν

2028 1039 2223 1094 Audivi
2249 1041 2449 1095 alicubi
2474 1055 2688 1096 sacram
2711 1041 3052 1111 Scripturam
3079 1037 3540 1093 condcmnantem

1954 1132 2099 1197 illos,
2146 1133 2237 1203 qui
2289 1133 2342 1186 in
2383 1147 2552 1186 causa
2586 1140 2737 1196 sunt,
2791 1143 2849 1186 ut
2881 1131 2991 1186 Deo
3025 1132 3382 1185 obtrectelur.
3430 1128 3542 1195 νω,

1955 1221 2152 1292 inquit,
2181 1233 2394 1291 propter
2431 1240 2560 1293 quos
2606 1240 2794 1277 nomen
2829 1240 3000 1276 meum
3035 1225 3176 1276 male
3205 1223 3352 1276 audit
3400 1225 3542 1277 inter

1953 1323 2130 1383 gentes
2154 1315 2233 1368 "l
2267 1315 2381 1370 Hoc
2414 1323 2595 1370 autem
2629 1316 2736 1370 tale
2751 1315 2994 1382 cstzQui
3024 1316 3264 1369 nondum
3299 1315 3540 1370 sermoni

1953 1407 2201 1463 veritatis
2249 1408 2634 1472 crediderunt,
2687 1423 2878 1462 eorum
2931 1408 3025 1478 qui
3077 1407 3236 1461 fidem
3297 1407 3542 1478 mysterii

1953 1506 2307 1567 acceperunt,
2358 1499 2524 1553 vitam
2565 1497 2890 1568 inspiciunt,
2937 1506 2990 1553 et
3036 1499 3350 1552 observant.
3401 1496 3539 1550 Cum

1951 1587 2121 1658 igitur
2151 1604 2350 1644 nomen
2382 1589 2603 1660 quidem
2631 1589 2754 1644 fidei
2795 1589 2850 1643 in
2891 1589 3168 1658 aliquibus
3209 1588 3394 1650 fuerit,
3428 1588 3537 1640 vita

259 1676 436 1745 ὄνομα
479 1675 576 1744 τῆς
624 1673 858 1737 πίστεως
905 1672 964 1726 ἐν
990 1689 1132 1726 τισιν
1164 1667 1223 1747 ᾗ,
1253 1673 1281 1725 ὁ
1310 1671 1368 1725 δὲ
1403 1671 1518 1742 βίος
1556 1671 1845 1740 ἀντιφθέγ-

1950 1696 2081 1736 vero
2100 1682 2306 1735 nomini
2326 1681 2483 1752 quasi
2503 1681 2835 1751 obloquatur
2850 1689 3015 1751 atque
3031 1688 3316 1750 repugnet,
3333 1679 3539 1749 quippe

260 1784 428 1836 γηται
466 1765 546 1836 τῷ
588 1764 845 1836 ὀνόματι,
887 1764 923 1834 ἢ
966 1763 1056 1817 διά
1083 1759 1400 1828 πλεονεξίας
1425 1760 1846 1832 είδωλολατρῶν,

258 1857 295 1928 ἢ
327 1860 384 1913 ὲν
411 1857 603 1928 μέθαις
626 1856 722 1910 καὶ
750 1854 962 1926 κώμοις
989 1853 1340 1926 ἀσχημονῶν,
1379 1854 1477 1908 καὶ
1503 1854 1582 1925 τῷ
1603 1853 1849 1924 βορϐόρῳ

257 1949 361 2018 τῆς
403 1948 643 2012 ἀσωτίας
685 1947 778 2011 ὑὸς
821 1947 976 2018 δίκην
1018 1945 1534 2016 ὲγκαλινδούμενος·
1563 1946 1850 2018 πρόχειρος

258 2040 424 2104 εὐθὺς
445 2040 598 2110 παρὰ
644 2038 754 2093 τῶν
790 2039 1035 2094 ἀπίστων
1065 2039 1094 2092 ὁ
1120 2037 1310 2106 λόγος,
1341 2038 1441 2090 οὐκ
1477 2037 1559 2102 είς
1587 2039 1688 2108 τὴν
1715 2053 1850 2107 προ-

257 2129 474 2200 αίρεσιν
506 2120 617 2183 τῶν
652 2127 840 2192 κακῶς
866 2127 944 2200 τῷ
974 2127 1076 2200 βίῳ
1100 2127 1458 2200 κεχρημένων
1481 2127 1582 2199 τὴν
1613 2143 1849 2196 κατηγο·

257 2221 384 2292 ρίαν
407 2219 650 2291 τρέπων,
685 2220 802 2274 ἀλλ’
843 2219 920 2284 ὡς
947 2219 1176 2273 τοιαῦτα
1216 2219 1479 2291 πράττειν
1505 2219 1602 2272 τοῦ
1645 2235 1850 2290 μυστη-

261 2309 381 2380 ρίου
404 2309 758 2374 διδάσκοντος
777 2326 791 2340 ·
825 2309 900 2381 μὴ
944 2308 1052 2380 γάρ
1083 2308 1150 2362 ἂν
1182 2307 1432 2376 γενέσθαι
1461 2308 1554 2362 τὸν
1582 2307 1728 2362 δεῖνα
1755 2307 1847 2362 τὸν

254 2401 330 2455 τά
357 2401 476 2455 θεῖα
507 2401 862 2472 μεμυημένον
901 2402 1198 2473 μυστήρια,
1234 2399 1552 2472 ἢλοίδορον,
1593 2400 1628 2471 ἢ
1658 2400 1848 2453 πλεον-

255 2493 446 2564 έκτην,
483 2492 516 2564 ἢ
553 2493 808 2564 ἀρπαγα,
857 2491 890 2562 ἢ
925 2491 1054 2545 ἀλλο
1095 2508 1149 2544 τι
1182 2490 1424 2544 τοιοῦτον
1450 2491 1647 2557 κακὸν,
1691 2493 1739 2544 εί
1772 2489 1848 2562 μὴ

255 2584 488 2654 ἔννομον
509 2584 694 2648 αὐτοῖς
719 2584 778 2637 τὸ
813 2585 1148 2654 ἁμαρτάνειν
1185 2578 1277 2655 ἦν,
1301 2583 1392 2637 διὰ
1416 2582 1576 2636 τοῦτο
1604 2583 1848 2654 χαλεπὴν

257 2675 378 2737 τοῖς
406 2672 670 2738 τοιούτοις
696 2674 926 2746 ἀπειλὴν
950 2675 979 2727 ὁ
1003 2674 1174 2743 Λόγος
1196 2673 1612 2729 ὲπανατείνεται
1674 2671 1851 2742 λέγων

252 2763 490 2826 ἐκείνοις
557 2758 700 2817 εἶναι
762 2763 854 2824 τὸ,
877 2763 1022 2818 Οὐαί
1077 2762 1154 2816 δι’
1200 2763 1310 2830 οὒς
1373 2761 1443 2817 τὸ
1492 2761 1682 2832 ὄνομά
1724 2778 1846 2832 μου

249 2855 709 2925 βλασφημεῖται
751 2855 821 2909 ἐν
847 2855 972 2922 τοῖς
993 2855 1260 2910 ἔθνεσιν.
1285 2857 1350 2910 Ei
1371 2855 1434 2924 δὴ
1464 2853 1624 2908 τοῦτο
1662 2855 1846 2927 νενόη-

251 2963 376 3012 ται,
428 2947 622 3018 καιρὸς
661 2947 728 3001 ἂν
779 2947 897 3017 είη,
937 2947 1000 3000 τὸ
1035 2947 1101 3000 ὲκ
1131 2946 1227 3000 τοῦ
1272 2945 1518 3001 ἐναντίου
1555 2945 1846 3017 λεγόμενον

1949 1772 2032 1826 vel
2069 1787 2166 1842 per
2209 1773 2497 1827 avaritiam
2545 1773 2970 1828 simulacrorum
3010 1771 3180 1826 cultui
3213 1770 3415 1834 dedita,
3453 1771 3536 1825 vel

1949 1861 2274 1916 ebrietatum
2304 1860 2378 1915 'et
2429 1853 2894 1918 comessationum
2927 1859 3272 1930 turpitudine
3306 1859 3535 1923 foedata,

1949 1959 2004 2008 et
2030 1967 2181 2008 more
2230 1953 2351 2008 suis
2386 1952 2439 2006 in
2471 1952 2588 2008 luto
2619 1953 2850 2007 luxuriae
2897 1952 3198 2007 immersa:
3253 1951 3441 2006 statim
3479 1951 3536 2006 in

1948 2051 2204 2114 promptu
2250 2043 2554 2098 infidelium
2605 2057 2790 2098 sermo
2817 2047 2924 2105 est,
2960 2057 3069 2096 non
3100 2041 3156 2096 in
3196 2041 3534 2095 voluntatem

1949 2138 2004 2188 et
2032 2132 2344 2188 institutum
2388 2146 2603 2196 eorum,
2638 2130 2734 2202 qui
2764 2131 2870 2186 hoc
2907 2132 3115 2187 sarculo
3149 2129 3537 2186 facultatibus-

1949 2238 2058 2294 que
2100 2224 2243 2278 male
2280 2229 2534 2289 utuntur,
2567 2221 2663 2279 sed
2695 2222 2750 2276 in
2799 2221 3145 2294 mysterium,
3187 2221 3349 2292 quasi
3404 2221 3536 2276 talia

1949 2313 2131 2370 facere
2171 2313 2386 2377 doceat,
2436 2311 2882 2368 criminationem
2912 2322 3167 2368 vertens:
3225 2326 3336 2366 non
3387 2312 3535 2368 enim

1947 2405 2102 2460 illum
2141 2411 2197 2460 et
2242 2404 2418 2472 illum,
2453 2403 2548 2474 qui
2590 2403 2796 2458 divinis
2825 2405 3108 2474 mysteriis
3148 2403 3400 2460 initiatus
3437 2405 3533 2470 sit,

1951 2496 2033 2551 vel
2060 2494 2501 2561 convitiatorem,
2536 2492 2620 2548 vel
2650 2492 3024 2560 fraudatorem
3073 2501 3123 2548 et
3158 2509 3408 2560 avarum,
3444 2495 3531 2551 vel

1946 2595 2245 2657 raptorem,
2281 2587 2366 2642 vel
2405 2585 2591 2656 aliquo
2620 2585 2731 2639 alio
2759 2585 2852 2640 tali
2881 2585 3018 2640 vitio
3055 2586 3358 2642 obnoxium
3387 2587 3537 2643 futu-

1945 2691 2068 2731 rum
2100 2674 2291 2742 fuisse,
2331 2675 2438 2732 nisi
2481 2690 2713 2746 peccare
2745 2676 2954 2731 licitum
2988 2677 3068 2733 eis
3093 2686 3261 2742 esset,
3281 2687 3534 2748 propter-

1945 2780 2009 2822 ea
2037 2781 2230 2838 graves
2269 2771 2449 2823 minas
2495 2766 2700 2823 talibus
2753 2765 3038 2838 Scriptura
3088 2768 3360 2837 intentat,
3400 2770 3532 2824 dum

1946 2857 2115 2912 dicit:
2179 2856 2270 2914 Va:
2306 2859 2442 2921 illis,
2474 2873 2567 2928 per
2599 2874 2730 2929 quos
2771 2874 2959 2912 nomen
2990 2874 3160 2912 meum
3206 2860 3347 2914 male
3383 2862 3534 2914 audit

1945 2951 2084 3004 inter
2109 2959 2305 3021 gentes.
2343 2949 2401 3004 Si
2451 2942 2616 3022 igitur
2653 2950 2758 3005 hoc
2797 2950 3133 3007 intellectum
3177 2959 3282 3014 est,
3315 2958 3534 3022 tempus

253 3036 612 3107 κατανοῆσαι.
669 3034 938 3107 Εῦχεσθαι
976 3035 1085 3108 γὰρ
1120 3037 1228 3106 πρό
1269 3054 1333 3106 γε
1391 3036 1610 3091 πάντων
1679 3032 1834 3109 οἶμαι

1947 3041 2131 3107 fuerit,
2180 3041 2235 3097 id
2280 3042 2429 3114 quod
2470 3057 2538 3098 ex
2569 3042 2850 3098 contrario
2881 3041 3104 3106 dicitur,
3157 3043 3530 3099 considerare.

254 3125 488 3195 χρῆναι,
547 3125 641 3178 καὶ
682 3125 842 3178 τοῦτο
879 3125 1150 3181 ποιεῖσθαι
1186 3127 1287 3198 τῆς
1328 3128 1640 3199 προσευχῆς
1669 3127 1728 3182 τὸ
1754 3145 1846 3182 κε-

255 3215 522 3285 φάλαιον,
555 3216 621 3270 τὸ
666 3217 742 3288 μὴ
776 3217 1212 3289 βλασφημείσθω
1255 3219 1316 3272 ἐν
1363 3218 1441 3290 τῷ
1480 3218 1600 3290 ὲμῷ
1628 3219 1728 3292 βίῳ
1765 3219 1846 3292 τῷ

254 3306 488 3378 ὀνόματι
527 3306 624 3360 τοῦ
672 3307 828 3373 Θεοῦ,
864 3308 998 3362 ἀλλά
1027 3307 1345 3376 δοξάζεσθαι
1374 3310 1469 3364 καὶ
1499 3309 1841 3379 ἀγιάζεσθαι.

269 3399 359 3453 Ἐν
393 3399 521 3471 ἐμοὶ
551 3394 668 3466 οὖν,
722 3400 908 3472 φησὶν,
952 3401 1270 3473 ἁγιασθήτω
1304 3402 1366 3455 τὸ
1418 3401 1713 3472 ὲπικληθέν
1749 3420 1840 3473 μοι

252 3489 429 3560 ὄνομα
443 3490 544 3561 τῆς
564 3489 662 3561 σῆς
685 3489 1024 3556 δεσποτείας,
1045 3491 1238 3558 Ὅπως
1255 3490 1466 3546 τδωσιν
1479 3494 1532 3546 ot
1548 3492 1846 3562 ἄνθρωποι

252 3579 328 3634 τὰ
356 3581 519 3634 καλὰ
548 3581 722 3651 ἔργα,
752 3581 849 3635 καί
891 3582 1196 3648 δοξάσωσι
1240 3582 1348 3636 τὸν
1385 3581 1619 3652 Πατέρα
1643 3582 1749 3637 τὸν
1773 3582 1845 3638 ἐν

251 3670 378 3736 τοῖς
405 3670 708 3740 οὐρανοῖς.
753 3671 850 3736 Τίς
897 3672 956 3725 δὲ
999 3672 1143 3726 οῦτω
1181 3671 1454 3744 θηριώδης
1493 3672 1589 3726 καὶ
1625 3673 1840 3741 άλογος,

249 3761 397 3814 ὥστε
430 3761 573 3833 ὁρῶν
595 3763 654 3815 ὲν
675 3765 788 3826 τοῖς
811 3764 1201 3817 πεπιστευκόσι
1218 3763 1340 3834 Θεῷ
1365 3764 1480 3834 βίον
1509 3763 1748 3833 καθαρὸν
1773 3763 1842 3817 δι’

252 3851 466 3924 ἀρετῆς
496 3855 950 3928 κατωρθωμένον,
984 3858 1200 3912 πάντων
1222 3856 1331 3910 τῶν
1355 3856 1415 3922 ἐξ
1436 3857 1711 3928 ἁμαρτίας
1745 3873 1844 3927 μο-

250 3941 547 4013 λυσμάτων
588 3945 993 4018 καθαρεύοντα,
1027 3946 1211 4018 πάσης
1243 3947 1342 4018 τῆς
1394 3945 1530 4018 πρὸς
1571 3945 1632 3999 τὸ
1659 3946 1842 4016 χεῖρον

251 4033 518 4098 ὑπονοίας
561 4034 1028 4108 ἀλλοτριούμενον,
1069 4037 1322 4110 λαμπρὸν
1367 4039 1434 4109 τῇ
1483 4035 1839 4109 σωφροσύνῃ,

251 4125 456 4195 σεμνὸν
498 4128 565 4196 τῇ
608 4128 900 4198 φρονήσει,
931 4129 1186 4201 ἀνδρείας
1212 4129 1408 4200 ἔχοντα
1439 4128 1574 4200 πρὸς
1604 4129 1704 4194 τὰς
1731 4129 1841 4185 τῶν

247 4215 448 4270 παθῶν
492 4217 818 4289 προσϐολὰς,
847 4219 1097 4290 μηδαμοῦ
1126 4222 1246 4284 ταῖς
1268 4221 1606 4290 σωματικαῖς
1631 4220 1840 4291 ἡδυπα-

248 4304 430 4370 θείαις
483 4307 945 4380 μαλακιζόμενον,
1007 4310 1218 4382 τρυφῆς
1293 4311 1388 4364 καὶ
1435 4309 1692 4380 βλακείας
1741 4312 1837 4366 καὶ

1946 3130 2149 3200 Optare
2187 3131 2330 3187 enim
2365 3137 2529 3198 atque
2561 3132 2774 3202 precari
2807 3139 2935 3188 ante
2960 3132 3142 3186 omnia
3178 3133 3399 3202 Opinor,
3449 3143 3534 3189 at-

1945 3235 2053 3291 que
2080 3221 2184 3277 hoc
2213 3223 2480 3279 orationis
2507 3223 2771 3280 constitui
2801 3231 2966 3294 caput
2993 3235 3270 3294 oportere,
3303 3240 3372 3280 ne
3405 3242 3531 3297 pro-

1946 3319 2069 3382 pter
2099 3327 2277 3367 meam
2307 3313 2476 3368 vitam
2511 3328 2713 3370 nomen
2749 3312 2842 3368 Dei
2873 3314 3014 3368 male
3041 3314 3250 3379 audiat,
3283 3315 3380 3370 sed
3409 3316 3532 3386 glo-

1943 3402 2194 3460 rificetur
2217 3410 2273 3460 et
2299 3404 2695 3462 sanctificetur.
2728 3403 2787 3460 In
2816 3419 2903 3460 me
2929 3405 3098 3476 igitur
3131 3405 3529 3472 sanetificctur,

1943 3492 2145 3562 inquit,
2176 3507 2374 3548 nomen
2410 3501 2521 3548 tua:
2547 3493 2966 3557 dominationis,
3002 3494 3148 3564 quod
3183 3510 3215 3548 a
3255 3511 3342 3551 me
3370 3496 3530 3552 invo-

1943 3591 2120 3649 catur,
2149 3592 2208 3637 ut
2236 3582 2447 3638 uideant
2476 3583 2714 3638 homines
2753 3584 2890 3638 bona
2929 3601 3107 3652 opera,
3147 3595 3197 3639 et
3227 3587 3531 3656 gloriﬁcent

1943 3667 2182 3734 Patrem,
2199 3669 2384 3738 quiest
2407 3669 2463 3722 in
2483 3669 2627 3724 ralis
2644 3669 2712 3724 ⁸⁷.
2737 3668 2874 3736 Quis
2897 3678 3080 3724 autem
3102 3679 3187 3726 est
3215 3672 3353 3728 adeo
3379 3673 3530 3732 ferus

1940 3764 1998 3814 et
2028 3757 2258 3813 rationis
2285 3771 2505 3828 expers,
2539 3757 2633 3828 qui
2666 3757 2712 3813 si
2747 3758 2893 3814 inter
2916 3773 3035 3821 eos,
3081 3760 3172 3830 qui
3210 3759 3321 3815 Deo
3348 3764 3530 3818 credi-

1941 3848 2163 3914 derunt,
2193 3848 2378 3904 videat
2405 3849 2570 3903 vitam
2602 3864 2818 3920 puram,
2847 3864 2969 3920 qua:
2994 3867 3094 3921 per
3119 3852 3379 3910 virtutem
3411 3857 3528 3909 exi—

1943 3945 2126 4008 gatur,
2161 3939 2231 3993 ab
2259 3938 2518 3996 omnibus
2559 3939 2771 4009 peccati
2823 3940 3256 4010 inquinamentis
3293 3956 3525 3999 vacuam

1941 4036 2106 4099 atque
2141 4043 2358 4100 puram,
2414 4029 2485 4084 ab
2522 4030 2673 4085 omni
2720 4031 3039 4101 suspicione
3089 4033 3232 4086 mala
3265 4026 3524 4100 alienam,

1941 4121 2300 4192 temperantia
2340 4121 2566 4187 claram,
2615 4121 2905 4192 prudentia
2953 4138 3199 4194 gravem,
3238 4123 3436 4181 fortem
3469 4136 3527 4182 et

1943 4211 2154 4269 firmam
2183 4213 2448 4269 adversus
2475 4212 2771 4270 aﬂectuum
2801 4228 2869 4270 ac
2892 4213 3384 4284 perturbationum
3417 4215 3524 4270 im-

1940 4311 2100 4376 petus
2127 4311 2184 4360 et
2206 4304 2484 4369 incursus,
2511 4305 2762 4374 corporis
2781 4303 3157 4374 voluptatibus
3179 4303 3332 4358 nullo
3357 4303 3526 4360 modo

157 4891 160 4893 λ
244 4859 503 4930 αἴσθησιν
531 4859 830 4930 γενομένης
858 4860 1097 4930 ἀπάτης,
1136 4857 1230 4912 καὶ
1250 4857 1388 4929 πρὸς
1412 4858 1513 4930 τὴν
1544 4856 1834 4929 ἀσώματον

246 4398 349 4468 τῆς
380 4376 524 4451 κατὰ
544 4397 634 4451 τὸν
661 4376 832 4468 τῦφον
854 4376 1184 4472 χαυνότητος
1196 4400 1378 4465 ὡςὸτι
1403 4376 1638 4472 μάλιστα
1657 4417 1832 4472 κεχω-

1947 4397 2161 4453 mollem
2215 4403 2271 4453 et
2331 4396 2722 4460 effeminatam,
2784 4409 2816 4449 a
2855 4394 3092 4459 deliciis,
3145 4411 3179 4449 a
3222 4404 3526 4467 torporeet

250 4491 535 4562 ρισμένον,
572 4490 829 4545 τοσοῦτον
867 4492 1161 4563 μετέχοντα
1197 4490 1292 4546 τοῦ
1319 4491 1456 4562 βίου,
1476 4493 1600 4546 ὅσον
1629 4492 1834 4547 ἐπάνα-

1947 4490 2176 4562 ignavia,
2227 4503 2259 4544 a
2289 4495 2505 4543 tumore
2537 4486 2714 4543 fastus
2743 4501 2908 4558 quam
2948 4486 3187 4542 maxime
3231 4495 3521 4554 remotam,

245 4603 404 4653 γκες,
440 4585 596 4657 ἄκρῳ
638 4583 716 4655 τῷ
769 4583 887 4638 ποδὶ
918 4583 1018 4654 τῆς
1057 4586 1162 4656 γῆς
1216 4581 1573 4653 ὲπιψαύοντα,
1614 4582 1676 4636 οὐ
1713 4587 1832 4647 ταῖς

1947 4580 2330 4652 temporalibus
2351 4577 2711 4634 facultatibus
2739 4585 2794 4634 et
2819 4576 3032 4647 reliquo
3057 4577 3312 4633 saeculari
3341 4579 3519 4645 cultu,

245 4677 370 4730 καθ’
419 4675 614 4747 ἡδονὴν
642 4674 975 4729 ἀπολαύσεσι
1015 4674 1093 4746 τῷ
1128 4674 1302 4746 γηΐνῳ
1329 4673 1506 4745 τούτῳ
1527 4672 1628 4744 βίῳ
1657 4689 1831 4728 κατα-

1947 4682 2200 4745 quantum
2254 4670 2558 4728 necessitas
2613 4669 2914 4733 desideret,
2985 4677 3250 4735 utentem,
3303 4685 3522 4726 summo

245 4767 625 4839 χωννύμενον,
681 4767 797 4821 ἀλλ’
857 4767 1280 4839 ὑπερανεστιῖηα
1343 4766 1522 4836 πάσης
1569 4766 1669 4837 τῆς
1711 4767 1833 4819 κατ’

1947 4765 2067 4835 κᾶε
2097 4772 2300 4819 terram
2324 4769 2661 4833 tangentem,
2691 4775 2816 4832 quas
2843 4759 3092 4816 fruendis
3124 4759 3522 4831 percipiendis-

1930 4870 2039 4928 que
2080 4853 2455 4925 voluptatibus
2493 4855 2598 4910 hoc
2628 4860 2810 4908 terrea
2839 4851 3044 4907 saeculo
3081 4867 3190 4907 non
3222 4852 3515 4919 obruatur,

244 4951 396 5022 ζωὴν
442 4950 532 5004 διὰ
566 4949 771 5022 σαρκὸς
818 4950 1230 5022 ἁμιλλώμενον,
1285 4952 1381 5005 ἕνα
1411 4950 1644 5005 πλοῦτον
1683 4951 1835 5022 νομί-

1947 4945 2027 5002 ted
2059 4952 2280 5017 superet
2309 4959 2526 5000 omnem
2552 4955 2650 5013 per
2676 4957 2877 4999 sensus
2911 4941 3213 4997 adhibitam
3243 4941 3516 5008 fraudem,

243 5041 412 5105 ζοντα
457 5042 558 5110 τὴν
599 5042 703 5111 τῆς
740 5041 946 5113 ἀρετῆς
979 5043 1193 5113 κτῆσιν,
1239 5043 1368 5114 μίαν
1407 5043 1687 5113 εὐγένειαν
1729 5045 1830 5113 τὴν

1947 5053 2030 5107 per
2068 5051 2289 5093 carnem
2318 5051 2444 5092 cum
2478 5035 2804 5106 incorporea
2830 5035 2942 5089 vita
2969 5041 3167 5099 certet,
3201 5050 3341 5090 unas
3373 5034 3519 5089 divi-

243 5133 389 5202 πρὸς
413 5131 508 5183 τὸν
535 5131 668 5185 Θεὸν
691 5132 1017 5203 οἰκειότητα,
1051 5132 1178 5204 μίαν
1216 5133 1372 5199 ἀξίαν
1399 5134 1494 5187 καὶ
1515 5133 1829 5188 δυναστείαν

244 5222 410 5291 μίαν,
461 5219 524 5274 τὸ
565 5224 785 5292 κρατεῖν
825 5221 1018 5276 ἑαυτοῦ
1035 5261 1052 5288 ,
1084 5222 1177 5276 καὶ
1214 5222 1512 5278 ἀδούλωτον
1549 5219 1688 5278 εἶναι
1716 5225 1830 5288 τοῖς

239 5311 610 5381 ἀνθρωπίνοις
661 5313 1010 5384 παθήμασιν,
1058 5313 1358 5386 ἀχθόμενον
1401 5317 1466 5386 τῇ
1521 5315 1827 5387 τεαρατάσει

241 5402 342 5470 τῆς
372 5401 470 5455 τοῦ
498 5401 684 5457 ὑλικοῦ
728 5403 845 5473 βίου
885 5403 1059 5474 ζωῆςο
1097 5404 1389 5460 σπεύδοντα
1415 5405 1471 5460 δὲ
1496 5406 1748 5478 καθάπερ
1775 5408 1826 5460 oi

239 5489 332 5544 se
359 5492 633 5561 πελάγους
671 5493 1112 5558 κακοπαθοῦντες
1135 5480 1275 5567 πρὸς
1303 5495 1393 5551 τὸν
1414 5495 1608 5568 λιμένα
1630 5514 1828 5552 καταν-

317 5669 364 5706 ³⁸
407 5670 515 5728 lsa.
547 5687 642 5739 LII,
673 5672 726 5728 ὕ.
803 5674 846 5705 ⁸⁷
890 5671 1076 5728 Matth.
1109 5688 1161 5741 ν,
1191 5669 1276 5725 16.

1931 5129 2035 5184 tias
2065 5127 2287 5184 virtutis
2318 5141 2453 5200 opes
2484 5126 2788 5192 existimet,
2818 5141 2983 5182 unam
3018 5125 3388 5191 nobilitatem,
3421 5140 3515 5178 ue-

1929 5219 2324 5276 cessitudinem
2379 5233 2506 5275 cum
2548 5217 2682 5281 Deo,
2738 5232 2904 5274 unam
2944 5215 3286 5287 dignitatem,
3342 5229 3512 5268 unum

1929 5317 2291 5380 potentatum,
2321 5309 2564 5382 seipsum
2593 5311 2649 5366 in
2677 5316 2949 5381 potestate
2981 5307 3205 5385 habere,
3237 5311 3293 5362 et
3326 5304 3510 5358 buma-

1930 5404 2019 5460 nis
2046 5402 2336 5459 affectibus
2367 5418 2477 5459 non
2522 5403 2752 5464 servire,
2783 5415 2905 5470 quaa
2938 5399 3301 5469 productione
3333 5401 3508 5448 mate-

1932 5494 2086 5552 rialis
2121 5494 2284 5556 huius
2323 5493 2510 5552 saeculi
2537 5493 2662 5548 vitae
2688 5490 2869 5547 doleat
2910 5497 2965 5546 et
3004 5496 3260 5560 angatur,
3293 5482 3508 5542 studeat
