3996 6196
555 272 692 328 “55

1779 269 1834 327 S.
1865 267 2188 326 GREGORII
2246 268 2539 324 NYSSENI

3588 277 3695 336 {156

553 399 735 439 autent
783 389 948 452 atque
994 382 1220 447 nitatur,
1267 384 1724 454 quemadmodum
1758 385 1856 450 illi,
1917 387 2009 455 qui
2067 388 2121 440 in

2244 388 2386 455 τῆσαι
2410 386 2508 455 τῆς
2525 384 2904 446 ἀναπαύσεως.
2928 383 3024 446 Τίς
3049 382 3219 437 τοίνυν
3243 384 3327 437 τὸν
3344 384 3551 440 τοιοῦτον
3573 391 3701 460 ὁρῶν,

554 472 689 526 mari
744 480 1010 525 vexantur
1063 479 1227 541 atque
1273 475 1608 544 atlliguntur,
1656 490 1852 545 capere
1907 484 2124 546 portum

553 560 840 632 requietis.
869 561 1004 626 Quis
1036 562 1200 632 igitur
1224 564 1269 618 si
1302 564 1465 618 talem
1490 565 1692 630 videat,
1724 579 1946 627 nomen,
1981 565 2124 634 quod

413 703 428 717 ,
507 655 622 708 -.a-b
647 653 920 722 ejusmodi
960 653 1066 706 vita
1121 654 1428 718 invocetur,
1471 671 1581 710 non
1615 655 1918 726 gloriﬁcet?
1977 655 2126 721 Quo-

552 749 702 802 circa
751 747 845 816 qui
896 747 951 801 in
995 749 1246 802 oratione
1305 748 1461 813 dicit,
1518 747 1891 816 Sanctiﬁcetur
1938 765 2128 802 nomen

554 847 723 904 tuum,
755 839 809 892 vi
841 840 1130 894 verborum
1165 839 1280 893 haec
1317 848 1476 895 orat:
1525 841 1730 894 Auxilii
1766 841 1839 894 tui
1876 840 2128 908 praesidio

555 937 718 998 atque
747 929 1060 998 adjumcnto
1093 931 1215 983 ﬁam
1256 932 1753 1000 irreprehensibilis
1786 940 1840 986 et
1880 933 2126 1001 inculpa-

554 1030 663 1084 tus,
683 1021 887 1090 justus,
912 1022 1035 1091 pius
1059 1041 1072 1076 :
1101 1023 1404 1078 abstineam
1424 1025 1493 1077 ab
1516 1025 1661 1078 omni
1687 1025 1827 1079 malo
1853 1024 2119 1079 facinore:

553 1113 810 1182 loquens'
834 1113 888 1166 id
931 1115 1076 1182 quod
1107 1129 1318 1182 verum,
1350 1115 1557 1171 faciens
1604 1117 1748 1186 quod
1774 1117 1984 1185 justum
2019 1117 2124 1173 s‘it:

554 1203 610 1258 in
639 1206 965 1260 rectitudine
999 1207 1308 1270 ambulans,
1363 1209 1716 1278 temperantia
1753 1210 2006 1272 illustris,
2041 1211 2127 1263 in-

554 1297 809 1366 tegritate
839 1297 1148 1362 decoratus,
1177 1300 1444 1370 sapientia
1472 1308 1633 1368 atque
1653 1302 1938 1370 prudentia
1967 1317 2131 1355 orna-

556 1396 666 1454 tus,
709 1390 776 1444 ad
808 1406 1006 1460 supera
1046 1391 1320 1461 aspirans,
1354 1401 1568 1447 terrena
1599 1392 1932 1462 despiciens,
1967 1393 2129 1448 insti-

557 1481 689 1534 tutis
741 1481 1000 1548 augelica:
1037 1482 1160 1534 vita:
1186 1483 1546 1537 'clarcscens.
1601 1481 1725 1537 Haec
1767 1494 1818 1537 et
1861 1482 2131 1550 ejusmodi

558 1569 739 1624 brevis
768 1571 883 1624 haec
936 1571 1126 1639 petitio
1155 1572 1422 1635 continet,
1456 1586 1578 1641 quae
1611 1587 1706 1641 per
1735 1573 2034 1626 orationem
2063 1572 2130 1626 ad

557 1657 724 1712 Deum
763 1659 934 1713 dicit:
990 1660 1368 1730 Sancti/iretur
1407 1678 1592 1716 nonten
1621 1673 1789 1715 tuum.
1841 1662 1959 1716 Non
1986 1662 2128 1716 enim

2227 478 2285 530 οὐ
2333 477 2529 549 δοξάζῃ
2566 477 2626 528 τὸ
2663 476 2832 546 ονομα
2881 474 2943 527 τὸ
2983 474 3384 544 ὲπικεκλημένον
3425 476 3493 546 τῷ
3527 480 3706 550 τοιούτῳ

2230 571 2359 641 βίῳ;
2395 569 2601 622 υύκοῦν
2646 568 2704 619 ὲν
2753 567 2818 637 τῇ
2865 567 3137 637 προσευχῇ
3174 564 3356 632 λέγων,
3410 565 3710 633 Ἀγιασθήτω

2228 663 2294 716 τὸ
2331 659 2518 731 ὄνομά
2543 676 2682 722 σου,
2715 660 2772 712 ἐν
2795 659 2919 728 ἐμοὶ
2946 656 3119 711 ταῦτα
3153 660 3216 726 τῇ
3241 657 3444 726 δυνάμει
3467 659 3560 710 τῶν
3590 660 3709 728 λεγο-

2231 755 2406 822 μένων
2452 735 2837 821 προσεύχεται·
2877 747 3139 818 Γενοίμην
3181 749 3244 817 τῇ
3282 747 3515 819 συνεργίᾳ
3534 748 3614 816 τῆς
3636 751 3710 819 σῆς

2230 841 2510 913 βοηθείας,
2543 840 2852 910 ἄμεμπτος,
2895 838 3118 899 δίκαιος,
3153 835 3412 907 θεοσεϐὴς,
3443 837 3710 905 ἀπεχόμενος

2229 930 2336 982 ἀπὸ
2382 928 2581 991 παντὸς
2626 925 2862 998 πονηροῦ
2915 926 3265 995 πράγματος,
3307 923 3466 976 λαλῶν
3494 925 3710 993 ἀλήθειαν,

2229 1022 2592 1094 ἐργαζόμενος
2625 1019 2995 1088 δικαιοσύνην·
3037 1019 3094 1069 ὲν
3128 1015 3369 1086 εὑθύτητι
3402 1016 3710 1086 πορευόμενοςν

2229 1119 2295 1186 τῇ
2327 1113 2646 1185 σωφροσύνῃ
2694 1112 2948 1182 λάμπων,
2984 1111 3049 1181 τῇ
3082 1107 3349 1180 ἀφθαρσίᾳ
3383 1107 3714 1178 κοσμούμενος,

2229 1209 2296 1277 τῇ
2328 1206 2488 1276 σοφίᾳ
2515 1204 2609 1257 καὶ
2628 1205 2692 1273 τῇ
2726 1203 2982 1273 φρονήσει
3009 1199 3488 1269 καλλωπιζόμενος,
3541 1198 3598 1250 τὰ
3636 1198 3717 1251 ἄνω

2231 1298 2464 1370 φρονῶν,
2494 1296 2602 1350 τῶν
2635 1296 2840 1365 γηΐνων
2879 1292 3185 1364 ὑπερορῶν,
3211 1295 3327 1354 ταῖς
3351 1291 3624 1359 ἀγγελικαῖς
3646 1307 3718 1343 που

2230 1390 2457 1453 λιτείαις
2513 1386 3043 1458 ὲλλαμπρυνόμενος.
3096 1381 3278 1437 Ταῦτα
3327 1383 3412 1434 καὶ
3452 1382 3512 1434 τὰ
3549 1381 3719 1436 τοιαῦτα

2234 1480 2477 1552 περιέχει
2523 1481 2556 1550 ἡ
2605 1478 2835 1550 βραχεῖα
2879 1474 3092 1546 αἴτησις
3139 1472 3306 1543 αῦτη,
3348 1474 3382 1542 ἡ
3426 1471 3624 1538 λέγουσα
3660 1471 3722 1522 διὰ

2233 1574 2537 1644 προσευχῆς
2566 1572 2641 1641 τῷ
2670 1570 2818 1639 Θεῷ,
2854 1569 2934 1622 ὃτι
2959 1564 3318 1636 Ἀγιασθήτω
3343 1562 3405 1617 τὸ
3433 1561 3594 1631 ὄνομὰ
3619 1576 3719 1614 σου.

2233 1665 2312 1719 Οὐ
2337 1663 2446 1734 γάρ
2473 1666 2618 1716 ἐστιν
2646 1661 2821 1723 ἄλλως
2849 1658 3072 1712 δυνατὸν
3103 1659 3162 1710 ὲν
3193 1653 3449 1725 ἀνθρώπῳ
3471 1652 3722 1722 δοξασθῖγδιιι

555 1749 715 1802 aliter
769 1764 867 1818 per
919 1750 1196 1805 hominem
1240 1750 1385 1805 Deus
1431 1751 1721 1822 gluriﬁcari
1774 1757 1970 1818 potest,
2027 1749 2132 1803 nisi

2244 1757 2384 1819 Θεὸν,
2413 1755 2485 1825 μὴ
2513 1754 2614 1822 τῆς
2646 1755 2764 1806 κατ’
2792 1751 2952 1806 αὑτὸν
2979 1749 3181 1821 ἀρετῆς
3208 1749 3274 1818 τῇ
3296 1747 3409 1816 θείᾳ
3434 1744 3626 1814 δυνάμει
3655 1741 3722 1811 τὴν

556 1839 733 1895 virtus
769 1841 888 1910 ejus
922 1849 1174 1904 testetur,
1215 1843 1456 1896 divinam
1490 1841 1787 1911 potentiam
1834 1848 1996 1910 atque
2023 1840 2134 1894 vir-

557 1939 726 1985 tutem
757 1948 882 1986 esse
912 1948 1136 1987 causam
1174 1934 1465 1988 bonorum.

627 2021 760 2087 Quae
789 2023 1050 2092 deinceps
1076 2025 1323 2094 sequitur
1357 2025 1567 2093 petitio,
1599 2038 1826 2093 regnum
1861 2023 1953 2076 Dei
1985 2029 2137 2091 optat

558 2111 840 2166 advenire.
879 2115 1141 2182 Nunquid
1189 2129 1334 2166 nunc
1365 2129 1547 2182 regem
1583 2113 1698 2169 ﬁeri
1731 2114 1849 2167 vult
1895 2114 2135 2168 universi

557 2218 764 2273 regem,
817 2206 907 2272 qui
943 2219 1160 2274 semper
1201 2215 1307 2267 est,
1353 2204 1499 2272 quod
1532 2205 1653 2259 est?
1701 2205 1792 2273 qui
1820 2204 1886 2258 ad
1917 2218 2137 2258 omnem

561 2296 923 2351 mutationem
960 2297 1152 2351 ﬁrmus
1177 2305 1230 2350 et
1280 2296 1572 2350 immobilis
1603 2297 1729 2350 est?
1761 2297 1853 2365 qui
1892 2311 2001 2351 non
2039 2311 2129 2365 po-

547 2395 668 2441 test
707 2389 945 2456 reperire
981 2389 1178 2443 melius
1223 2388 1544 2458 quidquam,
1580 2389 1634 2442 in
1679 2388 1824 2458 quod
1857 2390 2138 2444 transeat?

561 2477 703 2542 Quid
734 2475 904 2548 igitur
939 2479 1043 2532 sibi
1078 2479 1195 2532 vult
1224 2479 1455 2548 optatio,
1484 2495 1606 2548 quze
1633 2493 1862 2549 regnum
1889 2478 1984 2532 Dei
2017 2493 2140 2532 evo-

559 2567 686 2620 cat?
715 2569 792 2621 Ac
818 2582 1000 2621 veram
1029 2568 1248 2634 quidem
1282 2568 1448 2636 hujus
1479 2570 1555 2622 rei
1591 2570 1856 2623 rationem
1887 2569 2139 2623 noverint

561 2659 636 2712 illi
671 2659 872 2727 quibus
905 2659 1130 2728 spiritus
1161 2661 1413 2714 veritatis
1455 2661 1671 2715 occulta
1703 2663 1958 2730 mysteria
1988 2677 2138 2716 reve-

563 2750 637 2801 lat
667 2765 681 2802 :
713 2763 814 2803 nos
848 2760 1028 2802 autem
1078 2749 1344 2818 ejusmodi
1385 2751 1452 2803 de
1485 2751 1588 2805 hoc
1630 2751 1778 2805 dicto
1826 2750 2137 2820 opinionem

560 2851 728 2910 atque
763 2840 1089 2896 sententiam
1149 2839 1412 2894 habemus
1447 2840 1605 2894 :Una
1650 2841 1815 2893 rebus
1869 2839 2138 2894 universis

563 2932 985 3002 superimposita
1023 2940 1106 2985 est
1133 2945 1196 2984 ac
1225 2933 1480 3001 praesidet
1511 2947 1636 2987 vera
1672 2941 1914 3002 potestas
1946 2941 2000 2988 et
2030 2933 2139 2987 vir—

565 3035 675 3086 tus,
704 3040 828 3094 qua:
855 3021 1228 3079 universitatis
1254 3025 1496 3093 suscepit
1522 3025 1834 3094 imperium,
1866 3035 1919 3080 et
1949 3033 2139 3095 regnat

562 3132 674 3171 non
726 3116 964 3170 violento
1014 3114 1250 3184 quodam
1289 3123 1454 3184 atque
1508 3116 1792 3185 tyrannica
1829 3123 2137 3185 potentatu,

568 3214 626 3259 ut
654 3221 776 3275 qua:
811 3217 954 3261 metu
981 3221 1045 3259 ac
1074 3204 1479 3259 necessitudine
1515 3205 1616 3258 sub
1643 3205 1930 3273 imperium
1959 3221 2024 3260 ac
2057 3206 2140 3259 di-

565 3299 772 3352 tionem
819 3312 973 3350 suam
1017 3297 1287 3350 obnoxios
1315 3295 1680 3364 subjunxerit.
1712 3293 1963 3350 Liberam
1993 3295 2137 3349 enim

569 3403 634 3441 ac
665 3401 889 3440 vacuam
923 3387 990 3439 ab
1018 3387 1164 3439 omni
1191 3397 1338 3441 metu
1368 3385 1943 3454 nulliusquedominie
1965 3385 2142 3455 subje-

566 3490 708 3532 ctam
737 3478 991 3532 convenit
1020 3493 1142 3533 esse
1164 3477 1444 3540 virtutem,
1479 3477 1684 3530 lubenti
1713 3476 1899 3530 animo
1937 3477 2139 3530 bonum

565 3571 853 3641 eligentem
905 3577 1069 3638 atque
1122 3576 1463 3623 sumentem:
1527 3575 1692 3638 caput
1739 3577 1920 3622 autem
1963 3559 2140 3622 omnis

568 3664 694 3718 boni
727 3669 830 3724 est,
862 3660 1090 3715 viviﬁcae
1114 3660 1376 3730 potestati
1400 3659 1677 3714 subditum
1701 3673 1844 3714 esse.
1870 3658 2140 3724 Quoniam

567 3756 734 3825 igitur
758 3754 994 3807 humana
1020 3761 1216 3807 natura
1247 3766 1277 3804 a
1303 3751 1430 3805 boni
1462 3750 1671 3818 judicio
1703 3750 1891 3804 fraude
1919 3751 2141 3804 inducta

568 3847 861 3907 aberravit,
895 3851 950 3899 et
989 3844 1059 3898 ad
1083 3845 1428 3899 contrarium
1458 3852 1706 3898 nostrum
1743 3843 2029 3896 arbitrium
2061 3843 2144 3896 in-

568 3938 814 4000 clinavit,
871 3949 926 3991 et
973 3952 1134 3990 omne
1166 3937 1368 3990 malum
1402 3936 1684 3990 hominum
1717 3935 1882 3988 vitam
1919 3934 2140 3998 invasit,

567 4039 625 4086 et
676 4032 730 4083 in
779 4036 1104 4098 potestatem
1145 4043 1303 4083 suam
1344 4027 1581 4096 redegit:
1625 4027 1928 4082 innumeris
1971 4026 2142 4082 modis

569 4131 746 4176 morte
777 4129 986 4175 naturae
1025 4121 1262 4174 immista
1304 4119 1512 4188 (omnis
1550 4119 1696 4172 enim
1729 4117 1950 4171 malitia:
1979 4118 2141 4171 vitio-

574 4216 862 4280 sitatisque
905 4212 1078 4266 forma
1113 4221 1374 4280 tanquam
1427 4212 1510 4264 via
1559 4209 1807 4279 quamam
1855 4217 1910 4264 et
1963 4210 2143 4265 aditus

569 4307 730 4361 morti
764 4307 1054 4360 adversum
1087 4319 1188 4358 nos
1222 4302 1480 4373 exsistit).
1505 4303 1774 4367 Quoniam
1799 4302 1962 4372 igitur
1993 4302 2143 4371 ejus-

2233 1847 2411 1901 αἰτίαν
2440 1847 2548 1900 τῶν
2569 1842 2787 1914 ἀγαθῶν
2812 1839 3214 1914 μαρτυρούσης.

2317 2030 2373 2082 '0
2401 2028 2456 2081 δὲ
2486 2027 2679 2096 ἑφεξῆς
2698 2025 2851 2093 λόγος
2879 2023 2975 2094 τὴν
3002 2021 3278 2094 βασιλείαν
3303 2018 3392 2072 τοῦ
3416 2017 3537 2071 Θεοῦ
3564 2017 3724 2085 εὔχεται

2240 2120 2431 2173 ἐλθεῖν.
2453 2115 2600 2190 Ἀρα
2627 2117 2720 2170 νῦν
2745 2115 2885 2180 ἀξιοῖ
2905 2113 3159 2182 γενέσθαι
3192 2109 3408 2182 βασιλέα
3431 2096 3512 2160 τὸν
3535 2107 3612 2159 τοῦ
3632 2122 3728 2156 παν·

2236 2213 2328 2276 τὸς
2354 2210 2602 2281 βασιλέα,
2629 2209 2720 2262 τὸν
2760 2207 2848 2261 ἀεὶ
2890 2206 3018 2258 ὄντα
3047 2205 3186 2274 ὅπερ
3217 2202 3360 2256 ἐστὶν
3379 2240 3392 2264 ,
3416 2199 3497 2252 τὸν
3525 2197 3636 2268 πρὸς
3656 2197 3728 2248 πᾶ-

2241 2322 2340 2357 σαν
2394 2301 2690 2373 μεταϐολὴν
2730 2297 3061 2369 ἀμετάθετον
3079 2337 3093 2360 ,
3143 2296 3234 2348 τὸν
3273 2294 3370 2347 οὑκ
3400 2292 3568 2361 ἔχοντα
3599 2289 3730 2358 εὑρεῖν

2240 2396 2484 2465 κρεῖττον
2515 2394 2594 2454 εἰς
2615 2391 2644 2444 ὃ
2668 2389 3063 2460 μεταϐήσεται;
3102 2387 3171 2438 Τί
3197 2381 3288 2439 οὗν
3329 2384 3550 2454 βούλεται
3577 2382 3606 2448 ἡ
3633 2378 3731 2448 εὐχὴ

2237 2485 2332 2539 τοῦ
2382 2483 2517 2537 Θεοῦ
2563 2482 2837 2552 βασιλείαν
2882 2479 3292 2548 ὲκκαλουμένη;
3355 2475 3503 2530 Ἀλλά
3547 2473 3621 2525 τὸν
3663 2469 3734 2539 μὶν

2237 2575 2411 2647 ἀληθῆ
2451 2577 2580 2646 περὶ⁹
2607 2574 2798 2627 τούτου
2837 2573 2992 2640 λόγον
3039 2574 3220 2639 γνοῖεν
3261 2568 3344 2633 ἂν,
3389 2563 3464 2630 οἷς
3492 2566 3545 2618 τὸ
3572 2560 3735 2628 πνεῦμα

2235 2669 2336 2738 τῆς
2361 2666 2616 2736 ἀληθείας
2645 2665 3017 2719 ἀνακαλύπτει
3039 2663 3109 2715 τὰ
3131 2660 3477 2732 κεκρυμμένα
3497 2655 3735 2726 μυστήρισ’

2237 2760 2404 2828 ἡμεῖς
2455 2758 2512 2812 δὲ
2554 2755 2808 2826 τοιαύτην
2852 2754 3044 2825 ἔχομεν
3084 2755 3216 2825 περὶ
3248 2752 3338 2805 τοῦ
3372 2749 3521 2822 ῥητοῦ
3545 2746 3625 2815 τὴν
3653 2742 3738 2794 διά-

2238 2864 2413 2902 νοιανο
2445 2847 2558 2902 Μία
2577 2845 2684 2899 τῶν
2714 2843 2930 2898 πάντων
2958 2843 3282 2913 ὑπέρκειται
3315 2843 3348 2910 ἡ
3376 2836 3561 2908 ἀληθὴς
3578 2830 3740 2896 ἐξουσία

2238 2940 2334 2994 καὶ
2368 2937 2595 3007 δύναμις
2615 2977 2630 3002 ,
2666 2938 2701 3006 ἡ
2726 2935 2816 2988 τοῦ
2849 2934 3046 2996 παντὸς
3074 2929 3468 2999 ἀναδεδεγμένη
3497 2925 3550 2978 τὸ
3571 2922 3738 2991 κράτος,

2241 3032 2336 3085 καὶ
2382 3029 2768 3101 βασιλεύουσα.
2813 3028 2874 3080 οὐ
2915 3026 3004 3097 βία
3047 3028 3159 3079 τινὶ
3197 3023 3292 3077 καὶ
3332 3019 3603 3092 τυραννικῇ
3628 3013 3742 3067 δυνα-

2243 3123 2426 3194 στείᾳ,
2459 3122 2644 3192 φόὸοις
2673 3121 2768 3175 καὶ
2809 3120 3071 3187 ἀνάγκαις
3113 3115 3452 3180 ὑποζεύξασα
3472 3114 3531 3181 τῇ
3553 3105 3740 3171 ὑποταγῇ

2238 3214 2301 3269 τὸ
2327 3213 2586 3283 ὑπήκοον.
2628 3210 2946 3281 Ἐλευθέραν
2987 3207 3096 3278 γὰρ
3135 3203 3275 3260 εἶναι
3306 3204 3554 3276 προσήκει
3595 3194 3742 3254 παντὸς

2241 3305 2406 3374 φόϐου
2449 3304 2547 3374 τὴν
2576 3303 2779 3373 ἀρετὴν
2811 3301 2905 3354 καὶ
2931 3299 3251 3362 ἀδέσποτον,
3290 3295 3500 3364 ἑκουσία
3524 3289 3682 3360 γνώμῃ
3701 3285 3743 3336 τὸ

2240 3395 2444 3465 ἀγαθὸν
2469 3393 2799 3464 αἱρουμένην
2817 3409 2830 3423 ο
2871 3389 3076 3460 ἀγαθοῦ
3104 3390 3166 3443 δὲ
3192 3387 3385 3450 παντὸς
3413 3386 3468 3438 τὸ
3492 3379 3741 3451 κεφάλαιον.

2239 3487 2302 3540 τὸ
2353 3485 2458 3540 ὑπὸ
2497 3486 2594 3555 τὴν
2648 3483 2907 3548 ζωοποιδν
2958 3481 3210 3545 ἐξουσίαν
3259 3477 3523 3546 τετάχθαι.
3579 3465 3744 3534 Ἐπειδὴ

2240 3577 2420 3631 τοίνυν
2439 3576 2538 3646 τῆς
2554 3575 2650 3628 τοῦ
2674 3573 2840 3627 καλοῦ
2868 3571 3102 3642 κρίσεως
3133 3567 3482 3639 ἀπεπλανήθη
3503 3563 3563 3616 δι’
3582 3558 3747 3624 ἀπάτης

2241 3671 2276 3739 ἡ
2303 3666 2613 3738 ἀνθρωπίνη
2646 3664 2826 3735 φύσις,
2855 3663 2950 3716 καὶ
2978 3663 3118 3734 πρὸς
3147 3662 3212 3715 τὸ
3239 3660 3467 3715 ἐναντίον
3492 3655 3654 3723 γέγονε
3677 3647 3749 3739 τῆς

2243 3737 2618 3831 προαιρέσεως
2662 3757 2819 3828 ἡμῶν
2845 3759 2878 3827 ή
2915 3755 3089 3827 ῥοπὴ,
3125 3755 3224 3808 καὶ
3257 3752 3417 3805 παντὶ
3444 3749 3515 3819 τῷ
3537 3737 3748 3836 χείρονιῇ

2243 3850 2356 3921 ζωὴ
2381 3850 2492 3905 τῶν
2515 3848 2816 3920 ἀνθρώπων
2845 3845 3231 3918 κατεκρατὴθη
3251 3886 3266 3910 ,
3306 3842 3514 3914 μυρίαις
3538 3836 3654 3894 ὁδοῖς
3682 3845 3748 3921 του

2241 3917 2473 3997 θανάτου
2517 3917 2935 4011 κατακριθέντος
2964 3917 3032 4008 τῇ
3070 3937 3233 4006 φύσει
3255 3952 3269 3965 ·
3300 3935 3444 3986 πάσα
3469 3928 3566 3998 γὰρ
3599 3917 3750 3977 κακίας

2247 4034 2361 4087 ἰδέα
2400 4028 2512 4086 οἷόν
2553 4049 2637 4096 τις
2685 4031 2804 4094 ὁδὸς
2843 4030 2921 4100 τῷ
2950 4011 3182 4098 ’θανάτῳ
3233 4026 3355 4081 καθ’
3399 4022 3546 4093 ἡμῶν
3574 4017 3750 4086 γίνεται.

2257 4125 2472 4195 Ἐπειδὴ
2501 4125 2678 4177 τοίνυν
2707 4125 2773 4192 τῇ
2803 4120 3024 4191 τοιαύτῃ
3062 4119 3338 4191 τυραννίδι
3368 4107 3750 4185 περιεσχέθημεν.

2244 4218 2495 4285 καθάπερ
2524 4215 2740 4285 δημίοις
2775 4215 2916 4267 τισὶν
2958 4212 2991 4281 ἢ
3022 4211 3326 4282 πολεμίοις,
3353 4209 3468 4269 ταῖς
3495 4195 3753 4285 προσϐολαῖς

2245 4310 2354 4363 τῶν
2406 4284 2743 4377 παθημάτων
2793 4305 2872 4376 τῷ
2912 4304 3126 4372 θανάτῳ
3177 4299 3580 4369 δεδουλωμένοι·
3617 4284 3753 4343 καλῶς

567 4397 714 4451 modi
743 4397 1015 4466 tyrannidi
1057 4394 1416 4450 circumventi
1460 4402 1622 4464 atque
1663 4395 1882 4449 obnoxii
1917 4393 2137 4456 fuimus,

2248 4400 2539 4471 εὐχόμεθα,
2581 4398 2674 4452 τοῦ
2720 4397 2856 4452 Θεοῦ
2885 4397 2982 4467 τὴν
3013 4395 3293 4467 βασιλείαν
3332 4393 3415 4460 ἐφ’
3445 4388 3578 4460 ἡμᾶς
3607 4379 3751 4471 ἐλθεῖν.

567 4498 826 4560 tanquam
857 4506 954 4560 per
992 4488 1278 4543 carniﬁces
1308 4488 1572 4557 quosdam
1607 4489 1690 4542 vel
1717 4488 1922 4549 hostes,
1959 4486 2144 4540 incur-

568 4585 726 4638 sibus
750 4582 1040 4636 affectuum
1067 4593 1228 4651 atque
1247 4580 1719 4649 perturbationum
1747 4581 1800 4633 in
1823 4579 2141 4633 servitutem

568 4689 598 4725 a
628 4681 800 4727 morte
825 4672 1028 4726 redacti
1060 4689 1072 4723 :
1110 4678 1258 4724 recte
1286 4684 1576 4738 precamur
1601 4683 1827 4737 regnum
1856 4667 1945 4720 Dei
1979 4683 2144 4736 super

569 4780 670 4818 nos
703 4767 909 4817 venire.
962 4763 1078 4816 Non
1119 4763 1265 4816 enim
1305 4762 1466 4815 aliter
1506 4776 1732 4830 pravam
1773 4761 2144 4829 corruptionis

571 4863 895 4922 potestatem
947 4869 1150 4908 exuere
1178 4863 1342 4922 atque
1387 4850 1628 4921 cingere
1659 4852 1980 4921 poterimus,
2039 4850 2143 4904 nisi

573 4948 784 5001 viviﬁca
825 4949 997 5001 virtus
1044 4948 1278 5002 invicem
1321 4948 1374 5000 in
1416 4946 1574 5000 no’bis
1626 4947 1912 5018 imperium
1953 4959 2145 5000 susce-

571 5046 734 5116 perit.
801 5045 858 5099 Si
919 5045 1086 5115 igitur
1150 5059 1373 5112 regnum
1433 5043 1523 5097 Dei
1591 5056 1758 5110 super
1805 5054 1908 5096 nos
1959 5042 2146 5096 venire

571 5138 962 5208 petiverimus,
1021 5136 1135 5190 haec
1172 5137 1224 5188 vi
1267 5136 1556 5190 verborum
1598 5135 1765 5191 Deum
1821 5145 2140 5202 precamur:

568 5230 919 5300 Corruptioni
949 5239 1235 5299 exemptus
1265 5231 1390 5294 sim,
1423 5243 1452 5282 a
1507 5235 1692 5282 morte
1726 5227 1992 5280 liberatus
2017 5223 2144 5285 sim,

570 5323 753 5379 solvar
793 5336 824 5374 a
861 5323 1096 5376 vinculis
1141 5321 1350 5392 peccati
1381 5339 1396 5376 :
1426 5336 1494 5376 ne
1529 5320 1758 5391 posthac
1801 5325 1991 5387 regnet
2026 5332 2146 5370 am-

569 5416 715 5489 pltus
751 5414 805 5468 in
847 5429 933 5468 tne
964 5428 1114 5467 mors
1147 5432 1161 5467 :
1195 5429 1264 5468 ne
1299 5413 1539 5482 amplius
1572 5410 1864 5462 adversum
1905 5422 2006 5461 nos
2035 5405 2146 5459 elli-

568 5525 670 5566 cax
707 5510 779 5565 sit
807 5508 1035 5563 malitia:
1058 5507 1490 5574 vitiositatisque
1518 5498 1789 5572 tyrannis,
1835 5513 1905 5552 ne
1939 5511 2148 5567 prava-

569 5602 678 5656 leat
707 5602 998 5658 adversum
1037 5615 1125 5656 me
1158 5599 1355 5665 hostis,
1387 5611 1490 5650 neu
1524 5609 1620 5664 per
1652 5600 1934 5663 peccatum
1972 5590 2148 5660 capti-

569 5708 698 5749 vum
762 5709 850 5749 me
903 5695 1068 5750 ducat
1113 5711 1126 5747 :
1165 5691 1262 5748 sed
1308 5689 1490 5747 veniat
1545 5701 1709 5756 super
1761 5701 1849 5740 me
1916 5699 2145 5752 regnum

2249 4468 2456 4566 γάρ
2482 4494 2628 4547 ἐστιν
2655 4493 2828 4554 ἄλλως
2853 4490 3071 4545 ἐκδῦναι
3096 4489 3198 4560 τὴν
3228 4505 3363 4554 πονη
3373 4484 3468 4556 ράν
3490 4481 3578 4549 τῆς
3592 4468 3754 4569 -φβορξς

2247 4585 2584 4646 δυναστείαν,
2640 4584 2712 4655 μὴ
2762 4583 2860 4652 τῆς
2913 4580 3175 4644 ζωοτωωῦ
3222 4567 3754 4663 δυνάμεως

2250 4653 2784 4746 ἀντιμεταλαϐούσης
2833 4673 2895 4726 τὸ
2921 4671 3144 4742 κράτος.
3205 4670 3334 4722 Ἐὰν
3375 4662 3464 4720 οὖν
3508 4660 3653 4752 ἐλθεῖν
3690 4653 3750 4752 ἐξ

2251 4768 2396 4838 ἡμᾶς
2422 4765 2520 4836 τὴν
2556 4764 2827 4834 βασιλείαν
2873 4761 2966 4815 τοῦ
3012 4761 3146 4814 Θεοῦ
3175 4761 3502 4828 αἱτὴσωμεν,
3531 4747 3674 4804 ταῦτα
3696 4747 3754 4838 ’τῇ

2250 4832 2589 4929 δῦνάμει-τὸν
2615 4857 2746 4910 Θεὸν
2776 4854 3106 4924 ἱκετεύομενδ
3154 4847 3540 4916 ’Λπαλλαγείην
3555 4843 3638 4909 τῆς
3661 4832 3756 4900 900'

2256 4928 2393 5022 ρᾶς,
2423 4949 2841 5020 ὲλευθερωθείην
2887 4947 2980 5000 τοῦ
3030 4946 3262 4999 θανάτου
3287 4985 3300 5007 ,
3335 4943 3510 5000 ἄνετος
3550 4928 3754 5023 γενοίμην

2250 5043 2358 5095 τῶν
2405 5043 2505 5111 τῆς
2547 5039 2816 5111 ἁμαρτίας
2852 5037 3062 5108 δεσμῶν
3081 5054 3095 5067 υ
3125 5035 3324 5106 μηκέτι
3354 5028 3740 5120 βασιλευέτωκαῖ

2253 5133 2386 5205 ἐμοῦ
2425 5102 2726 5194 δ”θάᾀατὸς
2745 5149 2759 5162 ·
2797 5102 2992 5201 μηκέτι
3017 5102 3238 5197 ἐνεργδς
3277 5125 3420 5178 ἔστω
3445 5118 3555 5174 καθ’
3579 5107 3701 5184 ἡμῶν

2251 5194 2506 5296 τυραννὶς
2541 5223 2641 5292 τῆς
2689 5194 2917 5284 κακίας,
2965 5221 3058 5274 καὶ
3100 5194 3173 5288 μὴ
3210 5208 3610 5296 κατακρατείτωΔ
3635 5194 3753 5268 μουό

2255 5293 2521 5386 πόλεμος,
2558 5313 2693 5385 μηδὲ
2729 5313 2907 5380 ἀγέτω
2957 5327 3024 5380 με
3051 5311 3116 5363 δι’
3144 5306 3417 5378 ἁμαρτίας
3443 5293 3751 5386 αίχμάλιιπνν

2253 5409 2368 5462 ἀλλ’
2393 5381 2596 5462 se...
2621 5381 2708 5460 ἐπ’
2737 5405 2834 5475 ἐμὲ
2859 5405 2892 5472 ἡ
2922 5402 3164 5472 βασιλεία
3200 5417 3318 5464 σου,
3355 5399 3441 5450 ινα
3485 5381 3751 5475 omth

2253 5500 2346 5553 ἀπ’
2395 5499 2560 5570 ἐμοῦ,
2615 5464 2813 5567 μᾶλλον
2850 5464 3031 5558 δὲἐις
3064 5493 3121 5547 το
3158 5489 3326 5561 mox:
3357 5464 3752 5570 μεωκωρῄσιιῗά

2254 5591 2347 5644 νῦν
2387 5556 2782 5660 ἐπικρατοῦντα
2826 5589 2921 5640 καὶ
2961 5556 3307 5655 βασιλεῦοντα
3359 5556 3516 5643 πάθη.
3567 5569 3640 5660 Ὠς
3671 5556 3752 5660 τάξ

2255 5679 2492 5733 ἐκλείπει
2518 5679 2722 5741 καπνὸς
2743 5718 2756 5740 ι
2788 5676 2959 5739 οὕτως
2987 5671 3288 5738 ἐκλείψουσι
3310 5685 3325 5700 ο
3365 5665 3454 5718 καὶ
3479 5661 3544 5719 ὡς
3575 5654 3754 5719 τήκεται
