3996 6196
254 279 372 332 1157
409 307 412 310 -

1195 269 1281 325 DE
1315 267 1666 331 ORATIONE
1702 265 2050 325 DOMINICA.
2093 295 2164 307 —
2199 263 2460 322 ORATIO
2503 261 2584 318 Ill.

3367 267 3504 321 “5|!

247 389 402 461 κηρὸς
426 388 535 442 ἀπὸ
559 387 853 459 προσώπου
883 387 1076 457 πυρὸς,
1103 385 1277 450 οὕτως
1304 387 1652 449 ἀπολοῦνται.
1677 387 1814 443 Οΰτε

1935 400 2098 448 :uum,
2135 392 2194 438 ut
2235 384 2496 438 recedant
2527 391 2582 438 et
2608 389 2995 438 removeantur
3032 396 3063 436 a
3095 397 3204 445 me,
3233 381 3346 438 imo
3374 400 3506 439 vero

247 480 440 542 καπνὸς
466 477 752 548 ἀναχεοεὶς
777 479 858 542 είς
884 478 975 531 τὸν
1003 480 1162 549 ἀέρα,
1203 480 1428 552 σημεῖόν
1465 497 1516 534 τι
1556 484 1653 551 τῆς
1678 481 1814 542 ίδίας

247 569 588 624 ὑπολείπεται
616 567 863 636 φύσεως,
909 566 1030 620 οὔτε
1073 567 1240 638 κηρὸς
1271 570 1328 620 ἐν
1359 569 1492 638 πυρὶ
1529 568 1816 637 γενόμενος

248 661 322 714 ἔτι
348 660 660 730 εὑρίσκεται
679 673 692 686 ·
725 656 860 711 ἀλλὰ
894 659 984 711 καὶ
1017 653 1172 723 οὗτος
1199 660 1298 730 τὴν
1325 659 1497 728 φλόγα
1522 660 1588 713 δι’
1622 658 1816 714 ἑαυτοῦ

247 751 464 821 Θρέψας,
491 751 570 812 είς
591 747 761 819 ἀτμὸν
793 748 886 802 καὶ
909 748 1046 820 ἀέρα
1075 749 1426 821 μετεποιήοη,
1454 751 1548 803 καὶ
1570 750 1818 812 ὁκαπνὸς

247 844 323 905 εἰς
350 841 587 910 παντελῆ
625 842 932 910 ἀφανισμὸν
975 841 1389 913 μετεχώρησεν·
1446 843 1617 907 οὓτως
1651 844 1743 896 ἐὰν
1783 844 1818 916 ἡ

251 932 484 1003 βασιλεία
513 933 606 985 τοῦ
637 932 774 985 Θεοῦ
807 932 891 1000 ἐφ’
922 934 1069 1003 ἡμᾶς
1105 933 1254 1005 ἔλθῃ,
1283 935 1461 988 πάντα
1489 935 1557 989 τὰ
1579 932 1673 988 νῦν
1704 935 1823 986 ὲπι-

250 1024 578 1097 κρατοῦντα,
632 1024 711 1085 εἰς
760 1024 1071 1093 ἀφανισμὸν
1131 1025 1538 1096 περιστήσεται.
1593 1025 1667 1078 Ού
1712 1024 1821 1097 γὰρ

251 1115 506 1185 ὑπομένει
549 1113 610 1166 τὸ
647 1113 837 1176 σκότος
872 1113 970 1184 τὴν
1017 1113 1114 1168 τοῦ
1159 1115 1336 1182 φωτὸς
1386 1115 1720 1186 παρουσίαν·
1758 1115 1820 1167 οὺ

247 1207 395 1269 νόσος
443 1205 629 1273 ὑγείας
675 1204 1040 1276 ὲπιλαὸούσης
1069 1206 1303 1258 ἴσταται’
1351 1206 1452 1259 ούκ
1501 1208 1714 1277 ἐνεργεῖ
1754 1205 1822 1259 τὰ

247 1299 391 1369 πάθη
437 1298 542 1368 τῆς
588 1296 854 1361 ἀπαθείας
898 1297 1201 1368 παρούσης,
1246 1296 1474 1368 φροῦδος
1503 1299 1531 1350 6
1563 1298 1820 1363 θάνατος,

246 1391 453 1461 ἀφανὴς
485 1392 518 1461 ὴ
565 1389 762 1460 φθορὰ,
801 1390 928 1444 ὅταν
960 1391 995 1460 ἡ
1020 1390 1132 1460 ζωὴ
1155 1392 1214 1444 ὲν
1251 1392 1381 1460 ἡμῖν
1409 1389 1665 1463 βασιλεύῃ
1685 1430 1698 1455 ,
1729 1390 1824 1444 καὶ

248 1482 524 1553 ἀφθαρσία
551 1484 614 1536 τὸ
643 1482 846 1554 κράτος
873 1482 992 1556 ἔχῃ.
1037 1483 1282 1538 Ἐλθέτω
1303 1485 1343 1552 ἡ
1368 1485 1656 1548 ,ϐασιλεία
1683 1498 1820 1538 σου.

260 1574 318 1627 Ἠ
344 1574 563 1641 γλυκεῖα
592 1574 742 1643 φωνή
764 1589 778 1602 ·
809 1572 874 1624 δι’
911 1566 980 1643 ἧς
1019 1571 1222 1641 ταύτην
1251 1572 1509 1642 ἄντικρυς
1552 1571 1826 1640 προσάγο-

251 1681 346 1731 μεν
385 1662 458 1733 τῷ
496 1661 614 1732 Θεῷ
644 1661 740 1732 τὴν
768 1660 951 1730 δέησιν
971 1676 984 1689 ’
1015 1660 1443 1731 Καταλυθήτωή
1473 1661 1820 1730 ἀντικειμένη

248 1732 544 1826 παράταξις
565 1771 579 1785 ·
618 1752 970 1821 ἁφανισθήτω
1004 1750 1114 1804 τῶν
1153 1749 1465 1820 ἀλλοφύλων
1501 1753 1538 1821 ἡ
1573 1750 1815 1819 φάλαγξι
1853 1732 1896 1785 Β

247 1845 584 1916 ἀναιρεθήτω
616 1843 719 1913 τῆς
750 1843 955 1914 σαρκὸς
997 1844 1028 1896 6
1065 1841 1210 1896 κατὰ
1253 1843 1346 1896 τοῦ
1380 1842 1690 1913 πνεύματος
1722 1842 1819 1896 πό-

246 1942 435 2012 λεμηςδ
481 1941 556 2010 μὴ
601 1939 742 1992 ἔστω
781 1939 842 1991 τὸ
883 1938 1040 2009 σῶμα
1078 1938 1172 1992 τοῦ
1213 1938 1469 2008 πολεμίου
1503 1939 1602 2009 τῆς
1641 1939 1820 2009 ψυχῆς

249 2034 610 2105 ὁρμητήριον,
653 2032 970 2101 ὲπιφανήτω
1004 2049 1092 2101 μοι
1127 2030 1377 2102 βασιλικὴ
1419 2030 1736 2094 δυναστεία,
1782 2033 1815 2102 ἡ

253 2125 512 2194 ἀγγελικὴ
541 2123 685 2195 χεὶρ,
707 2126 761 2176 αἱ
793 2122 1030 2193 χιλιάδες
1048 2121 1155 2175 τῶν
1181 2121 1528 2186 εὐθυνόντων,
1566 2124 1598 2190 ἡ
1624 2121 1823 2192 μυριὰς

249 2218 354 2270 τῶν
391 2216 531 2270 κατὰ
568 2216 630 2268 τὸ
660 2214 832 2280 δεξιὸν
861 2213 1308 2283 παρισταμένων,
1350 2213 1436 2266 ἵνα
1467 2213 1608 2285 πέσῃ
1638 2214 1700 2265 ὲκ
1728 2211 1826 2265 τοῦ

252 2307 632 2378 ἀντικειμένου
673 2304 896 2368 -κλίτους
934 2308 966 2374 ἡ
1019 2303 1196 2374 χιλιὰς
1243 2302 1351 2357 τῶν
1407 2303 1821 2373 πολεμούντων·

249 2402 414 2464 πολὺς
438 2403 466 2453 6
489 2399 781 2461 ἀντίπαλος
802 2438 815 2459 ,
850 2397 986 2450 ἀλλὰ
1017 2399 1131 2459 τοῖς
1165 2397 1392 2466 ἐρήμοις
1417 2395 1518 2464 τῆς
1561 2395 1661 2464 σῆς
1689 2411 1825 2464 συμ-

253 2493 450 2564 μαχίας
463 2490 631 2553 δεινός
656 2507 714 2543 τε
737 2489 828 2542 καὶ
850 2488 1294 2557 ἁκαταμάχητος,
1318 2485 1430 2538 ἀλλ’
1458 2485 1562 2547 ἓως
1578 2483 1642 2538 ἂν
1667 2484 1825 2553 μόνος

249 2588 276 2638 ὁ
317 2582 722 2652 πολεμούμενος
862 2578 1081 2632 ἐπειδὰν
1112 2579 1166 2630 δὲ
1195 2580 1228 2649 ἡ
1260 2577 1326 2649 σὴ
1359 2575 1603 2646 βασιλεία
1643 2578 1784 2645 φανῇ
1806 2618 1820 2641 ,

250 2674 460 2744 ἀπέδρα
500 2671 644 2742 λύπη
688 2671 782 2723 καὶ
809 2668 1113 2738 στεναγμός
1131 2683 1145 2696 ’
1174 2666 1577 2736 ἀντεισέρχεται
1605 2665 1660 2718 δὲ
1687 2663 1821 2734 ζωὴ,

250 2764 340 2816 καὶ
361 2762 574 2831 εἰρήνη,
598 2760 690 2812 καὶ
716 2758 1049 2827 ἀγαλλίαμα.

1918 478 1986 534 ad
2030 477 2262 532 nihilum
2293 475 2636 545 redigantur,
2666 490 2790 544 qua:
2812 489 2960 529 nunc
2990 473 3281 542 imperium
3316 481 3504 529 tenent

1915 576 1969 623 et
2003 574 2238 637 regnant
2285 567 2441 628 vitia,
2491 573 2656 635 atque
2701 563 2954 619 affectus.
3007 563 3076 618 Ut
3127 565 3273 620 enim
3321 564 3506 620 deﬁcit

1917 661 2122 722 fumus,
2174 658 2249 712 ita
2301 657 2581 721 deﬁcient,
2629 665 2682 711 et
2727 663 2786 710 ut
2835 656 3094 725 liquescit
3144 670 3270 710 cera
3316 670 3528 711 θοι-ειη·

1917 751 2064 821 igne,
2105 750 2180 804 ita
2231 749 2514 819 peribunt.
2551 747 2738 818 Neque
2769 749 2917 802 enim
2966 747 3152 802 fumus
3194 748 3414 803 refusus
3448 749 3504 802 in

1921 857 2102 898 aerem
2156 843 2374 914 signum
2407 841 2630 910 aliquod
2679 857 2792 896 suae
2823 840 3085 909 relinquit
3133 848 3366 902 naturai,
3409 855 3506 894 ne-

1919 949 2026 1004 que
2057 949 2209 999 cera,
2242 949 2366 1004 qua:
2395 935 2448 987 in
2478 935 2603 1004 igne
2644 933 2768 998 fuit,
2802 933 3040 1001 amplius
3064 931 3378 1002 reperitur:
3407 930 3505 986 sed

1920 1033 1974 1079 ct
2013 1025 2128 1078 haec
2163 1041 2289 1079 cum
2341 1024 2616 1078 ﬂammam
2666 1040 2768 1078 suo
2815 1024 3158 1077 nutrimento
3187 1025 3405 1088 aluerit,
3448 1023 3504 1078 in

1922 1128 2178 1184 vaporem
2221 1123 2274 1169 et
2306 1129 2483 1169 acrem
2516 1111 2945 1176 transfunditur,
2997 1121 3054 1166 et
3076 1112 3260 1168 [unius
3294 1116 3358 1167 ad
3395 1114 3508 1183 ple-

1922 1221 2047 1260 nam
2093 1206 2450 1260 abolitionem
2512 1205 2778 1275 redigitur
2813 1204 2926 1258 :ita
2977 1205 3021 1259 si
3073 1221 3238 1274 super
3273 1221 3372 1260 nos
3420 1221 3508 1259 rc-

1923 1313 2088 1368 gnum
2136 1297 2231 1351 Dei
2270 1297 2505 1358 vencrit,
2561 1295 2769 1359 omnia,
2813 1311 2932 1365 quae
2967 1311 3114 1374 nunc
3148 1296 3506 1351 dominantur

1925 1404 1990 1443 ac
2040 1387 2406 1457 principatum
2452 1395 2658 1452 tenent,
2710 1389 2777 1442 ad
2831 1387 3112 1443 interitum
3164 1389 3504 1458 redigentur.

1924 1479 2044 1533 Non
2066 1479 2216 1534 enim
2244 1479 2485 1534 tenebrae
2517 1465 2864 1548 praesentiam
2890 1479 3030 1534 lucis
3064 1480 3339 1537 sustinent
3363 1499 3376 1534 :
3399 1496 3507 1535 non

1926 1571 2154 1625 morbus
2198 1569 2435 1624 sanitate
2470 1571 2888 1638 superveniente
2928 1571 3184 1625 consistit
3215 1585 3362 1625 :non
3398 1572 3506 1626 vim

1931 1677 2085 1718 suam
2119 1661 2346 1715 allectus
2385 1669 2437 1715 et
2475 1661 2922 1731 perturbationes
2963 1673 3242 1729 exercent,
3285 1664 3506 1734 impati-

1925 1754 2134 1808 bilitate
2188 1761 2242 1806 et
2292 1754 2488 1806 horum
2538 1753 2810 1806 malorum
2864 1755 3140 1810 vacuitate
3191 1765 3507 1825 praesente:

1925 1857 2066 1897 vana
2111 1852 2276 1912 atque
2317 1840 2534 1898 deserta
2586 1858 2736 1899 mors
2785 1853 2892 1908 est,
2931 1862 2960 1900 ε
2998 1846 3181 1900 medio
3229 1850 3510 1918 corruptio

1925 1935 2184 2000 excessit,
2227 1951 2353 1989 curn
2399 1936 2505 1989 vita
2545 1936 2600 1988 in
2648 1937 2808 1992 nobis
2842 1945 3052 2006 regnat,
3091 1949 3145 1992 et
3177 1939 3511 2009 incorrupti-

1925 2027 2114 2082 bilitas
2177 2026 2466 2096 imperium
2525 2034 2696 2080 tenet.
2759 2027 3012 2082 Adveniet
3065 2045 3281 2099 regnum
3341 2040 3506 2084 tuum.
3591 2015 3596 2022 ’

1930 2118 2118 2172 Dulcis
2145 2132 2248 2172 vox
2276 2136 2290 2171 :
2321 2133 2418 2186 per
2443 2132 2606 2187 quam
2646 2117 2791 2172 hanc
2822 2121 2979 2188 plane
3003 2121 3374 2188 precationem
3403 2121 3513 2177 Deo

1931 2209 2211 2266 oﬂ‘erimus
2266 2228 2279 2262 :
2336 2208 2641 2279 Rumpatur
2709 2211 2856 2265 acies
2912 2212 3216 2281 Opposita:
3267 2213 3514 2270 deleatur

1933 2300 2364 2369 alienigenarum
2421 2301 2684 2369 phalanx,
2738 2302 3032 2356 dirimatur
3079 2304 3278 2358 bellum
3329 2306 3513 2361 carnis

1933 2392 2200 2447 adversus
2233 2392 2484 2461 spiritum
2518 2410 2533 2448 :
2562 2409 2630 2448 ne
2670 2408 2874 2463 corpus
2906 2396 3102 2450 anima:
3127 2397 3306 2452 hostis
3340 2414 3434 2451 arx
3462 2409 3516 2453 et
3614 2457 3622 2466 ,

1931 2481 2342 2550 receptaculum
2370 2482 2476 2546 sit;
2505 2493 2766 2560 appareat
2790 2485 2921 2538 mihi
2955 2487 3141 2556 regius
3165 2498 3507 2557 potentatus,

1931 2571 2176 2642 angelica
2239 2586 2476 2633 manus,
2527 2572 2783 2627 cohortes
2850 2576 3154 2644 regentium
3214 2595 3226 2630 :
3285 2578 3428 2649 legio
3485 2595 3514 2634 a

1931 2661 2145 2716 dextris
2180 2661 2580 2729 assistentium,
2630 2673 2689 2716 ut
2729 2663 2927 2718 cadant
2956 2681 3022 2719 ex
3059 2670 3308 2736 opposita
3363 2680 3517 2740 parte

1939 2753 2300 2823 pugnantium
2349 2754 2537 2808 decem
2593 2754 2808 2808 millia:
2845 2772 3074 2810 numero
3105 2760 3268 2828 pollet
3316 2777 3378 2815 ac
3424 2779 3516 2816 ve-

251 2856 471 2908 hemcns
502 2860 586 2906 est
620 2850 990 2912 adversarius,
1038 2848 1131 2905 sed
1167 2855 1263 2903 tuo
1305 2847 1510 2902 auxilio
1540 2845 1818 2902 destitutis
1856 2859 1983 2900 acer
2025 2855 2079 2901 et
2134 2847 2397 2914 invictus,
2436 2847 2532 2902 sed
2599 2849 2842 2918 quandiu
2899 2851 3050 2906 solus
3104 2852 3269 2908 fuerit
3303 2855 3371 2921 is,
3422 2857 3516 2926 qui

253 2945 387 2999 bello
419 2950 674 3014 petatur:
710 2957 834 2996 cum
909 2949 1090 2995 autem
1163 2949 1316 2994 tuum
1376 2953 1605 3009 regnum
1675 2938 2010 3006 apparuerit,
2060 2937 2269 2992 recedit
2313 2937 2494 3004 dolor,
2541 2940 2788 3004 tristitia,
2833 2950 2888 2995 et
2921 2943 3158 3012 gemitus
3193 2961 3206 2997 :
3245 2953 3409 3016 atque
3460 2947 3514 2999 in

251 3055 435 3098 eorum
475 3039 655 3093 locum
685 3038 817 3102 vita,
845 3051 977 3107 pax,
1017 3043 1071 3092 et
1111 3036 1404 3091 exsultatio
1433 3033 1757 3090 succedunt.

315 3126 388 3186 Ἦ
421 3130 603 3194 καθὼς
639 3131 773 3201 ἡμῖν
805 3130 909 3182 ὑπὸ
937 3128 1032 3183 τοῦ
1072 3130 1256 3183 Λουκᾶ
1285 3128 1345 3181 τὺ
1370 3127 1502 3180 αὐτὸ
1526 3126 1701 3196 νόημα
1733 3143 1828 3178 σα-

1998 3125 2083 3178 An
2128 3122 2387 3189 forsitan,
2424 3129 2485 3178 ut
2524 3137 2554 3177 a
2598 3121 2747 3178 Luca
2793 3124 2953 3179 nobis
3004 3125 3146 3180 idem
3205 3127 3520 3187 intellectus

255 3226 510 3297 φὲστερον
546 3222 926 3296 ἑρμηνεύεται,
957 3224 985 3275 6
1009 3221 1107 3295 τὴν
1138 3219 1413 3292 βασιλείαν
1441 3217 1614 3272 ἐλθεῖν
1643 3217 1830 3283 ἀξιῶν,

253 3318 348 3388 τὴν
398 3315 494 3369 τοῦ
546 3316 702 3384 ἁγίου
763 3313 1076 3385 Πνεύματος
1150 3311 1465 3383 συμμαχίαν
1513 3311 1829 3376 emacem;

255 3409 439 3471 υῦτως
484 3407 594 3477 γὰρ
632 3399 689 3458 ὲν
731 3405 925 3477 ἐκείνῳ
980 3404 1299 3476 Εὐαγγελίῳ
1350 3405 1535 3476 φησὶν,
1569 3403 1689 3457 ἀντὶ
1739 3401 1832 3455 τοῦ

266 3499 514 3554 Ἑλσέτω
535 3500 571 3567 ἡ
591 3498 878 3562 ,ϐασιλεία
907 3512 1048 3562 σου,
1083 3495 1354 3560 Ἐλθέτω,
1396 3496 1549 3565 φησι,
1572 3493 1636 3547 τὸ
1663 3493 1836 3562 ἅγιον

254 3591 492 3661 Πνεῦμὰ
526 3607 644 3645 σου
671 3591 761 3660 ἐφ’
795 3589 973 3660 ἡμᾶς,
1002 3591 1098 3644 καὶ
1140 3589 1514 3658 καθαρισάτω
1552 3585 1727 3656 ἡμᾶς.
1769 3585 1834 3638 Τί

254 3683 468 3751 ἐροῦσιν
514 3684 563 3734 οἱ
593 3680 1095 3752 Θρασυστομοῦντες
1150 3681 1289 3750 πρὸς
1337 3678 1508 3732 ταῦτα
1557 3677 1698 3732 κατὰ
1739 3677 1833 3730 τοῦ

255 3773 571 3842 Πνεύματος
596 3771 690 3824 τοῦ
723 3771 906 3840 ἁγίου;
938 3771 1056 3824 Τίνι
1088 3771 1293 3841 διανοίᾳ
1315 3770 1412 3842 τὴν
1433 3771 1532 3840 τῆς
1562 3768 1837 3840 βασιλείας

252 3849 410 3928 ἀξίαν
462 3864 538 3925 εἰς
587 3862 949 3931 ταπεινότητα
1003 3861 1245 3924 δουλείας
1296 3858 1834 3932 μετασκευὰζουσιν;

257 3955 320 4005 Ὃ
350 3953 464 4023 γὰρ
492 3954 704 4013 Λουκᾶς
753 3952 852 4021 μὲν
886 3952 1110 4021 Πνεῦμα
1148 3951 1302 4019 ἅγιον
1351 3952 1520 4019 λέγει,
1560 3950 1838 4014 Ματοαῖος

251 4043 306 4096 δὲ
333 4043 612 4114 βασιλείαν
638 4042 911 4111 ὠνόμασε,
943 4042 1059 4104 πῶς
1088 4044 1168 4104 είς
1193 4042 1292 4112 τὴν
1321 4042 1628 4112 ὑποχείριον
1662 4041 1838 4094 κτίσιν

253 4129 610 4182 κατασπῶσιν
643 4130 690 4181 οἱ
735 4127 1016 4199 Θεομάχοι,
1061 4130 1178 4182 ἀντὶ
1215 4131 1313 4199 τῆς
1349 4129 1737 4202 βασιλευούσης
1770 4132 1837 4201 τῇ

253 4219 647 4291 βασιλευομένῃ
703 4221 1240 4287 συγκατατάσσοντες
1296 4222 1487 4290 φύσει;
1550 4223 1615 4276 Ἦ
1665 4223 1840 4287 κτίσις

250 4309 516 4371 δουλεύει,
565 4312 598 4376 ἠ
647 4307 702 4360 δὲ
757 4308 966 4361 δουλεία
1029 4307 1273 4377 βασιλεία
1307 4309 1406 4362 οὐκ
1453 4308 1617 4363 ἔστιν.
1665 4309 1738 4361 Τὸ
1783 4309 1840 4362 δὲ

251 4401 483 4470 Πνεῦμα
511 4401 572 4453 τὸ
620 4400 772 4469 ἆγιον
821 4401 1070 4471 βασιλεία
1095 4403 1258 4456 ἐστίν.
1298 4400 1508 4454 Οὐκοῦν
1553 4401 1654 4469 τῆς
1702 4401 1842 4454 κατὰ

1935 3214 2153 3286 planius
2198 3214 2526 3285 explicatur,
2579 3213 2626 3268 is
2664 3215 2756 3284 qui
2805 3222 2946 3279 orat,
2988 3223 3046 3270 ut
3093 3235 3320 3288 regnum
3360 3221 3520 3276 adu»

1936 3308 2070 3369 niat,
2109 3305 2374 3360 auxilium
2426 3306 2603 3361 sancti
2636 3304 2878 3376 Spiritus
2918 3308 3214 3377 implorat?
3275 3309 3409 3366 Nam
3475 3317 3521 3370 is

1936 3394 1991 3448 in
2034 3394 2129 3448 illo
2154 3392 2480 3464 ‘Evangelio,
2521 3409 2618 3465 pro
2647 3409 2733 3459 eo,
2776 3394 2922 3465 quod
2955 3405 3059 3458 est,
3088 3391 3275 3450 Veniat
3301 3415 3516 3470 regnum

1938 3496 2082 3540 tuum
2106 3526 2120 3550 ,
2161 3484 2422 3540 Adveniat
2445 3527 2460 3552 ,
2494 3486 2712 3556 inquit,
2764 3496 2973 3541 sanctus
3007 3486 3241 3555 Spiritus
3281 3499 3400 3545 tuus
3431 3509 3521 3546 su-

1935 3592 2027 3646 per
2067 3593 2192 3642 nos,
2239 3585 2287 3629 et
2317 3571 2722 3643 puri/icet'nos.
2780 3574 2919 3640 Quid
2967 3581 3272 3633 temerariae
3323 3582 3520 3652 lingua:

1940 3668 2194 3723 homines
2241 3666 2311 3722 ad
2361 3667 2476 3721 hzec
2535 3665 2722 3720 dicent
2775 3671 2844 3722 de
2892 3667 3100 3737 Spiritu
3155 3675 3519 3744 sancto?qua

1937 3769 2139 3824 mente,
2171 3775 2281 3830 qua
2320 3759 2612 3821 sententia,
2641 3773 2820 3828 quove
2865 3760 3145 3816 intellectu
3194 3765 3398 3834 regiam
3437 3767 3521 3820 di-

1940 3854 2198 3924 gnitatcm
2236 3851 2304 3905 ad
2340 3851 2702 3904 humilitatem
2729 3851 2981 3906 servilem
3011 3853 3343 3909 traducunt?
3385 3856 3519 3914 Nam

1939 3942 2217 4014 quomodo
2244 3942 2434 3997 hostes
2467 3940 2561 3997 Dei
2589 3941 2665 4006 id,
2695 3943 2843 4012 quod
2881 3942 3060 3999 Lucas
3087 3946 3309 4015 quidem
3348 3949 3523 4018 Spiri-

1939 4045 2056 4091 tum
2099 4046 2351 4092 sanctum
2392 4035 2545 4103 dicit,
2594 4037 2881 4095 lllatthteus
2913 4049 3096 4095 autem
3146 4057 3376 4112 regnum
3419 4060 3523 4100 no-

1941 4128 2190 4193 minavit,
2225 4128 2292 4182 ad
2331 4129 2609 4184 subditam
2641 4137 2894 4184 naturam
2937 4132 3255 4199 detrahunt,
3291 4137 3408 4189 vice
3436 4153 3521 4191 re-

1941 4223 2163 4294 gnanlis
2223 4238 2346 4277 cum
2403 4238 2486 4287 ea,
2539 4238 2660 4292 qua:
2711 4239 2884 4292 regno
2936 4225 3154 4279 subdita
3204 4234 3288 4280 est
3327 4236 3522 4281 natma

1942 4313 2315 4369 collocantes?
2352 4315 2618 4368 Creatura
2666 4317 2859 4377 servit,
2907 4323 2962 4369 at
3005 4317 3244 4374 servitus
3293 4335 3522 4389 regnum

1945 4421 2050 4459 non
2101 4413 2204 4460 est.
2263 4404 2506 4475 Spiritus
2553 4413 2735 4460 autem
2783 4416 3010 4463 sanctus
3052 4424 3280 4480 regnum
3325 4421 3431 4467 est.
3480 4414 3523 4466 Α

249 4490 348 4559 τὴν
385 4489 564 4542 κτίσιν
595 4491 876 4555 κοινωνίας
921 4490 1266 4574 κεχώρισται.
1310 4493 1374 4544 ὐ
1410 4491 1517 4562 γὰρ
1543 4492 1830 4561 βασιλεύει,

1950 4497 2338 4550 communione
2374 4497 2542 4565 igitur
2571 4505 2735 4566 atque
2768 4499 3032 4554 societate
3066 4511 3333 4556 creatura:
3365 4519 3526 4574 sepa-

249 4583 309 4632 οὐ
365 4579 739 4650 βασιλεύεται·
771 4581 798 4634 δ
844 4581 899 4634 δὲ
951 4579 1025 4652 μὴ
1079 4581 1443 4651 βασιλεύεται,
1493 4582 1612 4635 οὐδὲ
1662 4582 1838 4646 κτίσις

249 4672 426 4727 ἐστίν.
460 4672 619 4725 Ἴδιον
655 4673 762 4744 γὰρ
791 4673 890 4743 τῆς
921 4674 1153 4735 κτίσεως
1181 4674 1242 4725 τὸ
1269 4673 1538 4726 δουλεύειν
1579 4674 1749 4728 ἐστίν.
1777 4675 1840 4727 Ei

247 4762 346 4819 οὖν
375 4765 624 4836 βασιλεία
655 4765 716 4818 τὸ
748 4766 994 4835 Πνεῦμα,
1039 4766 1156 4830 πῶς
1192 4768 1290 4838 ούχ
1327 4767 1718 4837 ὁμολογήσουσι
1742 4768 1840 4836 τὴν

246 4856 596 4920 δεσποτείαν,
625 4860 671 4911 οἱ
708 4857 841 4928 μηδὲ
887 4858 1282 4928 προσεύχεσθαι
1329 4857 1548 4912 πώποτε
1591 4859 1840 4929 μεμαθη-

247 4948 447 5014 κότες
474 4951 535 5001 ΟΞ
571 4949 706 5020 μηδὲ
739 4949 957 5013 εἰδότες,
987 4950 1069 5014 τίς
1099 4951 1128 5003 6
1167 4950 1475 5022 καθαρίζων
1496 4951 1555 5004 τὺ
1589 4967 1842 5004 κεκοινω-

252 5042 463 5110 μένον;
495 5041 588 5101 Τίς
611 5041 666 5094 δὲ
698 5042 726 5092 6
755 5041 854 5111 τῆς
882 5041 1153 5112 βασιλείας
1182 5043 1548 5114 ἐξηρτημένος
1570 5043 1665 5114 τὴν
1694 5044 1843 5110 ἐξουο

250 5128 413 5192 σίαν;
453 5129 705 5183 Ἐλθέτω
725 5130 790 5184 τὸ
816 5130 987 5200 ἅγιον
1006 5130 1247 5198 Πνεῦμά
1269 5148 1404 5194 σου,
1435 5134 1587 5200 φησὶ,
1618 5132 1714 5184 καὶ
1746 5148 1846 5186 κα-

248 5221 560 5291 ϐαρισάτω
594 5221 768 5291 ἡμᾶς.
807 5222 1015 5276 Οὐκοῦν
1053 5224 1156 5277 ἰδία
1190 5240 1248 5276 τε
1299 5224 1392 5278 καὶ
1434 5224 1709 5296 ἐξαίρετος
1751 5224 1845 5277 τοῦ

248 5315 417 5382 ἁγίου
461 5313 778 5385 Πνεύματος
800 5314 1026 5384 δύναμίς
1049 5332 1108 5367 τε
1147 5315 1242 5369 καὶ
1280 5316 1550 5386 ἐνέργεια,
1573 5317 1632 5368 τὸ
1657 5316 1848 5370 καθαί-

253 5421 376 5473 ρειν
405 5420 468 5455 τε
499 5406 593 5456 καὶ
625 5405 843 5474 ἀφιέναι
875 5407 975 5468 τὰς
1006 5406 1300 5476 ἁμαρτίας,
1329 5407 1404 5468 ὼς
1433 5408 1461 5458 ὁ
1496 5407 1844 5474 εύαγγελικὸς

252 5496 420 5562 λόγος
450 5495 804 5566 μαρτύρεται.
833 5496 1038 5549 Οὐκοῦν
1067 5499 1094 5550 6
1111 5496 1209 5568 τὴν
1231 5497 1459 5564 δύναμιν
1479 5498 1576 5569 τῆς
1601 5499 1846 5566 ἀφέσεως

249 5588 414 5658 αὐτῷ
468 5588 575 5640 τῶν
626 5589 909 5658 ἁμαρτιῶν
959 5588 1341 5660 μαρτυρήσας,
1401 5591 1843 5661 συνεμαρτύρησε

247 5685 486 5743 πάντως
512 5679 660 5751 αὐτῷ
687 5681 788 5751 τὴν
811 5679 1054 5750 Οεὸτητα.
1087 5681 1158 5732 Τὸ
1178 5681 1234 5734 δὲ
1267 5682 1394 5734 αὐτὸ
1420 5681 1573 5734 τοῦτο
1601 5683 1693 5734 καὶ
1721 5682 1843 5752 περὶ

1948 4593 2101 4639 ratus
2129 4593 2234 4640 est.
2272 4584 2425 4650 Quod
2461 4585 2606 4640 enim
2645 4595 2859 4657 regnat.
2892 4603 3062 4657 regno
3089 4589 3369 4644 subditum
3415 4608 3523 4647 non

1947 4685 2030 4730 est
2069 4693 2081 4728 :
2118 4674 2265 4744 quod
2322 4685 2505 4731 autem
2567 4692 2737 4748 regno
2786 4679 3068 4734 subditum
3122 4698 3231 4736 non
3295 4694 3398 4748 est,
3459 4701 3528 4742 ne

1949 4778 2202 4821 creatura
2256 4768 2473 4836 quidem
2523 4779 2626 4824 est.
2663 4768 2800 4825 Nam
2842 4773 3062 4827 servire
3102 4783 3367 4830 creaturae
3400 4792 3530 4846 pro-

1948 4857 2130 4925 prium
2160 4867 2264 4913 est.
2303 4857 2359 4912 Si
2400 4857 2566 4928 igitur
2603 4857 2845 4928 Spiritus
2888 4871 3116 4920 sanctus
3148 4879 3375 4935 regnum
3421 4877 3529 4932 est,

1949 4949 2043 5018 qui
2080 4948 2156 5013 lit,
2189 4959 2248 5002 ut
2297 4964 2405 5003 non
2439 4951 2810 5005 conﬁteantur
2837 4952 3288 5021 dominationem,
3319 4959 3412 5029 qui
3462 4976 3527 5012 ne

1951 5056 2108 5095 orare
2137 5041 2361 5110 quidem
2398 5057 2640 5111 unquam
2689 5041 3037 5100 didicerunt?
3067 5049 3162 5118 qui
3211 5064 3280 5102 ne
3332 5063 3531 5103 norunt

1951 5130 2172 5200 quidem
2221 5130 2347 5199 quis
2398 5130 2471 5185 sit
2524 5131 2620 5200 qui
2679 5133 2931 5201 puriﬁcet
2984 5137 3365 5206 inquinatum?
3407 5141 3532 5208 quis

1953 5221 2085 5274 item
2132 5219 2181 5274 is
2223 5233 2252 5272 a
2304 5236 2416 5290 quo
2465 5220 2700 5290 pendeat
2739 5224 2892 5294 regni
2942 5226 3227 5293 potestas?
3270 5227 3530 5283 Adueniet

1953 5321 2166 5366 sanctus
2198 5312 2433 5380 Spiritus
2465 5323 2608 5376 tuus,
2638 5313 2837 5383 inquit,
2873 5325 2922 5367 et
2961 5319 3205 5386 puriﬁcet
3239 5335 3354 5373 nos.
3389 5319 3530 5388 Ergo

1955 5407 2174 5475 prepria
2241 5407 2448 5475 pariter
2509 5416 2563 5460 et
2631 5405 2832 5459 eximia
2894 5407 3299 5477 peculiarisque
3355 5412 3530 5464 sancti

1954 5497 2199 5567 Spiritus
2247 5498 2423 5553 virtus
2457 5505 2511 5553 et
2558 5495 2799 5551 elﬁcacia
2835 5506 2938 5559 est.
2981 5506 3040 5552 ut
3085 5508 3139 5553 et
3175 5499 3441 5568 puriﬂcet,
3478 5509 3532 5554 et

1954 5590 2199 5643 remittat
2224 5598 2477 5659 peccata:
2499 5586 2960 5658 quemadmodum
2978 5591 3325 5661 evangelicus
3350 5607 3534 5647 sermo

1954 5688 2207 5735 testatur.
2248 5679 2517 5746 Quocirca
2558 5679 2649 5748 qui
2699 5687 2929 5736 testatur
2969 5695 3093 5735 eum
3133 5681 3335 5739 habere
3374 5689 3535 5753 pote-
