3996 6196
567 291 702 352 “59

1789 279 1848 335 S.
1879 279 2202 336 GREGOBII
2239 280 2284 335 N
2297 279 2536 337 YSSENI

3556 293 3664 352 “60

561 412 756 460 statera
809 397 1117 455 remittendi
1168 403 1426 466 peccata,
1470 393 1633 450 simul
1674 395 1836 449 etiam
1890 410 2113 464 prorsus

2213 394 2303 448 τοῦ
2334 394 2667 459 Μονογενοῦς
2693 409 2854 463 φησιν
2883 394 2911 446 ό
2955 392 3273 460 Ἀπόστολος,
3298 395 3371 450 ὅτι
3396 399 3671 471 καθαρισμὸν

559 508 682 548 eum
715 491 968 544 deitatem
1017 489 1220 542 habere
1261 494 1514 542 testatur.
1564 485 1740 554 Atque
1785 485 1889 538 hoc
1933 486 2110 556 ipsum

559 581 724 636 etiam
749 579 814 632 de
844 577 1131 646 Unigenito
1149 577 1223 630 ait
1248 578 1563 647 Apostolus,
1589 575 1734 644 quod
1757 585 2112 651 posteaquam

561 668 998 740 puriﬁcationem
1049 677 1393 737 peccatorum
1449 666 1765 731 confecerit,
1812 664 1998 719 sedeat
2045 664 2113 718 ad

561 764 835 817 dexteram
877 759 1178 828 majestatis
1199 756 1398 811 Patris.
1432 754 1609 809 Unum
1641 755 1806 824 igitur
1830 755 2113 808 amborum

562 862 647 905 est
701 866 838 919 opus
897 857 951 902 et
1006 835 1342 915 purificaittis
1388 850 1672 911 peccatum
1737 839 2000 909 Spiritus,
2061 848 2116 896 et

564 942 788 1002 Christi,
837 938 927 1006 qui
981 944 1322 1005 peccatorum
1367 932 1794 1002 purificationem
1846 932 2111 1001 praestitit.

572 1031 693 1103 [(a)
747 1031 987 1094 Quorum
1041 1032 1224 1079 autem
1273 1037 1381 1077 una
1428 1022 1713 1078 efﬁcientia
1757 1029 1871 1086 est,
1926 1037 2113 1077 eorum

571 1124 732 1176 etiam
774 1129 964 1174 natura
999 1131 1222 1186 prorsus
1250 1115 1436 1170 eadem
1465 1123 1566 1168 est.
1593 1111 1779 1168 Omnis
1806 1113 1948 1166 enim
1977 1113 2118 1166 actio

571 1210 849 1266 facultatis
877 1207 1099 1262 effectus
1136 1213 1239 1260 est.
1274 1203 1633 1269 Quamobrem
1671 1203 1717 1255 si
1767 1202 1912 1254 actio
1957 1207 2010 1254 ct
2039 1200 2119 1253 fa-

569 1303 750 1356 cultas
776 1307 859 1354 est
884 1312 1012 1361 una,
1046 1295 1317 1366 quomodo
1345 1303 1552 1347 naturae
1571 1290 1858 1346 diversitas
1891 1289 2116 1358 intelligi

568 1397 744 1461 potest
787 1390 840 1442 in
887 1389 1018 1454 illis,
1049 1389 1100 1440 in
1147 1384 1346 1454 quibus
1387 1383 1596 1436 nullum
1635 1380 1910 1435 facultatis
1953 1381 2120 1433 actio-

570 1483 763 1549 nisque
815 1477 1108 1532 discrimen
1166 1471 1660 1543 deprehendimus?
1730 1469 1795 1524 Ut
1852 1469 1997 1524 enim
2053 1485 2116 1522 ex

571 1571 713 1641 ignis
740 1567 1179 1638 proprietatibus,
1227 1579 1350 1618 cum
1397 1561 1519 1615 dua:
1561 1561 1696 1623 sint,
1741 1558 1885 1629 quod
1920 1558 2120 1611 illumi-

570 1670 680 1723 net,
714 1667 768 1714 et
814 1657 958 1728 quod
991 1655 1263 1718 incendat,
1305 1666 1416 1706 non
1465 1651 1590 1704 licet
1628 1649 1858 1718 subjecti
1896 1647 2121 1702 diversi-

2215 485 2323 539 τῶν
2350 485 2626 556 ἁμαρτιῶν
2667 485 3049 554 ποιησάμενος,
3097 483 3324 538 ἐκάθισεν
3370 489 3420 540 ἐν
3445 488 3568 560 δεξιᾷ
3598 493 3676 561 τῆς

2220 575 2584 645 μεγαλοσύνης
2634 573 2730 625 τοῦ
2775 573 3005 642 Πατρός.
3040 574 3134 626 Ἓν
3171 574 3332 628 τοίνυν
3361 577 3592 647 ἑκατέρων
3633 583 3680 635 τδ

2216 667 2394 737 ἔργον,
2423 664 2515 719 τοῦ
2559 683 2618 717 τε
2662 664 3043 735 καθαρίζοντος
3073 664 3167 734 τὴν
3202 667 3446 737 ἁμαρτίαν
3477 670 3680 740 Πνεύμαο

2215 773 2325 820 τος,
2349 758 2443 810 καὶ
2463 755 2558 809 τοῦ
2583 755 2674 808 τὸν
2696 755 3034 826 καθαρισμὸν
3050 755 3156 808 τῶν
3177 756 3432 825 ἁμαρτιῶν
3455 762 3684 830 πεποιηκό-

2217 862 2307 907 τος
2351 842 2605 914 Χριστοῦ.
2635 838 2737 896 *Ων
2771 843 2828 895 δέ
2868 844 2902 912 ἡ
2938 843 3184 914 ἐνέργεια
3238 844 3346 912 μία,
3382 847 3465 898 καὶ
3506 846 3684 915 ἡφύσις

2219 933 2433 996 πάντως
2466 935 2499 1002 ἡ
2547 933 2685 1002 αὑτὴ
2727 931 2928 986 τούτων
2981 934 3144 986 ἐστίν.
3178 934 3325 986 Πᾶσα
3351 933 3448 1004 γὰρ
3491 935 3688 1003 ἐνέργεια

2218 1021 2496 1092 δυνάμεώς
2525 1025 2670 1074 ἐστιν
2699 1023 3058 1093 ἀποτέλεσμα.
3083 1024 3146 1076 Ei
3173 1018 3260 1075 οὖν
3286 1023 3371 1075 καὶ
3389 1023 3598 1091 ἐνέργεια
3619 1027 3689 1075 καὶ

2186 1105 2189 1107 ’
2218 1113 2444 1182 δύναμις
2475 1111 2593 1181 μία,
2621 1111 2736 1174 πῶς
2759 1111 2902 1167 ἐστιν
2930 1113 3216 1183 ἑτερότητα
3235 1111 3427 1180 φύσεως
3450 1111 3625 1180 νοῆσαι,
3649 1114 3692 1162 ἐν

2220 1199 2301 1265 οἷς
2332 1201 2586 1271 οὐδεμίαν
2615 1203 2756 1254 κατά
2783 1201 2881 1271 τὴν
2910 1202 3134 1272 δύναμίν
3155 1219 3211 1254 τε
3239 1202 3328 1254 καὶ
3351 1202 3593 1272 ἐνέργειαν
3609 1202 3692 1252 δια-

2221 1292 2390 1362 φοράν
2423 1291 2834 1362 ἐξευρίσκομεν;
2877 1292 2964 1354 Ὦς
3001 1291 3109 1360 γὰρ
3139 1292 3234 1344 ούκ
3263 1291 3397 1342 ἐστιν
3424 1292 3475 1343 ἐν
3506 1293 3597 1352 τοῖς
3624 1289 3695 1343 τοῦ

2221 1381 2392 1452 πυρὸς
2431 1380 2730 1449 ίδιώμασιν,
2777 1380 2904 1434 ὅταν
2930 1380 3042 1445 δύο,
3085 1380 3148 1431 τὸ
3195 1379 3410 1448 φωτίζον
3449 1396 3502 1431 τε
3538 1380 3616 1431 καὶ
3652 1380 3698 1430 τὸ

2222 1470 2372 1523 καῖόν
2417 1471 2552 1534 ἐστι,
2591 1468 2651 1521 τὸ
2698 1470 2971 1521 κοινωνεῖν
3020 1468 3236 1539 νομίσαι
3277 1467 3368 1520 τοῦ
3401 1467 3699 1537 προκειμένου

2224 1557 2566 1626 ὑπαλλαγὴν⁸
2597 1555 2767 1618 οὕτως
2811 1555 2910 1608 ούκ
2936 1553 2998 1607 ἄν
3027 1571 3113 1618 τις
3153 1552 3413 1623 εὖφρονῶν
3454 1552 3564 1620 μίαν
3586 1549 3705 1619 ἐνέρ-

2223 1665 2377 1716 γειαν
2413 1648 2478 1700 ἐκ
2518 1646 2619 1716 τῆς
2657 1645 2880 1716 Γραφῆς
2927 1644 3193 1715 διδαχθεὶς
3238 1641 3326 1696 τοῦ
3367 1641 3485 1694 Υἱοῦ
3518 1637 3600 1692 καὶ
3630 1637 3700 1692 τοῦ

571 1759 728 1804 tatem
758 1747 960 1802 inferre
988 1763 1002 1799 :
1029 1745 1102 1798 ita
1133 1757 1232 1797 nec
1270 1731 1436 1805 ullus,
1467 1740 1560 1810 qui
1587 1738 1827 1807 prudens
1871 1737 1966 1800 sit,
1998 1751 2119 1789 cum

2221 1736 2554 1806 Πνεύματος,
2583 1735 2842 1806 διαφοράν
2871 1750 2992 1788 τινα
3023 1733 3234 1803 φύσεως
3270 1732 3489 1785 ὑπονοεῖ.

580 1856 726 1896 esea
748 1837 1475 1912 Scripturadidiceritunam
1498 1849 1620 1890 esse
1659 1831 1783 1886 Filii
1826 1838 1884 1887 et
1936 1830 2173 1900 Spiritus
2222 1831 2560 1886 efﬁcientiam
2587 1869 2602 1894 ,
2666 1838 2874 1884 natura:
2915 1828 3211 1884 discrimen
3270 1825 3475 1896 aliquod
3511 1821 3706 1890 suspica-

571 1930 767 2003 bitur.]

638 2021 756 2076 Jam
789 2035 918 2076 vero
955 2019 1383 2076 demonstratum
1437 2023 1520 2071 est
1555 2026 1712 2070 antea
1745 2016 1957 2086 piorum
1993 2031 2123 2073 sen-

572 2111 774 2172 tentiis.
809 2109 1050 2165 eamdem
1080 2125 1200 2165 esse
1246 2107 1300 2163 in
1348 2107 1508 2161 Patre
1548 2114 1602 2161 et
1655 2105 1792 2160 Filio
1848 2113 2122 2172 naturam,

572 2214 748 2269 neque
784 2199 896 2252 fieri
927 2213 1106 2267 posse,
1139 2205 1198 2251 ut
1224 2211 1345 2266 quae
1372 2195 1574 2249 diversi
1601 2203 1728 2250 sunt
1756 2194 1999 2265 generis,
2031 2193 2124 2248 Dei

573 2287 794 2341 nomine
818 2283 1666 2356 appellenturzquemadmodum
1720 2281 1856 2338 fabri
1914 2283 2129 2354 lignarii

573 2378 716 2432 ﬁlius
742 2392 849 2431 non
879 2376 1078 2430 dicitur
1108 2390 1410 2438 scamnum,
1466 2388 1643 2444 neque
1690 2373 1931 2442 prudens
1985 2373 2130 2428 ullus

573 2465 771 2521 dixerit
803 2465 872 2520 ab
909 2465 1208 2519 architecto
1233 2465 1400 2518 tilium
1433 2477 1555 2518 esse
1596 2469 1992 2526 constructum,
2033 2461 2129 2517 sed

578 2555 697 2624 ipsa
731 2553 824 2608 filii
847 2562 900 2609 et
925 2555 1096 2624 patris
1121 2554 1479 2624 appellatione
1507 2551 1654 2622 quod
1701 2553 2001 2607 secundum
2030 2567 2131 2607 na-

576 2652 755 2698 turam
811 2644 1160 2714 coniunctum
1217 2653 1322 2708 est,
1381 2643 1734 2714 designatur;
1771 2657 1999 2698 necesse
2047 2649 2133 2698 est

577 2735 733 2804 plane
758 2749 882 2789 cum
915 2734 1024 2789 duo
1055 2743 1184 2790 sunt
1206 2733 1607 2789 necessitudine
1627 2733 1820 2802 juncta
1851 2747 1970 2786 cum
2001 2746 2128 2799 uno,

577 2839 752 2894 neque
784 2823 923 2878 inter
948 2838 1007 2878 se
1032 2822 1308 2889 differunt,
1342 2823 1388 2878 si
1411 2837 1534 2877 cum
1562 2821 1722 2875 Patre
1751 2820 1922 2877 Filius
1941 2830 2131 2876 natura

577 2915 764 2969 unitus
792 2920 897 2980 est,
937 2913 1180 2968 eamdem
1221 2927 1384 2982 porro
1438 2910 1702 2981 Spiritum
1742 2917 1993 2964 sanctum
2033 2911 2132 2964 ha-

2307 2010 2468 2078 Ἀλλὰ
2501 2010 2598 2064 νῦν
2634 2007 3103 2079 προαποδέδεικται
3143 2009 3259 2070 ταῖς
3284 2005 3386 2059 τῶν
3416 2004 3705 2059 εύσεὸὦνδό-

2228 2101 2364 2170 ξαις,
2380 2100 2478 2171 τὴν
2493 2098 2658 2169 αὐτὴν
2685 2099 2777 2152 ἐπὶ⁵
2804 2100 3014 2169 Πατρὸς
3047 2099 3142 2150 καὶ
3165 2096 3292 2150 Υἱοῦ
3315 2095 3464 2165 φύσιν
3493 2094 3626 2159 εἶναι,
3653 2097 3707 2164 μὴ

2227 2184 2366 2242 εἶναι
2385 2187 2604 2241 δυνατὸν
2632 2186 2699 2240 τὰ
2723 2187 3007 2258 ἑτερογενῆ
3034 2189 3099 2257 τῇ
3136 2187 3228 2238 τοῦ
3266 2184 3394 2239 Θεοῦ
3421 2186 3584 2254 κλήσει
3607 2202 3707 2238 κατ⁸

2227 2277 2609 2348 ονομάζεσθαιο
2647 2275 2722 2340 ὡς
2751 2277 2810 2330 ού
2849 2277 3058 2347 λέγεται
3114 2276 3310 2346 βάθρον
3343 2276 3447 2338 υἱὸς
3495 2275 3708 2336 τέκτονος,

2235 2368 2356 2440 μηδ’
2401 2369 2466 2424 ἄν
2499 2385 2581 2432 τις
2615 2368 2755 2422 εἴποι
2786 2351 2894 2421 τῶν
2945 2367 3346 2438 εύφρονούντων
3379 2369 3453 2420 ὅτι
3490 2364 3709 2432 οίκοδόμος

2229 2457 2344 2511 υἱὸν
2399 2458 2862 2523 κατεσκευάσατο,
2907 2458 3043 2512 ἀλλὰ
3093 2462 3165 2531 τῇ
3222 2455 3315 2510 τοῦ
3377 2454 3484 2508 υἱοῦ
3528 2451 3710 2505 καὶτοῦ

2233 2546 2441 2619 πατρὸς
2499 2545 2839 2620 προσηγορία
2901 2543 2964 2597 τὸ
3015 2545 3164 2600 κατὰ
3203 2541 3299 2612 τὴν
3324 2540 3470 2609 φύσιν
3497 2538 3712 2609 συνημμέ-

2231 2651 2321 2688 νον
2350 2633 2762 2703 ἐπισημαίνεται
2782 2648 2796 2663 °
2825 2629 3034 2701 ἀνάγκη
3065 2631 3239 2693 πᾶσα,
3266 2631 3387 2683 ὅταν
3420 2628 3485 2682 τὰ
3513 2629 3590 2681 δύο
3613 2627 3714 2696 πρὸς

2231 2723 2293 2777 τὸ
2331 2724 2388 2776 ἓν
2415 2724 2625 2785 οἰκείως
2653 2721 2768 2792 ἔχῃ,
2800 2721 2896 2773 καὶ
2931 2719 3063 2790 μηδέ
3105 2720 3245 2790 πρὸς
3284 2719 3472 2788 ἄλληλα
3503 2717 3714 2786 διαφόρως

2232 2813 2364 2884 ἔχει,
2389 2811 2464 2881 τῷ
2501 2810 2674 2880 Πατρὶ
2707 2808 2849 2863 κατὰ
2883 2808 2980 2878 τὴν
3013 2807 3175 2876 φύσιν
3210 2810 3239 2861 ό
3278 2808 3398 2871 Υίδς
3419 2808 3618 2877 ἥνωται·
3643 2807 3716 2874 τῆς

2233 2905 2290 2958 δὲ
2319 2903 2411 2957 τοῦ
2445 2900 2573 2955 Υίοῦ
2619 2898 2831 2969 φύσεως
2865 2898 2951 2951 διὰ
2988 2897 3095 2951 τῶν
3132 2899 3414 2969 ἐνεργειῶν
3457 2896 3719 2964 ταυτότητπ

578 3008 707 3064 bere
741 3023 864 3063 cum
902 3005 1041 3062 Filio
1067 3015 1317 3061 naturam
1368 3021 1435 3060 ex
1474 3003 1882 3073 Operationibus
1912 3004 2132 3059 demon-

2234 2994 2332 3046 ούκ
2368 2992 2642 3063 ἀλλότριον
2691 2988 2978 3058 ἀπεδείχθη
3010 2988 3069 3042 τὸ
3108 2988 3331 3058 Πνεῦμα
3361 2989 3417 3041 τὸ
3449 2988 3618 3055 ’ἆγιοψ
3646 2982 3720 3054 μία

579 3106 809 3154 stratum
843 3105 964 3153 est:
1001 3097 1275 3166 colligitur
1295 3094 1419 3148 inde
1453 3109 1615 3148 unam
1667 3100 1872 3149 sanctae
1900 3093 2137 3148 Trinita-

581 3189 652 3242 tis
680 3185 1107 3241 demonstratam
1141 3199 1263 3239 esse
1296 3191 1545 3237 naturam
1589 3181 1795 3251 absque
1825 3182 2134 3253 proprieta-

581 3282 696 3330 tum
727 3274 1068 3336 confusione,
1091 3289 1208 3344 quae
1234 3273 1501 3343 praecipue
1522 3272 1578 3326 in
1607 3271 1835 3342 singulis
1888 3278 2139 3341 spectan-

583 3371 675 3416 tur
699 3361 966 3430 personis,
993 3375 1095 3417 nec
1142 3360 1442 3416 immutatis
1473 3359 1688 3414 indiciis
1737 3359 1940 3430 quibus
1993 3373 2026 3413 a
2081 3374 2141 3415 se

587 3450 817 3503 invicem
847 3448 1251 3504 discernuntur.
1282 3448 1415 3514 Quis
1445 3447 1608 3518 igitur
1642 3445 1796 3501 furor
1823 3455 2138 3515 esteorum,

583 3540 676 3608 qui
700 3537 962 3608 Spiritum
993 3545 1236 3594 sanctum
1260 3545 1590 3608 nppttgnant,
1613 3539 1820 3608 servire
1851 3536 2140 3593 Dominum

583 3630 958 3684 tradentium?
986 3630 1182 3698 quibus
1217 3644 1282 3683 ne
1310 3627 1508 3684 Paulus
1560 3628 1798 3697 quidem,
1852 3629 1943 3684 cui
1982 3628 2139 3684 fidem

587 3720 846 3781 habeant,
873 3719 1006 3773 satis
1037 3717 1266 3773 idoneus
1297 3718 1450 3771 testis
1480 3724 1583 3781 est,
1616 3717 1708 3786 qui
1735 3717 1849 3772 ait-z
1887 3717 2141 3772 Dominus

587 3818 761 3860 autem
807 3807 1039 3871 Spiritus
1079 3816 1156 3860 est
1179 3806 1248 3858 ".
1310 3807 1393 3860 An
1431 3806 1658 3861 forsitan
1685 3805 1996 3874 dictionem,
2031 3807 2143 3860 Ad-

587 3896 782 3958 veniat,
808 3896 914 3948 vim
953 3894 1174 3949 tollendi
1209 3894 1525 3964 dignitatem
1561 3895 1761 3951 habere
1789 3897 2144 3952 existimant?

587 3991 642 4037 et
671 3999 778 4036 non
805 3981 1032 4037 audiunt
1060 3997 1311 4052 magnum
1343 3983 1596 4038 Davidem
1623 3985 1785 4039 etiam
1819 3984 2035 4039 Patrem
2075 3983 2141 4038 ad

591 4089 651 4128 se
679 4075 977 4128 trahentem
1003 4093 1017 4130 :
1045 4083 1120 4138 et,
1161 4074 1289 4129 Veni
1315 4075 1383 4128 ad
1427 4077 1738 4130 servandum
1761 4094 1876 4146 nos,
1905 4077 2144 4131 claman-

590 4165 737 4218 tem?
771 4163 824 4217 Si
862 4165 1026 4234 igitur
1063 4165 1115 4218 in
1144 4164 1304 4220 Patre
1334 4165 1519 4220 venire
1577 4165 1816 4220 salutare
1845 4173 1958 4229 est,
2003 4181 2144 4235 quo-

591 4254 752 4308 modo
779 4253 832 4307 in
865 4254 1066 4324 Spiritu
1107 4254 1291 4308 venire
1339 4255 1662 4322 probrosum
1696 4261 1750 4307 et
1790 4253 2145 4308 contumelio-

2236 3085 2374 3139 κατὰ
2408 3084 2469 3137 τὸ
2516 3080 2803 3136 ἀκόλουθον
2835 3080 3210 3134 ἀποδέδεικται
3246 3081 3342 3148 τῆς
3372 3079 3516 3146 ἁγίας
3545 3073 3722 3145 Τριάδος

2234 3177 2267 3246 ὴ
2305 3173 2487 3243 φύσις,
2542 3172 2602 3225 ού
2634 3170 2965 3241 συγχεομένη
2999 3170 3082 3240 ἐφ’
3121 3171 3357 3240 ἑκάστης
3397 3168 3487 3238 τῆς
3533 3164 3648 3219 κατά
3678 3161 3723 3214 τὺ

2235 3263 2509 3336 ἐξαίρετον
2554 3260 3025 3332 ἐπιθεωρουμένης
3084 3261 3281 3324 αὑταῖς
3340 3259 3591 3327 ἰδιότητος,
3635 3251 3726 3306 οὐδὲ

2236 3355 2343 3408 τῶν
2388 3352 2777 3425 γνωρισμάτων
2821 3353 2878 3404 ἐν
2927 3348 3181 3420 ἀλλήλοις
3224 3345 3620 3416 ἀλλασσομένων.
3655 3340 3727 3400 Τίς

2238 3440 2329 3498 οῦν
2359 3445 2393 3514 ὴ
2426 3441 2590 3514 μανία
2615 3441 2722 3494 τῶν
2766 3437 3378 3508 πνευματομαχούντων,
3406 3433 3642 3488 δουλεύειν
3661 3428 3729 3480 τὸν

2238 3534 2442 3605 Κύριον
2470 3531 2923 3601 δογματιζὼτωνς
2953 3523 3049 3592 Οἷς
3088 3529 3213 3580 οὐδὲ
3250 3525 3450 3587 Παῦλος
3487 3523 3726 3589 διαμαρτυ-

2244 3624 2467 3696 ρόμενός
2500 3624 2646 3675 ἐστιν
2686 3621 3013 3686 ἀξιόπιστος,
3046 3619 3107 3681 ὃς
3140 3607 3334 3688 φησιν·
3376 3616 3434 3668 '0
3475 3613 3536 3667 δὲ
3567 3612 3732 3676 Κύριος

2241 3716 2307 3770 τὸ
2332 3707 2576 3777 Πνεῦμά
2595 3710 2779 3762 ἐστιν.
2815 3708 2887 3762 εΗ
2927 3707 3067 3777 τάχα
3094 3707 3178 3772 τὸ,
3211 3705 3462 3765 Ἐλθέτω,
3484 3700 3730 3766 καθαιρετι-

2240 3805 2336 3860 κδν
2360 3803 2459 3873 τῆς
2490 3801 2644 3866 ἀξίας
2686 3795 3029 3869 νομίζουσιν;
3072 3796 3208 3852 Εἶτα
3253 3798 3350 3851 ούκ
3388 3793 3640 3848 ἀκούουσιν
3663 3782 3759 3836 τοῦι

2245 3891 2475 3964 μεγάλου
2507 3889 2690 3952 Δασὶδ,
2718 3888 2811 3941 καὶ
2848 3886 2937 3939 τὸν
2974 3886 3197 3957 Πατέρα
3223 3886 3356 3956 πρὸς
3389 3881 3562 3937 ἑαυτὸν
3591 3877 3731 3964 ἕλκον·

2240 3956 2353 4044 τος,
2383 3979 2498 4042 καὶ,
2531 3977 2699 4032 Ἐλθὲ
2719 3979 2804 4042 εις
2825 3975 2892 4030 τὸ
2911 3975 3109 4029 σῶσαι
3131 3956 3315 4044 ἡμᾶς,
3338 3972 3572 4044 βοῶντος;
3596 3967 3647 4019 Et
3665 3956 3733 4014 οὖν

2244 4071 2337 4124 ἐπὶ
2377 4069 2472 4122 τοῦ
2508 4068 2718 4138 Πατρδς
2765 4067 2825 4119 τὺ
2877 4065 3049 4118 ἐλθεῖν
3076 4067 3365 4136 σωτήριον,
3405 4061 3511 4123 πῶς
3559 4055 3635 4109 ἐπὶ
3665 4047 3733 4102 τοῦ

2244 4161 2558 4230 Πνεύματος
2587 4158 2647 4210 τὸ
2687 4156 2858 4210 ἐλθεῖν
2903 4155 3297 4218 ἐπονείδιστον;
3323 4153 3391 4204 Ἦ
3420 4149 3475 4201 τὸ
3513 4142 3735 4230 καθαίρειν

2243 4250 2352 4303 τῶν
2380 4228 2678 4319 άμαρτιῶν,
2704 4246 2924 4315 σημεῖον
2945 4244 3224 4297 ποιοῦνται
3248 4243 3347 4312 τῆς
3365 4238 3496 4293 κατὰ
3514 4236 3598 4303 τὴν
3619 4228 3737 4319 ἀξίαν

591 4360 711 4399 sum
734 4343 862 4399 est?
889 4358 957 4396 an
992 4358 1021 4396 a
1056 4346 1294 4412 peccatis
1324 4358 1556 4412 purgare
1587 4344 1800 4412 signum
1825 4358 1949 4398 esse
1979 4343 2132 4396 dimi-

2213 4317 2516 4408 ’ὑφέσεωςξ
2567 4335 2676 4390 Καὶ
2729 4335 2833 4406 μὴν
2888 4334 3049 4388 ἄκουε
3091 4333 3204 4387 τῶν
3245 4333 3481 4386 ἀπίστων
3527 4317 3738 4412 Ἰουδαίωξ

592 4443 734 4487 nutat
761 4432 1040 4501 dignitatis
1062 4431 1370 4486 existimant
1394 4431 1417 4484 ?
1444 4431 1607 4501 Atqui
1648 4429 1771 4484 audi
1837 4431 2145 4487 incredulos

591 4521 805 4578 Judaeos
837 4523 1161 4583 clamantes,
1204 4522 1349 4591 quod
1388 4523 1661 4576 remittere
1702 4529 1923 4590 peccata
1977 4521 2146 4576 solius

595 4613 668 4666 sit
696 4611 809 4673 Dei,
847 4625 968 4664 cum
1000 4610 1067 4664 de
1094 4608 1255 4665 Patre
1285 4610 1389 4665 hoe
1425 4609 1646 4664 verbum
1691 4609 1934 4664 dicerent
1960 4629 1974 4664 :
2006 4609 2146 4674 Quid

597 4700 700 4764 hic,
752 4701 1024 4768 inquiunt,
1081 4700 1316 4769 loquitur
1381 4700 1775 4767 blasphemias?
1814 4701 1928 4768 quis
1978 4710 2148 4768 potest

599 4792 861 4843 remittere
885 4799 1117 4856 peccata,
1149 4790 1252 4843 nisi
1299 4791 1444 4844 solus
1480 4789 1617 4842 Deus
1640 4788 1730 4840 "?
1757 4788 1813 4843 Si
1845 4788 2006 4859 igitur
2046 4789 2146 4843 Pa-

601 4888 683 4934 ter
709 4880 922 4948 quidem
954 4889 1172 4949 peccata
1205 4881 1450 4944 remittit,
1487 4878 1655 4934 Filius
1703 4895 1834 4934 vero
1866 4888 2147 4950 peccatum

603 4968 788 5022 mundi
823 4970 962 5022 tollit
983 4987 995 5021 :
1019 4970 1269 5038 purificat
1297 4971 1422 5026 item
1452 4970 1686 5040 Spiritus
1717 4979 1938 5026 sanctus
1966 4985 1996 5024 a
2021 4986 2148 5040 pec-

602 5059 706 5113 cati
734 5058 1156 5128 inquinamentis
1185 5073 1302 5121 eos,
1344 5060 1396 5113 iu
1427 5061 1628 5132 quibus
1658 5060 1821 5114 fuerit
1849 5076 1862 5111 :
1899 5061 2027 5130 quid
2063 5062 2149 5114 di-

602 5155 745 5210 cent,
773 5148 864 5217 qui
892 5161 1044 5201 suam
1067 5147 1232 5200 vitam
1259 5151 1605 5218 Oppugnant?
1643 5150 1748 5204 Sed
1783 5153 1959 5204 veniat
1984 5166 2150 5221 super

604 5252 708 5293 nos
754 5237 986 5308 Spiritus
1037 5247 1276 5302 sanctus,
1309 5248 1363 5291 et
1397 5237 1645 5305 purillcet
1676 5253 1796 5302 nos,
1830 5248 1883 5294 et
1923 5255 2151 5310 capaces

673 5378 717 5410 ⁸⁸
763 5375 805 5429 ll
835 5375 962 5431 Cor.
995 5391 1089 5442 Ill,
1121 5373 1208 5431 l7.
1281 5374 1328 5406 ”
1365 5372 1533 5427 Marc.
1565 5386 1640 5436 tt,
1673 5373 1728 5428 7.

2247 4407 2506 4500 βοώντων,
2535 4429 2616 4480 ὅτι
2639 4427 2700 4480 τὸ
2735 4424 2991 4494 Ἀφιέναι
3023 4425 3311 4494 ἁμαρτίας
3326 4424 3507 4493 μόνου
3530 4413 3640 4470 ἐστι
3660 4407 3739 4500 τοῦ

2248 4497 2394 4573 Θεοῦ
2413 4533 2426 4547 ·
2465 4518 2591 4588 περὶ
2628 4516 2721 4568 τοῦ
2751 4516 2962 4587 Πατρὸς
3007 4515 3255 4581 λέγοντες
3275 4530 3288 4544 ’
3331 4512 3392 4565 Τί
3419 4505 3594 4571 οὗτος,
3622 4497 3736 4568 φησὶ.

2244 4609 2852 4678 λαλεῗβλασφημίας;
2879 4608 2973 4672 Τίς
2993 4608 3241 4659 δύναται
3268 4602 3491 4672 ἀφιέναι
3514 4590 3741 4678 ἁμαρτίας

2246 4703 2298 4754 et
2324 4700 2410 4769 μὴ
2429 4674 2615 4768 μόνος
2641 4674 2874 4762 όΊΘεόςς
2901 4698 2961 4749 Εἰ
2993 4691 3085 4749 οὖν
3122 4696 3316 4763 ἀφίησι
3351 4691 3445 4760 μὲν
3477 4678 3700 4769 ἁμαρτίᾳς
3719 4674 3740 4722 δ

2250 4767 2456 4859 Πατὴρ,
2495 4790 2635 4859 αἴρει
2669 4788 2726 4840 δὲ
2767 4789 2795 4840 ὁ
2827 4787 2951 4850 Υίὸς
2983 4785 3075 4838 τοῦ
3108 4786 3316 4854 κόσμου
3357 4781 3454 4848 τὴν
3489 4767 3740 4859 ἁμαρτίαν,

2249 4853 2530 4950 καθαρίζει
2550 4853 2606 4932 δὲ
2624 4877 2685 4930 τὸ
2706 4877 2926 4947 Πνεῦμα
2943 4875 3004 4928 τὸ
3025 4875 3176 4940 ἅγιον
3196 4876 3262 4925 ἐκ
3281 4871 3388 4925 τῶν
3409 4868 3501 4935 τῆς

2254 4941 2607 5040 μολυσμάτων
2643 4963 2724 5029 οἷς
2758 4967 2823 5019 ἂν
2850 4941 3133 5036 ἐγγένηται
3155 4981 3168 4993 ·
3196 4963 3251 5014 τί
3291 4959 3496 5032 ἐροῦσιν
3517 4954 3558 5005 οἱ
3586 4949 3639 5040 τῇ
3666 4941 3742 5040 ἱείς

2251 5027 2748 5134 στροστέολεμοῦντες
2806 5027 2955 5127 Qui;
3012 5027 3146 5107 ’λλΥ
3186 5027 3386 5104 ὲλθέέω
3431 5047 3508 5113 ἐφ’
3539 5038 3660 5134 ἡμᾶς
3696 5027 3741 5134 Eb

2252 5119 2474 5222 Πνεῦμα
2608 5119 2782 5218 ἅγιον,
2818 5119 2917 5201 καί
2944 5119 3299 5215 γκαθαρισάτω
3332 5138 3492 5212 ἡμᾶς,
3525 5129 3604 5184 καὶ
3628 5119 3742 5222 ποιῖΓ

2255 5259 2364 5294 σειε
2392 5208 2669 5302 δεκτικοὺς
2690 5208 2798 5292 τῶν
2826 5236 3043 5307 ὑψηλῶν
3066 5208 3122 5288 τε
3151 5234 3250 5288 καὶ
3271 5208 3567 5300 θεοτερεπῶν
3585 5208 3741 5280 νοημά⁶

677 5526 752 5595 (α)
793 5528 914 5584 time
967 5528 1125 5583 uncis
1157 5527 1361 5582 inclusa
1395 5525 1463 5579 ab
1492 5524 1784 5593 interprete
1816 5522 2043 5586 omissa,
2105 5535 2225 5591 qua:
2263 5519 2504 5575 citantur
2541 5521 2610 5575 ab
2648 5517 2964 5590 Euthymio,
3003 5521 3058 5575 in
3101 5518 3388 5588 Pauoplt'a,
3423 5513 3499 5570 tit.
3534 5506 3604 5574 1‘3,
3630 5509 3743 5555 nunc

609 5595 877 5652 addimus.
