3996 6196
267 277 398 333 “6|

1193 279 1282 334 DE
1325 281 1674 336 ()R.\TIONE
1715 283 2061 338 DOMENICA.
2102 313 2171 327 ~
2201 284 2457 344 ORATIO
2515 290 2604 344 lV.

3363 302 3502 358 “6‘2

259 413 388 457 των,
421 394 530 446 τῶν
564 393 651 448 διὰ
672 395 771 464 τῆς
798 399 1102 468 προσευχῆς
1135 401 1264 470 ἡμῖν
1296 403 1444 472 παρὰ
1475 403 1572 473 τῆς
1599 403 1690 456 τοῦ
1720 405 1834 456 Σω-

1941 406 2104 459 faciat
2128 407 2440 461 sublimium
2469 410 2668 477 pariter
2685 425 2743 463 ac
2765 411 3073 468 divinorum
3099 415 3496 482 intellectuutn,

259 489 425 557 τῆρος
473 485 941 556 ὑποδεικνυμένων
995 490 1198 560 φωνῆς,
1237 485 1281 558 ᾧ
1325 495 1358 562 ἡ
1405 492 1531 557 δόξα
1586 495 1664 556 είς
1712 495 1832 557 τοὺς

260 577 462 640 αίῶνας
493 577 601 629 τῶν
630 578 860 632 αἰώνων.
910 579 1102 650 Ἀμήν.

886 693 1103 745 ΛΟΓΟΣ
1139 693 1216 745 Δ’.

262 803 578 871 Γενηθήτω
613 803 674 857 τὸ
708 801 934 872 θέλημὰ
967 819 1104 863 σου,
1129 805 1217 873 κὼς
1252 805 1320 857 ἐν
1345 805 1576 873 οὐρανῷ
1615 808 1710 859 καὶ
1738 809 1831 859 ἐστὶ

330 875 439 940 τῆς
477 873 607 943 γῆς.
657 874 768 926 Τὸν
805 875 987 942 ἄρτον
1027 872 1195 941 ήμῶν
1239 874 1346 927 τὸν
1386 872 1696 930 ἐπιούσιον
1733 877 1775 928 δ.
1805 897 1836 940 ς

334 945 474 1010 ἡμῖν
501 944 788 1012 σήμερον.

333 1038 583 1090 Ἴῐκουσά
631 1053 775 1098 τινος
830 1033 1074 1105 ἰατρικοῦ
1118 1035 1380 1104 τεχνικῶς
1424 1039 1522 1106 τῆς
1568 1035 1708 1089 κατὰ
1736 1040 1834 1106 τὴν

259 1129 446 1196 ὑγείαν
473 1128 639 1190 ἕξεως
670 1124 1270 1196 φυσιολογοῦντος,ῐσως
1315 1127 1357 1179 δ’
1382 1126 1447 1180 ἂν
1471 1126 1679 1193 γένοιτο
1705 1126 1834 1196 ἡμῖν

259 1222 351 1274 καὶ
392 1220 532 1291 πρὸς
560 1222 658 1288 τὴν
695 1218 793 1288 τῆς
821 1219 999 1288 ψυχῆς
1026 1218 1238 1281 εὐεξίαν
1266 1219 1364 1270 οὑκ
1403 1219 1510 1270 ἀπὸ
1537 1218 1738 1270 σκοποῦ
1776 1216 1835 1270 τὸ

259 1313 567 1381 λεγόμενον.
594 1311 704 1380 Τὴν
734 1310 840 1381 γάρ
869 1313 933 1364 ὲκ
958 1308 1052 1364 τοῦ
1089 1310 1304 1382 μετρίου
1340 1311 1696 1381 παρατροπὴν
1727 1311 1834 1361 τῶν

259 1407 314 1456 ἐν
346 1406 480 1473 ἡμῖν
519 1401 795 1471 στοιχείων
822 1402 988 1464 τινὸς,
1024 1403 1200 1473 ἀρχὴν
1234 1400 1327 1454 καὶ
1351 1401 1528 1454 αἰτίαν
1558 1402 1656 1469 τῆς
1692 1400 1834 1453 κατὰ

263 1494 318 1546 τὸ
351 1493 520 1554 πάθος
553 1493 862 1554 συστάσεως
891 1491 1201 1562 διωρίζετο·
1231 1491 1323 1543 καὶ
1357 1492 1421 1542 ὲκ
1467 1490 1556 1543 τοῦ
1591 1491 1832 1543 ἐναντίου

262 1588 441 1646 πάλιν,
468 1586 562 1656 τὴν
586 1587 676 1637 ἐπὶ
695 1586 753 1637 τδ
773 1586 968 1638 οίκεῖόν
988 1601 1047 1636 τε
1069 1585 1161 1636 καὶ
1186 1583 1325 1636 κατὰ
1348 1582 1508 1651 φύσιν
1530 1583 1636 1636 τῶν
1657 1583 1762 1652 πλη
1771 1601 1834 1652 μ-

264 1678 439 1746 μελῶς
480 1677 961 1747 παμκινηθέντυιν
1002 1675 1501 1738 ἀποκαταστασίαν,
1537 1673 1831 1744 θεραπείαν

260 1766 496 1833 Ερατκεν
548 1765 646 1834 τῆς
678 1765 939 1827 νοσώδους
982 1765 1159 1827 αἰτίας
1206 1761 1364 1818 εἶναι.
1406 1764 1514 1816 Καὶ
1543 1762 1632 1816 διὰ
1676 1763 1833 1816 τοῦτο

261 1861 484 1910 σκοπεῖν
513 1857 648 1926 ᾤετο
682 1857 808 1916 δεῖν,
831 1859 910 1910 δτι
946 1857 1178 1926 μάλιστα
1217 1855 1324 1908 τῶν
1348 1858 1404 1908 ἐν
1440 1854 1572 1926 ἡμῖν
1614 1857 1671 1907 ἐν
1704 1857 1833 1908 ἀτα-

261 1948 351 2020 ξία
388 1946 722 2016 κινουμένων
743 1949 828 2000 διὰ
865 1944 960 2017 τῆς
1012 1947 1146 2011 ἰδίας
1181 1949 1589 2018 ἑπικρατήσεως
1646 1949 1834 2001 ἄτονον

259 2044 433 2093 ποιεῖν
459 2040 551 2092 τοῦ
585 2039 1065 2109 ἁντιστοιχοῦντος,
1087 2039 1183 2111 τὴν
1215 2040 1350 2111 πρὸς
1373 2041 1471 2113 τὴν
1494 2041 1678 2108 ὑγείαν
1708 2057 1826 2092 συν-

261 2134 554 2202 ειτφοράνο
607 2133 682 2193 ὠς
723 2134 770 2184 εί
823 2133 919 2202 μὲν
952 2132 1010 2185 τὸ
1053 2131 1252 2202 θερμὸν
1295 2133 1584 2202 ἐπικρατῇ,
1613 2145 1834 2200 συμμα-

263 2223 384 2292 χίαν
426 2225 519 2276 καὶ
553 2223 629 2293 τῷ
677 2223 1118 2293 δυναστευομένῳ
1153 2227 1470 2292 παρασχεῖν,
1507 2221 1601 2274 καὶ
1640 2218 1833 2273 ὑπονο-

261 2312 429 2376 τίζειν
456 2311 516 2364 τὸ
546 2309 952 2382 ξηραινὸμενον.
984 2312 1076 2381 Μή
1119 2327 1220 2363 που
1247 2309 1346 2378 τῆς
1373 2308 1506 2379 ὕλης
1539 2307 1834 2362 ὑπολιποὺ-

265 2416 389 2473 σης.
433 2403 728 2472 μαρανθείη
778 2402 996 2465 τελείως
1040 2403 1132 2455 καὶ
1163 2401 1525 2471 ἀποσϐεσθείη
1570 2402 1627 2453 ὲν
1663 2399 1837 2469 ἑαυτῷ

265 2494 326 2545 τὸ
356 2493 576 2563 θερμὸν,
603 2493 733 2546 αὐτὸ
760 2495 888 2564 περὶ
921 2491 1098 2563 ἐαυτῷ
1130 2491 1514 2562 δαπανώμενον
1537 2508 1548 2521 ·
1577 2492 1836 2553 ὡσαύτως

263 2585 358 2636 καὶ
407 2585 462 2636 εί
496 2603 547 2636 τι
591 2585 694 2636 τῶν
723 2585 894 2636 ἄλλων
922 2583 1030 2635 τῶν
1073 2583 1213 2636 κατὰ
1258 2582 1317 2634 τὸ
1351 2583 1588 2635 ἐναντίον
1617 2583 1674 2634 ἐν
1706 2583 1836 2651 ήμῖν

261 2681 652 2751 θεωρουμένων
694 2679 930 2732 ἐκίὶαίνοι
971 2677 1061 2731 τὸν
1091 2679 1234 2747 ὅρον,
1267 2676 1402 2747 πρὸς
1443 2678 1501 2729 τὸ
1547 2675 1835 2737 πλεονάζον

263 2769 538 2834 ἵστασθαι,
567 2772 644 2840 τῷ
684 2769 1056 2840 ἑλαττουμένῳ
1085 2768 1181 2838 τὴν
1212 2766 1317 2821 ἀπὸ
1349 2769 1448 2836 τῆς
1474 2767 1665 2836 τέχνης
1697 2785 1827 2836 συμ-

268 2861 470 2932 μαχίαν
508 2863 828 2930 ἐπάγοντας.
862 2859 1078 2912 Τούτων
1109 2859 1166 2912 δὲ
1195 2859 1516 2926 γενομένων,
1558 2858 1648 2911 καὶ
1681 2855 1836 2927 μηδε-

267 2952 355 3014 νὸς
386 2951 485 3013 τῆς
529 2951 636 3001 τῶν
678 2946 953 3017 στοιχείων
988 2948 1258 3016 ἰσονομίας
1313 2945 1707 3016 ἐμποδίζοντος,
1741 2947 1837 2996 ἑπ-

1939 497 2031 564 qui
2063 512 2156 565 per
2184 498 2481 550 orationem
2537 499 2693 552 nobis
2737 502 3099 558 ostenduntur
3142 521 3168 557 a
3203 521 3333 562 vove
3368 507 3498 562 Ser-

1939 589 2163 651 vatoris,
2207 589 2293 642 cui
2327 589 2496 658 gloria
2531 590 2581 642 in
2612 592 2804 644 smcula
2830 595 3171 648 seculorum.
3203 599 3391 652 Amen.

2514 701 2770 756 OliATlO
2799 701 2884 756 ιν.

1940 804 2069 861 Fiat
2101 808 2342 862 voluntas
2374 820 2486 875 tua,
2517 813 2650 864 sicut
2693 814 2745 864 in
2773 814 2898 865 caelo
2929 825 2976 867 el
3015 817 3065 867 in
3104 827 3264 871 terra.
3307 820 3498 875 Panem

2170 891 2406 933 nostrum
2438 883 2801 950 quotidianum
2829 883 2895 936 da
2928 884 3074 938 nobis
3098 887 3270 940 hodie.

2008 1031 2204 1084 Audivi
2235 1034 2519 1102 quemdam
2565 1035 2845 1090 medicina:
2878 1039 3109 1106 peritum
3161 1045 3500 1101 naturalibus

1937 1123 2243 1178 rationibus
2269 1125 2546 1191 adductis,
2575 1127 2848 1195 qttontodo
2876 1145 2994 1184 sese
3022 1134 3228 1188 sanitas
3255 1139 3501 1206 corporis

1939 1211 2078 1267 bene
2104 1213 2188 1267 vel
2213 1228 2372 1269 secus
2405 1215 2647 1277 haberet,
2683 1219 2979 1273 artiﬁciose
3007 1223 3458 1278 sermocinantem
3484 1243 3497 1280 :

1937 1320 2000 1357 ac
2025 1303 2275 1360 fortassis
2310 1306 2362 1359 id
2395 1307 2536 1376 quod
2569 1308 2768 1361 dicitur
2797 1311 2958 1363 etiam
2994 1312 3152 1364 nobis
3206 1314 3272 1366 ad
3306 1315 3500 1368 bonam

1936 1395 2131 1450 anima:
2163 1396 2528 1452 valetudinem
2565 1399 2822 1452 tuendam
2855 1400 2996 1453 haud
3031 1402 3265 1455 alienum
3316 1404 3496 1458 luerit.

1935 1483 2134 1538 Eorum
2171 1487 2313 1541 enim
2359 1503 2478 1557 qua!
2511 1488 2563 1541 iu
2608 1489 2763 1544 nobis
2809 1501 2936 1544 sunt
2967 1492 3356 1546 elementorum
3397 1495 3499 1546 ali-

1936 1576 2093 1643 cujus
2127 1592 2157 1630 a
2191 1578 2532 1632 convenienli
2571 1580 2733 1632 modo
2765 1579 3122 1635 deilexionetn
3177 1585 3499 1652 principium

1935 1677 1986 1718 et
2034 1682 2259 1723 causam
2293 1685 2414 1725 esse
2445 1672 2737 1734 statuebat,
2771 1687 2835 1726 ex
2878 1687 2982 1741 qna
3034 1674 3255 1728 morbus
3302 1675 3503 1728 conﬂa-

1935 1767 2124 1821 retnr;
2171 1768 2223 1814 et
2259 1777 2323 1814 ex
2373 1763 2651 1816 contrario
2709 1778 2900 1817 rursus
2948 1779 3134 1818 eorum
3190 1781 3309 1834 quae
3365 1768 3506 1820 male

1934 1867 1996 1903 ac
2030 1852 2158 1904 vitio
2185 1861 2330 1905 mota
2374 1864 2536 1922 atque
2589 1861 2794 1906 mutata
2844 1863 3028 1909 essent
3073 1855 3124 1908 in
3178 1857 3503 1911 convenien-

1935 1947 2044 1994 tem
2092 1949 2145 1995 et
2201 1944 2503 1997 naturalem
2561 1944 2782 1997 modum
2836 1945 3274 2007 restitutionem,
3329 1947 3502 2000 morbi

1935 2045 2115 2086 causa:
2164 2034 2508 2087 curationem
2547 2043 2708 2103 atque
2754 2037 3146 2089 correctionem
3178 2050 3300 2090 esse
3354 2036 3502 2090 dice-

1935 2119 2026 2173 bat
2053 2139 2064 2173 :
2095 2128 2258 2191 atque
2288 2122 2494 2176 idcirco
2524 2123 2876 2178 considerare
2909 2132 3073 2192 atque
3103 2124 3370 2194 dispicere
3403 2144 3501 2192 pu-

1936 2211 2085 2264 tabat
2116 2219 2388 2280 oportere,
2420 2213 2548 2282 quid
2581 2215 2813 2269 maxime
2846 2215 2899 2268 in
2930 2215 3019 2278 iis,
3058 2230 3178 2284 quae
3214 2231 3493 2284 perperam

1937 2287 1993 2357 in
2026 2304 2185 2358 nobis
2215 2311 2269 2359 et
2301 2291 2604 2360 inordinate
2636 2317 3004 2372 moverentur,
3030 2309 3112 2363 sui
3148 2311 3492 2379 prtevalentia

1936 2395 2171 2464 oppositi
2205 2396 2456 2450 elementi
2495 2398 2623 2459 vim,
2669 2415 2829 2468 quam
2864 2400 2930 2453 ad
2980 2403 3272 2456 sanitatem
3331 2403 3492 2457 simul

1937 2487 2182 2546 inferret.
2231 2487 2544 2556 infringeret
2601 2499 2764 2559 atque
2798 2491 3143 2548 debilitaret:
3179 2501 3238 2546 ut
3267 2494 3313 2548 si
3373 2497 3498 2564 qui.

1936 2573 2058 2628 dem
2094 2575 2242 2628 calor
2265 2576 2597 2645 prtevaleret,
2637 2579 2898 2632 auxilium
2951 2580 3000 2633 ei
3048 2581 3194 2649 quod
3223 2585 3498 2652 opprimeo

1937 2673 2086 2719 retur
2128 2666 2450 2735 praebeatur,
2479 2675 2531 2720 et
2561 2667 2812 2737 irrigetur
2852 2670 2902 2724 id
2933 2671 3078 2739 quod
3105 2657 3413 2726 exsiccetur
3449 2683 3502 2727 et

1939 2769 2177 2825 arescat,
2215 2776 2282 2814 ne
2321 2759 2458 2815 forte
2504 2764 2727 2817 materia
2776 2763 2991 2818 tandem
3024 2765 3332 2832 deﬁciente,
3373 2783 3503 2821 eva-

1937 2857 2123 2902 neseat
2157 2851 2370 2918 penitus
2398 2860 2450 2903 et
2484 2853 2861 2922 exlstingnatur
2893 2854 2944 2907 in
2983 2871 3104 2909 sese
3163 2855 3333 2914 calor.
3373 2859 3500 2909 dum

1939 2939 2055 3009 ipse
2085 2941 2230 2994 circa
2267 2959 2387 2998 sese
2424 2943 2768 2998 absumitur:
2801 2945 3052 2998 similiter
3089 2947 3251 2999 etiam
3286 2947 3330 3000 si
3369 2947 3497 3016 quid

267 3042 561 3110 ανάγεσθαι
586 3041 682 3110 τὴν
709 3041 894 3106 ὑγείαν
919 3039 994 3108 τῷ
1023 3039 1252 3107 σώματι,
1290 3037 1482 3106 μηκέτι
1504 3039 1600 3106 τῆς
1628 3034 1837 3103 φύσεως

1941 3045 2005 3085 ex
2050 3033 2172 3087 aliis
2211 3049 2330 3102 quae
2376 3051 2470 3103 per
2502 3037 2832 3090 contrarium
2874 3038 2926 3090 in
2958 3028 3113 3092 nobis
3151 3039 3508 3094 consideran-

268 3133 411 3188 κατὰ
440 3134 537 3203 τὴν
585 3133 780 3204 κράσιν
820 3129 1227 3199 άνωμαλούσης.
1263 3127 1326 3179 Τί
1357 3128 1418 3196 δή
1460 3143 1548 3194 μοι
1597 3125 1839 3195 βούλεται

267 3225 331 3277 τὸ
363 3223 574 3294 μακρὸν
598 3222 755 3276 τοῦτο
783 3221 873 3275 τοῦ
908 3221 1066 3287 λόγου
1096 3217 1374 3288 προοίμιον
1397 3237 1411 3283 ;
1442 3218 1590 3287 Τάχα
1611 3217 1710 3269 οὑκ
1735 3215 1842 3268 ἀπὸ

273 3314 476 3368 σκοποῦ
507 3315 568 3366 τὸ
603 3313 882 3384 θεώρημα,
920 3311 1036 3364 οὐδὲ
1068 3312 1254 3381 πόρρω
1291 3327 1392 3360 που
1423 3308 1521 3374 τῆς
1550 3309 1813 3379 προκειμέ

267 3422 366 3473 νης
422 3403 729 3464 ὑποθέσεως
781 3399 1204 3468 ἁπεσχοίνισται.
1253 3397 1545 3467 Πρόκειται
1604 3396 1714 3467 γάρ
1765 3399 1843 3458 είς

269 3492 503 3562 θεωρίαν
533 3495 660 3561 ἡμῖν
691 3491 770 3552 τὸ,
795 3491 1109 3557 Γενηθήτω
1144 3488 1208 3540 τὸ
1241 3486 1468 3555 θέλημά
1507 3500 1641 3539 σου.
1681 3487 1842 3538 Ὂτου

265 3585 324 3638 δὲ
351 3584 512 3654 χάριν
541 3583 893 3652 ἐμνήσθημεν
922 3580 1016 3632 τοῦ
1048 3578 1188 3632 κατὰ
1223 3577 1318 3648 τὴν
1351 3575 1597 3646 ἰατρικὴν
1634 3574 1841 3646 θεωρηο

267 3691 462 3746 ματος,
495 3675 582 3727 διὰ
613 3675 718 3726 τῶν
743 3670 938 3740 ἑφεξῆς
969 3670 1350 3739 σαφηνίσομεν.

1948 3129 2036 3175 tur
2065 3125 2283 3180 modum
2319 3129 2383 3179 ad
2414 3127 2828 3182 redundantiam
2869 3129 3138 3197 vergendo
3164 3133 3406 3193 excedat,
3449 3139 3508 3184 ut

1946 3216 1997 3271 id
2025 3218 2282 3271 auxilium
2314 3219 2382 3271 ab
2419 3227 2533 3272 arte
2566 3220 2704 3288 parti
2740 3235 2860 3288 qua:
2905 3223 3227 3275 succumbat
3263 3221 3508 3286 ferendo,

1947 3309 2174 3364 sistatur
2200 3323 2264 3364 ae
2307 3310 2654 3378 reprimatnr.
2709 3311 2840 3376 Quae
2891 3312 2936 3366 si
3005 3311 3146 3366 facta
3204 3312 3424 3376 fuerint,
3459 3325 3514 3369 et

1947 3401 2082 3454 nihil
2133 3402 2383 3471 aequabili
2451 3403 2844 3457 elementorum
2925 3403 3294 3460 distributioni
3349 3415 3514 3475 atque

1945 3493 2311 3561 requilihritati
2347 3494 2568 3558 olliciat,
2603 3497 2786 3550 reduci
2847 3506 3010 3565 atque
3043 3499 3254 3552 restitui
3296 3501 3513 3568 corpori

1946 3582 2256 3641 sanitatem.
2289 3583 2377 3635 ubi
2405 3593 2618 3643 natura.
2637 3593 2898 3654 quantum
2925 3588 3116 3639 attinet
3144 3590 3210 3640 ad
3244 3595 3515 3658 tempera-

1947 3677 2212 3730 mentum.
2273 3687 2382 3726 non
2417 3673 2652 3742 amplius
2681 3671 2840 3728 fuerit
2890 3675 3192 3742 inaequalis.
3238 3675 3510 3741 Quorsum

267 3775 439 3843 igitur
466 3780 674 3839 spectat
729 3768 858 3822 mihi
912 3767 1016 3821 hoc
1066 3766 1281 3833 longum
1323 3761 1586 3815 orationis
1636 3760 2010 3829 principium?
2069 3762 2322 3820 Fortasse
2356 3782 2463 3820 non
2503 3767 2674 3820 aliena
2742 3769 3058 3837 speculatio,
3120 3783 3294 3838 neque
3356 3769 3513 3836 longe

266 3883 298 3921 a
327 3863 609 3934 proposito
648 3866 965 3929 argumento
1004 3855 1250 3919 seiuncta
1276 3860 1439 3921 atque
1468 3851 1681 3904 diversa
1713 3857 1834 3915 est;
1879 3854 2214 3921 propositum
2241 3856 2384 3910 enim
2422 3858 2580 3912 nobis
2638 3866 2723 3912 est
2777 3858 2843 3911 ad
2874 3855 3503 3948 considerandum,qnid

263 3956 375 4012 sibi
417 3949 734 4021 velit,qu01
766 3949 1000 4002 dicitur:
1048 3945 1176 4000 Fiat
1206 3945 1445 3999 voluntas
1496 3951 1608 3995 tua.
1656 3939 1828 4010 Cujus
1865 3951 2046 3998 autem
2114 3948 2190 4002 rei
2263 3947 2441 4018 gratia
2495 3949 2692 4004 medici
2751 3950 3145 4020 speculamenti
3195 3941 3512 4006 memineri-

265 4059 414 4106 mnis,
453 4042 711 4108 deinceps
745 4036 1145 4092 deelarahimus
1184 4042 1237 4087 et
1269 4033 1596 4101 aperiemus.

340 4128 451 4184 Ἦν
477 4133 536 4182 ἐν
565 4130 730 4198 ὑγεία·
749 4127 874 4180 ποτε
911 4124 968 4178 τὸ
1002 4121 1188 4193 νοητὸν
1232 4123 1587 4194 ἀνθρώπινον,
1620 4117 1730 4176 οἷόν
1758 4137 1839 4172 τι·-

264 4242 376 4279 νων
402 4222 702 4290 στοιχείων.
725 4219 834 4272 τῶν
859 4219 954 4287 τῆς
971 4216 1148 4286 ψυχῆς
1172 4216 1312 4285 λέγω
1336 4216 1670 4286 κινημάτων,
1700 4213 1840 4266 κατὰ

2016 4119 2145 4175 Erat
2173 4123 2465 4191 aliquando
2521 4127 2574 4180 in
2617 4127 2850 4183 sanitate
2887 4136 3067 4184 mente
3105 4134 3514 4203 comprehensi-

1946 4211 2240 4276 bilegenus
2274 4216 2596 4280 humanum,
2632 4226 2891 4289 tanquam
2946 4220 3230 4277 elementis
3279 4225 3510 4293 quibus-

264 4313 361 4368 τὸν
387 4315 489 4383 τῆς
516 4311 717 4382 ἀρετῆς
756 4311 911 4378 λόγον
963 4307 1258 4381 ίσοκρατῶς
1297 4309 1354 4361 ὲν
1387 4311 1518 4378 ἡμῖν
1567 4305 1837 4378 κεκραμέ-

1946 4305 2092 4368 dam,
2118 4307 2331 4370 animae,
2365 4308 2609 4377 inquam,
2661 4311 2899 4366 motibus
2931 4312 3232 4366 secundum
3291 4318 3509 4372 virtutis

265 4424 396 4460 νων.
443 4405 599 4456 Ἐπεὶ
635 4403 692 4455 δὲ
739 4401 834 4455 τοῦ
879 4399 1274 4469 ἐπιθυμητικοῦ
1319 4397 1764 4468 κατισχύσαντος,
1805 4399 1838 4466 ἡ

267 4492 437 4548 αὑτοῦ
471 4491 714 4544 ἐναντίου
742 4488 999 4560 νοουμένη
1040 4488 1335 4558 διάθεσιςή
1377 4489 1668 4558 ἐγκράτεια
1715 4502 1843 4540 κατι

268 4581 552 4655 εκρατήθη
589 4581 666 4650 τῷ
694 4579 1055 4643 πλεονάζοντι,
1088 4579 1181 4632 καὶ
1211 4579 1309 4642 τὴν
1339 4578 1572 4649 ἄμετρον
1610 4579 1705 4647 τῆς
1727 4580 1847 4630 ὲπι-

266 4673 474 4743 θυμίας
503 4672 592 4724 ἐπὶ
618 4671 684 4723 τὰ
714 4669 787 4740 μὴ
820 4671 1004 4723 δέοντα
1047 4669 1258 4739 κίνησιν
1292 4668 1352 4720 τὸ
1380 4667 1584 4721 κωλῦον
1613 4669 1712 4720 οὑκ
1740 4663 1807 4738 ἦν
1827 4685 1839 4696 ·

269 4761 335 4810 ὲκ
361 4757 554 4811 τοῦτου
594 4757 654 4809 τὺ
686 4758 1029 4811 ὲπιθανάτιον
1065 4757 1278 4826 νόσημα
1318 4757 1351 4825 ἡ
1382 4756 1623 4827 ἁμαρτία
1655 4758 1721 4825 τῇ
1755 4757 1839 4809 ἀν·

271 4851 535 4920 πρωπίνῃ
585 4849 812 4918 συνέστη
853 4849 1032 4916 φύσει.
1088 4849 1144 4901 '0
1191 4848 1368 4900 τοίνυν
1417 4847 1597 4918 ἰατρὸς
1641 4848 1845 4918 ἀληθὴς

269 4942 380 4994 τῶν
404 4943 508 5010 τῆς
535 4940 711 5010 ψυχῆς
759 4940 1111 5009 παθημάτων,
1146 4942 1174 4992 ὁ
1206 4937 1294 4991 διὰ
1321 4940 1444 5002 τοὺς
1484 4938 1667 5002 κακῶς
1699 4939 1846 5008 ἕχον-

271 5051 370 5096 τας
399 5033 458 5084 ὲν
493 5035 558 5100 τῇ
591 5030 701 5102 ζωῇ
734 5031 842 5084 τῶν
876 5030 1176 5100 ἀνθρώπων
1205 5031 1510 5100 γενόμενος,
1543 5033 1655 5092 τοῖς
1693 5031 1750 5083 ὲν
1778 5033 1843 5101 τῇ

273 5126 551 5196 προσευχῇ
599 5125 883 5193 νοήμασιν,
917 5123 978 5175 τὸ
1017 5119 1292 5175 νοσοποιὸν
1324 5121 1494 5174 αττιον
1542 5119 1844 5182 ὑπεκλὺων,

273 5216 540 5282 ἐπανάγει
586 5217 734 5285 ἡμᾶς
768 5215 858 5266 ἐπὶ
896 5214 994 5285 τὴν
1039 5213 1233 5284 νοητὴν
1287 5213 1514 5280 ὑγίειαν.
1559 5213 1746 5280 Ὑγεία
1791 5213 1846 5265 δέ.

275 5307 390 5358 ἐστι
417 5305 517 5373 τῆς
535 5304 732 5374 ψυχῆς,
755 5306 788 5372 ὴ
814 5303 904 5355 τοῦ
927 5302 1070 5354 θείου
1095 5302 1394 5371 θελήματος
1418 5302 1596 5355 εὑοδία
1618 5320 1629 5330 ·
1660 5300 1846 5374 ὥσπερ

273 5397 337 5467 δὴ
370 5397 530 5451 πάλιν
561 5397 622 5449 τὸ
668 5399 915 5449 ἐκπεσεῖν
962 5395 1051 5449 τοῦ
1093 5392 1297 5462 ἀγαθοῦ
1350 5393 1648 5463 θελήματος
1696 5395 1848 5458 νόσος

277 5487 394 5542 ἐστὶ
424 5488 601 5560 ψυχῆς
629 5487 968 5557 τελευτώσης
1000 5488 1077 5549 είς
1111 5487 1352 5539 θάνατον.
1392 5485 1544 5536 Ἐπεὶ
1567 5480 1658 5537 οῦν
1690 5484 1849 5553 ἠσθε-

277 5580 644 5649 νήσαμεν,τὴν
673 5578 882 5650 ἀγαθὴν
911 5579 968 5630 ὲν
1000 5577 1077 5646 τῷ
1107 5575 1414 5644 παραδείσῳ
1447 5575 1653 5627 δίαιταν
1683 5592 1847 5629 κατα-

275 5670 546 5732 λιπόντες,
579 5671 668 5722 ὅτε
701 5669 792 5722 τοῦ
833 5668 1157 5739 δηλητηρίου
1216 5668 1312 5737 τῆς
1365 5669 1645 5738 παρακοῆς
1679 5670 1847 5741 ἄρδην

517 5765 787 5824 ΡΑτιιοι.
827 5765 942 5822 (in.
985 5764 1203 5823 XLIV.

1948 4396 2210 4451 rationem
2267 4399 2609 4467 aequabiliter
2668 4401 2722 4454 in
2784 4401 2944 4454 nobis
3007 4405 3344 4471 temperatis.
3403 4407 3509 4461 Sed

1947 4497 2297 4557 posteaquam
2351 4490 2676 4558 praevalente
2729 4489 2778 4542 vi
2832 4493 3202 4561 concupitiva,
3260 4511 3381 4564 quae
3445 4513 3514 4550 ex

1944 4579 2226 4632 contrario
2255 4579 2597 4648 intelligitur.
2627 4580 2860 4645 aﬂeetio,
2903 4583 3240 4639 continentia
3289 4602 3508 4656 nempe.

1945 4669 2013 4722 ab
2040 4685 2104 4724 eo
2136 4669 2280 4740 quod
2314 4670 2540 4723 nimium
2564 4678 2617 4723 et
2642 4671 2950 4725 redundans
2975 4682 3112 4735 erat,
3145 4675 3368 4728 subacta
3390 4685 3512 4736 est;

1943 4779 2067 4816 cum
2102 4779 2210 4818 non
2247 4771 2392 4819 esset
2421 4764 2563 4833 quod
2603 4764 3010 4818 immoderatam
3053 4767 3406 4835 cupiditatem
3460 4769 3514 4820 in

1947 4869 2034 4909 res
2061 4855 2437 4910 incommodas
2475 4861 2530 4908 et
2563 4854 2848 4911 indecoras
2891 4865 3137 4910 ruentem
3169 4859 3512 4926 reprimeret,

1947 4952 2001 4998 et
2040 4944 2332 5008 inhiberet;
2369 4944 2566 4998 exinde
2606 4945 2784 4999 letalis
2817 4947 3040 5000 morbus
3069 4956 3347 5017 peccatum
3407 4949 3510 5002 hu-

1948 5047 2119 5085 mana:
2158 5041 2365 5085 naturae
2390 5033 2680 5086 conflatum
2720 5042 2821 5088 est.
2867 5032 3042 5090 Verus
3101 5037 3268 5104 igitur
3319 5039 3516 5091 anitum

1947 5122 2203 5176 vitiorum
2240 5131 2292 5176 et
2334 5123 2648 5177 morborum
2686 5125 2955 5187 medicus,
2987 5126 3078 5194 qui
3117 5137 3337 5196 propter
3376 5129 3514 5180 male

1950 5214 2212 5268 habentes
2244 5217 2296 5267 in
2333 5217 2439 5267 vita
2472 5215 2751 5268 hominum
2788 5225 3034 5270 versatus
3069 5227 3169 5280 est,
3205 5217 3511 5270 rationibus

1949 5308 2016 5361 iis
2045 5323 2164 5374 quae
2201 5307 2255 5361 in
2286 5308 2532 5362 oratione
2561 5307 3058 5376 deprehenduntur,
3082 5323 3303 5362 causam
3339 5308 3510 5360 morhi

1947 5395 2264 5450 cilicientem
2295 5398 2510 5458 tollens.
2537 5397 2769 5450 restituit
2805 5411 2903 5448 nos
2937 5397 2990 5449 in
3024 5412 3142 5452 eam
3174 5414 3294 5467 qum
3333 5405 3515 5449 mente

1950 5487 2248 5557 percipitur
2304 5487 2611 5541 sanitatem.
2677 5486 2895 5539 Sanitas
2955 5498 3132 5540 autem
3193 5489 3382 5540 animm
3429 5492 3515 5538 cst

1949 5579 2146 5634 divinae
2177 5576 2475 5632 voluntatis
2511 5590 2734 5644 prosper
2791 5591 3102 5634 successus.
3157 5574 3514 5647 quemadmo—

1953 5671 2081 5725 dum
2111 5667 2278 5722 etiam
2308 5682 2374 5722 ex
2406 5664 2706 5725 contrario.
2738 5665 3006 5719 excidisse
3041 5666 3185 5721 bona
3218 5665 3510 5724 voluntate,

3082 5763 3160 5822 37
