3996 6196
529 224 665 278 H65

1800 222 1853 272 S.
1897 219 2221 274 διιιςϐοιιιι
2259 220 2543 276 NYSSENI

3581 245 3684 299 HM

528 338 754 394 morbus
789 337 983 390 animai
1009 343 1092 390 est
1127 336 1179 388 in
1211 347 1437 391 mortem
1473 338 1791 393 desinentis.
1825 339 2068 404 Quouian

2199 338 2626 411 ἐνεᾳορήθημεν,
2670 342 2762 394 καὶ
2802 341 2888 393 διὰ
2919 341 3073 394 τοῦτο
3114 342 3188 411 τῷ
3226 349 3420 418 πονηρῷ
3444 353 3585 418 τούτῳ
3615 365 3690 414 καὶ

528 433 693 499 igitur
723 431 863 484 bona
898 429 1075 483 victus
1114 429 1324 483 ratione
1351 438 1512 500 atque
1559 430 1876 484 habitudine
1911 431 1963 483 in
1999 445 2090 499 pa-

521 522 704 576 radiso
736 521 923 574 relicta
965 521 1372 589 aegrotat-imus,
1429 537 1549 574 eum
1592 522 1656 574 de
1714 520 2092 574 iuobedientize

521 627 733 666 veneno
767 613 992 681 largiter
1035 613 1396 679 Stlntpsiuttts.
1437 620 1490 663 rt
1535 613 1740 665 idcirco
1797 612 1896 665 hoc
1937 611 2086 681 gravi

519 710 684 771 atque
718 702 863 755 letali
905 702 1096 754 morbo
1123 709 1312 752 natura
1342 702 1631 753 succubuit
1674 707 1839 767 atque
1871 699 2086 752 devicta

516 803 621 856 est,
656 793 805 847 venit
841 793 1082 846 medicus
1133 807 1317 853 verus,
1367 792 1521 860 juxta
1560 790 1933 860 praescriptum
1975 805 2085 842 me-

517 884 654 938 dicae
684 885 818 938 artis
851 899 944 954 per
976 883 1251 936 contraria
1277 883 1477 934 malum
1509 897 1712 936 sanans
1741 898 1754 945 ;
1787 888 1948 950 atque
1991 895 2085 934 eos

515 977 607 1045 qui
646 975 849 1030 idcirco
897 975 953 1028 in
997 973 1244 1027 morbum
1305 973 1629 1032 inciderant,
1663 973 1805 1040 quod
1839 987 1866 1024 a
1903 971 2084 1023 divina

514 1069 796 1120 voluntate
847 1073 1208 1128 recesserant,
1273 1078 1465 1116 rursus
1517 1063 1904 1129 conjunctione
1959 1077 2082 1114 cmn

514 1162 793 1215 voluntate
828 1159 1008 1213 divina
1040 1175 1067 1211 a
1100 1157 1290 1211 morbo
1324 1157 1536 1211 liberat.
1574 1157 1704 1209 Nam
1757 1156 1918 1208 verba
1955 1169 2082 1206 ora-

516 1255 682 1308 tionis
720 1252 891 1306 morbi
926 1251 1121 1303 anima:
1149 1249 1466 1304 inhaerentis
1494 1250 1702 1304 curatio
1751 1258 1897 1303 sunt.
1951 1247 2084 1302 Pre-

513 1353 669 1398 catur
727 1343 870 1396 enim
935 1341 1091 1410 quasi
1155 1341 1481 1410 quibusdam
1537 1340 1822 1394 doloribus
1888 1341 2082 1393 animae
2135 1397 2148 1414 I

513 1447 757 1503 pressus,
792 1432 881 1501 qui
917 1431 1068 1489 dicit,
1098 1428 1220 1482 Fiat
1245 1429 1484 1482 voluntas
1527 1439 1636 1480 tua.
1687 1427 1949 1480 Voluntas
1985 1441 2082 1477 au-

513 1531 620 1577 tem
679 1521 771 1574 Dei
825 1520 974 1574 salus
1032 1518 1310 1572 hominum
1365 1527 1468 1571 est.
1525 1516 1659 1570 Cum
1691 1517 1855 1586 igitur
1886 1517 1938 1569 in
1977 1517 2080 1568 hoc

511 1613 889 1690 consistimus,
930 1619 984 1664 ut
1020 1610 1084 1663 ad
1137 1610 1302 1662 Deum
1332 1609 1603 1673 dicamus,
1646 1608 1766 1661 Fiat
1820 1607 1982 1662 etiam
2024 1608 2078 1661 in

511 1720 597 1758 me
627 1686 877 1758 voluntas
915 1710 1027 1765 tua,
1064 1686 1288 1756 omnino
1327 1716 1553 1755 necesse
1601 1708 1686 1754 est
1741 1699 1891 1768 prius
1937 1699 2080 1751 illam

511 1797 674 1848 vitam
729 1796 980 1850 incusare
1036 1809 1156 1863 quae
1209 1792 1446 1846 divinam
1508 1791 1836 1844 voluntatem
1901 1797 2078 1843 trans-

509 1902 694 1958 gressa
727 1895 864 1950 erat,
897 1895 1057 1954 atque
1092 1885 1204 1938 hzec
1250 1900 1344 1954 per
1396 1883 1796 1938 confessionem
1841 1897 2078 1936 comme-

511 1977 1044 2043 morarezQuoniam
1078 1993 1173 2046 per
1219 1978 1557 2045 superiorem
1613 1975 1776 2028 vitam
1828 1976 1968 2029 male
2023 1975 2074 2026 in

509 2085 593 2124 me
627 2077 848 2138 operata
883 2076 965 2123 est
994 2067 1243 2137 Opposita
1279 2067 1666 2135 contrariaque
1691 2067 1968 2127 voluntas,
2021 2073 2075 2119 et

507 2161 740 2231 improbi
782 2161 994 2231 tyranni
1049 2160 1298 2212 minister
1346 2158 1448 2222 fui,
1508 2166 1766 2226 tanquam
1827 2154 2070 2210 carnifex

507 2254 725 2322 quidam
752 2267 1057 2322 exsequens
1101 2251 1364 2305 adversus
1415 2250 1681 2319 tneipsum
1744 2249 2069 2302 sententiam
2144 2308 2147 2310 _

507 2347 732 2408 inimici,
761 2345 987 2410 idcirco,
1018 2343 1493 2412 metepcrditionis
1529 2343 1807 2402 misertus,
1834 2339 2072 2395 concede

506 2445 564 2489 ut
596 2434 812 2489 tandem
846 2433 1137 2502 aliquando
1171 2432 1332 2486 etiam
1368 2433 1418 2485 in
1450 2447 1534 2485 me
1564 2431 1653 2484 ﬁat
1681 2430 1934 2484 voluntas
1952 2437 2068 2482 tua.

507 2525 574 2577 [τι
602 2525 744 2579 enim
776 2525 828 2576 in
865 2523 1138 2591 speluncis
1170 2522 1420 2575 obscuris
1474 2520 1624 2574 illato
1679 2519 1883 2573 lumine
1922 2527 2069 2573 tene-

502 2617 612 2668 brat
640 2621 993 2675 evanescunt,
1049 2620 1102 2666 et
1134 2612 1307 2679 caligo
1369 2611 1700 2664 recedit:ita
1742 2611 1786 2664 si
1848 2618 1938 2662 tua
1975 2624 2070 2661 vo-

501 2707 682 2759 luntas
713 2704 775 2756 'iu
809 2719 894 2757 me
932 2703 1114 2767 fuerit,
1173 2702 1349 2754 omnis
1390 2717 1586 2770 pravus
1625 2709 1678 2755 et
1724 2701 2068 2768 importunus

500 2796 662 2850 animi
708 2795 968 2864 propositi
1009 2805 1185 2847 motus
1229 2793 1293 2844 ad
1336 2794 1560 2846 nihilum
1598 2792 1889 2860 redigetur.
1935 2790 2065 2844 Nam

500 2888 769 2945 sobrietas
800 2893 853 2940 et
888 2883 1151 2949 modestia
1186 2883 1444 2936 lascivum
1480 2891 1530 2935 et
1562 2881 1818 2934 vitiosum
1870 2881 2066 2934 mentis

499 2979 796 3051 appetitum
833 2977 1160 3043 exstinguet,
1201 2975 1364 3026 animi
1409 2974 1667 3026 demissio
1713 2973 1914 3028 fastum
1972 2972 2065 3024 ab-

2201 429 2534 498 ἐπιθανατίῳ
2563 433 2825 500 νοσήματι
2857 433 3232 503 κατεκρατήθη
3259 437 3288 504 ή
3315 438 3482 504 φύσις·
3515 440 3692 513 ἦλθενδ

2199 519 2450 590 ἀληθινδς
2503 521 2703 593 ἰατρὸς,
2737 522 2874 574 κατά
2920 523 3010 573 τὸν
3055 523 3212 592 νόμον
3253 526 3343 595 τῆς
3376 530 3588 604 ἰατρικῆς
3625 537 3694 593 διὰ

2198 611 2305 662 τῶν
2328 612 2582 664 ἐναντίων
2609 612 2668 663 τὸ
2691 612 2854 664 κακον
2891 612 3181 683 ἐξιώμενος
3202 633 3213 644 ·
3241 618 3326 668 καὶ
3346 620 3454 682 τοὺς
3474 622 3549 676 διὰ
3570 627 3693 682 τοῦτο

2196 704 2261 770 τῇ
2297 703 2577 772 ἀρρωστία
2603 704 3037 772 συνενεχθέντας,
3078 705 3157 756 ὅτι
3178 707 3265 758 τοῦ
3296 708 3426 762 θείου
3447 712 3694 784 θελήματος

2197 793 2593 862 ἐχωρίσθησαν,
2639 794 2798 846 πάλιν
2847 795 3118 866 ἐλευθεροῖ
3173 798 3263 849 τοῦ
3317 803 3600 870 νοσήματος,
3644 814 3691 877 τῇ

2195 885 2329 952 πρὸς
2367 884 2425 936 τὸ
2475 884 2719 954 βούλημα
2774 884 2866 936 τοῦ
2907 884 3040 937 Θεοῦ
3093 889 3362 960 συναφείᾳ.
3393 893 3466 944 Τὰ
3493 895 3585 964 γὰρ
3625 898 3697 967 τῆς

2194 977 2500 1044 προσευχῆς
2543 976 2780 1044 ῥήματα,
2816 976 3081 1045 θεραπεία
3115 979 3228 1031 ἐστὶ
3271 980 3362 1048 τῆς
3402 984 3695 1056 ἐγγινομένης

2191 1068 2256 1134 τῇ
2285 1064 2428 1133 ψυχῇ
2460 1065 2789 1145 ἀρρωστίας,
2823 1066 3052 1136 Εὔχεται
3092 1068 3200 1139 γὰρ
3241 1067 3348 1145 οἷόν
3373 1089 3498 1126 τισιν
3532 1076 3699 1139 ὀδύναις

2191 1153 2287 1224 τὴν
2320 1154 2495 1223 ψυχὴν
2531 1144 2879 1224 συνεχόμενος
2910 1158 2939 1207 ὁ
2981 1157 3152 1225 λέγων
3172 1175 3184 1188 ο
3214 1144 3509 1226 Γενηθήτω
3552 1166 3605 1216 τὸ
3628 1165 3698 1222 θέε

2190 1245 2353 1313 ληημά
2397 1262 2532 1300 σου.
2563 1247 2784 1318 Θέλημα
2809 1249 2865 1300 δὲ
2904 1249 3037 1301 Θεοῦ
3069 1252 3102 1318 ή
3137 1252 3372 1321 σωτηρία
3401 1253 3500 1305 τῶν
3536 1255 3701 1326 ivnge.

2191 1354 2306 1390 πων
2339 1337 2504 1390 ἐστίν.
2545 1339 2792 1392 Ἐπειδὰν
2832 1341 3009 1394 τοίνυν
3049 1344 3129 1404 είς
3163 1342 3318 1394 τοῦτο
3358 1343 3567 1413 στῶμεν,
3592 1346 3700 1400 ὥστε

2190 1427 2360 1477 εἰπεῖν
2387 1425 2463 1495 τῷ
2496 1427 2633 1497 Θεῷ,
2662 1428 2742 1480 ὅτι
2781 1429 3067 1501 Γενηθήτω
3098 1432 3192 1483 καὶ
3215 1433 3271 1484 ἐν
3315 1433 3432 1502 ἐμοί⁵
3456 1435 3510 1486 τὸ
3534 1434 3705 1505 θέλημὰ

2191 1532 2283 1567 σου
2308 1554 2322 1578 ,
2357 1516 2566 1586 ἀνάγκη
2610 1519 2759 1571 πᾶσα
2797 1520 3061 1591 πρότερον
3105 1527 3382 1577 κατειπεῖν
3423 1525 3607 1578 ἐκείνου
3632 1526 3704 1579 τοῦ

2190 1603 2326 1672 βίου,
2357 1605 2416 1667 ὃς
2449 1605 2552 1668 ἐξω
2581 1607 2672 1659 τοῦ
2717 1607 2860 1660 θείου
2895 1609 3231 1680 βουλήματος
3259 1608 3343 1682 ἦν,
3376 1613 3633 1667 καὶταῦτα
3662 1616 3705 1667 ἐν

2120 1706 2155 1756 Β
2185 1697 2250 1764 τῇ
2279 1695 2628 1767 ἐξαγορεύσει
2661 1699 2974 1762 διεξελθεῖν·
2997 1703 3076 1756 ὅτι
3100 1703 3316 1777 Ἐπειδὴ
3386 1706 3557 1768 κακῶς
3579 1708 3706 1776 ἐνήρ·

2186 1801 2353 1854 γησεν
2377 1788 2434 1839 ἐν
2471 1789 2592 1858 ἐμοὶ
2634 1789 2720 1842 διά
2749 1790 2841 1842 τοῦ
2872 1792 3174 1858 φθάσαντος
3207 1794 3323 1863 βίου
3361 1795 3418 1846 τὺ
3446 1797 3705 1864 ἀντικείμε-

2183 1892 2272 1929 νον
2297 1875 2524 1948 θέλημα,
2553 1879 2647 1931 καὶ
2677 1881 2953 1951 ὑπηρέτης
2987 1883 3257 1956 ἐγενόμην
3285 1886 3378 1937 τοῦ
3409 1887 3620 1956 πονηροῦ
3645 1905 3710 1939 τυ·

2185 1967 2400 2037 ράννου,
2439 1965 2548 2022 οἶόν
2599 1987 2682 2032 τις
2726 1971 2917 2042 δήμιος
2956 1973 3051 2044 τὴν
3092 1975 3190 2026 τοῦ
3235 1975 3426 2045 ἐχθροῦ
3471 1978 3708 2046 ςῆφιινείς

2184 2059 2355 2129 πέρας
2385 2062 2504 2113 κατ’
2537 2062 2771 2131 ἐμαυτοῦ
2808 2064 2985 2133 φέρων
3003 2083 3014 2096 ο
3046 2066 3243 2118 τούτου
3271 2069 3429 2139 χάριν
3455 2065 3612 2121 οἶκτον
3634 2068 3708 2122 λα-

2181 2147 2290 2201 ϐὼν
2327 2149 2422 2219 τῆς
2465 2152 2736 2214 ἀπωλείας
2772 2169 2893 2221 μου,
2929 2154 3016 2217 δός
3059 2173 3193 2208 ποτε
3220 2157 3402 2209 καὶτὸ
3431 2157 3514 2209 σὺν
3539 2157 3708 2227 θέλημα

2179 2241 2431 2310 γενέσθαι
2461 2244 2515 2294 ἐν
2555 2242 2700 2312 ἐμοί.
2731 2243 2938 2314 ’Ὠσπερ
2967 2244 3074 2314 γὰρ
3107 2246 3172 2297 ἐν
3215 2248 3326 2308 τοῖς
3355 2244 3598 2314 ζοφώδεσι
3629 2247 3711 2298 τῶν

2181 2332 2457 2403 σπηλαίων
2487 2333 2661 2401 φωτὸς
2694 2335 3127 2404 είσκομισθέντος
3165 2339 3194 2388 ὁ
3216 2337 3377 2406 ζόφος
3403 2339 3706 2406 ἀφανίζεται·

2177 2421 2318 2475 οὕτω
2358 2423 2450 2475 τοῦ
2498 2423 2591 2476 σοῦ
2638 2424 2938 2496 θελήματος
2980 2428 3037 2478 ἐν
3086 2427 3559 2496 ἐμοὶ-γενομένου,
3596 2430 3713 2480 πᾶσα

2178 2513 2385 2584 πονηρὰ
2415 2516 2506 2567 καὶ
2547 2515 2746 2578 ἄτοπος
2783 2517 2882 2585 τῆς
2919 2519 3303 2588 προαιρέσεως
3351 2520 3549 2590 κίνησις
3575 2522 3641 2580 είς
3666 2518 3714 2570 τὸ

2180 2606 2251 2676 μὴ
2298 2606 2356 2658 ὃν
2388 2607 2751 2675 περιΐσταται.
2797 2607 2858 2659 'Il
2906 2609 3013 2679 γὰρ
3067 2611 3402 2681 σωφροσύνη
3448 2611 3608 2664 σϐέσει
3639 2609 3714 2679 τήν

2176 2695 2464 2748 ἀκόλαστον
2485 2698 2575 2748 καὶ
2592 2697 2810 2767 ἐμπαθῆ
2835 2699 2934 2768 τῆς
2962 2700 3205 2764 διανοίας
3232 2704 3409 2774 ὁρμήν
3427 2719 3439 2732 ⁶
3515 2718 3714 2754 ταπεινοί

2176 2788 2412 2856 φροσύνη
2443 2787 2804 2841 καταναλὼσει
2831 2791 2919 2841 τὸν
2938 2775 3136 2858 τῦφον·
3164 2795 3198 2864 ἡ
3233 2794 3512 2864 μετριότης
3542 2794 3712 2845 ἰάσεται

2172 2877 2270 2946 τῆς
2299 2878 2666 2947 ὑπερηφανίας
2706 2881 2803 2948 τὴν
2832 2881 2982 2933 νόσον
3006 2897 3017 2909 ⁸
3051 2883 3116 2934 τὸ
3149 2884 3207 2935 δὲ
3235 2886 3332 2954 τῆς
3382 2887 3582 2953 ἀγάπης
3604 2885 3713 2950 ἁγα-

2175 2968 2263 3019 θον
2295 2970 2459 3021 πολὺν
2507 2971 2801 3038 κατάλογον
2834 2971 2940 3023 τῶν
2993 2973 3394 3045 ἀντικειμένων
3441 2976 3606 3027 κακῶν
3633 2975 3712 3042 τῆς

499 3081 712 3128 sumet:
741 3068 1046 3124 moderatio
1083 3066 1351 3134 superbia:
1403 3067 1647 3116 morbum
1702 3067 1951 3119 sanabit:
1991 3065 2064 3118 di-

2169 3056 2346 3126 ψυχῆς
2404 3059 2696 3112 ἀπελάσει’
2745 3061 2947 3131 ταύτην
2987 3062 3100 3133 γὰρ
3159 3066 3437 3135 ὑποχωρεί
3466 3067 3522 3118 τὸ
3569 3070 3710 3133 μίσος,

499 3159 750 3215 lectionis
781 3171 911 3210 vero
939 3156 1140 3210 bonum
1170 3170 1420 3223 magnum
1456 3169 1741 3206 numerum
1794 3155 2066 3223 opposito-

501 3266 619 3305 rum
656 3249 927 3302 malorum
970 3263 1033 3299 ex
1064 3246 1242 3297 anima
1278 3245 1507 3312 echllet
1537 3263 1547 3297 :
1583 3245 1708 3296 huic
1740 3245 1883 3297 enim
1923 3247 2065 3299 cedit

499 3341 708 3403 odium,
743 3337 965 3397 invidia,
1001 3337 1269 3396 simultas,
1305 3337 1397 3388 irte
1447 3342 1660 3396 motus,
1697 3336 1938 3389 animosa
1987 3335 2065 3387 af-

498 3429 680 3492 fectio,
716 3427 944 3488 insidiae,
978 3425 1274 3488 simulatio,
1325 3425 1697 3477 molestiarum
1747 3435 1799 3478 et
1835 3425 2064 3493 injuria-

499 3533 619 3572 rum
648 3516 928 3577 memoria,
961 3512 1211 3567 vindicta:
1243 3513 1459 3581 cupido,
1498 3513 1903 3567 eﬂ‘et'vcscentia
1935 3529 2063 3567 san-

494 3608 676 3681 guinis
711 3608 851 3660 circa
906 3621 1025 3670 cor,
1065 3605 1295 3658 acerbus
1347 3615 1399 3658 et
1456 3605 1796 3658 truculentus
1849 3607 2062 3668 oculus,

495 3700 673 3755 omnis
704 3699 890 3751 talimu
929 3697 1183 3750 vitiorum
1222 3711 1347 3764 grex
1403 3695 1714 3749 dilectionis
1774 3695 2062 3749 adet-tione

496 3793 750 3862 pellitur:
791 3790 863 3842 ita
897 3788 1164 3857 duplicem
1206 3787 1622 3840 simulacrorum
1654 3787 1857 3840 cultum
1915 3786 2061 3854 ejicit

495 3881 729 3936 eilicacia
757 3879 951 3933 divinae
981 3877 1276 3931 voluntatis
1303 3895 1317 3942 ;
1353 3877 1648 3946 duplicem,
1673 3878 1912 3944 inquam,
1946 3883 2057 3929 tum

495 3971 641 4024 circa
679 3969 991 4028 simulacra,
1037 3973 1148 4019 tum
1211 3965 1357 4019 circa
1414 3973 1694 4034 argentum
1735 3973 1788 4018 et
1844 3979 2055 4024 aurum,

494 4060 761 4115 insaniam
794 4067 954 4126 atque
981 4055 1263 4111 lurorem:
1313 4071 1432 4125 quae
1472 4071 1652 4110 sermo
1709 4056 2059 4124 propheticus

495 4152 786 4208 simulacra
819 4149 1059 4220 gentium
1104 4148 1404 4202 nominavit
1427 4147 1489 4201 ⁶¹.
1515 4145 1634 4199 Fiat
1667 4147 1829 4216 igitur
1866 4146 2058 4198 volun-

491 4256 572 4298 tas
595 4253 707 4306 tua,
735 4249 791 4294 ut
824 4239 1024 4293 diaboli
1052 4239 1304 4291 voluntas
1325 4237 1721 4304 exstinguatur.
1753 4233 1857 4289 Sed
1889 4249 2058 4303 quare

488 4348 776 4404 precamur
808 4339 866 4384 ut
901 4347 930 4384 a
979 4331 1083 4384 Deo
1144 4329 1343 4383 bonum
1386 4328 1546 4383 nobis
1583 4327 1747 4380 animi
1809 4326 2056 4396 preposi~

486 4435 601 4479 tum
630 4423 952 4492 contingat?
978 4421 1102 4492 quia
1129 4421 1340 4474 inﬁrma
1370 4419 1434 4473 ad
1469 4420 1668 4472 bonum
1699 4427 1782 4473 est
1816 4420 2050 4472 humana

436 4551 438 4555 -
485 4524 1072 4585 natura,posteaquam
1103 4513 1268 4567 semel
1300 4528 1391 4581 per
1425 4512 1770 4565 vitiositatem
1791 4518 2051 4563 enervata

487 4615 602 4661 est:
633 4623 737 4660 non
773 4607 917 4661 enim
951 4606 1023 4659 ita
1063 4604 1220 4658 facile
1261 4619 1289 4656 a
1324 4603 1466 4656 malo
1499 4617 1691 4657 rursus
1732 4603 1796 4655 ad
1850 4602 2049 4655 bonum

485 4697 649 4748 homo
687 4698 996 4758 revertitur,
1045 4705 1105 4748 ut
1141 4709 1169 4746 a
1207 4694 1351 4747 bono
1384 4687 1473 4746 'ad
1522 4693 1721 4746 malum
1782 4692 2048 4756 accessit;

484 4785 938 4853 quemadmodum
1000 4787 1162 4838 etiam
1228 4785 1282 4838 in
1344 4785 1667 4858 corporibus
1726 4786 1848 4840 talis
1912 4784 2049 4837 ratio

485 4875 839 4930 animadverti
872 4884 1068 4942 potest,
1112 4876 1253 4944 quod
1287 4891 1395 4929 non
1447 4876 1636 4936 simili.
1677 4892 1852 4945 neque
1897 4868 2050 4946 teque

482 4963 768 5019 co’nmmda
828 4980 890 5015 ac
949 4963 1093 5016 facili
1160 4965 1371 5019 ratione
1439 4975 1550 5018 tum
1595 4981 1786 5020 sanum
1849 4981 2048 5036 corpus

484 5056 677 5110 morbo
707 5054 1003 5108 obnoxium
1036 5053 1115 5118 ﬁt,
1145 5061 1255 5106 tum
1284 5056 1424 5122 quod
1463 5057 1651 5109 morbo
1682 5057 2007 5111 laboraverit
2029 5095 2042 5119 ,

482 5155 725 5202 sanatur.
757 5143 889 5197 Nam
924 5144 1014 5212 qui
1050 5143 1209 5213 paulo
1246 5153 1372 5197 ante
1407 5145 1457 5196 in
1509 5146 1741 5199 sanitate
1793 5145 2041 5214 degebat,

481 5242 564 5296 vel
603 5255 696 5308 per
732 5253 897 5291 unum
949 5238 1150 5291 vulnus
1190 5236 1336 5290 venit
1376 5234 1428 5287 in
1469 5235 1768 5302 periculum
1813 5237 2040 5292 mortis:

487 5325 655 5400 atque
688 5343 830 5381 unus
862 5327 1098 5381 ambitus
1137 5334 1229 5379 aut
1261 5323 1504 5379 accessio
1547 5321 1712 5376 febris
1758 5323 2042 5378 ﬁrmitudi-

483 5436 606 5475 nem
653 5433 866 5474 omnem
917 5417 1163 5488 corporis
1216 5431 1278 5471 ac
1308 5417 1544 5487 vigorem
1597 5413 1796 5468 solvit:
1832 5423 1883 5468 et
1929 5419 2043 5469 exi-

552 5596 593 5628 “
633 5596 777 5652 Psal.
816 5611 980 5662 cxm,
1018 5595 1071 5649 4.

2168 3151 2195 3200 ὁ
2225 3149 2431 3214 φθόνος,
2464 3152 2494 3220 ἡ
2529 3151 2764 3221 μῆνις,ή
2800 3154 2918 3204 κατ’
2951 3153 3123 3223 ὀργὴν
3163 3157 3400 3226 κίνησις,
3432 3160 3463 3226 ἡ
3499 3155 3712 3226 θυμώδης

2167 3240 2423 3305 διάθεσις,
2456 3245 2488 3310 ἡ
2541 3243 2818 3314 ἐπιϐουλὴ,
2852 3247 2883 3314 ἡ
2931 3246 3250 3316 ὑπόκρισις,
3283 3251 3316 3319 ἡ
3363 3250 3468 3301 τῶν
3497 3246 3716 3314 λυπηρῶν

2170 3337 2374 3404 μνήμη,
2405 3337 2438 3403 ἡ
2482 3336 2576 3404 τῆς
2621 3336 3026 3405 ἀντιλυπήσεως
3077 3340 3289 3409 δρεξις,
3329 3343 3362 3411 ἠ
3411 3337 3715 3410 περικάρδιος

2165 3425 2256 3476 τοῦ
2285 3425 2511 3494 αἵματος
2545 3425 2710 3488 ζέσις,
2747 3429 2773 3477 ό
2813 3427 3005 3496 πικρὸς
3033 3429 3344 3498 ὀφθαλμός.
3374 3429 3548 3482 Ταῦτα
3575 3429 3603 3495 ἡ
3629 3442 3718 3476 τοι·

2164 3515 2334 3568 οῦτων
2368 3517 2550 3568 κακῶν
2580 3518 2746 3587 ἀγέλη
2780 3521 2842 3588 τῇ
2880 3519 3205 3591 ἀγαπητικῇ
3243 3521 3476 3573 διαθέσει
3503 3515 3717 3585 ἐξαφανί-

2165 3607 2332 3669 ζεται.
2371 3607 2554 3668 Οὕτως
2583 3607 2827 3660 ἐκϐάλλει
2864 3608 2958 3678 τὴν
2984 3609 3415 3682 εἰδωλολατρίαν
3447 3613 3476 3679 ἠ
3505 3609 3720 3677 ἐνέργεια

2161 3697 2254 3749 τοῦ
2287 3697 2421 3749 Θεοῦ
2459 3697 2790 3768 βουλήματος
2815 3712 2826 3726 '
2862 3699 3053 3768 διπλῆν
3084 3701 3146 3753 δέ
3195 3719 3364 3771 φημι,
3395 3702 3491 3769 τήν
3531 3715 3581 3750 τε
3615 3696 3717 3763 περὶ

2161 3787 2228 3839 τά
2272 3787 2484 3850 εἴδωλα,
2536 3789 2629 3840 καὶ
2679 3789 2776 3858 τὴν
2819 3789 2946 3856 περὶ
2977 3789 3037 3840 τὸ
3071 3789 3348 3860 ἀργύριον
3403 3790 3492 3842 καὶ
3533 3784 3719 3859 χρυσίον

2165 3880 2380 3949 μανίαν,
2417 3879 2557 3948 ἅπερ
2607 3879 2797 3931 εἴδωλα
2840 3879 2946 3932 τῶν
2994 3881 3172 3934 ἐθνῶν
3215 3883 3245 3933 ὁ
3279 3885 3380 3953 τῆς
3422 3879 3717 3950 προφητείας

2161 3969 2408 4039 ὠνόμασε
2435 3969 2609 4035 λόγος.
2645 3969 2930 4038 Γενηθήτω
2956 3970 3143 4023 τοίνυν
3184 3972 3249 4024 τὸ
3286 3972 3499 4042 Θέλημά
3528 3987 3629 4032 σου,
3650 3967 3718 4018 ἴνα

2163 4058 2360 4128 σϐεσθῇ
2394 4057 2486 4110 τοῦ
2516 4057 2759 4110 διαϐόλου
2794 4058 2852 4110 τὸ
2879 4058 3118 4128 θέλημα.
3157 4061 3265 4113 Διά
3293 4063 3348 4112 τί
3394 4060 3448 4112 δέ
3477 4059 3567 4128 τὴν
3593 4052 3717 4121 παρᾶ

2158 4148 2250 4200 τοῦ
2275 4147 2408 4200 Θεοῦ
2437 4149 2687 4215 γενέσθαι
2706 4149 2801 4218 τὴν
2827 4151 3035 4219 ἀγαθὴν
3071 4154 3215 4221 ἡμῖν
3240 4153 3558 4224 προαίρεσιν
3583 4151 3716 4200 ἐπευ-

2157 4240 2393 4309 χόμεθα;
2437 4241 2558 4293 ’Ὀτι
2602 4241 2833 4308 ἀσθενὴς
2872 4246 2902 4310 ἡ
2942 4242 3270 4314 ἀνθρωπίνη
3327 4245 3489 4312 φύσις
3529 4243 3648 4311 πρὸς
3671 4237 3719 4286 τδ

2159 4331 2358 4398 ἀγαθόν
2405 4333 2572 4395 ἐστιν,
2625 4331 2772 4395 ἅπαξ
2816 4332 2902 4385 διά
2944 4333 3150 4397 κακίας
3191 4335 3617 4406 ἐκνευρισθείσα.
3655 4327 3716 4380 Οὗ

2157 4423 2263 4494 γὰρ
2297 4421 2434 4493 μετά
2463 4423 2558 4492 τῆς
2598 4423 2763 4492 αὐτῆς
2812 4424 3079 4487 εὐκολίας,
3121 4421 3194 4496 ἧς
3237 4428 3379 4496 πρὸς
3425 4427 3486 4478 τὸ
3521 4421 3716 4477 κακὸνό

2155 4513 2437 4584 ἄνθρωπος
2468 4513 2705 4584 ἔρχεται,
2739 4516 2830 4567 καὶ
2861 4515 2967 4566 ἀπὸ
2990 4516 3191 4568 τούτου
3231 4518 3400 4571 πάλιν
3432 4518 3520 4570 ἐπὶ
3541 4516 3594 4570 τὸ
3613 4515 3717 4579 ἀγα·

2155 4604 2247 4657 θον
2282 4604 2639 4674 ἐπανέρχεται
2661 4623 2673 4636 ο
2703 4604 2889 4675 ὥσπερ
2928 4606 3021 4657 καὶ
3053 4607 3155 4658 ἐπὶ
3183 4608 3300 4660 τῶν
3339 4610 3594 4678 σωμάτων
3627 4605 3716 4656 ἐστι

2155 4695 2483 4764 κατανοῆσαι
2512 4696 2602 4748 τὸν
2632 4696 2870 4750 τοιοῦτον
2895 4689 3079 4765 λόγον,
3113 4699 3202 4752 ὅτι
3239 4701 3343 4770 οὐχ
3382 4699 3591 4770 ὁμοίως,
3618 4692 3714 4747 οὐδὲ

2157 4783 2292 4854 μετά
2320 4784 2418 4854 τῆς
2449 4785 2568 4854 ίσης
2599 4785 2898 4857 ῥᾳστώνης,
2934 4788 2994 4840 τό
3031 4806 3092 4840 τε
3121 4790 3380 4858 ὑγιαῖνον
3414 4793 3472 4842 ἐν
3495 4790 3619 4854 νόσῳ
3644 4785 3714 4852 yi-

2155 4893 2322 4937 νεται,
2362 4876 2455 4928 καὶ⁵
2483 4876 2542 4928 τὸ
2575 4878 2858 4947 νενοσηκὸς
2901 4879 3214 4947 ὑγιάζεται.
3263 4883 3322 4935 'O
3362 4882 3471 4953 γὰρ
3497 4881 3550 4932 ἐν
3581 4873 3712 4944 ὑγείᾳ

2153 4966 2287 5029 τέως
2315 4966 2532 5035 διάγων.
2564 4969 2656 5019 καὶ
2681 4967 2746 5020 δι’
2780 4969 2892 5031 ἐνὸς
2919 4970 3186 5035 πολλάκις
3212 4974 3530 5044 τραύματος
3550 4973 3619 5030 είς
3639 4965 3712 5018 τὸν

2153 5058 2278 5126 περὶ
2310 5057 2417 5109 τῶν
2442 5058 2687 5126 ἐσχάτων
2717 5058 2956 5112 κίνδυνον
2999 5057 3140 5129 ἦλθε
3171 5080 3187 5094 ο
3226 5064 3324 5117 καὶ
3363 5065 3462 5135 μία
3503 5058 3708 5133 περίοδος

2151 5147 2182 5215 ἢ
2224 5144 2493 5216 καταϐολὴ
2530 5147 2763 5216 πυρετοῦ
2807 5149 2979 5200 πάντα
3009 5148 3108 5201 τὸν
3160 5153 3260 5204 τοῦ
3309 5154 3556 5224 σώματος
3587 5148 3710 5201 τόνον

2149 5236 2409 5299 διέλυσεν,
2438 5236 2532 5288 καὶ
2572 5234 2792 5306 βραχεῖα
2845 5236 3182 5308 δηλητηρίου
3238 5242 3448 5308 γεῦσις,
3485 5242 3516 5311 ἢ
3548 5250 3709 5290 παντε·

2147 5326 2252 5390 λῶς
2286 5325 2606 5397 διέφθειρεν,
2640 5327 2672 5396 ἢ
2721 5328 2848 5398 παρ’
2881 5328 3060 5396 ὀλίγον
3115 5333 3288 5386 τοῦτο
3334 5335 3608 5402 ἐποίησεν
3633 5323 3709 5379 καὶ

2145 5419 2379 5488 δήγματι
2411 5416 2661 5489 ἑρπετοῦ,
2689 5418 2720 5488 ἢ
2757 5419 2964 5490 κέντρῳ
2996 5423 3110 5474 τινὶ
3143 5423 3261 5476 τῶν
3289 5423 3528 5487 ίοόόλων,
3566 5419 3595 5492 ἢ
3621 5413 3706 5468 ὕλι·
