3996 6196
311 320 452 383 H65

1246 330 1334 385 DE
1360 330 1710 387 ORATIONE
1750 327 2097 385 DOMINICA.
2120 360 2190 370 —
2215 323 2472 384 ORATIO
2506 328 2593 384 IV.

3415 324 3554 384 H66

313 446 569 517 σθήματι,
611 434 1151 515 ἤκαταπτώματι,ἢ
1199 445 1404 500 πλείονι
1459 447 1553 516 τῆς
1596 448 1875 517 δυνάμεως

1985 462 2141 515 gnum
2176 460 2238 501 ac
2265 460 2490 515 parvum
2526 443 2716 498 veneni
2749 451 3049 515 gustatum,
3090 438 3175 501 vel
3213 443 3433 515 penitus
3458 447 3546 500 in—

310 535 605 606 άδηφαγίᾳ,
632 534 662 603 ἢ
690 534 835 606 ἄλλῳ
867 536 969 588 τινὶ
1000 532 1245 607 τοιούτῳ,
1284 537 1486 600 εύΟέως
1515 539 1884 608 ἐπηκολούθη-

285 641 402 677 -σεν
442 624 474 694 ἢ
522 624 695 686 νόσος.
749 623 781 693 ἢ
836 622 1157 693 θάνατος-ἡ
1207 624 1263 677 δὲ
1314 626 1407 678 τοῦ
1457 621 1884 698 άρῤωστήματος

312 713 618 784 ἀπαλλαγὴ,
648 714 865 777 πολλαῖς
896 714 1157 778 ἐπινοίαις
1182 717 1409 782 γίνεται,
1441 717 1535 770 καὶ
1556 718 1880 780 δυσκολίαις.

312 805 404 857 καὶ
436 805 651 873 τέχναις
701 807 992 874 ἰατρικαῖς,
1043 806 1137 858 ἐὰν
1190 806 1295 877 ἄρα
1348 807 1443 861 καὶ
1496 808 1736 878 γένηται.
1790 809 1884 864 Διά

310 898 467 951 τοῦτο
497 898 634 968 πρὸς
669 898 767 966 μὲν
799 898 858 950 τὸ
883 900 1050 951 κακον
1080 902 1207 970 ἡμῖν
1236 902 1331 969 τῆς
1361 901 1538 971 ὁρμῆς
1570 901 1880 972 γινομένης,

309 990 370 1041 ού
396 988 556 1058 χρεία
603 986 694 1040 τοῦ
729 982 1135 1059 συνεργοῦντος,
1183 990 1501 1060 αὐτομάτως
1534 993 1590 1043 ἐν
1621 992 1698 1062 τῷ
1728 993 1883 1063 θελή-

313 1097 440 1150 ματι
469 1080 625 1151 ἡμῶν
652 1081 749 1151 τῆς
772 1079 968 1143 κακίας
1000 1078 1198 1151 ἑαυτὴν
1221 1076 1529 1153 τελειούσης
1550 1100 1564 1113 ο
1598 1085 1645 1135 εί
1667 1078 1722 1135 δὲ
1750 1082 1883 1154 πρὸς

307 1171 368 1224 τὺ
406 1175 653 1243 κρεῖττον
675 1165 882 1239 γένοιτο
911 1174 942 1242 ή
979 1173 1136 1243 ῥοπὴ.
1172 1174 1264 1226 τοῦ
1309 1173 1441 1226 Θεοῦ
1472 1175 1628 1244 χρεία
1657 1174 1751 1227 τοῦ
1785 1174 1881 1245 τὴν

307 1248 604 1333 ἒπιθυμίαν
631 1265 709 1325 είς
738 1263 897 1331 ἔργον
939 1265 1183 1331 ἄγοντος.
1217 1264 1316 1318 Διὰ
1356 1264 1513 1319 τοῦτό
1554 1283 1764 1336 φαμενο
1801 1268 1881 1321 ὅτι

313 1354 530 1426 Ἐπειδὴ
554 1354 761 1426 θέλημά
793 1373 884 1411 σου
907 1353 1055 1410 ἐστὶν
1082 1359 1111 1425 ἡ
1145 1357 1482 1428 σωφροσύνη,
1515 1356 1625 1426 ἐγὼ
1666 1356 1720 1412 δὲ
1753 1360 1884 1431 σάρ-

312 1440 463 1507 κινός
513 1445 629 1513 είμι
680 1445 1026 1516 πεπραμένος
1059 1444 1163 1499 ὑπὸ
1204 1442 1300 1518 τὴν
1349 1448 1650 1520 ἁμαρτίαν·
1691 1452 1758 1519 τῇ
1814 1444 1919 1520 σῇ’

310 1532 539 1602 δυνάμει
592 1530 954 1604 κατορθωθείη
993 1551 1081 1603 μοι
1128 1535 1187 1588 τὸ
1220 1536 1422 1604 ἀγαθὸν
1444 1536 1603 1591 τοῦτο
1633 1530 1842 1608 θέλημα
1865 1555 1878 1569 ·

310 1619 482 1683 οὔτως
514 1621 547 1690 ἡ
586 1619 921 1689 δικαιοσύνη,
965 1623 997 1689 ἡ
1045 1622 1310 1688 εὐσέϐεια,
1341 1627 1373 1695 ἡ
1409 1624 1517 1678 τῶν
1560 1618 1747 1679 παθῶν
1784 1626 1882 1679 ἁλ-

309 1709 610 1780 λοτρίωσις.
653 1712 718 1763 Ἡ
745 1711 854 1782 γάρ
885 1712 978 1763 τοῦ
1007 1710 1309 1782 θελήματος
1338 1713 1509 1784 φωνὴ,
1542 1715 1719 1779 πάσας
1739 1733 1881 1784 γενι-

310 1799 422 1861 κῶς
468 1798 932 1870 ἐμπεριλαμϐάνει
978 1799 1076 1863 τὰς
1110 1802 1328 1873 ἀρετὰς,
1363 1807 1454 1857 καὶ
1497 1804 1566 1858 τὰ
1606 1805 1879 1859 καθ’ἒκα-

309 1901 436 1944 στον
467 1890 576 1943 τῶν
611 1893 668 1943 ὲν
704 1889 780 1961 τῷ
818 1892 1005 1961 ἀγαθῷ
1049 1894 1373 1964 νοουμένων,
1410 1896 1467 1950 ἐν
1500 1896 1576 1967 τῷ
1614 1890 1879 1969 θελῆματι

306 1980 403 2035 τοῦ
436 1982 570 2035 Θεοῦ
602 1982 905 2051 θεωρεῖταιε

1986 533 2204 595 terlicit,
2238 534 2320 588 vel
2347 534 2478 603 quin
2504 533 2554 587 id
2581 531 2763 597 faciat,
2790 550 2981 603 parum
3007 535 3160 590 abest
3185 551 3199 590 :
3225 542 3278 590 et
3306 549 3548 589 morsum

1986 624 2276 694 serpentis,
2317 633 2412 678 aut
2453 625 2701 678 aculeum
2726 627 2973 679 venenati
3004 626 3237 695 alicujus
3270 626 3545 687 animalis,

1985 725 2077 769 aut
2108 717 2340 785 lapsum,
2377 724 2469 768 aut
2510 716 2760 780 ruinam,
2800 723 2893 767 aut
2957 716 3156 785 largius
3194 730 3355 786 quam
3402 717 3548 771 vires

1986 807 2126 861 ferre
2176 808 2384 878 possint
2433 814 2706 876 sumptum
2756 807 2957 869 cibum,
2999 815 3092 860 aut
3156 807 3356 876 aliquid
3401 808 3546 860 aliud

1985 898 2280 967 ejusmodi,
2311 897 2492 952 statim
2513 897 2605 958 ,γει
2633 896 2855 950 morbus
2895 896 3163 963 sequitur,
3217 894 3301 949 vel
3353 910 3499 950 mors
3531 911 3546 949 :

1986 994 2041 1043 at
2079 989 2256 1042 morbi
2312 987 2620 1058 proﬂigatio
2666 987 2853 1042 multis
2894 984 3190 1041 solertibus
3223 985 3461 1040 inventis
3495 994 3550 1039 et

1985 1079 2294 1134 rationibus
2341 1078 2687 1147 excogitatis,
2719 1077 2885 1130 multa
2925 1091 3045 1130 cum
3108 1073 3441 1138 dilIicultate,
3495 1083 3552 1130 et

1985 1170 2195 1225 artibus
2236 1168 2464 1224 medicis
2511 1167 2821 1231 conﬁcitur,
2885 1168 2929 1222 si
2964 1166 3103 1221 forte
3136 1167 3298 1221 etiam
3356 1165 3549 1220 confici

1985 1263 2181 1332 possit.
2210 1261 2418 1316 Idcirco
2447 1275 2568 1315 cum
2599 1258 2667 1312 ad
2699 1256 2901 1311 malum
2940 1252 3159 1327 quidem
3191 1271 3255 1310 ae
3282 1257 3468 1310 vitium
3494 1256 3550 1309 in

1985 1352 2145 1406 nobis
2176 1352 2286 1404 ruit
2311 1351 2602 1420 appetitus,
2630 1364 2735 1402 non
2772 1363 2912 1416 opus
2938 1357 3022 1402 est
3050 1346 3320 1415 adjutore,
3350 1346 3552 1415 quippe

1985 1443 2039 1497 in
2072 1443 2353 1496 voluntate
2382 1449 2567 1495 nostra
2597 1441 2895 1494 vitiositate
2923 1439 3159 1508 seipsaut
3213 1438 3358 1492 ultro
3388 1435 3552 1508 perli-

1984 1535 2201 1598 ciente;
2232 1533 2374 1602 qitod
2412 1534 2454 1588 si
2485 1533 2539 1585 in
2570 1532 2764 1586 melius
2806 1530 3087 1584 inclinatio
3117 1528 3223 1589 ﬁat.
3252 1528 3363 1583 Deo
3413 1538 3553 1598 opus

1982 1626 2087 1688 est,
2131 1626 2226 1696 qui
2261 1625 2502 1679 studium
2533 1630 2585 1677 et
2615 1622 2947 1679 desiderium
2980 1622 3047 1675 ad
3083 1637 3222 1691 opus
3268 1619 3547 1689 perducat.

1983 1714 2276 1784 Propterea
2306 1714 2577 1769 dicimus:
2610 1713 2875 1778 Quoniam
2909 1703 3182 1767 'voluntas
3221 1718 3311 1764 tua
3348 1716 3552 1778 tempe-

1986 1806 2159 1860 rantia
2198 1814 2304 1869 ρει,
2352 1818 2451 1872 ego
2499 1818 2627 1858 vero
2673 1816 2905 1857 carneus
2954 1817 3099 1867 sum,
3158 1799 3413 1855 venditus
3448 1796 3552 1853 sub

1988 1908 2294 1969 peccatum,
2346 1896 2547 1949 virtute
2592 1902 2684 1947 tua
2744 1896 2859 1949 haec
2913 1894 3056 1949 bona
3113 1892 3245 1946 mihi
3298 1892 3551 1945 voluntas

1993 1989 2323 2056 contingat:
2357 1986 2434 2039 ita
2479 1984 2715 2054 iustitia,
2761 1984 2953 2053 pietas,
3006 1999 3036 2037 a
3071 1983 3217 2038 vitiis
3273 1980 3550 2035 alienatio.

308 2070 443 2130 Nam
512 2077 805 2131 voluntatis
864 2070 1187 2132 vocabulum
1241 2070 1566 2149 generaliter
1632 2089 1820 2137 'otnnes
1869 2082 2100 2137 "virtutes
2154 2082 2207 2135 in
2247 2094 2306 2137 se
2358 2078 2803 2149 comprehendit,
2855 2093 2919 2133 ac
2953 2087 3072 2147 qua:
3120 2075 3430 2147 singulatim
3496 2073 3554 2129 in

308 2170 453 2225 bono
480 2170 871 2240 intelliguntur,
910 2170 963 2224 in
1004 2172 1285 2228 voluntate
1323 2172 1415 2228 Dei
1452 2175 1635 2229 omnia
1662 2176 2191 2230 animadvertuntur.
2372 2168 2383 2177 ’

392 2257 554 2311 Ἀλλά
580 2258 636 2311 τί
667 2256 912 2328 βούλεται
946 2261 979 2330 ὴ
1014 2260 1296 2332 προσθήκη
1337 2261 1431 2315 τοῦ
1475 2262 1655 2331 λόγου,
1696 2264 1878 2329 Ὠςὲν
1932 2328 1935 2331 _

304 2348 540 2418 οὐρανῷ
568 2348 665 2402 καί
692 2349 791 2402 ἐπὶ
816 2351 922 2416 τῆς
941 2349 1086 2420 γῆς;
1116 2351 1269 2422 Τάχα
1297 2370 1385 2422 μοι
1411 2353 1558 2407 δοκεῖ
1581 2354 1688 2407 τῶν
1714 2354 1877 2424 βαθυ-

305 2440 366 2495 es
376 2459 480 2512 ρων
501 2458 554 2493 τι
571 2440 853 2511 δογμάτων
874 2442 1262 2512 ὑποσημαίνειν
1286 2447 1313 2496 ὁ
1327 2444 1502 2513 λόγος,
1521 2444 1613 2498 καί
1626 2426 1747 2499 τινα
1764 2464 1879 2500 ποι-

306 2532 486 2585 εῖσθαι
530 2531 873 2586 διδασκαλίαν
900 2531 1232 2603 θεοπρεποῦς
1254 2534 1487 2600 διανοίας
1510 2538 1565 2588 ὲν
1587 2540 1651 2607 τῇ
1680 2537 1880 2609 θεωρίᾳ

305 2624 407 2693 τῆς
420 2624 667 2687 κτίσεως.
680 2626 744 2676 ‘0
756 2624 811 2677 δὲ
823 2623 968 2692 λέγω
978 2624 1216 2678 τοιοῦτόν
1232 2630 1365 2680 ἐστι·
1379 2629 1717 2699 Μεμέρισται
1732 2631 1879 2682 πᾶσα

305 2720 340 2789 ὴ
368 2716 560 2788 λογικὴ
591 2718 785 2780 κτίσις,
810 2717 889 2781 εἷς
916 2735 977 2771 τε
1006 2718 1103 2786 τὴν
1129 2717 1417 2787 ἀσώματον
1461 2721 1552 2771 καὶ
1588 2719 1685 2788 τὴν
1715 2718 1880 2794 ὲνσώ-

294 2808 676 2880 ματομρύσιν.
703 2809 857 2861 Ἔστι
879 2808 935 2860 δὲ
955 2807 1217 2878 ἀγγελικὴ
1240 2802 1336 2877 μὲν
1356 2810 1388 2879 ἡ
1412 2807 1694 2879 ἀσώματος
1712 2827 1725 2841 υ
1748 2808 1806 2861 τὸ
1825 2806 1880 2863 δὲ

308 2890 494 2967 ἕτερον
518 2895 654 2960 εἶδος
678 2898 835 2967 ἡμεῖς
865 2898 911 2949 οἱ
937 2898 1032 2950 ἄνθ
1042 2908 1228 2967 ρωποι.
1265 2896 1323 2949 'll
1346 2898 1443 2967 μὲν
1466 2894 1557 2950 οὖν
1577 2899 1759 2966 νοητὴ,
1784 2900 1878 2953 ἆτε

305 2986 371 3060 δὴ
395 2987 489 3042 τοῦ
523 2989 811 3059 βαροῦντος
834 2989 1203 3059 κεχωρισμένη
1235 2987 1480 3058 σώματος
1499 2990 1705 3059 (τούτου
1737 2990 1879 3059 λέγω

308 3079 401 3131 τοῦ
440 3078 736 3132 ἀντιτύπου
774 3097 831 3131 τε
878 3078 972 3132 καὶ
1011 3080 1089 3143 είς
1134 3080 1233 3148 γῆν
1272 3078 1576 3150 βρίθοντος)
1627 3080 1722 3152 τὴν
1768 3081 1878 3134 ἅνω

308 3161 459 3239 λῆξιν
501 3168 904 3240 ἐπιπορεύεται,
949 3172 1059 3230 τοῖς
1099 3170 1319 3237 κούφοις
1346 3187 1402 3222 τε
1428 3172 1517 3223 καὶ
1547 3170 1880 3243 αἱθεριώδεσι
1910 3152 1951 3210 (Ῐ

309 3266 494 3326 τόποις
516 3262 944 3333 ἐνδιατρίϐουσα,
972 3263 1029 3315 ὲν
1058 3258 1268 3333 ἐλαφρᾷ
1300 3280 1359 3314 τε
1401 3266 1491 3317 καὶ
1522 3264 1786 3335 εὐκινήτῳ

311 3353 470 3422 φύσει
493 3370 506 3383 ·
542 3356 575 3425 ἡ
601 3354 656 3407 δὲ
680 3353 841 3423 ἑτέρα
867 3352 953 3406 διὰ
981 3352 1077 3406 τὴν
1101 3354 1192 3407 τοῦ
1219 3354 1466 3426 σώματος
1495 3358 1526 3427 ἠ
1536 3356 1649 3425 μῶν
1672 3350 1802 3430 πρδς
1822 3358 1883 3411 τὸ

310 3445 512 3512 γεῶδες
540 3438 881 3515 συγγένειαν,
906 3439 1016 3499 οἷόν
1042 3464 1161 3499 τινα
1197 3446 1338 3510 ίλύος
1370 3448 1740 3518 ὑποστάθμην,
1762 3448 1880 3503 κατ’

310 3539 556 3611 ἀνάγκην
584 3541 674 3594 τὸν
706 3540 981 3611 περίγειον
1008 3542 1197 3595 τοῦτον
1227 3542 1409 3613 εἴληχε
1446 3543 1578 3613 βίον.
1628 3545 1741 3597 υύκ
1765 3538 1883 3596 οἶδα

313 3632 412 3703 μὲν
435 3633 464 3685 ὅ
482 3648 534 3685 τι
554 3631 645 3685 τοῦ
671 3630 814 3688 θείου
847 3633 1183 3703 βουλήματος
1202 3632 1289 3687 διὰ
1311 3627 1515 3687 τούτων
1542 3630 1883 3704 οἰκονομοῦν-

308 3738 420 3785 τος,
460 3719 571 3774 εἴτε
602 3723 779 3773 πᾶσαν
808 3721 941 3792 πρὸς
966 3716 1158 3793 ἑαυτὴν
1200 3722 1522 3785 οἰκειοῦντος
1559 3723 1656 3794 τὴν
1685 3723 1878 3787 κτίσιν,

309 3812 385 3873 ὼς
419 3814 488 3866 ἂν
531 3810 665 3883 μήτε
694 3812 804 3865 τῶν
835 3810 1095 3884 οὐρανίων
1146 3814 1449 3884 ὑψωμάτων
1479 3810 1511 3883 ἡ
1559 3814 1708 3867 κάτω
1732 3814 1881 3884 λῆξις

309 3904 652 3974 ἁμοιρήσειε,
699 3904 835 3976 μήτε
879 3904 906 3956 ὁ
933 3902 1157 3976 οὐρανὸς
1208 3904 1434 3958 καθόλου
1464 3905 1573 3958 τῶν
1613 3904 1754 3958 κατὰ
1784 3905 1881 3976 τὴν

311 3991 415 4060 γῆν
452 3993 820 4064 άμοιρήσειεν,
863 3992 939 4056 ὡς
982 3993 1047 4046 ἂν
1090 3993 1293 4063 γένοιτό
1325 4013 1405 4057 τις
1432 3995 1519 4049 διά
1548 3994 1640 4047 τοῦ
1672 3995 1879 4066 ἀνθρω-

311 4083 468 4135 πίνου
503 4082 820 4152 πλάσματος
857 4082 1100 4153 ἐκατέρῳ
1148 4082 1254 4135 τῶν
1297 4083 1572 4153 στοιχείων
1627 4078 1881 4153 μετουσία

307 4171 418 4224 τῶν
456 4173 514 4223 ὲν
545 4170 755 4242 θατέρῳ
783 4172 1106 4241 νοουμένων,
1137 4172 1230 4225 τοῦ
1259 4190 1317 4225 τε
1352 4173 1537 4243 νοεροῦ
1559 4173 1656 4243 τῆς
1682 4172 1877 4245 ψυχῆς,

308 4258 446 4334 ὅπερ
473 4262 621 4315 δοκεί
648 4262 912 4331 συγγενές
938 4281 997 4316 τε
1030 4264 1121 4318 καὶ
1150 4263 1414 4333 ὁμόφυλον
1435 4263 1542 4318 τῶν
1570 4264 1689 4317 κατ’
1715 4264 1879 4335 οὐρα-

308 4353 415 4407 νῶν
455 4350 595 4407 εἶναι·
624 4348 924 4424 δυνάμεων,
950 4354 1060 4419 τοῖς
1094 4356 1301 4424 γηῖνοις
1332 4352 1577 4426 σώμασιν
1609 4354 1879 4409 ἐνοικοῦν-

306 4461 421 4507 τος,
454 4440 553 4513 τῆς
595 4438 651 4496 δὲ
678 4438 884 4515 γεηρᾶς
924 4439 1124 4534 ταύτης
1156 4443 1356 4515 σαρκὸς
1405 4440 1461 4497 ὲν
1506 4448 1570 4514 τῇ
1604 4446 1880 4499 ἀποκατα-
1914 4477 1956 4534 0

310 4535 501 4587 στάσει
539 4533 645 4586 τῶν
674 4534 891 4587 πάντων
932 4530 1012 4598 είς
1044 4534 1132 4589 τὸν
1160 4536 1408 4603 οὐράνιον
1434 4534 1609 4605 χῶρον
1637 4534 1700 4606 τῇ
1734 4535 1878 4607 ψυχῇ

311 4626 894 4697 συμμετοικιζομένης.
965 4624 1451 4696 Ἀρπαγησόμεθα
1500 4630 1643 4698 γὰρ,
1703 4626 1883 4690 καθώς

312 4733 476 4787 φησιν
510 4714 536 4769 ὁ
584 4714 918 4778 Ἀπὸστολος.
965 4717 1036 4771 ἐν
1072 4716 1373 4787 νεφέλαις,
1413 4720 1500 4783 εἰς
1543 4716 1884 4785 ἀπάντησιν

308 4806 420 4860 τοῦ
462 4807 717 4875 Κυρίου,
764 4809 851 4873 εις
881 4804 1055 4875 ἀέρα,
1089 4808 1183 4862 καὶ
1240 4804 1421 4872 οὕτως
1467 4806 1724 4863 πάντοτε
1761 4808 1884 4861 σὺν

311 4896 510 4965 Κυρίῳ
534 4898 810 4966 ἐσόμεθα.
851 4898 975 4951 Εἴτε
997 4892 1089 4951 οὖν
1114 4898 1286 4962 τοῦτο,
1317 4898 1424 4951 εἴτε
1446 4917 1496 4953 τι
1529 4898 1616 4951 ἔτι
1626 4906 1713 4969 ρον
1735 4896 1884 4967 παρὰ

310 4989 471 5041 τοῦτο
500 4989 599 5058 τῆς
630 4987 723 5042 τοῦ
757 4982 890 5043 Θεοῦ
938 4991 1127 5057 σοφίας
1166 4988 1570 5061 οίκονομούσης,
1614 4993 1671 5044 ἐν
1697 4992 1761 5060 τῇ
1808 4988 1885 5041 δι-

314 5078 421 5150 πλῇ
457 5073 628 5149 ταύτῃ
659 5079 771 5149 ζωῇ
813 5079 1125 5150 μερισθεῖσα
1157 5082 1307 5133 πάσα
1341 5083 1374 5151 ἡ
1408 5081 1599 5151 λογικὴ
1633 5080 1883 5150 διῄρηται

316 5168 496 5237 φύσις,
528 5170 559 5239 ἠ
592 5170 688 5240 μὲν
719 5168 1006 5239 ἀσώματος
1029 5170 1128 5241 τὴν
1159 5171 1406 5241 οὐράνιον
1439 5168 1675 5241 λαχοῦσα
1706 5186 1883 5240 μακα-

319 5257 538 5325 ριότητα
566 5274 578 5287 ·
627 5259 660 5328 ὴ
683 5257 739 5310 δὲ
764 5257 851 5311 διὰ
873 5257 1072 5329 σαρκὸς
1092 5261 1171 5322 εις
1192 5259 1295 5329 γῆν
1322 5260 1776 5331 ἐπιστρεφομένη,
1798 5257 1885 5312 διά

314 5345 413 5415 τὴν
440 5343 575 5415 πρὸς
617 5344 784 5416 αὐτὴν
815 5347 1138 5416 οἰκειότητα.
1183 5346 1249 5399 Ἦ
1274 5347 1372 5417 μέν
1393 5362 1474 5401 τοι
1504 5347 1597 5401 τοῦ
1624 5346 1789 5402 καλοῦ
1819 5363 1876 5400 τε

317 5436 408 5487 καὶ
431 5434 634 5503 ἀγαθοῦ
665 5434 944 5507 ἐπιθυμία,
976 5437 1250 5507 ὀμοτίμως
1283 5439 1516 5511 ἑκατέρᾳ
1547 5437 1878 5509 συνουσιώθη

313 5527 378 5595 τῇ
406 5526 583 5593 φύσει,
616 5526 712 5581 καὶ
734 5528 795 5580 τὸ
826 5528 1155 5599 αὐτοκρατές
1178 5544 1236 5583 τε
1275 5531 1367 5584 va‘:
1397 5530 1757 5596 αὐτεξούσιον,
1786 5533 1879 5585 καὶ

385 5706 432 5736 ⁸³
472 5705 491 5757 ι
530 5688 727 5761 Thess.
758 5719 832 5768 tv,
876 5704 959 5761 l6.

2053 2265 2160 2320 Sed
2192 2263 2321 2335 quid
2354 2262 2459 2319 sibi
2487 2262 2600 2317 vult
2628 2254 2864 2331 adjectio
2896 2261 3065 2327 verbi,
3108 2259 3258 2315 Sicut
3316 2259 3370 2313 in
3423 2259 3565 2316 celo

1979 2364 2028 2412 et
2061 2358 2111 2411 in
2143 2359 2324 2412 lerra?
2358 2346 2581 2410 Videtur
2610 2354 2739 2409 mihi
2788 2365 2969 2409 sermo
3023 2353 3261 2422 aliquam
3323 2350 3553 2407 fortasse

1983 2448 2393 2520 profundiorem
2417 2441 2661 2501 indicare
2688 2445 3034 2508 sententiam,
3060 2451 3114 2499 et
3145 2441 3432 2512 quamdam
3458 2456 3556 2512 per

1982 2536 2495 2607 contemplationem
2526 2543 2792 2589 creaturae
2824 2531 2995 2588 divini
3034 2534 3341 2589 intellectus
3370 2532 3553 2587 trade‘

1981 2644 2041 2684 re
2099 2627 2424 2683 doctrinam.
2480 2618 2632 2692 Quod
2688 2635 2868 2680 autem
2916 2625 3061 2687 dico,
3097 2623 3202 2679 tale
3230 2622 3564 2679 est:0mnis'

1984 2724 2232 2771 creatura
2267 2716 2548 2770 rationalis
2580 2715 2776 2785 partim
2810 2713 2863 2767 in
2897 2714 3292 2783 incorpoream,
3350 2713 3550 2783 partim

1987 2810 2039 2863 in
2076 2822 2394 2877 corpoream
2422 2815 2670 2861 naturam
2703 2806 2877 2860 divisa
2901 2815 3003 2861 est.
3034 2802 3129 2860 Est
3156 2812 3336 2860 autem
3383 2818 3551 2875 ange-

1986 2900 2089 2953 lica
2117 2897 2332 2967 quidem
2392 2899 2760 2966 incorporea:
2819 2898 2987 2952 altera
3035 2911 3163 2951 vero
3218 2896 3399 2966 specie
3451 2910 3553 2950 nos

1984 2990 2232 3044 homines
2263 2996 2471 3044 sumus.
2500 2991 2675 3057 Atque
2701 2989 2790 3042 illa
2820 2989 3198 3057 quidem-qum,
3232 2987 3553 3056 incorporea

1985 3098 2106 3136 cum
2141 3082 2231 3148 sit,
2262 3082 2375 3137 sola
2405 3088 2581 3135 mente
2608 3080 3105 3149 eomprehenditdr,
3138 3089 3199 3135 ut
3240 3095 3360 3149 quae
3387 3078 3550 3132 nimi-

1985 3190 2105 3228 rum
2132 3189 2160 3228 a
2194 3180 2451 3244 gravante
2472 3187 2699 3241 corpore
2732 3179 2938 3226 remota
2991 3179 3153 3242 atque
3195 3169 3440 3239 seiuncta
3482 3170 3554 3225 sit

1984 3267 2071 3328 (de
2094 3265 2197 3321 hoc
2228 3266 2418 3335 loquor
2440 3264 2597 3330 duro,
2652 3264 2926 3327 renitenti,
2958 3278 3022 3319 ac
3055 3264 3293 3334 pondere
3341 3277 3442 3318 suo
3484 3262 3552 3316 ad

1984 3368 2184 3413 terram
2215 3365 2468 3427 vergente
2499 3357 2876 3426 corpore),per
2918 3370 3170 3426 superam
3207 3363 3413 3425 partem
3453 3354 3552 3409 ob—

1985 3457 2232 3504 versatur
2258 3447 2311 3501 in
2337 3447 2546 3502 levibus
2569 3455 2623 3502 et
2650 3444 2899 3503 mthereis
2944 3447 3101 3509 locis,
3158 3447 3454 3501 immoraris
3496 3445 3553 3501 in

1984 3538 2107 3609 agili
2126 3547 2179 3592 et
2199 3538 2448 3608 expedita
2471 3524 2697 3603 natura;
2718 3536 2885 3592 altera
2907 3552 3035 3592 vero
3063 3545 3287 3607 propter
3304 3536 3552 3607 corporis

1981 3628 2156 3685 nostri
2184 3644 2309 3683 cum
2352 3628 2527 3682 terrea
2579 3635 2772 3681 natura
2833 3626 3234 3696 cegnationem,
3294 3634 3550 3696 tanquam

1983 3714 2097 3774 limi
2127 3727 2180 3773 et
2220 3717 2366 3773 faecis
2415 3714 2687 3787 quoddam
2751 3716 3137 3779 sedimentum,
3185 3714 3324 3769 hanc
3382 3723 3552 3771 terre-

1982 3819 2149 3866 strem
2175 3810 2337 3863 vitam
2368 3808 2693 3862 necessitate
2723 3806 2918 3861 sortita
2958 3812 3059 3861 est.
3115 3804 3265 3860 Haud
3298 3805 3549 3875 equidem

1982 3899 2095 3954 scio
2154 3897 2285 3967 quid
2330 3913 2425 3967 per
2460 3895 2573 3951 hare
2613 3896 2793 3951 divina
2829 3898 3080 3952 voluntas
3118 3896 3449 3967 disposuerit
3486 3910 3552 3949 ae

1981 3991 2352 4055 destinaverit,
2387 3990 2501 4047 sive
2525 4005 2741 4044 omnem
2767 3989 2870 4044 sibi
2900 3997 3205 4044 creaturam
3233 3987 3549 4042 consociare

1980 4087 2141 4152 alque
2162 4081 2455 4137 conciliare
2486 4079 2776 4141 studuerit,
2804 4087 2861 4133 ut
2888 4075 3063 4148 neque
3096 4076 3306 4132 inferna
3356 4084 3549 4132 natura

1981 4174 2285 4229 cmleslium
2319 4172 2687 4237 altitudinum,
2722 4180 2899 4239 neque
2954 4170 3151 4222 cmlum
3213 4178 3548 4223 terrenarum

1982 4279 2163 4319 rerum
2200 4264 2414 4333 penitus
2440 4276 2633 4331 expers
2663 4265 2827 4324 esset,
2856 4266 2915 4313 ut
2947 4274 3043 4327 per
3076 4259 3309 4312 hominis
3348 4256 3552 4312 forma-

1985 4352 2184 4407 tionem
2216 4358 2379 4419 atque
2407 4348 2771 4403 conditionem
2806 4346 3020 4416 utrique
3073 4348 3339 4402 elemento
3397 4347 3551 4402 liervt

1983 4442 2165 4510 aliqua
2199 4439 2540 4509 participatio
2580 4452 2770 4493 eorum
2800 4453 2920 4507 quae
2957 4437 3010 4491 in
3058 4438 3322 4492 alterutro
3352 4436 3554 4492 intelli-

1983 4537 2219 4598 guntur;
2256 4541 2380 4579 cum
2410 4532 2463 4580 et
2494 4524 2695 4589 anima,
2739 4539 2860 4593 qua:
2913 4530 3093 4577 mente
3133 4531 3371 4588 constat,
3428 4539 3552 4594 qua:

1979 4627 2136 4669 mens
2184 4612 2363 4667 aﬂinis
2395 4618 2449 4666 et
2498 4620 2727 4681 cognata
2760 4613 3061 4667 cmlestimn
3125 4611 3384 4668 virtutum
3430 4627 3553 4667 esse

1981 4703 2216 4766 videtur,
2273 4702 2504 4757 terrenis
2559 4702 2884 4772 corporibus
2957 4703 3243 4768 inhabitet,
3309 4711 3365 4758 et
3436 4704 3553 4759 ham

1982 4802 2162 4849 terrea
2182 4809 2308 4847 caro
2337 4795 2390 4848 in
2418 4794 2762 4849 restitutione
2779 4794 3157 4849 universorum
3185 4793 3240 4849 in
3271 4795 3549 4851 caelestem

1983 4887 2163 4941 locum
2229 4899 2336 4939 una
2391 4899 2515 4939 cum
2566 4885 2748 4937 anima
2808 4885 3178 4954 transmigret.
3232 4883 3553 4955 (Rapiemur

1980 4976 2147 5039 enim,
2188 4984 2247 5030 ut
2278 4976 2454 5045 inquit
2481 4975 2795 5045 Apostolus,
2822 4976 2875 5029 in
2905 4975 3151 5040 nubibus,
3182 4978 3237 5030 in
3274 4992 3551 5031 occursum

1981 5069 2213 5126 Domini.
2237 5070 2289 5121 in
2306 5082 2473 5121 aerem
2484 5106 2497 5130 ,
2510 5075 2559 5121 et
2580 5068 2658 5120 sic
2675 5078 2875 5133 semper
2888 5083 3006 5120 cum
3021 5067 3247 5121 Domino
3260 5067 3549 5136 erimus".)

1983 5162 2110 5217 Sive
2141 5161 2310 5230 igitur
2332 5160 2452 5223 hoc,
2488 5158 2603 5213 sive
2630 5158 2835 5227 aliquid
2878 5158 3024 5213 aliud
3053 5171 3248 5228 praeter
3276 5158 3381 5212 hoc
3403 5156 3548 5212 divi.

1982 5264 2051 5307 na
2080 5250 2349 5322 sapientia
2401 5249 2741 5321 disponente,
2786 5251 2841 5307 in
2870 5253 3010 5305 hanc
3060 5250 3331 5321 duplicem
3384 5249 3549 5303 vitam

1985 5355 2130 5401 secta
2159 5345 2341 5399 omnis
2373 5352 2563 5398 natura
2590 5342 2874 5398 rationalis
2903 5350 3067 5411 atque
3105 5342 3280 5397 divisa
3310 5346 3413 5406 est,
3440 5354 3550 5393 una

1984 5438 2200 5506 quidem
2258 5437 2604 5505 incorporea,
2650 5447 2771 5503 quae
2827 5433 3106 5487 cmlestem
3167 5429 3552 5487 beatitudinem

1986 5528 2175 5584 sortita
2212 5537 2295 5583 est
2371 5526 2538 5582 altera
2592 5537 2746 5587 vero,
2792 5536 2914 5592 qua
2970 5530 3189 5591 propter
3240 5519 3554 5574 afﬁnitatem
