3996 6196
524 276 656 332 1167

1785 266 1842 324 S.
1885 266 2213 323 GREGORII
2255 268 2542 326 NYSSENI

3570 294 3676 349 mss

516 407 676 464 quam
710 406 832 444 cum
870 404 931 443 ea
967 388 1151 452 habet,
1185 388 1237 441 in
1267 396 1412 444 terra
1445 404 1541 460 per
1575 405 1796 445 carnem
1836 400 2085 460 occupata

2203 392 2381 464 πάσης
2394 392 2640 462 ἀνάγκης
2658 390 2938 464 ἐλεύθερον
2958 391 3069 444 ἴσον
3091 392 3172 444 ἐπ’
3188 393 3368 464 ἀμφοῖν
3384 399 3408 450 ὁ
3427 400 3504 453 τοῦ
3523 408 3683 473 παντὸς

515 490 595 535 est
621 498 633 532 :
664 485 1034 535 verumtamen
1062 478 1185 532 boni
1219 488 1272 533 et
1298 479 1509 535 honesti
1544 481 1785 536 studium
1814 482 2096 551 aequaliter

518 573 805 643 utriusque
838 580 1047 627 natura:
1077 573 1331 628 essentia:
1360 574 1523 627 simul
1557 574 1779 629 insitum
1826 584 1879 630 et
1938 575 2096 629 attri-

515 666 706 719 butum
735 672 840 727 est,
860 663 1183 734 plenamque
1209 664 1335 718 item
1368 678 1431 719 ac
1460 680 1727 720 summam
1764 664 1817 719 in
1843 680 1965 720 sese
1996 680 2094 734 po-

513 763 792 821 testatem,
812 762 865 811 et
898 754 965 809 ab
983 755 1129 810 omni
1165 756 1490 809 necessitate
1511 755 1734 809 liberam
1758 756 2092 809 voluntatem

511 847 566 899 in
602 847 854 916 utrisque
884 861 1067 916 parem
1101 862 1281 899 rerum
1320 845 1697 899 universarum
1729 862 1930 917 praeses
1962 847 2094 900 effe-

513 936 608 998 cit,
665 946 724 991 ut
756 936 920 990 animi
974 936 1145 991 libero
1175 934 1409 1005 quodam
1442 935 1667 990 arbitrio
1697 945 1860 1005 atque
1894 952 2093 1005 propo-

516 1027 623 1082 sito
651 1034 871 1098 regatur
902 1026 1168 1095 quidquid
1203 1026 1413 1078 ratione
1458 1025 1660 1094 pariter
1691 1040 1755 1079 ac
1784 1035 1962 1081 mente
1997 1027 2094 1081 hoc

515 1127 767 1172 noratum
810 1124 915 1172 est.
950 1114 1053 1172 Sed
1083 1132 1322 1187 superna
1357 1116 1573 1187 quidem
1622 1116 1730 1170 vita
1791 1118 2011 1188 penitus
2060 1134 2089 1172 a

513 1207 760 1277 nequitia
789 1214 954 1277 atque
993 1207 1291 1263 vitiositate
1319 1222 1457 1275 pura
1487 1215 1588 1271 est,
1636 1222 1701 1260 ac
1756 1208 1888 1261 nihil
1932 1209 2095 1279 quid.

511 1314 674 1368 quam
708 1297 874 1355 exiis
924 1311 1047 1367 quze
1098 1312 1162 1351 ex
1199 1297 1479 1351 contrario
1530 1297 1905 1368 intelliguntur
1965 1314 2089 1352 cum

510 1391 602 1441 illa
626 1388 736 1443 vita
765 1396 1125 1444 conversatur
1182 1395 1343 1457 atque
1414 1389 1853 1442 communionem
1905 1389 2090 1454 habet,

511 1481 605 1537 sed
639 1481 827 1541 omnis
868 1482 1101 1537 vitiosus
1145 1481 1601 1551 perturbatusque
1638 1490 1817 1537 motus
1863 1490 1918 1539 et
1962 1482 2091 1538 επο-

511 1584 653 1640 ctus,
682 1574 883 1644 quibus
914 1575 1077 1629 rebus
1107 1588 1279 1643 genus
1312 1572 1607 1626 humanum
1642 1573 1936 1628 obnoxium
1982 1583 2086 1637 est.

511 1684 607 1738 per
660 1666 928 1723 infernam
981 1668 1146 1721 vitam
1202 1674 1431 1735 vagatur
1480 1673 1533 1719 et
1593 1665 1831 1721 oberrat.
1888 1667 2088 1732 Quam-

508 1760 696 1813 obrem
728 1773 847 1815 eam
881 1774 999 1827 quzu
1046 1758 1099 1811 in
1135 1757 1290 1813 caelis
1336 1764 1419 1811 est
1461 1766 1774 1810 sanctarum
1818 1758 2085 1812 virtutum

508 1852 672 1904 vitam
725 1866 754 1904 a
803 1849 1043 1920 nequitia
1076 1858 1239 1920 atque
1285 1849 1586 1905 vitiositate
1632 1864 1858 1905 vacuam
1905 1856 1959 1904 et
2019 1850 2087 1905 ab

509 1941 657 1996 omni
688 1949 1036 2012 peccatorum
1068 1940 1280 1995 macula
1318 1941 1584 2013 integram
1619 1956 1683 1995 ac
1722 1957 1914 2011 puram
1964 1957 2088 1997 esse

509 2036 659 2089 novit
688 2034 947 2089 divinitus
978 2033 1232 2101 przexlicta
1261 2030 1564 2102 Scriptura.
1597 2031 1872 2101 Quidquid
1902 2039 2083 2086 autem

507 2134 659 2182 extra
687 2125 889 2179 bonum
915 2139 1009 2192 per
1040 2124 1212 2191 ipsam
1245 2122 1314 2176 ab
1355 2137 1422 2176 eo
1467 2123 1833 2177 secessionem
1880 2124 2083 2175 malum

508 2218 673 2273 subiit
701 2222 862 2284 atque
884 2213 1147 2283 suscepit,
1180 2212 1326 2267 circa
1349 2227 1645 2271 concavam
1675 2223 1835 2283 atque
1868 2215 2083 2282 depres~

506 2325 620 2363 sam
654 2308 795 2361 hanc
815 2305 1006 2364 vita'n,
1043 2304 1205 2359 sicuti
1237 2303 1487 2372 quietiam
1520 2302 1622 2359 hex
1669 2310 1724 2357 et
1757 2303 1920 2358 limus
1953 2318 2086 2357 con-

506 2398 684 2463 ﬂuxit,
741 2411 851 2467 qua
908 2395 1117 2450 ratione
1171 2392 1488 2463 inquinatur
1546 2409 1717 2464 genus
1762 2392 2081 2459 humanum,

504 2504 614 2560 quo
638 2488 820 2544 minus
848 2486 1097 2542 divinum
1133 2487 1314 2539 lumen
1347 2484 1596 2539 veritatis
1639 2484 1937 2547 intueatur,
1991 2500 2087 2553 per

505 2579 776 2649 ejusmodi
830 2578 1084 2633 tenebras
1131 2575 1470 2645 impeditum.
1531 2572 1588 2627 Si
1646 2573 1812 2643 igitur
1847 2588 2085 2643 superna

506 2671 721 2743 quidem
753 2671 861 2724 vita
893 2668 1273 2723 abaﬂ‘ectibus
1319 2676 1373 2722 et
1426 2665 1575 2721 vitiis
1625 2681 1819 2730 vacua,
1873 2666 2082 2736 integra

505 2773 667 2834 atque
696 2762 1010 2831 incorrupta
1060 2769 1183 2824 est;
1236 2758 1400 2812 variis
1462 2765 1643 2813 autem
1685 2757 1971 2812 aﬂ‘ectibus
2028 2766 2083 2812 et

505 2851 765 2909 :erumnis
821 2852 1068 2906 demersa
1099 2858 1183 2905 est
1213 2848 1376 2918 hujus
1407 2857 1635 2902 terrena:
1670 2849 1791 2902 vita:
1837 2848 2079 2911 miseria,
2112 2912 2115 2917 ι

507 2943 854 2999 manifestum
896 2943 1060 2998 fuerit
1095 2942 1240 3012 quod
1273 2954 1509 3011 superna
1549 2940 1769 3010 quidem
1823 2942 1953 3001 vita.
1991 2949 2081 2995 ut-

2197 481 2493 552 ἐπιστάτης
2537 483 2810 551 ἐποίησεν,
2854 480 2928 543 ὠς
2975 481 3245 553 αὐτονόμῳ
3285 486 3381 539 τινὶ
3427 494 3687 562 προαιρέσει

2196 572 2593 641 οἰκονομεῖσθαι
2635 575 2743 625 πᾶν
2774 573 2895 625 ὅσον
2925 570 3066 641 λόγῳ
3093 588 3148 622 τε
3179 573 3266 625 καὶ
3297 574 3483 648 διανοίᾳ
3505 580 3687 655 τετίμη-

2194 680 2284 716 ται
2312 680 2327 695 ο
2368 664 2478 718 ἀλλ’
2513 665 2547 735 ἡ
2575 664 2672 734 μὲν
2704 663 2817 716 ἀνω
2848 662 2981 734 ζωὴ,
3017 662 3297 733 καθαρεύει
3329 667 3484 739 πάντη
3508 673 3687 734 κακίας,

2196 754 2288 807 καὶ
2314 754 2431 807 οὐδὲ
2478 753 2535 807 ἓν
2564 754 2748 826 ἐκείνῃ
2794 753 2901 808 τῶν
2944 754 3008 805 ὲκ
3056 752 3147 805 τοῦ
3193 756 3413 809 ἐναντίου
3440 761 3687 829 νοουμένων

2197 845 2682 915 συμπολιτεύεται·
2733 847 2882 898 πᾶσα
2929 845 2985 898 δὲ
3025 844 3267 915 ἐμπαθὴς
3310 848 3497 918 κίνησίς
3531 869 3581 904 τε
3617 856 3689 906 καὶ

2192 936 2453 1001 διάθεσις,
2495 937 2595 1007 τὴν
2632 937 2782 989 κάτω
2814 934 2957 1005 ζωὴν
3001 936 3293 1005 περιπολεῖ,
3340 938 3391 990 ἐν
3416 934 3488 1003 οἷς
3513 943 3609 994 ἐστι
3644 945 3689 997 τὺ

2193 1028 2549 1097 ἀνθρώπινον.
2604 1028 2703 1080 Διὰ
2736 1027 2891 1080 τοῦτο
2917 1027 3017 1097 τήν
3053 1029 3110 1080 ὲν
3152 1027 3384 1097 οὐρανοῖς
3424 1030 3519 1082 τῶν
3555 1033 3688 1100 ἁγίων
3782 1070 3799 1083 κ

2191 1117 2472 1187 δυνάμεων
2507 1117 2776 1170 πολιτείαν
2815 1116 2988 1185 ἀμιγῆ
3033 1115 3245 1179 κακίας,
3292 1117 3379 1170 καὶ
3420 1118 3594 1179 παντὸς
3620 1120 3690 1175 τοῦ

2193 1209 2252 1275 ἐξ
2283 1208 2556 1278 ἁμαρτίας
2597 1207 2874 1279 μολυσμοῦ
2905 1206 3323 1278 καθαρεύουσαν,
3345 1210 3371 1261 ὁ
3400 1207 3691 1275 θεόπνευστος

2194 1299 2477 1353 ἐπίσταται
2509 1299 2686 1368 λόγος.
2754 1300 2866 1352 Πᾶν
2895 1297 2951 1351 δὲ
2980 1297 3102 1351 ὅσον
3141 1298 3293 1361 ἐκτὸς
3332 1298 3419 1351 τοῦ
3450 1299 3620 1367 ἀγαθοῦ
3642 1300 3692 1353 δι’

2158 1389 2362 1459 ,αὐτῆς
2402 1390 2500 1462 τῆς
2547 1392 2943 1462 ἀναχωρήσεως
2984 1388 3147 1443 αὐτοῦ
3198 1390 3500 1461 παρυπέστη
3543 1392 3691 1455 κακὸν,

2192 1483 2320 1552 περὶ
2354 1482 2453 1553 τὴν
2485 1482 2669 1552 κοίλην
2693 1483 2896 1553 ταύτην
2924 1480 3090 1552 ζωὴν,
3114 1476 3223 1535 οἷόν
3249 1499 3328 1545 τις
3357 1483 3535 1554 τρυγία
3554 1500 3605 1536 τε
3622 1482 3695 1536 καὶ

2196 1573 2308 1635 ἰλὺς
2345 1574 2637 1645 συνερρύη,
2737 1573 3021 1643 μολύνεται
3055 1574 3115 1627 τὸ
3140 1573 3478 1646 ἀνθρώπινον,
3512 1577 3626 1647 πρὸς
3652 1577 3696 1629 τό

2191 1663 2425 1717 κατιδεῖν
2460 1664 2521 1717 τὸ
2550 1664 2689 1718 θεῖον
2726 1665 2822 1735 τῆς
2854 1664 3108 1732 ἀληθείας
3141 1665 3251 1733 φῶς
3280 1664 3363 1721 διὰ
3389 1665 3473 1718 τοῦ
3498 1667 3696 1719 τοιούτου

2193 1756 2415 1819 σκότους
2435 1756 2876 1827 ὲμποδιζόμενον.
2906 1758 2965 1810 Et
2988 1757 3164 1810 τοίνυν
3188 1758 3391 1831 ἀπαθὴς
3414 1759 3548 1828 μὲνὴ
3570 1759 3696 1828 ύπερ-

2189 1848 2417 1920 κειμένη
2456 1848 2569 1919 ζωὴ
2599 1850 2691 1903 καὶ
2728 1851 3020 1920 ἀκήρατος,
3052 1851 3319 1912 παντοίοις
3344 1849 3395 1902 δὲ
3435 1848 3603 1902 πάθεσι
3625 1849 3697 1901 καὶ

2187 1938 2579 2009 ταλαιπωρίαις
2613 1940 3111 1993 καταεεὸἀπτισται
3149 1942 3183 2011 ἠ
3232 1939 3466 2010 ἀθλιότης
3495 1938 3579 2008 τῆς
3617 1932 3695 1990 ὧδε

2189 2031 2359 2101 ζωῆς·
2393 2030 2551 2100 δῆλον
2581 2032 2647 2085 ἂν
2694 2031 2801 2102 εἴη,
2846 2032 2927 2084 ὅτι
2960 2033 2992 2102 ἠ
3023 2030 3122 2101 μὲν
3169 2031 3277 2085 ἀνω
3319 2028 3555 2091 πολιτεία,
3623 2028 3695 2081 ἀτε

2188 2123 2387 2187 παντὸς
2418 2122 2589 2177 κακοῦ
2630 2122 3026 2195 καθαρεύουσα,
3066 2124 3125 2174 ἐν
3171 2120 3246 2192 τῷ
3277 2119 3452 2189 ἀγαθῴ
3476 2119 3693 2188 θελήματι

2185 2213 2280 2267 τοῦ
2317 2214 2452 2268 Θεοῦ
2499 2214 2890 2286 κατορθοῦται·
2943 2213 3069 2267 ἔνθα
3108 2215 3216 2286 γὰρ
3265 2212 3422 2265 κακὸν
3453 2211 3541 2264 οὐκ
3565 2210 3694 2268 ἐστιν,

2135 2314 2144 2321 ’
2186 2305 2399 2375 ἀνάγκη
2434 2307 2583 2358 πᾶσα
2610 2305 2809 2373 ἀγαθὸν
2834 2301 2970 2358 εἶναι
2991 2320 3003 2331 ·
3057 2307 3089 2375 ἠ
3124 2305 3182 2357 δὲ
3206 2303 3323 2357 καθ’
3346 2303 3480 2373 ἡμᾶς
3510 2298 3603 2370 ζωὴ
3622 2297 3697 2365 τῆς

2184 2396 2293 2450 τῶν
2324 2395 2541 2465 ἀγαθῶν
2569 2397 2854 2464 μετουσίας
2873 2398 3278 2459 ἑκπεπτωκυῖα,
3311 2391 3694 2446 συνεκπίπτωκεν

2187 2489 2280 2541 καὶ
2306 2489 2398 2541 τοῦ
2420 2488 2562 2541 θείου
2595 2488 2951 2559 βουλήματος.
3004 2490 3102 2543 Διά
3127 2488 3284 2541 τοῦτο
3305 2489 3359 2540 ὲν
3386 2488 3446 2557 τῇ
3473 2483 3695 2554 προσευχῇ

2184 2579 2578 2649 διδασκόμεθα,
2620 2579 2793 2644 οὕτως
2833 2580 2989 2651 ἡμῶν
3027 2580 3123 2632 τοῦ
3169 2577 3336 2633 κακοῦ
3372 2578 3462 2647 τὴν
3488 2574 3607 2645 ζωὴν
3628 2575 3696 2624 ἐκ·

2185 2669 2552 2742 καθαρθῆναι,
2610 2670 2685 2733 ὡς
2739 2670 2858 2723 καθ’
2904 2670 3201 2740 ὁμοιότητα
3244 2669 3343 2738 τῆς
3379 2664 3597 2736 οὐρανίου
3631 2664 3693 2715 δι-

2184 2761 2439 2830 αγωγῆς,
2471 2761 2563 2814 καὶ
2605 2761 2665 2813 ἐν
2703 2762 2834 2830 ημῖν
2875 2760 3289 2830 ἀνεμποδίστως
3316 2758 3374 2811 τὸ
3409 2757 3589 2824 θέλημα
3626 2751 3695 2804 τοῦ

2183 2850 2318 2905 Θεοῦ
2368 2850 2812 2912 πολιτεύσασθαι,
2851 2849 2927 2913 ὡς
2951 2850 3016 2904 ἀν
3047 2867 3132 2909 τις
3160 2850 3305 2917 λέγοι
3333 2865 3345 2878 ⁸
3388 2846 3464 2899 ὅτι
3483 2842 3697 2907 Καθάπερ

2184 2944 2240 2996 ὲν
2294 2942 2503 3015 θρόνοις
2552 2942 2643 2997 καὶ
2692 2941 2918 3013 ἀρχαῖς,
2977 2942 3071 2995 καὶ
3103 2940 3399 3006 ἐξουσίαις,
3449 2936 3530 2987 καὶ
3555 2935 3698 2997 me.

506 3039 630 3101 pote
661 3034 729 3087 ab
769 3032 915 3087 omni
955 3030 1097 3085 malo
1142 3045 1298 3100 pura.
1341 3045 1436 3100 per
1491 3029 1687 3084 bonam
1746 3030 2077 3083 voluntatem

2183 3050 2328 3103 τησι,
2366 3032 2459 3087 καὶ
2486 3032 2633 3104 πάσῃ
2666 3034 2730 3102 τῇ
2774 3030 3129 3102 ὑπερκοσμίῳ
3168 3030 3389 3099 δυνάμει
3422 3022 3603 3093 γίνεταί
3624 3038 3694 3074 σου

505 3119 600 3176 Dei
653 3135 912 3189 prospere
963 3118 1213 3189 exigatur
1257 3130 1416 3187 atque
1490 3127 1725 3187 regatur.
1784 3118 1884 3174 Ubi
1935 3121 2079 3175 enim

507 3212 705 3267 malum
732 3227 839 3264 non
868 3219 973 3273 est,
1005 3211 1205 3266 bonum
1260 3225 1483 3279 prorsus
1513 3225 1637 3264 esse
1686 3225 1911 3265 necesse
1961 3222 2079 3266 est:

506 3313 691 3359 nostra
720 3310 899 3357 autem
932 3303 1061 3365 vita,
1087 3317 1209 3356 cum
1244 3302 1628 3359 communione
1661 3308 1709 3356 et
1750 3319 1851 3357 usu
1912 3304 2083 3357 bono-

505 3410 626 3448 rum
655 3393 938 3458 exciderit,
963 3391 1126 3447 simul
1151 3392 1311 3445 etiam
1338 3390 1537 3445 excidit
1574 3392 1754 3446 divina
1780 3393 2079 3448 voluntate.

505 3483 716 3540 Idcirco
744 3498 839 3555 per
867 3481 1169 3537 orationem
1198 3482 1481 3545 docemur,
1530 3482 1605 3535 ita
1638 3497 1667 3536 a
1719 3483 1862 3536 malo
1922 3483 2081 3538 vitam

506 3583 749 3631 nostram
774 3589 1099 3646 expurgare,
1138 3583 1197 3628 ut
1253 3572 1321 3627 ad
1372 3572 1787 3629 similitudinem
1841 3575 2083 3631 caelestis

506 3668 632 3724 vitae
679 3667 937 3732 instituti,
969 3667 1135 3722 etiam
1169 3666 1224 3720 in
1252 3665 1411 3721 nobis
1434 3665 1640 3735 absque
1693 3656 1803 3720 ullo
1853 3666 2083 3737 impedi-

504 3772 688 3815 mento
719 3758 971 3813 voluntas
1003 3755 1096 3811 Dei
1129 3763 1471 3817 exerceatur,
1520 3754 1743 3825 perinde
1772 3771 1836 3811 ac
1863 3757 1907 3811 si
1957 3756 2082 3825 quis

504 3848 677 3904 dicat:
711 3845 1178 3915 Quemadmodum
1213 3845 1269 3899 in
1328 3844 1542 3899 thronis
1571 3851 1624 3898 et
1658 3844 2077 3915 principatibus,

502 3947 558 3996 et
579 3939 963 4011 patestatibus,
1008 3947 1063 3992 et
1085 3935 1574 3997 dominationibus,
1604 3942 1657 3990 et
1705 3936 1852 3991 omni
1885 3950 2079 4006 supra-

504 4029 781 4089 mundano
802 4029 1043 4085 exercitu
1076 4028 1146 4082 tib
1163 4027 1413 4083 voluntas
1437 4034 1548 4091 tua,
1577 4026 1779 4079 malitia
1812 4034 1975 4096 atque
2005 4027 2081 4081 vi-

502 4121 745 4177 tiositate
791 4134 1059 4192 nusquam
1089 4116 1216 4174 boni
1271 4119 1543 4174 actionem
1595 4117 1959 4186 impediente:
1998 4119 2077 4172 ita

2186 3125 2246 3177 τὸ
2311 3124 2541 3194 θέλημα,
2594 3108 2843 3193 μηδαμοῦ
2894 3122 3092 3185 κακίας
3145 3116 3589 3192 παραποδιζούσης
3626 3108 3697 3162 τοῦ

2189 3214 2392 3283 ἀγαθοῦ
2419 3215 2517 3284 τὴν
2554 3214 2831 3285 ἐνέργειαν
2853 3230 2865 3243 ’
2921 3212 3062 3268 οῦτω
3090 3214 3190 3266 καὶ
3229 3213 3284 3264 ἒν
3308 3212 3433 3282 ἡμῖν
3465 3207 3520 3261 τὸ
3539 3202 3697 3267 ἀγαθὸν

2186 3305 2515 3377 τελειωθείη,
2556 3307 2639 3361 ἵνα
2682 3306 2859 3376 πάσης
2909 3306 3109 3369 κακίας
3156 3302 3391 3358 ἐκποδὼν
3432 3297 3699 3369 γενομένης.

2187 3399 2275 3452 διὰ
2305 3398 2519 3452 πάντων
2610 3398 2670 3451 τὸ
2699 3397 2912 3468 θέλημά
2944 3414 3038 3450 σου
3064 3401 3190 3460 ταῖς
3220 3395 3411 3466 ψυχαῖς
3440 3388 3577 3461 ἡμῶν
3600 3400 3703 3439 κατ’

2186 3486 2556 3558 ευοδούμενον.
2631 3487 2769 3539 Ἀλλ’
2813 3487 2888 3549 ὡς
2934 3485 3422 3554 ἀνθυπενεγκόντος
3448 3472 3703 3541 τινός⁰Καὶ

2187 3579 2304 3641 πῶς
2349 3581 2464 3632 ἐστι
2500 3579 2721 3632 δυνατὸν
2756 3578 2854 3650 τὴν
2889 3580 2946 3631 ὲν
2981 3581 3101 3642 ταῖς
3158 3577 3459 3649 ἀσωμάτοις
3488 3570 3701 3639 δυνάμεσι

2185 3670 2551 3741 καθαρότητα,
2582 3672 2693 3733 τοῖς
2723 3668 2809 3722 διὰ
2840 3667 3040 3740 σαρκὸς
3069 3669 3169 3740 τὴν
3199 3668 3338 3739 ζωὴν
3370 3664 3584 3735 είληχόσι
3609 3674 3703 3711 κατ-

2182 3761 2506 3831 ορθωθῆναι,
2548 3761 2605 3813 ὲν
2644 3762 2861 3832 μυρίαις
2895 3760 3143 3831 φροντίσι
3191 3760 3278 3814 διὰ
3315 3757 3407 3820 τάς
3436 3747 3703 3823 σωματικὰς

2183 3852 2369 3923 χρείας
2388 3852 2487 3921 τῆς
2513 3852 2690 3923 ψυχῆς
2711 3851 3156 3923 ἐμϐαθυνούσηςς
3179 3851 3277 3904 Διά
3307 3849 3455 3903 τοῦτο
3472 3861 3551 3917 μοι
3569 3839 3702 3900 δοκεῖ,

2184 3936 2428 4008 καθάπερ
2456 3936 2597 3991 λύων
2620 3939 2715 4009 τὴν
2739 3938 2993 4010 τοιαύτην
3013 3939 3346 4011 ἀμηχανίαν,
3368 3934 3441 4006 τῷ
3459 3932 3570 4000 ἑξῆς
3588 3926 3702 3994 λόγῳ

2181 4029 2241 4083 τὸ
2284 4029 2472 4083 δοκοῦν
2505 4029 2761 4102 δυσχερὲς
2809 4030 2943 4105 πρὸς
2991 4032 3090 4103 τὴν
3127 4029 3485 4103 προκειμένην
3511 4015 3703 4086 σπουδὴν

2184 4120 2387 4175 ύπεκλῦ
2396 4139 2501 4175 σαι.

503 4213 711 4270 bonum
729 4215 891 4270 etiam
924 4214 978 4269 in
1006 4213 1165 4270 nobis
1198 4210 1518 4282 perﬁciatur
1543 4219 1596 4265 et
1646 4209 1982 4276 absolvatur,
2054 4220 2113 4267 ut
2150 4228 2180 4268 e
2204 4214 2383 4269 medio
2414 4213 2627 4268 sublata
2659 4214 2808 4267 omni
2864 4214 3070 4268 malitia
3122 4225 3288 4285 atque
3346 4207 3590 4280 nequitia.
3629 4212 3703 4251 v0-

503 4308 685 4365 luntas
712 4316 803 4367 tua
828 4309 882 4363 in
913 4308 1112 4363 animis
1166 4305 1371 4360 nostris
1432 4318 1526 4374 per
1574 4302 1762 4357 omnia
1816 4319 2076 4374 prospere
2116 4306 2395 4360 succedat.
2429 4306 2534 4361 Sed
2565 4307 2723 4376 quasi
2748 4305 2950 4375 aliquis
2990 4321 3056 4362 ex
3125 4307 3357 4359 adverso
3411 4287 3701 4365 subjiriendo

502 4410 665 4474 atque
716 4399 1038 4472 Opponendo
1074 4397 1339 4452 dixisset:
1396 4394 1462 4448 Et
1497 4393 1591 4465 qui
1636 4394 1791 4463 ﬁt‘l‘i“
1829 4401 2008 4464 potest
2059 4406 2118 4449 ut
2160 4396 2233 4449 illi
2268 4396 2469 4466 quibus
2522 4411 2585 4451 ea
2631 4411 2757 4452 sors
2781 4395 2993 4467 obtigit,
3050 4404 3107 4449 ut
3162 4394 3331 4449 vitam
3385 4405 3475 4460 per
3524 4389 3701 4435 Carnem

501 4498 752 4571 exigant,
802 4509 923 4549 eam
967 4507 1089 4563 qua:
1135 4490 1190 4546 in
1231 4488 1569 4561 incorporeis
1616 4487 1912 4545 virtutibus
1964 4495 2048 4543 est
2105 4489 2399 4558 puritatem
2444 4499 2827 4559 assequuntur,
2877 4505 3023 4551 cum,
3078 4495 3302 4557 propter
3354 4476 3582 4549 corporis
3629 4483 3701 4572 ne:

500 4559 772 4647 cessantes
802 4600 937 4645 usus
975 4559 1157 4639 anima
1184 4559 1490 4638 innumeris
1517 4581 1667 4637 curis
1734 4580 1984 4636 demersa
2052 4580 2170 4637 sit?
2204 4580 2410 4635 Idcirco
2439 4582 2569 4636 mihi
2602 4580 2812 4636 videtur
2862 4590 3120 4651 tanquam
3151 4576 3453 4633 discutiens
3477 4559 3700 4641 ejusmodi

501 4679 933 4751 perplexitatem,
960 4674 1012 4731 id
1042 4674 1185 4745 quod
1211 4672 1279 4727 ad
1309 4671 1646 4744 propositum
1672 4668 1911 4726 studium
1938 4669 2157 4725 ditlicile
2178 4670 2483 4735 videbatur,
2514 4672 2761 4741 sequenti
2785 4671 3032 4725 oratione
3061 4670 3397 4725 dissolvissc.
3560 4748 3573 4755 -
3669 4740 3679 4755 .

571 4748 789 4825 Certam
814 4768 958 4829 enim
990 4766 1350 4835 stabilemque
1378 4761 1704 4819 sententiam
1734 4760 1932 4829 Opinor
1953 4775 2079 4816 eum

2244 4763 2439 4835 Αὐγμα
2461 4763 2568 4833 γὰρ
2594 4758 2744 4832 οἶμαι
2766 4761 2855 4814 διὰ
2875 4761 3077 4814 τούτων
3099 4761 3206 4815 τῶν
3224 4760 3395 4826 λόγων
3416 4753 3535 4825 ἡμῖν
3553 4748 3701 4835 ὕποτξ·

502 4860 662 4916 nobis
704 4875 802 4930 per
835 4860 952 4915 haec
981 4860 1144 4915 verba
1187 4834 1424 4921 tradere,
1461 4855 1667 4925 quibus
1702 4851 2078 4923 quotidianum

2183 4853 2385 4917 θεσθαι,
2405 4856 2461 4907 ὲν
2474 4853 2549 4924 τῷ
2568 4854 2655 4907 τὸν
2673 4855 2945 4924 ἐφήμερον
2967 4852 3129 4922 ἄρτον
3146 4852 3316 4904 αἰτεῖν
3334 4841 3621 4930 προστάξειν

503 4917 721 5025 panem-
736 4959 921 5022 petere
949 4965 1050 5006 nos
1080 4950 1273 5018 jubet:
1304 4917 1449 5019 quod
1480 4917 1756 5002 nimirum
1796 4943 2080 5014 frugalitas

2183 4941 2253 5014 τῷ
2276 4917 2674 4997 ἀνενδεεῖΙκατά
2817 4917 3090 5010 φύσινίτὺ
3119 4936 3405 5010 ὀλιγαρκὲς
3429 4926 3594 5027 τε-καὶ

502 5016 557 5099 et
603 5016 979 5100 mediocritas,
1030 5016 1296 5106 quantum
1322 5016 1529 5092 attinet
1562 5035 1630 5092 ad
1666 5034 1937 5088 rationem
1983 5046 2080 5086 va-

2183 5050 2324 5105 τριον
2362 5034 2504 5087 κατά
2529 5034 2620 5085 τὸν
2648 5035 2744 5103 τῆς
2772 5032 3038 5095 ἀπαθείας
3064 5031 3218 5100 λόγον
3246 5023 3605 5092 συνεξισοῦται.
3637 5016 3693 5106 QD

500 5130 726 5189 cuitatis
770 5103 1064 5185 aﬂ‘eetuuni
1113 5135 1168 5182 et
1207 5128 1482 5191 vitiorum,
1526 5129 1861 5197 obsequetur
1906 5124 1955 5179 ei
2007 5123 2081 5177 fa-

2183 5103 2284 5197 γαρ
2306 5127 2447 5178 αἰτεῖ
2471 5125 2562 5179 τὸν
2590 5124 2720 5178 Θεὸν
2759 5128 2816 5178 ἐν
2845 5128 2965 5189 ταῖς
2996 5123 3322 5195 προσευχαῖς
3351 5121 3379 5173 ὁ
3404 5112 3605 5186 ἄγγελος
3619 5103 3696 5174 τὴν

502 5221 691 5280 cultati
732 5218 822 5277 cui
868 5226 1065 5275 natura
1109 5215 1247 5280 nihil
1293 5216 1465 5281 deest.
1507 5215 1629 5271 Non
1668 5216 1813 5270 enim
1850 5214 2077 5285 angelus

503 5316 561 5372 in
610 5312 969 5375 orationibus
1002 5326 1033 5365 a
1082 5310 1196 5367 Deo
1228 5308 1363 5381 petit
1412 5307 1515 5363 sibi
1570 5322 1761 5378 panem
1804 5307 2075 5361 submini-

503 5407 690 5483 strari,
714 5404 973 5477 quoniam
1004 5402 1264 5474 praeditus
1291 5409 1376 5457 est
1414 5405 1609 5454 natura
1650 5412 1772 5468 qua:
1813 5397 1951 5475 nihil
1986 5412 2077 5452 ea-

502 5514 625 5555 rum
660 5514 843 5556 rerum
873 5495 1105 5568 amplius
1136 5510 1276 5565 opus
1308 5493 1527 5561 haheat,
1572 5491 1671 5571 sed)
1700 5490 1863 5545 hemo
1893 5497 2077 5561 petere

499 5588 743 5659 jubetur,
789 5596 1078 5661 propterea
1133 5586 1279 5659 quod
1338 5586 1393 5641 id
1450 5584 1596 5656 quod
1655 5588 1956 5639 evacuatur
2008 5597 2075 5638 eo

503 5678 651 5747 quod
696 5681 899 5752 repleat
931 5679 1158 5739 omnino
1195 5693 1335 5755 opus
1374 5676 1608 5745 habeat;
1641 5690 1769 5731 nam
1810 5673 1955 5731 ﬂuxa
1989 5680 2074 5728 at-

1532 5852 1568 5873 ,ρ

2181 5216 2442 5289 χορηγίαν
2463 5216 2554 5271 τοῦ
2583 5216 2766 5288 ἄρτου,
2805 5218 2885 5270 ὅτι
2917 5215 3186 5287 ἀπροσδεῆ
3218 5202 3587 5281 κέκτηταιτιῖιν
3610 5212 3694 5250 τοι·

2182 5305 2352 5361 ούτων
2379 5305 2474 5379 τὴν
2507 5304 2667 5376 φύσιν
2686 5323 2699 5336 ·
2743 5307 2912 5360 αἰτεῖν
2939 5303 2995 5359 δὲ
3017 5300 3355 5376 προσετάχθη
3388 5299 3414 5351 ὀ
3435 5292 3691 5379 ἀνθρωπνς.

2180 5398 2313 5453 διότι
2343 5398 2403 5453 τὸ
2433 5376 2761 5469 κενούμενον
2792 5396 2997 5461 ὲπιδεὲς
3034 5395 3124 5450 τοῦ
3158 5387 3571 5464 ἀναπληροῦντος
3593 5376 3696 5469 τιάψ

2180 5507 2287 5554 τως
2316 5488 2448 5543 ἔστί.
2499 5467 2729 5557 Ῥοώδης
2767 5488 2823 5542 δὲ
2863 5487 2955 5542 καὶ
2989 5483 3252 5560 παροδικὴ
3401 5467 3694 5560 ἀνθρωπίνης

2182 5577 2329 5649 ζωῆς
2349 5580 2493 5631 ἐστιν
2515 5580 2546 5649 ἡ
2575 5577 2854 5640 σύστασις,
2873 5578 2992 5631 ἀντὶ⁸
3014 5559 3107 5630 τοῦ
3129 5572 3494 5642 ἐκποιηθέντος
3516 5563 3568 5615 τὸ
3593 5559 3695 5610 ἀνα·

2182 5671 2369 5735 νεάζον
2397 5648 2747 5743 ἐπιζητοῦσα.
2786 5671 2843 5725 ’0
2873 5666 2966 5725 οὖν
3002 5671 3135 5743 πρὸς
3155 5667 3252 5742 τῂν
3273 5664 3369 5735 τῆς
3401 5658 3591 5732 φύσεως
3618 5648 3696 5700 ὄπ’
