3996 6196
317 353 457 409 H69

1293 358 1376 412 DE
1409 357 1758 414 ORATIONE
1797 358 2142 415 DOMIMCA.
2186 392 2252 400 —
2277 360 2534 417 ORATIO
2576 363 2659 416 ιν.

3415 366 3552 422 H70

315 471 549 540 ηρεσίαν
587 469 816 539 βλέπων,
871 471 963 525 καὶ
999 473 1163 542 μηδὲν
1209 473 1312 537 ἔξω
1346 475 1440 527 τοῦ
1474 476 1767 543 ἀναγκαίου
1794 476 1872 529 διὸ

1985 493 2092 547 que
2135 478 2444 532 transitoria
2482 480 2604 532 vit-.e
2651 478 2896 533 humanae
2931 479 3167 534 conditio
3209 488 3312 544 est,
3349 495 3444 549 pro
3483 497 3550 534 eo

315 562 422 613 τῶν
461 557 705 632 ματαίων
732 563 1024 633 φροντίδων
1067 567 1475 637 ἐπισυρόμενος,
1519 569 1578 620 οὐ
1625 568 1756 622 πολὺ
1785 571 1882 641 τῆς

313 654 611 724 ἁγγελικῆς
632 655 905 716 πολιτείας
921 656 1372 730 ἐλαττωθήσεται,
1403 660 1462 713 τὸ
1488 661 1726 725 ἀνενδεὲς
1745 663 1886 715 ὲκεί-

315 763 420 797 νων
456 745 574 797 καθ’
605 747 792 800 ἑαυτὸν
816 751 878 818 τῇ
909 748 1194 819 ὁλιγαρκία
1219 751 1567 821 μιμούμενος.
1602 752 1700 804 Διά
1728 753 1884 806 τοῦτο

315 834 494 904 ζητεῖν
527 838 975 908 προσετάχθημεν
1017 841 1078 892 τὸ
1109 841 1241 911 πρὸς
1290 843 1382 908 τὴν
1436 847 1759 913 συντήρησιν
1800 843 1884 908 ἐξ-

313 926 514 996 αρκοῦν
539 928 635 997 τῆς
661 930 976 999 σωματικῆς
1017 931 1228 993 οὐσίας’
1295 935 1400 985 Ἰὼ·
1429 933 1609 1001 ἄρτον
1646 935 1772 1000 δὸς,
1806 935 1884 1005 τῷ

311 1017 429 1086 θεῷ
454 1017 723 1085 λέγοντες,
759 1022 820 1073 οὐ
855 1022 1067 1092 τρυφὴν
1092 1023 1210 1075 οὐδὲ
1239 1023 1482 1089 πλοῦτον,
1515 1026 1611 1078 οὐκ
1640 1026 1880 1089 εὐανθεῖς

308 1109 650 1179 ἁλουργίδας,
686 1115 744 1166 οὺ
791 1115 879 1167 τὸν
908 1119 972 1167 ἐκ
1004 1117 1231 1186 χρυσίου,
1261 1119 1491 1187 κόσμον,
1533 1119 1595 1171 οὺ
1627 1119 1725 1182 τὰς
1775 1120 1882 1172 τῶν

308 1201 470 1253 λίθων
505 1202 697 1270 αὐγὰς,
727 1205 786 1257 οὐ
813 1206 880 1258 τὰ
903 1205 962 1270 ἐξ
989 1208 1249 1277 ἀργυρίου
1278 1209 1467 1278 σκεύη.
1497 1211 1556 1261 οὐ
1593 1211 1696 1279 γῆς
1725 1227 1881 1281 περι-

308 1292 516 1353 ουσίαν,
559 1295 620 1346 οὐ
653 1297 1024 1366 στρατοπέδων
1077 1299 1272 1369 ἀρχὴν,
1321 1300 1380 1352 οὐ
1413 1301 1662 1369 πολέμων
1691 1318 1748 1353 τε
1789 1303 1880 1354 καὶ

308 1382 478 1435 ἐθνῶν
527 1385 837 1454 ἡγεμονίαν,
892 1389 989 1457 οὐχ
1037 1390 1216 1442 ἵππων
1272 1407 1327 1442 τε
1368 1393 1459 1445 καὶ
1491 1391 1624 1460 βοῶν
1658 1393 1875 1459 ἀγέλας,

310 1474 402 1526 καὶ
431 1473 536 1525 τῶν
553 1475 726 1528 ἄλλων
751 1477 1111 1547 βοσκημάτων
1137 1481 1312 1551 πλήθη
1339 1482 1525 1544 πολλὰ,
1553 1483 1650 1536 οὐκ
1683 1484 1876 1553 ἀνδρα·

309 1567 482 1618 πὸεων
521 1570 871 1637 περιουσίαν,
902 1573 961 1622 οὐ
998 1572 1094 1641 τὴν
1132 1573 1191 1624 ’ἐν
1224 1573 1448 1642 ἀγοραῖς
1498 1574 1874 1644 περιφάνειαν,

305 1658 367 1710 οὐ
404 1657 624 1728 στήλαις,
658 1660 756 1713 οὐκ
785 1663 967 1714 εἰκόνα
983 1683 1017 1726 ς,
1053 1664 1112 1715 οὐ
1147 1665 1214 1717 τὰ
1249 1665 1313 1717 ἐκ
1343 1665 1520 1736 σηρῶν
1558 1667 1872 1736 ὑφάσματα,

305 1749 366 1799 οὐ
400 1749 466 1800 τὰ
490 1751 555 1801 ὲκ
577 1753 839 1821 μουσικῆς
861 1753 1202 1824 ἀκροάματα,
1223 1755 1342 1807 οὑδέ
1368 1773 1418 1806 τι
1439 1755 1674 1808 τοιοῦτον
1699 1758 1873 1820 οὐδὲν,

1986 569 2131 637 quod
2165 577 2545 639 consumptum
2583 578 2635 624 et
2672 579 2948 624 excretum
2988 579 3088 630 est,
3121 571 3170 625 id
3208 571 3350 644 quod
3385 585 3544 626 renus

1984 669 2071 713 vet
2114 662 2417 730 requirens.
2465 661 2569 726 Qui
2617 661 2782 730 igitur
2819 662 2884 714 ad
2926 671 3133 716 natura:
3181 663 3546 716 ministerium

1986 752 2221 818 respicit,
2260 762 2310 805 et
2343 753 2474 804 nihil
2513 761 2868 820 prwterquam
2899 753 3043 821 quod
3084 767 3306 808 necesse
3335 763 3418 809 est
3455 769 3548 823 per

1984 859 2152 896 vanas
2189 860 2348 898 curas
2380 846 2652 899 desiderat
2682 855 2844 912 atque
2879 845 3128 913 requirit,
3169 860 3278 898 non
3318 847 3545 898 multum

1985 934 2124 987 intra
2179 937 2342 988 vitam
2389 937 2686 1006 angelicam
2739 937 2862 998 erit,
2919 934 3045 987 dum
3090 949 3187 989 sua
3240 933 3550 1004 frugalitate

1983 1027 2198 1079 illorum
2237 1025 2446 1095 copiam
2487 1027 2638 1080 nulla
2688 1043 2746 1081 re
2776 1027 3007 1096 amplius
3055 1026 3328 1094 egentium
3374 1026 3550 1080 imita-

1984 1125 2089 1168 tur.
2131 1105 2337 1169 ldcirco
2379 1131 2620 1186 quaarcre
2646 1117 2901 1184 jubemur
2939 1117 2988 1170 id
3022 1115 3166 1186 quod
3204 1114 3341 1171 satis
3379 1115 3450 1168 sit
3479 1112 3548 1167 ad

1982 1218 2230 1261 naturam
2283 1209 2528 1278 corporis
2580 1206 3028 1262 conservandam.
3084 1206 3282 1260 Panem
3320 1206 3425 1270 da,
3477 1205 3546 1259 ad

1983 1293 2147 1349 Deum
2196 1297 2464 1360 dicentes,
2517 1313 2626 1349 non
2676 1297 2880 1359 luxum,
2932 1311 3039 1349 non
3098 1295 3321 1349 delicias
3372 1307 3548 1360 neque

1979 1387 2218 1450 divitias,
2257 1402 2362 1438 non
2407 1386 2626 1439 floridas
2655 1394 2831 1440 vestes
2877 1399 3200 1455 purpureas,
3245 1399 3351 1436 non
3383 1397 3548 1435 orna-

1981 1487 2161 1532 menta
2197 1492 2384 1540 aurea,
2425 1493 2529 1530 non
2573 1478 2810 1546 lapidum
2847 1477 3110 1544 fulgores,
3146 1488 3251 1525 non
3288 1486 3416 1525 vasa
3455 1486 3544 1522 ar-

1979 1577 2195 1637 gentea,
2235 1583 2339 1622 non
2383 1569 2496 1638 agri
2531 1569 2743 1637 copiam
2786 1581 2848 1620 ac
2892 1552 3254 1626 latitudinem,
3299 1578 3404 1615 non
3441 1560 3545 1613 im-

1980 1660 2185 1729 perium
2215 1660 2571 1723 exercituum,
2607 1675 2714 1712 non
2758 1659 3021 1711 bellorum
3055 1663 3108 1710 et
3140 1654 3382 1724 gentium
3408 1667 3541 1720 pra:-

1981 1752 2234 1814 fccturas,
2263 1768 2381 1804 non.
2407 1767 2668 1820 equorum
2715 1764 2922 1821 greges,
2960 1763 3066 1802 non
3105 1749 3265 1801 boum
3296 1751 3543 1798 armenta

303 1835 370 1889 δι’
392 1830 466 1888 ὧν
496 1838 759 1909 ἀφέληται
794 1843 825 1912 ἡ
861 1841 1004 1914 ψυχὴ
1040 1844 1137 1913 τῆς
1169 1845 1314 1908 θείας
1345 1862 1402 1898 τε
1435 1847 1527 1900 καὶ
1551 1849 1872 1918 προτιμοτέ-

1980 1844 2422 1914 reliquorumque
2481 1859 2736 1912 pecorum
2792 1857 3039 1912 magnam
3102 1836 3540 1898 multitudinem,

304 1943 404 1995 ρας
431 1930 708 1998 φροντίδος
726 1970 740 1994 ,
781 1932 915 1987 ἀλλὰ
941 1935 1028 1986 τὸν
1060 1935 1240 2006 ἄρτον.
1283 1937 1442 2007 Ὁρᾷς
1467 1937 1526 1989 τὸ
1552 1939 1751 2002 πλάτος
1775 1941 1872 2010 τῆς

303 2017 619 2087 φιλοσοφίας
648 2038 662 2085 ;
757 2021 852 2076 ὅσα
893 2024 1137 2094 δόγματα
1167 2030 1228 2096 τῇ
1261 2027 1484 2099 βραχείᾳ
1514 2029 1691 2101 ταύτῃ
1719 2034 1869 2102 φωνῇ

302 2109 682 2179 περιείληπται
711 2128 723 2174 ;
754 2117 1032 2184 μονονουχὶ
1056 2117 1297 2186 φανερῶς
1317 2118 1488 2187 ἐμϐοᾷ
1503 2119 1588 2170 διὰ
1605 2119 1695 2170 τοῦ
1715 2119 1872 2186 λόγου

300 2200 412 2260 τοῖς
447 2200 761 2253 ἐπαΐουσιν·
803 2204 883 2255 ὅτι
930 2204 1298 2268 Παύσασθε,οί
1333 2207 1625 2276 ἅνθρωποι,
1649 2211 1776 2275 περὶ
1805 2211 1872 2262 τὶ

305 2289 510 2357 μάταια
550 2295 668 2355 ταῖς
697 2293 1009 2364 ἐπιθυμίαις
1042 2296 1406 2366 διαχεόμενοι⁹
1457 2299 1732 2353 παύσασθε
1775 2301 1872 2365 τὰς

299 2381 409 2432 τῶν
438 2381 616 2434 πόνων
645 2385 896 2454 ἀφορμὰς
928 2385 1046 2438 καθ’
1083 2387 1232 2456 ὑμῶν
1267 2388 1444 2441 αὐτῶν
1467 2390 1868 2456 πλεονάζοντες,

303 2471 499 2541 μικρόν
528 2474 641 2525 ἐστί
662 2491 742 2526 σοι
764 2475 822 2527 τὸ
842 2475 941 2544 τῆς
970 2477 1181 2545 φύσεως
1202 2478 1418 2548 ὄφλημα
1439 2497 1452 2509 ’
1477 2481 1680 2551 τροφὴν
1701 2501 1873 2552 χρεω-

303 2567 448 2623 στείς
475 2565 551 2636 τῷ
585 2567 794 2636 σαρκίῳ
828 2585 940 2632 σου,
978 2573 1208 2640 πρᾶγμα
1237 2571 1454 2642 μέτριόν
1487 2590 1546 2625 τε
1595 2579 1686 2626 καὶ
1711 2576 1872 2627 εὐπό-

304 2670 503 2725 ριστον,
540 2658 587 2707 εἰ
611 2656 744 2726 πρὸς
776 2657 874 2728 τὴν
909 2660 1093 2729 χρείαν
1135 2660 1368 2728 βλέπεις.
1397 2663 1494 2714 Διά
1519 2663 1569 2714 τί
1601 2663 1870 2718 πολυπλα-

303 2746 506 2810 σιάζεις
526 2747 666 2800 κατά
689 2749 914 2801 σεαυτοῦ
929 2752 1052 2813 τοὺς
1076 2751 1270 2820 φόρους
1287 2769 1300 2818 ;
1319 2753 1490 2823 Ὑπὲρ
1510 2753 1658 2816 τίνος
1687 2756 1872 2813 τοσού-

296 2855 407 2899 τοις
453 2840 729 2910 ὀφλήμασι
770 2842 990 2894 σεαυτὸν
1038 2843 1215 2914 φέρων
1260 2843 1592 2910 ὑπέζευξαςς
1636 2845 1872 2917 ἄργυρον

302 2931 664 3000 μεταλλεύων.
683 2933 775 2986 καὶ
797 2934 994 3004 χρυσὸν
1021 2935 1285 3005 ὀρύσσων,
1316 2937 1407 2989 καὶ
1436 2938 1530 3006 τὴν
1559 2919 1864 3006 διαφαίνου-

301 3040 399 3077 σαν
431 3022 562 3094 ὓλην
596 3024 909 3094 ἀναζητῶνς
973 3025 1059 3089 Ὡς
1087 3026 1151 3079 ἄν
1183 3044 1264 3079 σοι
1303 3028 1388 3081 διὰ
1420 3028 1529 3080 τῶν
1560 3028 1814 3083 τοιούτων
1841 3034 1870 3084 6

1975 1955 2082 1991 non
2130 1939 2519 2007 mancipiorum
2549 1939 2782 2006 copiam,
2825 1953 2930 1989 non
2970 1933 3349 1988 claritudinem
3381 1938 3542 1998 atque

1973 2031 2318 2098 Splendorem
2377 2030 2428 2082 iu
2481 2031 2621 2090 foro,
2671 2044 2777 2082 non
2814 2029 3118 2088 columnas,
3157 2039 3264 2078 non
3306 2009 3537 2082 statuas,

1977 2134 2081 2171 non
2111 2134 2319 2186 pannos
2357 2119 2582 2182 sericos,
2621 2134 2728 2170 non
2764 2119 2970 2170 musica
3004 2119 3332 2178 acroamata,
3369 2123 3543 2177 neque

1974 2211 2270 2278 quidquam
2305 2211 2432 2274 tale,
2477 2227 2570 2279 per
2596 2225 2714 2277 qua:
2744 2209 2922 2260 anima
2951 2222 2979 2258 a
3015 2205 3195 2258 dlvina
3241 2217 3304 2256 ac
3344 2201 3538 2270 potiori

1974 2315 2106 2353 cura
2141 2300 2501 2361 abstrahitur,
2547 2298 2642 2354 sed
2671 2315 2882 2368 panem.
2924 2296 3083 2350 Vides
3114 2293 3454 2348 latitudinem
3489 2301 3542 2347 et
3568 2347 3584 2359 _

1976 2391 2276 2446 ubertatem
2327 2389 2723 2459 philosophiae?
2763 2395 2895 2456 quot
2932 2386 3216 2440 sententiae
3249 2383 3397 2438 brevi
3439 2382 3540 2435 hac

1973 2502 2106 2541 voce
2158 2480 2726 2551 compreheinlantur?
2785 2488 2992 2531 tantum
3044 2493 3149 2530 non
3209 2484 3391 2545 aperte
3447 2489 3541 2544 per

1974 2576 2116 2629 hanc
2169 2574 2471 2628 orationem
2514 2571 2714 2624 clamat
2755 2567 3227 2637 intelligentibus:
3272 2565 3537 2626 Desinite,

1972 2685 2005 2724 ο
2041 2667 2311 2728 homines,
2342 2666 2485 2718 circa
2523 2680 2615 2718 res.
2650 2676 2819 2716 vanas
2871 2660 3262 2730 cupiditatibus
3309 2657 3535 2711 diffundi

1972 2775 2037 2814 ac
2065 2757 2313 2812 distineri
2352 2775 2363 2810 :
2399 2755 2632 2810 desinite
2687 2753 2931 2806 laborum
2977 2751 3242 2804 adversus
3300 2756 3541 2801 vosmet-

1970 2855 2119 2922 ipsos
2171 2865 2368 2904 causas
2415 2857 2471 2904 ct
2536 2847 2791 2902 materias
2843 2843 3220 2903 accumulare,
3284 2839 3536 2908 exiguum

1970 2952 2076 3007 est,
2104 2943 2256 3011 quod
2316 2949 2522 2994 naturae
2563 2939 2750 3003 debes,
2797 2937 2978 2990 cibum
3025 2935 3189 2989 debes
3223 2932 3536 2988 caruncula:

1971 3045 2099 3098 tua),
2141 3051 2254 3088 rem
2281 3047 2334 3087 et
2373 3034 2638 3086 modicam
2671 3041 2724 3086 et
2769 3040 2957 3100 paratu
3009 3028 3243 3090 facilem,
3292 3026 3339 3081 si
3374 3040 3533 3078 usum

297 3114 549 3184 διηνεκὴς
587 3109 739 3178 οὗτος
766 3116 1055 3185 φορολόγος
1091 3120 1123 3187 ὴ
1154 3118 1364 3187 γαστὴρ
1401 3118 1624 3190 τρυφῴη
1645 3136 1656 3149 ·
1713 3115 1780 3189 ἧς
1808 3121 1868 3173 τὸ

1976 3136 2026 3183 et
2054 3125 2431 3181 necessitatem
2470 3123 2734 3186 intueris;
2769 3137 2868 3175 cur
2894 3120 3154 3174 adversus
3185 3115 3536 3184 temetipsum

299 3205 455 3274 χρέος
477 3206 638 3275 ἄρτος
664 3206 832 3269 ἐστὶν,
857 3207 1233 3278 δάναπληρῶν
1250 3209 1310 3260 τὸ
1329 3210 1504 3263 ἐνδέον
1527 3209 1604 3279 τῷ
1633 3210 1865 3280 σώματι.

300 3295 370 3347 Συ
398 3295 452 3346 δὲ
483 3298 561 3358 εἰς
606 3296 797 3358 Ἰνδοὺς
842 3297 1154 3368 ἐμπορεύῃ,
1197 3299 1290 3350 καὶ
1342 3297 1648 3370 βαρὸαρικῇ
1692 3318 1868 3370 παρα·-

302 3385 626 3447 κινδυνεύεις
657 3385 925 3457 θαλάσσῃ,
949 3388 1041 3438 καὶ
1071 3387 1352 3450 ἐνιαυσίοις
1383 3388 1676 3451 ναυτιλίαις
1715 3405 1871 3441 σεαυ-

301 3477 390 3528 τὸν
409 3476 586 3539 δίδως,
606 3476 691 3529 ἵνα
710 3478 819 3540 τοῖς
842 3478 1047 3531 ἐκεῖθεν
1073 3479 1371 3548 ἀγωγίμοις
1396 3479 1492 3550 τὴν
1519 3482 1725 3550 τροφὴν
1744 3483 1871 3552 ἡδυ-

301 3584 416 3638 νιις.
447 3569 508 3620 οὑ
544 3567 759 3620 σκοπῶν
779 3568 859 3620 ὅτι
879 3569 1038 3638 μέχρι
1058 3571 1152 3638 τῆς
1170 3570 1422 3640 ὑπερῴας
1442 3572 1474 3640 ἡ
1498 3571 1603 3623 τῶν
1631 3573 1871 3642 ἡδυσμά-

300 3677 408 3712 των
439 3657 690 3728 αἴσθησις
727 3659 816 3711 τὸν
843 3660 965 3730 ὅρον
987 3660 1116 3729 ἕχει.
1144 3660 1414 3724 Ὡσαύτως
1440 3661 1497 3714 δὲ
1524 3661 1586 3714 τὸ
1619 3664 1867 3730 εὑφανὲς,

300 3751 360 3803 τὸ
390 3750 642 3814 εὔπνουν,
694 3750 754 3802 τὸ
783 3749 1074 3820 εὔστομον,
1119 3751 1404 3822 ὠκυμορόν
1448 3769 1570 3806 τινα
1619 3755 1710 3805 καὶ
1736 3755 1871 3807 ἀκα-

305 3844 483 3915 ριαίαν
509 3843 800 3913 παρέχεται
832 3845 895 3913 τῇ
923 3843 1168 3913 αἰσθήσει
1195 3845 1290 3913 τὴν
1323 3844 1482 3914 χάριν
1502 3858 1514 3871 ·
1548 3844 1656 3898 ἀπὸ
1684 3845 1741 3897 δὲ
1773 3846 1870 3915 τῆς

303 3932 558 4004 ὑπερῴας
595 3934 904 4004 ἀδιάκριτος
949 3933 1056 3985 τῶν
1086 3934 1500 4003 ἐμϐαλλομένων
1544 3937 1576 4005 ἡ
1618 3935 1870 4006 διαφορὰ,

300 4025 578 4095 ὄμοτίμως
607 4023 676 4077 τὰ
722 4025 893 4077 πάντα
919 4023 1016 4092 τῆς
1051 4023 1262 4092 φύσεως
1301 4023 1436 4094 πρὸς
1475 4023 1736 4077 δυσωδίαν
1778 4025 1872 4078 ἀλ-

303 4117 569 4188 λοιούσης.
626 4118 785 4187 Ὁρᾷς
815 4117 876 4168 τὸ
909 4115 1078 4184 πέρας
1113 4116 1209 4186 τῆς
1239 4114 1553 4184 tidem-1%;
1601 4117 1762 4186 Ὁρᾷς
1811 4115 1871 4168 τὸ

302 4207 650 4275 ἀποτέλεσμα
675 4206 771 4274 τῆς
793 4205 1156 4276 ὀψαρτυτικῆς
1180 4204 1510 4275 μαγγανείας
1535 4222 1549 4269 ;
1576 4205 1678 4258 Τὸν
1710 4205 1870 4276 ἄρτον

302 4299 441 4352 αῐτει
481 4297 572 4350 διὰ
609 4297 706 4368 τὴν
732 4299 830 4366 τῆς
853 4296 996 4365 ζωῆς
1037 4297 1241 4364 χρείαν,
1276 4295 1465 4348 τούτου
1499 4313 1555 4348 σε
1585 4296 1868 4365 ὀφειλέτην

301 4389 556 4459 ἐποίησεν
584 4390 616 4458 ὴ
649 4387 805 4457 φύσις
837 4386 912 4456 τῷ
938 4387 1161 4456 σώματι.
1206 4386 1285 4438 Τὰ
1317 4387 1360 4438 δ’
1395 4389 1492 4439 ὅσα
1531 4388 1870 4457 παρεύρηται

1975 3216 2305 3286 multiplicas
2350 3213 2586 3267 tributa?
2638 3211 2807 3279 Cujus
2856 3211 2932 3264 rei
2982 3209 3156 3279 gratia
3207 3214 3289 3261 tot
3337 3206 3536 3260 debitis

1973 3307 2207 3377 teipsum
2252 3305 2550 3374 obligatum
2599 3311 2762 3372 atque
2795 3301 3102 3370 subjectum
3145 3299 3216 3361 is,
3249 3305 3536 3367 argentum

1972 3408 2248 3459 scrutans,
2294 3411 2488 3449 aurum
2540 3393 2766 3457 fodiens,
2820 3400 2874 3448 et
2922 3391 3214 3461 fulgentem
3253 3387 3535 3442 materiam

1972 3487 2298 3558 requirens?
2335 3497 2390 3539 ut
2423 3486 2519 3540 tibi
2560 3501 2656 3554 per
2684 3483 2952 3551 ejusmodi
2995 3497 3084 3536 res
3124 3490 3419 3550 perpetuus
3451 3477 3540 3533 hic

1973 3580 2300 3634 tributurum
2329 3583 2569 3640 exactor,
2605 3584 2792 3628 venter
2828 3575 2952 3626 luxu
2989 3581 3151 3640 atque
3189 3571 3397 3625 deliciis
3428 3569 3536 3623 dif-

1971 3671 2128 3733 ﬂuat,
2167 3668 2254 3722 cui
2313 3667 2488 3737 panis,
2527 3666 2616 3735 qui
2663 3665 2718 3717 id
2771 3662 2915 3732 quod
2954 3661 3108 3716 deest
3140 3661 3358 3728 corpori
3395 3675 3540 3727 sup-

1972 3764 2138 3833 pleat,
2175 3761 2424 3814 debetur.
2459 3757 2539 3810 'fu
2577 3772 2708 3810 vero
2741 3755 2808 3808 ad
2840 3753 3001 3808 Indos
3032 3750 3344 3821 negotiandi
3371 3765 3538 3804 causa

1972 3847 2358 3918 proficisceris,
2391 3854 2446 3899 et
2490 3846 2543 3898 in
2598 3842 2882 3898 barbarico
2929 3841 3067 3894 mari
3101 3840 3450 3911 periclitaris,
3487 3849 3541 3892 et

1972 3939 2363 3993 anniversariis
2389 3935 2825 4004 navigationibus
2860 3933 3094 4003 teipsum
3129 3930 3450 3992 committis,
3482 3939 3542 3983 ιιι
3603 3978 3610 3983 ,

1974 4032 2137 4087 rebus
2172 4031 2322 4083 illinc
2347 4028 2657 4097 importatis
2683 4035 2736 4082 et
2777 4027 3043 4088 advectis,
3074 4025 3255 4079 cibum
3288 4021 3536 4087 condias,

1973 4139 2081 4177 non
2135 4120 2490 4183 considerans
2534 4118 2678 4187 quod
2722 4133 2830 4171 non
2874 4119 3016 4171 ultra
3058 4117 3298 4186 palatum
3343 4129 3540 4169 sensus

1972 4213 2448 4269 condimentorum
2491 4209 2858 4279 progreditur.
2908 4205 3170 4260 Similiter
3216 4205 3342 4258 item
3393 4204 3537 4272 quod

1974 4308 2091 4359 visu
2129 4314 2181 4359 et
2218 4312 2439 4372 aspectu
2483 4312 2694 4371 gratum
2727 4308 2830 4360 est,
2867 4299 3009 4366 quod
3044 4297 3231 4357 odore,
3265 4294 3408 4364 quod
3445 4311 3542 4347 ore

1973 4408 2022 4451 et
2077 4398 2212 4450 faeie
2263 4398 2457 4465 placet,
2518 4401 2950 4445 inomentaneam
2986 4389 3279 4458 quamdam
3336 4397 3388 4441 et
3431 4386 3542 4440 cito

302 4485 420 4545 ταῖς
453 4480 562 4533 τῶν
605 4479 931 4550 τρυφώντων
961 4479 1243 4542 ἐπινοίαις,
1279 4479 1452 4532 ταῦτα
1480 4481 1584 4532 τῶν
1619 4479 1872 4543 ζιζανίων

1980 4490 2272 4558 perituram
2305 4487 2535 4554 gratiam
2566 4499 2629 4536 ac
2664 4484 2992 4550 voluptatem
3031 4482 3216 4535 sensui
3251 4481 3471 4550 praebet,
3511 4497 3540 4534 ιι

303 4575 420 4626 ἐστὶ
440 4572 818 4641 παρασπορᾶς.
857 4571 914 4623 'U
941 4570 1135 4640 σπόρος
1167 4569 1259 4621 τοῦ
1277 4570 1652 4622 οἰκοδεσπότου
1678 4573 1705 4624 6
1728 4573 1871 4634 σῖτος

303 4669 474 4731 ί-στὶν,
508 4665 571 4716 ὲκ
599 4664 654 4716 δὲ
687 4663 778 4715 τοῦ
812 4663 964 4715 σίτου,
994 4666 1021 4715 6
1050 4663 1206 4730 ἄρτος
1249 4663 1454 4728 γίνεται
1481 4678 1492 4689 ·
1549 4665 1581 4732 ἡ
1611 4662 1667 4714 δὲ
1692 4665 1870 4734 τρυφὴ

302 4755 360 4807 τὺ
393 4753 628 4818 ζιζάνιον
651 4754 679 4804 ὂ
714 4751 1036 4823 παρεσπάρη
1074 4751 1221 4821 παρά
1253 4750 1346 4802 τοῦ
1380 4750 1572 4822 ἐχθροῦ
1605 4751 1681 4820 τῷ
1717 4753 1866 4822 σίτῳ.

314 4846 455 4899 Ἀλλ’
486 4844 716 4914 ἀφέντες
755 4844 805 4896 οἱ
842 4842 1116 4913 ἄνθρωποι
1155 4843 1240 4895 διὰ
1279 4842 1384 4895 τῶν
1419 4843 1729 4913 ἀναγκαίων
1758 4845 1867 4898 λει-

300 4938 552 5006 τουργεῖν
579 4938 645 5007 τῇ
681 4933 861 5004 φύσει,
889 4933 1057 4998 δντως
1096 4935 1506 5004 συμπνίγονται,
1536 4935 1718 5000 καθώς
1739 4937 1871 5007 φησί

305 5044 405 5080 που
439 5027 469 5079 6
495 5025 688 5094 Λόγος,
710 5027 825 5088 ταῖς
850 5026 976 5096 περὶ
1005 5025 1072 5078 τά
1094 5027 1296 5095 μάταια
1322 5025 1594 5089 σπουδαῖς,
1625 5029 1717 5079 καὶ
1750 5027 1872 5080 ἁτε-

304 5110 645 5186 λεσφόρητοι
676 5115 911 5185 μένουσι,
951 5115 1084 5184 πρὸς
1119 5114 1285 5168 ταῦτα
1327 5115 1423 5185 τῆς
1472 5117 1646 5186 ψυχῆς
1676 5117 1871 5188 ἑαυτὴν

305 5210 383 5271 εἰς
414 5208 475 5260 τὸ
505 5207 744 5277 διηνεκὲς
779 5205 1128 5276 ἀσχολούσης.

1980 4581 2160 4649 palato
2217 4593 2345 4632 vero
2393 4575 2701 4645 promiscua
2761 4587 2924 4641 atque
2979 4571 3296 4627 indistincta
3353 4586 3539 4626 earum

1981 4687 2160 4725 rerum
2201 4685 2321 4739 quae
2365 4668 2736 4722 immittuntur
2778 4665 3082 4720 differentia
3118 4674 3222 4728 est,
3258 4665 3544 4733 aequaliter

1977 4759 2161 4813 omnia
2209 4761 2260 4810 in
2309 4755 2704 4810 maleolentiam
2756 4763 2810 4808 et
2857 4754 3083 4807 fetorem
3118 4761 3315 4807 natura
3359 4761 3546 4808 trans-

1980 4857 2243 4902 mutante.
2282 4845 2442 4901 Vides
2476 4846 2632 4899 tinem
2662 4845 3018 4899 obsoniorum
3050 4843 3429 4912 apparationis
3456 4852 3540 4895 at-

1975 4955 2080 5008 que
2140 4937 2541 4991 confectionis?
2595 4933 2756 4989 Vides
2799 4935 3050 4988 effectum
3099 4934 3414 5000 imposturae
3465 4936 3540 4987 rei

1975 5031 2278 5092 culinaria‘,
2341 5029 2695 5096 ciborumque
2739 5026 3115 5081 conditionis?
3168 5025 3368 5080 Panem
3422 5033 3543 5093 pete

1977 5132 2199 5190 propter
2242 5120 2362 5173 vitae
2408 5134 2773 5173 necessarium
2821 5132 3001 5179 usum,
3041 5117 3204 5184 hujus
3245 5124 3295 5170 te
3323 5114 3537 5182 corpori

1974 5211 2273 5264 debitorem
2307 5219 2501 5263 natura
2554 5209 2703 5263 fecit.
2762 5209 2968 5262 Caetera
3017 5223 3139 5276 qua:
3189 5215 3381 5274 praeter
3427 5205 3542 5257 haec

307 5299 551 5364 solertia,
582 5299 792 5354 deliciis
834 5315 896 5351 ac
934 5299 1080 5352 luxui
1123 5299 1428 5352 deditorum
1498 5299 1802 5368 excogitata
1849 5307 1903 5354 et
1981 5303 2196 5355 inventa
2248 5310 2399 5357 sunt.
2452 5316 2514 5353 ea
2574 5300 2640 5354 de
2686 5300 3026 5352 zizaniorum
3075 5296 3233 5363 juxta
3297 5299 3539 5346 satorum

308 5393 691 5450 seniine'sunt.
737 5392 934 5446 Semen
969 5391 1409 5460 patrisfamilias,
1444 5392 1772 5446 frumentum
1811 5402 1897 5449 est
1943 5394 2081 5459 ‘3'“,
2117 5405 2169 5449 et
2202 5411 2264 5447 ex
2302 5395 2576 5450 frumento
2609 5395 2763 5463 panis
2789 5392 3118 5452 coniicitur;
3160 5396 3214 5440 at
3263 5387 3421 5439 luxus
3456 5393 3540 5435 at-

306 5504 412 5562 que
449 5487 660 5542 delicia:
712 5488 981 5541 zizaniam
1015 5493 1118 5548 est,
1167 5487 1308 5555 quod
1351 5487 1456 5540 'ab
1527 5487 1748 5541 inimico
1784 5487 1936 5556 juxta
1979 5489 2309 5541 frumentum
2342 5500 2516 5540 satum
2562 5494 2664 5538 cst.
2704 5482 2807 5536 Sed
2845 5479 3094 5534 homines
3125 5479 3330 5532 omisso
3376 5474 3531 5527 mini-

307 5582 474 5636 sterio
528 5591 735 5634 natura:
784 5579 1110 5642 necessario,
1164 5595 1351 5633 revera
1399 5578 1736 5634 suffocantur
1785 5586 1867 5650 (ut
1943 5580 2134 5634 alii-ubi
2191 5580 2382 5632 Sermo
2440 5578 2591 5642 dicit)
2641 5590 2900 5629 ranarum
2952 5585 3132 5625 rerum
3189 5567 3405 5627 studiis,
3489 5576 3536 5621 ct

309 5673 610 5744 infrugifeii
646 5683 884 5738 manent,
917 5672 1044 5725 dum
1098 5673 1149 5726 in
1185 5672 1268 5726 his
1302 5670 1482 5724 anima
1521 5690 1640 5729 sese
1667 5684 1922 5744 perpetuo
1951 5681 2160 5726 exercet
2192 5683 2241 5726 cl
2270 5679 2529 5741 occupata
2563 5677 2676 5724 est-

380 5789 505 5829 ‘3-“
548 5787 735 5844 Matth.
774 5765 866 5843 Mli
892 5828 905 5853 ,
937 5790 967 5842 5
1000 5804 1116 5856 διιεί-
