3996 6196
271 340 411 395 H73

1180 344 1268 400 nr.
1298 346 1651 405 omnese
1691 320 2038 410 Demnea.
2077 384 2147 393 —
2180 353 2437 411 ORATIO
2476 355 2557 411 IV.

3395 361 3527 418 127$

268 456 370 520 τὰς
406 454 725 527 πλησμονὰς
766 458 857 510 ἐπὶ
900 458 997 528 τὴν
1036 459 1334 517 ἀκόλαστον
1363 463 1570 518 λύσσαν
1610 465 1845 519 ἰλυσπώ-

1954 469 2181 539 augendi
2240 469 2515 540 cupiditas
2566 469 2893 541 ingreditur.
2964 472 3221 527 Nam'ne
3274 481 3529 542 sumptus
3620 494 3623 495 '

273 564 435 616 μενος
468 547 1041 618 κατασύρεταικτοῦτο
1066 552 1125 605 δέ
1152 556 1267 607 ἐστι
1293 555 1354 607 τὸ
1379 553 1602 625 ἔσχατον
1633 556 1741 610 τῶν
1762 560 1850 611 ἀν-

267 636 557 709 θρωπίνων
578 639 786 694 κακῶν.
815 641 901 703 Ὠς
923 642 989 695 ἂν
1010 638 1101 697 οὖν
1128 644 1294 715 μηδὲν
1322 646 1531 715 γένοιτο
1546 647 1846 721 τούτων,τῇ

266 728 501 798 εὐπορίᾳ
526 727 623 780 τοῦ
653 729 819 799 ἄρτου
855 731 953 802 τὴν
994 731 1139 803 ζωὴν
1173 734 1564 805 περιορίζεται,
1594 736 1724 807 ὄψον
1753 738 1848 809 ζη-

264 819 377 871 τῶν
410 820 471 872 τὸ
515 822 644 900 παρ)
684 821 854 890 αὐτῆς
890 821 1310 894 ὀψοποιούμενόν
1357 842 1437 879 σοι
1464 827 1562 897 τῆς
1612 826 1848 897 φύσεως.

268 910 442 963 Τοῦτο
480 911 539 964 δέ
572 913 708 975 ἐστι,
743 912 980 983 μάλιστα
1014 914 1111 986 μὲν
1156 916 1187 985 ἡ
1224 916 1402 988 ἀγαθὴ
1438 917 1761 988 συνείδησις,
1787 922 1855 990 τῇ

264 1002 453 1073 δικαίᾳ
494 1003 790 1074 μεταλήψει
821 1004 911 1056 τὸν
941 1006 1102 1076 ἄρτον
1131 1005 1416 1076 ἡδύνουσα.
1454 1008 1517 1060 El
1550 1008 1607 1061 δὲ
1637 1010 1730 1062 καὶ
1760 1008 1855 1080 τὴν

266 1092 408 1146 κατὰ
452 1097 544 1146 τὸν
587 1094 780 1164 λαιμδν
808 1093 1058 1163 αἴσθησιν
1097 1095 1320 1165 ἥδεσθαι
1367 1096 1562 1161 θέλοις,
1612 1097 1741 1166 ὄψον
1769 1114 1852 1151 σοι

265 1182 509 1249 γενέσθω
540 1185 572 1252 ἡ
600 1183 799 1245 ἔνδεια,
833 1185 926 1237 καὶ
951 1184 1011 1236 τὸ
1040 1184 1116 1256 μὴ
1146 1186 1424 1239 ἐπιϐαλεῖν
1458 1187 1619 1259 κόρον
1649 1188 1725 1258 τῷ
1758 1189 1851 1241 κό-

268 1289 368 1344 ρῳ,
404 1274 540 1344 μηδὲ
580 1274 936 1344 ἀπαμϐλῦναι
955 1278 1022 1345 τῇ
1053 1278 1332 1350 κραιπάλῃ
1351 1278 1449 1349 τὴν
1468 1278 1679 1348 ὄρεξιν·
1709 1280 1844 1334 ἀλλὰ

266 1364 718 1434 προτπείσθωσάν
752 1382 832 1419 σοι
856 1368 953 1437 τῆς
979 1369 1184 1438 τροφῆς
1212 1368 1335 1420 τῶν
1352 1367 1578 1422 ἐντολῶν
1600 1371 1648 1422 οί
1685 1370 1844 1442 ἱδρῶ.

265 1471 373 1518 τες.
433 1456 526 1508 Ἐν
559 1455 754 1523 ἱδρῶτι
788 1459 886 1512 καὶ
925 1461 1105 1525 πόνῳ
1135 1460 1296 1527 φάγῃ
1337 1458 1441 1512 τὸν
1482 1459 1668 1527 ἄρτον
1701 1475 1838 1515 σου.

278 1545 441 1613 Ὁρᾷς
469 1545 568 1615 τὴν
601 1545 821 1615 πρώτην
858 1546 1141 1614 ὀψοποιίαν
1174 1546 1266 1599 τοῦ
1305 1546 1500 1612 Λόγου.

1955 559 2263 614 subsidium
2307 568 2361 615 et
2412 569 2709 630 apparatus
2773 563 2837 615 ad
2897 563 3167 633 ejusmodi
3219 578 3311 618 res
3364 563 3528 627 desit,

1956 647 2220 703 reditibus
2263 666 2402 719 opus
2445 661 2547 716 est,
2580 666 2678 722 per
2709 667 2847 721 quos
2893 653 3255 707 conﬁciantur
3291 664 3346 708 et
3380 668 3528 707 com-

1957 747 2218 807 parentur
2242 756 2303 794 ea
2340 756 2459 809 quae
2487 742 2869 796 desiderantur
2898 750 2951 797 et
2982 743 3356 812 requiruntur.
3389 743 3530 811 Ergo

1956 828 2084 883 ﬂere
2113 829 2268 884 illum
2299 839 2368 886 et‘
2388 832 2539 885 illum
2575 842 2811 903 oportet,
2841 841 2895 888 et
2926 835 3140 903 plOrarc
3172 835 3530 888 contuberna-

1955 916 2081 983 lem,
2114 920 2442 990 multosque,
2475 921 2567 991 qui
2616 922 2733 977 suis
2776 923 2943 977 rebus
2973 923 3257 986 excidunt,
3294 924 3519 977 misera-

1954 1006 2092 1061 biles
2163 1009 2300 1073 fieri,
2340 1018 2398 1064 ut
2433 1026 2529 1080 per
2560 1011 2779 1065 illormn
2831 1012 3102 1082 laerymas
3144 1011 3272 1065 huic
3312 1011 3531 1080 magni-

1953 1098 2165 1151 Iicculia
2203 1109 2364 1168 atque
2407 1103 2702 1154 ostentatio
2736 1116 2938 1155 mensa:
2988 1100 3358 1169 splendescat.
3378 1100 3528 1154 (Sum

1949 1197 2131 1241 autem
2154 1189 2313 1241 etiam
2349 1190 2433 1243 his
2466 1207 2531 1245 se
2569 1206 2796 1260 serpens
2826 1190 3115 1244 involverit
3148 1200 3311 1259 atque
3348 1190 3529 1259 impli-

1951 1280 2143 1342 cuerit,
2204 1286 2258 1333 et
2303 1287 2545 1334 ventrem
2605 1282 2730 1336 cibo
2785 1293 3024 1351 potuque
3069 1282 3135 1335 ad
3193 1282 3527 1335 voluntatem

1950 1371 2222 1437 exquisito
2265 1372 2588 1440 impleverit,
2631 1380 2753 1442 post
2806 1372 3286 1442 iugurgitationem
3343 1386 3406 1425 ac
3442 1387 3528 1423 re-

1951 1460 2265 1527 plciionem,
2308 1461 2568 1531 deinceps
2614 1463 2677 1517 ad
2720 1462 3065 1516 libidinosam
3100 1462 3303 1515 rabiem
3346 1459 3527 1513 invof-

1953 1550 2124 1603 vrndo
2150 1569 2269 1606 sese
2314 1553 2617 1607 dulabclut‘.
2651 1553 2701 1607 ld
2745 1561 2923 1607 autem
2964 1564 3266 1607 extremum
3299 1560 3389 1605 est‘
3418 1550 3517 1602 hu-

267 1636 983 1693 manorummalorum..Ut
1020 1639 1183 1707 igitur
1250 1637 1384 1691 nifil
1452 1637 1644 1689 horum
1669 1638 1901 1702 accidat,
1946 1638 2203 1696 facultate
2265 1648 2416 1712 panis
2483 1646 2650 1719 vitam
2714 1645 3153 1707 circumscribit,
3227 1643 3516 1697 obsonium

265 1742 515 1794 qumreus
554 1731 698 1799 quod
742 1731 810 1784 ab
880 1731 996 1800 ipsa
1041 1740 1235 1784 natura
1308 1730 1406 1784 tibi
1472 1738 1716 1799 paratur.
1784 1732 1842 1784 ld
1894 1741 2073 1788 autem
2141 1738 2485 1805 potissimum
2546 1738 2762 1806 quidem
2823 1737 2962 1790 bona
3012 1738 3348 1791 conscientia
3406 1743 3526 1798 ests,

264 1818 421 1886 justo
452 1836 552 1875 usu
593 1836 785 1890 panem
857 1822 1129 1876 romlicns.
1203 1820 1359 1886 Quod
1390 1822 1436 1874 si
1476 1821 1641 1874 etiam
1674 1836 1894 1876 sensum
1934 1826 2072 1892 3'in
2108 1826 2403 1881 demulceri
2434 1828 2535 1892 vis,
2565 1829 2856 1881 obsonium
2891 1828 2986 1881 tibi
3017 1836 3136 1881 esto
3197 1817 3525 1895 indigentia.

266 1925 342 1979 ct,
393 1922 453 1968 ut
494 1930 562 1969 ne
607 1915 830 1969 satietas
877 1914 1115 1968 satietati
1155 1914 1408 1975 addatur,
1468 1930 1571 1967 neu
1654 1916 1877 1983 crapula
1924 1917 2288 1985 infringatur
2313 1931 2363 1972 et
2396 1920 2680 1974 hebetetur
2708 1920 3003 1988 appetitus,
3035 1918 3128 1973 sed
3163 1917 3342 1972 cibum
3374 1925 3526 1971 tuum

269 2005 578 2079 prwcedant
623 2013 1014 2075 prii‘Cf‘plOI‘lllll
1048 2006 1296 2060 sudores.
1379 2003 1443 2058 In
1488 2005 1679 2058 sudore
1750 2016 1800 2059 et
1869 2006 2048 2062 labore
2120 2011 2338 2063 vesceris
2385 2005 2518 2079 pane
2563 2010 2738 2065 tuo“.
2780 2008 2943 2064 Vides
2978 2007 3259 2063 Sermonis
3294 2007 3525 2078 primam

266 2100 483 2157 obsonii
517 2099 915 2154 confectionem
934 2100 961 2153 ?

351 2193 536 2263 ’Δρκεϊ
583 2208 663 2244 σοι
701 2192 758 2244 τὸ
803 2191 965 2263 μέχρι
1004 2192 1102 2262 τῆς
1125 2192 1315 2262 χρείας
1347 2192 1552 2264 ταύτης
1592 2192 1842 2263 ἀσχολεῖν
1880 2201 1919 2254 Β

265 2281 366 2352 τὴν
398 2282 638 2335 διάνοιαν
658 2296 671 2309 ·
702 2280 901 2349 μᾶλλον
924 2281 983 2333 δὲ
1009 2281 1168 2352 μέχρι
1184 2281 1375 2334 τούτου
1406 2282 1503 2351 τὴν
1532 2281 1710 2352 ψυχὴν
1730 2288 1848 2347 ταῖς

266 2371 511 2443 περὶτοῦ
546 2370 710 2440 ἄρτου
741 2371 1033 2441 μερίμναις
1061 2371 1289 2442 ὲνδήσῃς
1314 2386 1326 2399 ·
1361 2372 1473 2424 ἀλλ’
1507 2371 1628 2428 εἰπὲ
1656 2372 1733 2441 τῷ
1758 2372 1849 2424 τὸν

267 2461 436 2532 ἄρτον
463 2462 528 2512 ὲκ
553 2461 659 2529 γῆς
692 2458 937 2529 ἑξάγοντι
964 2477 976 2489 ·
1027 2462 1146 2514 εἰπὲ
1180 2462 1257 2532 τῷ
1294 2464 1421 2525 τοὺς
1461 2462 1700 2533 κόρακας
1729 2462 1852 2533 τρέ-

268 2567 448 2619 φοντι,
486 2549 564 2620 τῷ
589 2550 781 2604 διδόντι
821 2551 1025 2622 τροφὴν
1063 2553 1209 2624 πάσῃ
1243 2554 1427 2623 σαρκὶ,
1473 2553 1550 2623 τῷ
1582 2554 1849 2620 ἀνοίγοντι

267 2644 368 2714 τὴν
416 2645 592 2714 χεῖρα,
640 2643 733 2695 καὶ
785 2642 1079 2714 πληροῦντι
1137 2646 1243 2697 πᾶν
1274 2643 1411 2708 ζῶον
1440 2645 1719 2707 εὐδοκίας·
1769 2647 1850 2698 ὅτι

271 2735 427 2808 Παρά
450 2734 707 2805 σοῦ’μοιὴ
762 2732 873 2804 ζωή
901 2752 913 2764 ο
962 2734 1114 2807 παρὰ
1141 2735 1230 2787 σού
1261 2736 1503 2805 γενέσθω
1528 2736 1623 2788 καὶ
1650 2740 1681 2806 ἡ
1722 2736 1851 2810 πρὸς

267 2825 369 2895 τὴν
399 2824 544 2897 ζωὴν
566 2826 786 2897 ἀφορμή
809 2845 822 2857 ’
848 2826 933 2881 σὺ
963 2826 1070 2893 δὸς
1088 2828 1197 2880 τὸν
1219 2827 1422 2895 ἄρτον,
1456 2829 1751 2893 τουτέστιν,
1788 2831 1850 2881 ὲκ

270 2916 495 2970 δικαίων
522 2917 699 2969 πόνων
740 2916 838 2988 τὴν
867 2918 1074 2987 τροφὴν
1109 2920 1318 2989 σχοίην.
1368 2920 1430 2971 Ei
1452 2920 1560 2991 γὰρ
1604 2921 1630 2972 0
1655 2921 1785 2984 Θεὸς
1816 2922 1848 2990 ἠ

269 3007 584 3077 δικαιοσύνη
617 3008 791 3073 ἐστὶν,
834 3010 935 3062 οὐκ
969 3009 1082 3079 ἔχει
1123 3011 1274 3082 παρὰ
1311 3011 1447 3064 Θεοῦ
1474 3013 1564 3064 τὸν
1596 3014 1779 3082 ἄρτον,
1820 3014 1850 3064 0

271 3101 335 3153 ἐκ
364 3098 677 3165 πλεονεξίας
712 3100 809 3170 τὴν
838 3102 1043 3171 τροφὴν
1070 3102 1206 3172 ἔχων
1226 3125 1237 3136 -
1270 3104 1430 3166 αὐτὸς
1458 3104 1644 3175 κύριος
1671 3102 1722 3157 εί
1743 3086 1870 3176 τῆς.

270 3189 457 3260 εὐχῆς.
497 3192 547 3243 εἶ
576 3189 649 3261 μὴ
676 3190 734 3255 ἐξ
763 3192 1055 3264 ἀλλοτρίων
1085 3196 1117 3265 ἡ
1151 3195 1379 3266 εὐπορία
1400 3236 1413 3259 ,
1452 3198 1499 3247 εί
1530 3195 1604 3267 μὴ
1651 3198 1716 3248 ὲκ
1751 3195 1848 3248 δα·-

272 3281 454 3354 κρύων
494 3283 530 3354 η
566 3282 843 3353 πρόσοδος,
884 3286 932 3337 εί
960 3284 1131 3349 οὐδεὶς
1164 3287 1253 3338 ἐπὶ
1298 3285 1377 3357 τῷ
1407 3286 1485 3357 σῷ
1522 3286 1670 3358 κόρῳ
1703 3286 1851 3339 ἐπεί-⁹

271 3380 450 3438 νασεν,
478 3375 528 3426 εί
557 3373 730 3436 οὐδεὶς
755 3374 850 3426 ἐπὶ
872 3379 939 3447 τῇ
965 3375 1248 3448 πλησμονῇ
1283 3394 1375 3429 σου
1397 3376 1696 3443 ἐστέναξεν,
1714 3376 1858 3430 Θεοῦ

272 3463 438 3535 ἄρτος
471 3463 708 3533 μάλιστα
740 3466 769 3518 0
795 3466 1035 3530 τοιοῦτός
1070 3467 1207 3532 ἐστι,
1240 3465 1585 3536 δικαιοσύνης
1615 3466 1852 3534 καρπὸς,

2031 2190 2238 2244 Sufﬁcit
2274 2191 2373 2243 tibi
2418 2190 2482 2243 ad
2513 2191 2658 2245 hunc
2690 2207 2847 2246 usum
2880 2206 3053 2259 usque
3084 2196 3263 2244 mente
3289 2203 3526 2258 occupa-

1953 2281 2021 2344 ri,
2055 2281 2164 2334 imo
2192 2296 2321 2336 vero
2349 2280 2457 2336 huc
2484 2296 2655 2351 usque
2680 2283 2915 2334 animam
2948 2278 3412 2335 sollicitudinibus
3431 2293 3523 2349 pa-

1949 2374 2037 2427 nis
2067 2374 2243 2441 illiges
2286 2392 2299 2427 :
2333 2388 2396 2427 ac
2427 2374 2516 2428 dic
2557 2374 2606 2428 ei
2654 2375 2745 2445 qui
2783 2374 2967 2428 educit
3001 2388 3195 2444 panem
3227 2373 3295 2428 de
3325 2382 3471 2428 terra
3507 2389 3522 2427 :

1948 2460 2036 2513 dic
2081 2476 2274 2515 rorvos
2318 2463 2583 2530 pascenti,
2638 2464 2731 2531 qui
2785 2464 2932 2517 omni
2972 2464 3124 2517 carni
3174 2463 3354 2518 cibum
3403 2462 3520 2527 dat,

1949 2550 2038 2620 qui
2071 2565 2288 2603 manum
2323 2552 2521 2621 operit,
2556 2560 2608 2607 et
2635 2569 2797 2608 oumc
2837 2556 3037 2607 animal
3071 2555 3209 2609 bona
3245 2556 3525 2610 voluntate

1952 2639 2121 2707 replet
2152 2638 2198 2669 "
2225 2659 2238 2696 :
2265 2642 2380 2696 Ate
2421 2641 2551 2694 mihi
2588 2641 2693 2694 vita
2720 2652 2823 2705 est,
2857 2628 2885 2695 ἐι
2918 2652 2970 2698 te
2994 2659 3213 2714 quoque
3244 2646 3374 2701 mihi
3401 2648 3526 2702 vita:

1951 2728 2251 2784 subsidium
2287 2730 2565 2799 contingat
2594 2750 2606 2796 ;
2663 2740 2719 2784 tu
2746 2733 2815 2786 da
2842 2751 3028 2803 panem
3110 2734 3161 2789 id
3197 2744 3310 2799 est,
3344 2752 3409 2791 ex
3436 2739 3525 2806 ju-

1950 2820 2052 2873 stis
2087 2818 2368 2872 laboribus
2394 2819 2574 2872 cibum
2607 2820 2905 2889 adipiscar.
2943 2821 3077 2875 Nam
3119 2828 3166 2877 si
3189 2822 3330 2879 Deus
3356 2826 3521 2893 justi-

1950 2894 2024 2965 tia
2053 2900 2155 2976 est,
2190 2926 2296 2964 non
2324 2911 2484 2966 habet
2518 2926 2548 2964 a
2579 2909 2687 2966 Deo
2712 2927 2929 2981 panem,
2970 2914 3061 2983 qui
3097 2931 3164 2971 ex
3201 2932 3258 2970 re
3292 2916 3522 2971 fraudu-

1950 3002 2124 3056 lenter
2152 3008 2207 3055 et
2240 2999 2441 3071 injuste
2472 3009 2622 3070 parta
2671 3003 2851 3055 cibum
2883 3003 3046 3058 habet
3077 3020 3091 3069 ;
3136 3006 3251 3075 ipse
3290 3020 3519 3074 compos

1949 3092 2058 3146 voti
2086 3090 2301 3157 esjnisi
2359 3105 2422 3145 ex
2465 3091 2658 3145 alienis
2696 3092 2848 3161 copia
2887 3101 3054 3164 atque
3106 3093 3361 3160 facultas,
3407 3097 3518 3151 nisi

1948 3200 2012 3239 ex
2045 3184 2299 3254 lacrymis
2330 3183 2558 3250 reditus,
2583 3184 2628 3239 si
2666 3200 2827 3239 nemo
2858 3193 3081 3255 propter
3120 3194 3268 3240 tuam
3300 3177 3524 3241 satieta-

1949 3283 2057 3329 tem
2096 3275 2309 3339 esuriit,
2354 3274 2399 3329 si
2457 3276 2640 3329 nullus
2682 3275 2752 3328 ob
2796 3282 2944 3327 tuam
2988 3277 3342 3345 repletiouem
3374 3276 3526 3344 inge~

1950 3369 2108 3431 muit,
2155 3366 2246 3421 Dei
2276 3367 2433 3437 panis
2462 3369 2695 3421 maxime
2733 3367 2856 3421 talis
2891 3375 2996 3431 est,
3032 3367 3265 3436 justitiaa
3289 3365 3524 3433 fructus,

1957 3459 2117 3529 pacis
2147 3460 2322 3527 spica,
2357 3474 2465 3512 non
2506 3460 2767 3528 permista
2796 3475 2974 3530 neque
3011 3460 3295 3531 inquinata
3329 3460 3539 3515 zizani'r

273 3557 502 3627 εἰρήνης
536 3558 565 3609 0
594 3556 853 3627 ἄσταχυς,
896 3558 1127 3626 ἄμικτος
1153 3560 1246 3611 καὶ
1291 3558 1585 3627 ἀμόλυντος
1612 3557 1855 3611 τῶνντοῦ

1955 3549 2277 3605 seminibus.
2312 3547 2468 3613 Quod
2497 3549 2543 3602 si
2574 3565 2735 3605 arans
2758 3556 2813 3604 et
2852 3550 3041 3605 colens
3070 3552 3267 3617 aliena,
3295 3559 3350 3607 et
3377 3553 3520 3621 inju-

275 3646 520 3712 ζιζανίου
566 3649 913 3720 σπερμάτων.
971 3651 1045 3703 Ei
1078 3650 1135 3703 δὲ
1178 3649 1437 3721 γεωργῶν
1474 3648 1540 3700 τὰ
1579 3648 1849 3718 ἀλλότρια,

276 3739 370 3791 καὶ
391 3739 451 3790 ὲν
472 3736 769 3808 ὀφθαλμοῖς
790 3738 926 3808 ἔχων
960 3738 1059 3810 τὴν
1086 3739 1319 3804 ἀδικίαν,
1343 3740 1434 3793 καὶ
1455 3738 1853 3811 γραμματείοις

275 3827 554 3899 κρατύνεις
578 3829 676 3898 τὴν
705 3828 885 3882 ἄδικον
915 3830 1105 3900 κτῆσιν
1128 3848 1142 3860 ·
1174 3830 1363 3883 ἔπειτα
1399 3830 1476 3901 τῷ
1502 3831 1621 3901 Θεῷ
1651 3831 1852 3898 λέγοις,

273 3917 389 3983 Δὸς
413 3917 522 3971 τὸν
544 3916 729 3985 ἄρτον
761 3936 771 3949 ·
806 3918 967 3983 ἄλλος
989 3921 1018 3972 ό
1037 3919 1249 3972 ἁκούων
1276 3920 1375 3990 τῆς
1398 3921 1582 3990 φωνῆς
1605 3936 1696 3972 σου
1721 3920 1852 3972 ταύ-

274 4025 378 4080 της
406 4009 577 4074 ἐστὶν,
608 4008 705 4078 οὐχ
742 4009 942 4069 όΘεός.
1000 4010 1102 4062 Τὸν
1147 4010 1257 4081 γὰρ
1287 4010 1351 4074 ἐξ
1381 4010 1594 4074 ἀδικίας
1648 4010 1855 4082 καρπὸν

275 4104 311 4171 ὴ
340 4100 689 4172 ἀντικειμένη
732 4102 1072 4171 καρποφορεῖ
1112 4100 1272 4169 φύσις
1297 4118 1310 4131 ·
1364 4102 1392 4153 0
1416 4098 1731 4164 σπουδάζων
1760 4098 1856 4170 τῂν

276 4190 659 4261 δικαιοσύνην,
710 4190 892 4243 θεόθεν
925 4191 1015 4244 τὸν
1065 4191 1230 4261 ἄρτον
1280 4190 1491 4261 δέχεται
1520 4208 1535 4223 ο
1586 4192 1615 4244 0
1663 4189 1719 4243 δὲ
1759 4188 1857 4262 τὴν

277 4278 493 4331 ἀδικίαν
529 4276 810 4349 γεωργῶν,
861 4277 1009 4349 παρά
1057 4277 1151 4331 τοῦ
1193 4278 1478 4349 εὐεργέτου
1516 4278 1616 4349 τῆς
1648 4278 1861 4341 ἀδικίας

280 4369 564 4432 σιτίζεται.
613 4368 756 4440 Πρὸς
779 4364 871 4423 οὖν
908 4369 1006 4440 τὴν
1043 4369 1344 4439 συνείδησιν
1372 4370 1471 4439 τὴν
1501 4370 1693 4424 ἑαυτοῦ
1734 4368 1856 4439 βλε-

278 4476 417 4520 πων.
450 4459 694 4531 πρόσαγε
731 4460 830 4531 τὴν
859 4460 953 4514 τοῦ
985 4461 1150 4530 ἄρτου
1189 4462 1405 4529 αἴτησιν
1437 4460 1513 4530 τῷ
1542 4460 1679 4530 Θεῷ,
1704 4458 1858 4524 εἰδὼς

278 4552 360 4623 δτι
386 4552 487 4604 οὐκ
511 4549 626 4603 ἔστι
654 4551 904 4605 κοινωνία
933 4551 1153 4623 Χριστῷ
1184 4553 1318 4621 πρὸς
1343 4551 1554 4605 Βελιάλ.
1603 4552 1722 4604 Κᾶν
1750 4552 1854 4605 δω-

281 4645 522 4714 ροφορῇς
558 4641 618 4708 ἐξ
670 4642 903 4708 ἀδικίας,
950 4642 1203 4713 ἄλλαγμα
1250 4641 1409 4705 κυνὸς
1454 4642 1549 4695 καὶ
1603 4642 1860 4712 μίσθωμα

279 4732 485 4803 πόρνης
512 4732 574 4785 τὸ
604 4731 774 4802 δῶρόν
807 4733 922 4786 ἐστι
944 4748 959 4766 ο
992 4730 1094 4786 κᾶν
1133 4731 1456 4804 λαμπρύνῃς
1482 4736 1548 4804 τῇ
1582 4734 1859 4805 φιλοτιμία

278 4823 378 4885 τὰς
404 4821 701 4886 ἐπιδόσεις,
736 4821 943 4892 ἀκούσῃ
988 4820 1083 4874 τοῦ
1118 4822 1405 4892 Προφήτου
1434 4821 1852 4894 βδελυσσομὲνου

280 4915 377 4987 τὴν
402 4915 511 4977 ἀπὸ
536 4914 647 4967 τῶν
677 4913 931 4967 τοιούτων
966 4914 1343 4983 συνεισφοράν.
1398 4915 1461 4968 Τί
1479 4931 1581 4983 μοι
1622 4915 1855 4984 πλῆθος

280 5002 402 5058 τῶν
424 5003 690 5067 avaram;
722 5003 885 5073 λέγει
903 5005 1145 5072 Κύριος·
1162 5005 1397 5072 πλήρης
1426 5007 1541 5073 εἰμὶ
1598 5010 1854 5061 ὁλοκαυ-

281 5095 563 5163 τωμάτων
576 5092 776 5162 κριῶν,
790 5093 889 5149 καί
898 5094 1083 5162 στέαρ
1103 5094 1321 5162 ἀρνῶν,
1351 5096 1447 5149 καὶ
1461 5088 1607 5165 αἷμα
1625 5097 1858 5165 ταύρων

284 5187 382 5239 καὶ
405 5185 636 5255 τράγων
656 5187 729 5240 οὐ
738 5171 1057 5255 βούλὸμαν
1073 5188 1352 5255 θυμίαμα,
1369 5191 1527 5256 φησὶ,
1540 5188 1855 5257 βδέλυγμὰ

280 5279 384 5347 μοι
413 5279 601 5333 ἐστιν.
647 5278 905 5351 Ἑτέρωθι
928 5280 1019 5332 τὸν
1039 5279 1232 5333 θύοντα
1260 5280 1455 5350 μόσχον
1483 5282 1602 5335 ἀντὶ
1638 5282 1730 5334 τοῦ
1757 5284 1850 5335 ἀν⁹

286 5368 566 5439 αιροῦντος
602 5368 741 5422 κύνα
774 5369 1097 5437 λελόγισται.
1159 5370 1283 5423 Ἐὰν
1327 5367 1421 5424 οὖν
1469 5372 1618 5443 παρὰ
1648 5374 1851 5443 Κυρίου

287 5455 378 5509 τὸν
402 5456 566 5527 ἄρτον
598 5457 748 5528 ἔχῃς,
778 5460 1072 5522 τουτέστιν,
1102 5461 1167 5512 ὲκ
1194 5460 1415 5514 δικαίων
1450 5462 1644 5524 πόνων,
1678 5463 1859 5528 ἔξεστί

292 5563 371 5600 σοι
398 5548 494 5601 καὶ
535 5549 869 5620 ἀπέρχεσθαι
902 5550 1048 5622 αὐτῷ
1084 5553 1188 5604 ἀπὸ
1221 5554 1329 5605 τῶν
1375 5555 1601 5624 καρπῶν
1637 5556 1735 5625 τῇς
1779 5558 1855 5609 δι-

291 5637 600 5708 καιοσύνης.

359 5753 405 5785 ⁸⁸
442 5752 576 5808 Gen.
613 5766 705 5817 ru,
748 5756 827 5810 19.
906 5756 1120 5811 "f‘sal.
1162 5771 1337 5827 cxcvn,
1374 5756 1457 5810 16.
1537 5757 1580 5788 ⁸⁸
1618 5754 1721 5811 lsa.
1759 5772 1794 5821 l,
1837 5757 1915 5808 ll.

1956 3640 2161 3695 Stitiam
2210 3638 2264 3692 in
2305 3638 2480 3692 oculis
2518 3638 2745 3699 habeas,
2784 3638 2987 3693 tabulis
3028 3638 3254 3709 insuper
3298 3640 3524 3711 scriptis

1956 3729 2212 3798 injustam
2242 3729 2654 3799 acquisitionem
2688 3729 3034 3783 roboraveris
3076 3736 3132 3784 et
3160 3728 3523 3785 confirmave-

1956 3822 2054 3884 ris,
2097 3820 2291 3875 deinde
2325 3820 2389 3873 ad
2435 3818 2601 3874 Deum
2631 3819 2804 3885 dicas,
2845 3819 2929 3873 Da
2960 3836 3146 3889 panem
3178 3835 3196 3872 :
3240 3819 3381 3875 alius
3422 3820 3536 3876 erit

1956 3911 2210 3981 quihanc
2232 3925 2421 3964 .rocem
2453 3917 2601 3963 tuam
2636 3910 2840 3974 audiat,
2888 3925 2995 3966 non
3035 3910 3197 3965 Deus.
3246 3907 3381 3962 Nam
3408 3908 3524 3963 fru~

1957 4010 2104 4056 ctum
2141 4001 2234 4071 qui
2267 4017 2334 4056 ex
2372 4001 2641 4071 injustitia
2674 4002 2976 4073 percipitur
3012 4000 3288 4056 contraria
3332 4006 3531 4054 natura

1956 4091 2209 4161 producit
2235 4110 2250 4157 ;
2283 4091 2372 4161 qui
2399 4092 2581 4147 studet
2603 4091 2850 4161 justitiie,
2879 4106 2909 4145 a
2933 4090 3041 4147 Deo
3072 4106 3264 4163 panem
3282 4090 3488 4161 accipit
3509 4107 3532 4142 ιη

1958 4186 2124 4256 atqui
2144 4185 2637 4255 colitinjustitiam,
2658 4184 2725 4240 ab
2750 4185 3033 4255 injustitia:
3051 4185 3333 4240 inventore
3352 4184 3529 4237 nutri-

1960 4285 2047 4330 tur
2070 4284 2233 4346 atque
2249 4276 2481 4332 cibatur.
2499 4274 2908 4331 Conscientiam
2931 4276 3097 4346 igitur
3114 4283 3261 4329 tuam
3282 4268 3545 4340 intuens,

1960 4367 2030 4421 ita
2078 4367 2232 4436 panis
2282 4367 2599 4436 petitionem
2630 4364 2738 4420 Deo
2787 4365 2941 4430 offer,
3002 4364 3204 4428 sciens,
3238 4363 3384 4435 quod
3417 4378 3527 4419 non

1959 4469 2043 4514 est
2070 4459 2311 4513 societas
2342 4457 2566 4512 Christo
2605 4472 2728 4512 cum
2760 4456 2947 4511 Belial.
2982 4454 3045 4508 Et
3085 4456 3129 4509 si
3155 4456 3297 4508 dona
3329 4452 3528 4510 offeras

1959 4565 2022 4605 ex
2049 4538 2339 4617 injustitia,
2365 4547 2748 4618 compensatio
2766 4554 2931 4616 atque
2959 4546 3330 4600 remuneratio
3350 4544 3526 4608 canis.

1957 4648 2013 4697 et
2048 4654 2258 4695 merces
2291 4640 2596 4696 meretricis
2626 4640 2829 4695 donum
2856 4645 2979 4694 est:
3032 4638 3243 4692 etiamsi
3287 4635 3529 4707 splendi-

1958 4730 2080 4795 das,
2111 4729 2436 4784 ambitiosas
2492 4736 2547 4783 et
2596 4727 2912 4798 magniﬁcas
2965 4727 3283 4799 largitiones
3333 4725 3527 4789 facias,

1962 4819 2149 4875 audies
2178 4818 2504 4890 Prophetam
2531 4826 2583 4874 et
2609 4820 3016 4873 ahominautem
3044 4834 3109 4873 ex
3136 4817 3335 4873 talibus
3367 4817 3529 4873 bonis

1961 4912 2305 4966 collationem
2338 4919 2392 4965 et
2423 4911 2910 4966 contributionem.
2949 4909 3033 4962 Ad
3076 4909 3201 4979 quid
3234 4907 3365 4961 mihi
3394 4907 3531 4962 mulé

1962 5004 2133 5057 titudo
2194 5004 2528 5056 victimarum
2599 5005 2944 5058 vestrarum?
3016 5002 3146 5055 dicit
3222 5000 3529 5055 Dominus:

1958 5096 2140 5164 plenus
2179 5112 2296 5150 sum
2344 5078 2665 5149 holocaustis
2712 5096 2960 5155 arietant,
3012 5103 3059 5146 et
3110 5090 3314 5158 adipem
3361 5104 3527 5159 agno-

1960 5204 2078 5241 rum
2120 5198 2170 5240 et
2215 5188 2524 5256 sanguinem
2560 5196 2835 5240 taurorum
2865 5195 2913 5239 et
2950 5184 3219 5238 hircorum
3241 5197 3343 5234 non
3370 5177 3483 5232 volo
3505 5190 3525 5229 :

1958 5281 2265 5344 incensum,
2322 5279 2517 5350 inquit,
2572 5279 2891 5334 abominalio
2935 5277 3077 5328 mihi
3130 5284 3206 5329 est
3239 5273 3315 5325 "‘.
3379 5269 3523 5324 Alibi

1959 5372 2327 5426 immolantem
2349 5372 2572 5426 vitulum
2594 5386 2693 5440 pro
2714 5383 2899 5423 canem
2932 5372 3203 5420 mactante
3221 5367 3433 5432 reputat
3450 5356 3520 5411 θ’.

1960 5463 2019 5516 Si
2042 5464 2204 5532 igitur
2233 5479 2261 5515 a
2293 5455 2523 5516 Domino
2548 5476 2739 5531 panem
2770 5457 3046 5519 habueris,
3074 5456 3253 5517 idest,
3273 5467 3335 5506 ex
3354 5450 3520 5518 justis

1962 5553 2262 5615 laboribus,
2303 5554 2428 5606 licet
2457 5553 2552 5605 tibi
2589 5551 2749 5604 etiam
2782 5549 2833 5604 ci
2878 5547 3149 5617 primitias
3181 5544 3247 5598 de
3294 5537 3518 5610 justitia:

1967 5644 2236 5722 fructibus
2267 5643 2482 5697 offerre.

1993 5759 2035 5787 ⁶⁹
2079 5756 2177 5810 i511.
2218 5771 2373 5818 LXVI,
2408 5758 2459 5810 ὅ.
