3996 6196
285 268 428 326 1177

1219 269 1304 323 DE
1341 272 1689 326 OilA'l‘lilNli
1731 271 2078 327 DUMEXliIA.
2112 305 2177 314 ——
2217 276 2472 329 ()EUTlO
2518 276 2574 330 κ’.

3391 280 3531 335 Ηῖϐ

283 383 441 453 φησὶ,
477 379 587 449 τὴν
633 381 971 445 βασιλείαν,
1025 382 1117 435 καί
1160 382 1258 450 rip
1319 383 1725 449 δικιιισσύιημο,
1763 387 1856 436 καὶ

1965 388 2038 438 tio
2065 389 2135 441 sit
2163 408 2173 440 :
2207 390 2292 440 sin
2327 397 2507 442 autem
2539 390 2758 456 aliquod
2789 392 2983 444 anima:
3019 393 3532 465 honutn,intellige-

283 473 468 526 ταῦτα
513 471 711 525 πάντα
773 470 1245 539 προστεθήσεται
1292 472 1468 541 ὑμῖν,
1535 475 1590 523 ὲν
1640 475 1857 542 Χριστῴ

285 563 462 633 Ἰησοῦ
490 562 568 632 τῷ
599 562 786 634 Κυρίῳ
817 562 992 632 ἡμῶν,
1033 557 1076 630 ᾧ
1111 565 1142 633 ἡ
1173 563 1298 627 δόξα
1325 565 1417 615 καὶ
1445 564 1503 616 τὸ
1539 565 1752 633 κράτος,
1777 567 1857 629 εἰς

283 653 409 715 τοὺς
438 651 637 712 αἰῶνας
664 650 773 702 τῶν
799 649 1028 704 αἰώνων.
1074 651 1266 720 Ἀμήν.

284 745 420 797 sitas
466 750 520 795 et
573 758 706 796 usus
776 719 1366 804 conﬁeiaturfl’etite,
1415 719 1612 808 inquit,
1662 756 1877 809 regnum
1915 763 1942 798 e

1967 488 2055 529 tur
2105 481 2250 547 quod
2298 480 2485 548 petitio
2517 483 2787 549 pertineat
2837 482 2902 535 ad
2951 499 3061 536 rem
3115 493 3429 552 perpetuam
3475 495 3531 540 et

1963 566 2275 626 inﬁnitam:
2341 591 2450 643 quo
2514 581 2862 648 potissimum
2930 593 3178 651 spectare
3242 594 3529 653 precantes

1955 658 2109 727 jUbCl
2143 679 2155 714 :
2191 668 2345 732 quasi
2377 685 2481 722 una
2508 687 2630 724 cum
2664 674 2855 742 majori
2889 676 3066 743 prima
3090 691 3308 744 quoque
3340 690 3531 730 neces-

1946 757 1962 798 t
2015 749 2312 823 justitiam,
2346 768 2395 810 et
2426 761 2536 814 Iure
2580 765 2755 816 omnia
2787 766 3102 832 adjiciantur
3138 767 3280 820 nobis
3313 772 3380 829 ⁷³,
3434 780 3531 834 per

284 835 560 888 Christum
591 829 778 886 Jesum
817 829 1104 884 Dominum
1138 840 1406 892 nostrum,
1437 830 1524 882 cui
1580 827 1755 898 gloria
1805 841 1857 885 et
1895 834 2204 906 imperium,
2239 843 2292 896 in
2322 849 2518 901 saecula
2545 827 2890 908 szeculorutn.
2919 854 3113 907 Amen.

906 969 1123 1023 ΛΟΙὊΣ
1167 970 1241 1022 εν.

288 1086 463 1153 Ἄφες
489 1078 637 1152 ’ἡμῖν
658 1082 725 1136 τὰ
752 1083 1116 1153 ὀφειλήματα
1139 1080 1326 1153 ἡμῶν,
1352 1081 1542 1146 καθὼς
1565 1082 1668 1153 καί
1689 1080 1858 1147 ἡμεῖς

354 1150 609 1222 δρίεμξεν
663 1150 797 1222 τοῖς(
837 1151 1168 1220 ὀφειλέταις
1212 1150 1401 1218 ημῶν.
1449 1154 1556 1222 Καί
1603 1152 1688 1220 μὴ
1721 1154 1854 1222 εἱσ-

355 1220 608 1293 ere-mc
634 1220 792 1290 ἡμᾶς
814 1225 900 1293 εἰς
926 1222 1274 1288 πειρασμόν.
1295 1221 1675 1288 Ἀλλὰρῦσαι
1699 1221 1855 1288 ἡμᾶς

357 1291 476 1346 ἀπό
509 1293 613 1346 τοῦ
646 1291 933 1358 πονηροῦ.

354 1379 525 1436 Ἷιλθε
548 1384 748 1454 προῖὼν
769 1384 796 1435 6
828 1381 983 1450 λόγος
1004 1381 1088 1435 ἐπ’
1115 1382 1245 1435 αὐτὸ
1262 1383 1361 1452 τῆς
1383 1382 1583 1452 ἀρετῆς
1601 1383 1661 1434 τὸ
1691 1382 1856 1452 ἀκρό-

285 1491 446 1528 τατον
469 1492 480 1503 ·
510 1474 816 1543 ὑπογράφει
841 1473 950 1543 γὰρ
977 1473 1064 1525 διὰ
1091 1471 1196 1524 τῶν
1225 1473 1321 1540 τῆς
1351 1470 1658 1540 προσευχῆς
1683 1469 1857 1539 ῥημά-

283 1583 412 1627 των,
447 1559 554 1617 οἷον
582 1561 720 1617 εἶναι
753 1563 998 1632 βούλεται
1031 1563 1121 1615 τὸν
1149 1561 1227 1631 τῷ
1261 1561 1378 1631 Θεῷ
1403 1561 1854 1631 προσερχόμενον,

284 1657 375 1709 τὸν
423 1655 604 1708 οὐκέτι
633 1655 814 1723 σχεδον
849 1656 903 1705 ἐν
936 1653 1281 1722 ἀνθρωπίνης
1321 1652 1530 1718 φύσεως
1568 1652 1713 1721 ὅροις
1745 1650 1856 1702 δει-

2559 986 2818 1043 ΟΠᾹΤΙΟ
2865 988 2931 1042 γ.

1959 1085 2181 1163 Remitte
2207 1092 2351 1163 nobis
2383 1094 2557 1147 debita
2590 1109 2771 1150 nostra
2792 1141 2805 1163 ,
2836 1100 2970 1152 sicut
3005 1109 3053 1152 et
3083 1117 3175 1153 nos
3209 1102 3525 1155 remittimus

2027 1158 2347 1214 debitoribus
2383 1169 2597 1218 nostris.
2629 1166 2694 1219 Et
2722 1158 2905 1221 ne'nos
2938 1169 3154 1223 inducas
3188 1171 3240 1222 in
3277 1172 3526 1223 tentatio-

2029 1243 2165 1282 nem.
2205 1229 2308 1283 Sed
2337 1234 2502 1288 libera
2536 1253 2628 1289 nos
2659 1253 2691 1290 a
2726 1240 2888 1292 malo.

2028 1381 2391 1456 Progrediens
2454 1406 2632 1446 sermo
2679 1395 2826 1448 venit
2874 1393 2942 1448 ad
2997 1395 3174 1463 ipsum
3219 1404 3523 1451 extremum

1959 1485 2220 1543 punctum
2255 1481 2512 1544 virtutis;
2551 1485 2854 1552 praescribit
2886 1486 3034 1540 enim
3070 1502 3165 1555 per
3201 1488 3362 1541 verba
3394 1503 3521 1542 ora-

1958 1566 2120 1623 tionis
2154 1571 2369 1639 qualem
2417 1574 2547 1628 velit
2587 1590 2711 1630 esse
2759 1591 2882 1630 eum
2925 1577 3017 1644 qui
3045 1578 3112 1630 ad
3145 1577 3309 1632 Deum
3340 1593 3525 1634 acces-

1957 1671 2120 1714 surus
2141 1661 2239 1723 sit,
2261 1663 2352 1732 qui
2379 1666 2766 1734 propemodum
2790 1681 2899 1720 non
2925 1668 3159 1736 amplius
3185 1667 3322 1721 intra
3345 1675 3524 1724 termi-

287 1748 570 1816 κνῦμενον,
599 1746 711 1798 ἀλλ’
743 1743 888 1814 αὐτῷ
918 1743 993 1812 τῷ
1019 1742 1137 1811 Θεῴ
1171 1742 1258 1794 διὰ
1287 1742 1383 1811 τῆς
1413 1743 1610 1812 ἀρετῆς
1641 1741 1856 1811 ὁμοιού-

1962 1767 2061 1804 nos
2094 1751 2344 1808 humanae
2376 1763 2587 1810 natura:
2613 1757 3009 1827 cmispiciatur,
3035 1757 3129 1812 sed
3160 1758 3261 1824 ipsi
3291 1757 3397 1811 Deo
3429 1773 3524 1826 per

288 1855 448 1909 μενον
473 1854 487 1868 ο
517 1837 656 1890 ὥστε
689 1836 864 1888 δοκεῖν
887 1834 1042 1887 ἄλλον
1091 1836 1293 1885 ἐκεῖνον
1322 1830 1459 1885 εἶναι
1487 1833 1543 1883 ὲν
1586 1831 1662 1900 τῷ
1688 1832 1857 1885 ταῦτα

284 1930 456 1984 ποιεῖν
482 1967 497 1989 ,
532 1926 569 1982 ἃ
602 1925 694 1981 τοῦ
726 1925 858 1978 Θεοῦ
893 1926 1054 1995 μόνου
1104 1923 1218 1975 ἐστὶ
1257 1927 1444 1976 ποιεῖν.
1482 1922 1546 1974 ἰι
1591 1923 1698 1993 γὰρ
1749 1922 1856 1975 τῶν

283 2018 613 2089 ὀφλημάτων
640 2019 829 2086 ἄφεσις
850 2059 866 2083 ,
895 2018 1021 2068 ἴδιόν
1051 2019 1164 2068 ἐστι
1201 2016 1292 2068 τοῦ
1335 2015 1467 2067 Θεοῦ
1511 2015 1604 2067 καὶ
1652 2013 1858 2084 ἐξαίρε-

283 2127 374 2166 τον
407 2124 421 2137 '
476 2107 690 2180 εἴρηται
742 2109 888 2179 γὰρ,
945 2109 1024 2160 ὅτι
1081 2106 1289 2170 Οὐδείς
1326 2104 1572 2158 δύναται
1622 2105 1857 2172 ἀφιέναι

283 2199 574 2268 ἁμαρτίας
599 2241 613 2263 ,
649 2200 698 2251 εὶ
743 2199 828 2267 μὴ
856 2199 1045 2266 μόνος
1077 2202 1108 2250 ὀ
1157 2201 1318 2263 Θεός.
1369 2198 1429 2248 Εἰ
1479 2197 1654 2248 τοίνυν
1685 2215 1766 2260 τις
1800 2197 1857 2247 ὲν

283 2289 364 2360 τῷ
392 2290 512 2359 ίδίῳ
541 2289 640 2359 βίῳ
677 2293 971 2360 μιμήσαιτο
1007 2293 1102 2359 τῆς
1139 2289 1282 2352 θείας
1320 2289 1532 2358 φύσεως
1563 2290 1627 2340 τὰ
1662 2288 1859 2358 γνωρί-

286 2397 471 2450 σματα
492 2418 507 2442 ,
535 2382 706 2433 ὲκεῖνο
747 2382 950 2448 γίνεται
996 2380 1194 2451 τρόπον
1223 2379 1342 2432 τινὰ
1368 2421 1380 2437 .
1408 2373 1466 2431 οῦ
1500 2379 1594 2448 τὴν
1627 2380 1858 2449 μίμησιν

285 2471 533 2542 ἐναργῶς
559 2472 873 2536 ἐνεδείξατο.
908 2473 972 2526 Τί
1006 2469 1096 2525 οὖν
1128 2473 1363 2524 διδάσκει
1400 2475 1427 2524 6
1455 2473 1660 2539 Λόγος;
1698 2471 1857 2541 [Ιρῶ-

289 2580 377 2621 τον
405 2564 492 2616 διὰ
511 2563 619 2615 τῶν
652 2563 825 2632 ἔργων
856 2562 950 2633 τὴν
982 2563 1286 2637 παρρησίαν
1320 2563 1501 2615 λαῦεῖν
1521 2604 1534 2626 ,
1574 2563 1666 2615 καὶ
1688 2562 1858 2625 οὕτως

286 2655 622 2723 ἁμνηστείαν
659 2655 745 2706 διὰ
771 2653 878 2706 τῶν
931 2671 1056 2706 ποτε
1102 2654 1581 2724 πλημμελημάτων
1631 2655 1854 2724 αἰτήσα-

288 2744 432 2798 σθαι.
463 2743 647 2795 Ταῦτα
693 2743 798 2812 γὰρ
827 2743 1081 2812 ἄντικρυς
1131 2745 1260 2812 ἡμῖν
1289 2743 1589 2810 διαλέγεται
1619 2746 1686 2812 τῇ
1719 2752 1859 2812 παρ-

285 2834 421 2904 ούσῃ
471 2836 618 2903 φωνῇ
639 2875 653 2893 ,
696 2834 776 2885 ὅτι
805 2835 833 2885 6
859 2832 935 2902 τῷ
964 2833 1225 2906 εὐεργέτῃ
1261 2832 1498 2903 προσιὼν
1518 2872 1533 2897 ,
1561 2832 1856 2902 εὐεργέτης

288 2927 427 2984 ista)
447 2941 460 2955 '
497 2928 524 2977 6
553 2925 630 2994 τῷ
661 2923 877 2993 ἀγαθῷ,
909 2924 1138 2992 ἁγαθός·
1179 2926 1206 2976 6
1238 2926 1315 2994 τῷ
1360 2924 1551 2994 δικαίῳ
1573 2965 1585 2984 ,
1615 2924 1818 2986 δίκαιος
1840 2939 1852 2952 ·

288 3015 608 3082 ἀνεξίκακός
645 3032 703 3068 τε
748 3014 824 3083 τῷ
873 3014 1205 3084 ἁνεξικάκῳ·
1240 3016 1332 3067 καὶ
1373 3014 1450 3084 τῷ
1492 3014 1856 3085 φιλανθρώπῳ

288 3105 668 3176 φιλάνθρωπος
691 3122 704 3135 °
738 3107 829 3160 καὶ
855 3104 924 3159 τὰ
949 3105 1079 3158 ἄλλα
1111 3105 1285 3158 πάντα
1307 3106 1582 3171 ὡσαύτως,
1619 3107 1696 3177 τῷ
1724 3124 1858 3176 χρη-

291 3197 400 3267 στῷ
438 3215 497 3250 τε
547 3197 641 3252 καὶ
683 3199 914 3256 ἐπιεικεῖ
961 3197 1055 3250 καὶ
1116 3197 1447 3268 μεταδοτικῴ
1479 3198 1587 3250 τῶν
1613 3197 1854 3267 ἀγαθῶν,

289 3292 382 3349 καὶ
414 3291 579 3342 παντὶ
611 3289 701 3341 τὸν
725 3289 872 3342 ἔλεον
906 3288 1153 3360 νέμοντι,
1187 3291 1278 3342 καὶ
1307 3289 1360 3340 εἴ
1387 3307 1438 3343 τι
1467 3291 1596 3361 περὶ
1625 3289 1685 3342 τὸ
1706 3287 1856 3340 Θεῖον

289 3385 501 3453 ὁρᾶται,
531 3381 666 3451 πρὸς
695 3381 920 3433 ἕκαστον
945 3380 1030 3433 διὰ
1059 3383 1156 3450 τῆς
1183 3379 1550 3450 προαιρέσεως
1573 3379 1858 3449 ὁμοιούμε-

290 3491 418 3539 νος,
467 3473 638 3535 οὕτως
676 3471 852 3542 ἐαυτῷ
903 3471 1000 3542 τὴν
1052 3476 1148 3541 τῆς
1197 3473 1499 3542 προσευχῆς
1548 3471 1857 3541 παρρησίαν

295 3563 696 3637 περιποιείσθω.
728 3563 814 3625 Ὠς
841 3559 932 3621 οὖν
963 3564 1062 3615 οὐκ
1088 3563 1231 3614 ἐστιν
1255 3561 1376 3614 οὔτε
1410 3563 1640 3632 πονηρὸν
1670 3560 1858 3632 ἀγαθῷ

292 3655 806 3726 προσοικειωθῆναι,
844 3653 966 3707 οῦτε
994 3654 1084 3709 τὸν
1114 3656 1171 3706 ὲν
1216 3653 1541 3725 ἀκαθάρτοις
1585 3652 1858 3722 λογισμοῖς

291 3747 700 3821 κυλινδούμενον
745 3745 880 3814 πρὸς
910 3747 1002 3798 τὸν
1034 3744 1272 3815 καθαρὸν
1310 3744 1404 3797 καὶ
1444 3745 1713 3813 ἀκήρατον
1749 3761 1860 3795 κοι-

291 3840 486 3893 νωνίαν
522 3840 665 3909 ἔχειν
689 3857 705 3871 υ
751 3841 892 3892 οὓτω
917 3841 1138 3910 χωρίζει
1175 3840 1272 3908 τῆς
1316 3835 1720 3906 φιλανθρωπίας
1763 3835 1856 3889 τοῦ

291 3931 427 3986 Θεοῦ
457 3970 472 3994 ,
495 3931 589 3984 τοῦ
638 3932 951 4002 προσιόντος
975 3933 1207 4001 ἀπήνεια
1243 3930 1457 3999 ἑαυτήν.
1504 3929 1560 3980 Ὀ
1582 3928 1758 3980 τοίνυν
1803 3929 1860 3980 ἐν

292 4023 489 4094 πικρίᾳ
524 4023 767 4092 κατέχων
796 4022 936 4093 ὑπὲρ
968 4021 1075 4074 τῶν
1111 4020 1488 4090 ὀφειλημάτων
1513 4019 1603 4070 τὸν
1642 4019 1860 4088 ὑποχεί-

293 4133 441 4188 ριον,
474 4115 563 4168 διὰ
605 4109 697 4168 τοῦ
733 4115 861 4168 ιδίου
895 4115 1091 4185 τρόπον
1134 4116 1232 4184 τῆς
1273 4111 1422 4173 Θείας
1453 4111 1860 4182 φιλανθρωπίας

289 4207 483 4262 ἑαυτὸν
512 4205 875 4275 ἀπεσχοίνισε.
910 4205 1006 4266 Τίς
1054 4203 1162 4273 γὰρ
1191 4202 1441 4256 κοινωνία
1486 4202 1861 4273 φιλανθρωπίᾳ

288 4315 346 4352 τε
383 4297 481 4351 καὶ
504 4279 766 4368 ὠμότητι,
789 4296 882 4349 καὶ
909 4296 1219 4364 ἀγαπητικῇ
1249 4296 1483 4349 διαθέσει
1514 4297 1648 4368 πρὸς
1669 4297 1858 4369 ἀγριό-

1960 1842 2214 1896 virtutem
2258 1844 2615 1910 assimiletnr,
2655 1857 2708 1901 ut
2749 1848 2891 1902 alius
2935 1848 3024 1901 ille
3066 1848 3178 1916 ipse
3222 1847 3357 1901 deus
3399 1864 3524 1902 esse

1961 1928 2225 1994 videatur,
2258 1932 2386 1985 dum
2432 1933 2562 1989 facit
2604 1951 2666 1989 ea
2705 1951 2826 2004 qua:
2866 1935 2958 1990 Dei
2996 1938 3167 1990 solius
3198 1945 3282 1991 est
3320 1937 3519 1990 facere.

1961 2019 2274 2076 Debitorum
2319 2025 2461 2077 enim
2514 2027 2764 2080 remissio
2811 2027 3090 2095 proprium
3143 2040 3207 2079 ac
3254 2027 3525 2094 peculiare

1961 2107 2051 2161 Dei
2087 2127 2286 2166 munus
2315 2120 2368 2165 et
2398 2113 2633 2166 cilicium
2663 2123 2747 2169 est
2773 2133 2784 2168 :
2818 2114 3024 2168 dictum
3052 2123 3135 2168 est
3169 2115 3313 2167 enim
3333 2154 3346 2178 ,
3381 2114 3526 2183 quod

1963 2200 2130 2254 Nemo
2157 2212 2325 2270 potest
2357 2206 2616 2259 remittere
2643 2217 2878 2274 peccata,
2907 2207 3010 2260 nisi
3036 2207 3180 2260 solus
3209 2206 3348 2260 Deus
3374 2209 3439 2260 ".
3468 2206 3525 2260 Si

1959 2295 2082 2360 quis
2112 2293 2275 2361 igitur
2310 2293 2363 2346 in
2398 2309 2497 2347 sua
2533 2296 2640 2348 vita
2672 2295 2868 2349 divinae
2894 2307 3104 2349 natura
3131 2295 3367 2365 insignia
3401 2294 3526 2348 imi-

1961 2392 2125 2446 tetur,
2166 2384 2297 2437 illud
2331 2387 2507 2454 ipsum
2551 2387 2954 2456 quodammodo
3008 2388 3102 2451 ﬁt,
3153 2387 3312 2455 cujus
3360 2387 3412 2440 in
3469 2401 3527 2439 se

1959 2473 2226 2527 evidentia
2261 2476 2552 2528 simulacra
2602 2485 2766 2544 atque
2811 2476 3147 2528 imitamenta
3197 2476 3523 2530 ostenderit.

1959 2562 2097 2628 Quid
2130 2565 2292 2633 igitur
2324 2565 2513 2619 Sermo
2548 2565 2749 2618 docet?
2779 2575 2836 2617 ut
2869 2566 3102 2633 primum
3137 2582 3231 2634 per
3265 2581 3428 2635 Opera
3462 2568 3526 2619 ti-

1958 2656 2172 2708 dnriam
2224 2671 2543 2719 sumamus,
2590 2665 2753 2726 atque
2804 2657 2878 2708 ita
2927 2655 3275 2709 abolitionem
3321 2665 3374 2710 ct
3422 2658 3521 2708 im-

1960 2748 2256 2816 punitatem
2327 2762 2515 2800 eorum
2579 2763 2699 2816 quae
2756 2748 3050 2816 aliquando
3112 2748 3523 2817 peccaverimus

1962 2849 2225 2908 petamus.
2266 2837 2387 2892 llaec
2414 2839 2562 2892 enim
2595 2840 2754 2908 plane
2785 2841 3068 2893 nobiscum
3107 2838 3361 2908 praesenti
3393 2854 3459 2891 vo
3495 2857 3526 2892 e

1961 2930 2221 3000 loquitur,
2271 2931 2528 2984 nimirmn
2565 2932 2657 3000 qui
2708 2932 2774 2985 ad
2823 2931 3222 2986 benefactorcm
3277 2930 3524 3002 accedit,

1884 3053 1924 3107 ε
1961 3021 2277 3075 benefactor
2309 3031 2474 3076 esto:
2513 3024 2604 3091 qui
2654 3022 2722 3075 ad
2770 3023 3006 3086 bonum,
3055 3023 3266 3084 bonus,
3315 3020 3406 3089 qui
3457 3020 3526 3073 ad

1953 3113 2194 3182 justum,
2225 3114 2444 3183 justus,
2475 3115 2687 3184 patiens
2718 3115 2844 3168 item
2878 3130 2940 3168 ac
2974 3115 3149 3175 lenis,
3198 3113 3291 3182 qui
3337 3113 3402 3166 ad
3452 3113 3528 3164 le-

1959 3219 2080 3258 ncm
2126 3220 2189 3256 ac
2237 3204 2532 3274 patientem
2575 3220 2900 3259 accessurus
2947 3205 3062 3269 sit;
3109 3203 3174 3258 ad
3231 3205 3529 3256 humanum

1961 3298 2230 3350 lnnnanus
2259 3315 2272 3350 :
2303 3305 2357 3352 et
2389 3297 2576 3351 itidem
2612 3297 2664 3350 in
2697 3297 2909 3352 czeteris
2944 3297 3236 3360 omnibus,
3273 3295 3338 3348 ad
3375 3294 3529 3348 beni-

1957 3403 2159 3455 gnum,
2190 3387 2256 3440 ad
2291 3388 2518 3457 probum
2550 3398 2599 3442 et
2632 3388 2928 3443 humanum
2949 3426 2964 3450 ,
2995 3402 3208 3457 aequum
3232 3426 3247 3450 ,
3281 3385 3533 3439 lubenter

1960 3477 2086 3530 item
2117 3477 2254 3528 bona
2281 3478 2770 3532 communicantem
2798 3485 2852 3531 et
2876 3478 3273 3546 impertientem
3297 3514 3311 3538 ,
3338 3483 3388 3530 et
3414 3476 3530 3527 cui-

1960 3567 2088 3620 libet
2136 3566 2568 3620 misericordiam
2617 3568 2980 3630 tribuentem,
3021 3575 3074 3620 et
3115 3568 3160 3621 si
3203 3567 3331 3635 quid
3379 3565 3530 3618 aliud

1908 3717 1912 3720 _
1960 3659 2104 3711 circa
2136 3657 2346 3712 Numen
2383 3657 2627 3711 divinum
2663 3659 2926 3719 cernitur,
2965 3655 3030 3708 ad
3064 3671 3230 3709 unum
3267 3656 3526 3723 quodque

1959 3751 2124 3804 animi
2159 3749 2242 3803 sui
2276 3751 2552 3820 proposito
2599 3739 2734 3804 sese.
2768 3748 3081 3803 assimilans
3123 3754 3178 3801 et
3216 3760 3528 3800 accommo-

1959 3841 2097 3893 dans
2119 3879 2134 3901 ,
2167 3840 2239 3892 ita
2272 3840 2374 3893 sibi
2403 3839 2608 3894 aditum
2635 3849 2799 3909 atque
2829 3838 3080 3892 ﬁduciam
3110 3837 3378 3892 orationis
3404 3853 3530 3889 con-

1960 3933 2125 3988 ﬁciat.
2165 3933 2228 3986 Ut
2255 3933 2421 4002 igitur
2451 3932 2565 3985 ﬁeri
2598 3947 2704 3985 non
2733 3938 2908 4000 potest
2946 3939 3004 3983 ut
3046 3930 3129 3983 vel
3177 3929 3353 3984 malus
3385 3929 3530 3981 bono

1960 4025 2304 4086 concilietur,
2325 4023 2410 4078 vel
2434 4025 2482 4078 is
2509 4023 2602 4093 qui
2633 4023 2688 4076 in
2721 4023 2948 4091 impuris
2969 4019 3389 4091 cogitationibus
3412 4035 3529 4074 ver-

1961 4123 2114 4169 satur
2150 4129 2272 4168 cum
2315 4128 2450 4184 puro
2497 4122 2660 4183 atque
2695 4114 2905 4181 integro
2935 4111 3386 4167 consuetudinem
3433 4111 3529 4163 ba-

1963 4207 2085 4261 bcat
2110 4225 2122 4259 :
2158 4207 2229 4260 ita
2261 4205 2471 4260 saevitia
2496 4205 2804 4259 accedentis
2831 4205 3064 4272 seipsam
3093 4204 3162 4257 ab
3194 4203 3530 4256 humanitate

1961 4294 2055 4352 Dei
2083 4298 2339 4367 sejungit.
2371 4297 2473 4362 Qui
2503 4313 2634 4366 ergo
2660 4297 2962 4351 debitorum
2990 4295 3208 4348 nomine
3233 4293 3525 4347 obnoxium

287 4406 426 4460 τητα
453 4406 468 4454 ;
495 4390 587 4442 καὶ
611 4389 680 4441 τά
718 4387 879 4442 λοιπὰ
906 4389 1006 4440 ὅσα
1036 4389 1099 4440 ὲκ
1126 4389 1218 4440 τοῦ
1256 4390 1496 4442 ἐναντίου
1536 4393 1601 4460 τῇ
1638 4391 1773 4460 πρὸς
1800 4391 1857 4443 τὸ

1963 4397 2015 4443 et
2043 4388 2339 4456 obligatum
2369 4387 2564 4439 acerbe
2608 4385 2848 4447 detinet,
2883 4383 3000 4437 suis
3045 4382 3290 4435 moribus
3331 4395 3395 4432 ac
3439 4393 3527 4431 ra-

287 4479 458 4537 κακὸν
502 4478 769 4533 ἀντιθέσει
799 4480 996 4532 νοεῖται
1023 4516 1038 4541 ,
1070 4471 1144 4531 ὧν
1184 4478 1410 4549 ἄμικτος
1441 4481 1474 4550 ὴ
1503 4479 1807 4549 ἐναντιότης
1841 4497 1854 4511 ο

287 4570 374 4637 ἐφ’
396 4563 474 4622 ὧν
498 4569 526 4620 ό
547 4569 622 4639 τῷ
654 4570 736 4621 ἐνὶ
761 4569 1192 4640 κατειλημμένος
1215 4609 1228 4632 ,
1265 4569 1358 4622 τοῦ
1381 4571 1620 4623 ἐναντίου
1643 4572 1859 4634 πάντως

286 4661 614 4730 ἀφώρισται.
660 4659 747 4721 Ὠς
793 4659 901 4728 γὰρ
931 4661 960 4712 ό
992 4663 1050 4711 ἐν
1082 4659 1160 4728 τῷ
1196 4658 1407 4729 θανάτῳ
1447 4659 1734 4729 γενόμενος
1755 4702 1769 4724 ,
1799 4663 1858 4715 ὲν

287 4749 400 4819 ζωῇ
427 4748 529 4802 οῦκ
556 4747 703 4800 ἐστιν
725 4763 740 4776 ο
769 4749 862 4799 καὶ
883 4749 912 4800 ὁ
937 4747 1037 4817 τῆς
1070 4749 1215 4817 ςωῆς
1246 4748 1486 4823 μετέχων
1512 4749 1604 4801 τοῦ
1627 4749 1856 4804 θανάτου

287 4841 656 4911 κεχώρισται·
684 4839 856 4902 οὓτως
885 4839 1095 4910 ἀνάγκη
1144 4841 1292 4898 πᾶσα
1316 4841 1406 4893 τὸν
1446 4843 1511 4912 τῇ
1559 4839 1860 4914 φιλανθρω-

286 4933 389 5006 πίᾳ
416 4929 511 4984 τοῦ
540 4930 673 4984 Θεοῦ
711 4932 1021 5003 προσιόντα,
1058 4931 1238 5001 πάσης
1267 4932 1528 5000 ἀπηνείας
1563 4933 1716 4996 ἐκτὸς
1764 4950 1858 5001 γε·

284 5023 495 5076 νέσθαι.
538 5023 596 5075 '0
640 5022 695 5075 δὲ
744 5023 899 5086 ἐκτὸς
933 5023 1148 5076 πάντων
1177 5022 1282 5076 τῶν
1339 5024 1396 5075 ὲν
1429 5024 1596 5094 κακίᾳ
1642 5025 1861 5094 νοουμέ-

286 5131 395 5168 νων
428 5112 719 5184 γενόμενος
745 5151 762 5178 ,
793 5113 926 5178 Θεὸς
972 5115 1170 5183 τρόπον
1201 5114 1320 5166 τινὰ
1357 5114 1444 5166 διὰ
1469 5118 1567 5184 τῆς
1609 5115 1861 5186 τοιαύτης

284 5201 453 5268 ἕξεως
486 5201 712 5270 γίνεται,
743 5204 918 5255 ἐκεῖνο
939 5201 1286 5274 κατορθώσας
1309 5203 1508 5272 ἑαυτῷ,
1542 5203 1571 5256 ὃ
1599 5204 1726 5274 περὶ
1760 5205 1856 5274 τὴν

285 5291 438 5345 θείαν
465 5291 629 5360 φύσιν
655 5295 684 5345 6
731 5292 887 5360 λόγος
934 5292 1138 5363 βλέπει.
1179 5293 1341 5364 Ὁρᾷς
1368 5295 1448 5356 εἰς
1475 5294 1597 5346 ὅσον
1632 5294 1858 5363 μέγεθος

285 5384 411 5453 ὐψοῐ
433 5387 561 5449 τοὺς
585 5385 884 5448 ἀκούοντας
907 5387 994 5442 διὰ
1017 5387 1124 5440 τῶν
1145 5387 1246 5457 τῆς
1269 5388 1572 5459 προσευχῆς
1600 5388 1858 5459 ῥημάτων

284 5479 314 5530 6
347 5475 584 5550 Κύριος,
620 5478 938 5532 μεταϐαλὼν
981 5479 1180 5550 τρόπον
1220 5479 1341 5533 τινὰ
1369 5476 1471 5546 τὴν
1507 5479 1850 5552 ἀνθρωπίνην

356 5655 399 5685 ’⁸
445 5653 636 5709 Matth.
679 5672 764 5722 Vt,
805 5657 912 5720 5'5;
950 5656 1076 5709 Luc.
1119 5672 1222 5719 xli,
1258 5657 1344 5709 51.
1424 5659 1464 5688 7"
1507 5657 1638 5712 Luc.
1676 5676 1723 5718 γ,
1757 5660 1845 5711 21.

1961 4481 2106 4534 tione
2155 4479 2281 4532 facti
2320 4478 2438 4540 sui,
2473 4478 2541 4531 ah
2575 4478 2910 4530 humanitate
2939 4475 3123 4528 divina
3161 4473 3399 4540 seipsum
3434 4485 3524 4524 se-

1961 4581 2118 4642 parat
2140 4580 2303 4641 atque
2326 4570 2581 4641 seiungit.
2607 4569 2735 4634 Qua:
2757 4569 2901 4623 enim
2933 4567 3170 4622 societas
3196 4562 3531 4618 [inmanitati

1961 4682 2082 4719 cum
2115 4664 2472 4726 crudelitate,
2502 4672 2556 4716 et
2586 4661 2896 4717 dilectionis
2931 4655 3206 4713 aﬁ'ectioni
3239 4669 3363 4709 cum
3398 4653 3526 4706 feri-

1959 4757 2112 4811 tute?
2141 4757 2267 4810 item
2301 4756 2352 4808 in
2385 4754 2608 4824 reliquis
2632 4791 2646 4814 ,
2679 4766 2800 4820 qua?
2843 4767 2909 4806 ex
2952 4747 3234 4804 contrario
3257 4784 3270 4808 ,
3314 4743 3529 4814 opposi-

1960 4850 2106 4902 tione
2160 4848 2286 4900 mali
2339 4845 2518 4910 facta,
2572 4843 2991 4913 intelliguntur:
3047 4852 3278 4909 quartun
3340 4849 3528 4890 rerum

1959 4941 2322 4996 contrarietas
2371 4935 2708 4994 insociabilis
2756 4943 2873 4998 est,
2903 4948 3136 5003 quarum
3183 4944 3290 4984 una
3341 4927 3522 4996 aliqua

1959 5038 2242 5099 correptus
2284 5044 2313 5081 a
2361 5027 2634 5082 contraria
2680 5039 2904 5096 prorsus
2948 5027 3263 5092 segregatus
3305 5025 3412 5072 est.
3459 5013 3525 5073 Ut

1959 5122 2104 5174 enim
2151 5121 2239 5174 ille
2280 5118 2372 5189 qui
2413 5128 2642 5172 mortem
2673 5116 2810 5170 obiit
2839 5117 2893 5168 in
2925 5121 3034 5167 νιιιι
3064 5126 3170 5165 non
3195 5115 3276 5162 est
3303 5124 3315 5160 :
3345 5112 3399 5159 et
3428 5104 3523 5171 qui

1963 5214 2085 5266 vitae
2113 5212 2381 5282 particeps
2407 5217 2522 5275 est,
2554 5223 2584 5260 a
2617 5215 2790 5263 morte
2819 5214 3060 5260 remotus
3087 5209 3140 5255 et
3167 5199 3373 5252 alienus
3400 5198 3522 5254 est‘.

1965 5305 2039 5358 ita
2090 5303 2312 5359 omnino
2343 5316 2569 5356 necesse
2613 5307 2698 5354 est
2741 5312 2866 5352 eum
2899 5293 2991 5362 qui
3026 5291 3094 5346 ad
3129 5287 3520 5343 humanitatem

1967 5396 2057 5450 l‘ci
2083 5409 2408 5451 accessurus
2435 5393 2505 5448 sit
2526 5431 2540 5455 ,
2571 5391 2640 5444 ab
2668 5387 2815 5442 omni
2854 5385 3058 5440 saevitia
3093 5383 3326 5436 alienum
3375 5387 3515 5428 esse.

1961 5488 2026 5540 At
2052 5487 2141 5556 qni
2171 5486 2412 5540 omnium
2438 5496 2620 5537 cat-um
2655 5492 2832 5531 rerum
2870 5489 2988 5544 quae
3029 5485 3120 5541 per
3168 5467 3425 5524 malitiam
3455 5477 3520 5515 ac
