3996 6196
529 282 666 338 H79

1894 290 2219 347 cneoouu
2256 292 2547 377 stseM
3579 310 3684 362 tum

529 399 876 453 vitiositatem
917 400 1295 470 intelliguntur
1324 416 1518 470 expers
1556 383 1751 467 luerit,
1787 403 1921 459 deus
1955 421 2091 474 quo—

2204 408 2358 477 φύσιν
2397 410 2531 480 πρὸς
2562 408 2625 463 τὸ
2673 409 2976 481 θειότερον,
3013 408 3107 462 καὶ
3162 409 3310 474 θεοίνς
3351 414 3561 481 γίνεσθαι
3591 423 3692 488 τοὺς

528 485 820 539 dammodo
870 501 966 557 per
1013 488 1280 557 ejusmodi
1338 490 1583 544 habitum
1638 491 1860 553 evadit:
1894 494 2093 565 quippe

528 589 652 630 eum
688 576 818 629 illud
852 578 953 630 Sibi
995 580 1327 645 confecerit,
1360 581 1503 649 quod
1549 582 1696 636 circa
1731 591 1981 637 naturam
2011 586 2094 638 di-

528 670 710 719 vinam
759 669 898 720 ratio
941 670 1137 721 cernit.
1196 667 1357 723 Vides
1391 669 1459 723 ad
1489 678 1749 739 quantam
1782 673 2093 742 amplitudi-

530 773 654 810 nem
709 771 803 825 per
863 759 1021 810 verba
1074 760 1341 812 orationis
1404 759 1664 815 Dominus
1726 762 2090 832 intelligemus

528 848 738 911 evehat,
771 846 1064 899 hmnanam
1099 859 1349 902 naturam
1374 851 1686 905 conditione
1726 851 1908 906 divina
1955 869 2093 923 quo-

527 936 818 990 dammodo
866 949 1113 1000 mutans,
1150 947 1204 992 et
1249 948 1306 993 ut
1351 941 1425 995 dii
1471 942 1635 1004 ﬁant,
1676 942 1767 1010 qui
1814 944 1878 996 ad
1926 942 2092 997 Deum

528 1027 800 1081 acccssuri
835 1029 976 1092 sint,
1012 1031 1262 1083 sanciens
1284 1030 1307 1083 ?
1333 1032 1467 1093 Cur,
1512 1033 1722 1102 inquit,
1756 1034 2003 1089 servilem
2041 1038 2092 1088 ia

530 1118 749 1173 modum
795 1128 938 1175 metu
999 1121 1275 1188 trepidans
1322 1132 1375 1176 et
1431 1125 1766 1178 conscientia
1810 1132 1899 1179 tua
1954 1125 2095 1180 ict.:s

528 1225 590 1263 ac
629 1208 921 1279 llagellatus
960 1214 1024 1265 ad
1061 1213 1224 1266 Deum
1272 1214 1527 1267 σοι·υάἰεῖ
1568 1230 1669 1268 cur
1706 1216 1954 1271 excludis
2001 1222 2094 1270 tibi

527 1300 776 1354 ﬁduciam
814 1304 866 1355 in
906 1304 1152 1356 libertate
1189 1306 1383 1358 anima:
1421 1306 1836 1371 consistentem,
1874 1324 1993 1375 quae
2028 1312 2095 1361 ab

527 1391 682 1444 initio
709 1391 871 1445 simul
902 1407 1024 1446 cum
1059 1405 1253 1446 natura
1285 1395 1336 1446 iu
1370 1410 1495 1449 esse
1528 1392 1789 1465 producta
1806 1399 1937 1451 est?
1963 1402 2089 1467 quid

526 1481 767 1534 adularis
795 1484 972 1537 verbis
1014 1485 1060 1538 ei
1102 1485 1192 1553 qui
1239 1487 1700 1542 assentatiouibus
1738 1487 1848 1540 falli
1884 1490 2092 1557 nequit.

527 1579 690 1639 atque
722 1573 901 1627 deludi
938 1591 1042 1627 non
1075 1577 1230 1630 vult?
1258 1591 1356 1629 cur
1385 1577 1622 1633 olliriosi
1651 1588 1815 1648 atque
1845 1594 2091 1635 assenta-

527 1666 668 1725 toria
690 1668 851 1719 verba
878 1667 1037 1721 affers
1071 1669 1137 1720 ad
1180 1684 1302 1721 eum
1339 1670 1617 1737 quiopera
1659 1670 1934 1724 intuetur?
1973 1674 2097 1726 licet

2195 500 2271 571 τῷ
2319 500 2438 570 Θεῷ
2495 501 2817 570 προσιόντας
2854 500 3199 571 νομοθετῶνς
3252 502 3311 554 Τί
3355 503 3692 578 δουλοπρεπώς,

2197 594 2378 660 φησιν,
2413 594 2470 644 ὲν
2499 591 2647 662 φόὸῳ
2677 591 3036 663 κατεπτηχὼς
3059 632 3074 655 ,
3110 594 3205 646 καὶ
3248 593 3320 663 τῷ
3371 600 3597 655 συνειδότι
3633 605 3693 674 τῷ

2196 683 2387 737 ἑαυτοῦ
2436 683 2824 754 μαστιζὸμενος
2857 684 3136 757 προσέρχῃ
3162 685 3308 755 Θεῷ;
3341 688 3401 740 Τί
3443 691 3698 761 ἀποκλείεις

2198 775 2407 845 σεαυτῷ
2440 776 2537 847 τὴν
2572 775 2879 847 παρρησίαν
2901 816 2916 839 ,
2948 775 3047 847 τὴν
3094 780 3158 847 τῇ
3194 777 3455 851 ἐλευθερίᾳ
3494 784 3579 855 τῆς
3615 786 3694 855 eo-

2197 865 2298 935 χῆς
2321 866 2731 939 ἐνυπάρχουσαν
2750 908 2764 931 ,
2805 867 2903 939 τὴν
2932 868 2992 932 ἐξ
3016 869 3190 939 ἀρχῆς
3220 873 3612 946 συνουσιωμένην
3647 881 3697 950 τῇ

2200 956 2395 1024 φύσεις
2428 957 2493 1009 Τί
2518 958 2833 1020 κολακεύεις
2866 960 2922 1011 ὲν
2957 959 3164 1028 ῥήμασι
3195 961 3284 1013 τὸν
3323 961 3627 1032 detectae-cev;
3650 969 3699 1022 τί

2198 1049 2493 1119 προσάγεις
2521 1050 2646 1112 τοὺς
2695 1049 3119 1120 θεραπευτικούς
3167 1070 3227 1104 τε
3270 1054 3360 1106 καὶ
3394 1054 3705 1123 θωπυτικοῦς

2144 1177 2153 1186 .
2197 1135 2384 1203 λόγους
2420 1135 2497 1207 τῷ
2545 1137 2677 1207 πρὸς
2709 1138 2777 1190 τὰ.
2804 1138 2940 1209 ἔργα
2975 1139 3221 1207 βλέποντι
3250 1158 3264 1206 ;
3294 1141 3492 1207 Ἔξεστί
3520 1162 3589 1198 σοι
3621 1149 3702 1200 πᾶν

2196 1227 2277 1279 ὃτι
2314 1227 2417 1297 πέρ
2448 1230 2594 1281 ἐστιν
2640 1230 2705 1281 ὲκ
2740 1229 2875 1283 Θεοῦ
2906 1231 3160 1301 χρηστὸν,
3194 1235 3310 1284 κατ’
3342 1234 3563 1299 ἐξουσίαν
3594 1237 3704 1305 ἔχειν

2198 1318 2624 1388 ὲλευθεριάζοντι
2659 1319 2737 1390 τῷ
2782 1325 3124 1392 φρονήματι·
3158 1323 3317 1387 αὐτὸς
3355 1325 3501 1392 γενοῦ
3542 1328 3707 1397 σεαυτῷ

2196 1409 2456 1479 δικαστής
2478 1426 2490 1439 ·
2522 1409 2610 1471 δὺς
2641 1411 2849 1482 σεαυτῷ
2875 1412 2971 1483 τὴν
3004 1412 3284 1478 σώζουσαν
3311 1413 3506 1484 ψῆφον·
3543 1418 3710 1488 ἀφεθῆ-

2198 1499 2288 1551 ναί
2315 1515 2395 1550 σοι
2414 1497 2597 1570 ζητεῖς
2622 1500 2773 1571 παρὰ
2801 1502 2894 1554 τοῦ
2907 1502 3041 1555 Θεοῦ
3070 1502 3138 1556 τὰ
3166 1504 3481 1574 ὀφλήματα;
3516 1504 3569 1559 σὺ
3588 1505 3712 1574 ἄφες,

2199 1592 2291 1643 καὶ
2343 1590 2529 1655 ὁΘεὸς
2582 1594 2864 1662 ὲψήφισεν.
2913 1594 2977 1647 Ἡ
3015 1596 3124 1664 γὰρ
3174 1594 3316 1665 ὑπὲρ
3352 1594 3438 1648 τοῦ
3489 1596 3712 1665 ὁμοφύλου

2201 1680 2400 1751 κρίσις,
2438 1682 2502 1734 σὺ
2534 1683 2723 1755 κύριος
2743 1725 2756 1748 ,
2793 1683 2881 1754 ἴση
2914 1684 3122 1753 γίνεται
3153 1685 3335 1756 ψῆφος
3356 1724 3370 1748 ,
3401 1686 3479 1739 οἵα
3504 1686 3546 1739 δ’
3576 1687 3632 1740 ἂν

526 1756 625 1808 tibi
657 1755 918 1826 quidquid
948 1772 1013 1812 ex
1063 1757 1171 1812 Deo
1212 1760 1558 1815 commodum
1601 1767 1684 1814 est
1726 1764 1910 1815 animo
1953 1765 2099 1832 inge-

2204 1769 2233 1824 Ξι
2266 1771 2375 1843 γὰρ
2428 1774 2519 1825 ἐπὶ
2572 1775 2799 1829 σεαυτοῦ
2835 1776 3010 1846 γνῷς,
3043 1776 3216 1831 ταῦτά
3247 1795 3332 1830 σοι
3380 1778 3464 1831 διὰ
3486 1780 3571 1849 τῆς
3599 1779 3721 1842 θείας

529 1862 636 1901 nuo
666 1856 829 1918 atque
858 1850 1030 1904 libero
1060 1851 1125 1904 ad
1155 1852 1436 1905 arbitrium
1468 1851 1706 1905 habere:
1740 1853 1852 1921 ipse
1882 1855 1976 1906 tibi
2012 1856 2090 1910 sis

2198 1860 2431 1929 κρίσεως
2466 1863 2673 1932 ὲπεκυρ
2688 1865 2811 1934 .ἴ›θη.

522 1941 689 2011 judex
712 1982 726 2007 ,
763 1942 877 2011 ipse
909 1951 959 1996 te
992 1950 1083 1995 tua
1113 1944 1382 1997 sententia
1413 1943 1634 1997 absolve
1673 1959 1735 1996 ac
1777 1959 1971 1999 serva:
2005 1946 2203 1999 remitti
2236 1949 2333 2002 tibi
2382 1966 2408 2003 a
2461 1951 2567 2006 Deo
2631 1954 2810 2007 debita
2877 1954 3190 2011 desiderans
3214 1996 3229 2020 ,
3306 1966 3360 2012 tu
3407 1959 3629 2021 dimitte,
3678 1970 3723 2014 et

529 2035 673 2089 Deus
703 2034 1003 2089 decreverit
1030 2046 1191 2103 atque
1224 2037 1545 2089 sententiam
1581 2038 1785 2089 tulerit.
1818 2035 1949 2090 Nam
1978 2038 2187 2105 judicio
2214 2042 2280 2095 de
2311 2045 2588 2112 proximo,
2629 2047 2774 2116 quod
2847 2048 2900 2101 in
2970 2057 3060 2101 tua
3124 2058 3397 2117 potestate
3437 2060 3544 2113 est,
3581 2052 3722 2120 quale-

527 2140 745 2195 cunque
776 2124 970 2189 fuerit,
1012 2127 1277 2180 sententia
1313 2142 1410 2196 par
1455 2127 1558 2180 erit
1600 2134 1653 2181 et
1702 2128 2089 2197 respondebit:
2134 2149 2254 2201 qua:
2285 2137 2428 2189 enim
2462 2140 2600 2207 apud
2638 2148 2690 2193 te
2722 2141 3011 2206 statueris,
3049 2142 3161 2196 haec
3195 2143 3301 2197 tibi
3374 2159 3463 2213 per
3522 2142 3720 2197 divinum

522 2213 790 2282 judicium
820 2213 1301 2269 conlirmalmntur.

599 2304 704 2360 Sed
735 2306 828 2375 qui
861 2309 1033 2375 possit
1062 2308 1259 2375 aliquis
1290 2323 1384 2377 pro
1417 2308 1681 2378 dignitate
1710 2312 1983 2382 explicare
2014 2314 2098 2368 di-

526 2401 668 2455 vina:
695 2402 844 2456 vocis
894 2402 1351 2470 amplitudinem?
1381 2401 1610 2471 Superat
1656 2402 1706 2456 id
1756 2404 1901 2472 quod
1936 2405 2096 2459 intel-

527 2493 708 2563 ligitur
756 2508 875 2547 eam
941 2508 1063 2562 quze
1115 2494 1296 2548 verbis
1362 2494 1475 2548 ﬁeri
1540 2494 1715 2562 possit
1781 2496 2099 2563 explicatio-

527 2600 672 2639 nem.
700 2582 921 2636 Remitte
952 2583 1100 2636 nobis
1130 2583 1304 2636 debila
1332 2586 1679 2640 nostra.sicut
1708 2595 1756 2636 et
1790 2601 1883 2636 nos
1917 2585 2096 2638 remit-

527 2675 688 2728 timus
713 2674 1039 2729 debitoribus
1069 2676 1283 2727 nostris.
1317 2672 1448 2727 Nam
1489 2688 1609 2743 qua:
1636 2673 1702 2728 de
1731 2674 1833 2727 hoc
1859 2674 2096 2727 animum

526 2781 705 2822 meum
740 2767 887 2822 subit
920 2765 1186 2835 cogitare,
1236 2765 1581 2819 temerarium
1628 2765 1846 2834 quidem
1887 2773 1971 2819 est
2017 2765 2099 2818 vel

530 2867 710 2913 mente
758 2859 1089 2927 concipere,
1144 2857 1495 2910 temerarium
1542 2856 1668 2910 item
1727 2856 1809 2911 vel
1855 2857 2103 2911 oratione

528 2946 908 3016 cogitationem
935 2953 987 2999 et
1017 2948 1214 2999 mentis
1241 2953 1567 3013 conceptum
1597 2942 1906 3013 patefacere
1938 2953 2100 3015 atque

528 3038 758 3107 aperire.
802 3036 942 3103 Quid
973 3039 1114 3089 enim
1148 3045 1231 3091 cst
1262 3037 1405 3105 quod
1448 3036 1694 3089 dicitur?
1741 3036 2107 3101 Quemadmo-

2286 2313 2444 2367 ’Λλλά
2482 2314 2596 2377 πῶς
2626 2314 2690 2367 ἄν
2722 2332 2805 2377 τις
2837 2316 2969 2386 πρὸς
2995 2313 3149 2380 ἀξίαν
3194 2316 3265 2368 τὸ
3317 2315 3623 2386 μεγαλοφυὲς
3649 2318 3721 2384 τῆς

2204 2402 2571 2474 θείαςλφωνῆς
2606 2403 2995 2473 ἐκκαλύψειενς
3038 2405 3394 2475 ’Υπερδαίνει
3440 2406 3531 2473 τὴν
3565 2406 3619 2457 ὲκ
3645 2403 3725 2456 τῶν

2203 2493 2373 2561 λόγοιν
2412 2495 2706 2564 ἑρμηνείαν
2753 2495 2813 2546 τὸ
2852 2495 3047 2564 ὄνομαο
3088 2497 3282 2564 ’Ἄφες
3337 2494 3469 2563 ἡμῖν
3517 2495 3579 2547 τὰ
3604 2494 3725 2561 ὀρει-

2205 2584 2440 2653 λιὶματα
2474 2584 2657 2653 ἡμῶν,
2690 2585 2770 2650 ὡς
2799 2584 2895 2638 καὶ
2930 2585 3099 2654 ἡμεῖς
3128 2578 3451 2654 ἀριῆκαμεν
3476 2584 3587 2648 τοῖς
3608 2582 3725 2652 ὀρεί-

2205 2677 2427 2726 .Ιουσιν
2464 2674 2622 2742 ἡμῖν.
2665 2675 2727 2725 "A
2775 2674 2881 2744 γὰρ
2935 2674 3221 2744 ἐπέρχεταί
3271 2693 3358 2744 μοι
3418 2675 3535 2744 περὶ
3581 2672 3737 2724 τούτου

2207 2764 2345 2813 νοεῖν
2364 2804 2377 2827 ,
2420 2761 2687 2831 τολμηρὸν
2712 2762 2809 2831 μέν
2839 2765 2954 2815 ἐστι
2983 2765 3077 2815 καὶ
3108 2762 3185 2833 τῷ
3216 2764 3309 2833 ἰῷ
3339 2762 3513 2815 λαϐεῖν
3532 2804 3545 2825 ,
3570 2761 3733 2830 τολμη-

2213 2849 2302 2919 ρὸν
2330 2850 2385 2902 δὲ
2413 2850 2504 2902 καὶ
2538 2850 2677 2919 λόγῳ
2719 2850 3044 2919 διακαλύψαι
3078 2851 3139 2903 τὸ
3174 2851 3232 2904 νό
3252 2870 3381 2922 ημα.
3426 2852 3487 2905 Τί
3527 2852 3621 2921 γάρ
3644 2852 3743 2902 ἐστε

2209 2937 2269 2988 τὸ
2292 2937 2577 3008 λεγόμενον
2602 2955 2617 3003 ;
2651 2940 2858 3009 Ὥσπερ
2885 2940 2914 2991 6
2939 2940 3070 3003 Θεὸς
3098 2942 3393 3012 πρόκειται
3421 2945 3522 3004 τοῖς
3545 2941 3598 2992 τὸ
3617 2940 3727 3005 dra-

2213 3029 2301 3081 θον
2334 3029 2687 3099 κατορθοῦσιν
2720 3031 2800 3093 εἰς
2835 3031 3065 3101 μίμησιν
3086 3071 3102 3095 ,
3154 3032 3343 3096 καθὼς
3376 3029 3518 3086 εἶπεν
3551 3034 3577 3084 6
3609 3030 3729 3083 Ἀπό-

527 3129 655 3183 dum
689 3128 832 3183 Deus
863 3129 998 3182 bene
1030 3144 1093 3180 ac
1136 3135 1280 3180 recte
1326 3127 1615 3195 agentibus
1665 3127 1731 3181 ad
1778 3128 2099 3181 imitandum

2216 3120 2393 3183 στολος
2414 3136 2427 3149 ο
2464 3122 2724 3189 Mummi
2766 3139 2886 3189 μου
2925 3125 3165 3191 γίνεσθε
3191 3163 3206 3186 ,
3243 3123 3434 3189 καθὼς
3461 3122 3606 3191 κάγὼ
3630 3124 3728 3188 Χριο

528 3220 839 3291 propositus
865 3226 984 3280 est,
1037 3220 1175 3273 sicut
1210 3218 1345 3272 dixit
1388 3219 1682 3287 Apostolus
1727 3237 1741 3272 :
1791 3216 2102 3272 Imitatores

529 3311 629 3362 mei
659 3318 824 3363 estote
844 3350 857 3373 ,
895 3310 1027 3361 sicut
1055 3318 1104 3362 et
1133 3326 1224 3379 ego
1255 3308 1455 3363 Christi
1489 3310 1536 3341 ⁷³
1568 3328 1580 3363 :
1632 3311 1706 3363 ita
1737 3311 1857 3364 vice
1906 3325 2062 3365 versa
2088 3353 2102 3375 ,

528 3409 676 3453 tuam
722 3397 1059 3453 all‘ectiouem
1112 3398 1219 3453 Deo
1250 3400 1314 3453 ad
1346 3401 1546 3454 bonum
1578 3416 1675 3471 pro
1706 3404 1952 3474 exemplo
1985 3419 2106 3465 esse

526 3488 678 3555 vult,
709 3496 872 3558 atque
901 3488 1035 3542 ordo
1058 3490 1461 3558 quodammodo
1490 3491 1796 3556 invertitur,
1826 3502 1883 3546 ut
1906 3494 2105 3547 audea-

526 3595 683 3642 mus,
734 3579 1192 3649 quemadmodum
1243 3581 1443 3643 bonum
1496 3581 1549 3636 in
1602 3584 1759 3639 nobis
1804 3584 2106 3638 imitatione

527 3668 699 3723 divini
737 3670 974 3725 numinis
1017 3672 1318 3741 perﬁcitur,
1366 3673 1438 3726 ita
1481 3688 1702 3742 sperare
1739 3672 2015 3739 futurum,
2048 3681 2105 3726 ut

528 3758 676 3814 Deus
704 3767 894 3815 nostra
927 3760 1070 3814 facta
1118 3762 1383 3826 imitetur,
1430 3777 1552 3817 cum
1586 3761 1789 3832 aliquid
1819 3763 1947 3817 boni
1974 3778 2108 3817 cou-

530 3851 856 3916 fecerimus,
890 3860 948 3906 ut
997 3863 1051 3907 tu
1106 3854 1233 3908 item
1282 3855 1348 3907 ad
1404 3853 1569 3909 Deum
1606 3854 1789 3920 dicas,
1819 3853 1974 3920 Quod
2004 3869 2105 3923 ego

529 3940 655 4008 feci,
689 3943 811 4009 fac;
849 3945 1061 3999 imitare
1101 3961 1316 4000 servum
1359 3953 1540 4011 tuum,
1582 3956 1636 4000 tu
1678 3945 1933 4008 Domine,
1967 3960 2099 4015 pau-

530 4048 717 4103 perem
746 4045 799 4088 et
832 4050 1060 4104 egenum
1083 4078 1098 4101 ,
1125 4037 1219 4106 qui
1258 4052 1485 4107 regnum
1513 4038 1892 4091 universarum
1923 4049 2104 4089 rerum

500 4123 788 4179 obtines:
821 4126 1004 4179 remisi
1035 4127 1213 4181 debita
1245 4125 1356 4199 [ne
1384 4134 1439 4181 tu
1470 4127 1689 4197 quidem
1719 4128 1906 4197 exigas
1933 4146 1945 4181 :
1979 4143 2107 4197 sop-

527 4215 722 4286 plicem
760 4217 1022 4286 repellere
1054 4208 1261 4273 veritus
1295 4218 1497 4291 sum],
1534 4226 1603 4272 ne
1634 4226 1690 4272 tu
1722 4219 1938 4289 quidem
1973 4234 2106 4297 sup:

528 4306 818 4375 plicantem
848 4308 1172 4363 submoveas
1198 4316 1361 4378 atque
1390 4310 1656 4379 repellas:
1697 4309 1877 4362 laztum
1907 4317 1962 4363 et
1994 4310 2107 4363 ala-

529 4414 677 4454 crem
708 4399 891 4453 dimisi
927 4415 1104 4455 meum
1134 4402 1432 4456 debitorem
1460 4440 1475 4465 ,
1509 4403 1633 4457 talis
1662 4404 1789 4456 item
1822 4411 1948 4456 tuus
1975 4404 2067 4455 tiat
2089 4441 2103 4465 ,

527 4503 597 4542 ne
621 4495 773 4542 tuum
796 4488 1098 4544 debitorem
1125 4506 1243 4545 meo
1263 4489 1507 4553 debitore
1538 4480 1835 4545 tristiorem
1865 4490 2061 4545 reddas
2089 4507 2099 4543 :

2209 4491 2503 4553 αλλάκταις
2558 4492 2591 4560 ἡ
2630 4490 2819 4557 ﬁgam;
2845 4533 2859 4556 ,

528 4579 688 4633 ambo
713 4580 916 4648 pariter
936 4590 986 4634 et
1008 4580 1290 4650 aequaliter
1311 4581 1651 4651 exigentibus
1674 4582 1880 4651 gratias
1902 4590 2064 4651 agant
2086 4600 2097 4634 :

527 4682 630 4736 par
657 4671 923 4733 ambobus
950 4672 1200 4726 remissio
1225 4671 1571 4734 decernatur,
1595 4678 1688 4723 tuo
1710 4672 1875 4724 simul
1904 4680 1957 4726 et
1983 4687 2103 4726 meo

528 4757 792 4813 debitori:
824 4762 910 4816 ille
934 4777 1086 4816 meus
1108 4770 1193 4816 est
1217 4761 1451 4825 debitor,
1483 4771 1612 4817 tuus
1639 4770 1817 4816 autem
1842 4778 1970 4832 ego:
1996 4780 2103 4833 quo

530 4845 715 4897 animo
740 4862 839 4916 ego
868 4847 941 4900 fui
973 4836 1239 4904 adversus
1268 4851 1412 4904 hunc
1431 4891 1445 4916 ,
1478 4867 1751 4921 quamque
1777 4849 1844 4905 de
1876 4866 1944 4906 eo
1974 4868 2101 4907 sen-

529 4934 755 4987 tentiam
792 4926 1015 4992 secutus
1058 4955 1218 5003 sum,
1252 4940 1365 4994 hac
1397 4942 1524 4996 item
1559 4942 1697 5011 apud
1735 4950 1786 4997 te
1814 4943 2058 4997 obtineat
2086 4961 2099 4997 :

530 5026 687 5088 solvi,
719 5028 902 5081 solve:
933 5028 1137 5091 dimisi,
1169 5031 1415 5086 dimitte:
1450 5050 1695 5104 magnam
1722 5051 1821 5104 ego
1849 5037 2101 5104 proximo

529 5117 749 5171 exhibui
769 5104 1231 5174 misericordiam:
1257 5120 1489 5190 imitare,
1513 5134 1570 5179 tu
1591 5126 1833 5191 Domine,
1855 5128 1996 5182 servi
2023 5128 2099 5181 tui

532 5210 947 5277 humanitatem.
980 5214 1048 5265 At
1074 5214 1324 5283 graviora
1358 5231 1472 5268 mea
1502 5217 1555 5269 in
1584 5227 1635 5271 te
1664 5228 1904 5287 peccata,
1937 5236 2100 5288 quam

531 5319 652 5373 qua:
681 5303 770 5357 hic
797 5304 1083 5360 adversum
1119 5324 1203 5362 me
1233 5307 1505 5363 commisit
1538 5325 1551 5360 :
1590 5310 1642 5363 id
1674 5326 1772 5382 ego
1801 5326 1909 5363 non
1944 5328 2121 5382 nego,

533 5404 697 5465 atque
726 5396 828 5451 hoc
856 5407 1045 5467 reputa
1065 5440 1079 5464 ,
1108 5409 1373 5473 quantum
1401 5401 1636 5457 excellas
1668 5402 1720 5456 in
1748 5402 1894 5456 omni
1923 5403 2064 5457 bono
2087 5419 2101 5456 :

533 5503 747 5558 aequum
802 5498 887 5546 est
929 5494 1073 5548 enim
1131 5503 1190 5549 ut
1249 5495 1441 5552 virium
1500 5503 1717 5551 tuarum
1766 5496 2105 5553 excellentiae

616 5669 707 5724 ⁷³1
745 5672 866 5727 (lor.
905 5689 977 5737 tv,
1014 5674 1098 5727 l6.

2207 3212 2382 3264 στοῡσ
2421 3209 2590 3274 οὕτως
2611 3213 2671 3264 τὸ
2700 3212 2933 3281 ἔμπαλιν
2964 3213 3062 3285 τὴν
3088 3213 3191 3284 σὴν
3224 3215 3458 3268 διάθεσιν
3482 3215 3730 3280 ὑπόδειγμα

2206 3301 2281 3371 τῷ
2302 3301 2418 3372 Θεῷ
2452 3302 2585 3371 πρὸς
2614 3302 2674 3356 τὸ
2701 3304 2901 3371 ἀγαθὸν
2922 3305 3170 3371 γενέσθαι
3220 3307 3494 3376 βούλεται,
3522 3304 3727 3373 ἀντιμεθ·

2210 3389 2415 3444 ίσταται
2453 3393 2651 3463 τρόπον
2680 3393 2800 3446 τινὰ
2839 3395 2871 3464 ή
2911 3394 3062 3458 τάξις
3089 3433 3104 3457 ,
3143 3393 3294 3448 ὥστε
3347 3394 3630 3466 τολμῆσαι,
3662 3407 3733 3443 και

2207 3482 2382 3549 θάπερ
2419 3486 2476 3536 ὲν
2526 3485 2655 3554 ἡμῖν
2698 3484 2758 3536 τὸ
2815 3485 3017 3553 ἀγαθὸν
3063 3486 3399 3540 ἐπιτελεῖται
3428 3488 3489 3556 τῇ
3533 3484 3650 3553 πρὸς
3691 3481 3739 3532 *εὖ

2209 3576 2360 3629 Θεῖον
2397 3576 2658 3646 μιμήσει.
2710 3574 2882 3639 οὕτως
2935 3576 3153 3629 ἐλπίσαι
3211 3578 3494 3648 μιμεῖσθαι
3528 3576 3609 3627 τὸν
3635 3570 3740 3625 Θεὸν

2206 3664 2273 3717 τὰ
2303 3664 2566 3735 ἡμέτερα,
2590 3666 2717 3717 ὅταν
2745 3681 2797 3716 τι
2827 3664 2934 3717 τῶν
2963 3666 3185 3732 ἀγαθῶν
3219 3665 3653 3738 κατορθώσωμεν,
3673 3662 3741 3709 ἵνα

2206 3756 2365 3827 εῖπῃς
2416 3756 2509 3809 καὶ
2536 3758 2598 3810 σὺ
2631 3756 2709 3828 τῷ
2737 3745 2876 3827 Θεῷ,
2908 3757 2991 3809 ὅτι
3023 3760 3088 3810 Ὃ
3120 3758 3235 3826 ἐγὼ
3286 3758 3556 3827 πεποίηκα
3575 3795 3588 3819 ,
3619 3751 3743 3818 ποίη·

2209 3865 2299 3901 σον
2323 3863 2337 3878 ⁸
2376 3848 2612 3919 μίμησαι
2638 3848 2731 3901 τὸν
2765 3846 2949 3900 δοῦλόν
2978 3863 3096 3912 σου,
3130 3851 3159 3901 6
3189 3849 3420 3919 Κύριος,
3451 3848 3537 3900 τὸν
3569 3840 3743 3910 πτωχῦν

2208 3940 2300 3991 καὶ
2348 3938 2556 4007 πένητα
2581 3979 2595 4003 ,
2626 3939 2655 3991 6
2705 3936 2799 3991 τοῦ
2844 3937 3044 4000 παντὸς
3098 3938 3437 4009 βασιλεύων,
3486 3935 3654 4005 ἀφῆκα
3690 3929 3744 3981 τὲ

2207 4030 2566 4099 ὀφειλήματα.
2612 4030 2747 4101 μηδὲ
2787 4031 2851 4082 σὺ
2890 4030 3086 4101 ἀπώσῃ
3132 4031 3225 4083 τὸν
3260 4029 3566 4083 ἱκετεύοντα
3593 4043 3605 4055 ·
3647 4037 3744 4090 (fair

2207 4121 2329 4191 δρὶν
2357 4120 2657 4190 ἀπέπεμψα
2693 4122 2783 4174 τὸν
2822 4123 2952 4191 ἐμὸν
2983 4123 3271 4192 ὀφειλέτην
3295 4165 3310 4189 ,
3354 4120 3582 4180 τοιοῦτος
3614 4115 3690 4169 καὶ
3722 4110 3745 4160 ὑ

2210 4214 2299 4276 σὸς
2320 4214 2558 4281 γενέσθω
2583 4230 2594 4243 ·
2625 4214 2698 4285 μὴ
2729 4216 2958 4285 ποιήσῃς
2981 4213 3071 4265 τὸν
3100 4214 3193 4265 σὺν
3222 4213 3509 4284 χρεώστην
3531 4207 3615 4261 τοῦ
3639 4202 3746 4275 ἐμοῦ

2212 4306 2686 4377 σκυθρωπότερον·
2720 4307 2849 4369 ἴσως
2879 4308 2927 4358 oi
2953 4305 3046 4358 δύο
3074 4308 3186 4368 τοῖς
3211 4303 3536 4358 ἀπαιτοῦσιν
3568 4299 3746 4366 εύχαριο

2211 4399 2504 4451 στείτωσαν
2528 4416 2541 4428 ·
2577 4399 2663 4469 ἴση
2697 4403 2825 4469 παρ’
2856 4398 3176 4468 ἀμφοτέρων
3199 4398 3510 4467 κυρωθήτω
3533 4395 3635 4452 τοῖς
3654 4402 3751 4440 ουν·

2910 4490 2985 4560 τῷ
3028 4488 3146 4560 ἐμῷ
3181 4490 3278 4542 καὶ
3307 4487 3387 4557 τῷ
3428 4485 3521 4556 σῷ.
3564 4484 3615 4535 'U
3644 4477 3747 4548 ἐμὸς

2207 4580 2487 4648 ὀφειλέτης
2520 4582 2548 4632 6
2576 4580 2740 4641 δεῖνα,
2780 4582 2808 4632 6
2838 4578 2925 4642 σὸς
2957 4580 3011 4632 δὲ
3066 4578 3176 4646 ἐγώ
3203 4598 3210 4607 ι
3258 4580 3329 4649 ἢν
3363 4580 3516 4647 ἔσχον
3549 4575 3629 4627 ἐπὶ
3655 4568 3749 4622 τού-

2207 4688 2300 4723 του
2329 4670 2552 4739 γνώμην
2581 4670 2708 4736 ἐγὼ,
2750 4669 2885 4739 αῦτη
2920 4670 3068 4740 παρὰ
3092 4672 3173 4721 σοὶ
3204 4668 3565 4751 κρατησάτω⁶
3596 4661 3744 4712 9-93“-

2207 4761 2400 4814 λῦσονθ
2450 4761 2637 4830 ἀφῆκα
2665 4802 2678 4825 ,
2720 4760 2853 4827 ἄφες
2881 4778 2891 4788 ⁸
2925 4761 3089 4813 πολὺν
3145 4760 3515 4828 ἐπεδειξάμην
3556 4752 3653 4821 ἐγὼ
3685 4752 3748 4815 τῷ

2206 4854 2460 4926 ὁμοφύλῳ
2482 4856 2574 4906 τὸν
2600 4854 2743 4906 ἔλεον
2764 4873 2778 4885 °
2806 4854 3038 4923 μίμησαι
3070 4850 3165 4921 τὴν
3192 4850 3291 4903 τοῦ
3319 4850 3507 4902 δούλου
3537 4861 3618 4896 σου
3648 4839 3745 4908 φιλ·

2210 4944 2591 5014 ανθρωπίαν,ὁ
2646 4945 2867 5012 Κύριος.
2916 4943 3075 4995 Ἀλλά
3109 4940 3394 5012 βαρύτερὰ
3454 4955 3551 5010 μου
3594 4932 3652 4986 τὰ
3686 4930 3748 4989 εἰς

2211 5038 2271 5090 σὲ
2303 5037 2743 5107 πλημμελήματα
2770 5035 2878 5087 τῶν
2916 5036 2995 5096 είς
3020 5033 3117 5103 ἐμὲ
3146 5033 3305 5101 παρὰ
3338 5031 3527 5083 τούτου
3556 5037 3746 5094 γεγεντγ

2216 5131 2388 5201 μένων
2414 5147 2428 5160 ·
2464 5129 2605 5198 φημὶ
2644 5126 2798 5194 κάγὼ
2823 5167 2836 5184 ,
2874 5127 2966 5178 καὶ
3021 5124 3175 5189 τοῦτο
3216 5123 3437 5190 λόγισαι
3475 5116 3747 5201 ὅσον

2211 5197 2352 5289 έχεις
2401 5221 2456 5271 ὲν
2490 5217 2650 5270 παντὶ
2681 5214 2872 5285 ἀγαθῷ
2899 5230 2911 5242 ·
2945 5214 3144 5274 δίκαιος
3181 5212 3297 5282 γὰρ
3334 5210 3382 5262 εί
3424 5212 3486 5278 τῇ
3516 5197 3743 5274 ὑπερσολῇ

2210 5312 2306 5381 τῆς
2340 5308 2435 5380 σῆς
2478 5308 2758 5377 δυνάμεως
2793 5304 3153 5372 ἀναλογοῦντα
3202 5304 3344 5372 ἡμῖν
3392 5300 3501 5362 τοῖς
3531 5298 3743 5367 ἡμαρτη-

2212 5405 2331 5457 κῦσι
2355 5402 2445 5454 τὸν
2478 5401 2623 5453 ἔλεον
2649 5397 2937 5470 δωρεῖσθαι
2959 5413 2972 5426 ⁸
3003 5395 3188 5462 ὀλίγην
3236 5394 3341 5464 τὴν
3380 5382 3746 5461 φιλανθρωπίαν

2213 5483 2594 5563 ὲπεδειξάμην¹
2622 5489 2765 5559 ἐγώ·
2799 5487 2858 5543 οῦ
2888 5488 2996 5559 γὰρ
3021 5486 3215 5558 ἐχώρει
3246 5485 3310 5539 τὸ
3352 5484 3510 5539 πλέον
3541 5477 3743 5552 ἡφύσις
