3996 6196
255 312 385 366 illi!

1170 321 1257 375 DE
1302 323 1649 384 ORATIONE
1690 331 2034 388 DOMINICA.
2082 365 2142 376 -
2184 335 2442 391 ORATIO
2480 338 2543 393 V.

3356 348 3492 403 1182

252 426 322 477 σὺ
345 424 400 477 δὲ
425 424 548 478 ὅσον
582 428 788 493 ἐθέλεις
815 472 826 492 ,
864 431 923 484 ού
955 434 1150 490 κωλύει
1199 440 1294 510 τὴν
1326 444 1736 518 μεγαλοδωρεὸω
1785 453 1799 500 1‘

1923 453 2330 507 convenientem
2364 454 2793 510 misericordiam
2824 458 2979 511 nobis
3010 460 3362 527 peccantibus
3389 464 3491 516 tri-

246 513 492 585 δύναμις.
555 519 712 574 Ἀλλὰ
769 523 1270 601 φιλανθρωπότερον
1308 533 1404 605 τὴν
1457 513 1819 611 προκειμένην

246 605 346 672 τῆς
386 610 690 677 προσευχῆς
726 611 882 681 ῥῆσιν
913 618 1354 689 κατανοήσωμεν,
1393 623 1448 674 εἴ
1471 642 1587 688 πως
1614 628 1818 693 γένοιτό

245 711 331 788 τις
360 697 455 788 καὶ
479 700 608 767 ἡμῖν
646 700 731 754 διά
760 706 860 773 τῆς
887 705 981 758 τοῦ
1022 712 1287 778 νοήματος
1311 713 1541 785 Θεωρίας
1568 719 1702 788 πρὸς
1727 721 1816 775 τὸν

245 786 451 855 ὑψηλὸν
508 789 621 858 βίον
653 797 1011 863 χειραγωγία.
1066 800 1437 874 Ἐξετάσωμεν
1465 786 1644 861 τοίνυν
1688 815 1813 865 ποῖα

249 878 349 945 μέν
380 880 528 931 ἐστιν
558 875 639 944 οἷς
670 884 947 956 ὑπόχρεως
971 890 1002 959 ή
1030 890 1341 964 ἀνθρωπίνη
1378 896 1538 965 φύσις
1558 915 1572 927 ⁸
1607 904 1732 955 ποῖα
1760 903 1817 955 δὲ

243 969 406 1022 πάλιν
435 971 619 1026 ἐκεῖνα
643 1013 659 1037 ,
706 967 781 1028 ὧν
824 979 981 1047 ἡμεῖς
1007 983 1173 1050 ἐσμεν
1220 989 1316 1056 τῆς
1346 988 1589 1055 ἀφέσεως
1616 991 1815 1063 κύριοι.

254 1057 350 1111 Ἐκ
399 1060 509 1132 γὰρ
537 1062 630 1141 τοῦ
672 1065 843 1125 ταῦτα
895 1070 1131 1136 γνῶναι,
1192 1076 1388 1143 γένοιτ’
1425 1078 1490 1131 ἂν
1544 1083 1673 1151 ἡμῖν
1717 1084 1816 1153 τῆς

240 1147 546 1223 ὑπερϐολῆς
575 1155 682 1207 τῶν
715 1156 871 1210 θείων
924 1161 1142 1236 ἀγαθῶν
1183 1168 1379 1237 μετρία
1425 1187 1507 1233 τις
1561 1147 1816 1244 κατανόη-

240 1254 346 1301 σις.
383 1242 590 1296 Οὐκοῦν
630 1246 874 1300 ἐντεῦθεν
929 1251 1279 1322 ποιησώμεθα
1324 1256 1428 1308 τῶν
1459 1242 1810 1330 ἀνθρωπίνων

238 1331 380 1400 πρὸς
405 1332 495 1387 τὸν
522 1334 652 1388 Θεὸν
687 1337 1173 1409 πλημμελημάτων
1212 1344 1306 1414 τὴν
1335 1348 1733 1419 ἀπαρίθμησιν.

1927 541 2090 607 buas;
2115 544 2364 612 exiguam
2392 545 2778 600 humanitatem
2805 562 2904 616 ego
2926 550 3143 602 exhibui
3167 590 3181 613 ,
3208 568 3311 604 non
3342 555 3489 607 enim

1924 634 2159 699 amplius
2213 634 2462 702 capiebat
2522 644 2751 700 natura,
2806 644 2896 690 tua
2949 654 3074 693 vero
3121 641 3488 696 ιιιιιιιίῐὶιριιιὶει

1923 722 2215 789 exiguitate
2249 726 2501 793 potentiae
2543 742 2650 780 non
2696 727 3014 795 prohibetur
3052 734 3182 799 quin
3224 744 3487 802 quantum

1924 813 2081 873 velis,
2107 824 2312 867 tantum
2337 816 2602 886 largiaris.
2633 816 2828 872 Verum
2854 818 3168 889 diligentius
3191 824 3488 893 perpenda-

1923 920 2044 957 mus
2080 906 2413 975 propositam
2445 908 2710 964 orationis
2741 910 3071 977 dictionem,
3105 914 3151 967 si
3184 928 3293 982 quo
3328 914 3487 968 modo

1921 996 2079 1050 nobis
2113 997 2275 1051 etiam
2321 1013 2418 1068 per
2451 1001 2735 1055 sententiae
2767 1002 3259 1058 considerationem
3280 1043 3294 1066 ,
3329 1006 3486 1074 quasi

1921 1086 2267 1143 manuductis
2298 1089 2365 1142 ad
2405 1090 2691 1146 sublimem
2732 1092 2902 1145 vitam
2943 1092 3162 1163 aliquod
3201 1093 3489 1164 adjunienw

1920 1181 2031 1227 tum
2068 1176 2381 1245 contingere
2412 1179 2600 1247 possit.
2653 1178 2973 1234 Scrutcmur
3014 1183 3179 1252 igitur
3208 1198 3330 1252 qua:
3376 1183 3489 1237 sint

1917 1279 1979 1317 ea
2033 1266 2251 1333 quidem
2314 1268 2513 1336 quibus
2571 1269 2958 1333 prmstantibus
3015 1272 3249 1325 humana
3294 1281 3487 1325 natura

1913 1355 2146 1409 obnoxia
2182 1359 2253 1411 sit
2296 1376 2308 1410 :
2340 1374 2459 1426 qua:
2492 1359 2619 1412 item
2670 1360 2758 1413 illa
2806 1370 3013 1417 contra.
3038 1376 3269 1432 quorum
3301 1363 3488 1418 remit-

237 1422 528 1477 tcndorum
568 1441 669 1479 nos
705 1435 1027 1495 potestatem
1075 1431 1531 1493 habemus.‘Nam
1590 1456 1656 1494 ex
1717 1441 1910 1496 harum
1963 1460 2143 1499 rerum
2200 1447 2668 1503 animadversione
2708 1450 2999 1504 mediocris
3049 1453 3295 1520 quaedam
3331 1451 3489 1505 nobis

234 1512 572 1568 excellentia:
595 1516 902 1571 divinorum
932 1519 1199 1575 bonorum
1266 1529 1506 1596 cognitio
1562 1532 1875 1603 contingere
1919 1538 2115 1605 possit.
2168 1540 2498 1607 Incipiamus
2546 1539 2708 1609 igitur
2755 1540 2882 1594 hinc
2937 1552 3154 1610 peccata
3204 1541 3487 1597 hominum

234 1600 503 1657 adversus
532 1604 700 1658 Deum
733 1611 1025 1665 commissa
1054 1628 1400 1671 enumerare.

301 1698 535 1769 Πρὼτην
561 1700 808 1773 ὤφλησεν
851 1706 929 1776 τῷ
958 1706 1077 1778 Θεῴ
1112 1712 1377 1783 τιμωρίαν
1426 1714 1453 1765 δ
1503 1714 1799 1785 ἄνθρωπος,

1986 1714 2226 1767 Primum
2259 1713 2365 1767 Deo
2387 1714 2713 1783 supplicium
2747 1714 2908 1768 homo
2925 1714 3131 1781 debuit,
3155 1720 3299 1787 quod
3321 1721 3391 1775 ab
3415 1737 3486 1780 eo

229 1789 314 1842 ὅτι
340 1790 649 1861 ἀπέστησεν
689 1795 879 1848 ἑαυτὸν
906 1798 998 1851 τοῦ
1030 1804 1380 1869 ποιήσαντος,
1414 1807 1506 1858 καὶ
1535 1807 1668 1878 πρὸς
1713 1809 1801 1861 τὸν

228 1882 474 1935 ἐναντίον
504 1884 976 1959 ἀπηυτομὸλησεν,
1014 1890 1288 1962 δραπέτης
1313 1894 1407 1947 τοῦ
1457 1898 1598 1950 κατά
1643 1897 1803 1966 φύσιν

228 1971 490 2026 δεσπότου
519 1974 611 2026 καὶ
636 1976 945 2048 ἀποστάτης
974 1982 1262 2052 γενόμενος
1286 2002 1298 2015 ·
1331 1985 1580 2058 δεύτερον
1604 1990 1684 2043 ὅτι
1705 1991 1803 2062 τὴν

228 2062 476 2132 πονηρὰν
495 2064 592 2133 τῆς
612 2064 883 2136 ἁμαρτίας
906 2069 1168 2133 δουλείαν,
1188 2074 1307 2127 ἀντὶ
1334 2075 1434 2145 τῆς
1459 2078 1802 2145 αὑτεξουσίου

228 2152 543 2226 ἐλευθερίας
597 2156 861 2224 ἠλλάξατο
884 2200 897 2222 ,
935 2163 1027 2213 καὶ
1061 2165 1393 2235 προετίμησε
1440 2168 1532 2220 τοῦ
1568 2174 1803 2224 συνεῖναι

226 2244 390 2316 Θεῷ,
440 2247 502 2299 τὸ
552 2250 929 2318 τυραννεῖσθαι
975 2255 1125 2323 παρὰ
1178 2255 1278 2324 τῆς
1338 2260 1805 2334 καταφθειρούσης

227 2336 531 2406 δυνάμεως.
581 2339 739 2392 Ἀλλά
772 2343 863 2393 καὶ
890 2343 948 2395 τὸ
993 2344 1066 2414 μὴ
1100 2346 1233 2415 πρὸς
1262 2347 1321 2399 τὸ
1354 2349 1546 2411 κάλλος
1572 2352 1665 2403 τοῦ
1706 2370 1804 2406 πε-

227 2428 524 2496 ποιηκότος
553 2415 768 2499 βλέπειν
796 2472 809 2494 ,
844 2434 977 2503 πρὸς
1007 2435 1063 2487 δὲ
1098 2436 1157 2488 τὸ
1189 2433 1375 2506 αἶσχος
1406 2442 1505 2511 τῆς
1535 2443 1804 2514 ἁμαρτίας

226 2518 552 2590 ἐπιστρέψαι
582 2521 643 2573 τὸ
666 2523 952 2591 πρόσωπον
977 2565 991 2587 ,
1034 2527 1176 2590 τίνος
1200 2527 1265 2581 ἂν
1295 2530 1544 2601 δεύτερον
1573 2534 1677 2586 τῶν
1709 2552 1806 2589 κα-

229 2608 343 2663 κῶν
372 2610 627 2681 κριθείη;
666 2612 736 2664 Ἥ
777 2630 832 2665 τε
857 2616 962 2666 τῶν
1004 2616 1163 2670 θείων
1229 2620 1449 2687 ἀγαθῶν
1511 2624 1802 2695 ὑπεροψία,

227 2701 321 2753 καὶ
353 2699 464 2752 τῶν
493 2701 585 2753 τοῦ
632 2704 868 2773 πονηροῦ
910 2705 1289 2776 δελεασμάτων
1330 2712 1659 2784 προτίμησις
1679 2754 1694 2778 ,
1727 2718 1806 2779 εἰς

228 2791 384 2843 ποῖον
421 2789 587 2859 μέρος
629 2792 896 2861 τιμωρίας
924 2795 1186 2867 ταχθείη;
1223 2800 1291 2852 Ὅ
1340 2819 1398 2854 τε
1452 2803 1553 2872 τῆς
1600 2789 1805 2869 εἰκόνος

228 2877 539 2947 ἁψανισμὸς
563 2923 577 2943 ,
607 2880 699 2933 καὶ
725 2884 757 2951 ἠ
788 2882 930 2953 λύμη
954 2885 1064 2965 ,τοῦ
1100 2887 1243 2942 θείου
1290 2895 1634 2965 χαρακτῆρος
1658 2936 1673 2962 ,
1710 2896 1804 2949 τοῦ

229 2967 383 3037 παρᾶ
412 2968 510 3038 τὴν
539 2969 759 3041 πρώτην
798 2964 972 3026 κτίσιν
1009 2977 1066 3029 ἐν
1097 2979 1226 3047 ἡμῖν
1256 2964 1672 3051 μορφωθέντος-,
1709 2987 1804 3040 καὶ

1903 1804 2153 1866 descivit,
2179 1819 2207 1856 a
2241 1820 2349 1874 quo
2380 1806 2555 1858 factus
2584 1815 2701 1858 erat
2721 1816 2773 1858 et
2802 1807 2869 1859 ad
2904 1807 3272 1864 adversarium
3304 1819 3478 1869 trans.

1906 1896 1986 1954 iit,
2028 1894 2289 1947 naturalis
2335 1892 2541 1947 domini
2587 1893 2847 1963 fugitivus
2888 1904 2941 1949 et
2975 1896 3221 1953 desertor
3258 1899 3475 1959 factus:

1907 1986 2104 2040 deinde
2135 1987 2277 2056 quod
2311 1988 2617 2041 libertatem
2657 1988 2852 2056 suique
2891 1999 3213 2057 potestatem
3259 2008 3322 2048 ac
3354 2010 3476 2061 pro-

1906 2076 2077 2143 priam
2121 2077 2469 2142 voluntatem
2508 2092 2633 2129 eunt
2686 2078 2834 2153 gravi
2890 2094 2954 2132 ac
3006 2081 3170 2134 noxia
3218 2084 3477 2139 servitute

1906 2167 2111 2234 peccati
2148 2167 2532 2230 commutavit,
2584 2176 2638 2221 et
2677 2170 2778 2222 sub
2810 2173 3208 2239 corrumpentis
3240 2181 3479 2242 potesta-

1906 2259 1975 2311 tis
2022 2258 2307 2328 tyrannide
2356 2273 2517 2326 quam
2558 2274 2681 2312 cum
2738 2257 2845 2313 Deo
2907 2276 3030 2315 esse
3072 2263 3283 2317 maluit.
3333 2262 3473 2330 Quin

1904 2348 2066 2400 etiam
2098 2346 2242 2415 quod
2274 2362 2384 2400 non
2419 2348 2650 2401 intuitus
2680 2359 2763 2402 est
2809 2348 3268 2418 pulchritudinem
3303 2353 3480 2406 facto-

1904 2437 2002 2501 ris,
2037 2436 2130 2490 sed
2172 2437 2238 2489 ad
2272 2437 2660 2505 turpitudinem
2693 2440 2901 2506 peccati
2956 2441 3147 2495 faciem
3180 2447 3469 2512 convertit,

1904 2530 1993 2581 cui
2030 2529 2176 2581 malo
2210 2528 2510 2583 secundum
2540 2528 2927 2597 judicabitur?
2978 2533 3289 2589 divinorum
3338 2537 3469 2592 item

1906 2617 2169 2670 bonorum
2218 2616 2596 2685 despicientia,
2643 2626 2698 2670 et
2747 2618 2979 2687 improbi
3032 2622 3177 2678 illius
3221 2637 3473 2679 escarum

1906 2706 2267 2776 praeferentia,
2315 2707 2369 2759 in
2422 2721 2530 2775 qua
2579 2714 2731 2777 parte
2782 2710 3033 2779 supplicii
3071 2712 3474 2771 collocabitur?

1906 2797 2160 2866 imaginis
2192 2798 2321 2852 item
2354 2797 2598 2860 abolitio,
2647 2798 2925 2869 divinique
2953 2801 3117 2870 signi,
3158 2803 3305 2872 quod
3335 2814 3472 2859 tem-

1904 2905 2035 2960 pore
2063 2891 2249 2960 prima:
2269 2890 2567 2945 creationis
2599 2889 2653 2944 in
2673 2890 2834 2946 nobis
2864 2892 3189 2962 impressmn
3217 2902 3322 2960 est,
3345 2910 3472 2951 cor-

1907 2980 2123 3049 ruptio;
2158 2979 2226 3033 ad
2261 2980 2374 3034 haec
2403 2980 2678 3035 drachma:
2709 2981 2955 3046 amissio,
2991 2990 3047 3038 et
3088 2998 3119 3038 a
3165 3000 3350 3040 mensa
3374 3002 3470 3056 pa-

227 3058 259 3126 ή
309 3058 412 3128 τῆς
440 3059 691 3130 δραχμῆς
725 3063 967 3120 ἀπώλεια
997 3106 1011 3130 ,
1047 3070 1140 3123 καὶ
1186 3073 1219 3140 ή
1255 3071 1355 3143 τῆς
1402 3075 1678 3148 τραπέζης
1708 3078 1799 3132 τοῦ

1911 3071 2013 3124 tris
2038 3086 2306 3135 recessus,
2341 3078 2395 3125 et
2429 3071 2494 3125 ad
2523 3070 2742 3125 l‘etidam
2771 3087 3059 3143 porcorum
3090 3075 3255 3130 vitam
3283 3090 3469 3132 acces-

225 3149 434 3220 πατρὸς
478 3151 858 3223 ἀναχώρησις,
909 3159 1003 3212 καὶ
1053 3161 1087 3228 ή
1133 3160 1269 3230 πρὸς
1309 3162 1400 3217 τὸν
1439 3165 1647 3239 δυσώδη
1692 3169 1801 3223 τῶν

223 3241 427 3312 χοίρων
465 3241 582 3312 βίον
630 3246 932 3310 οἰκείωσις,
966 3249 1057 3301 καὶ
1105 3251 1138 3321 ὴ
1194 3251 1289 3307 τοῦ
1337 3255 1518 3324 τιμίου
1569 3257 1798 3311 πλούτου

221 3328 520 3401 διαφθορὰ,
553 3333 645 3385 καὶ
684 3334 782 3386 ὅσα
811 3336 1032 3390 τοιαῦτα
1075 3337 1164 3392 διά
1204 3357 1263 3393 τε
1312 3346 1409 3414 τῆς
1439 3345 1660 3417 Γραιρῆς
1709 3350 1801 3402 καὶ

220 3420 331 3477 τῶν
357 3422 634 3493 λογισμῶν
675 3425 799 3479 ἰδεῖν
838 3424 950 3481 ἐστι
982 3430 1442 3503 πλημμελήματα,
1479 3437 1563 3499 τίς
1607 3438 1672 3492 ἂν
1708 3439 1797 3506 ἐξ-

220 3511 592 3583 ἀριθμήσαι-ιο
638 3514 788 3584 λόγος
817 3534 832 3582 ;
876 3520 1088 3592 Ἐπειδὴ
1105 3522 1279 3577 τοίνυν
1306 3527 1362 3577 ἐν
1384 3526 1639 3591 τοιούτοις
1662 3530 1797 3583 ὑπό-

219 3600 370 3659 δικόν
395 3604 510 3656 ἐστι
542 3604 677 3674 πρὸς
703 3609 969 3677 τιμωρίας
994 3610 1201 3665 ἔκτισιν
1235 3613 1296 3667 τὸ
1343 3615 1681 3687 ἀνθρώπινον
1719 3619 1798 3690 τῷ

219 3691 363 3762 θεῷ,
390 3692 480 3746 διὰ
506 3693 665 3748 τοῦτό
692 3714 781 3766 μοι
802 3697 947 3751 δοκεῖ
971 3701 1244 3756 παιδεύειν
1270 3706 1414 3774 ἡμᾶς
1448 3710 1513 3778 τῇ
1544 3693 1797 3763 διδασκα-

218 3779 313 3853 λία
331 3783 431 3851 τῆς
459 3787 765 3857 προσευχῆς
788 3789 816 3840 ὁ
855 3786 1028 3858 λόγος,
1063 3794 1324 3865 μηδαμῶς
1347 3798 1404 3849 ὲν
1424 3800 1489 3869 τῇ
1515 3801 1647 3870 πρὸς
1666 3801 1796 3855 Θεὸν

217 3873 461 3939 ἐντεύξει
482 3916 498 3939 ,
528 3876 603 3941 ὡς
626 3879 718 3931 ἐπὶ
766 3880 989 3953 καθαρῷ
1016 3884 1094 3955 τῷ
1137 3888 1395 3941 συνειδότι
1426 3893 1796 3962 παρρησιάζε-

220 3965 370 4025 σθαι,
404 3967 509 4020 κᾶν
546 3969 629 4021 ὅτι
684 3970 916 4040 μάλιστα
960 3974 1068 4029 τῶν
1098 3976 1450 4049 ἀνθρωπίνων
1480 3982 1796 4056 πλημμελη-

126 4098 129 4101 ι
221 4058 412 4125 μάτων
440 4062 844 4131 κεχωρισμένος
877 4080 958 4126 τις
1088 4068 1245 4131 ’Ίσως
1272 4071 1379 4140 γάρ
1412 4089 1497 4136 τις
1536 4076 1676 4129 κατὰ
1704 4076 1793 4129 τὸν

216 4147 439 4200 νεανίαν
483 4150 689 4203 ἐκεῖνον
734 4151 826 4204 τὸν
874 4155 1253 4228 πολυκτήμονα
1287 4163 1405 4225 ταῖς
1431 4164 1668 4229 ἐντολαῖς
1694 4168 1793 4238 τὴν

217 4236 365 4308 ζωὴν
418 4240 611 4293 ἑαυτοῦ
662 4243 1117 4316 παιδαγωγήσας,
1162 4249 1272 4320 ἔχει
1332 4252 1392 4305 τὸ
1420 4254 1661 4310 τοιοῦτον
1699 4236 1791 4312 ἐπὶ

215 4327 311 4380 τοῦ
336 4329 468 4382 ίδίου
499 4333 874 4417 καυχήσασθαι
917 4335 1051 4405 βίου,
1085 4339 1177 4391 καὶ
1205 4342 1380 4395 εἰπεῖν
1399 4343 1476 4415 τῷ
1506 4345 1643 4417 Θεῷ,
1703 4346 1785 4400 ὅτι

223 4416 414 4472 Ίὶιῦτα
432 4415 631 4473 πάντα
669 4422 1061 4494 ἐφυλαξάμην
1097 4429 1166 4481 ἐκ
1209 4433 1488 4500 νεότητός
1518 4415 1673 4504 μού,
1698 4440 1791 4492 κα)⁸

216 4505 574 4575 ὑπηλειφὲναι
626 4509 807 4580 αὐτῷ,
860 4512 945 4566 διὰ
986 4514 1046 4568 τὸ
1102 4516 1265 4587 μηδὲν
1307 4522 1387 4582 εἰς
1430 4521 1529 4585 τὰς
1573 4524 1790 4591 ἐντολὰς

216 4596 631 4668 πλημμελῆσαι,
659 4602 733 4671 μὴ
754 4601 873 4655 λίαν
896 4605 1156 4675 ἁρμόζειν
1192 4608 1289 4679 τὴν
1317 4610 1457 4682 ὑπὲρ
1485 4613 1592 4666 τῶν
1619 4614 1787 4687 ὀφλη-

219 4687 406 4757 μάτων
428 4689 778 4762 παραίτησιν,
797 4692 872 4754 ὡς
896 4694 1076 4765 μόνοις
1100 4700 1211 4761 τοῖς
1239 4699 1674 4774 ἐξημαρτηκόσιν
1698 4709 1788 4779 ἁρ-

219 4776 511 4845 μόζουσαν.
539 4779 649 4832 Καί
678 4798 810 4852 φησι
842 4783 920 4852 τῷ
950 4784 1260 4855 μολυνθέντι
1289 4789 1375 4843 διά
1406 4794 1657 4863 πορνείας
1690 4776 1787 4868 την

214 4865 471 4937 τοιαύτην
501 4868 730 4937 πρέπειν
756 4872 935 4943 φωνὴν
960 4913 973 4935 ,
1007 4874 1039 4945 ἧ
1070 4876 1147 4948 τῷ
1175 4877 1262 4932 διὰ
1300 4865 1789 4951 πλεονεξίαςοείδω-

213 4954 643 5029 λολατρησαντι,
693 4962 992 5031 ἀναγκαίαν
1032 4965 1129 5037 τὴν
1162 4970 1376 5042 αἴτησιν
1408 4976 1506 5045 τῆς
1546 4980 1789 5047 συγγνώ-

218 5070 328 5139 μης
348 5047 510 5118 εἶναι,
542 5058 636 5110 καὶ
676 5059 836 5111 παντὶ
864 5058 999 5123 ὅλως
1024 5060 1101 5130 τῷ
1133 5062 1221 5116 διά
1244 5081 1386 5128 τινος
1415 5068 1789 5139 πλημμελείας

213 5137 279 5195 τὸ
304 5147 538 5211 συνειδὸς
556 5148 655 5218 τῆς
677 5148 856 5219 ψυχῆς
879 5152 1280 5217 καταστίξαντι,
1304 5156 1465 5210 καλὸν
1613 5162 1786 5232 ἁρμό-

213 5232 328 5286 διον
364 5231 503 5290 εἶναι
544 5238 605 5290 τὸ
653 5243 984 5305 καταφυγεῖν
1026 5243 1158 5312 πρὸς
1196 5243 1360 5299 ἔλεον.
1406 5248 1468 5299 Ei
1510 5249 1563 5302 δὲ
1608 5231 1788 5316 Ἠλίας

213 5319 422 5387 ἐκεῖνος
463 5325 492 5377 ὁ
528 5326 693 5388 πολὺς
735 5326 857 5397 εἴη,
889 5327 920 5399 ἢ
960 5331 988 5382 ὁ
1028 5330 1085 5382 ὲν
1130 5332 1395 5403 πνεύματι
1440 5338 1531 5391 καὶ
1563 5338 1790 5411 δυνάμει

229 5413 410 5468 Ἡλίου
442 5418 471 5470 ὁ
519 5416 619 5487 μὲν
665 5418 723 5469 ὲν
767 5422 1044 5489 γεννητοῖς
1077 5425 1442 5499 γυναικῶν,ἣ
1484 5430 1717 5502 Πέτρος,
1753 5435 1784 5506 ἢ

214 5503 427 5569 Παῦλος
445 5548 459 5571 ,
490 5507 524 5577 ἢ
553 5508 831 5579 Ἰωάννης,
865 5510 897 5581 ἦ
925 5528 1006 5575 τις
1041 5513 1197 5578 ἀλλος
1222 5516 1329 5572 τῶν
1362 5520 1494 5591 πρὸς
1518 5523 1577 5577 τὸ
1610 5503 1790 5597 κρεῖτέ

292 5678 334 5707 ⁷⁸
373 5677 502 5733 Luc.
546 5696 711 5745 xvtn,
743 5681 834 5738 ‘21.

728 5826 743 5852 \

1904 3176 2020 3223 sus,
2049 3168 2104 3215 et
2127 3161 2557 3230 expetendarum
2576 3162 2891 3218 divitiarum
2924 3166 3300 3236 corruptio,et
3329 3183 3472 3236 qna:-

1901 3267 2115 3322 cunque
2148 3254 2281 3307 talia
2313 3253 2670 3317 delicta,tum
2702 3271 2798 3325 per
2832 3254 3195 3327 Scripturam,
3226 3267 3337 3311 tum
3372 3274 3468 3327 per

1901 3343 2266 3410 cogitationes
2327 3357 2553 3398 cernere
2621 3344 2767 3407 licet,
2816 3360 3066 3414 quaenam
3139 3360 3464 3423 enumerare

1899 3433 2076 3486 oratio
2106 3433 2323 3502 possit?
2368 3432 2639 3498 Quoniam
2696 3435 2859 3504 igitur
2896 3436 2967 3491 ob
2999 3443 3080 3491 tot
3114 3444 3169 3492 et
3199 3439 3326 3492 talia
3365 3425 3462 3493 de-

1900 3522 2025 3576 licta
2057 3522 2277 3575 nomine
2326 3537 2498 3590 pmnaa
2555 3524 2853 3592 pendenda:
2900 3525 3008 3581 Deo
3041 3528 3336 3583 obnoxium
3384 3541 3469 3586 est

1897 3627 2069 3681 genus
2109 3612 2431 3677 humanum,
2467 3611 2674 3666 idcirco
2729 3614 2862 3667 mihi
2910 3631 3090 3670 sermo
3120 3633 3218 3686 per
3261 3619 3458 3675 dot-tri-

1851 3719 1861 3729 ν
1898 3719 2022 3756 nam
2056 3702 2321 3757 orationis
2357 3717 2458 3758 nos
2513 3705 2734 3760 erudire
2777 3715 2941 3777 atque
2980 3709 3272 3763 instituere
3320 3710 3464 3763 \ide-

1898 3803 2005 3857 tur,
2055 3801 2111 3847 ut
2155 3808 2500 3864 nequaquam
2554 3795 2682 3850 dum
2739 3812 2863 3850 cum
2913 3796 3020 3852 Deo
3072 3798 3460 3868 colloquimur,

1895 3884 2049 3955 quasi
2082 3899 2215 3954 pura
2248 3886 2582 3956 conscientia
2627 3887 2833 3956 prtediti
2864 3887 3198 3943 conﬁdenter
3226 3896 3280 3943 et
3302 3904 3461 3942 arro-

1896 3986 2085 4045 ganter
2135 3977 2442 4045 loquamur,
2488 3978 2704 4032 etiamsi
2758 3993 2919 4048 quam
2946 3968 3196 4034 maxime
3229 3978 3351 4048 quis
3394 3980 3464 4033 ab

1896 4070 2148 4125 humanis
2205 4069 2418 4124 delictis
2482 4069 2672 4138 procul
2721 4070 2885 4123 absit.
2932 4068 3183 4124 Forsitan
3221 4071 3364 4125 enim
3416 4074 3461 4128 si

1892 4160 2036 4228 quis,
2100 4159 2242 4213 sicut
2280 4159 2597 4214 adolescens
2645 4160 2734 4214 ille
2788 4161 3116 4230 locuples",
3175 4165 3463 4233 praeceptis

1874 4250 2056 4304 'vitam
2081 4232 2236 4305 suam
2267 4250 2579 4306 moderatus
2610 4251 2714 4310 sit.
2748 4251 2952 4320 aliquid
2985 4253 3089 4306 tale
3116 4254 3184 4307 de
3223 4255 3327 4307 vita
3361 4271 3459 4310 sua

1826 4388 1866 4444 ὓ
1894 4341 2137 4412 gloriari,
2173 4349 2250 4404 et,
2278 4340 2405 4394 ﬂa'c
2436 4342 2616 4395 omnia
2644 4346 2845 4396 servavi
2877 4360 2908 4395 a
2930 4343 3200 4411 jureulute
3235 4362 3369 4408 ntea,
3393 4348 3458 4399 ad

1898 4434 2066 4488 Deum
2105 4434 2283 4488 dicere
2308 4442 2506 4503 potest,
2529 4443 2583 4487 et
2615 4449 2934 4502 persuasum
2959 4434 3178 4499 habere,
3200 4436 3458 4504 quoniam

1895 4527 2032 4581 nihil
2069 4526 2120 4579 in
2178 4534 2443 4594 praecepta
2492 4524 2803 4594 deliquerit,
2859 4525 2961 4580 sibi
3006 4541 3111 4579 non
3164 4526 3455 4584 admodum

1894 4618 2183 4671 convenire
2244 4616 2550 4671 debitorum
2602 4595 2822 4672 nomine
2875 4617 3339 4686 deprecationem,
3402 4629 3460 4675 ut

1892 4725 2012 4780 quie
2041 4709 2173 4765 solis
2212 4710 2279 4763 iis
2315 4708 2406 4778 qui
2443 4708 2789 4780 peccaverint
2830 4719 3126 4781 congruat;
3156 4719 3210 4766 et
3233 4713 3309 4767 ait
3333 4729 3458 4769 eum

1890 4804 1981 4873 qui
2015 4819 2112 4872 per
2145 4806 2532 4859 scortationcm
2581 4802 2898 4871 inquinatus
2937 4805 3030 4868 sit,
3054 4804 3325 4874 ejusmodi
3365 4822 3460 4862 voc

1887 4910 2003 4949 cem
2040 4896 2267 4959 decere;
2320 4895 2404 4948 vel
2454 4895 2502 4949 ei
2558 4894 2649 4964 qui
2697 4911 2793 4965 per
2829 4895 3114 4950 avaritiam
3167 4898 3485 4959 simulacra,

1889 4985 2138 5046 coluerit,
2159 4985 2524 5039 necessariam
2551 5000 2674 5040 esse
2706 4984 2875 5040 venia:
2893 4985 3231 5054 petitionem,
3252 4995 3305 5041 et
3334 4988 3456 5042 cui-

1885 5075 1988 5136 vis,
2018 5075 2069 5127 in
2101 5076 2445 5143 summa,qni
2469 5089 2564 5143 per
2584 5075 2800 5144 aliquod
2823 5075 3080 5131 delictum
3106 5077 3298 5132 auium
3322 5094 3453 5133 cen-

1892 5164 2173 5218 scientiam
2214 5166 2715 5230 commaculaverit,
2764 5168 2965 5221 bonum
3014 5177 3067 5222 et
3110 5172 3450 5224 cutntnodmn

1890 5272 2020 5311 esse
2066 5256 2132 5309 ad
2178 5256 2607 5310 misericordiam
2656 5258 2948 5328 confugere
2985 5277 2998 5323 ;
3030 5261 3175 5328 quod
3226 5263 3270 5316 si
3308 5261 3453 5316 Elius

1893 5347 2202 5417 prmi-latus
2254 5344 2437 5409 fuerit,
2479 5355 2572 5399 aut
2628 5347 2680 5399 in
2729 5338 2925 5413 spiritu
2983 5356 3036 5399 et
3088 5353 3284 5402 virtut:
3325 5348 3450 5403 Elia:

1893 5448 2123 5504 magnus
2174 5433 2262 5488 ille
2302 5433 2443 5487 inter
2476 5435 2615 5488 lilios
2648 5434 2958 5499 mulierum,
2981 5443 3074 5487 aut
3119 5436 3328 5497 Petrus,
3358 5444 3449 5488 aut

1892 5524 2123 5591 Paulus,
2183 5534 2276 5580 aut
2305 5524 2572 5590 Joannes,
2615 5533 2707 5579 aut
2752 5526 2946 5596 aliquis
2992 5528 3132 5583 alius
3179 5545 3240 5584 ex
3280 5531 3346 5582 iis
3384 5529 3455 5586 de
