3996 6196
614 255 751 312 H31

612 383 734 438 quae
758 366 1069 437 singulatim
1096 379 1367 436 exponere
1410 366 1629 436 longum
1664 370 1827 423 tuerit
1860 389 1872 424 :
1910 370 2071 425 simul
2123 384 2189 423 ne

612 463 775 517 nibus
804 472 1143 531 quaecunque
1177 469 1353 515 tactus
1382 462 1611 515 crimina
1646 474 1794 516 sunt.

682 553 850 608 Porro
892 552 1287 606 multitudinem
1331 563 1675 622 peccatorum
1716 571 1835 625 qua:
1872 554 2054 608 animo
2093 569 2182 624 pa-

609 642 746 697 riter
773 658 837 696 ac
887 642 1160 697 destinata
1224 642 1505 697 voluntate
1542 645 1978 707 committuntur,
2038 659 2187 713 quze-

616 751 740 788 nam
769 736 941 788 oratio
972 750 1296 789 enumerare
1328 736 1542 804 possit?
1571 736 1645 789 Ex
1692 737 2068 802 interioribus,
2102 737 2186 789 in-

610 829 748 893 quit,
793 826 1213 894 proﬁciscuntur
1264 827 1523 897 improbae
1565 829 1965 898 cogitationes:
2022 836 2185 897 atque

605 916 796 983 adjecit
874 933 1064 971 earum
1126 920 1514 987 cogitationum
1572 921 1774 989 quibus
1834 920 2184 989 inquinamur

610 1009 1101 1061 enumerationem.
1134 1008 1191 1063 Si
1228 1011 1392 1079 igitur
1427 1011 1495 1065 ab
1524 1013 1780 1083 omnibus
1833 1011 1966 1064 adeo
2014 1009 2183 1079 parti-

606 1098 707 1151 bus
740 1106 1088 1166 peccatorum
1132 1100 1269 1153 retia
1323 1099 1483 1154 nobis
1541 1100 1873 1154 circumfusa
1903 1108 2053 1162 sunt,
2086 1116 2182 1168 per

602 1190 787 1243 omnia
818 1206 1076 1244 sensuum
1109 1190 1497 1255 instrumenta,
1530 1207 1623 1261 per
1651 1191 1878 1245 intimos
1909 1201 1963 1245 et
1997 1192 2180 1245 occul-

602 1287 708 1341 tos,
742 1296 805 1332 ac
834 1280 989 1350 quasi
1024 1279 1078 1332 in
1114 1281 1277 1334 corde
1313 1281 1542 1336 latentes
1574 1282 1738 1334 animi
1796 1289 1997 1345 motus,
2056 1282 2179 1350 quis

600 1370 945 1439 gloriabitur,
977 1382 1031 1426 ut
1066 1372 1245 1441 inquit
1281 1374 1582 1443 Sapientia.
1614 1389 1673 1428 se
1725 1389 1919 1442 purum
1979 1373 2179 1427 habere

598 1477 694 1515 cor
722 1462 766 1493 "
790 1462 813 1515 ?
840 1463 964 1530 quis
1013 1477 1042 1514 a
1073 1462 1331 1517 sordibus
1366 1473 1702 1534 expurgatus
1748 1465 1878 1519 est?
1909 1464 2177 1533 quemad-

600 1552 818 1605 modum
845 1551 948 1606 Job
973 1562 1207 1608 testatur
1228 1555 1314 1607 “z
1352 1554 1555 1609 Sordes
1599 1565 1730 1609 sunt
1774 1555 1970 1608 anima:
2028 1554 2177 1624 ραι-ἰα-

601 1641 726 1696 latis
764 1642 1031 1710 voluptas,
1086 1658 1206 1712 quae
1245 1644 1599 1697 multifariam
1658 1645 1952 1714 multisque
2000 1645 2175 1700 modis

600 1732 851 1785 bnmanze
882 1733 1006 1785 vitae
1041 1734 1450 1796 commiscetur,
1489 1749 1583 1802 per
1607 1734 1850 1787 animum
1881 1734 2082 1802 pariter
2111 1749 2175 1788 ac

598 1834 818 1888 corpus,
845 1836 939 1888 per
966 1821 1344 1889 cogitationes,
1381 1837 1475 1891 per
1509 1837 1726 1885 sensus,
1763 1838 1856 1891 per
1897 1830 2075 1878 motus
2108 1838 2170 1878 ex

599 1910 880 1979 proposito
927 1911 1282 1978 procedentes
1312 1952 1326 1973 ,
1381 1928 1475 1981 per
1529 1912 1776 1981 corporis
1829 1913 2172 1982 operationrs

594 2009 650 2054 et
681 2000 928 2055 eﬂ‘ectus.
960 2000 1096 2065 Quis
1126 2016 1255 2069 ergo
1304 2017 1494 2070 puram
1549 2003 1617 2054 ab
1672 2002 1773 2055 bac
1813 2003 2022 2055 macula
2058 2004 2174 2056 ani-

594 2107 737 2145 mam
774 2092 975 2146 habet?
1001 2092 1094 2160 qui
1161 2091 1277 2146 fieri
1314 2092 1514 2161 potuit,
1581 2102 1639 2145 ut
1694 2092 1837 2146 fastu
1880 2109 2173 2161 percussus

595 2199 703 2239 non
735 2184 854 2238 sit?
879 2184 972 2253 qui
1003 2184 1183 2253 potuit
1218 2200 1324 2236 non
1363 2200 1486 2238 esse
1529 2184 1798 2253 superbia:
1829 2184 1962 2253 pede
1992 2186 2171 2239 calca-

595 2274 723 2330 tus?
751 2290 912 2343 quem
947 2288 1142 2328 manus
1178 2274 1453 2344 peccatrix
1488 2290 1596 2328 non
1639 2274 1973 2329 commovit?
2013 2275 2171 2344 cujus

594 2381 687 2433 pes
718 2364 784 2417 ad
834 2366 1133 2435 nequitiam
1162 2373 1216 2420 et
1246 2367 1508 2419 malitiam
1547 2383 1655 2421 non
1678 2369 1965 2422 cucurrit?
2010 2385 2169 2437 quem

590 2458 791 2512 oculus
848 2457 1209 2512 immodestus
1285 2472 1394 2511 non
1465 2457 1772 2527 inquinavit
1833 2450 1897 2511 et‘
1948 2459 2169 2515 auditus

590 2547 826 2603 stolidus
844 2554 898 2602 et
931 2548 1218 2617 imperitus
1252 2562 1358 2601 non
1383 2549 1799 2610 contaminavit,
1827 2558 1880 2603 et
1916 2561 2167 2617 gustatus

590 2639 658 2694 nd
721 2654 843 2694 sese
895 2656 1002 2692 non
1068 2640 1365 2701 convertit,
1426 2649 1480 2694 et
1533 2639 1860 2708 occupatum
1895 2639 2171 2696 detinuit?

588 2731 750 2799 cujus
783 2745 880 2784 cor
908 2729 976 2783 ad
1010 2746 1181 2785 vanos
1225 2738 1407 2785 motus
1458 2730 1590 2784 rude
1648 2739 1701 2784 et
1754 2732 2165 2786 inexercitatum

590 2820 829 2874 mansit?
861 2818 1129 2884 Quoniam
1166 2820 1331 2888 igitur
1363 2819 1478 2872 baac
1509 2819 1657 2872 circa
1692 2836 1791 2874 nos
1822 2828 1951 2875 sunt
1983 2821 2166 2890 pejora

586 2910 808 2979 quidem
837 2917 1002 2976 atque
1040 2910 1313 2963 atrociora
1352 2910 1419 2963 iis
1457 2910 1548 2978 qui
1587 2910 1641 2963 in
1684 2910 1962 2964 bestialem
1997 2911 2167 2981 magis

590 3009 841 3054 naturam
879 3003 1231 3071 degenerant,
1264 2999 1648 3070 [moderatiore
1678 3009 1855 3053 autent
1891 3011 2053 3071 atque
2086 3010 2168 3053 to-

588 3094 898 3148 lerabiliora
929 3091 1359 3163 attentioribus,]
1397 3094 1608 3160 penitus
1649 3102 1827 3146 autem
1864 3102 1915 3148 et
1942 3112 2166 3163 prorsus

585 3190 863 3248 omnibus,
892 3189 1094 3256 quibus
1141 3187 1448 3240 communis
1479 3195 1561 3241 est
1598 3195 1814 3249 initura,
1852 3189 2161 3241 communia

584 3292 806 3347 quoque
832 3279 1027 3331 delicta
1069 3285 1277 3331 natura
1329 3286 1493 3332 sunt:
1542 3277 1747 3331 idcirco
1788 3277 1894 3331 Deo
1925 3294 2018 3347 per
2045 3295 2162 3332 ora-

584 3371 792 3423 tionem
821 3370 1217 3438 snpplirantes,
1261 3380 1319 3423 ut
1376 3370 1718 3423 dimittantur
1769 3369 1925 3422 nobis
1979 3369 2158 3423 debita

582 3475 824 3515 oramus.
851 3460 955 3515 Sed
991 3460 1143 3515 irrita
1175 3470 1338 3530 atque
1364 3461 1605 3514 inenicax
1630 3469 1713 3514 est
1737 3459 2005 3529 ejusmodi
2034 3477 2155 3523 vox,

580 3562 635 3608 et
664 3553 733 3607 ad
770 3568 935 3608 aures
971 3553 1186 3607 divinas
1222 3569 1328 3607 non
1362 3555 1596 3623 pertinet
1625 3569 1687 3607 ac
1731 3563 1996 3623 penetral,
2054 3555 2156 3609 nisi

581 3645 925 3701 conscientia
964 3661 1073 3699 una
1118 3646 1403 3700 nobiscum
1454 3646 1673 3707 clamet,
1729 3643 1872 3714 quod
1926 3655 2154 3709 rectum,

584 3740 813 3809 bonum,
861 3749 917 3792 et
949 3738 1208 3792 decorum
1250 3737 1321 3791 sit
1372 3736 1803 3791 misericordiam
1864 3736 2153 3804 impertiri.

576 3827 714 3882 Nam
755 3829 849 3897 qui
881 3828 1092 3896 judicat
1145 3826 1534 3880 [inmanitatem
1569 3826 1735 3881 Deum
1787 3826 1980 3881 decere
2010 3826 2155 3894 (nisi

575 3920 723 3975 enim
759 3920 952 3974 decere
985 3925 1219 3988 putaret,
1246 3933 1377 3971 'rem
1436 3918 1745 3971 indecoram
1791 3926 1844 3973 et
1879 3934 1989 3971 non
2024 3933 2157 3973 con-

580 4012 885 4064 venientem
917 4009 1136 4078 aggredi
1155 4026 1277 4063 eum
1302 4018 1460 4078 atque
1487 4011 1767 4079 suscipere
1810 4024 1917 4064 non
1935 4011 2155 4081 oraret),

575 4111 700 4150 eum
752 4111 966 4163 aequum
1000 4088 1163 4151 fuerit
1218 4099 1334 4153 suis
1381 4098 1539 4151 factis
1586 4098 1858 4167 judicium
1912 4100 1980 4155 de
2009 4100 2153 4155 bono

575 4194 740 4255 atque
780 4185 982 4240 decoro
1023 4186 1266 4241 stabilire
1296 4195 1457 4256 atque
1476 4184 1822 4248 confirmare,
1858 4202 1928 4240 ne
1958 4187 2152 4256 ajusto

567 4278 753 4346 judice
781 4276 1050 4346 ejusmodi
1071 4276 1200 4345 quid
1228 4277 1413 4331 audiat
1440 4294 1453 4329 :
1490 4275 1713 4338 Medice,
1747 4292 1876 4329 cura
1904 4277 2148 4345 teipsum,

575 4386 663 4425 me
696 4371 761 4425 ad
801 4369 1198 4425 humanitatem
1242 4369 1499 4433 hortaris,
1536 4385 1699 4439 quam
1758 4378 1815 4423 tu
1884 4366 2150 4439 proximis

575 4478 682 4516 non
718 4462 1054 4532 impertiris:
1096 4462 1477 4517 remissionem
1515 4462 1821 4516 debitorum
1856 4461 2016 4530 petis.
2053 4460 2146 4528 qui

1836 260 1895 316 ὃ.
1929 256 2255 316 GBEGORII
2281 258 2576 315 NYSSENI

2190 3246 2231 3300 C

3651 280 3758 336 ιιιιι

2229 370 2484 421 dcrm'nm
2519 370 2608 438 qui
2637 370 2734 424 Tcm
2795 378 2879 424 cst
2917 363 3222 421 immiscere
3255 373 3552 441 gravioribus
3610 401 3771 443 sermo-

2215 558 2257 613 Δ
2358 551 2479 643 Τῶν
2513 551 2573 643 δὲ
2611 551 2751 643 aut?
2785 550 2883 621 τὴν
2903 547 3104 643 Δψυχήν
3126 565 3191 643 τε
3218 554 3315 643 καὶ
3338 560 3610 631 προαίρεσιν
3631 569 3764 643 πλημ-

2292 639 2634 710 μελουμένων
2668 639 2761 692 τὸν
2792 640 2980 709 ἐσμὸν,
3006 636 3095 702 τίς
3123 637 3187 690 ἂν
3213 640 3590 715 ἐξαριθμήσαιτο
3618 636 3761 725 λόγέξς

2292 730 2557 798 Ἔσωθεν,
2588 731 2774 800 φησιν,
2802 732 3192 802 ἐκπορεύονται
3227 731 3527 806 διαλογισμοὶ
3555 708 3761 815 ’πονηροίΣ

2286 822 2378 874 καὶ
2405 822 2710 892 προσέθηκε
2732 821 2838 874 τῶν
2865 822 3218 891 ἐνθυμήσεων
3243 823 3342 874 τῶν
3367 829 3641 885 κοινούντων
3658 838 3762 905 ἡμᾶς

2284 912 2374 964 τὸν
2402 912 2721 980 κατάλογον.
2756 914 2818 965 El
2852 914 3032 967 τοίνυν
3062 913 3203 967 οὕτω
3249 919 3552 986 πανταχόθεν
3586 925 3691 993 ἡμῖν
3716 931 3765 983 τὰ

2282 1003 2389 1056 τῶν
2415 1004 2704 1073 ἁμαρτιῶν
2737 1005 2929 1057 δίκτυα
2971 1006 3321 1075 περικέχυται
3345 1047 3358 1071 ,
3390 1007 3468 1060 διὰ
3493 1011 3672 1068 πάντων
3687 1019 3763 1071 τῶν

2283 1094 2670 1166 αἰσθητηρίων,
2703 1094 2791 1148 διὰ
2816 1096 2924 1148 τῶν
2952 1097 3254 1180 ἐγκαρδίων
3283 1099 3378 1168 τῆς
3406 1099 3567 1171 ψυχῆς
3591 1108 3768 1177 κινημά-

2282 1203 2388 1238 των
2414 1204 2426 1215 ·
2456 1185 2538 1248 τίς
2565 1187 2928 1255 καυχήσεται,
2971 1187 3151 1251 καθὼς
3179 1190 3210 1259 ή
3252 1188 3412 1257 Σοφία
3447 1194 3616 1262 φησὶν,
3640 1198 3765 1268 ἁγνὴν

2281 1275 2424 1345 ἔχειν
2454 1277 2718 1347 καρδίαν;
2754 1280 2850 1342 Τίς
2878 1280 3268 1350 κεκαθάρισται
3308 1283 3414 1335 ἀπὸ
3445 1283 3631 1353 ῥύπους
3669 1292 3770 1353 ὡςὰ

2292 1365 2412 1417 ’1ὼό
2434 1366 2494 1418 τὸ
2521 1366 2759 1421 τοιοῦτον
2791 1371 3148 1440 μαρτύρεται.
3207 1371 3395 1436 Ῥύπος
3423 1375 3528 1427 ἐστὶ
3558 1378 3638 1446 τῆς
3666 1382 3767 1436 κατὰ

2278 1453 2456 1525 ψυχὴν
2484 1458 2849 1528 καθαρότητος
2882 1461 2914 1530 ἡ
2943 1459 3100 1530 ἡδονὴ
3144 1462 3177 1531 ἡ
3209 1461 3511 1534 πολυμερῶς
3541 1466 3622 1518 καίι
3651 1469 3771 1521 πολυο

2278 1540 2494 1615 τρόπως
2516 1547 2593 1618 τῷ
2624 1548 2947 1620 ἀνθρωπίνῳ
2972 1553 3414 1625 καταμιγνυμένη
3455 1555 3544 1626 βίῳ
3569 1599 3581 1619 ,
3608 1557 3678 1609 διὰ
3699 1559 3771 1627 du-

2278 1635 2379 1705 χῆς
2408 1654 2466 1690 τε
2500 1638 2592 1691 καὶ
2624 1637 2989 1715 σώματοςιδΰ
3026 1642 3394 1712 ἐνθυμήσεων,
3421 1644 3482 1697 δι’
3509 1643 3770 1718 αἰσθήσεων,

2274 1724 2363 1778 διὰ
2386 1726 2491 1779 τῶν
2523 1732 2670 1781 κατὰ
2686 1729 2942 1799 πρόθεσιν
2975 1734 3324 1802 κινημάτων,
3357 1735 3441 1788 διὰ
3473 1736 3571 1789 τῶν
3594 1754 3773 1808 σωματισ

2275 1816 2388 1869 κῶν
2418 1819 2501 1870 ἐνε
2512 1820 2827 1889 ργημὰτων.
2853 1821 2951 1885 Τίς
2975 1817 3067 1875 οὖν
3089 1824 3334 1895 καθαρὰν
3366 1827 3459 1895 τῆς
3482 1825 3667 1897 κηλῖδος
3685 1827 3773 1880 uio

2209 1901 2247 1954 Β
2273 1925 2373 1977 της
2404 1910 2502 1981 τὴν
2545 1910 2721 1983 ψυχὴν
2755 1912 2902 1984 Exi-zz;
2955 1913 3080 1978 Πῶς
3130 1916 3233 1969 οὐκ
3277 1915 3482 1988 ἐπλήγη
3525 1917 3595 1986 τῷ
3634 1917 3772 1988 edaci;

2275 2001 2399 2064 Πῶς
2446 2002 2544 2055 ούκ
2573 2004 2820 2075 ἐπατήθη
2859 2004 2936 2074 τῷ
2979 2006 3098 2058 ποδὶ
3122 2008 3223 2078 τῆς
3272 2008 3620 2078 ὑπερηφανίας
3641 2048 3653 2069 ,
3683 2008 3774 2078 δνή

2275 2094 2568 2167 ἀμαρτωλὴ
2614 2097 2736 2168 χεὶρ
2769 2097 2868 2150 ούκ
2907 2098 3239 2164 ἐσάλευσενς
3274 2091 3347 2152 υύ
3380 2101 3407 2151 ὁ
3448 2098 3571 2162 ποῦς
3617 2101 3683 2162 εἰς
3712 2116 3776 2150 και

2273 2186 2397 2238 κῐαν
2427 2187 2524 2239 οὐκ
2558 2187 2786 2259 ἔδραμεν
2811 2208 2825 2255 ;
2862 2190 2956 2243 Ὃν
2987 2190 3268 2261 ὀφθαλμὸς
3316 2190 3550 2244 ἁτακτῶν
3578 2191 3661 2243 οὐκ
3690 2190 3776 2259 ἐμό-

2270 2275 2426 2330 λυνεν
2450 2319 2465 2341 ,
2496 2280 2587 2331 καὶ
2629 2280 2948 2344 ἀπαίδευτος
2977 2282 3112 2351 ἀκοὴ
3164 2282 3270 2335 ούκ
3299 2282 3597 2353 ἐρρύπωσεν
3616 2322 3629 2342 ,
3660 2282 3729 2333 καὶ
3753 2283 3775 2348 ἡ

2271 2367 2458 2435 γεῦσις
2508 2368 2641 2439 πρὸς
2688 2368 2883 2441 ἑαυτὴν
2926 2371 3025 2441 οὐκ
3061 2368 3401 2441 ήσχόλησεν,
3444 2370 3528 2423 καὶ
3572 2368 3777 2439 ήκαρδία

2276 2458 2412 2525 πρὸς
2464 2459 2695 2528 ματαίας
2738 2463 2978 2530 κινήσεις
3027 2462 3391 2532 ἀνενέργητος
3430 2448 3780 2529 ἕμεινεν,Ἐπεὶ

2274 2545 2365 2602 οὖν
2409 2549 2475 2603 τὰ
2518 2551 2644 2621 περὶ
2686 2552 2836 2620 ἡμᾶς
2889 2551 3056 2621 χείρω
3102 2551 3206 2621 μὲν
3256 2551 3351 2605 καὶ
3404 2543 3780 2620 χαλεπωδέστερσ

2269 2641 2381 2703 τοῖς
2406 2640 2883 2710 κτηνωδεστέροις·
2927 2640 3101 2709 πάντη
3131 2640 3191 2692 δὲ
3228 2640 3322 2693 καὶ
3354 2641 3558 2701 πάντως
3602 2639 3649 2689 ἐν
3684 2637 3781 2688 πᾶσι

2267 2734 2380 2794 τοῖς
2403 2732 2715 2784 κοινωνοῦσι
2739 2732 2841 2799 τῆς
2872 2730 3085 2799 φύσεώς
3107 2733 3228 2785 ἐστι
3269 2733 3363 2784 καὶ
3395 2734 3427 2801 ή
3456 2729 3678 2797 κοινωνία
3704 2725 3780 2777 τῶν

2269 2820 2751 2893 πλημμελημάτων
2780 2822 2878 2890 τῆς
2907 2821 3147 2889 φύσεως’
3184 2822 3272 2874 διὰ
3302 2822 3457 2874 τοῦτο
3482 2820 3783 2888 προσπίπτονο

2267 2929 2360 2974 τες
2394 2910 2479 2964 διὰ
2503 2910 2806 2981 προσευχῆς
2831 2910 2907 2981 τῷ
2932 2909 3049 2979 Θεῷ
3073 2911 3348 2979 ἀφεθῆναι
3378 2911 3505 2981 ἡμῖν
3528 2910 3589 2961 τὰ
3617 2905 3784 2974 destiti;

2271 3019 2415 3071 ματα
2441 3000 2883 3072 παρακαλοῦμεν.
2922 3002 3061 3053 ’Λλλ’
3087 3000 3374 3073 art-9:17.16;
3399 3004 3536 3054 ἐστιν
3564 2997 3785 3071 ἡτοιαύτη

2268 3091 2438 3162 φωνὴ,
2471 3091 2563 3144 καὶ
2602 3094 2680 3153 εἰς
2713 3090 2879 3154 ἀκοὰς
2908 3088 3057 3154 Θείας
3092 3091 3377 3159 φθάνουσα
3398 3133 3410 3151 ,
3446 3090 3515 3161 μὴ
3542 3091 3629 3156 τῆς
3656 3103 3787 3138 συνει-

2266 3182 2470 3252 δήσεως
2500 3184 2629 3253 ἡμῖν
2658 3198 2717 3232 συ
2728 3181 2999 3252 μϐοώσης,
3022 3183 3103 3235 ὅτι
3126 3184 3298 3235 καλόν
3319 3186 3459 3235 ἐστιν
3485 3183 3517 3251 ή
3538 3179 3621 3232 τοῦ
3646 3177 3783 3238 ἐλέους

2268 3273 2570 3342 μετάδοσις.
2610 3272 2668 3324 '0
2697 3272 2806 3344 γὰρ
2844 3272 2961 3343 Θεῷ
3011 3275 3248 3343 πρέπειν
3293 3274 3391 3345 τὴν
3442 3268 3785 3343 φιλανθρωπίαν

2264 3365 2494 3435 κρῖνωνο
2528 3365 2586 3417 οὐ
2641 3363 2749 3434 γὰρ
2795 3363 2859 3416 ἂν
2905 3366 2952 3416 εξ
3000 3365 3075 3435 μὴ
3131 3366 3374 3435 πρέπειν
3420 3363 3578 3435 ᾤετο,
3609 3360 3718 3431 πρὸς
3742 3350 3783 3406 τί»

2262 3454 2508 3526 ἀπρεπές
2535 3472 2593 3506 τε
2619 3456 2713 3509 καὶ
2745 3456 3083 3525 ἀνάρμοστον
3115 3455 3299 3508 ἐλθεῖν
3330 3452 3480 3523 ἠξίου
3500 3469 3513 3482 ·
3544 3452 3719 3508 δίκαιος
3740 3445 3785 3496 ἂν

2260 3548 2343 3616 εἴη
2377 3548 2486 3609 τοῖς
2516 3544 2664 3609 ἰδίοις
2692 3545 2871 3617 ἔργοις
2897 3544 2994 3615 τήν
3022 3542 3152 3616 περὶ
3202 3546 3301 3599 τοῦ
3355 3538 3515 3598 καλοῦ
3546 3537 3785 3610 βεϐαιῶσαι

2261 3638 2442 3708 κρίσιν
2466 3680 2482 3704 ,
2517 3638 2592 3702 ὡς
2631 3634 2696 3691 ἂν
2735 3636 2807 3708 μὴ
2844 3632 2906 3689 τὸ
2929 3632 3174 3689 τοιοῦτον
3220 3637 3506 3691 ἀκούσειεν
3549 3630 3681 3700 παρὰ
3718 3620 3786 3678 τοῧ

2259 3725 2467 3799 κριτοῦ,
2503 3731 2584 3782 ὅτι
2616 3729 2814 3796 Ἰατρέ,
2845 3728 3231 3795 θεράπευσον
3260 3727 3545 3781 σεαυτόν·
3576 3722 3660 3791 ἐμὲ
3685 3712 3787 3786 πρὸς

2260 3820 2667 3890 σιλανθρωπίαν
2713 3814 3077 3887 παρακαλεῖς.
3125 3813 3200 3888 ἧς
3243 3822 3361 3881 τοῖς
3399 3816 3561 3878 πέλας
3587 3812 3721 3872 αὖτδς
3743 3802 3787 3890 ᾧ

2262 3888 2606 3979 μετέδωκαςς
2655 3909 2880 3974 Ἀφεσιν
2940 3906 3280 3976 ὀφλημάτων
3334 3907 3534 3966 αἰτεῖςο
3582 3898 3685 3959 πῶς
3718 3888 3786 3979 οὖν

2258 4002 2549 4070 κατάγχεις
2579 4000 2640 4051 σὺ
2674 3992 2761 4051 τὸν
2790 3999 3106 4068 ὑπόχρεωνς
3156 3995 3575 4065 Ἐξαλειφθῆναι
3608 3986 3660 4040 τὸ

2258 4091 2350 4142 σοῦ
2377 4087 2733 4160 χειρόγραφον
2757 4082 2890 4160 εύχῃ
2913 4128 2927 4151 ,
2957 4084 2985 4141 ὁ
3010 4088 3074 4139 δι’
3104 4087 3435 4155 ἐπιμελείας
3464 4083 3717 4151 φυλάσσων
3736 4069 3785 4123 τά

2253 4181 2361 4234 τῶν
2391 4178 2701 4234 ὑπευθύνων
2734 4176 3035 4247 συμϐόλαια
3058 4194 3072 4207 ⁸
3106 4174 3293 4246 χρεῶν
3324 4176 3497 4239 αἰτεῖς
3533 4166 3786 4226 ἀποκοπὰς,

2253 4275 2280 4327 ὁ
2304 4272 2515 4343 τρέφων
2547 4270 2634 4324 διὰ
2678 4267 2785 4323 τῶν
2810 4264 2981 4323 τόκων
3009 4266 3069 4321 τὸ
3100 4263 3319 4321 δάνειον
3342 4285 3356 4298 °
3386 4269 3415 4320 ὁ
3446 4267 3533 4327 σὸς
3557 4259 3788 4343 ὀφειλέτης

2253 4363 2310 4416 ἐν
2341 4336 2708 4434 ’δεσμωτηρίῳ
2732 4401 2745 4425 ,
2798 4361 2893 4414 καὶ¹
2946 4360 3008 4413 σὺ
3044 4362 3101 4412 ἐν
3135 4356 3424 4431 εύκτηρίῳ
3452 4375 3464 4388 υ
3503 4350 3684 4413 ἐκεῖνος
3719 4336 3788 4396 iﬁl-

2251 4456 2364 4518 τοῖς
2415 4449 2720 4523 ὀφλήμασιν
2765 4448 3047 4505 ὀδυνᾶτοιι⁸
3078 4450 3175 4503 καὶ
3219 4450 3289 4501 σὺ
3324 4438 3588 4517 ἀφεθῆναί
3625 4457 3692 4492 σοι
3716 4434 3787 4501 τὴν

575 4560 632 4605 iit
655 4527 809 4621 ιιι-αθ·
831 4562 889 4607 ιιι
933 4565 987 4608 ιιι
1018 4553 1252 4609 sulioces
1297 4553 1592 4608 obaeratum
1622 4553 1645 4606 ’ἕ
1677 4527 1979 4607 deleri-tibi
2025 4527 2146 4605 cbi-

2259 4544 2470 4616 ὀφειλὴν
2499 4543 2697 4610 ἀξιοῖςο
2744 4543 2970 4612 ἀνήκοός
3001 4539 3117 4594 ἐστί
3153 4558 3254 4593 σου
3295 4542 3331 4611 ή
3364 4527 3787 4627 προσευχὴῷπεξν

573 4648 900 4715 regi-aptium
931 4646 1195 4703 adversus
1224 4654 1278 4701 te
1319 4645 1587 4712 scriptum
1614 4642 1876 4711 precaris,
1934 4639 2026 4711 qui
2060 4642 2146 4695 di-

573 4736 798 4798 ligenter
826 4754 1013 4793 servas
1030 4738 1392 4792 obnoxiorum
1427 4741 1582 4805 pacta
1601 4741 1764 4802 atque
1792 4742 2136 4787 contractus:

570 4825 781 4878 tabulas
817 4843 986 4882 novas
1035 4838 1088 4882 et
1136 4827 1487 4883 abolitionem
1541 4831 1704 4893 atque
1756 4823 2134 4878 remissionem

566 4914 872 4968 debitorum
906 4916 1064 4984 petis,
1097 4918 1189 4984 qui
1226 4932 1321 4986 per
1349 4929 1546 4970 usuras
1573 4928 1648 4967 aes
1679 4911 1914 4966 alienum
1962 4911 2141 4966 nutris

566 5018 620 5059 et
648 5022 852 5075 auges;
886 5013 1013 5060 tuus
1063 5005 1277 5060 debitor
1335 5005 1509 5060 estin
1572 5017 1815 5067 carcere,
1853 5008 1908 5056 et
1966 5006 2025 5061 tu
2085 5000 2136 5053 in

2251 4634 2375 4708 ηχεῖ
2406 4634 2564 4706 γὰρὴ
2602 4634 2695 4688 τοῦ
2718 4633 3057 4703 ὀδυνωμένου
3091 4633 3250 4700 φωνή
3279 4649 3293 4662 ·
3336 4629 3434 4682 ἐὰν
3463 4626 3620 4695 λύσῃς
3637 4620 3685 4673 τὸ
3710 4632 3788 4708 σοι·

2255 4704 2665 4794 ματικὸνήχρέος
2686 4763 2700 4786 ,
2729 4721 3016 4791 λυθήσεταξ
3050 4737 3132 4787 σοι
3177 4720 3285 4788 τῆς
3319 4718 3499 4788 ψυχῆς
3529 4715 3592 4766 τὰ

2247 4818 2341 4871 ἐὰν
2369 4815 2749 4886 συγχωρήσῃς,
2782 4811 3280 4884 συγχωρηθήσεται
3299 4829 3313 4841 ·
3342 4806 3553 4875 σεαυτῷ
3574 4803 3784 4857 δικάσεις,

2247 4909 2457 4979 σεαυτῷ
2497 4906 2918 4977 νομοθετήσεις,
2981 4906 3047 4974 τῇ
3110 4902 3260 4973 πρὸς
3316 4903 3413 4955 τὸν
3479 4894 3782 4963 ὑποκείμενον

2241 4996 2477 5052 διαθέσει
2524 4999 2622 5068 τήν
2655 4995 2856 5049 ἄνωθεν
2879 4996 3057 5066 ψῆφον
3089 4991 3185 5046 ἐπὶ
3224 4991 3467 5048 σεαυτοῦ
3496 4991 3675 5060 φέρων.

565 5098 847 5165 oratorio;
879 5096 971 5151 ille
995 5095 1062 5151 ob
1097 5097 1279 5151 debita
1310 5097 1608 5158 cruciatur,
1639 5105 1691 5152 et
1720 5102 1777 5148 tu
1807 5092 2012 5148 remitti
2042 5090 2137 5146 tibi
2176 5090 2417 5145 debitum
2449 5087 2531 5145 vis
2558 5106 2570 5141 :
2613 5088 2859 5142 exaudiri
2892 5088 3069 5141 oratio
3103 5095 3202 5139 tua
3272 5101 3389 5139 non
3420 5087 3607 5155 potest,
3658 5084 3781 5140 Sull“

562 5203 649 5246 rat
688 5194 832 5247 enim
870 5207 1041 5249 sonus
1079 5198 1134 5246 et
1169 5191 1432 5259 strepitus
1478 5192 1633 5245 vocis
1669 5191 1789 5260 ejus
1835 5190 1926 5260 qui
1973 5185 2253 5245 cruciatur
2305 5206 2316 5242 :

564 5286 664 5339 tibi
694 5288 890 5340 animat
925 5285 1173 5339 vincula:
1204 5284 1250 5339 si
1286 5281 1711 5345 condon‘averis,
1737 5284 2139 5338 condonabitur
2179 5282 2315 5338 tibi:
2356 5281 2472 5353 ipse
2538 5281 2701 5351 judex
2746 5280 2875 5344 eris,
2956 5280 3069 5349 ipse
3112 5277 3218 5332 tibi
3282 5279 3460 5348 legem
3505 5270 3651 5331 feres.
3682 5274 3704 5311 ³

2374 5190 2418 5244 si
2468 5197 2524 5242 tu
2565 5187 2851 5258 corporale
2885 5181 3124 5242 debitum
3176 5183 3493 5241 dimiseris,
3554 5176 3784 5291 solventi"!

2544 5282 2555 5291 ι
2620 5281 2631 5291 ι
2810 5280 2821 5291 ι
2957 5280 2967 5291 υ
3113 5277 3175 5291 ,ιι
3190 5280 3216 5291 νο
3282 5279 3296 5291 I
3506 5270 3632 5291 1----
3682 5274 3702 5291 ἢ
3725 5269 3781 5291 Αὼ

3710 5269 3781 5310 που

562 5378 767 5438 ctione,
796 5393 900 5444 qua
937 5384 992 5429 tu
1023 5378 1321 5433 obnoxium
1373 5376 1698 5446 prosccutus
1734 5374 1922 5440 fueris,
1966 5393 2219 5447 superam
2253 5377 2579 5435 sententiam
2612 5391 2705 5445 per
2745 5384 2798 5430 te
2826 5373 3026 5429 ferens.

634 5466 765 5522 Tale
804 5467 1087 5537 quidpiam
1130 5467 1260 5521 mibi
1302 5466 1512 5520 videtur
1544 5463 1808 5520 Dominus
1853 5464 2017 5522 etiam
2079 5466 2133 5521 in

644 5642 685 5673 ⁸⁸
728 5639 889 5698 Prov.
920 5659 987 5697 ιι
1012 5685 1024 5706 ,
1055 5642 1109 5697 9.
1183 5644 1226 5677 "
1264 5638 1364 5696 Job
1394 5660 1503 5711 xw,
1530 5640 1566 5695 4
1594 5641 1745 5711 juxta
1773 5637 1927 5701 LXX.

2311 5467 2559 5521 Τοιοῦτὸν
2585 5435 2636 5517 τί
2670 5483 2756 5535 μοι
2791 5464 2935 5518 δοκεῖ
2965 5465 3056 5517 καὶ
3085 5462 3144 5514 ἐν
3173 5460 3259 5532 τῷ
3294 5458 3470 5530 ἑτέρῳ
3510 5452 3640 5520 λόγῳ
3665 5435 3781 5496 εὗδ’
