3996 6196
296 235 432 293 H89

1267 247 1353 301 DE
1393 251 1745 306 ORA'I‘IONE
1784 251 2133 306 DOMINICA.
2166 284 2232 292 ——
2271 256 2530 312 ORATIO
2567 258 2630 310 ν.

3423 267 3562 323 ΙΙθο

296 354 443 408 σκειν
471 358 500 408 6
532 357 734 429 Κύριος
762 360 1170 432 διηγηματικῶς
1207 367 1266 419 τὸ
1297 369 1474 438 δόγμα
1513 371 1671 424 τοῦτο
1697 389 1841 444 παρα

1944 417 1948 428 .
1981 371 2088 425 alio
2125 388 2378 429 sermone
2409 377 2626 436 docere,
2662 392 2756 446 per
2784 379 3000 432 modum
3045 380 3378 435 narrationis
3414 385 3556 436 hanc

291 447 599 519 τιθέμενος,
623 452 750 504 ἔνθα
787 454 1036 523 βασιλεύς
1077 459 1156 520 τίς
1183 460 1328 513 ἐστιν
1359 463 1414 514 ἐν
1438 461 1514 530 τῷ
1551 463 1866 534 διηγήματι,

289 541 537 611 φοϐερῶς
577 548 994 618 προκαθήμενος
1017 567 1028 579 ⁸
1061 555 1153 605 καὶ
1183 555 1308 618 τοὺς
1342 557 1557 620 οἰκέτας
1583 561 1661 621 είς
1690 561 1870 631 κρίσιν

286 635 472 701 ἄγων,
536 639 630 689 καὶ
680 639 789 690 τῶν
835 644 1297 712 οἰκονομηθὲντων
1329 651 1455 718 παρ’
1499 651 1724 703 ἑκάστου
1770 653 1868 721 τὴν

285 727 486 793 γνῶσιν
541 729 831 800 ἐπιζητῶν.
864 733 1272 804 Προσαχθέντος
1309 738 1363 790 δέ
1403 757 1543 802 τινος
1597 743 1703 794 τῶν
1743 762 1869 815 χρε-

284 818 592 884 ωφειλετῶν
621 861 635 882 ,
686 824 779 873 καὶ
820 823 1227 893 φιλανθρωπίας
1259 832 1613 902 τετυχηκότος
1637 876 1650 900 ,
1679 837 1863 910 ἐπειδὴ

284 912 611 981 προσπεσὼν
668 917 786 968 ἀντὶ
815 919 912 985 τῆς
958 918 1066 971 τῶν
1116 923 1412 991 χρημάτων
1464 927 1723 992 ὲκτίσεως
1766 931 1863 1001 τὴν

283 1003 558 1073 ἱκετηρίαν
586 1007 955 1076 προσήγαγεν.
986 1004 1102 1061 εἶτα
1131 1011 1270 1064 κατὰ
1299 1014 1391 1066 τοῦ
1427 1017 1712 1085 ὁμοδούλου
1747 1021 1864 1072 ἐπι-

283 1095 487 1164 μετρίῳ
513 1095 781 1165 όςλὴματι
805 1099 1013 1165 πικρῶς
1044 1118 1102 1152 τε
1137 1103 1228 1154 καὶ
1256 1105 1479 1174 ἀπηνῶς
1505 1106 1857 1173 διατεθέντος,

278 1185 633 1256 ὀργιζόμενον
665 1188 885 1258 ἐποίησε
922 1193 987 1260 τῇ
1023 1192 1158 1262 1:96;
1188 1194 1278 1246 τὸν
1310 1195 1592 1265 ὁμόδουλον
1624 1201 1858 1271 ἀπηνεία

278 1277 369 1328 τὸν
403 1276 650 1346 βασιλέα·
693 1282 784 1332 καὶ
823 1283 1121 1352 προσέταξε
1149 1288 1260 1348 τοῖς
1290 1285 1638 1355 βασανισταῖς
1678 1292 1856 1362 πάγχυ

277 1368 442 1421 αὑτὸν
470 1371 568 1438 τῆς
598 1371 689 1423 τοῦ
722 1371 985 1440 βασιλέως
1011 1375 1186 1439 οἰκίας
1237 1376 1616 1450 ἀλλοτριῶσαι,
1651 1384 1742 1435 ἐπὶ
1769 1401 1856 1436 το-

280 1461 466 1514 σοῦτόν
491 1479 549 1514 τε
577 1467 894 1534 παρατεῖναι
921 1467 1020 1537 τὴν
1055 1467 1290 1533 κόλασιν,
1332 1470 1436 1534 ἓως
1474 1471 1540 1524 ἂν
1572 1472 1668 1542 τὴν
1699 1473 1854 1538 ἀξίαν

275 1553 546 1625 τιμωρίαν
574 1556 856 1627 ἀναποπλη
869 1556 1031 1628 ρὼσῃ.
1075 1559 1314 1628 Ἀληθῶς
1364 1561 1473 1633 γὰρ
1505 1563 1678 1616 ὀϐολοί
1710 1566 1853 1628 τινές

275 1648 411 1699 εἰσιν
446 1647 655 1711 ἀτελεῖς
693 1667 749 1702 τε
788 1651 880 1703 καὶ
909 1651 1262 1723 εὐαρίθμητοι
1294 1655 1428 1725 πρὸς
1461 1657 1724 1726 μυριάδας
1757 1676 1850 1711 τα-

272 1737 480 1790 λάντων
530 1737 969 1811 παρατιθέμενοι,
1021 1742 1089 1796 τὰ
1129 1743 1234 1796 τῶν
1286 1744 1526 1814 ἀδελᾳιῶν
1567 1747 1720 1816 ἡμῶν
1773 1749 1851 1810 εἰς

275 1830 420 1899 ἡμᾶς
459 1831 749 1902 ὀφλήματα
797 1834 1079 1905 συγκρίσει
1107 1837 1198 1888 τὸν
1243 1837 1372 1890 Θεὸν
1419 1839 1525 1890 τῶν
1571 1839 1851 1913 ἡμετέρων

274 1923 780 1994 πλημμελημάτων.
846 1926 1024 1995 Ζημία
1087 1927 1303 1992 πάντως
1359 1930 1507 1981 ἐστὶν
1556 1932 1588 1999 ἡ
1642 1931 1851 1999 ὕϐρεως

269 2015 494 2085 ἀφορμὴ
532 2017 681 2086 παρὰ
714 2033 854 2080 τινος
887 2019 1224 2088 γεγενημένη
1250 2058 1263 2080 ,
1291 2019 1324 2089 ἢ
1356 2021 1568 2073 οἰκέτου
1599 2023 1782 2083 κακία,
1813 2023 1845 2094 ἢ

270 2107 364 2158 καὶ
403 2108 482 2168 εἰς
533 2108 844 2176 σωματικὸν
889 2109 1113 2163 θάνατον
1147 2111 1431 2182 ὲπιϐουλήσ
1465 2109 1581 2165 εἶτα
1615 2115 1678 2167 σὺ
1715 2116 1850 2186 1:96;

267 2197 366 2268 τὴν
404 2199 611 2269 ἄμυναν
646 2200 847 2254 τούτων
884 2204 940 2255 ὲν
977 2202 1248 2275 φλεγμονῇ
1285 2206 1506 2274 καρδίας
1535 2207 1843 2280 ὲξερεθίζῃ,

269 2289 362 2341 καὶ
411 2291 592 2343 πᾶσαν
631 2291 730 2361 τὴν
772 2291 1013 2344 ἐπίνοιαν
1073 2294 1149 2355 εἰς
1203 2293 1298 2364 τὴν
1338 2294 1443 2347 τῶν
1499 2296 1845 2368 προλελυπη-

267 2375 441 2428 κότων
473 2378 739 2448 τιμωρίαν
770 2381 1073 2450 ἀναζητεῖς,
1115 2382 1173 2434 ού
1211 2381 1418 2454 λογίζῃ·
1473 2385 1519 2435 εί
1569 2385 1664 2453 μὲν
1714 2387 1848 2456 1:96;

263 2467 483 2536 οἰκέτην
535 2471 563 2521 6
615 2469 784 2538 θυμὸς
816 2470 1170 2540 φλεγμαίνοιο
1221 2474 1300 2526 ὅτι
1351 2476 1409 2526 ού
1460 2477 1650 2544 φύσις,
1708 2477 1844 2530 ἀλλὰ

262 2558 547 2612 δυναστεία
593 2561 727 2630 πρὸς
771 2560 1014 2614 δουλείαν
1063 2579 1122 2614 τε
1161 2565 1254 2616 καὶ
1295 2566 1588 2636 κυριότητα
1643 2567 1703 2618 τὸ
1748 2569 1842 2619 ἀν-

264 2647 536 2717 θρώπινον
585 2649 835 2718 ἔσχισεν;
877 2651 967 2721 Τῷ
1017 2651 1122 2722 γὰρ
1177 2653 1444 2724 ἀνθρώπῳ
1497 2655 1764 2708 δουλεύειν
1816 2658 1843 2708 ὁ

261 2737 355 2790 τοῦ
391 2739 591 2802 παντὸς
621 2740 898 2810 οἰκονόμος
926 2741 1022 2811 τὴν
1050 2742 1240 2810 ἄγονον
1268 2744 1427 2812 φύσιν
1454 2746 1618 2814 μόνην
1654 2743 1841 2815 ἐνομο-

265 2824 478 2894 Θέτησε,
505 2827 685 2890 καθώς
713 2845 876 2897 φησιν
900 2831 927 2881 6
958 2832 1265 2900 Προφήτης,
1295 2834 1375 2885 ὅτι
1407 2833 1605 2886 Πάντα
1634 2833 1842 2887 ὑπέτα-

265 2918 371 2982 ξας
400 2918 678 2972 ὑποκάτω
701 2919 819 2972 τῶν
839 2921 1038 2973 ποδῶν
1057 2924 1260 2982 αὐτοῦ.
1289 2925 1549 2992 πρόϐατα
1569 2926 1660 2978 καὶ
1683 2927 1839 2990 βόας

1977 466 2306 516 sententiam
2349 465 2402 518 in
2435 467 2671 520 medium
2706 466 2936 522 alTerens
2973 487 2986 522 :
3040 471 3129 523 ubi
3184 486 3275 525 rex
3330 471 3552 540 quidam

1977 553 2031 606 in
2077 557 2394 611 narratione
2424 558 2795 613 introducitur
2827 562 3139 615 terribiliter
3166 579 3262 631 pro
3291 564 3550 616 tribunali

1973 647 2200 711 sedens,
2242 656 2292 699 et
2340 664 2528 702 servos
2566 651 2630 702 ad
2673 651 2940 719 judicium
2995 668 3215 721 cogens,
3263 663 3316 707 et
3360 669 3549 708 eortuu

1971 751 2090 803 qua:
2151 740 2529 807 unusquisque
2583 741 3028 797 administrasset
3076 747 3444 813 cognitionem
3497 757 3552 801 et

1969 830 2327 896 quaestionem
2361 833 2658 887 instituens
2683 835 2748 888 ⁸³.
2782 835 2917 887 Cum
2954 846 3132 888 autem
3170 837 3390 905 quidam
3450 839 3548 894 de-

1968 919 2114 973 bitor
2145 921 2433 984 adductus,
2470 937 2532 975 ac
2557 927 2814 992 quoniam
2848 927 2913 979 ad
2944 941 3118 996 genua
3143 930 3397 984 accidens
3427 931 3547 985 loro

1966 1014 2358 1081 persolutionis
2395 1017 2768 1083 pecuniarum,
2805 1019 3103 1086 supplicem
3155 1021 3396 1075 libellum
3445 1024 3545 1076 ob—

1965 1103 2184 1169 tulerat,
2235 1106 2629 1161 humanitatem
2667 1118 3002 1163 consecutus
3051 1121 3216 1174 esset,
3251 1113 3448 1168 deinde
3475 1115 3545 1169 ob

1965 1195 2238 1248 modicum
2269 1197 2514 1251 debitum
2542 1200 2803 1253 adversus
2836 1215 3163 1255 conservum
3189 1204 3387 1258 acerbe
3423 1221 3547 1261 sese

1961 1293 2013 1337 et
2052 1287 2426 1341 inhumaniter
2452 1291 2734 1356 gessisset,
2773 1307 2838 1345 ex
2883 1293 3286 1348 inhumanitate
3350 1296 3544 1350 adver-

1958 1391 2052 1430 sus
2086 1393 2411 1432 conservum
2437 1382 2568 1434 iram
2601 1384 2742 1451 regis
2780 1388 3093 1451 provocavit
3125 1401 3136 1436 :
3164 1387 3255 1454 qui
3284 1389 3542 1456 quaesito-

1959 1465 2108 1520 ribus
2151 1475 2205 1520 et
2271 1471 2568 1524 tortoribus
2631 1473 2888 1540 praecepit
2945 1485 3000 1526 ut
3055 1489 3179 1527 eum
3238 1477 3456 1544 penitus
3508 1493 3538 1530 a

1956 1556 2119 1610 domo
2149 1559 2292 1629 regis
2320 1561 2642 1625 alienarent,
2673 1571 2834 1632 atque
2860 1579 2925 1617 eo
2982 1580 3155 1633 u5que
3211 1566 3536 1634 supplicium

1956 1660 2328 1717 prorogarent,
2365 1651 2542 1718 quoad
2579 1653 2802 1708 meritas
2854 1669 3043 1722 pmuas
3102 1656 3364 1710 dedisset.
3397 1655 3535 1710 Nam

1953 1739 2097 1792 oboli
2128 1741 2346 1808 quidem
2379 1758 2569 1797 revera
2607 1744 2742 1798 viles
2763 1755 2816 1798 et
2847 1756 3134 1800 uumeratu
3163 1747 3346 1802 faciles
3382 1757 3534 1815 sunt,

1952 1843 2074 1881 cum
2108 1830 2410 1886 innumeris
2443 1832 2661 1886 talentis
2716 1834 3041 1902 comparati,
3079 1834 3370 1889 adversum
3431 1849 3536 1889 nos

1950 1920 2130 1973 debita
2175 1920 2424 1984 fratrum,
2463 1924 2509 1978 si
2540 1939 2664 1976 cum
2702 1925 2908 1980 nostris
2936 1925 3206 1979 adversus
3239 1925 3405 1979 Deum
3438 1925 3535 1980 de-

1949 2010 2094 2064 lictis
2123 2012 2501 2066 conferantur.
2541 2013 2812 2069 Damnosa
2844 2031 3070 2085 prorsus
3099 2026 3183 2070 est
3208 2017 3288 2070 vel
3319 2017 3533 2086 injuria:

1949 2103 2168 2155 occasio
2189 2105 2264 2157 ab
2296 2105 2482 2172 aliquo
2526 2107 2774 2174 praebita,
2829 2108 2911 2160 vel
2965 2109 3108 2163 servi
3137 2109 3406 2178 nequitia,
3443 2110 3532 2164 vel

1947 2193 2108 2245 etiam
2141 2195 2352 2248 insidiae
2385 2198 2508 2250 vitae
2542 2199 2814 2266 corporali
2882 2206 3124 2260 structae,
3157 2208 3211 2252 et
3244 2207 3302 2252 tu
3337 2200 3404 2254 ad
3448 2201 3531 2254 ul-

1948 2285 2263 2339 ciscendum
2293 2287 2562 2354 ejusmodi
2610 2289 2954 2342 incommoda
2997 2305 3090 2358 per
3143 2289 3530 2345 inflammatio-

1947 2392 2068 2430 nem
2102 2378 2286 2432 cordis
2327 2380 2645 2434 aceenderis
2706 2390 2761 2433 et
2823 2380 3077 2444 irritaris,
3119 2389 3172 2435 et
3232 2381 3366 2436 nihil
3420 2398 3528 2436 non

1946 2468 2383 2523 comminisceris
2423 2478 2475 2522 et
2507 2473 2806 2539 excogitas,
2852 2487 2962 2540 quo
3007 2472 3292 2526 ulciscaris
3347 2488 3442 2527 eos
3497 2489 3528 2527 a

1945 2557 2145 2625 quibus
2175 2559 2375 2624 injuria
2409 2560 2696 2613 lacessitus
2729 2561 2806 2613 sis
2829 2601 2841 2621 ,
2886 2576 2993 2614 non
3045 2564 3256 2631 cogitas
3291 2563 3379 2633 (si
3432 2565 3527 2618 ad-

1945 2665 2136 2704 versus
2162 2665 2376 2704 servum
2420 2652 2675 2704 nimirum
2725 2655 2795 2704 ita
2837 2653 3154 2719 exarseris)
3209 2657 3352 2722 quod
3412 2671 3522 2709 non

1945 2750 2161 2802 natura.
2197 2745 2290 2797 sed
2323 2745 2406 2798 vis
2433 2744 2485 2798 in
2519 2746 2834 2798 servitutem
2874 2747 3080 2815 pariter
3107 2755 3157 2800 et
3187 2747 3522 2801 dominatio-

1944 2848 2063 2885 nem
2099 2849 2270 2900 genus
2323 2834 2620 2887 humanum
2690 2834 2850 2888 scidit
2915 2845 3077 2903 atque
3110 2834 3336 2888 divisit?
3388 2835 3522 2890 Nam

1943 2923 2144 2977 homini
2194 2925 2400 2978 servire
2436 2941 2597 2978 unam
2663 2926 2893 2979 rationis
2929 2935 3204 2994 expertem
3244 2935 3518 2990 naturam,

263 3010 503 3075 ἁπάσας
526 3051 540 3072 ,
575 3012 671 3064 καὶ
717 3011 787 3064 τὰ
815 3015 1054 3066 πετεινὰ
1087 3014 1181 3066 καὶ
1225 3016 1295 3068 τὰ
1328 3015 1538 3082 κτήνη,
1572 3017 1669 3071 καὶ
1696 3017 1836 3082 τοὺς

1947 3027 2127 3064 rerum
2183 3013 2560 3067 universarum
2618 3013 3033 3068 administrator
3088 3016 3201 3082 lege
3235 3015 3520 3068 constituit

243 3099 491 3166 Ἰχθύας.
533 3101 719 3155 Ταῦτά
747 3120 804 3155 τε
839 3105 928 3155 καὶ
956 3102 1116 3156 δοῦλα
1148 3105 1560 3174 προσαγορεύει,
1590 3107 1837 3176 φησάσης

261 3190 486 3260 ἑτέρωθι
499 3191 600 3260 τῆς
616 3193 1196 3262 προφητείαςοδιδόι-τι
1213 3195 1334 3260 τοῖς
1350 3196 1596 3261 κτήνεσι
1613 3198 1842 3265 τροφὴν

260 3281 478 3340 αὐτῶν.
500 3283 603 3334 καλ
615 3285 810 3350 χλόην
828 3282 901 3351 τῇ
922 3285 1167 3352 δουλείᾳ
1189 3285 1304 3338 τῶν
1318 3288 1768 3353 ἀνθρώπωνκτὺν
1783 3290 1838 3342 δὲ

261 3373 545 3442 ἄνθρωπον
576 3377 637 3444 τῇ
667 3375 984 3445 αύτεξουσίσ.
1006 3377 1186 3447 χάριτι
1215 3378 1643 3448 κατεκόσμησεν.
1677 3381 1838 3432 Ὥστε

267 3463 328 3514 τὸ
361 3463 475 3515 ἴσον
502 3465 612 3532 ἔχει
649 3481 731 3516 σοι
758 3464 834 3534 τῷ
861 3466 958 3535 τῆς
992 3467 1203 3534 φύσεως
1236 3467 1523 3537 ἀξιώματι,
1555 3471 1582 3521 ὁ
1609 3471 1837 3534 ὑπεζευ-

260 3555 457 3622 γμένος
499 3555 752 3626 συνηθείᾳ
781 3557 874 3608 καὶ
905 3557 1072 3627 νόμῳ,
1105 3559 1227 3610 οὔτε
1275 3560 1421 3628 παρὰ
1472 3560 1562 3612 σοῦ
1589 3561 1831 3628 γέγονεν,

258 3645 380 3698 οὗτε
403 3648 460 3697 ὲν
489 3648 569 3698 σοὶ
592 3648 679 3716 ζῇ.
710 3648 834 3702 οὔτε
849 3647 947 3709 τὰς
967 3650 1280 3718 σωματικάς
1298 3666 1353 3700 τε
1373 3651 1464 3701 καὶ
1493 3651 1837 3720 τάςῲυχικάς

259 3741 354 3810 τῆς
373 3740 548 3809 ψυχῆς
574 3741 850 3811 ἐνεργείας
879 3741 1027 3811 παρὰ
1059 3741 1150 3794 σοῦ
1169 3740 1349 3794 λαϐὼν
1381 3742 1510 3810 ἔχει.
1541 3744 1605 3794 Τί
1631 3740 1724 3796 οὖν
1756 3761 1838 3797 το-

258 3832 448 3883 σοῦτον
470 3833 706 3896 ὲπιζέεις
729 3835 844 3885 κατ’
871 3833 1033 3885 αὑτοῦ
1049 3833 1122 3902 τῷ
1139 3833 1313 3902 θυμῷ,
1331 3834 1745 3903 ρᾳθυμήσαντός
1762 3853 1836 3888 τι·

256 3937 363 3984 νος,
388 3922 420 3990 ἦ
447 3923 872 3992 ἀποστήσαντος,
898 3923 1083 3992 ἢτάχα
1109 3925 1508 3994 καταφρόνησιν
1536 3926 1832 3996 ἐνδειξαμέ-

254 4031 346 4066 νου
371 4029 451 4066 σοι
473 4013 613 4066 κατὰ
637 4013 948 4083 πρόσωπονς
971 4013 1097 4065 Δέον
1115 4015 1248 4083 πρὸς
1265 4016 1454 4067 ἑαυτὸν
1475 4015 1710 4084 βλέπειν,
1725 4012 1834 4081 οἷος

254 4107 316 4158 σὺ
367 4105 598 4172 γέγονας
643 4103 721 4173 τῷ
764 4105 1008 4177 Δεσπότῃ
1037 4103 1112 4174 τῷ
1154 4106 1416 4158 πλάσαντί
1460 4123 1518 4160 σε
1563 4109 1655 4160 καὶ
1695 4125 1834 4180 παρ-

252 4197 515 4263 αγαγόντι
559 4196 646 4248 διὰ
687 4195 986 4263 γενέσεως,
1038 4197 1132 4250 καὶ
1164 4198 1414 4251 κοινωνόν
1446 4215 1507 4250 σε
1531 4199 1637 4252 τῶν
1670 4202 1729 4253 ἐν
1754 4200 1832 4270 τῷ

253 4290 442 4358 κόσμῳ
475 4287 767 4359 θαυμάτων
806 4292 1125 4360 ποιήσαντι;
1158 4289 1247 4360 Τῷ
1278 4290 1532 4361 προθέντι
1562 4285 1652 4345 τὸν
1681 4293 1831 4362 ἥλιον

284 4417 325 4444 ,ς

249 4473 354 4525 τῶν
409 4473 686 4542 στοιχείων
736 4473 1109 4544 χαρισαμένῳ,
1157 4475 1220 4525 ὲκ
1253 4475 1356 4542 γῆς
1388 4491 1445 4526 τε
1495 4477 1586 4527 καὶ
1628 4478 1826 4546 πυρὸς,

249 4568 342 4620 καὶ
372 4567 553 4638 ἀέρος,
578 4568 670 4619 καὶ
701 4567 918 4632 ὖδατος;
947 4565 1036 4635 Τῷ
1065 4567 1460 4636 παρασχομένῳ
1488 4565 1585 4637 τὴν
1612 4568 1827 4638 διανοη-

245 4658 405 4729 τικὴν
435 4660 614 4729 χάριν,
648 4659 745 4728 τὴν
777 4658 1170 4729 ἀντιληπτικὴν
1203 4658 1472 4728 αἴσθησιν,
1502 4659 1598 4729 τὴν
1621 4661 1827 4730 διακρι-

244 4749 406 4820 τικὴν
430 4748 596 4802 καλοῦ
622 4767 680 4802 τε
710 4750 800 4802 καὶ
827 4749 1067 4820 χείρονος
1094 4750 1428 4819 ἐπιστήμη-ις
1459 4749 1581 4811 Πῶς
1605 4751 1667 4802 σὺ
1692 4750 1828 4822 πρὸς

245 4838 335 4889 τὸν
389 4837 629 4890 τοιοῦτον
672 4838 947 4908 Δεσπότην
998 4837 1092 4908 ἔσῃ
1133 4837 1468 4907 καταπειθὴς
1517 4841 1608 4892 καὶ
1649 4840 1820 4910 ἀπρό-

246 4947 480 4992 σκοπτος
505 4947 519 4993 ;
546 4930 658 4982 Ούκ
680 4931 920 4997 ἀπέστης
945 4931 1042 4996 τῆς
1063 4929 1376 4991 δεσποτείας
1399 4945 1412 4990 ;
1447 4932 1561 4982 Οὐκ
1595 4930 1823 5001 ἐδραπέ-

245 5037 440 5082 τευσας
470 5021 605 5090 πρὸς
645 5022 742 5091 τὴν
772 5021 1075 5090 ἀμαρτίανς
1109 5021 1222 5072 Οὐκ
1251 5019 1563 5090 ἀντηλλάξω
1589 5021 1686 5090 τὴν
1725 5038 1822 5073 πο-

252 5109 416 5179 ⁸σηράν
453 5110 768 5162 δεσποτείαν
795 5127 808 5173 ;
845 5111 918 5161 Οὐ
951 5110 1012 5162 τό
1038 5126 1099 5178 γε
1135 5110 1226 5162 ἐπὶ
1257 5110 1338 5162 σοὶ
1369 5110 1572 5180 ἔρημον
1598 5110 1693 5180 τὴν
1727 5110 1820 5163 τοῦ

242 5199 516 5252 Δεσπότου
549 5200 834 5263 κατέλιπες
858 5200 1052 5261 οἰκίαν,
1085 5201 1142 5251 ὲν
1235 5198 1466 5268 ἐτάχθης
1494 5198 1820 5270 ἐργάζεσθαι

244 5294 334 5343 καὶ
368 5291 682 5358 φυλάσσειν,
711 5292 899 5344 τούτου
933 5291 1334 5361 ἀπεφοίτησαςς
1380 5291 1458 5343 Τά
1491 5291 1546 5344 δὲ
1591 5291 1819 5345 καταλε-

242 5383 482 5452 λεγμένα
532 5383 1006 5453 πλημμελήματα,
1039 5381 1135 5453 οὐχ
1174 5382 1280 5434 ὑπὸ
1315 5382 1549 5454 μάρτυρι
1591 5382 1668 5453 τῷ
1701 5383 1819 5454 Θεῷ

239 5473 320 5543 τῷ
352 5474 624 5543 πανταχοῦ
658 5475 793 5538 δντι,
828 5477 922 5529 καὶ
953 5477 1127 5530 πάντα
1157 5474 1440 5546 ἔφορῶντι,
1470 5475 1502 5546 ἢ
1536 5476 1816 5546 πράττεις,

312 5655 358 5687 ⁸³
400 5654 590 5710 Matth.
623 5671 756 5711 xvii.

1945 3112 1997 3159 et
2019 3105 2221 3167 sanxit,
2257 3116 2313 3158 ut
2342 3106 2517 3174 inquit
2547 3105 2814 3173 Propheta
2845 3121 2857 3155 :
2885 3106 3077 3160 Omnia
3102 3107 3371 3174 subjecisti
3397 3107 3522 3158 sub-

1948 3205 2026 3247 ter
2066 3195 2220 3262 pedes
2251 3196 2385 3263 ejus,
2423 3213 2539 3249 oves
2585 3205 2633 3249 et
2668 3196 2815 3249 bores
2852 3201 3158 3255 universas,
3201 3197 3435 3251 volucres
3467 3205 3518 3251 et

1939 3287 2266 3354 iumenta,et
2306 3289 2471 3352 pisces
2496 3287 2563 3340 “.
2605 3288 2777 3356 Atque
2846 3287 2956 3340 haec
2997 3287 3165 3340 etiam
3223 3302 3384 3340 serva
3421 3301 3521 3354 ap—

1941 3378 2121 3445 pellat,
2161 3393 2282 3429 eum
2341 3378 2392 3428 in
2461 3377 2567 3428 alio
2627 3377 2747 3429 loco
2802 3375 3074 3445 Propheta
3114 3377 3298 3429 dicat:
3353 3376 3522 3430 Danti

1949 3467 2220 3534 pecoribus
2255 3467 2562 3519 alimentum
2619 3468 2877 3534 ipsorum,
2940 3477 2989 3519 et
3047 3466 3264 3519 herbam
3306 3469 3517 3521 servitio

1939 3557 2207 3609 hominum
2244 3558 2310 3620 ";
2351 3558 2622 3610 hominem
2665 3572 2791 3609 vero
2840 3558 3072 3626 prapria:
3105 3572 3169 3611 ac
3202 3559 3384 3612 libera).
3419 3575 3516 3612 vo-

1938 3649 2162 3701 luntatis
2191 3649 2358 3716 gratia
2409 3664 2468 3701 ac
2506 3649 2650 3701 dono
2675 3649 2974 3701 decoravit.
3021 3648 3208 3718 Itaque
3251 3659 3514 3719 quantum

1937 3737 2005 3791 ad
2031 3747 2239 3790 natura:
2269 3739 2584 3807 dignitatem
2606 3737 2818 3797 attinet,
2842 3735 3086 3803 ejusdem
3119 3745 3298 3790 tet-um
3322 3739 3513 3792 condi-

1937 3829 2102 3883 tionis
2133 3830 2178 3883 is
2205 3838 2310 3891 est,
2351 3831 2442 3898 qui
2473 3829 2588 3897 lege
2611 3836 2773 3897 atque
2799 3829 3197 3882 consuetudine
3249 3829 3346 3882 tibi
3379 3830 3513 3884 sub-

1936 3919 2086 3975 ditus
2122 3929 2226 3981 est.
2253 3937 2427 3989 neque
2451 3937 2479 3973 a
2513 3929 2562 3974 te
2594 3921 2770 3974 factus
2797 3929 2900 3982 est,
2931 3935 3105 3989 neque
3137 3937 3231 3988 per
3256 3929 3308 3974 te
3340 3921 3512 3988 vivit;

1933 4027 2112 4081 neque
2147 4013 2395 4080 corporis
2427 4013 2630 4080 pariter
2681 4011 2936 4072 etauimi
2993 4010 3262 4064 efficacias
3308 4010 3407 4065 abs
3460 4019 3514 4064 te

1933 4103 2096 4157 habet
2128 4111 2400 4172 acceptas.
2435 4102 2576 4168 Quid
2611 4101 2778 4169 igitur
2812 4101 3078 4156 adversus
3125 4117 3249 4154 eum
3288 4101 3512 4156 iracun-

1931 4195 2020 4249 dia
2057 4203 2340 4265 tantOpere
2384 4195 2720 4256 effervescis,
2782 4193 2826 4248 si
2860 4194 2984 4262 quis
3051 4193 3414 4262 negligentior
3455 4201 3511 4249 et

1931 4286 2240 4342 demissiori
2276 4288 2481 4348 animo,
2540 4293 2634 4339 aut
2673 4286 2936 4355 fugitivus
2969 4284 3152 4347 fuerit,
3186 4286 3268 4339 vel
3329 4285 3508 4354 palam

253 4382 328 4444 εἰς
374 4380 694 4445 ἀπόλαυσιν,
746 4383 839 4435 καὶ
886 4382 1062 4444 πάσας
1097 4381 1195 4444 τὰς
1220 4381 1313 4434 τοῦ
1359 4381 1456 4452 ζῇν
1485 4384 1736 4455 ἀφορμὰς
1765 4388 1826 4438 ὲκ

1944 4378 2185 4434 Fortassis
2219 4379 2483 4433 adversus
2507 4388 2556 4432 te
2581 4377 3040 4432 contumaciorem
3074 4392 3134 4431 se
3161 4375 3471 4430 exhibuerit
3490 4413 3509 4441 ,

1931 4486 2055 4524 cum
2090 4479 2141 4524 te
2172 4471 2350 4538 ipsum
2385 4471 2658 4538 inspicere
2692 4476 2973 4539 oporteat,
3005 4469 3184 4538 qualis
3217 4477 3274 4521 tu
3318 4468 3509 4522 adver-

1927 4576 2023 4616 sos
2055 4559 2343 4614 Dominum
2381 4559 2584 4618 fueris.
2617 4559 2710 4628 qui
2744 4568 2795 4612 te
2849 4557 3122 4618 formavit,
3179 4558 3273 4626 qui
3304 4564 3357 4612 te
3413 4572 3508 4626 per

1928 4655 2267 4708 nativitatem
2306 4653 2586 4724 produxit,
2625 4660 2677 4707 et
2724 4652 3114 4704 miraculorum
3160 4649 3348 4703 mundi
3383 4665 3508 4718 par-

1927 4745 2143 4814 ticipem
2177 4744 2343 4808 fecit;
2392 4746 2485 4814 qui
2534 4745 2703 4799 solem
2746 4743 2813 4796 ad
2862 4742 3152 4796 fruendum
3221 4742 3506 4811 proposuit

1925 4845 1978 4888 et
2016 4851 2079 4889 ex
2114 4837 2402 4890 elementis
2433 4835 2614 4889 omnia
2663 4834 2876 4888 vivendi
2935 4833 3182 4887 subsidia
3251 4832 3502 4900 praebuit,

1924 4941 1986 4980 ex
2033 4936 2197 4986 terra,
2230 4941 2297 4980 ex
2337 4927 2471 4996 igni,
2507 4942 2572 4980 ex
2629 4940 2777 4988 aere,
2812 4933 2864 4978 et
2900 4939 3077 4993 aqua;
3149 4926 3242 4993 qui
3299 4923 3502 4977 donum

1925 5019 2222 5088 cogitandi,
2261 5017 2731 5074 animadvertendi
2760 5016 3216 5086 intelligendique
3241 5016 3460 5084 praebuit
3489 5033 3500 5076 ;

1924 5111 2016 5179 qui
2054 5110 2494 5181 appreliendendi
2526 5120 2583 5166 et
2624 5110 2953 5166 defendendi
2995 5124 3240 5171 sensum,
3274 5109 3365 5176 qui
3409 5107 3501 5160 bo-

1922 5218 2052 5256 num
2084 5219 2113 5256 a
2149 5202 2291 5256 malo
2323 5201 2669 5258 discernendi
2699 5203 2984 5258 scientiam
3025 5199 3216 5254 dedit?
3241 5198 3333 5267 qui
3384 5196 3497 5250 fieri

1921 5293 2087 5364 igitur
2120 5301 2301 5364 potest
2346 5303 2403 5347 ut
2449 5303 2504 5347 tu
2546 5293 2818 5363 ejusmodi
2862 5291 3092 5344 Domino
3130 5289 3374 5348 obedias,
3443 5295 3498 5338 ut

1919 5402 2044 5440 eum
2079 5402 2186 5441 non
2214 5386 2504 5442 offendas?
2533 5400 2600 5440 an
2633 5399 2741 5438 non
2793 5398 2821 5436 τι
2853 5383 3137 5438 dominatu
3179 5378 3500 5436 dcscivisti?

1921 5487 1988 5532 an
2024 5493 2134 5535 non
2168 5477 2236 5533 ad
2267 5487 2554 5551 peceatum
2582 5475 2920 5555 profugisti?
2953 5490 3020 5528 an
3057 5490 3164 5528 non
3192 5471 3495 5542 improbum

837 5656 882 5688 “
920 5655 1067 5712 Psal.
1100 5672 1230 5724 vui,
1266 5654 1316 5710 8.
1378 5655 1423 5689 "
1465 5655 1610 5710 Psal.
1645 5671 1840 5711 cnvtu
1863 5695 1878 5722 ,
1908 5658 1959 5721 8,
