3996 6196
314 320 446 374 “93

1407 321 1490 374 illi
1517 275 2113 376 liEATlTUidNIBUS.
2149 315 2406 373 ORATIO
2439 320 2479 373 l.

3438 312 3570 372 ιιςι

317 437 405 506 pob
436 437 726 507 εὐχόμενος
747 477 760 500 ,
796 438 899 501 ἔξω
934 438 1042 490 τῶν
1078 440 1398 510 πειρασμῶν
1439 440 1689 506 γενέσθαι
1721 458 1891 513 παρα·
1923 483 1930 499 λ

2017 437 2286 491 nundanis
2307 434 2538 506 negotiis
2555 433 2914 488 tentationum
2937 432 3256 486 occasiones
3277 429 3571 493 exsistunt.

310 530 480 583 καλεῖ.
527 531 600 582 Οὐ
654 530 763 601 γὰρ
813 531 879 584 ἄν
930 547 1013 593 τις
1057 534 1300 602 καταπίῃ
1343 534 1403 585 τὸ
1449 536 1760 604 ἄγκιστρον,
1815 535 1888 602 μὴ

310 621 668 683 κατασπάσας
696 623 753 673 ἐν
779 621 988 692 λιχνείᾳ
1012 623 1072 675 τὸ
1102 623 1315 693 δέλεαρ.
1358 624 1494 675 Ἀλλ’
1527 624 1766 694 εἴπωμεν
1799 625 1892 677 καὶ

311 714 470 782 ἡμεῖς
490 713 818 776 ἀναστάντες
853 713 928 783 τῷ
956 713 1095 783 Θεῷ,
1129 715 1207 766 ὅτι
1230 715 1338 782 ,Μὴ
1361 717 1707 784 εἰσενέγκῃς
1738 713 1895 785 ’ἡμᾶς

309 807 395 870 εις
432 804 766 873 πειρασμὸν
807 806 1125 874 (τουτέστιν,
1176 810 1255 870 εἰς
1304 808 1371 861 τὰ
1407 807 1500 860 τοῦ
1543 808 1656 878 βίου
1701 808 1892 877 κακὰ),

311 897 470 950 ἀλλὰ
507 897 692 964 ῥῦσαι
737 895 894 965 ἡμᾶς
946 897 1062 951 ἀπὸ
1108 899 1212 953 τοῦ
1265 899 1548 967 πονηροῦ,
1586 899 1679 952 τοῦ
1721 902 1776 953 ὲν
1822 901 1898 970 τῷ

311 987 501 1056 κόσμῳ
526 987 703 1058 τούτῳ
748 988 846 1058 τὴν
881 990 1032 1058 ἰσχὺν
1075 991 1434 1060 κεκτημένου,
1465 986 1525 1044 οὗ
1559 991 1897 1062 ρυσθείημεν

309 1080 489 1149 χάριτι
520 1079 614 1131 τοῦ
648 1079 903 1150 Χριστοῦ,
951 1081 1030 1132 ὅτι
1071 1081 1217 1150 αὐτῷ
1247 1083 1277 1152 ὴ
1304 1082 1528 1152 δύναμις
1569 1085 1661 1137 καὶ
1688 1087 1720 1156 ἡ
1746 1085 1893 1150 δόξα,

309 1170 426 1238 ἅμα
464 1169 542 1239 τῷ
569 1171 761 1241 Πατρὶ,
806 1172 901 1222 καὶ
943 1171 1020 1240 τῷ
1051 1173 1188 1240 ἁγίῳ
1215 1172 1508 1244 Πνεύματι,
1538 1174 1629 1227 νῦν
1666 1176 1759 1228 καὶ
1788 1175 1894 1240 ἀεὶ,

311 1259 402 1310 καὶ
441 1260 519 1321 είς
550 1261 674 1322 τοὺς
706 1259 906 1323 αἰῶνας
934 1261 1041 1313 τῶν
1074 1260 1305 1316 αἰώνων.
1357 1264 1548 1334 Ἀμήν.

329 1541 760 1562 ᾏ--σ-..σ--οὰ
771 1552 1570 1563 “ww—av.-.“
1604 1556 1817 1564 ...ο-

2001 539 2144 582 recte
2173 536 2227 581 et
2258 527 2652 582 convenienter
2677 524 2767 593 qui
2804 539 2833 577 a
2863 524 3010 577 malo
3035 524 3260 579 liberari
3293 530 3571 592 precatur,

2006 627 2064 672 ut
2103 619 2500 674 tentationibus
2530 617 2823 682 eximatur,
2851 626 2988 669 orat.
3034 614 3150 669 Non
3175 615 3320 669 enim
3373 613 3573 683 aliquis

2005 710 2224 763 hamum
2257 706 2758 771 devoraverit,-nisi
2793 722 2890 775 per
2935 707 3226 774 ingluviem
3266 719 3445 760 escam
3489 712 3572 758 at-

2007 800 2254 854 traxerit.
2289 797 2490 853 Verum
2552 806 2841 868 surgentes
2893 797 3138 850 dicamus
3173 796 3336 849 etiam
3370 809 3471 846 nos
3504 792 3570 845 ad

2007 892 2174 945 Deum
2203 912 2216 945 :
2255 890 2337 945 Ne
2369 908 2462 945 nos
2497 891 2718 944 inducas
2754 893 2806 943 in
2849 889 3212 947 tentationem,
3247 886 3348 938 hoc
3387 892 3471 938 est
3517 884 3574 936 iu

2003 983 2145 1036 mala
2176 984 2398 1038 saeculi:
2454 983 2543 1037 sed
2596 983 2758 1036 libera
2783 999 2875 1036 nos
2913 998 2945 1034 a
3007 981 3167 1043 malo,
3220 978 3311 1048 qui
3365 978 3417 1028 in
3473 974 3575 1028 hoc

2004 1077 2208 1131 mundo
2234 1077 2380 1131 vires
2413 1076 2596 1142 habet,
2629 1091 2657 1128 a
2681 1092 2790 1145 quo
2824 1076 3119 1130 liberemur
3144 1071 3318 1142 gratia
3341 1065 3570 1129 Christi,

2000 1172 2089 1223 cui
2125 1170 2363 1239 potentia
2407 1180 2460 1223 et
2508 1170 2678 1239 gloria
2740 1185 2846 1223 una
2895 1184 3016 1224 cum
3053 1167 3212 1220 Patre
3250 1173 3303 1219 et
3363 1162 3571 1232 Spiritu

1999 1269 2209 1323 sancto,
2255 1275 2399 1314 mune
2430 1267 2483 1315 et
2509 1275 2744 1329 semper,
2777 1261 2908 1315 etin
2967 1259 3162 1314 saecula
3224 1255 3568 1312 saeculorum.

1999 1352 2190 1405 Amen.

1690 1749 1826 1802 ΤΟΥ
1862 1750 1954 1802 ΕΝ
1987 1749 2209 1801 ΑΙΊΟΙΣ

1382 1929 2000 2018 ΓΡΗΓΟΡΙΟΥ
2073 1930 2503 2016 ΝΥΣΣΗΣ

965 2155 1204 2268 ΕΙΣ
1294 2151 1682 2269 ΤΟΥΣ
1794 2153 2942 2273 ΜΑΚΑΡΙΣΜΟΥΣ.

1268 2589 1362 2678 S.
1419 2583 1997 2677 GBEGORII
2069 2583 2578 2672 NYSSENI

1119 2821 1310 2932 DE
1385 2799 2764 2935 BEATITUDINIBUS.

1592 3065 1788 3119 Eodem
1819 3064 2007 3134 Sifana
2031 3065 2325 3136 interprete.

959 3438 1177 3492 ΛΟΓΟΣ
1213 3439 1290 3492 A’.

336 3529 514 3587 Ἰδὼν
558 3529 627 3584 δὲ
666 3529 807 3596 τοὺς
852 3529 1101 3599 ὄχλους,
1142 3529 1324 3600 ἀνέϐη
1360 3531 1451 3597 εἰς
1497 3531 1566 3584 τὸ
1611 3532 1767 3600 ὄρος
1805 3534 1902 3586 καὶ

401 3601 768 3665 καθίσαντος
788 3600 997 3671 αὐτοῦ,
1024 3599 1377 3671 προσῆλθον
1393 3601 1554 3666 αὐτῷ
1580 3605 1632 3656 οι
1644 3599 1648 3600 ί
1651 3601 1904 3671 μαθηταὶ

404 3671 610 3725 αὑτοῦ·
647 3671 744 3722 καὶ
776 3669 1024 3738 ἀνοίξας
1046 3669 1109 3738 τὸ
1131 3671 1323 3738 στόμα
1343 3671 1549 3730 αὐτοῦ.
1583 3669 1908 3726 ἐδίδασκεν·

397 3739 640 3803 αὐτοὺς,
674 3738 892 3808 λέγων·
939 3737 1322 3806 Μακάριοιοὶ
1362 3739 1581 3808 πτωχοὶ
1607 3739 1686 3805 τῷ
1724 3742 1907 3795 πνεύ-

391 3825 556 3878 ματι,
582 3809 670 3861 ὅτι
696 3806 893 3862 αὐτῶν·
909 3809 1077 3862 ἐστιν
1105 3809 1144 3875 ἠ
1166 3809 1452 3872 ,ϐασιλεία
1475 3806 1594 3862 τῶν
1615 3810 1904 3878 οὐρανῶν.

397 3900 494 3962 Τίς
519 3900 626 3968 ἄρα
664 3897 900 3962 τοιοῦτός
929 3900 1077 3951 ἐστιν
1109 3899 1166 3952 ὲν
1196 3901 1308 3962 τοῖς
1347 3899 1801 3972 συνειλεγμένοις,
1833 3902 1908 3965 ὡς

326 3991 578 4062 μαθητής
598 4008 658 4042 τε
691 3985 827 4042 εἶναι
856 3989 950 4043 τοῦ
986 3990 1156 4058 Λόγου
1183 4033 1196 4053 ,
1225 3991 1317 4042 ml.
1356 3991 1718 4062 συναναϐῆναι
1756 3990 1906 4062 αὐτῷ

320 4081 586 4154 χαμόθεν,
609 4081 718 4134 ἀπὸ
739 4081 848 4133 τῶν
877 4079 1070 4132 κοίλων
1092 4097 1148 4132 τε
1177 4081 1269 4133 καὶ
1298 4082 1568 4134 ταπεινῶν
1594 4084 1905 4155 νοημάτων,

321 4175 406 4234 εἰς
428 4171 489 4222 τὸ
520 4170 884 4240 πνευματικὸν
911 4168 1035 4239 ὅρος
1051 4171 1149 4239 τῆς
1178 4168 1388 4238 ὑψηλῆς
1415 4169 1681 4239 θεωρίαςς
1715 4171 1778 4222 Ὃ
1805 4170 1910 4222 πᾶ-

325 4280 428 4314 σαν
455 4263 552 4332 μὲν
585 4260 740 4314 σκιὰν
768 4261 866 4330 τὴν
899 4261 963 4312 ὲκ
1007 4259 1114 4311 τῶν
1150 4259 1664 4329 ὑπερανεστηκότων
1686 4260 1786 4329 τῆς
1814 4277 1912 4314 κα-

325 4352 454 4412 κίας
501 4349 789 4418 γεωλόφων
837 4348 1197 4417 ἐκπέφευγεν,
1225 4350 1601 4420 ἁπανταχόθεν
1629 4350 1684 4403 δὲ
1716 4353 1781 4420 τῇ
1815 4349 1910 4403 τοῦ

326 4439 584 4509 ἀληθινοῦ
607 4439 781 4510 φωτὸς
804 4440 981 4492 ἀκτῖνι
1004 4439 1504 4510 περιλαμπόμενον,
1529 4441 1586 4492 ὲν
1607 4438 1823 4510 καθαρᾷ
1845 4441 1910 4508 τῇ

327 4533 428 4602 τῆς
453 4530 713 4600 ἀληθείας
729 4530 914 4602 αἰθρίᾳ.
936 4530 1111 4584 πάντα
1137 4531 1350 4584 δίδωσιν
1380 4533 1443 4584 ὲκ
1474 4530 1758 4601 περιωπῆς
1785 4529 1912 4583 καθ-

327 4624 484 4691 opim,
501 4623 599 4673 ὅσα
619 4625 726 4684 τοῖς
745 4623 802 4672 ὲν
821 4621 895 4690 τῷ
909 4621 1072 4691 κοίλῳ
1089 4621 1499 4694 καθειργμένοις
1514 4622 1662 4674 ἐστὶν
1682 4621 1905 4674 ἀθέατα.

330 4713 414 4764 Τὰ
441 4713 497 4764 δὲ
523 4712 630 4764 ἀπὸ
654 4711 747 4764 τοῦ
779 4711 945 4781 ὕψους
974 4713 1162 4764 τούτου
1190 4712 1654 4781 κατοπτευόμενα,
1701 4706 1788 4764 οἷα
1817 4712 1912 4765 καὶ

2625 3440 2883 3495 ORATIO
2913 3442 2952 3496 Ι.

2018 3535 2156 3590 Visis
2187 3543 2360 3588 autem
2397 3533 2566 3586 turbis
2596 3534 2833 3586 ascendit
2863 3535 2916 3586 in
2957 3541 3204 3596 montem,
3228 3545 3276 3588 et
3303 3551 3419 3588 cum
3457 3554 3571 3591 con.

2077 3605 2313 3665 sedisset,
2368 3612 2700 3674 accesserunt
2747 3603 2816 3654 ad
2863 3602 3013 3674 illum
3059 3603 3309 3674 discipuli
3349 3605 3484 3674 ejus,
3531 3617 3580 3660 et

2079 3685 2259 3743 aperto
2290 3690 2378 3728 ore
2406 3689 2504 3726 sua
2521 3671 2739 3724 docebat
2767 3688 2875 3736 eos,
2907 3672 3120 3726 dicens:
3142 3672 3292 3725 Beati
3326 3671 3580 3741 pauperes

2077 3746 2291 3814 spiritu,
2316 3743 2564 3813 quoniam
2581 3758 2761 3796 eorum
2796 3752 2871 3794 est
2900 3758 3112 3811 regnum
3145 3743 3470 3796 caelorum".

2079 3894 2214 3961 Quis
2242 3896 2406 3966 igitur
2431 3895 2484 3948 in
2516 3895 2619 3949 hoc
2638 3900 2782 3948 coetu
2812 3892 2937 3948 talis
2968 3901 3072 3959 est,
3104 3895 3196 3965 qui
3226 3903 3278 3951 et
3301 3895 3579 3953 Sermonis

2009 3985 2311 4056 discipulus
2339 3985 2431 4048 sit,
2460 3992 2514 4040 et
2541 4000 2661 4038 cum
2685 4001 2769 4052 eo,
2803 4002 2833 4040 a
2859 3988 3092 4042 terrenis
3129 3989 3495 4059 concavisque
3518 4005 3581 4044 ac

2011 4077 2308 4131 humilibus
2330 4075 2751 4146 cogitationibus
2781 4087 2832 4131 et
2849 4077 3215 4132 intellectibus
3241 4079 3498 4133 ascendat
3524 4080 3576 4133 in

2012 4167 2347 4237 spiritualem
2375 4175 2611 4222 montem
2635 4167 2756 4221 altae
2783 4169 3397 4244 contemplationis?qui
3423 4185 3580 4225 mons

2012 4272 2227 4312 omnem
2259 4257 2477 4327 quidem
2515 4257 2762 4312 umbram
2807 4274 2873 4313 ex
2923 4259 3290 4315 eminentibus
3323 4261 3582 4329 nequitia:

2012 4349 2236 4418 vitiique
2271 4348 2494 4402 tumulis
2526 4358 2832 4416 porrectam
2866 4348 3070 4418 eﬁ‘ugit,
3109 4366 3176 4404 ex
3208 4351 3463 4406 omnibus
3490 4367 3582 4407 au-

2013 4447 2119 4494 tem
2151 4438 2397 4510 partibus
2424 4454 2566 4493 vera:
2593 4439 2733 4494 lucis
2760 4440 2913 4494 radio
2940 4441 3316 4506 collustratus,
3358 4442 3411 4496 in
3443 4459 3579 4514 pura

2012 4530 2260 4585 veritatis
2311 4529 2606 4585 serenitate
2641 4531 2823 4583 omnia
2873 4545 3211 4600 quaecunque
3246 4533 3301 4586 in
3336 4547 3581 4588 concavo

2013 4621 2374 4675 coercitorum
2412 4629 2465 4674 et
2495 4621 2882 4675 conclusormn
2929 4622 3104 4678 oculis
3133 4623 3403 4678 subducta
3432 4633 3580 4685 sunt.

2013 4728 2076 4767 ex
2105 4714 2325 4782 specula
2357 4713 2742 4783 conspicienda
2771 4715 2990 4783 praebet.
3027 4716 3156 4782 Quae
3182 4727 3361 4772 autem
3390 4719 3457 4772 ab
3481 4719 3583 4772 hac

328 4805 430 4856 ὅσα
455 4803 622 4865 ἐστὶν,
657 4804 817 4888 αὐτὸς
853 4803 881 4855 ὁ
912 4803 1042 4866 θεὸς
1064 4804 1252 4871 Λόγος,
1287 4803 1603 4874 μακαρίζων
1629 4804 1754 4867 τοὺς
1790 4819 1912 4855 συν-

2017 4803 2305 4858 altitudine
2339 4804 2773 4874 conspiciuntur,
2821 4813 2954 4875 quot
2979 4816 3032 4861 et
3065 4808 3248 4877 qualia
3292 4810 3424 4873 sint,
3468 4811 3583 4878 ipse

330 4893 640 4955 αναὸάντας
686 4894 833 4964 αὐτῷ
868 4893 1219 4965 διεξέρχεται,
1245 4888 1353 4948 οἷον
1382 4893 1626 4964 δακτύλῳ
1661 4895 1766 4947 τινὶ
1798 4893 1907 4946 δει-

329 4984 482 5046 κνὺς,
510 4982 658 5034 ἔνθεν
694 4984 792 5053 μὲν
823 4984 919 5055 τὴν
963 4984 1068 5038 τῶν
1095 4985 1337 5056 οὐρανῶν
1379 4985 1674 5054 βασιλείαν,
1707 4984 1906 5054 ἑτέρω-

329 5071 423 5125 θεν
459 5072 536 5135 δὲ,
577 5073 676 5142 τῆς
715 5074 826 5126 ἄνω
866 5075 970 5144 γῆς
1019 5075 1116 5146 τὴν
1161 5075 1551 5147 κληρονομίαν·
1590 5073 1706 5128 εἶτα
1740 5075 1905 5138 ἔλεον,

330 5163 427 5214 καὶ
451 5162 818 5232 δικαιοσύνην,
870 5165 963 5217 καὶ
991 5165 1356 5236 παράκλησιν,
1401 5165 1495 5218 καὶ
1522 5165 1620 5236 τὴν
1649 5165 1786 5237 πρὸς
1817 5165 1909 5218 τὸν

327 5253 464 5305 Θεὸν
495 5253 601 5306 τῶν
623 5254 758 5307 ὅλων
783 5256 1069 5327 γινομένην
1101 5257 1436 5325 συγγένειαν”
1468 5257 1562 5310 καὶ
1591 5258 1681 5310 τὸν
1712 5258 1776 5309 ὲκ
1800 5256 1909 5309 τῶν

325 5341 586 5412 διωγμῶν
618 5342 847 5414 καρπὸν,
887 5346 915 5396 ὅ
959 5347 1072 5398 ἐστι
1103 5346 1162 5398 τὸ
1192 5347 1433 5400 σύνοικον
1471 5345 1606 5399 Θεοῦ
1636 5347 1906 5415 γενέσθαι·

329 5432 428 5484 xui.
453 5435 553 5486 ὅσα
578 5434 713 5487 ἄλλα
757 5436 983 5502 πάρεστι
1014 5436 1146 5506 πρὸς
1185 5438 1395 5501 τούτοις
1432 5437 1672 5508 βλέπειν,
1701 5438 1906 5493 ἄνωθεν

329 5525 394 5577 ἐκ
426 5523 520 5577 τοῦ
565 5525 725 5596 δρους
761 5527 1324 5593 δακτυλώεικτοῦντος
1349 5530 1444 5584 τοῦ
1491 5531 1684 5600 Λόγον,
1725 5535 1788 5586 ἐκ
1811 5532 1910 5603 τῆς

406 5700 454 5731 ⁸⁷
494 5696 685 5754 Matth.
718 5717 773 5762 ν.
810 5702 830 5755 I
876 5717 996 5772 sqq.

618 5794 888 5855 Ps‘rnoe.
935 5797 1047 5855 Gn.
1081 5795 1289 5856 XLIV.

2016 4895 2161 4951 Deus
2191 4893 2454 4960 Verbum,
2494 4912 2678 4951 eorum
2712 4898 2806 4967 qui
2851 4913 2954 4952 una
2983 4914 3170 4954 secum
3215 4901 3580 4956 ascenderunt

2015 4987 2405 5042 beatitudinem
2450 4987 2773 5056 explicando
2808 4991 3180 5060 prosequitur,
3212 5001 3467 5061 tanquam
3502 4993 3576 5045 di-

2013 5079 2124 5148 gito
2163 5077 2398 5148 quodam
2427 5078 2741 5145 ostendens,
2788 5079 2914 5134 hinc
2947 5081 3164 5150 quidem
3219 5097 3443 5152 regnum
3474 5097 3584 5135 ca:-

2017 5170 2217 5231 lorum,
2252 5182 2317 5222 ex
2361 5169 2532 5222 altera
2560 5183 2691 5224 vero
2721 5177 2895 5239 parte,
2942 5186 3192 5240 superna:
3221 5179 3380 5226 terra:
3414 5171 3587 5225 luerw

2016 5255 2239 5311 ditatem
2279 5274 2290 5309 :
2326 5254 2522 5310 deinde
2575 5256 3032 5323 misericordiam,
3088 5266 3140 5311 et
3183 5257 3477 5327 justitiam,
3534 5264 3585 5310 et

2017 5344 2471 5408 consolationem,
2522 5353 2684 5414 atque
2723 5359 2864 5409 eam,
2918 5359 3039 5411 quae
3088 5360 3212 5399 cum
3249 5345 3356 5401 Deo
3401 5360 3584 5398 rerum

2019 5439 2396 5492 universarum
2422 5435 2656 5501 exsistit,
2691 5435 3074 5503 cognationem
3114 5454 3127 5489 :
3166 5446 3219 5490 et
3246 5437 3479 5491 fructum
3521 5449 3582 5488 ex

2019 5525 2516 5599 persecutionibus,
2549 5521 2694 5593 quod
2719 5528 2801 5578 est
2831 5523 3282 5582 contubernalem
3308 5524 3399 5581 Dei
3437 5523 3587 5594 ﬁeri;

3153 5794 3242 5860 38
