3996 6196
456 260 592 316 H95

1712 253 1770 309 S.
1812 254 2134 308 GliEGORlI
2178 253 2217 306 Ν
2230 254 2468 306 YSSENI

3518 265 3624 324 i196

455 388 518 427 ac
567 384 921 441 quaecumque
969 370 1072 421 alia
1128 377 1384 437 praetcrea
1432 371 1476 423 si
1512 370 1634 439 quis
1688 385 1751 424 ex
1798 370 2013 423 sublimi

2122 368 2326 438 ὑψηλῆς
2391 370 2617 431 σκοπιᾶς
2672 368 2758 421 διὰ
2815 369 2920 421 τῶν
2970 369 3198 423 ἐλπίδων
3241 372 3635 447 ἀποϐλεπόμενον.

453 463 671 534 specula
704 475 799 531 per
836 475 987 529 spem
1018 460 1305 530 despiciat,
1339 476 1576 531 superne
1611 461 1679 514 de
1718 470 1900 516 monte
1938 461 2022 515 di-

452 555 563 624 gito
610 559 947 619 monstrante
997 551 1194 619 Verbo,
1252 554 1308 606 in
1360 561 1613 623 promptu
1674 561 1757 607 est
1814 552 2018 608 videre.

452 644 720 711 Quoniam
757 643 923 713 igitur
952 643 1198 698 ascendit
1226 642 1487 698 Dominus
1525 645 1578 696 in
1612 654 1869 706 montem,
1925 660 2021 696 au-

452 735 672 789 diamus
705 734 894 788 Isaiam
947 733 1305 787 clamantem:
1353 732 1551 797 Venite,
1595 735 1938 787 ascendamus
1970 735 2023 787 in

452 831 676 876 montem
707 822 916 875 Domini
936 822 1013 886 ⁸⁸,
1047 829 1211 892 atque
1239 823 1452 879 etiamsi
1478 822 1785 878 laboramus
1813 838 1876 877 ex
1899 837 2024 892 pec-

456 920 600 973 cato,
646 912 1017 966 confortemus
1040 919 1093 966 et
1131 912 1539 977 eontirmemus,
1569 912 2023 983 quemadmodum

452 1003 732 1072 prophetia
784 1003 1107 1071 praescribit,
1167 1019 1363 1058 manus
1400 1004 1687 1075 languidas
1737 1020 1799 1059 ac
1848 1020 2023 1075 genua

451 1093 737 1148 dissoluta.
774 1091 905 1145 Nam
943 1093 989 1147 si
1031 1095 1084 1146 in
1126 1109 1398 1148 summum
1443 1093 1635 1164 jugum
1665 1094 2022 1157 evaserimus,

452 1185 794 1241 inveniemus
837 1185 929 1254 qui
981 1182 1264 1239 medeatur
1306 1186 1453 1239 omni
1503 1187 1715 1252 morbo,
1769 1186 2026 1256 omnique

453 1277 737 1346 languori,
808 1290 1000 1345 nempe
1053 1291 1176 1331 eum
1240 1277 1335 1345 qui
1392 1276 1738 1338 inﬁrmitates
1805 1291 2026 1336 nostras

454 1367 704 1434 suscipit,
745 1374 797 1418 et
842 1365 1062 1418 morbos
1113 1371 1293 1433 portat
1316 1365 1377 1417 δ’.
1437 1364 1702 1430 Quocirca
1741 1381 2025 1422 curramus

454 1460 616 1513 etiam
669 1473 769 1513 nos
817 1456 886 1510 ad
926 1471 1238 1519 ascensum,
1271 1463 1329 1509 ut
1361 1471 1485 1510 cum
1528 1455 1667 1512 Isaia
1714 1457 1768 1512 in
1815 1474 2027 1513 summo

450 1550 580 1620 jugo
608 1550 720 1619 spei
749 1548 1031 1603 constituti
1064 1547 1495 1616 contemplemur
1544 1564 1607 1601 ex
1639 1550 1858 1618 specula
1887 1551 2025 1603 bona

456 1641 544 1695 illa
580 1655 701 1710 qua:
756 1640 960 1696 secutis
1006 1640 1061 1693 in
1117 1636 1457 1691 altitudinem
1488 1636 1724 1693 Verbum
1754 1640 2024 1706 ostendit;

2136 458 2352 527 Ἐπειδὴ
2369 454 2460 511 οὖν
2481 458 2755 511 ἀναϐαίνει
2782 459 2860 522 εἰς
2875 460 2935 512 τὸ
2951 460 3073 528 ὄρος
3100 463 3128 513 6
3146 461 3359 530 Κύριος,
3374 466 3639 539 ἀκούσωμεν

2135 548 2353 600 ’Πσαΐου
2391 547 2638 618 βοῶντος·
2664 547 2858 613 Δεῦτε,
2882 549 3193 618 ἁναϐῶμεν
3222 554 3307 616 εὶς
3333 554 3387 606 τὸ
3415 554 3534 622 ὅρος
3560 558 3644 613 τοῦ

2121 642 2362 706 Κιιρίου·
2398 639 2500 693 κᾶν
2541 638 2855 709 ἀσθενῶμεν
2902 638 2961 703 ἐξ
2995 641 3283 710 ἁμαρτίας,
3313 644 3641 715 ἔνισχύσωμεν,

2123 726 2302 792 καθὼς
2323 730 2606 797 ὑφηγεῖται
2629 729 2662 797 ἡ
2686 729 3018 800 προφητεία,
3042 734 3227 801 χεῖρας
3251 734 3551 801 παρειμένας
3571 738 3648 791 καὶΙ

2123 819 2324 884 γόνατα
2354 818 2791 888 παραλελυμένα.
2828 819 2890 870 Εἰ
2928 818 3037 890 γὰρ
3076 819 3168 870 ἐπὶ
3200 819 3290 871 τοῦ
3326 820 3478 891 ἄκρου
3501 824 3647 889 γενοί-

2128 908 2296 978 μεθα,
2337 909 2639 980 εὑρήσομεν
2669 907 2761 961 τὸν
2797 909 3024 979 ἰώμενον
3057 912 3238 963 πᾶσαν
3275 912 3417 963 νόσον
3450 914 3532 966 καί
3561 917 3683 975 πεί-ρ

2126 1017 2224 1053 σαν
2279 998 2567 1069 μαλακίαν,
2604 1001 2693 1054 τὸν
2730 1000 2827 1063 τὰς
2870 1000 3154 1063 ἀσθενείας
3194 1001 3343 1070 ἡμῶν
3384 995 3685 1074 ἀναλαμϐά-ἔ

2125 1109 2319 1157 νοντα,
2371 1093 2464 1145 καὶ
2512 1091 2608 1155 τὰς
2656 1093 2844 1154 νόσους
2890 1089 3247 1161 βαστάζοντα.
3304 1091 3494 1144 Οὐκοῦν
3545 1088 3685 1163 δρά-’

2129 1200 2315 1253 μωμεν
2341 1183 2435 1235 καὶ
2458 1184 2618 1253 ἡμεῖς
2657 1182 2793 1253 πρὸς
2822 1183 2922 1252 τὴν
2957 1182 3159 1245 ἄνοδον,
3197 1182 3281 1234 ἵνα
3314 1183 3442 1253 μετά
3469 1184 3655 1237 Ἡσαΐου

2125 1274 2264 1326 κατά
2300 1277 2399 1344 τὴν
2432 1272 2740 1346 ἀκρώρειαν
2771 1273 2871 1342 τῆς
2898 1274 3111 1336 ἐλπίδος
3158 1273 3453 1342 γενόμενοι,
3489 1274 3651 1345 ἴδωμεν

2124 1367 2187 1417 ὲκ
2223 1367 2504 1436 περιωπῆς
2536 1366 2604 1418 τὰ
2652 1364 2833 1433 ἀγαθά
2873 1366 3089 1425 ἐκεῖνα,
3117 1366 3217 1419 ὅσα
3257 1368 3365 1427 τοῖς
3407 1364 3657 1435 ἀκολουθή-

2127 1474 2282 1510 σασιν
2317 1460 2408 1510 ἐπὶ
2442 1458 2502 1510 τὸ
2530 1457 2661 1525 ὕψος
2684 1458 2713 1509 6
2739 1457 2909 1525 Λόγος
2940 1456 3231 1511 δείκνυσιν.
3276 1456 3405 1509 Ἀλλ’
3434 1455 3663 1520 ἀνοιξάτω

2130 1551 2222 1601 καὶ¹
2255 1552 2385 1619 ἡμῖν
2415 1552 2441 1601 6
2465 1548 2594 1610 Θεὸς
2629 1548 2797 1614 Λόγος
2827 1547 2887 1599 τὸ
2922 1546 3110 1616 στόμα,
3156 1546 3250 1598 καὶ
3275 1544 3519 1609 διδαξάτω
3540 1546 3662 1615 ἡμᾶς

2126 1642 2337 1702 ἐκεῖνα,
2380 1635 2456 1693 ὧν
2504 1642 2538 1711 ἡ
2582 1639 2845 1710 ἀκρόασις
2889 1638 3225 1709 μακαριότης
3268 1638 3431 1691 ἐστίν’
3458 1636 3665 1705 γενέσθω

453 1747 640 1786 verum
692 1730 855 1785 etiam
910 1731 1068 1784 nobis
1098 1727 1240 1782 Deus
1283 1725 1519 1782 Verbum
1573 1744 1635 1784 os
1674 1731 1902 1799 aperiat,
1962 1745 2019 1783 ac

2126 1731 2183 1784 δὲ
2226 1730 2385 1802 ἡμῶν
2424 1732 2566 1801 ἀρχὴ
2614 1731 2713 1799 τῆς
2757 1728 3013 1799 θεωρίας,
3055 1729 3225 1799 ἡτῶν
3268 1727 3553 1798 εἰρημένων
3583 1727 3664 1796 τῆς

453 1823 644 1876 doceat
683 1815 783 1876 nos
829 1837 891 1876 ea
938 1836 1167 1890 quorum
1226 1820 1432 1873 auditio
1473 1820 1748 1873 beatitudo
1781 1832 1881 1875 est.
1920 1820 2025 1875 Su-

2131 1822 2476 1885 διδασκαλίας
2498 1822 2662 1891 ἀρχή.

456 1920 632 1964 matur
679 1919 856 1965 autem
892 1927 921 1964 a
955 1912 1108 1965 nobis
1161 1910 1371 1964 initium
1423 1913 1922 1977 contemplationis,
1964 1920 2018 1967 et
2057 1914 2551 1977 commentationis,
2612 1914 2755 1985 unde
2825 1912 3089 1966 doctrinae
3163 1910 3432 1966 dictorum
3479 1908 3667 1963 initium

454 2006 637 2075 erepit.

525 2096 699 2159 Beati,
740 2093 936 2163 inquit,
985 2109 1234 2160 pauperes
1287 2095 1498 2160 spiritu,
1553 2094 1803 2161 quoniam
1842 2109 2019 2147 eorum

452 2196 528 2241 est
560 2200 769 2254 regnum
806 2184 1075 2236 cartorum.
1120 2180 1176 2234 Si
1208 2181 1334 2251 quis
1362 2195 1559 2235 avarus
1588 2179 1795 2234 incidat
1834 2181 1890 2235 in
1937 2190 2020 2234 ta-

454 2277 610 2332 bulas
654 2275 966 2328 thesaurum
1027 2272 1225 2326 alicubi
1273 2270 1652 2326 absconditum
1693 2270 2017 2335 iudicantes,

454 2369 500 2420 is
531 2374 712 2419 autem
757 2363 931 2423 locus,
979 2362 1070 2430 qui
1107 2364 1419 2415 thesaurum
1453 2363 1747 2425 contineat,
1788 2362 2019 2415 multum

452 2456 704 2513 sudorem
766 2463 819 2509 et
881 2453 1120 2508 laborem
1184 2452 1558 2522 aspir-antibus
1623 2450 1689 2503 ad
1744 2465 1838 2506 eas
1891 2466 2021 2520 opes

451 2547 744 2610 ostendat,
798 2545 1041 2616 nunquid
1074 2544 1139 2597 ad
1182 2543 1397 2598 labores
1431 2543 1839 2613 oblanguescet,
1879 2553 1932 2597 et
1968 2543 2021 2594 in

452 2641 609 2693 lucro
637 2637 928 2707 quatiendo
959 2636 1144 2708 segnis
1171 2636 1298 2699 erit,
1337 2636 1659 2705 nullumque
1698 2652 1807 2706 pra:
1840 2634 2023 2690 studio

451 2730 691 2783 laborem
741 2742 956 2783 sumere
985 2737 1146 2797 atque
1178 2724 1620 2796 defatigationem
1670 2726 1856 2781 subire
1885 2726 2022 2780 divi-

452 2819 544 2874 tiis
575 2817 793 2873 dulcius
834 2825 889 2872 et
922 2817 1220 2885 jucundius
1267 2816 1646 2872 existimabit?
1684 2814 1801 2869 Non
1850 2816 1924 2869 ita
1965 2831 2023 2869 se

452 2923 542 2962 res
571 2906 762 2961 habet:
795 2921 903 2960 non
937 2907 1011 2961 ita
1040 2913 1159 2972 est;
1202 2906 1296 2962 sed
1337 2920 1528 2960 omnes
1566 2905 1784 2974 quidem
1822 2905 1890 2959 ad
1921 2905 2024 2957 hoc

451 2996 738 3052 advocabit
767 2997 1007 3064 amicos;
1057 3012 1120 3051 ex
1161 2996 1418 3052 omnibus
1452 2996 1579 3051 item
1632 2995 1901 3066 partibus,
1955 3010 2019 3049 ex

2196 2092 2503 2161 Μακάριοι,
2548 2094 2743 2162 φησὶν,
2782 2095 2839 2144 οι
2883 2088 3105 2160 πτωχοὶ
3143 2087 3224 2152 τῷ
3266 2079 3670 2152 πνεύματι,ὅτι

2124 2187 2202 2238 at"
2213 2182 2326 2237 τῶν
2357 2184 2527 2237 ἐστιν
2555 2185 2593 2249 ἠ
2620 2183 2908 2247 βασιλεία
2937 2181 3058 2235 τῶν
3078 2176 3369 2247 οὐρανῶν.
3395 2176 3457 2227 Et
3479 2189 3553 2235 τις
3579 2169 3669 2223 τῶν

2125 2274 2462 2346 φιλοχρύσων
2515 2274 2834 2345 γράμμασιν
2886 2272 3096 2342 ἐντύχοι
3126 2268 3400 2341 θησαυρὸν
3446 2266 3499 2317 ὲν
3544 2261 3671 2330 τόπῳ

2125 2364 2562 2435 καταμηνύουσιν
2594 2380 2606 2391 ⁸
2643 2366 2670 2416 6
2704 2362 2758 2415 δὲ
2800 2362 3064 2433 περιέχων
3090 2359 3182 2412 τὸν
3224 2354 3491 2427 θησαυρὸν
3513 2351 3667 2415 τόπος.

2125 2457 2290 2510 πολὺν
2348 2455 2545 2523 ἱδρῶτα
2601 2455 2695 2507 καὶ
2752 2453 2910 2505 πόνον
2953 2448 3300 2503 ὑποδεικνύοι
3354 2448 3459 2509 τοῖς
3513 2440 3671 2496 ἐπιθυ·

2130 2547 2288 2617 μοῦσι
2324 2545 2417 2597 τοῦ
2447 2547 2752 2613 κτήματος·
2782 2538 2891 2612 ἄρα
2919 2539 3390 2612 μαλακισθήσεται
3418 2535 3543 2605 πρὸς
3568 2532 3671 2593 τοὺς

2126 2636 2338 2698 πόνους,
2368 2632 2461 2688 καὶ
2483 2630 2931 2703 καταρᾳθυμήσει
2970 2629 3061 2686 τοῦ
3096 2627 3348 2698 κέρδους,
3378 2625 3468 2679 κα)⁸
3504 2623 3558 2676 τὸ
3584 2636 3673 2692 μη-

2124 2728 2249 2781 δένα
2277 2726 2521 2796 κάματον
2550 2724 2654 2776 ὑπὸ
2682 2724 2781 2794 τῆς
2828 2722 3065 2792 σπουδῆς
3110 2716 3540 2787 εἰσενέγκασθαι,
3564 2712 3675 2780 γλυ-

2125 2817 2352 2887 κύτερον
2401 2815 2495 2869 τοῦ
2542 2814 2768 2867 πλούτου
2819 2817 3146 2883 ποιήσεται;
3190 2812 3310 2865 Οὐκ
3351 2810 3462 2862 ἔστι
3508 2805 3673 2864 ταῦτα.

2127 2912 2228 2962 οὐκ
2255 2909 2399 2961 ἐστιν
2423 2925 2437 2938 υ
2466 2906 2599 2960 ἀλλά
2622 2894 2828 2967 πάντας
2852 2906 2947 2975 μὲν
2976 2903 3113 2976 πρὸς
3142 2902 3309 2956 τοῦτο
3339 2896 3676 2971 παρακαλέσει

2125 2999 2251 3061 τοὺς
2278 2998 2482 3061 φίλους,
2505 2996 2838 3067 πανταχόθεν
2863 2995 2919 3048 δὲ
2949 2994 3025 3058 ὡς
3054 2994 3119 3047 ἂν
3141 2988 3260 3056 οἷός
3287 3009 3350 3045 τε
3448 2990 3541 3059 τὴν
3560 2986 3671 3057 πρὸς

450 3087 651 3153 quibus
705 3086 924 3154 poterit,
977 3084 1198 3139 auxiliis
1252 3084 1356 3139 sibi
1408 3085 1726 3149 contractis,
1777 3085 2019 3138 multitu-

2125 3088 2282 3141 τοῦτο
2340 3086 2589 3157 βοήθειαν
2640 3084 2817 3155 ἑαυτῷ
2869 3084 3192 3156 συναγείρας
3247 3082 3328 3153 τῷ
3370 3080 3554 3151 πλήθει
3593 3076 3676 3144 τῆς

449 3174 577 3229 dine
609 3190 900 3242 operarum
937 3188 1069 3242 opes
1099 3174 1220 3229 illas
1258 3174 1608 3229 absconditas
1668 3188 1797 3228 suas
1842 3173 2019 3228 factu-

451 3278 546 3317 rus
601 3263 691 3316 sit.
759 3260 858 3315 llic
922 3270 1007 3317 est
1070 3262 1161 3317 ille
1219 3262 1527 3327 thesaurus,
1587 3263 1801 3327 fratrer,
1859 3278 2018 3331 quem

451 3353 716 3421 scriptum
749 3351 972 3416 indicat,
1004 3352 1337 3408 absconditae
1385 3363 1562 3409 autem
1598 3369 1693 3424 per
1717 3355 2021 3410 obscurita-

449 3454 560 3501 tem
588 3445 790 3502 divitim
818 3452 965 3498 sunt.
1002 3446 1172 3516 Igitur
1201 3462 1302 3501 nos
1328 3462 1542 3518 quoque
1579 3447 1674 3517 qui
1713 3447 2019 3518 incorrupti

450 3536 568 3590 auri
612 3536 794 3606 cupidi
825 3552 1036 3600 sumus,
1078 3552 1300 3606 precum
1336 3538 1491 3607 quasi
1531 3553 1789 3592 manuum
1838 3538 2020 3594 multi-

448 3628 636 3682 tudine
671 3636 909 3685 utamur.
966 3636 1028 3681 ut
1069 3627 1274 3683 divitia:
1318 3630 1474 3683 nobis
1530 3630 1806 3699 pateﬁant,
1858 3639 2019 3699 atque

447 3732 638 3772 omnes
676 3732 742 3771 ex
794 3731 953 3787 aequo
992 3718 1307 3772 thesaurum
1361 3718 1688 3782 dividamus,
1741 3725 1794 3773 et
1843 3726 2014 3772 totum

447 3825 569 3863 eum
604 3809 837 3879 quisque
888 3810 1157 3879 acquirat.
1203 3807 1353 3865 Talis
1397 3811 1539 3865 enim
1579 3810 1775 3865 divisio
1800 3810 2016 3865 virtutis

445 3910 557 3963 cst,
621 3908 679 3953 ut
732 3907 785 3954 et
838 3901 891 3954 in
939 3915 1156 3961 omnes,
1211 3901 1304 3971 qui
1351 3916 1469 3955 eam
1519 3901 1918 3970 amplectuntur
1963 3910 2018 3956 et

446 3987 721 4051 aﬂ'ectant,
761 3988 1054 4052 dividatur,
1088 3996 1141 4042 et
1167 3989 1366 4058 cuique
1410 3988 1553 4043 adsit
1582 3989 1835 4044 universa
1877 3990 2017 4042 inter

446 4078 858 4149 participantes,
888 4094 995 4134 non
1048 4079 1334 4133 diminuta.
1386 4077 1518 4131 Nam
1574 4080 1629 4132 in
1678 4087 2014 4133 terrenarum

447 4170 665 4240 quidem
699 4169 1009 4226 divitiarum
1046 4168 1455 4233 distributione,
1487 4168 1576 4236 qui
1619 4169 1739 4237 plus
1770 4168 1921 4238 justo
1951 4171 2015 4223 ad

445 4280 505 4319 se
543 4262 797 4325 traxerit,
823 4261 1076 4332 injuriam
1124 4262 1251 4316 facit
1288 4261 1369 4316 his
1408 4260 1498 4330 qui
1536 4275 1602 4313 ex
1645 4260 1816 4329 aequis
1848 4261 2015 4331 parti-

455 4355 558 4410 bus
588 4353 723 4408 socii
751 4359 880 4407 sunt
926 4351 1094 4421 (socii
1129 4352 1273 4406 enim
1315 4358 1521 4421 partem
1559 4366 1786 4420 prorsus
1824 4351 2015 4404 minuit

444 4447 490 4501 is
528 4446 617 4515 qui
658 4460 813 4499 suam
859 4444 985 4515 plus
1018 4444 1169 4512 justo
1195 4443 1457 4511 auxerit);
1498 4444 1808 4514 spirituales
1836 4454 2013 4500 autem
2051 4444 2094 4499 D
2123 4449 2291 4511 νάσας
2325 4466 2337 4478 ’

443 4536 643 4591 divitiae
699 4535 841 4591 idem
907 4534 1113 4589 faciunt
1171 4534 1313 4604 quod
1352 4535 1455 4598 sol,
1515 4534 1607 4604 qui
1661 4542 1711 4589 et
1760 4536 2015 4591 omnibus

443 4627 752 4682 videntibus
792 4642 851 4684 se
889 4625 1151 4696 impertit,
1191 4636 1243 4680 et
1278 4633 1424 4679 totus
1458 4624 1755 4694 unicuique
1785 4626 2011 4681 accedit.

444 4714 712 4779 Quoniam
752 4717 917 4786 igitur
969 4730 1069 4785 par
1108 4716 1174 4768 ab
1211 4730 1544 4785 unoquoque
1594 4715 1806 4769 lucrum
1837 4732 1902 4770 ex
1935 4717 2014 4771 la-

443 4805 575 4858 bore
625 4815 899 4873 speratur,
968 4821 1063 4875 par
1111 4806 1178 4859 ab
1228 4806 1482 4860 omnibus
1532 4804 1789 4860 alteratur
1842 4808 1909 4861 ad
1961 4808 2013 4862 id

443 4894 589 4963 quod
627 4909 659 4946 a
702 4894 861 4949 nobis
901 4896 1182 4965 quaeritur,
1234 4912 1453 4966 precum
1506 4896 1897 4965 adjumentum.
1935 4899 2012 4952 Ac

444 4983 677 5053 primum
710 4983 929 5053 quidem
976 4985 1217 5038 omnium
1249 4987 1491 5040 arbitror
1530 4997 1781 5058 oportere
1825 4990 2010 5044 consi-
2036 5031 2049 5041 .

443 5073 636 5128 derare
666 5074 838 5144 ipsam
865 5072 1279 5139 beatitudinem,
1311 5085 1364 5130 et
1395 5077 1695 5148 intelligere
1751 5079 2011 5147 quidnam

442 5166 661 5220 tandem
697 5182 758 5219 ea
799 5165 889 5219 sit.
927 5164 1228 5223 Beatitudo,
1294 5173 1351 5217 ut
1402 5182 1518 5220 mea
1566 5168 1782 5236 quidem
1829 5169 2012 5238 Opinio

444 5256 567 5317 fert,
630 5257 1044 5326 comprehensio
1096 5254 1339 5325 qumdam
1391 5263 1474 5309 est
1525 5259 1767 5311 omnium
1821 5274 2009 5315 earum

442 5363 623 5401 rerum
653 5364 771 5417 quae
804 5347 1024 5401 nomine
1061 5346 1184 5399 boni
1230 5345 1631 5415 intelliguntur:
1668 5362 1696 5399 a
1735 5364 1841 5418 qua
1875 5351 2008 5404 nihil

441 5437 595 5492 abest
634 5454 820 5494 eorum
852 5453 973 5509 quae
997 5437 1267 5506 pertinent
1296 5434 1364 5490 ad
1390 5436 1654 5492 bonorum
1682 5437 2008 5494 desiderium

511 5614 553 5647 δι’
601 5615 697 5666 ἰςιι.
740 5632 777 5666 ιι
844 5617 896 5668 5.
972 5614 1016 5645 ⁸⁵
1061 5613 1167 5666 Isa.
1210 5628 1374 5677 xxxv,
1403 5609 1459 5664 4.

2122 3179 2326 3248 χειρὸς,
2354 3178 2480 3231 ἴδιον
2521 3180 2753 3230 ποιεῖται
2790 3176 2881 3228 τὸν
2914 3175 3141 3241 πλοῦτον
3176 3174 3276 3227 τὸν
3306 3170 3673 3244 κεκρυμμένον.

2122 3262 2287 3332 Οὗτος
2340 3269 2541 3323 ἐκεῖνός
2577 3270 2723 3320 ἐστιν
2753 3270 2780 3320 ὁ
2810 3266 3080 3338 θησαυρὸς
3099 3305 3112 3325 ,
3145 3266 3405 3334 ἀδελφοὶ,
3432 3264 3489 3316 ὃν
3535 3276 3679 3313 κατα-

2125 3361 2314 3431 μηνύει
2347 3359 2408 3412 τὸ
2440 3360 2701 3430 γράμμασ
2720 3358 3023 3429 κέκρυπται
3046 3357 3102 3409 δὲ
3130 3358 3239 3410 ὑπὸ
3260 3358 3358 3427 τῆς
3393 3350 3679 3421 ἀσαφείαςό

2123 3449 2591 3513 π).οὖτος.οὑκοῦν
2624 3446 2954 3520 χρησώμεθα
2986 3447 3077 3500 καὶ
3106 3448 3275 3517 ἡμεῖς
3305 3448 3352 3499 οἱ
3379 3439 3682 3513 ἐπιθυμηταὶ

2118 3538 2213 3592 τοῦ
2259 3540 2533 3609 ἀκηράτου
2579 3538 2837 3609 χρυσίου,
2867 3540 2932 3607 τῇ
2968 3536 3074 3588 τῶν
3122 3537 3308 3607 εὐχῶν
3362 3531 3677 3602 πολυχειρίᾳ,

2118 3627 2261 3680 ὥστε
2295 3630 2428 3697 ἡμῖν
2459 3631 2538 3690 είς
2576 3629 2636 3681 τὸ
2687 3627 2924 3697 ἐμφανὲς
2969 3626 3061 3679 τὸν
3111 3625 3350 3680 πλοῦτον
3384 3625 3577 3687 ἐλθεῖν,
3604 3619 3682 3673 καὶ

2118 3720 2325 3783 πάντας
2378 3720 2434 3786 ἐξ
2483 3719 2598 3773 τσου
2650 3720 2918 3775 διελέσθαι
2963 3720 3054 3774 τὸν
3107 3721 3424 3791 θησαυρὶν,
3456 3717 3543 3769 καὶ
3579 3714 3681 3765 ὅλον

2120 3813 2346 3866 ἕκαστον
2374 3811 2699 3882 κτήσασθαι.
2735 3813 2967 3882 Τοιαύτη
3006 3812 3114 3883 γάρ
3141 3813 3246 3883 τῆς
3279 3810 3482 3881 ἀρετῆς
3508 3809 3540 3878 ἡ
3566 3803 3683 3859 διαί-

2123 3920 2300 3973 ρεσις,
2341 3901 2478 3956 ὥστε
2519 3905 2609 3956 καὶ
2653 3906 2731 3966 εἰς
2784 3906 2991 3966 πάντας
3044 3906 3170 3968 τοὺς
3228 3899 3682 3970 ἀντιποιουμένους

2118 3993 2558 4066 διαμερίζεσθαι,
2611 3995 2705 4048 καὶ
2766 3997 2945 4048 πᾶσαν
2994 3995 3213 4063 ἑκάστῳ
3280 3995 3573 4063 παρεῖναι,
3620 3983 3682 4055 μὴ

2117 4083 2508 4156 ἑλαττουμένην
2548 4088 2605 4138 ὲν
2642 4088 2752 4149 τοῖς
2778 4086 3233 4156 συμμετέχουσιν.
3264 4085 3354 4136 Ἐν
3388 4081 3482 4153 μὲν
3517 4077 3679 4148 γὶρτῇ

2116 4174 2208 4227 τοῦ
2252 4177 2433 4245 γηῖνου
2468 4175 2697 4230 πλούτου
2732 4176 2960 4246 διανομῇ
2994 4175 3169 4227 ἀδικεῖ
3197 4174 3330 4236 τοὺς
3376 4166 3680 4242 ἰσομοιροῦν-

2116 4282 2213 4328 τας
2257 4267 2285 4318 6
2311 4267 2372 4319 τὸ
2409 4268 2568 4320 πλέον
2591 4268 3102 4338 παρασπασάμενος
3137 4283 3150 4295 ·
3178 4265 3403 4319 ἐλαττοῖ
3431 4263 3534 4334 γὰρ
3564 4259 3681 4311 πᾶν·

2116 4372 2223 4419 τως
2260 4356 2321 4409 τὸ
2350 4355 2513 4427 μέρος
2539 4355 2633 4408 τοῦ
2668 4353 3120 4426 συμμετέχοντος,
3150 4354 3178 4405 ό
3214 4354 3277 4406 τὸ
3320 4351 3515 4405 ἑαυτοῦ
3547 4347 3680 4400 πλεο-

2400 4451 2427 4501 ό
2488 4448 2545 4505 δὲ
2595 4449 2963 4519 πνευματικὸς
3013 4445 3245 4510 πλοῦτος
3297 4445 3361 4498 τὸ
3422 4441 3515 4497 τοῦ
3553 4438 3679 4510 ἡλίου

2123 4541 2283 4602 ποιεῖ,
2314 4539 2408 4591 καὶ
2439 4541 2571 4592 πᾶσι
2617 4541 2730 4602 τοῖς
2775 4539 3061 4609 βλέπουσιν
3092 4537 3291 4589 ἑαυτὸν
3320 4534 3573 4608 μερίζων,
3602 4525 3680 4581 καὶ

2121 4628 2240 4692 ὅλος
2277 4630 2491 4699 ἑκάστῳ
2533 4630 2984 4701 παραγινόμενος.
3019 4629 3171 4680 Ἐπεὶ
3206 4624 3308 4681 οὖν
3354 4628 3469 4679 ἴσον
3497 4623 3681 4687 ἑκάστῳ

2119 4718 2180 4770 τὸ
2198 4719 2262 4771 ἐκ
2292 4717 2383 4771 τοῦ
2417 4720 2578 4773 πόνου
2610 4719 2800 4790 κέρδος
2822 4715 3120 4779 ἐλπίζεται,
3138 4717 3232 4787 ἴση
3270 4715 3514 4785 γενέσθω
3541 4713 3680 4763 πᾶσιν

2120 4807 2207 4859 διὰ
2232 4806 2338 4859 τῶν
2370 4808 2542 4878 εὐχῶν
2568 4807 2703 4879 πρὸς
2722 4810 2782 4861 τὸ
2799 4806 3127 4877 ζητούμενον
3154 4808 3299 4876 ἡμῖν
3323 4809 3358 4876 ἡ
3395 4804 3681 4873 συνέργεια.

2122 4896 2341 4969 Πρῶτον
2390 4898 2486 4968 μὲν
2513 4895 2605 4952 οὖν
2644 4899 2803 4952 αὐτόν
2840 4915 2982 4967 φημι
3028 4896 3138 4965 ἐγὼ
3165 4898 3285 4951 δεῖν
3332 4897 3426 4949 τὸν
3465 4906 3679 4965 μακαρία

2117 4988 2383 5058 σμὺν,ὂτί
2412 4990 2538 5042 ποτέ
2568 4990 2735 5055 ἐστιν,
2759 4990 3026 5059 ἐννοῆσαι.
3052 4987 3426 5058 Μακαριότης
3462 4986 3540 5046 τίς
3563 4986 3681 5041 ἐστιν

2114 5078 2257 5131 κατά
2285 5094 2348 5145 γε
2376 5078 2466 5132 τὸν
2491 5079 2620 5148 ἐμὸν
2648 5078 2824 5147 λόγον,
2848 5077 3136 5150 περίληψις
3170 5079 3401 5130 πάντων
3428 5075 3532 5128 τῶν
3560 5069 3679 5124 κατὰ

2111 5170 2172 5224 τὸ
2217 5169 2418 5239 ἀγαθὸν
2456 5169 2790 5240 νοουμένων·
2830 5166 2897 5242 ἦς
2944 5168 3139 5222 ἄπεστι
3190 5166 3309 5219 τῶν
3357 5168 3439 5230 είς
3495 5161 3679 5233 ἀγαθὴν

2113 5259 2407 5328 ἐπιθυμίαν
2439 5260 2677 5330 ἡκόντων
2711 5260 2883 5313 οὐδέν.
2922 5258 3133 5311 Γένοιτο
3161 5257 3209 5309 δ’
3254 5257 3326 5311 ἂν
3354 5256 3487 5327 ἡμῖν
3519 5254 3603 5307 καὶ
3625 5251 3677 5300 ὲκ

2116 5352 2214 5421 τῆς
2244 5352 2339 5404 τοῦ
2386 5350 2626 5405 ἐναντίου
2676 5351 3028 5421 παραθέσεως
3070 5347 3506 5419 γνωριμώτερον
3534 5342 3592 5398 τὺ
3625 5342 3680 5392 ἐκ

2117 5443 2209 5497 τοῦ
2249 5442 2597 5515 μακαρισμοῦ
2650 5443 3045 5513 σημαινόμενον
3068 5457 3081 5471 ο
3111 5440 3365 5492 ἐναντίον
3397 5437 3455 5492 δὲ
3485 5435 3558 5507 τῷ
3590 5449 3673 5504 μαι
