3996 6196
344 254 481 312 1137

1416 259 1501 313 DE
1542 257 2140 314 BEATITUDINIBUS.
2161 260 2417 317 ORATIO
2445 263 2484 319 Ι.

3449 261 3588 318 1198

341 369 518 440 γαρίῳ
546 370 605 423 τὸ
633 372 834 424 ἄθλιον.
885 371 1158 441 Ἀθλιότης
1211 369 1302 425 οὖν
1337 374 1504 435 ἐστιν,
1603 378 1659 426 ἐν
1688 378 1800 437 τοῖς
1824 375 1910 426 λυ-

2020 389 2181 448 atque
2204 380 2573 450 cupiditatem.
2611 378 2818 435 Poterit
2855 391 3034 436 autem
3067 381 3227 437 nobis
3263 395 3329 436 cx
3364 395 3588 454 compa-

344 466 537 533 πηροῖς
578 481 635 514 τε
683 464 776 516 καὶ
808 464 1125 534 ἀϐουλήτοις
1166 465 1360 518 πάθεσι
1406 466 1769 537 ταλαιπωρία.
1802 467 1915 520 Με-

345 554 593 626 μέρισται
622 555 679 607 δὲ
728 557 791 609 ὲκ
841 555 934 608 τοῦ
969 557 1208 610 ἐναντίου
1246 560 1278 626 ἡ
1309 558 1677 627 ὲφ“’έκατέρου
1717 557 1824 610 τῶν
1859 560 1915 609 ὲν

344 646 525 709 αὐτοῖς
542 646 844 715 γινομένων
863 646 1120 710 διάθεσις.
1161 648 1421 718 Ὺπάρχει
1444 646 1551 717 γὰρ
1574 646 1652 715 τῷ
1687 647 1782 715 μὲν
1814 663 1916 715 μαι

345 735 686 806 χαριζομένῳ
716 736 779 788 τὸ
827 735 1207 806 εὐφραίνεσθαι
1256 738 1368 799 τοῖς
1418 736 1796 807 προκειμένοις
1836 736 1915 799 είς

343 827 644 879 ἀπόλαυσιν
688 827 838 897 αὑτῷ
880 829 974 881 καὶ
1024 828 1349 896 ἀγάλλεσθαι
1379 844 1393 858 '
1432 827 1512 899 τῷ
1545 828 1601 880 δὲ
1632 826 1913 891 ταλανιζο-

346 917 488 988 μένῳ
507 918 568 971 τὺ
594 918 844 971 ἀνιᾶσθαι
863 922 974 981 τοῖς
990 919 1254 990 παροῦσιν
1278 917 1426 989 αὑτῷ
1450 920 1543 972 καὶ
1563 917 1909 987 ἀλγύνεσθαι.

342 1006 413 1057 Τὸ
444 1007 542 1075 μὲν
574 1001 666 1059 οὖν
696 1006 1029 1076 μακαριστὸν
1062 1006 1292 1077 ἀληθῶς,
1315 1006 1448 1061 αὑτὸ
1478 1008 1537 1059 τὸ
1560 1004 1712 1060 Θεῖόν
1742 1009 1908 1060 ἐστιν.

344 1098 409 1148 "0
434 1097 486 1148 τί
532 1114 661 1149 ποτε
699 1096 807 1167 γὰρ
836 1098 968 1151 αὑτὸ
1016 1094 1154 1152 εἶναι
1189 1098 1538 1169 ὑποθώμεθα,
1574 1101 1911 1171 μακαριότης

340 1187 484 1239 ἐστὶν
534 1189 566 1256 ἡ
618 1189 890 1257 ἀκήρατος
936 1188 1116 1258 ὲκείνη
1161 1187 1294 1260 ζωὴ,
1345 1190 1406 1243 τὸ
1454 1190 1688 1263 ἀρῤητὸν
1726 1207 1788 1243 τε
1821 1190 1913 1243 καὶ

338 1279 703 1348 ἁκατανόητον
738 1279 963 1347 ἀγαθὸν,
987 1280 1047 1332 τὸ
1076 1281 1449 1351 ἀνέκφραστον
1468 1282 1678 1343 κάλλος,
1701 1283 1733 1351 ἡ
1762 1282 1914 1334 αὑτο-

339 1372 515 1441 χὰρις,
551 1371 644 1424 καὶ¹
680 1372 871 1440 σοφία,
904 1374 997 1426 καὶ
1047 1372 1309 1443 δύναμις·
1339 1374 1400 1427 τὸ
1455 1374 1706 1445 ἀληθινὸν
1758 1375 1905 1444 φῶς

338 1462 371 1529 ἡ
402 1461 550 1530 πηγὴ
600 1462 781 1531 πάσης
808 1461 1138 1533 ἁγαθότητος
1162 1480 1175 1494 ·
1200 1464 1231 1533 ἡ
1258 1464 1623 1535 ὑπερκειμένη
1653 1463 1744 1516 τοῦ
1777 1481 1911 1517 παν-

334 1552 425 1615 τὸς
447 1552 664 1616 ἐξουσία
690 1569 704 1584 ο
721 1553 784 1607 τὸ
807 1554 966 1623 μόνον
992 1554 1274 1625 ἐράσμιον,
1302 1556 1361 1608 τὸ
1383 1556 1467 1608 ἀεὶ
1485 1556 1744 1619 ὡσαύτως
1763 1556 1904 1627 ἔχον.

332 1641 395 1691 τὸ
430 1639 676 1710 διηνεκὲς
702 1640 1012 1712 ἀγαλλίαμα
1036 1656 1049 1670 ·
1071 1643 1103 1712 ἡ
1144 1642 1309 1707 ἀΐδιος
1330 1644 1632 1715 εὐφροσύνη
1653 1663 1666 1676 ·
1692 1646 1815 1717 περὶ
1839 1642 1906 1716 ἧς

336 1731 514 1784 πάντα
549 1749 633 1793 τις
663 1731 699 1785 ἃ
747 1730 971 1786 δύναται
1002 1733 1176 1800 λέγων
1199 1773 1214 1796 ,
1245 1733 1393 1802 λέγει
1440 1735 1550 1786 τῶν
1598 1736 1716 1788 κατ’
1749 1734 1905 1800 ἀξίαν
1938 1720 1979 1774 Β

332 1820 504 1875 οὐδέν.
539 1819 675 1873 Οὔτε
728 1822 837 1894 γὰρ
873 1825 907 1894 ἡ
948 1822 1155 1877 διάνοια
1202 1821 1535 1877 καθικνεῖται
1573 1824 1667 1877 τοῦ
1715 1824 1868 1889 ὄντος
1892 1865 1906 1888 ,

334 1910 436 1965 κᾶν
471 1929 525 1965 τι
559 1912 686 1984 περὶ
718 1892 882 1966 αὑτοῦ
895 1892 1014 1967 τῶν
1046 1914 1390 1986 ὑψηλοτέρων
1429 1916 1616 1985 νοῆσαι
1652 1918 1907 1986 χωρήσω-

336 2018 455 2071 μεν,
492 2002 666 2055 οὑδενὶ
699 2002 842 2073 λόγῳ
867 2003 928 2055 τὸ
955 2003 1145 2074 νοηθὲν
1175 2003 1573 2073 ἐξαγγέλλεται.
1620 2005 1774 2058 Ἐπεὶ
1804 2005 1861 2057 δὲ
1882 2007 1910 2058 ὁ

335 2093 549 2156 πλάσας
593 2094 685 2146 τὸν
729 2093 1049 2165 ἄνθρωπον,
1085 2095 1206 2147 κατ’
1259 2094 1443 2147 εἰκόνα
1483 2093 1619 2147 Θεοῦ
1655 2095 1910 2165 ἐποίησεν

330 2184 528 2237 αὑτόν·
569 2184 837 2255 δευτέρως
865 2185 931 2238 ἂν
962 2183 1045 2256 εἴη
1085 2184 1421 2256 μακαριστὸν
1448 2185 1513 2237 τὸ
1547 2185 1685 2238 κατά
1721 2203 1911 2256 μετου-

330 2276 453 2330 σὶαν
485 2277 583 2348 τῆς
622 2277 789 2339 ὅντως
835 2276 1231 2347 μακαριότητος
1272 2277 1332 2329 ὲν
1372 2275 1447 2347 τῷ
1484 2278 1708 2348 ὀνόματι
1740 2277 1909 2346 τούτῳ

331 2366 636 2435 γινόμενον.
658 2366 869 2436 Ὥσπερ
889 2366 997 2437 γὰρ
1014 2365 1106 2417 ἐπὶ
1121 2365 1217 2435 τῆς
1249 2366 1568 2435 σωματικῆς
1583 2367 1639 2419 εὑ
1649 2367 1911 2438 μορφίας,

328 2459 392 2509 τὸ
426 2457 524 2526 μὲν
570 2458 922 2529 πρωτὸτυπον
972 2457 1166 2519 κάλλος
1203 2458 1259 2509 έν
1300 2456 1378 2528 τῷ
1426 2458 1588 2521 ζῶντι
1633 2456 1908 2529 προσώπῳ

330 2547 453 2599 ἐστὶ
502 2548 595 2599 καὶ⁵
648 2547 952 2614 ὑφεστῶτι,
999 2546 1301 2617 δευτερεύει
1331 2548 1386 2599 δὲ
1434 2547 1622 2600 τούτου
1667 2547 1727 2599 τὸ
1770 2548 1909 2600 κατὰ

335 2637 568 2707 μίμησιν
614 2639 706 2690 ἐπὶ
738 2639 836 2709 τῆς
883 2640 1090 2702 εἰκόνος
1121 2638 1469 2708 δεικνύμενον
1501 2655 1514 2668 ’
1546 2638 1720 2702 οὕτως
1751 2641 1846 2692 καὶ
1875 2642 1907 2709 ἡ

330 2727 645 2799 ἀνθρωπίνη
673 2729 834 2797 φύσις
852 2767 867 2786 .
893 2729 1056 2782 είκὼν
1080 2724 1215 2783 οὖσα
1238 2730 1340 2799 τῆς
1377 2728 1790 2800 ὑπερκειμένης·
1807 2747 1910 2799 μα-

329 2819 675 2888 καριότητος,
703 2820 794 2872 καὶ
818 2819 953 2890 αὑτὴ
979 2819 1055 2890 τῷ
1082 2819 1270 2891 ἀγαθῷ
1294 2820 1479 2873 κάλλει
1508 2819 1907 2890 χαρακτηρίζε-

327 2925 442 2973 ται,
476 2910 605 2963 ὂταν
652 2910 737 2978 ἐφ’
785 2912 979 2982 ἑαυτῆς
1027 2911 1260 2964 δεικνύει
1285 2893 1411 2975 ’τὰς
1459 2911 1566 2963 τῶν
1624 2912 1907 2982 μακαρίων

329 3000 697 3070 χαρακτήρων
742 3000 1025 3071 ἐμφάσεις.
1071 3001 1211 3054 Ἀλλ’
1245 3000 1432 3072 ἐπειδὴ
1457 3003 1484 3054 ὁ
1505 3001 1604 3070 τῆς
1633 3002 1906 3073 ἁμαρτίας

329 3088 503 3159 ῥύπος
525 3090 587 3142 τὸ
614 3090 706 3143 ἐπὶ
757 3091 960 3154 εἰκόνος
982 3090 1175 3153 κάλλος
1202 3091 1500 3161 ὴχρείωσεν
1517 3108 1529 3120 ·
1561 3087 1724 3161 ἦλθεν
1758 3093 1787 3144 ὁ
1816 3093 1909 3145 ὲκ-

328 3180 537 3239 νίπτων
583 3182 730 3250 ἡμᾶς
761 3181 841 3251 τῷ
869 3182 983 3250 ίδίῳ
1016 3182 1205 3248 ὕδατι,
1232 3180 1311 3251 τῷ
1340 3181 1501 3245 ζῶντί
1538 3199 1597 3234 τε
1633 3183 1727 3235 καὶ
1757 3182 1910 3235 ἀλλο·

331 3269 480 3340 μένῳ
519 3271 599 3334 είς
628 3269 772 3340 ζωὴν
809 3269 1041 3334 αἰώνιον,
1075 3270 1235 3324 ὥστε
1267 3272 1413 3342 ἡμᾶς
1450 3271 1815 3341 ἀποθεμένους
1851 3272 1911 3325 τὸ

326 3356 393 3424 ἐξ
419 3361 695 3431 ἁμαρτίας
726 3356 931 3430 αἶσχος,
972 3361 1133 3414 πάλιν
1172 3362 1311 3415 κατὰ
1340 3363 1439 3421 τὴν
1471 3362 1747 3431 μακαρίαν
1779 3363 1909 3415 ἀνα-

334 3450 678 3520 καινισθῆναι
715 3454 948 3522 μορφήν.
987 3453 1096 3505 Καὶ
1144 3450 1392 3522 καθάπερ
1429 3452 1520 3505 era
1557 3451 1657 3520 τῆς
1694 3450 1911 3522 ζωγρα-

330 3544 503 3616 φικῆς
523 3544 717 3613 τέχνης
741 3546 884 3597 εἴποι
913 3544 976 3598 ἄν
1004 3562 1085 3608 τις
1123 3545 1259 3615 πρὸς
1290 3545 1415 3608 τοὺς
1449 3544 1708 3616 ἀπείρους
1731 3546 1759 3597 ὁ
1788 3546 1907 3596 ἑπι-

327 3639 592 3708 στήμων.
629 3638 803 3689 ἐκεῖνο
857 3636 1018 3688 καλὸν
1072 3632 1211 3689 εἶναι
1262 3636 1323 3688 τὸ
1368 3636 1659 3707 πρόσωπον
1684 3677 1697 3695 ,
1733 3634 1795 3687 τὸ
1845 3636 1909 3687 ὲκ

327 3727 551 3781 τοιῶνδε
592 3727 700 3779 τῶν
746 3726 842 3780 τοῦ
886 3725 1136 3796 σώματος
1194 3727 1395 3799 μορίων
1448 3728 1836 3796 συγκείμενον·

327 3818 479 3889 κόμη
516 3834 575 3871 τε
608 3818 783 3872 τοιάδε
804 3858 817 3877 ,
850 3817 941 3869 καὶ
988 3816 1281 3886 ὀφθαλμῶν
1311 3816 1519 3878 κύκλοι,
1554 3817 1646 3868 καὶ
1689 3815 1907 3886 ὀφρύων

327 3908 690 3980 περιγραιεαὶ,
716 3906 809 3959 mi.
836 3907 1073 3977 παρειῶν
1113 3907 1279 3970 θέσις,
1313 3908 1406 3959 καὶ
1435 3906 1503 3959 τὰ
1534 3907 1656 3959 καθ’
1678 3906 1907 3961 ’ἑκαστον

326 4001 512 4055 πάντα
543 3999 608 4051 δι’
640 3992 714 4051 ὧν
761 3998 1173 4068 συμπ).ηροὺται
1201 3999 1234 4068 ἡ
1269 3998 1540 4067 εὐμορφία
1564 4014 1576 4027 °
1606 3997 1777 4062 οὕτως
1814 3999 1907 4050 καὶ

326 4089 478 4159 ὁτὴν
500 4088 771 4158 ἡμετέραν
799 4087 933 4158 πρὸς
955 4085 1051 4156 τὴν
1076 4086 1167 4139 τοῦ
1195 4086 1354 4156 μόνου
1384 4086 1651 4156 μακαρίου
1678 4087 1907 4157 μίμησιν

324 4176 745 4247 ἀναζωγραφῶν
790 4176 935 4246 ψυχὴ
959 4217 971 4241 ,
1006 4175 1073 4229 τὰ
1112 4176 1231 4229 καθ’
1274 4175 1500 4228 ἕκαστον
1545 4176 1651 4230 τῶν
1689 4179 1767 4241 είς
1805 4196 1905 4248 μα-

324 4267 601 4337 καρισμὸν
641 4266 1057 4329 συντεινόντων,
1115 4266 1419 4338 ὑπογράψει
1467 4266 1544 4337 τῷ
1594 4268 1765 4338 λόγῳ,
1816 4270 1909 4322 καί

2021 469 2230 523 ratione
2256 468 2515 524 contrarii
2562 470 2777 540 planius
2814 473 2928 527 ﬁeri
2993 472 3122 543 quid
3158 489 3255 545 per
3290 474 3587 532 beatitudi-

2020 573 2143 613 nem
2188 560 2559 632 signilicetur;
2603 563 2881 618 contraria
2913 572 3089 619 autem
3126 566 3451 623 beatitudini
3481 570 3588 625 mi-

2019 651 2161 704 seria
2197 662 2302 708 est.
2333 653 2549 709 Miseria
2578 655 2742 725 igitur
2769 663 2853 710 est
2881 655 2935 710 in
2979 658 3193 713 acerbis
3243 674 3308 713 ac
3335 661 3587 717 tristibus

2021 751 2320 813 nostraque
2367 746 2646 802 voluntate
2689 762 2799 801 non
2858 749 3234 806 accidentibus
3280 753 3500 811 casibus
3534 762 3590 809 et

2017 834 2420 892 calamitatibus
2458 852 2719 891 aerumna.
2768 837 2995 893 Affectio
3036 840 3163 895 item
3227 856 3417 897 eorum
3465 859 3589 914 quae

2017 925 2070 978 in
2107 927 2240 994 ipsis
2276 928 2430 993 llunt,
2499 931 2553 984 in
2606 939 2836 1001 utroque
2884 932 2938 985 in
2983 932 3319 987 contrarium
3352 934 3585 992 deducta

2016 1022 2178 1083 atque
2211 1017 2383 1073 divisa
2422 1028 2525 1074 est.
2555 1018 2688 1073 Nam
2715 1022 2764 1076 ei
2819 1023 2912 1093 qui
2941 1023 3158 1091 quidem
3190 1024 3383 1083 beatus
3414 1028 3584 1084 habe-

2016 1107 2124 1165 tur,
2185 1103 2255 1157 ob
2296 1120 2383 1160 res
2422 1106 2487 1160 ad
2540 1106 2823 1163 fruendum
2881 1110 2985 1165 sibi
3036 1114 3345 1182 prepositas
3389 1117 3582 1182 ltetari,

2016 1188 2114 1242 sibi
2152 1192 2365 1259 placere
2402 1203 2453 1248 et
2490 1196 2765 1250 exsultare
2799 1197 2965 1263 licet;
3008 1200 3056 1252 ei
3107 1214 3236 1253 vero
3282 1202 3374 1270 qui
3418 1204 3585 1258 miser

2014 1280 2376 1348 existimatur,
2410 1286 2572 1339 rebus
2610 1288 2712 1341 sibi
2743 1288 3104 1353 prmsentibus
3144 1292 3268 1361 angi
3302 1300 3465 1363 atque
3491 1294 3588 1350 do-

2013 1371 2124 1425 lere
2162 1374 2447 1444 contingit.
2487 1375 2659 1431 Porro
2699 1380 2842 1447 quod
2877 1396 3001 1435 vere
3031 1381 3247 1435 beatum
3273 1382 3582 1440 habendum

2012 1463 2101 1525 sit,
2150 1463 2327 1531 ipsmn
2380 1466 2622 1520 diviuutn
2665 1484 2865 1523 numen
2906 1479 3007 1524 est.
3045 1470 3178 1525 Nam
3229 1474 3492 1545 quidquid
3529 1474 3583 1530 id

2012 1555 2225 1609 tandem
2255 1572 2378 1611 esse
2411 1573 2707 1627 ponamus,
2752 1560 3028 1617 beatitudo
3059 1571 3144 1618 est
3175 1562 3264 1619 illa
3301 1565 3585 1621 immortao

2012 1644 2080 1699 lis
2113 1653 2167 1699 et
2199 1646 2512 1716 incorrupta
2554 1651 2683 1716 vita,
2723 1652 2994 1709 ineliabile
3016 1655 3220 1725 pariter
3249 1664 3305 1712 et
3338 1657 3577 1713 inanim-

2010 1734 2332 1793 adversibile
2386 1748 2550 1809 atque
2601 1743 3018 1813 inexcogitabile
3058 1746 3285 1810 bonum,
3357 1748 3580 1804 inenar-

2010 1824 2199 1880 rabilis
2231 1827 2737 1901 inexplicabilisque
2770 1833 3142 1902 pulchritudo,
3177 1852 3207 1889 a
3240 1836 3418 1907 seipsa
3453 1854 3582 1909 pro-

2012 1911 2171 1975 lecta,
2208 1929 2238 1967 a
2272 1917 2449 1987 seipsa
2480 1919 2624 1983 data,
2657 1929 2711 1975 et
2747 1921 2941 1991 gratia,
2971 1929 3026 1976 et
3068 1924 3354 1993 sapientia,
3393 1936 3447 1982 et
3487 1942 3585 1997 po-

2010 2003 2199 2067 tentia,
2248 2019 2374 2059 rera
2410 2007 2524 2072 lux,
2578 2008 2700 2064 fons
2733 2011 2913 2067 omnis
2940 2014 3219 2081 bonitatis,
3256 2018 3423 2073 rebus
3461 2021 3585 2075 uni-

2010 2094 2185 2147 versis
2238 2097 2536 2163 prmsidens
2585 2113 2650 2153 ac
2684 2102 3107 2172 superimposita
3157 2115 3421 2175 potestas,
3464 2110 3581 2165 sola

2010 2182 2282 2247 amabilis,
2318 2201 2534 2256 semper
2565 2188 2751 2245 eodem
2780 2192 2942 2247 modo
2983 2209 3103 2250 sese
3130 2196 3357 2265 habens,
3388 2215 3584 2272 perpe-

2010 2282 2100 2328 tua
2141 2277 2455 2342 exsultatio,
2511 2282 2842 2351 sempiterna
2890 2285 3097 2353 laetitia,
3149 2288 3216 2344 de
3241 2304 3349 2361 qua
3381 2294 3425 2349 si
3456 2295 3583 2364 quis

2009 2365 2154 2421 dicat
2189 2370 2369 2422 omnia
2404 2386 2524 2439 qua:
2556 2372 2749 2440 possit,
2780 2375 2913 2430 nihil
2943 2378 3077 2433 dicit
3102 2394 3293 2436 eorum
3352 2400 3475 2455 qua:
3504 2388 3582 2443 rei

2009 2454 2248 2523 dignitas
2282 2460 2520 2526 postulat
2555 2468 2717 2530 atque
2756 2466 3004 2532 requirit.
3039 2467 3226 2539 Neque
3250 2454 3395 2527 enim
3429 2475 3583 2532 intel-

2010 2544 2229 2614 ligentia
2278 2550 2585 2619 mentisque
2639 2562 2693 2607 et
2741 2558 2943 2627 ingenii
2984 2559 3211 2626 agitatio
3258 2564 3477 2634 attingit
3526 2574 3583 2622 et

2010 2637 2324 2705 assequitur
2352 2639 2403 2691 id
2430 2640 2575 2708 quod
2603 2652 2710 2705 est,
2744 2652 2907 2713 atque
2942 2648 3102 2701 etiam
3143 2650 3188 2703 si
3225 2652 3356 2719 quid
3388 2653 3456 2707 de
3488 2656 3583 2711 illo

2009 2724 2152 2780 bono
2190 2728 2275 2782 vel
2313 2729 2604 2816 sublimius
2632 2740 2687 2786 et
2716 2733 2884 2789 altius
2914 2737 3155 2805 cogitare
3182 2746 3237 2793 et
3282 2740 3584 2814 intelligere

2012 2814 2304 2881 valeamus,
2360 2814 2509 2871 nulla
2555 2828 2737 2876 tamen
2788 2823 3001 2879 ratione
3030 2826 3113 2880 vel
3145 2829 3397 2885 oratione
3434 2833 3582 2903 quod

2008 2908 2279 2975 cogitatur
2316 2916 2370 2963 et
2408 2909 2731 2981 intelligitur
2789 2916 3126 2973 enuntiatur.
3166 2918 3435 2985 Quoniam
3479 2938 3584 2979 au-

2014 3003 2119 3048 tem
2166 2997 2214 3052 is
2251 2999 2343 3066 qui
2399 3000 2553 3054 ﬁnxit
2590 3003 2885 3069 hominem,
2940 3009 3239 3064 secundum
3289 3013 3580 3083 imaginem

2015 3083 2111 3139 Dei
2151 3085 2278 3142 fecit
2314 3102 2437 3142 eum
2463 3128 2478 3151 ,
2515 3092 2758 3146 secundo
2804 3094 2922 3149 loco
2965 3098 3181 3151 beatum
3222 3100 3581 3168 judicandum

2016 3174 2176 3231 fuerit
2206 3177 2258 3231 id
2299 3178 2446 3247 quod
2475 3196 2571 3249 per
2598 3184 3147 3241 communicationem
3193 3198 3247 3243 et
3290 3194 3585 3266 participa-

2012 3267 2212 3322 tionem
2239 3267 2360 3336 ejus
2389 3286 2508 3339 qua:
2537 3287 2662 3327 vere
2714 3274 2946 3331 beatitas
2970 3286 3073 3340 est,
3105 3278 3210 3333 hoc
3245 3284 3462 3339 nomine
3487 3299 3585 3356 ap-

2012 3357 2262 3423 pellatur.
2291 3359 2756 3424 Quemadmodum
2777 3368 2921 3420 enim
2949 3368 3003 3422 in
3032 3374 3308 3439 praestanti
3337 3378 3585 3446 corporis

2013 3442 2207 3507 forma,
2236 3447 2556 3517 principalis
2586 3451 2803 3519 quidem
2841 3469 2907 3508 ac
2937 3458 3197 3523 primaria
3232 3442 3584 3530 pulchritudo

2013 3535 2066 3588 in
2094 3537 2291 3591 viventi
2324 3553 2559 3609 vereque
2599 3541 2921 3598 subsistenti
2957 3547 3093 3604 facie
3124 3558 3241 3616 est,
3280 3556 3582 3614 secundum

2012 3639 2141 3679 vero
2171 3627 2352 3681 locum
2384 3630 2454 3683 ab
2484 3630 2586 3684 hac
2615 3632 2824 3691 obtinet
2853 3636 2907 3690 id
2958 3641 3101 3708 quod
3132 3642 3199 3697 ad
3223 3644 3580 3705 imitationem

2012 3718 2130 3787 ejus
2180 3719 2234 3773 in
2275 3719 2512 3791 imagine
2559 3731 2722 3795 atque
2775 3726 3072 3786 simulacro
3119 3736 3463 3796 ostenditur:
3505 3740 3582 3795 ita

2012 3817 2204 3863 natura
2241 3826 2459 3882 quoque
2498 3814 2759 3880 humana,
2800 3835 2923 3889 qua:
2954 3829 3037 3876 est
3072 3823 3278 3902 eﬂigies
3311 3837 3365 3883 et
3401 3830 3583 3902 imago

2013 3915 2261 3969 superna:
2302 3903 2680 3972 beatitudinis,
2722 3909 2889 3965 etiam
2938 3911 3055 3982 ipsa
3089 3915 3230 3970 bona
3269 3920 3582 3988 pulchritu-

2011 3992 2137 4073 dine
2166 3991 2504 4060 designatur.
2547 4011 2671 4051 cum
2711 3998 2766 4053 iu
2800 4015 2920 4057 sese
2954 4002 3237 4062 beatorum
3279 4010 3584 4067 ostenderit

2012 4084 2304 4155 insignium
2335 4086 2763 4158 signiﬁcationes
2800 4100 2854 4147 et
2884 4098 3416 4164 reprrsentationes.
3471 4102 3581 4159 Sed

2012 4175 2139 4245 quia
2173 4178 2379 4246 peccati
2419 4180 2613 4236 sordes
2639 4182 3104 4252 pulchritudinem
3146 4188 3400 4259 imaginis
3428 4192 3579 4249 labe-

2013 4265 2289 4322 factarum
2317 4275 2370 4322 et
2396 4268 2640 4326 inutilem
2686 4272 3059 4342 reddiderunt,
3087 4278 3232 4334 venit
3261 4280 3308 4336 is
3342 4282 3436 4352 qui
3478 4298 3581 4340 nos

325 4373 496 4427 φησιν
520 4357 577 4407 ἐν
607 4355 860 4426 πρώτοις*
888 4356 1173 4423 Μακάριοι
1200 4359 1251 4411 οἱ
1267 4357 1485 4425 πτωχοί
1504 4357 1581 4422 τῷ
1602 4360 1908 4428 πνεύματι,

2013 4358 2220 4413 elueret
2251 4373 2349 4413 sua
2380 4375 2543 4431 aqua,
2576 4364 2780 4418 viventi
2821 4366 3025 4435 pariter
3054 4382 3117 4423 ac
3160 4370 3381 4427 salienti
3413 4373 3468 4428 in
3497 4374 3583 4429 vi-

334 4448 427 4499 ὅτι
462 4444 662 4499 αὐτῶν
697 4447 866 4499 ἐστιν
893 4446 932 4511 ἡ
956 4446 1245 4509 ,βασιλεία
1281 4446 1400 4500 τῶν
1424 4446 1712 4514 οὐρανῶν.

2020 4459 2127 4503 tam
2158 4459 2441 4515 arternam,
2473 4460 2553 4516 ut,
2593 4453 2838 4524 deposita
2890 4458 3223 4527 turpitudine
3251 4477 3318 4519 ex
3356 4473 3582 4533 peccato

327 4547 635 4603 contracta,
664 4541 730 4593 ad
763 4540 973 4593 beatam
1004 4538 1231 4593 formam
1265 4553 1607 4595 renovcmur.
1656 4541 1733 4594 Ac
1767 4540 2224 4611 quemadmodum
2262 4543 2317 4596 in
2383 4551 2499 4599 arte
2559 4546 2815 4616 pingendi
2866 4549 2913 4604 si
2961 4550 3087 4620 quis
3135 4552 3257 4622 ejus
3322 4556 3402 4610 rei
3468 4572 3581 4614 non

226 4678 235 4687 κ
327 4635 558 4704 ignarus
607 4633 790 4697 fuerit,
848 4636 913 4688 ad
953 4634 1233 4703 imperitos
1263 4633 1444 4691 dicere
1493 4636 1687 4704 possit,
1745 4636 1891 4689 illam
1931 4637 2212 4706 pulchram
2247 4652 2371 4693 esse
2404 4637 2621 4705 faciem,
2652 4656 2772 4709 quae
2794 4655 2858 4696 ex
2889 4643 3093 4700 talibus
3154 4649 3403 4717 corporis
3462 4663 3584 4719 par-

328 4727 479 4782 tibus
504 4736 739 4794 constet,
787 4729 875 4782 cui
905 4737 958 4783 et
998 4728 1228 4797 capillus
1258 4728 1405 4795 talis,
1463 4737 1517 4784 et
1585 4730 1868 4785 oculorum
1944 4732 2128 4796 orbes,
2180 4739 2235 4787 et
2284 4734 2701 4804 superciliorum
2750 4736 3171 4809 descriptiones,
3210 4750 3264 4797 et
3316 4758 3579 4813 genarum

328 4822 654 4891 positiones,
686 4831 739 4876 et
772 4822 1083 4892 singulatim
1114 4823 1296 4876 omnia
1327 4824 1527 4893 quibus
1561 4823 1749 4880 formae
1775 4826 2092 4895 praestantia
2124 4829 2452 4898 completur,
2516 4829 2717 4893 adsint.
2766 4832 2954 4887 eodem
3005 4834 3168 4891 modo
3236 4838 3282 4893 is
3355 4840 3449 4910 qui
3514 4841 3581 4897 ad

330 4915 695 4970 imitationem
728 4915 869 4983 ejus,
913 4914 1055 4985 quod
1087 4914 1262 4969 solum
1290 4915 1504 4970 beatum
1540 4924 1644 4980 est,
1706 4918 1941 4991 animam
2000 4930 2241 4976 nostram
2275 4922 2431 4991 quasi
2484 4922 2752 4992 pingendo
2789 4926 3165 4991 reconcinnat,
3209 4929 3423 5000 singula
3462 4949 3585 5004 qua:

330 5012 641 5080 pertineant
676 5010 742 5065 ad
784 5011 1175 5065 beatitudinem
1231 5027 1482 5066 sermone
1529 5011 1812 5077 describit,
1852 5020 1905 5069 et
1943 5018 2018 5068 ait
2049 5016 2102 5069 in
2131 5017 2342 5085 primis,
2370 5016 2518 5071 Beati
2543 5032 2793 5087 pauperes
2820 5020 3029 5089 spiritu,
3092 5025 3342 5094 quoniam
3401 5042 3581 5081 eorum

327 5114 409 5158 est
437 5121 651 5175 regnum
682 5104 951 5158 malorum.

390 5194 552 5247 Ἀλλά
574 5194 628 5247 τί
649 5194 837 5265 κέρδος
861 5197 923 5248 ὲκ
948 5195 1046 5265 τῆς
1072 5194 1482 5265 μεγαλοδωρεᾶς
1503 5195 1808 5265 γενήσεται,
1832 5195 1907 5266 μὴ

328 5285 736 5357 φανερωθείσης
767 5286 896 5355 ἡμίν
918 5284 1016 5356 τῆς
1034 5284 1353 5354 ἐγκειμένης
1380 5283 1613 5347 διανοίας
1632 5283 1709 5354 τῷ
1736 5284 1907 5356 λόγῳ;

328 5377 441 5429 Καὶ
464 5376 571 5449 γὰρ
600 5377 691 5429 ἐπὶ
711 5377 806 5447 τῆς
838 5376 1106 5446 ίατρικῆς,
1136 5376 1304 5428 πολλά
1324 5375 1430 5428 τῶν
1449 5376 1642 5446 τιμίων
1671 5375 1761 5429 καὶ
1781 5376 1908 5430 δυσ-

329 5467 605 5537 πορίστων
639 5468 944 5538 φαρμάκων
976 5465 1221 5536 ἀχρηστα
1247 5470 1358 5530 τοῖς
1389 5467 1638 5536 ἀγνοοῦσι
1670 5468 1761 5521 καὶ
1785 5468 1907 5521 ἀνό-

328 5575 462 5626 νητα
493 5557 662 5629 μένει,
685 5558 790 5622 ἕως
820 5557 886 5611 ἀν
916 5558 996 5621 είς
1024 5558 1053 5611 ὅ
1089 5575 1139 5610 τι
1163 5558 1426 5629 χρήσιμον
1456 5559 1684 5613 ἕκαστον
1705 5560 1907 5612 τούτων

333 5644 480 5701 ἐστὶν
512 5644 663 5715 παρά
701 5646 799 5717 τῆς
846 5646 1042 5718 τέχνης
1093 5647 1430 5719 ἀκούσωμεν.
1476 5649 1540 5701 Τί
1571 5646 1664 5702 οὖν
1696 5652 1811 5704 ἐστι
1843 5650 1903 5702 τὸ

2083 5193 2285 5250 Verum
2333 5193 2464 5264 quid
2502 5193 2640 5248 lucri
2692 5209 2761 5250 ex
2799 5209 2865 5249 ea
2916 5194 3289 5249 muniﬁcentia
3337 5195 3580 5261 accedet,

2012 5300 2134 5339 cum
2168 5285 2436 5341 sententia
2470 5300 2591 5356 qua:
2624 5285 2679 5340 in
2720 5286 2789 5339 iis
2823 5284 3003 5339 verbis
3056 5287 3368 5343 continetur
3421 5286 3582 5342 nobis

2011 5377 2285 5433 declarata
2322 5393 2432 5431 non
2466 5375 2816 5433 sitiEtenim
2851 5374 2906 5427 in
2945 5374 3216 5431 medicina
3259 5376 3425 5430 multa
3458 5390 3586 5446 pre-

2012 5468 2150 5520 tiosa
2189 5473 2619 5534 comparatuque
2663 5471 2826 5531 atque
2862 5462 3086 5517 inventu
3130 5462 3365 5518 difﬁcilia
3412 5465 3585 5520 medi-

2013 5564 2263 5611 camenta
2306 5552 2631 5624 inirugifera
2674 5551 2999 5622 inutiliaque
3038 5553 3418 5621 ignorantibus
3463 5567 3584 5609 ma-

2013 5655 2164 5714 nent,
2205 5647 2379 5702 donec
2422 5646 2491 5701 ab
2532 5653 2649 5701 arte
2694 5642 3061 5699 audiverimus
3119 5645 3188 5700 ad
3226 5645 3354 5720 quid
3388 5645 3611 5729 horum.
