3996 6196
365 349 498 406 1201

1426 357 1510 412 DE
1552 357 2151 421 BEATlTUDlNlBUS.
2192 363 2445 423 ORATIO
2484 370 2522 423 Ι.

2764 272 2795 299 l

3478 377 3613 429 1902

365 471 459 525 καὶ
506 470 642 541 μετὰ
675 472 957 541 ῥᾳστώνης
1007 474 1427 548 ὲκποριζὸμενον
1463 481 1522 534 τὸ
1563 484 1659 552 τῆς
1698 503 1940 539 ταπεινο-

2047 498 2267 556 egestate
2335 488 2785 541 dilesceremus".
2851 488 3118 555 Quoniam
3198 491 3359 561 igitur
3420 504 3609 546 czetcra

365 560 636 631 φροσύνης
668 563 1013 635 κατόρθωμα.
1051 567 1124 618 Τὸ
1165 569 1405 621 ἐναντίον
1444 574 1540 641 μὲν
1589 571 1681 628 οὖν
1740 578 1938 641 παντὸς

363 650 669 705 οὑτινοσοῦν
694 652 801 707 τῶν
825 656 1151 729 κατ’ἀρετὴν
1180 660 1740 731 ὲπιτηδευομένων.τὸ
1772 669 1941 721 τοιοῦ-

365 742 455 794 τόν
480 743 626 795 ἐστιν
655 744 1071 816 ἐπιπονώτερον.
1100 748 1198 802 Διά
1228 751 1312 815 τίς
1343 754 1423 805 ὅτι
1468 756 1816 821 καθεύδοντος
1845 763 1937 814 τοῦ

367 832 677 903 ἀνθρώπου,
701 835 793 888 τοῦ
821 837 889 890 τὰ
915 838 1056 892 καλὰ
1084 840 1371 912 σπέρματα
1411 845 1729 916 δεξαμένου,
1763 850 1822 902 τὸ
1853 869 1942 905 κει

367 924 593 992 φάλαιον
624 926 721 995 τῆς
774 927 1019 990 ἐναντίας
1053 934 1258 1001 σπορᾶς
1289 934 1439 1004 παρὰ
1472 936 1564 989 τοῦ
1619 939 1812 1010 ἐχθροῦ
1845 944 1942 1009 τῆς

365 1016 509 1098 ζωῆς
526 1015 681 1086 ἡμῶν
700 1017 758 1070 τὸ
774 1018 869 1087 τῆς
893 1019 1266 1090 ὑπερηφανίας
1288 1024 1555 1098 ὲρῤιζὼθη
1586 1028 1838 1093 ζεζάνιον.
1864 1034 1941 1084 Δι’

365 1097 439 1159 ὧν
471 1105 580 1178 γάρ
607 1108 809 1170 ἐκεῖνος
837 1109 1026 1161 ἑαυτὸν
1058 1112 1135 1174 είς
1166 1112 1267 1182 γῆν
1306 1115 1658 1186 κατέρῤαξεν,
1688 1120 1765 1189 τῷ
1794 1121 1942 1190 αὐτῷ

366 1196 550 1265 τρόπῳ
571 1196 631 1248 τὸ
658 1197 887 1249 δείλαιον
908 1199 1062 1266 γένος
1089 1202 1150 1254 τὸ
1165 1202 1502 1274 ἀνθρώπινον
1524 1208 1658 1276 πρὸς
1688 1211 1745 1261 τὸ
1769 1213 1942 1264 κοινὸν

367 1283 567 1353 πτῶμα
600 1285 777 1355 ἑαυτῷ
829 1288 1260 1351 συγκατέϐαλενθ
1302 1295 1395 1345 καὶ
1446 1295 1596 1347 οὐδέν
1634 1297 1783 1349 ἐστιν
1816 1299 1943 1351 ἄλλο

367 1374 465 1445 τῆς
488 1374 701 1443 φύσεως
723 1376 878 1447 ἡμῶν
909 1379 1145 1433 τοιοῦτον
1181 1383 1370 1449 κακὸν,
1394 1385 1468 1447 ὡς
1492 1385 1550 1438 τὸ
1578 1388 1646 1439 δι’
1662 1390 1943 1460 ὑπερηφα-

365 1465 505 1529 νίας.
545 1468 696 1520 Ἐπεὶ
734 1465 826 1522 οὖν
864 1471 1148 1541 ἐμπέφυκέ
1192 1491 1306 1537 πως
1331 1477 1391 1528 τὸ
1417 1477 1555 1530 κατὰ
1591 1480 1689 1550 τὴν
1715 1482 1943 1551 ἔπαρσιν

368 1556 540 1618 πάθος
574 1559 733 1611 παντὶ
761 1560 944 1630 σχεδὸν
981 1561 1059 1631 τῷ
1091 1564 1428 1618 κοινωνοῦντι
1472 1567 1571 1635 τῆς
1602 1570 1942 1641 ἀνθρωπίνης

367 1646 706 1715 φύσεωςβιὰ
734 1649 888 1703 τοῦτο
915 1652 1161 1737 ἐντεῦθεν
1185 1654 1292 1707 τῶν
1316 1660 1677 1729 μακαρισμῶν
1694 1663 1721 1712 6
1745 1662 1944 1734 Κύριος

363 1739 612 1809 ἄρχεται.
650 1733 758 1794 οἷον
803 1733 1093 1812 ἀρχέγονὸν
1125 1761 1176 1797 τι
1221 1746 1391 1800 κακὸν
1432 1742 1709 1803 ἐκϐάλλων
1747 1753 1809 1804 ὲκ
1843 1753 1942 1821 τῆς

2043 578 2243 642 omnia,
2276 594 2396 647 qua:
2427 578 2570 631 circa
2610 588 2857 632 naturam
2904 581 3141 633 divinum
3183 581 3612 651 conmpiciuntur,

2043 677 2301 735 superant
2331 669 2547 743 modum
2575 670 2825 723 humana:
2856 681 3062 724 natura:
3090 690 3101 723 ε
3133 671 3410 726 humilitas
3432 682 3611 727 autem

2044 759 2242 813 coalita
2280 768 2445 842 atque
2490 773 2749 815 consueta
2801 763 2959 815 nobis
3010 763 3159 814 humi
3192 765 3529 832 repentibus,
3561 774 3614 816 et

2050 867 2112 905 ex
2167 859 2311 906 terra
2364 854 2630 914 conflatis,
2672 861 2723 907 et
2753 853 2804 905 in
2859 863 3057 906 terram
3092 851 3472 917 defluentibus,
3508 863 3611 914 cst,

2044 943 2086 994 si
2122 949 2176 995 ιιι
2220 942 2272 995 in
2301 958 2365 997 eo
2427 945 2570 1013 quod
2604 960 2632 995 a
2665 952 2858 998 natura
2894 953 2982 997 tua
3018 960 3125 997 non
3159 956 3241 998 est
3270 945 3530 1007 alienum,
3564 955 3616 998 et

2044 1030 2074 1085 'a
2107 1040 2159 1087 te
2181 1032 2431 1101 praestari
2462 1041 2658 1102 potest,
2693 1030 2858 1087 Deum
2902 1033 3146 1088 imitatus
3180 1031 3373 1097 fueris,
3399 1031 3612 1085 beatam

2046 1125 2272 1178 formam
2307 1126 2422 1194 ipse
2453 1124 2699 1178 induisti.
2748 1125 2822 1177 Ac
2854 1138 3011 1178 nemo
3040 1132 3188 1192 putet
3216 1123 3422 1177 nullius
3453 1138 3615 1191 nego-

2046 1217 2105 1267 tii
2141 1231 2252 1269 rem
2288 1231 2430 1279 esse,
2476 1230 2539 1268 ac
2588 1214 2748 1269 facile
2782 1213 2917 1268 cllici
2956 1230 3134 1283 posse,
3175 1223 3231 1267 ut
3261 1213 3383 1283 quis
3437 1213 3617 1265 mium

2045 1308 2236 1361 humili
2303 1315 2466 1375 atque
2517 1307 2757 1361 demisso
2812 1304 2903 1359 sit.
2955 1302 3067 1356 lmo
3118 1311 3308 1358 contra
3360 1302 3494 1355 nhil
3548 1318 3611 1355 ex

2046 1398 2297 1451 omnibus
2353 1410 2688 1466 quaecunque
2756 1410 2850 1463 per
2927 1395 3181 1449 virtutem
3253 1400 3488 1464 aguntur
3562 1401 3615 1445 et

2045 1494 2392 1551 exercentur,
2422 1499 2574 1554 aeque
2628 1484 2958 1539 laboriosum
3004 1492 3057 1536 et
3111 1496 3400 1551 Operosum
3457 1491 3616 1549 atque

2047 1573 2312 1640 ejusmodi
2371 1590 2456 1628 res
2507 1583 2609 1627 est.
2668 1571 3079 1636 Quamobrem?
3137 1571 3263 1640 quia
3313 1569 3615 1623 dormiente

2046 1665 2263 1717 homine
2296 1666 2383 1733 qui
2441 1665 2577 1717 bona
2624 1664 2830 1715 semina
2882 1670 3189 1731 aceeperat,
3239 1668 3403 1730 caput
3453 1667 3611 1729 atque

2049 1755 2318 1823 praecipua
2353 1770 2478 1822 pars
2505 1754 2766 1808 contrarii
2791 1754 3017 1807 seminis
3058 1752 3124 1805 ab
3156 1752 3380 1806 inimico
3411 1761 3612 1804 nostris

362 1828 529 1893 ἕξεως
559 1831 715 1900 ἡμῶν
752 1831 851 1902 τὴν
884 1833 1285 1905 ὑπερηφανίαν,
1319 1838 1375 1890 ἐν
1428 1838 1505 1908 τῷ
1555 1840 1941 1910 συμϐουλεύειν

2047 1839 2166 1893 vitae
2226 1840 2493 1908 superbim
2542 1842 2810 1893 zizanium
2866 1840 3176 1907 conjectum
3222 1839 3434 1892 radices
3484 1838 3610 1909 egit.

366 1920 709 1990 μιμήσασθαι
758 1922 850 1975 τὸν
900 1925 1165 1987 ἑκουσίως
1214 1929 1632 1997 πτωχεύσαντα,
1681 1932 1740 1994 ὃς
1796 1935 1941 1986 ἐστιν

362 2009 580 2081 άληθῶς
616 2012 901 2084 μακάριος,
935 2015 1021 2068 ἵνα
1051 2016 1109 2068 ὲν
1136 2010 1182 2084 ᾧ
1216 2017 1489 2089 δυνάμεθα.
1523 2021 1707 2085 καθὼς
1736 2022 1803 2076 ἂν
1839 2019 1939 2077 οἷοί

362 2119 423 2155 τε
454 2099 603 2174 ὦμεν
634 2105 990 2174 ὁμοιωθέντες
1020 2109 1083 2161 ὲκ
1132 2107 1228 2161 τοῦ
1261 2111 1573 2181 πωχεῦσαι
1620 2112 1762 2166 κατὰ
1818 2132 1943 2184 προ-

364 2195 598 2267 αίρεσιν,
633 2197 727 2249 καὶ
768 2197 867 2267 τὴν
900 2198 994 2251 τοῦ
1028 2200 1378 2271 μακαρισμοῦ
1408 2203 1690 2256 κοινωνίαν
1716 2205 1941 2273 ἐφελκυ-

364 2284 608 2355 σὼμεθα.
656 2284 833 2340 Τοῦτο
865 2288 974 2357 γὰρ
1000 2289 1352 2356 φρονείσθω,
1395 2292 1588 2361 φησὶν,
1615 2292 1685 2345 ἐν
1713 2294 1876 2363 ὑμῖν,
1910 2296 1940 2348 ὂ

363 2378 461 2430 καὶ
485 2378 557 2431 ἐν
585 2377 816 2446 Χριστῷ
855 2379 1080 2446 Ἰησοῦ·
1125 2380 1193 2445 ὃς
1229 2381 1299 2435 ἐν
1327 2382 1533 2452 μορφῇ
1573 2384 1721 2439 Θεοῦ
1758 2387 1935 2453 ὑπάρδ

365 2485 506 2536 κων,
544 2470 657 2537 οὐχ
695 2468 1009 2538 ἁρπαγμὸν
1045 2471 1316 2540 ἡγήσατο
1362 2471 1431 2526 τὸ
1468 2475 1619 2528 εἶναι
1657 2475 1765 2530 ἴσα
1798 2475 1936 2541 Θεῷ·

356 2555 499 2609 ἀλλ’
526 2556 746 2609 ἑαυτὸν
780 2556 1039 2620 exercuere
1080 2559 1323 2628 μορφὴν
1359 2559 1583 2617 δούλου
1624 2564 1841 2619 λαϐὼν.
1878 2566 1941 2616 Τί

363 2646 705 2717 πτωχότερον
746 2647 841 2700 ἐπὶ
867 2646 1000 2701 Θεοῦ
1033 2648 1133 2717 τῆς
1162 2649 1253 2703 τοῦ
1274 2650 1460 2705 δούλου
1497 2655 1735 2725 μορφῆςς
1761 2656 1825 2707 Τί
1852 2673 1942 2707 τα-

364 2735 676 2804 πεινότερον
703 2735 795 2788 ἐπὶ
814 2736 908 2789 τοῦ
940 2737 1200 2807 βασιλέως
1225 2739 1333 2794 τῶν
1358 2741 1547 2807 ὅντων,
1574 2743 1607 2813 ἢ
1637 2744 1699 2796 τὸ
1726 2746 1811 2807 εἰς,
1832 2762 1943 2797 κοι-

363 2826 564 2879 νωνίαν
578 2826 678 2896 τῆς
702 2828 923 2898 πτωχῆς
946 2828 1103 2899 ἡμῶν
1129 2829 1341 2897 φύσεως
1371 2832 1572 2896 ὲλθείν;
1603 2834 1662 2887 '0
1687 2834 1943 2897 Βασιλεὺς

364 2916 477 2969 τῶν
503 2915 913 2987 βασιλευόντων,
946 2920 1039 2973 καὶ
1071 2919 1275 2991 Κύριος
1297 2920 1404 2974 τῶν
1441 2924 1798 2994 κυριευόντων
1828 2925 1942 2978 ἐθε-

362 3007 566 3072 λόντως
592 3009 692 3079 τὴν
716 3010 814 3080 τῆς
833 3010 1075 3075 δουλείας
1106 3012 1318 3083 μορφὴν
1341 3014 1651 3067 ὑποδύεται·
1682 3018 1711 3069 6
1738 3016 1942 3087 Κριτὴς

362 3100 458 3153 τοῦ
478 3099 697 3167 παντὸς,
716 3100 985 3173 ύπόφορος
1010 3104 1120 3165 τοῖς
1144 3102 1528 3157 δυναστεύουσι
1550 3104 1773 3172 γίνεται·
1790 3108 1817 3159 6
1844 3107 1941 3177 τῆς

2039 1928 2505 1994 Quemadmodum
2540 1931 2684 1982 enim
2734 1930 2823 1983 ille
2864 1946 2922 1983 se
2957 1931 3010 1982 in
3055 1937 3254 1984 terram
3311 1930 3606 1999 prmcipita-

2041 2020 2133 2081 vit,
2183 2018 2373 2071 eodem
2425 2020 2585 2071 modo
2646 2020 2903 2073 miserum
2958 2035 3130 2088 genus
3181 2021 3500 2078 humanum.
3547 2024 3609 2073 a;l

2040 2124 2385 2161 communem
2420 2110 2632 2161 ruinam
2666 2124 2848 2163 secum
2877 2124 2983 2162 una
3021 2110 3277 2174 detraxit,
3315 2126 3377 2163 ac
3409 2111 3611 2163 nullum

2040 2198 2185 2250 aliud
2229 2206 2435 2252 naturae
2467 2207 2667 2252 nostra:
2696 2200 2895 2254 malum
2933 2200 3039 2254 tale
3086 2208 3190 2262 est,
3217 2200 3396 2270 qualis
3446 2208 3530 2255 est
3569 2200 3616 2255 is

2041 2290 2133 2358 qui
2205 2305 2303 2359 per
2354 2291 2666 2360 superbiam
2730 2291 2888 2345 nobis
2961 2292 3185 2346 morbus
3242 2292 3611 2363 iugeneratur.

2041 2381 2307 2447 Quoniam
2332 2382 2497 2452 igitur
2523 2382 2780 2437 omnibus
2811 2382 3204 2452 propemodum
3244 2384 3336 2454 qui
3368 2383 3617 2438 humana:

2040 2481 2249 2525 natura:
2282 2472 2574 2542 participes
2625 2480 2753 2527 sunt
2816 2472 3007 2526 vitium
3052 2473 3307 2528 elationis
3352 2472 3616 2543 quodamc

2040 2562 2199 2614 modo
2237 2560 2480 2614 innatum
2524 2569 2629 2626 est,
2692 2560 2901 2614 idcirco
2938 2559 3200 2615 Dominus
3243 2561 3371 2616 hinc
3400 2562 3615 2615 initium

2041 2649 2406 2705 beatitudines
2440 2649 2746 2720 esponendi
2784 2650 2935 2716 facit,
2965 2661 3225 2720 tanquam
3267 2649 3616 2720 primordiale

2041 2738 2242 2791 malum
2274 2736 2548 2808 quoddam
2602 2752 2666 2792 ex
2702 2737 2891 2792 habitu
2922 2746 3115 2793 nostro
3163 2738 3475 2808 superbiam
3514 2738 3613 2806 eji-

2039 2828 2213 2889 eiens,
2241 2827 2369 2880 dum
2407 2826 2647 2881 consulit
2700 2836 2760 2881 ut
2800 2827 3080 2883 imitemur
3107 2843 3253 2893 eum,
3294 2829 3385 2898 qui
3423 2838 3617 2898 sponte

2042 2933 2139 2972 sua
2177 2933 2383 2987 egenus
2432 2916 2570 2983 mu,
2629 2918 2722 2989 qui
2761 2933 2890 2975 vere
2931 2919 3124 2974 beatus
3167 2926 3274 2982 est,
3299 2928 3379 2978 ut.
3422 2920 3475 2973 in
3508 2934 3616 2989 quo

2041 3023 2355 3078 possumus,
2383 3024 2480 3079 pro
2513 3008 2655 3063 virili
2691 3019 2877 3065 nostra
2902 3017 3057 3080 parte
3100 3008 3423 3073 assimilati,
3452 3024 3516 3064 ex
3550 3023 3615 3062 eo

2042 3099 2184 3169 quod
2237 3106 2426 3154 nostra
2486 3101 2767 3155 voluntate
2812 3102 2969 3173 egeni
3011 3107 3383 3171 paupertatem
3444 3102 3615 3156 secuti

364 3190 598 3255 κτίσεως
624 3164 847 3263 Κύριος⁷
869 3164 926 3245 ὲν
963 3192 1213 3265 σπηλαίῳ
1238 3164 1609 3263 κατάγεται·’ό
1632 3195 1725 3248 τοῦ

2047 3190 2336 3254 fuerimus,
2381 3193 2542 3245 etiam
2574 3192 2933 3249 beatitudinis
2960 3192 3400 3248 communionem
3447 3200 3619 3246 attra-

366 3281 858 3353 περιδεδραγμένος
902 3283 1001 3354 οὐχ
1041 3284 1280 3356 εὑρίσκει
1312 3286 1475 3339 τόπον
1505 3289 1563 3340 ἐν
1600 3285 1676 3357 τῷ
1710 3287 1943 3340 καταλύ-

363 3387 524 3440 ματι,
548 3368 662 3423 ἀλλ’
682 3372 739 3423 ὲν
756 3372 821 3441 τῇ
840 3371 1014 3442 φάτνῃ
1030 3371 1137 3426 τῶν
1155 3373 1363 3441 ἀλόγων
1384 3371 1537 3437 ζώων
1557 3393 1631 3428 πα
1640 3377 1944 3447 ραρριπτεί-

360 3479 479 3518 ταν
501 3465 531 3516 6
561 3462 798 3534 καθαρὸς
820 3463 915 3516 καὶ
934 3464 1041 3534 άκή
1051 3481 1229 3536 ρατος,
1246 3465 1455 3536 τὸν-τῆς
1477 3466 1820 3536 ἀνθρωπίνης
1844 3467 1942 3533 φύ-

368 3571 509 3613 σεως
532 3554 881 3624 καταδέχεται
907 3553 1096 3625 ῥύπον,
1123 3556 1217 3609 καὶ
1240 3555 1328 3609 διὰ
1348 3556 1529 3625 πάσης
1554 3555 1654 3625 τῆς
1674 3558 1943 3625 πτωχείας

359 3644 528 3714 ἡμῶν
572 3642 853 3708 διεξελθὼν
888 3644 1048 3715 μέχρι
1085 3645 1184 3714 τῆς
1207 3644 1301 3698 τοῦ
1328 3644 1556 3699 θανάτου
1586 3645 1798 3715 πρόεισι
1830 3647 1946 3698 πεί-

368 3752 491 3808 ρας.
536 3735 727 3805 Ὁρᾶτε
768 3734 869 3803 τῆς
915 3735 1159 3789 ἑκουσίου
1209 3736 1480 3805 πτωχείας
1520 3736 1582 3789 τὺ
1628 3737 1837 3809 μέτρον.
1883 3738 1944 3791 'H

367 3823 486 3895 ζωὴ
528 3824 755 3880 θανάτου
776 3824 1014 3893 γεύεται·
1038 3828 1066 3879 6
1092 3826 1297 3897 Κριτὴς
1320 3827 1400 3889 είς
1427 3828 1709 3898 κριτήριον
1736 3829 1945 3896 ἄγεται·

364 3914 401 3970 ὸ
425 3919 523 3987 τῆς
552 3915 697 3987 ζωῆς
736 3917 843 3969 τῶν
878 3917 1045 3971 ὄντων
1076 3916 1281 3989 Κύριος
1339 3917 1433 3969 ἐπὶ
1457 3920 1520 3989 τῇ
1550 3917 1717 3988 ψήφῳ
1743 3919 1835 3972 τοῦ
1868 3920 1948 3974 δι-

368 4007 629 4072 κάζοντος
648 4008 876 4076 γίνεται·
905 4009 934 4061 6
964 4007 1143 4079 πάσης
1164 4008 1261 4079 τῆς
1284 4008 1651 4078 ὑπερκοσμίου
1670 4010 1951 4080 δυνάμεως

368 4099 636 4163 Βασιλεὺς
694 4098 794 4163 τὰς
844 4098 953 4153 τῶν
999 4098 1206 4170 δημίων
1256 4099 1356 4152 οὐκ
1406 4098 1701 4153 ἀπωθεῖται
1740 4103 1946 4172 χεῖρας.

370 4190 517 4261 Πρὸς
541 4189 697 4244 τοῦτό
738 4206 840 4256 σοι,
873 4191 1026 4261 φησι,
1055 4189 1117 4242 τὸ
1152 4189 1552 4259 ὑπόδειγμα,τὸ
1574 4191 1671 4261 τῆς
1695 4209 1948 4246 ταπεινο-

371 4275 649 4348 φροσύνης
681 4277 923 4348 βλεπέτω
955 4279 1173 4351 μέτρον.

2049 3282 2241 3335 hamus
2286 3290 2341 3337 et
2391 3283 2748 3339 asciscamus.
2801 3283 2917 3338 Hoc
2962 3283 3099 3338 enim
3152 3286 3369 3355 quisque
3410 3283 3617 3347 sentiet,

2047 3369 2240 3441 inquit,
2283 3371 2420 3424 inter
2448 3386 2556 3435 vos,
2596 3375 2735 3441 quod
2767 3382 2816 3426 et
2863 3375 2916 3426 in
2942 3370 3157 3428 Christo
3188 3372 3319 3427 Jesu
3343 3389 3359 3426 :
3384 3373 3473 3442 qui
3501 3388 3618 3425 cum

2044 3467 2178 3513 esset
2226 3460 2282 3512 in
2327 3459 2502 3523 forma
2564 3462 2691 3524 Dei,
2747 3478 2853 3515 non
2908 3464 3151 3530 rapinam
3206 3464 3499 3515 arbitratus
3543 3471 3621 3514 est

2047 3549 2182 3619 quod
2220 3549 2328 3605 Deo
2358 3566 2458 3619 par
2477 3560 2526 3605 et
2555 3553 2775 3621 wqualis
2799 3562 2933 3607 esset
2958 3570 2975 3607 :
3008 3555 3098 3607 sed
3124 3555 3299 3623 [arma
3319 3556 3452 3611 servi
3476 3570 3617 3607 sum-

2043 3650 2135 3710 pta
2185 3642 2413 3711 seipsum
2461 3644 2841 3698 exinauivit".
2904 3643 3110 3713 Ecquid
3184 3645 3356 3715 magis
3413 3645 3465 3696 in
3514 3642 3622 3698 Deo

2048 3734 2381 3799 mendicum,
2410 3750 2574 3805 quam
2615 3734 2787 3788 forma
2824 3735 3005 3790 servi?
3041 3735 3171 3804 quid
3205 3736 3257 3787 in
3290 3749 3414 3803 rege
3437 3747 3618 3787 rerum

2049 3827 2424 3881 universarum
2474 3826 2773 3891 humilius,
2848 3841 3013 3896 quam
3048 3826 3123 3879 ‘in
3178 3823 3618 3879 communionem

2051 3918 2231 3987 inopis
2278 3932 2344 3972 ac
2394 3916 2661 3973 mendlcte
2705 3926 2906 3971 nostra)
2945 3927 3149 3970 natura:
3199 3912 3457 3968 venisse?
3506 3909 3620 3967 Rex

2057 4009 2426 4079 regnantium,
2469 4015 2523 4063 et
2562 4007 2826 4064 Dominus
2854 4006 3255 4061 dominantium
3291 4012 3495 4074 sponte
3521 4019 3619 4057 sua

2055 4101 2288 4157 formam
2332 4100 2617 4156 servitutis
2657 4098 2871 4164 induit;
2902 4096 3075 4153 Judex
3115 4111 3296 4152 rerum
3340 4095 3621 4149 universa-

2055 4208 2177 4248 rum
2223 4192 2566 4263 principibus
2594 4191 2921 4246 tributarius
2947 4190 3157 4245 exsistit
3181 4202 3194 4250 ;
3219 4197 3483 4244 creaturae
3515 4184 3621 4238 Do-

2059 4283 2241 4338 minus
2272 4281 2329 4336 in
2370 4281 2629 4350 spelunca
2672 4279 2980 4335 diversatur
3016 4297 3026 4330 :
3062 4278 3153 4347 qui
3189 4278 3447 4331 mundum
3497 4278 3623 4329 uni-

372 4384 596 4425 versum
661 4373 982 4443 complexus
1025 4382 1132 4436 est,
1182 4387 1291 4428 non
1338 4374 1548 4430 invenit
1589 4376 1765 4431 locum
1848 4379 1901 4430 in
1977 4375 2312 4439 diversorio,
2373 4374 2467 4429 sed
2526 4375 2579 4427 in
2644 4374 2908 4443 praesepio
2952 4373 3235 4427 brutorum
3309 4370 3620 4424 animalium

373 4466 876 4539 abjiciturzpurus
922 4470 1014 4524 ille
1045 4479 1098 4525 et
1140 4470 1498 4540 incorruptus
1546 4472 1800 4526 humana:
1851 4481 2062 4527 natura:
2134 4471 2328 4525 sordes
2399 4487 2507 4523 non
2566 4472 2793 4538 respuit,
2866 4484 2927 4522 ac
2974 4483 3068 4537 per
3105 4481 3318 4520 onmem
3381 4472 3621 4520 nostram

373 4559 780 4616 mendicitatem
811 4570 1122 4628 penetrans,
1175 4577 1348 4630 usque
1395 4560 1464 4615 ad
1512 4563 1703 4617 mortis
1739 4564 2086 4632 progreditur
2150 4563 2603 4630 experimentum.
2680 4557 2871 4614 Videte
2926 4557 3245 4611 voluntariae
3306 4555 3625 4609 mendicita-

374 4656 451 4712 tis
476 4654 716 4710 modum.
748 4653 870 4707 Vita
901 4663 1130 4709 mortem
1157 4663 1374 4724 gustat;
1398 4653 1571 4710 Judex
1604 4659 1660 4710 in
1689 4656 1957 4726 judicium
1996 4658 2251 4729 ducitur;
2282 4656 2542 4709 Dominus
2583 4655 2705 4708 vitae
2774 4668 2956 4707 rerum
3024 4650 3407 4703 universarum
3452 4646 3625 4715 subji-

376 4747 523 4801 citur
558 4744 764 4815 judicis
800 4746 1057 4811 decreto;
1106 4746 1674 4815 supramundanarum
1711 4749 1957 4802 omnium
2005 4748 2288 4818 copiarum
2343 4744 2457 4800 Rex
2507 4743 2825 4799 carnificum
2870 4756 3065 4796 manus
3104 4755 3209 4793 nou
3273 4737 3506 4807 repellit.
3549 4738 3626 4790 Ad

378 4839 506 4897 hoc.
555 4836 751 4906 inquit,
801 4836 1107 4905 exemplum
1147 4834 1343 4890 modus
1391 4837 1557 4890 animi
1603 4836 1956 4892 demissionis
1996 4838 2094 4891 tibi
2125 4844 2354 4907 spectet.

449 4930 605 5002 Τάχα
629 4931 687 4985 δέ
720 4948 808 5001 μοι
827 4931 974 4984 δοκεί
997 4918 1174 4995 καλῶς
1198 4931 1341 5000 ἔχειν
1372 4932 1465 4985 καὶ
1486 4932 1586 5004 τὴν
1606 4932 1826 5001 ἀλογίαν
1858 4932 1944 4985 τοῦ

2126 4930 2354 4986 Videtur
2383 4939 2562 4985 autem
2613 4928 2741 4982 mihi
2793 4927 3025 4983 fortasse
3069 4943 3176 4981 non
3226 4922 3626 4979 incommodum

378 5023 620 5079 τοιούτου
661 5022 1021 5091 διασκοπῆσαι
1053 5021 1277 5086 πάθους,
1315 5024 1391 5085 ὡς
1438 5023 1504 5076 ἂν
1548 5023 1951 5095 εύκατόρθωτος

380 5117 512 5184 ἡμῖν
537 5117 565 5167 6
608 5113 954 5183 μακαρισμὸς
982 5112 1210 5179 γένοιτο,
1242 5114 1337 5167 σὺν
1365 5112 1631 5185 εὐμαρείᾳ
1660 5114 1827 5183 πολλῇ
1860 5115 1953 5166 καὶ

383 5202 634 5276 ῥᾳστώνη
655 5204 750 5273 τῆς
776 5201 1747 5274 ταπεινοφροσύνηςκατορθουμένης.
1762 5203 1952 5257 Καθά-

382 5308 489 5365 περ
531 5293 640 5363 γὰρ
670 5292 721 5344 οἱ
768 5292 1129 5360 ἐπιστήμονες
1174 5291 1283 5344 τῶν
1332 5290 1550 5361 ἰατρῶν,
1580 5292 1643 5344 τὸ
1680 5293 1955 5346 νοσοποιὸν

384 5384 552 5438 αῑτιον
575 5381 974 5454 προεξελόντες,
1014 5384 1142 5453 ῥᾷον
1190 5382 1547 5454 ἐπικρατοῦσι
1590 5383 1683 5437 τοῦ
1716 5383 1918 5448 πάθους
1939 5404 1951 5415 ·

384 5473 555 5535 οὕτως
589 5475 685 5528 καὶ
712 5476 872 5544 ἡμεῖς
902 5473 998 5544 τὴν
1036 5474 1344 5544 χαυνότητα
1376 5474 1483 5526 τῶν
1520 5474 1874 5544 τυφουμένων
1892 5475 1972 5545 τῷ

389 5567 631 5639 λογισμῷ
679 5567 1143 5629 καταστείλαντες,
1181 5567 1499 5621 εὐεπίϐατον
1529 5569 1737 5632 ἑαυτοῖς
1759 5569 1856 5640 τὴν
1876 5569 1975 5639 τῆς

455 5748 501 5779 ’⁸
544 5750 586 5807 ΙΙ
621 5750 745 5805 Cor.
783 5768 897 5815 vm,
936 5752 987 5805 9.
1065 5752 1107 5782 "
1152 5750 1379 5818 Philipp.
1416 5764 1485 5809 rt,
1521 5748 1552 5800 5
1583 5765 1702 5817 sqq.

2059 5038 2183 5079 esse
2214 5022 2481 5093 ejusmodi
2509 5022 2626 5075 vitii
2654 5020 3200 5078 inconsiderantiam,
3233 5016 3627 5071 absurditatem

2058 5122 2115 5169 et
2158 5112 2630 5184 importunitatem
2680 5120 2952 5182 spectare,
2993 5120 3051 5164 ut
3088 5124 3211 5165 cum
3251 5108 3416 5161 multa
3457 5101 3631 5156 facili-

2060 5213 2170 5260 tate
2217 5215 2379 5274 atque
2433 5193 2818 5259 commoditate
2875 5201 3203 5257 succedente
3255 5198 3415 5251 nobis
3464 5191 3628 5247 animi

2059 5296 2389 5361 humilitate,
2450 5294 2609 5349 facile
2659 5294 2875 5363 assequi
2925 5298 3086 5359 atque
3139 5290 3409 5343 conficere
3472 5282 3630 5336 nobis

2059 5390 2446 5446 beatitudinem
2520 5389 2814 5459 possimus.
2883 5383 2950 5437 Ut
3013 5384 3167 5436 enim
3216 5378 3372 5450 periti
3431 5372 3629 5427 medici

2061 5499 2229 5539 causa
2262 5483 2435 5538 morbi
2463 5481 2737 5538 effectricc
2764 5477 2918 5547 prius
2946 5482 3221 5542 exempta,
3250 5464 3628 5538 aegritudinem

2063 5573 2280 5629 facilius
2322 5573 2584 5627 vincunt:
2614 5570 2688 5622 ita
2744 5581 2842 5620 nos
2872 5576 3108 5635 quoque,
3154 5560 3246 5612 ubi
3293 5553 3629 5611 inflationem
