3996 6196
367 328 501 382 ’205

1422 324 1511 380 DE
1538 327 2126 385 BEATITUUINIBUS.
2173 328 2429 385 ORATIO
2464 329 2501 385 ι.

3470 330 3605 385 ίῖθδ

360 440 598 515 ἀδρανὴς
637 441 765 494 σκιά
807 437 907 512 τὴν
953 438 1094 509 ἁφὴν
1142 437 1554 507 ὑποφεύγουσα,
1608 440 1683 503 ὡς
1722 441 1783 493 τὸ
1839 440 1936 509 τῆς

2076 441 2184 496 ιὶιιο
2219 457 2359 495 nunc
2406 440 2615 494 animos
2671 439 2816 493 tollis
2862 448 2916 494 et
2957 438 3230 511 superbis,
3275 453 3608 511 magnosque

363 535 612 606 νεότητος
660 532 794 602 ὄναρ
840 530 974 600 ὁμοῦ
1002 546 1061 583 τε
1102 531 1425 600 φαινόμενον
1466 532 1563 584 καῖ
1590 531 1750 594 εὐθὺς
1795 549 1935 602 παρ-

365 628 697 696 ιπτάμενον;
731 622 919 676 Ταῦτά
950 640 1037 693 μοι
1075 624 1212 694 πρὸς
1240 624 1365 686 τοὺς
1400 625 1457 675 ὲν
1490 625 1700 693 νεότητι
1742 624 1829 677 διὰ
1877 627 1937 677 τὸ

365 719 550 780 ἀτελὲς
583 718 682 788 τῆς
714 715 925 785 ἡλικίας
971 716 1353 786 ἀφραίνοντας.
1410 714 1473 765 Τί
1516 714 1559 766 δ’
1589 716 1652 769 ἄν
1685 733 1767 778 τις
1797 718 1936 769 είποι

369 808 632 880 περὶτῶν
669 807 766 878 ἤδη
814 804 1246 875 καθεστηκότων,
1296 801 1375 867 οἷς
1422 808 1454 875 ή
1511 805 1609 875 μὲν
1643 806 1824 876 ἡλικία
1852 806 1937 875 βέ-

369 900 538 970 ϐηκεν
566 936 582 959 ,
626 899 848 949 ἀστατεί
876 896 930 949 δὲ
974 896 1034 947 τὸ
1068 893 1217 965 ἦθος,
1253 897 1344 947 καὶ
1371 898 1402 965 ἡ
1438 900 1587 957 νόσος
1613 897 1709 965 τῆς
1740 897 1941 966 ὑπερη-

372 987 566 1056 φανίας
606 984 855 1050 αὖξεταγ
896 983 1065 1053 ὄνομα
1101 982 1156 1034 δὲ
1186 985 1250 1052 τῇ
1283 983 1502 1053 τοιαύτῃ
1529 984 1807 1054 ἀρρωστίᾳ
1849 984 1938 1035 τοῦ

371 1077 536 1146 ἧθους
565 1074 818 1145 φρόνημα
850 1071 1086 1125 τίθενται
1115 1091 1127 1102 ·
1178 1070 1321 1141 ἀρχὴ
1348 1070 1407 1123 δὲ
1429 1070 1502 1133 ὡς
1534 1070 1821 1123 ὲπιτοπολὺ
1852 1072 1941 1123 καὶ

373 1172 408 1236 ἡ
431 1167 549 1220 κατ’
574 1164 739 1235 αὐτὴν
767 1162 1068 1223 δυναστεία,
1097 1164 1130 1231 ἡ
1160 1162 1256 1230 τῆς
1284 1162 1657 1232 ὑπερηφανίας
1689 1163 1942 1225 ὑπόθεσις

373 1262 603 1329 γίνεται.
657 1256 722 1309 Ἢ
769 1256 877 1327 γὰρ
911 1257 969 1307 ὲν
1001 1255 1136 1323 αὐτῇ
1182 1253 1340 1306 τοῦτο
1385 1253 1703 1323 πάσχουσιν,
1743 1253 1943 1324 ἦπρὸς

374 1353 546 1421 αὐτὴν
576 1350 966 1420 ὲτοιμὰζονται,
998 1346 1031 1416 ἢ
1062 1347 1127 1397 τὰ
1158 1346 1284 1413 περὶ
1308 1347 1475 1415 αὐτῆς
1501 1346 1807 1416 διηγήματα
1853 1348 1944 1400 καὶ

377 1439 733 1509 παυσαμένην
784 1439 884 1509 ἤδη
935 1437 1193 1500 πολλάκις
1238 1435 1581 1506 ἀναῤῥιπίζει
1631 1436 1725 1506 τὴν
1770 1438 1941 1490 νόσον.

378 1534 490 1586 Καὶ
515 1532 597 1595 τίς
625 1529 781 1599 λόγος
812 1528 1074 1592 τοιοῦτος(
1103 1528 1177 1591 ὼς
1205 1529 1351 1589 ἐντὸς
1378 1527 1625 1595 γενέσθαι
1655 1528 1751 1597 τῆς
1777 1528 1947 1597 ἀκοῆς

379 1623 578 1687 αὐτῶν,
607 1622 706 1692 τῆς
753 1619 856 1673 ὑπὸ
886 1620 984 1689 τῆς
1020 1620 1201 1688 φωνῆς
1237 1619 1343 1671 τῶν
1384 1617 1637 1689 κηρύκων
1684 1608 1947 1689 προϐεϐο-

382 1713 619 1784 σμένης;
652 1711 748 1774 Τίς
777 1709 953 1763 πείσει
983 1711 1106 1771 τοὺς
1135 1707 1303 1772 οὕτως
1345 1709 1583 1777 ἔχοντας,
1612 1710 1692 1761 ὅτι
1719 1710 1824 1762 τῶν
1856 1709 1946 1762 ἐπὶ

382 1804 589 1874 σκηνῆς
630 1801 1017 1871 πομπευόντων
1061 1800 1167 1853 οὐδ’
1207 1798 1388 1853 ὁτιοῦν
1435 1800 1745 1873 διαφέρουσι
1779 1819 1792 1866 ;
1841 1804 1950 1857 Kal.

382 1897 493 1965 γὰρ
535 1893 761 1956 ἐκείνοις
803 1893 896 1946 καὶ
929 1891 1215 1961 πρόσωπόν
1246 1907 1300 1943 τι
1344 1893 1407 1944 ἐκ
1452 1891 1648 1963 τέχνης
1679 1894 1784 1946 τῶν
1825 1894 1953 1963 γλα-

385 1984 573 2056 φυρῶν
600 1982 988 2051 ἐπιϐέϐληται,
1022 1982 1114 2033 καὶ
1145 1980 1399 2051 ἁλουργὶς
1425 1984 1817 2052 χρυσόπαστος,
1860 1986 1953 2038 καὶ

383 2077 478 2129 ἐπὶ
500 2077 742 2147 ἅρματος
765 2074 797 2143 ὴ
824 2072 1034 2142 πομπὴ,
1066 2072 1159 2125 καὶ
1184 2071 1331 2142 ὅμως
1353 2073 1574 2144 οὐδεμία
1597 2075 1749 2138 νόσος
1774 2078 1955 2140 αὐτοῖς

389 2162 761 2233 ὑπερηφανίας
792 2164 854 2213 ὲκ
886 2160 993 2215 τῶν
1021 2162 1278 2214 τοιούτων
1307 2163 1609 2233 εἰσέρχεται
1640 2181 1654 2195 ’
1704 2165 1818 2217 ἀλλ’
1856 2161 1957 2219 οἶοι

388 2256 495 2327 πρὸ
520 2257 619 2327 τῆς
647 2255 849 2324 σκηνῆς
881 2249 1020 2325 ἦσαν
1054 2255 1116 2307 τὸ
1144 2255 1425 2325 φρόνημα,
1468 2255 1587 2324 ίσην
1612 2257 1703 2308 ἐπὶ
1727 2259 1789 2328 τῇ
1814 2258 1954 2330 ψυχῇ

385 2347 485 2416 τὴν
526 2344 639 2410 ἕξιν
671 2345 764 2399 καὶ
804 2347 894 2398 ἐπὶ
929 2347 1024 2415 τῆς
1058 2346 1280 2416 πομπῆς
1309 2345 1655 2410 διεσώσαντο,
1692 2350 1785 2402 καὶ
1821 2350 1960 2421 μετὰ

389 2439 547 2491 τοῦτο
572 2438 672 2491 οὐκ
697 2438 973 2497 ἀνιῶνται,
1006 2438 1101 2491 τοῦ
1136 2455 1192 2490 τε
1234 2439 1477 2509 ἅρματος
1509 2441 1829 2508 ἀποϐάντες,
1866 2446 1959 2497 καὶ

391 2527 453 2591 τὸ
482 2529 664 2599 σχῆμα
689 2529 1148 2600 περιαιρούμενοι.
1197 2531 1259 2581 Ol
1289 2530 1344 2583 δὲ
1373 2530 1460 2584 διὰ
1485 2532 1584 2601 τῆς
1614 2533 1786 2605 ἀρχῆς
1815 2551 1958 2605 πομ-

391 2618 646 2682 πεύοντες
688 2623 744 2672 ὲν
794 2623 859 2690 τῇ
894 2619 985 2672 τοῦ
1016 2619 1130 2689 βίου
1163 2624 1371 2691 σκηνῇ,
1420 2621 1540 2675 οὔτε
1573 2624 1634 2676 τὸ
1676 2624 1782 2695 πρὸ
1828 2624 1960 2695 βρα-

390 2710 534 2779 χέος,
571 2710 693 2764 οὔτε
732 2713 794 2765 τὸ
845 2713 979 2781 μετά
1011 2712 1181 2782 βραχὺ
1222 2712 1574 2784 λογιζόμενοι,
1610 2716 1855 2789 καθάπερ
1887 2716 1962 2786 τῷ

394 2805 675 2872 φυσήματι
717 2803 774 2855 αἱ
819 2803 1159 2872 πομφόλυγες
1205 2805 1594 2874 περιτείνονται
1622 2823 1633 2836 ’
1686 2795 1964 2861 τδνάὑτδν

395 2892 593 2962 τρόπον
621 2892 712 2945 καὶ
738 2886 883 2945 οὗτοι
919 2892 1328 2964 περιογκοῦνται
1357 2896 1422 2965 τῇ
1457 2895 1834 2968 μεγαλοφωνίᾳ
1871 2898 1964 2951 τοῦ

395 2986 657 3053 κήρυκος,
704 2984 799 3037 καὶ
852 2986 1129 3056 ἀλλοτρίου
1174 2988 1317 3050 τινὸς
1363 2989 1703 3059 προσωπείου
1754 2992 1965 3060 μορρὴν

2040 534 2135 586 tibi
2195 533 2423 602 Spiritus
2472 532 2644 586 sumis
2684 532 2737 584 in
2770 531 2916 586 illis?
2956 532 3100 601 quod
3154 532 3424 586 suntniqu
3473 532 3607 586 adeo

2039 639 2236 676 vanum
2266 635 2317 677 et
2348 639 2454 676 non
2489 621 2840 678 subsistens?
2886 636 3132 691 quamam
3163 636 3227 675 ex
3255 636 3448 676 somno
3480 622 3609 674 talia

2041 716 2336 784 visa?qu:e
2368 715 2557 769 umbra
2586 714 2719 767 adeo
2745 714 2923 767 tenuis
2949 721 3149 766 tactnm
3185 711 3607 783 subterfugieus,

2041 817 2099 861 ut
2123 808 2424 877 jurentntis
2464 806 2734 861 somnium
2790 804 2949 859 simul
2986 810 3039 857 et
3075 817 3361 873 apparens,
3396 811 3448 857 et
3487 818 3611 872 pro.-

2042 902 2188 952 tinus
2222 896 2652 967 przetervolans?
2699 893 2822 949 Haec
2872 895 2936 948 ad
2968 909 3062 948 eos
3111 893 3290 963 quiin
3330 893 3612 961 iuventute

2043 997 2263 1059 propter
2292 989 2468 1043 aetatis
2497 987 2665 1042 robur
2694 985 3069 1054 imperfectum
3099 983 3281 1037 minus
3316 983 3533 1052 sapiunt
3583 1000 3613 1036 a

2043 1097 2128 1134 me
2160 1082 2300 1134 dicta
2329 1081 2453 1133 sint.
2509 1079 2649 1145 Quid
2689 1087 2866 1131 autem
2900 1075 3042 1130 dicat
3067 1074 3266 1145 aliquis
3299 1074 3365 1129 de
3400 1074 3466 1129 iis
3508 1075 3599 1144 qui

2043 1181 2201 1245 auate
2247 1172 2357 1239 jam
2405 1172 2565 1240 pleni,
2624 1168 2928 1229 constituti,
2974 1165 3391 1235 contirmatiquc
3441 1165 3615 1218 sunt?

2046 1266 2098 1318 in
2132 1264 2328 1333 quibus
2357 1271 2487 1317 aetas
2518 1262 2736 1332 quidem
2770 1260 3003 1318 stabilis.
3038 1274 3217 1313 mores
3242 1266 3420 1311 autem
3455 1264 3507 1311 et
3535 1256 3617 1308 iu-

2046 1357 2262 1424 genium
2292 1354 2545 1407 instabile
2583 1362 2685 1415 est,
2721 1352 2943 1405 morbus
2994 1350 3118 1403 item
3161 1348 3426 1417 superbiae
3455 1363 3619 1418 auge-

2046 1456 2164 1499 tur:
2204 1461 2397 1499 nomen
2428 1452 2607 1498 autem
2634 1440 2901 1513 ejusmodi
2930 1440 3127 1510 ingenii
3156 1438 3366 1500 morbo,
3396 1436 3619 1507 spiritus

2047 1548 2099 1594 et
2134 1539 2308 1593 fastus
2342 1538 2661 1605 imponitur.
2714 1535 3065 1603 Magistratus
3110 1538 3310 1593 autem,
3362 1528 3619 1599 quodqua

2048 1631 2095 1685 ci
2126 1629 2441 1698 adiunctum
2472 1633 2574 1690 est,
2605 1625 2888 1695 imperium
2914 1632 3071 1692 atque
3097 1626 3358 1689 potestas,
3382 1620 3619 1688 plerum-

2051 1737 2157 1790 quc
2193 1717 2461 1787 snpcrbiae
2491 1715 2772 1769 materiam
2796 1722 2848 1768 et
2878 1712 3224 1767 occasionem
3262 1708 3481 1779 praebet.
3517 1709 3623 1760 Ant

2050 1817 2195 1871 enim
2224 1815 2275 1868 in
2320 1814 2438 1883 ipso
2471 1814 2793 1881 magistratu
2846 1809 2897 1862 id
2945 1808 3131 1861 vitium
3175 1804 3484 1859 admittunt,
3530 1808 3623 1851 aut

2052 1908 2154 1960 hoc
2181 1904 2314 1959 vitio
2342 1903 2561 1972 impulsi
2586 1903 2650 1956 ad
2681 1917 2803 1956 eum
2836 1901 3102 1970 aspirant,
3132 1904 3225 1951 aut
3252 1906 3534 1950 sermones
3560 1890 3623 1941 de

2054 1997 2375 2066 magistratu
2411 1994 2541 2047 illati
2577 2006 2948 2063 saepenumero
2976 1990 3210 2059 sopitum
3239 1988 3351 2055 jam
3380 1984 3625 2038 morbum

2054 2091 2412 2145 exsuscitant.
2474 2085 2538 2137 lat
2572 2098 2819 2154 quamam
2851 2080 3117 2151 ejusmodi
3163 2078 3339 2130 oratio
3384 2074 3476 2135 sit,
3511 2090 3629 2143 qua:

2056 2198 2221 2237 aures
2246 2195 2435 2236 eorum
2466 2193 2492 2231 a
2526 2189 2836 2246 praeconum
2861 2187 2992 2225 vove
3017 2170 3311 2241 praeclusas
3343 2171 3630 2236 penetrare

2059 2273 2263 2344 possit?
2311 2271 2433 2341 quis
2486 2270 2559 2323 ita
2612 2264 2822 2320 aﬂectis
2880 2261 3249 2333 persuadebit,
3298 2255 3441 2327 quod
3498 2252 3631 2307 nihil

2059 2367 2354 2436 quidquam
2410 2361 2634 2416 omnino
2677 2356 2930 2410 dili‘erant
2977 2354 3044 2406 ab
3102 2352 3169 2406 iis
3216 2349 3307 2419 qui
3363 2350 3413 2401 in
3472 2358 3633 2402 scena

2061 2473 2181 2511 cum
2215 2469 2409 2525 pompa
2444 2448 2759 2522 prodeunt?
2790 2445 2999 2499 Etenim
3029 2444 3135 2497 illis
3163 2455 3380 2512 quoque
3408 2450 3634 2508 persona

2063 2544 2307 2614 quzedam
2331 2558 2396 2595 ex
2421 2547 2537 2593 arte
2564 2537 2733 2607 polita
2763 2542 2925 2603 atque
2959 2539 3175 2596 ornata,
3208 2529 3481 2597 vestisque
3511 2540 3638 2595 pur-

2063 2651 2232 2709 purea
2263 2648 2400 2687 auro
2437 2632 2727 2685 intertexta
2763 2625 2964 2695 injecta
2996 2629 3100 2687 est,
3152 2629 3205 2676 et
3240 2621 3292 2674 in
3330 2635 3494 2673 curru
3525 2631 3640 2670 ma—

2063 2708 2257 2799 gniﬁce
2282 2723 2632 2783 invehuntur,
2673 2725 2725 2772 et
2757 2726 2936 2770 tamen
2979 2714 3166 2767 nullus
3200 2708 3467 2779 superbia:
3496 2721 3637 2761 mor-

2063 2821 2166 2874 bus
2199 2832 2293 2871 eos
2314 2832 2379 2870 ex
2409 2814 2572 2868 rebus
2611 2805 2882 2880 ejusmodi
2911 2803 3120 2859 invadit
3148 2821 3162 2868 ;
3206 2800 3300 2856 sed
3328 2814 3437 2869 quo
3472 2811 3637 2853 sensu

2066 2917 2228 2978 atque
2258 2906 2450 2976 spiritu
2483 2911 2638 2958 erant
2667 2908 2955 2967 antequam
2989 2896 3043 2948 in
3080 2907 3301 2950 scenam
3333 2889 3637 2960 prodirent.

2066 3000 2316 3053 eumdem
2347 2997 2401 3049 in
2447 2996 2630 3047 animo
2675 2991 2919 3045 habitum
2960 2986 3123 3042 etiam
3167 2986 3220 3039 in
3272 2998 3465 3054 pompa
3507 2997 3643 3037 con-

398 3076 611 3136 ἑαυτοῖς
662 3076 1155 3146 περιπλάσσουσιν,
1203 3075 1619 3141 ὲξαλλάσσοντες
1669 3080 1763 3150 τὴν
1828 3081 1965 3134 κατά

2073 3096 2316 3149 Servant,
2346 3094 2396 3140 et
2424 3092 2609 3154 postea
2634 3098 2739 3137 non
2762 3096 2901 3151 aegre
2927 3078 3124 3140 ferunt,
3152 3093 3325 3147 neque
3349 3083 3641 3146 anguntur,

400 3167 561 3233 φύσιν
604 3165 696 3219 τοῦ
727 3168 1015 3238 προσώπου
1049 3168 1195 3221 θέσιν
1227 3171 1305 3232 εἰς
1345 3169 1406 3222 τὸ
1444 3172 1666 3241 ἀμειδὲς
1710 3175 1804 3227 καλ⁸
1851 3177 1969 3227 ἐπί-

403 3257 587 3326 φοϐον,
612 3252 842 3326 ᾡθόγγος
867 3276 923 3312 τε
945 3260 1125 3323 αὐτοῖς
1150 3262 1438 3315 ἐπινοεῖται
1465 3264 1815 3335 τραχύτερος,
1839 3267 1972 3336 πρὸς

402 3348 503 3417 τὴν
530 3348 638 3400 τῶν
665 3349 970 3403 ἀκουόντων
995 3351 1331 3423 κατάπληξιν
1370 3354 1461 3407 ἐπὶ
1486 3354 1545 3407 τὸ
1575 3355 1838 3427 θηριῶδες
1874 3376 1971 3427 με·

404 3436 840 3507 τατυπούμενος·
885 3441 1064 3494 οὐκέτι
1104 3444 1160 3495 ὲν
1197 3446 1309 3506 τοῖς
1338 3443 1695 3515 ἀνθρωπίνοις
1727 3448 1974 3517 μένουσιν

406 3529 575 3600 ὅροις,
624 3529 736 3582 ἀλλ’
777 3532 856 3594 είς
896 3532 994 3603 τὴν
1037 3533 1187 3587 θείαν
1211 3534 1434 3605 δύναμίν
1477 3553 1535 3588 τε
1584 3538 1678 3590 καὶ
1730 3539 1976 3605 ἐξουσίαν

409 3621 633 3683 ἑαυτοὺς
664 3623 1006 3677 εἰσποιοῦσιν.
1072 3626 1224 3696 Ζωῆς
1269 3627 1375 3698 γὰρ
1426 3631 1515 3682 καὶ
1544 3629 1770 3684 θανάτου
1802 3631 1976 3703 κύριοι

411 3706 550 3763 εἶναι
584 3713 946 3777 πιστεύουσιν,
982 3717 1061 3768 ὅτι
1091 3718 1198 3769 τῶν
1234 3719 1291 3769 ὲν
1320 3721 1501 3784 αὐτοῖς
1541 3723 1871 3791 κρινομένων
1903 3722 1979 3792 τῷ

417 3803 518 3873 μὲν
547 3804 646 3874 τὴν
697 3804 973 3868 σώζουσαν
1012 3808 1233 3876 νέμουσι
1281 3810 1485 3880 ψῆςςον,
1533 3813 1623 3864 τὸν
1662 3813 1720 3865 δὲ
1768 3813 1980 3885 θανάτῳ

413 3890 864 3956 καταδικάζουσι’
897 3895 989 3946 καὶ
1014 3894 1131 3947 οὐδὲ
1175 3897 1330 3950 τοῦτο
1363 3897 1634 3966 βλέπουσι.
1662 3899 1743 3961 τίς
1770 3899 1981 3971 ἀληθῶς

415 3982 515 4050 τῆς
541 3982 883 4054 ἀνθρωπίνης
916 3985 1059 4054 ζωῆς
1105 3986 1311 4056 κύριος,
1363 3991 1389 4041 ὀ
1431 3991 1523 4041 καὶ
1553 3989 1649 4060 τὴν
1682 3990 1855 4061 ἀρχὴν
1889 3992 1980 4044 τοῦ

416 4070 558 4127 εἶναι
600 4076 695 4128 καὶ
739 4075 799 4128 τὸ
838 4075 989 4138 τέλος
1031 4077 1257 4147 ὁρίζων·
1309 4080 1483 4132 καίτοι
1518 4096 1579 4146 γε
1629 4081 1784 4133 τοῦτο
1827 4083 1984 4151 μόνον

421 4167 603 4219 ἱκανὸν
622 4162 690 4237 ἧν
719 4170 799 4230 είς
826 4169 1159 4239 καταστολὴν
1189 4171 1284 4238 τῆς
1309 4172 1651 4242 χαυνότητος,
1680 4173 1739 4224 τὸ
1761 4173 1985 4237 πολλοὺς

422 4257 552 4310 ἰδεῖν
576 4257 682 4310 τῶν
715 4258 984 4329 ἀρχόντων
1014 4261 1071 4311 ἐν
1116 4260 1250 4329 αὐτῇ
1292 4263 1354 4332 τῇ
1388 4261 1484 4330 τῆς
1514 4264 1685 4334 ἀρχῆς
1715 4268 1883 4335 σκηνῇ
1925 4266 1987 4316 ὲκ

423 4349 604 4419 μέσων
637 4349 1011 4418 ἁρπασθέντας
1054 4349 1162 4401 τῶν
1196 4349 1419 4421 θρόνων,
1466 4354 1559 4405 καὶ
1604 4355 1694 4406 ἐπὶ
1738 4355 1861 4418 τοὺς
1894 4358 1988 4410 τά·

2073 3180 2216 3250 quod
2246 3193 2299 3231 et
2334 3177 2401 3231 de
2430 3191 2595 3230 curru
2625 3172 3034 3233 descenderint,
3063 3177 3117 3224 et
3154 3168 3369 3223 habitus
3401 3166 3534 3235 ipsis
3554 3163 3642 3219 de-

2076 3272 2323 3325 trahatur
2353 3277 2408 3323 et
2434 3267 2726 3321 adimatur.
2779 3266 2845 3317 At
2880 3262 2954 3315 illi
2980 3262 3071 3329 qui
3104 3274 3199 3331 per
3229 3271 3440 3328 tempus
3481 3257 3650 3327 magi-

2077 3370 2280 3417 stratus
2327 3373 2580 3429 pompam
2624 3356 2680 3411 in
2726 3370 2890 3411 scena
2941 3354 3065 3407 vita:
3101 3351 3329 3417 ducunt,
3367 3364 3542 3417 neque
3575 3347 3648 3407 id.

2076 3452 2221 3523 quod
2251 3451 2416 3522 paulo
2451 3455 2577 3503 ante
2615 3446 2914 3518 praeteriit,
2955 3458 3129 3514 neque
3163 3441 3308 3512 quod
3338 3441 3498 3511 paulo
3533 3450 3654 3507 post

2078 3543 2328 3613 sequitur
2345 3545 2689 3610 reputantes,
2710 3534 3169 3606 quemadmodum
3196 3531 3354 3586 bulla:
3379 3528 3655 3583 inﬂatione

2080 3633 2440 3689 intenduntur
2475 3637 2529 3686 et
2559 3629 2963 3683 intumescunt:
3018 3622 3208 3679 eodem
3246 3623 3404 3677 modo
3436 3621 3489 3675 hi
3521 3635 3658 3691 quo-

2079 3739 2185 3794 que
2216 3722 2283 3775 ad
2310 3718 2693 3776 claritudinem
2719 3715 2870 3770 vocis
2892 3712 3159 3784 praeconis
3187 3710 3578 3771 intumescunt,
3605 3719 3658 3763 et

2082 3814 2313 3884 alicujus
2349 3812 2540 3867 alienae
2578 3823 2830 3880 personae
2873 3806 3102 3860 formam
3144 3802 3245 3859 sibi
3279 3810 3526 3865 sumunt,
3558 3815 3657 3857 na-

2084 3904 2310 3959 turalem
2342 3903 2591 3955 habitum
2614 3899 2798 3953 vultus
2825 3904 3120 3960 mutantes,
3152 3902 3206 3949 et
3235 3894 3289 3947 in
3315 3891 3659 3948 severitatem

2084 4007 2244 4066 atque
2274 4002 2536 4049 terrorem
2558 3998 2969 4060 componentes,
2990 4000 3268 4055 sonusque
3300 3984 3367 4039 ab
3404 3984 3484 4039 eis
3508 3996 3662 4052 aspco

2085 4088 2197 4141 rior
2247 4084 2313 4138 ad
2358 4078 2694 4138 audientium
2732 4080 3152 4135 concussionem
3199 4088 3252 4133 et
3282 4080 3568 4132 horrorem
3604 4075 3660 4129 in

2088 4177 2354 4234 feritatem
2414 4180 2809 4228 transmutatus
2854 4172 3216 4241 exc0gita‘.ur,
3272 4185 3377 4223 non
3432 4168 3667 4239 amplius

2090 4272 2231 4323 intra
2270 4261 2533 4320 terminos
2583 4263 2850 4317 humanos
2882 4277 2940 4316 se
2974 4261 3279 4321 continent,
3322 4258 3414 4313 sed
3443 4258 3495 4311 in
3528 4257 3667 4311 divi-

2091 4375 2213 4413 nam
2268 4365 2321 4412 et
2377 4355 2672 4425 potentlam
2728 4361 2782 4408 et
2829 4361 3149 4423 petestatem
3206 4367 3264 4406 se
3314 4351 3569 4419 ingerunt
3618 4357 3671 4401 et

423 4457 556 4507 φους
593 4440 1032 4511 ὲκκομισθέντας,
1063 4442 1146 4510 ἐφ’
1172 4436 1246 4494 ὧν
1275 4445 1302 4495 ὁ
1328 4442 1522 4512 θρῆνος
1551 4446 1647 4508 τὰς
1678 4446 1786 4498 τῶν
1815 4448 1965 4519 κηρύε

2095 4449 2400 4505 intruduut.
2435 4444 2568 4500 Nam
2594 4446 2715 4499 vita!
2743 4446 3003 4513 necisque
3026 4456 3083 4498 se
3108 4432 3426 4514 potestatem
3462 4439 3663 4495 habere

423 4548 536 4585 κων
565 4532 748 4600 φωνὰς
775 4531 1063 4596 διεδέξατο.

2098 4540 2346 4604 credunt,
2392 4538 2537 4608 quod
2568 4551 2633 4591 ex
2670 4537 2737 4591 iis
2783 4536 2874 4606 qui
2903 4551 3103 4590 causas
3161 4534 3300 4604 apud
3338 4548 3431 4587 eos
3466 4527 3672 4591 dicunt,

424 4626 590 4678 alium
664 4624 880 4695 quidem
926 4627 1195 4679 sententia
1244 4642 1342 4680 sua
1403 4636 1643 4693 servant,
1697 4631 1864 4685 alium
1919 4650 2047 4691 vero
2085 4633 2280 4705 capitis
2326 4630 2714 4686 condemnant.
2749 4629 2823 4681 Ac
2853 4643 2921 4681 ne
2951 4627 3052 4681 hoc
3080 4626 3297 4696 quidem
3324 4622 3675 4692 vident,quis

424 4731 552 4771 vere
586 4715 835 4785 humanae
869 4718 991 4771 vitae
1019 4724 1337 4786 potestatem
1383 4717 1611 4783 habeat,
1649 4721 1901 4778 videlicet
1953 4727 2049 4797 qui
2094 4734 2148 4780 et
2189 4723 2402 4777 initium
2438 4730 2492 4775 et
2524 4720 2680 4775 tinem
2711 4727 2922 4773 natura:
2952 4717 3148 4772 statuit
3178 4736 3189 4770 :
3221 4729 3537 4785 quanquam
3574 4714 3675 4767 hoc

426 4808 603 4864 solum
635 4811 766 4866 satis
794 4817 940 4866 esset
972 4809 1037 4863 ad
1066 4810 1468 4879 reprimendum
1494 4828 1692 4867 vanum
1716 4823 1981 4872 tumorem
2023 4826 2186 4887 atque
2211 4813 2570 4877 inﬂationem,
2596 4811 2739 4882 quod
2771 4810 2970 4865 multos
2995 4809 3374 4875 magistratum
3404 4815 3674 4875 gerentes,

426 4909 481 4955 et
515 4901 568 4955 in
604 4904 834 4973 imperio
860 4904 1186 4959 constitutos
1216 4903 1269 4957 in
1296 4904 1412 4974 ipsa
1441 4907 1795 4977 magistratus
1834 4926 1994 4966 scena
2024 4926 2055 4966 e
2086 4910 2280 4965 mediis
2314 4908 2467 4962 soliis
2499 4916 2552 4961 et
2595 4904 2959 4960 tribunalibus
2989 4909 3195 4972 raptus,
3232 4907 3282 4954 et
3320 4898 3385 4951 ad
3430 4899 3693 4969 sepulcra

429 5002 674 5065 perlatos
708 4996 978 5057 viderunt,
1017 4996 1069 5048 in
1098 4994 1297 5063 quibus
1345 4996 1659 5052 lamentatio
1697 5014 1857 5054 voces
1886 5002 2153 5069 prxeonis
2177 5000 2406 5069 excepit.

501 5089 624 5150 Πῶς
655 5084 748 5141 οὖν
777 5087 1057 5156 ἀλλοτρίας
1089 5087 1231 5158 ζωῆς
1262 5087 1448 5158 κύριος
1493 5091 1521 5142 ὁ
1552 5089 1649 5157 τῆς
1689 5090 1823 5155 ἰδίας
1848 5092 1999 5147 ἀλλό-

429 5196 612 5252 τριος;
659 5180 767 5232 Καὶ
793 5172 945 5242 οὗτος
975 5178 1149 5232 τοίνυν
1188 5180 1235 5229 εἰ
1278 5180 1543 5248 πτωχεύει
1590 5180 1666 5249 τῷ
1710 5182 1998 5251 πνεύματι,

432 5271 570 5343 πρὸς
603 5270 692 5323 τὸν
732 5270 798 5322 δι’
839 5272 986 5341 ἡμᾶς
1030 5270 1416 5340 πτωχεύσαντα
1463 5271 1721 5334 ἑκουσίως
1770 5273 1999 5342 βλέπων,

434 5360 527 5413 καὶ
550 5359 682 5431 πρὸς
710 5360 773 5413 τὸ
799 5360 899 5430 τῆς
927 5360 1139 5428 φύσεως
1166 5361 1421 5430 ὁμότιμον
1441 5360 1705 5432 καθορῶν,
1746 5365 1909 5434 μηδὲν
1941 5368 2003 5418 ὲκ

434 5451 535 5520 τῆς
568 5451 925 5521 ὴπατημένης
974 5452 1184 5521 ἐκείνης
1218 5452 1345 5520 περὶ
1392 5452 1563 5522 ἀρχὴν
1594 5456 1895 5524 τραγῳδίας
1926 5459 2005 5520 εἱς

438 5538 499 5594 ’ὼ
530 5540 788 5610 ὁμογενὲς
826 5538 1112 5608 ὲξυὸρίζοι,
1158 5540 1486 5608 μακαριστὸς
1524 5539 1736 5609 ἀληθῶς
1782 5542 1879 5611 τῆς
1906 5558 1992 5596 τα-

440 5629 863 5701 πεινοφροσύνης
914 5630 1012 5699 τῆς
1054 5628 1415 5699 προσκαίρου,
1465 5631 1561 5700 τὴν
1610 5632 1714 5683 τῶν
1763 5633 2004 5704 οὐρανῶν

443 5719 718 5790 βασιλείαν
762 5720 1243 5789 ἁνταλλαξὰμενος.
1293 5722 1380 5791 Μὴ
1437 5722 1742 5792 ἀποϐἀλης,
1789 5725 2001 5793 ἁδελερὲ,

2175 5090 2459 5157 Quomodo
2490 5090 2655 5160 igitur
2681 5089 2873 5143 aliena:
2909 5087 3031 5140 vita:
3065 5092 3386 5155 potestatem
3418 5083 3576 5135 habet
3610 5081 3674 5137 is.

2106 5186 2199 5253 qui
2233 5199 2260 5235 a
2299 5198 2395 5236 sua
2434 5182 2605 5251 ipsius
2638 5181 2749 5234 vita
2792 5181 3005 5233 alienus
3035 5176 3163 5231 est?
3218 5174 3284 5227 Et
3315 5174 3404 5233 hic
3444 5172 3609 5242 igitur
3632 5172 3679 5226 si

2110 5290 2315 5346 pauper
2342 5282 2426 5329 est
2468 5274 2684 5344 spiritu,
2734 5288 2832 5326 sua
2866 5277 3058 5341 sponte
3095 5266 3396 5336 respiciens
3436 5264 3502 5318 ad
3556 5278 3678 5316 eum

2112 5365 2200 5433 qui
2239 5372 2457 5433 propter
2492 5377 2592 5418 nos
2627 5374 2831 5432 pauper
2855 5369 2908 5413 et
2932 5372 3134 5427 egenus
3162 5354 3279 5416 fuit,
3308 5367 3682 5408 communem-

2111 5468 2218 5523 que
2249 5462 2456 5507 nalurm
2485 5462 2685 5507 sortem
2721 5457 2883 5517 atque
2916 5445 3283 5500 conditionem
3330 5452 3453 5497 ante
3493 5441 3682 5497 oculos

2114 5557 2345 5613 ponens.
2376 5543 2508 5595 nihil
2560 5537 3013 5592 contumeliosiim
3042 5549 3134 5602 per
3165 5531 3356 5585 falsam
3396 5531 3541 5584 illam
3571 5548 3686 5585 ma-

2113 5635 2373 5704 gistratus
2408 5629 2737 5702 ·ιι’;ιεα;ι1ἱ;ιιιι
2810 5634 2972 5695 atque
3027 5625 3227 5678 fastum
3288 5625 3340 5678 in
3398 5640 3685 5677 commune

2116 5740 2284 5795 genus
2308 5723 2580 5786 statuerit,
2600 5734 2725 5772 vere
2746 5718 2936 5773 beatus
2959 5716 3338 5785 :estimandus,
3366 5716 3454 5788 qui
3480 5723 3687 5785 tempo-
