3996 6196
491 282 632 339 i507
1701 292 1759 346 S.
1797 293 2126 352 GREGORII
2166 299 2458 354 NYSSENI
3544 307 3650 363 120%

495 397 689 449 rariam
711 397 873 449 animi
903 397 1284 456 demissionem
1313 412 1475 474 atque
1505 405 1864 462 humilitatem
1891 425 2056 478 regno

2087 421 2128 471 Α
2162 416 2250 466 καὶ
2275 417 2365 467 τὸν
2395 416 2580 485 ἕτερον
2610 415 2704 484 τῆς
2755 417 3021 485 πτωχείας
3059 417 3227 484 λόγον,
3268 420 3321 482 ὃς
3347 421 3433 474 τοῦ
3459 427 3562 477 κατ’
3585 428 3656 478 οὑ-

490 484 754 538 cmlorum
783 496 1069 554 permutet.
1101 489 1210 546 Nec
1238 503 1412 550 tamen
1445 496 1693 559 alteram,
1722 501 1906 560 frater,
1923 518 2054 569 pau-

2159 506 2317 575 ρανὸν
2338 484 2562 559 πλούτου
2583 506 2837 577 πρόξενος
2859 484 3084 575 γίνεται.
3105 509 3378 575 Πώλησόν
3395 519 3654 582 σουρηοι.

489 573 716 640 pertatis
751 577 1017 631 rationem
1049 580 1288 648 rejicias,
1326 601 1446 654 qua:
1483 589 1784 642 coalestium
1833 590 2053 645 divitia-

2155 573 2349 648 πάντα
2372 596 2442 648 τὰ
2469 573 2832 662 ὑπάρχοντα,
2848 595 2943 647 καὶ
2970 595 3074 660 δὸς
3106 597 3367 664 πτωχοῖς.
3391 601 3476 652 καὶ
3495 601 3658 668 δεῐιρο,

491 677 609 714 rum
661 667 1000 722 conciliatrix
1053 681 1155 724 est.
1219 673 1408 739 Vende,
1459 679 1655 748 inquit,
1707 699 1884 736 omnes
1935 695 2051 737 tuas

2153 686 2463 741 ἀκολούθει
2475 706 2594 753 μοι,
2614 689 2710 740 καὶ
2729 687 2886 754 ἕξεις
2897 689 3199 756 θησαυρὸν
3217 692 3560 757 ἐτι-οὐρανοῖς.
3576 667 3660 744 K1;

487 753 801 820 facultates,
857 769 904 812 et
949 760 1018 813 da
1045 765 1380 831 pauperibus,
1418 781 1465 822 et
1502 773 1635 836 veni,
1695 791 1905 842 sequere
1951 794 2052 841 me,

2153 775 2260 845 γὰρ
2303 778 2336 846 ἠ
2382 777 2600 848 τοιαύτη
2649 777 2888 846 πτωχεία
2919 777 3064 828 δοκεῖ
3110 795 3194 844 μοι
3247 779 3316 846 μὴ
3363 779 3559 846 ἀπᾴδειν
3585 779 3660 846 τῆς

484 856 532 897 et
576 847 786 902 habebis
818 850 1120 906 thesaurum
1163 857 1214 908 in
1238 859 1380 911 caelis
1409 860 1476 912 ³³.
1532 862 1744 917 Etenim
1782 867 2050 934 ejusmodi

2155 865 2597 936 μακαριζομένης
2634 869 2922 935 πτωχείας.
2982 866 3127 920 Ἰδοὺ
3165 866 3370 924 πάντα,
3403 866 3505 919 ὅσα
3535 869 3660 934 εἴχο-

485 951 774 1006 paupertas
815 957 920 994 non
960 945 1172 998 videtur
1216 949 1344 1002 mihi
1377 951 1686 1021 discrepare
1721 957 1787 1008 ab
1822 973 1882 1010 ea
1925 974 2049 1024 ege‘

2145 975 2280 1025 μεν,
2309 959 2560 1025 ἀφέντες
2591 958 3086 1026 ἠκολουθήσαμέν
3114 975 3228 1020 σοι,
3267 960 3392 1026 φησὶ
3433 958 3550 1028 προς
3592 961 3661 1009 τὸν

486 1036 647 1092 state,
681 1047 800 1100 quae
834 1033 988 1087 beata
1013 1036 1312 1104 judicatur.
1362 1039 1496 1096 Ecce
1524 1046 1763 1099 omnibus
1804 1064 2051 1114 quatenu-

2151 1047 2423 1118 Δεσπότην
2449 1050 2476 1100 ὁ
2506 1048 2746 1118 μαθητής
2767 1065 2780 1076 '
2829 1051 2887 1099 τί
2914 1049 3024 1115 ἄρα
3045 1051 3208 1102 ἔσται
3241 1048 3405 1116 ὴμῖν;
3435 1050 3528 1100 Καὶ
3551 1049 3661 1117 τίςὴ

483 1135 581 1186 qztc
607 1119 944 1188 habebamus,
973 1128 1192 1194 relictis,
1215 1135 1378 1184 secuti
1400 1150 1582 1188 sumus
1601 1147 1670 1199 te,
1688 1139 1860 1207 inquit
1881 1139 2049 1194 disci-

2151 1137 2473 1207 ἁπόκρισις;
2519 1138 2804 1206 Μακάριοι
2845 1143 2899 1192 οἱ
2932 1139 3148 1207 πτωχοὶ
3189 1141 3266 1202 τῷ
3295 1140 3570 1206 πνεύματι,
3596 1138 3662 1189 ὅτι

486 1208 644 1274 pulus
694 1212 759 1263 ad
806 1213 1118 1282 Dominum;
1164 1221 1290 1288 quid
1328 1223 1480 1291 igitur
1537 1227 1640 1278 erit
1678 1227 1934 1282 nobis"?
1987 1231 2050 1282 Et

2151 1229 2346 1283 αὐτῶν
2392 1231 2559 1283 ἐστιν
2603 1232 2641 1297 ἡ
2691 1231 2976 1294 ,ϐασιλεία
3022 1231 3140 1284 τῶν
3186 1230 3462 1298 οὐρανῶν.
3515 1231 3661 1282 Βούλει

483 1300 627 1366 quod
668 1309 750 1354 est
791 1310 1145 1373 responsum?
1196 1311 1346 1365 Beati
1378 1301 1629 1383 pauperes
1659 1321 1867 1387 spiritu,
1916 1338 2048 1392 quo-

2151 1321 2358 1388 νοῆσαι,
2407 1322 2488 1384 τίς
2533 1325 2561 1375 ὁ
2612 1325 2902 1392 πτωχεύων
2945 1323 3020 1392 τῷ
3065 1325 3359 1392 iri/stipati;
3414 1325 3468 1377 '0
3507 1326 3663 1377 ἀνταλ-

486 1389 631 1441 ηἱαηι
676 1408 854 1445 eorum
916 1407 992 1449 est
1042 1415 1252 1468 regnum
1296 1406 1562 1460 certorum.
1614 1409 1706 1465 Vis
1755 1413 2050 1483 intelligere

2149 1411 2444 1482 λαξάμενος
2489 1413 2580 1465 τὸν
2624 1415 2720 1482 τῆς
2765 1415 2937 1485 ψυχῆς
2987 1415 3212 1468 πλοῦτον
3253 1417 3347 1485 τῆς
3398 1417 3664 1485 σωματικῆς

484 1481 606 1548 quis
636 1497 840 1552 pauper
867 1489 1056 1556 spiritu
1084 1493 1198 1546 sit?
1225 1497 1316 1564 qui
1344 1503 1680 1568 Corporalem
1714 1481 2044 1572 opulentiam

2149 1501 2424 1571 εὐπορίας,
2465 1503 2492 1553 ὁ
2517 1501 2605 1554 διὰ
2649 1502 2708 1554 τὸ
2741 1503 2954 1572 πνεῦμα
2986 1504 3298 1572 πτωχεύων,
3336 1505 3364 1554 ὁ
3409 1505 3490 1557 τὸν
3518 1508 3665 1574 γήϊνον

483 1572 677 1626 anima:
705 1573 912 1631 divitiis
945 1590 1236 1648 permutat,
1265 1587 1356 1654 qui
1399 1598 1618 1658 propter
1642 1593 1890 1660 spiritum
1919 1609 2046 1665 ege-

2150 1592 2374 1644 πλοῦτον
2405 1587 2513 1644 οἷόν
2542 1610 2591 1643 τι
2622 1593 2784 1663 βάρος
2812 1595 3261 1665 ἀποσεισάμενος,
3311 1598 3394 1650 ἵνα
3425 1599 3665 1668 μετάρσιος

482 1672 585 1712 nus
615 1670 718 1722 est,
751 1663 843 1731 qui
873 1672 1116 1724 terrenas
1137 1670 1356 1729 divitias
1391 1679 1551 1731 veluti
1593 1681 1866 1749 quoddam
1904 1700 2044 1740 onus

2089 1745 2116 1758 '_
2148 1700 2205 1735 τε
2244 1684 2336 1735 καὶ
2376 1684 2606 1754 διαέριος
2649 1685 2759 1737 ἄνω
2785 1687 3038 1754 φέρηται,
3073 1663 3252 1749 καθώς
3287 1705 3440 1758 φησιν
3479 1691 3505 1741 ὁ
3540 1690 3667 1740 Ἀπό-

479 1752 741 1814 excussit,
781 1764 834 1808 et
865 1757 1084 1826 abjecit,
1119 1771 1175 1816 ut
1209 1766 1458 1822 sublimis
1494 1786 1588 1838 per
1616 1788 1792 1827 aerem
1824 1792 2041 1831 sursum

2085 1745 2118 1796 Β
2149 1773 2348 1835 στολος,
2428 1745 2533 1829 ἐπὶ
2564 1745 2823 1843 νεφέληξ-
2857 1745 3429 1846 οίιμμετεωροπορίῦν
3455 1777 3524 1843 τῷ
3553 1777 3663 1842 Θεῷ.

481 1843 742 1910 rapiatur,
779 1856 834 1900 ut
880 1849 1055 1919 inquit
1089 1853 1380 1924 Apostolus
1399 1860 1467 1922 ",
1523 1865 1576 1916 iu
1614 1866 1746 1921 nube
1785 1886 1889 1924 una
1927 1889 2044 1930 cum

2145 1861 2290 1932 Βαρύ
2319 1879 2371 1914 τι
2419 1864 2606 1933 χρῆμα
2635 1864 2693 1916 τὺ
2741 1865 2959 1934 χρυσίον
3004 1843 3187 1930 ἐστὶν,
3239 1843 3423 1938 βαρεῖα
3479 1869 3663 1937 πᾶσαὴ

479 1931 586 1984 Deo
618 1951 710 2002 per
745 1942 972 1994 calestia
1030 1947 1259 2000 tendens.
1329 1949 1638 2008 Ponderosa
1678 1958 1924 2024 quaedam
1957 1976 2043 2016 res

2145 1931 2549 2022 σπουδαζομένη
2600 1953 2739 2007 κατὰ
2781 1955 2869 2007 τὸν
2905 1955 3129 2008 πλοῦτον
3159 1956 3258 2025 ὖλη
3279 1974 3291 1987 ·
3337 1958 3523 2025 κοῦφον
3557 1959 3664 2010 δέτι

476 2031 559 2074 «ι-ίι
592 2039 804 2088 aurum,
828 2043 1060 2087 onerosa
1089 2051 1176 2089 res
1194 2042 1372 2095 omnis
1397 2059 1517 2111 quae
1553 2045 1863 2103 divitiarum
1881 2067 2041 2107 causa

2143 2043 2237 2094 καὶ
2261 2043 2535 2113 ἀνωφερὲς
2559 2045 2787 2113 πρᾶγμα
2807 2047 2839 2112 ἡ
2868 2045 3054 2114 ἀρετή.
3100 2045 3262 2098 Ἀλλὰ
3288 2047 3390 2116 μὴν
3415 2047 3665 2099 ἀντίκειται

475 2114 776 2179 expetitur;
811 2117 946 2175 levis
967 2138 1094 2177 vero
1115 2141 1202 2182 res
1222 2130 1466 2196 quaedam
1495 2143 1548 2188 et
1573 2138 1823 2193 sublimia
1853 2150 2041 2210 petens

2141 2132 2310 2185 ταῦτα
2357 2134 2622 2204 ἀλλήλοις,
2657 2134 2717 2186 τὸ
2744 2133 2907 2204 βάρος
2951 2137 3044 2188 καὶ
3092 2137 3124 2205 ἡ
3175 2114 3457 2206 κουςρότης.
3497 2138 3667 2190 Οὐκοῦν

474 2209 561 2254 est
596 2203 790 2261 virtus.
833 2206 1030 2264 Verum
1068 2215 1180 2270 haec
1217 2220 1317 2272 sibi
1351 2222 1579 2278 invicem
1614 2203 1868 2298 opposita
1889 2241 2037 2300 sunt,

2138 2224 2415 2294 ἀμήχανόν
2443 2242 2563 2278 τινα
2596 2203 2844 2292 γενέσθαι
2891 2203 3123 2294 κοῦφον,
3147 2227 3229 2297 τῷ
3265 2203 3414 2298 βάρει
3447 2228 3533 2297 τῆς
3560 2227 3663 2295 ὕλης

474 2291 838 2356 ponderosum
885 2307 940 2352 et
971 2299 1104 2358 leve.
1164 2305 1306 2377 Ergo
1350 2311 1495 2370 nulla
1531 2291 1742 2371 ratione
1777 2321 1911 2375 ellici
1944 2337 2038 2392 po-

2139 2315 2331 2367 ὲαυτὸν
2383 2314 2826 2387 προσηλώσαντα.
2864 2317 2923 2368 Εἰ
2952 2312 3044 2369 οὖν
3069 2319 3175 2387 χρὴ
3202 2323 3315 2380 τοῖς
3340 2319 3444 2372 ἄνω
3467 2318 3663 2389 προσϐῆ-

475 2387 578 2434 test
609 2392 668 2436 ut
690 2386 826 2442 levis
871 2390 939 2443 sit
981 2391 1030 2448 is
1062 2397 1155 2464 qui
1176 2413 1294 2454 sese
1322 2403 1558 2468 pondere
1586 2409 1824 2464 materia?
1851 2386 2036 2482 aﬂiéit.

2138 2424 2244 2468 ναι,
2290 2407 2397 2459 τῶν
2445 2407 2594 2460 κάτω
2645 2407 3014 2460 καθελκόντων
3049 2408 3469 2477 πτωχεύσωμεν.
3514 2410 3585 2460 ἵνα
3621 2409 3664 2458 ἐν

474 2470 530 2524 Si
563 2473 727 2542 igitur
765 2479 832 2532 ad
883 2496 1117 2551 superna
1162 2503 1260 2543 nos
1293 2493 1554 2548 accedere
1589 2508 1821 2566 oportet,
1871 2502 1941 2556 ab
1971 2504 2038 2558 iis

2136 2499 2248 2560 τοῖς
2273 2497 2383 2551 ἀνω
2425 2497 2727 2568 γενώμεθα.
2783 2499 2880 2561 Τίς
2920 2498 2976 2550 δὲ
3025 2500 3054 2551 ὁ
3104 2500 3332 2570 τρόπος,
3367 2500 3664 2571 ὑφηγεῖταιή

469 2563 563 2630 qui
596 2565 847 2622 deorsum
893 2574 1117 2628 trahunt
1166 2586 1219 2631 et
1264 2581 1452 2652 inopes
1485 2593 1537 2640 et
1564 2591 1717 2657 egeni
1750 2593 1943 2658 simus,
1980 2604 2039 2647 ut

2135 2563 2448 2658 ψαλμῳδίαλ
2511 2563 2920 2654 Ἐσκόρπισεν,
2963 2563 3155 2642 ἔδωκε-
3192 2563 3326 2656 τοῖς)
3362 2590 3663 2655 πένησιν,ή

470 2653 526 2706 in
587 2659 839 2726 supernis
897 2679 1200 2723 versemur.
1259 2670 1394 2736 Quis
1451 2686 1630 2733 autem
1695 2683 1767 2735 sit
1821 2685 2035 2748 modus,

2134 2653 2484 2744 δικαιοσύνη
2551 2678 2736 2731 αὑτοῦ
2788 2679 2957 2747 μένει
3022 2683 3108 2745 είς
3185 2681 3294 2734 τὸν
3361 2681 3532 2736 animi
3586 2681 3665 2734 τοῦ

471 2745 774 2811 prmscribit
832 2753 1137 2818 psalmodia
1171 2776 1181 2810 :
1210 2759 1491 2829 Dispersit,
1547 2770 1838 2838 inquiens.
1895 2745 2036 2828 dedit

2133 2767 2368 2834 αἰῶνος.
2413 2768 2469 2820 ’0
2497 2767 2573 2838 τῷ
2615 2745 2813 2838 πτωχῷ
2856 2772 3214 2840 κοινωνήσας,
3257 2774 3337 2836 εἰς·
3381 2773 3472 2842 τὴν
3511 2771 3663 2842 μερίδα

465 2834 802 2902 pauperibus,
842 2839 1061 2908 justitia
1122 2849 1235 2914 ejus
1306 2865 1479 2908 manet
1534 2858 1588 2910 in
1622 2834 1899 2916 7swcutunt
1942 2883 2035 2919 sw-

2137 2857 2224 2910 τοῦ
2289 2859 2355 2911 δι’
2419 2860 2564 2928 ἡμᾶς
2626 2859 3036 2928 πτωχεύσαντος
3105 2864 3302 2916 ἑαυτὸν
3361 2867 3662 2931 καταστήσει.

466 2925 574 2975 culi
595 2926 661 2978 ".
687 2925 789 2992 Qui
811 2936 1031 3002 pauperi
1057 2937 1364 3006 impertitus
1391 2944 1572 3009 fuerit,
1591 2949 1646 3003 iu
1669 2961 1877 3020 partem
1916 2958 2034 3024 ejus

2145 2925 2517 3017 Ἑπτώχευσεν
2561 2951 2587 3001 ὁ
2634 2925 2854 3018 Κύριος,
2899 2949 2974 3020 μὴ
3024 2951 3275 3023 φοϐηθῇς
3323 2955 3450 3024 μηδὲ
3495 2925 3664 3020 sum

465 3022 562 3087 qui
605 3030 824 3090 propter
871 3042 970 3081 nos
1019 3045 1222 3099 pauper
1271 3033 1371 3088 fuit
1429 3039 1665 3108 seipsum
1713 3022 2027 3103 constituet.

2085 3073 2097 3089 ι
2135 3039 2422 3106 πτωχείαν.
2469 3039 2625 3091 Ἀλλὰ
2661 3039 2927 3108 βασιλεύει
2961 3041 3141 3111 πάσης
3190 3044 3293 3110 τῆς
3334 3043 3663 3106 κτίσεωςὸδι“

471 3112 681 3180 Ιιςθηιιε
706 3112 808 3168 fuit
840 3115 1120 3183 Dominus,
1153 3138 1220 3176 ne
1251 3133 1308 3178 tu
1333 3128 1550 3195 quidem
1585 3143 1791 3188 metuas
1817 3151 2028 3206 egesta-

2087 3112 2098 3123 7
2133 3130 2276 3197 ἡμᾶς
2305 3128 2641 3199 πτωχεύσας.
2671 3129 2878 3183 Οὐκοῦν
2914 3131 3006 3183 ἐὰν
3040 3134 3417 3203 πτωχεύσαντι
3450 3150 3665 3202 συμπτω-

468 3211 594 3256 tem.
639 3204 830 3260 Verum
876 3219 1100 3280 regnum
1145 3215 1353 3271 obtinet
1391 3222 1568 3274 omnis
1615 3235 1898 3291 creature,
1936 3231 2027 3300 qui

2130 3223 2349 3294 χεύσῃς,
2398 3223 2490 3274 καὶ
2538 3221 2873 3291 βασιλεύοντι
2915 3223 3388 3290 συμϐασιλεύσεις.
3425 3223 3665 3291 Μακάριοι

469 3305 690 3364 propter
713 3313 812 3353 nos
846 3315 1050 3370 egenus
1076 3302 1195 3358 fuit.
1225 3308 1362 3379 Ergo
1384 3311 1428 3365 si
1458 3328 1582 3367 cum
1605 3331 1669 3370 eo
1710 3321 1799 3386 qui
1826 3337 2028 3390 egenus

2128 3312 2236 3382 γὰρ
2272 3316 2324 3365 οὶ
2363 3302 2583 3381 πτωχοὶ
2632 3311 2712 3376 τῷ
2742 3313 3051 3381 πνεύματι,
3095 3313 3189 3367 ὅτι
3231 3315 3428 3369 αὐτῶν
3457 3316 3604 3368 ἐστιν
3634 3314 3663 3375 vl

466 3385 568 3438 fuit
626 3403 730 3440 nua
781 3405 984 3460 pauper
1029 3397 1160 3460 eris,
1203 3414 1324 3453 cum
1371 3415 1630 3472 regnante
1673 3385 1890 3480 quoque
1923 3430 2027 3468 una

2123 3405 2409 3466 ,ϐασιλεία
2449 3404 2563 3458 τῶν
2606 3402 2898 3470 cupas-(Iw,
2928 3399 2996 3475 ἦς
3029 3405 3124 3456 καὶ
3156 3408 3324 3476 ἡμεῖς
3349 3405 3662 3473 ἀξιωθείημεν

465 3479 736 3548 regnabis.
768 3481 917 3537 Beati
945 3488 1084 3541 enim
1107 3506 1356 3558 pauperes
1380 3498 1591 3563 spiritu,
1615 3479 1860 3570 quoniam
1890 3509 2028 3577 ipso-

2128 3495 2184 3545 ἑν
2213 3493 2430 3564 Χριστῷ
2470 3493 2640 3566 Ὶησοῦ
2666 3494 2744 3563 τῷ
2779 3495 2968 3566 Κυρίῳ
2996 3496 3173 3565 ἡμῶν,
3211 3491 3256 3565 ᾧ
3291 3499 3324 3566 ἡ
3367 3497 3484 3560 δόξα
3515 3493 3664 3548 καὶτὸ

463 3587 580 3623 rum
610 3584 684 3626 est
715 3590 928 3644 regnum
962 3581 1230 3646 tartarum,
1254 3585 1412 3654 cujus
1439 3590 1600 3645 etiam
1625 3608 1726 3649 nos
1745 3595 1892 3668 digni
1928 3601 2027 3653 ha-

1881 3599 1892 3651 ί
1928 3601 2027 3653 ha-
2128 3585 2342 3654 κράτος,
2375 3588 2452 3649 είς
2478 3587 2601 3648 τοὺς
2625 3585 2824 3650 αἰῶνας
2851 3587 2959 3639 τῶν
2989 3586 3226 3642 αἰώνων.
3273 3590 3457 3657 Ἀμήν.

465 3663 687 3717 beamur
727 3681 821 3736 per
855 3667 1134 3724 Christum
1175 3673 1359 3731 Jesum
1413 3679 1698 3739 Dominum
1754 3699 2023 3758 nostrum,

463 3755 550 3807 cui
577 3756 748 3825 gloria
764 3769 816 3812 et
840 3758 1150 3830 imperium,
1171 3765 1224 3818 in
1244 3769 1438 3824 szecula
1461 3775 1804 3832 saaculorum.
1832 3779 2022 3836 Amen.

1069 3874 1326 3936 ORATIO
1364 3883 1426 3937 ll.

2748 3899 2963 3952 ΛΟΓΟΣ
3004 3899 3075 3951 Β’.

459 3959 616 4015 Beati
657 3965 836 4031 mites,
889 3967 1136 4037 quoniam
1173 3973 1273 4038 ipsi
1307 3975 1666 4034 hwreditatem
1708 3992 1863 4039 terra:
1899 4003 2025 4041 cou-

2124 3985 2406 4054 Μακάριοι
2453 3991 2506 4040 οἱ
2549 3987 2772 4054 πραεῖς,
2813 3986 2906 4072 ,ὅτι
2952 3987 3120 4066 αὐτοὶ
3164 3982 3657 4054 κληρονομήσουσι

1091 4053 1387 4109 sequentur.
2295 4053 2303 4054 7
2590 4053 2598 4054 7

2295 4053 2303 4054 7
2590 4053 2598 4054 7
2766 4057 2880 4109 thr
2910 4057 3044 4109 νῦν.

1091 4060 1387 4109 sequemur.

529 4121 634 4188 Qui
665 4139 760 4194 per
788 4126 991 4182 scalam
1024 4133 1314 4200 quamdam
1341 4134 1406 4189 ad
1440 4137 1632 4194 altiora
1663 4147 2017 4214 contendunt,

2766 4060 2822 4109 τί
2846 4075 2880 4108 ν
2937 4060 3045 4109 ·ῐν.

2190 4148 2253 4200 Οἱ
2282 4145 2368 4198 διὰ
2384 4146 2648 4216 κλίμακάς
2665 4164 2806 4209 τινος
2823 4076 2936 4210 imi:
2954 4077 3310 4219 ἐψηλοτὲροις
3339 4147 3650 4218 προσϐαίνον-

458 4229 582 4269 cum
607 4215 659 4270 in
682 4218 860 4286 primo
886 4223 1055 4291 gradu
1087 4227 1450 4289 constiterint,
1485 4246 1579 4299 per
1608 4249 1730 4288 eum
1760 4239 1823 4292 ad
1854 4256 2018 4309 supe-

2118 4255 2228 4301 τες,
2246 4238 2370 4292 ὅταν
2387 4215 2487 4308 τῆς
2499 4237 2719 4310 πρώτης
2736 4239 2963 4292 ὲπιϐὦσι
2985 4215 3266 4310 βαθμίδος,
3288 4241 3355 4293 δι’
3377 4235 3656 4308 ἐκείνηςὲπὶ

457 4303 655 4360 riorem
691 4309 973 4378 tolluntur,
1017 4328 1080 4368 ac
1105 4330 1296 4370 rursus
1331 4321 1605 4378 secundus
1633 4328 2014 4384 ascendentem

2117 4330 2214 4400 τὴν
2248 4303 2646 4401 ὑπερκειμένην
2678 4303 2964 4401 αἴρονται,
2985 4303 2996 4309 7
3021 4303 3115 4383 xui.
3155 4303 3320 4386 πάλιν
3384 4334 3416 4403 ἡ
3454 4303 3646 4398 δευτέρα

457 4396 525 4450 ad
560 4401 778 4454 tertium
802 4401 1040 4468 adducit,
1072 4415 1235 4477 atque
1268 4408 1353 4462 hic
1384 4413 1450 4465 ad
1485 4417 1810 4484 proximum,
1843 4431 1896 4476 et
1929 4425 2016 4480 ille

2072 4411 2092 4461 )
2120 4421 2470 4492 προσάγειτῇ
2513 4421 2666 4493 τρίτῃ
2699 4423 2788 4476 τὸν
2832 4423 3066 4486 ἀνιόντα,
3095 4425 3190 4477 καὶ
3232 4425 3374 4494 αὕτη
3418 4425 3542 4492 πρὸς
3573 4420 3650 4487 τὴν

455 4487 521 4541 ad
563 4489 957 4561 insequentem.
1006 4496 1182 4567 Atque
1232 4501 1306 4554 ita
1351 4503 1397 4557 is
1438 4507 1532 4573 qui
1589 4513 1857 4577 ascendit,
1891 4515 2015 4570 dum

2120 4487 2334 4583 ὲςρεξῆς,
2365 4514 2455 4565 καὶ
2489 4514 2623 4584 αὕτη
2656 4514 2789 4584 πρὸς
2821 4516 2916 4585 τὴν
2951 4515 3066 4584 μεθ’
3111 4517 3334 4586 ἑαυτήν.
3383 4516 3488 4570 Καὶ
3513 4512 3653 4569 οὕτως

455 4592 668 4648 semper
696 4584 764 4637 ab
794 4600 880 4648 eo,
917 4588 968 4639 in
996 4604 1104 4657 quo
1133 4592 1409 4658 consistit,
1437 4599 1502 4649 ad
1533 4602 1872 4668 superiorem
1896 4622 2016 4675 gra-

2119 4606 2147 4653 ὁ
2176 4603 2339 4655 ἀνιὼν
2371 4605 2479 4656 ἀπὸ
2509 4605 2600 4656 τοῦ
2649 4607 2707 4656 ὲν
2751 4599 2796 4672 ᾧ
2840 4608 3006 4667 ἐστιν,
3037 4608 3122 4659 ἀεὶ
3154 4611 3293 4679 πρὸς
3331 4609 3391 4662 τὸ
3436 4604 3653 4677 ὑπερκεί-

453 4671 580 4724 dum
608 4675 852 4743 enititur,
876 4680 942 4733 ad
974 4697 1243 4738 summum
1281 4701 1542 4746 ascensus
1581 4690 1854 4764 fastigium
1891 4714 2018 4752 eva-

2125 4711 2279 4762 μενον
2327 4695 2732 4766 ἀννψούμενος,
2777 4697 2869 4748 ἐπὶ
2913 4697 2974 4749 τὸ
3013 4698 3312 4768 ἀκρότατον
3355 4700 3532 4768 φθάνει
3575 4694 3651 4760 τῆς

451 4761 550 4814 dit.
581 4765 658 4816 Ad
687 4769 816 4834 quid
850 4773 1148 4838 respiciens
1168 4774 1294 4830 hinc
1315 4780 1608 4835 esordior?
1632 4761 1858 4841 Videtur
1882 4791 2012 4844 mihi

2119 4761 2454 4848 ἀναϐάσεως.
2476 4761 2617 4851 Πρὸς
2639 4787 2689 4840 τί
2718 4787 2927 4855 βλέπων
2953 4761 3198 4843 ὲντεδθεν
3226 4789 3649 4861 προοιμιαζομαιὶ

451 4851 506 4904 in
542 4852 759 4906 modum
784 4858 1045 4925 graduum
1073 4863 1463 4921 beatitudinum
1487 4871 1863 4940 explicationis
1883 4880 2017 4934 ordo

2121 4879 2276 4928 Δοκεῖ
2307 4895 2393 4946 μοι
2426 4878 2696 4948 βαθμίδων
2721 4881 2873 4950 δίκην
2902 4883 2932 4950 ἡ
2958 4880 3063 4933 τῶν
3101 4883 3461 4952 μακαρισμῶν
3480 4881 3649 4931 διακει-

451 4943 752 5012 dispositus
782 4956 941 5015 atque
975 4949 1215 5020 digestus
1243 4974 1384 5020 esse,
1410 4961 1620 5017 facilem
1648 4980 1743 5033 per
1771 4978 2012 5024 mutuam

2120 4971 2242 5022 σθαι
2268 4969 2437 5033 τάξις,
2465 4971 2782 5024 εὐεπίϐατον
2810 4971 2887 5041 τῷ
2913 4972 3053 5042 λόγῳ
3091 4973 3154 5025 δι’
3182 4974 3426 5043 ἀλλήλων
3458 4982 3648 5024 ποιουσα

451 5037 895 5100 consequentiam
939 5046 1176 5098 sermoni
1221 5048 1457 5105 alliciens
1507 5068 1815 5111 ascensum.
1881 5060 2010 5114 Nam

2116 5062 2214 5131 τὴν
2252 5062 2452 5114 ἄνοδον.
2508 5064 2609 5115 Τὸν
2659 5065 2766 5135 γὰρ
2812 5064 2888 5133 τῷ
2931 5064 3130 5135 πρώτῳ
3174 5065 3264 5118 διὰ
3313 5067 3408 5135 τῆς
3449 5059 3645 5116 διανοίας

449 5127 542 5194 qui
574 5128 806 5198 primum
849 5132 1072 5201 gradum
1101 5135 1516 5196 beatificationis
1542 5155 1720 5201 mente
1745 5164 2001 5205 conscen-

2115 5153 2476 5222 ἐπιϐεϐηκότα
2500 5154 2849 5224 μακαρισμῷ,
2880 5155 2946 5207 δι’
2974 5155 3271 5223 ἀναγκαίας
3304 5156 3441 5216 τινὸς
3459 5152 3544 5221 τῆς
3561 5166 3643 5199 των

449 5219 608 5283 derit,
632 5226 754 5274 eum
785 5238 881 5290 per
913 5230 1284 5281 necessariam
1313 5234 1600 5298 quamdam
1641 5236 2008 5295 intellectuum

2118 5247 2400 5315 νοημάτων
2428 5245 2763 5307 ἀκολουθίας,
2793 5250 2820 5297 ὁ
2856 5247 2973 5314 μετ’
3012 5249 3220 5299 ἐκεῖνον
3250 5247 3533 5314 ἐκδέχεται,
3563 5256 3639 5336 και-

448 5313 891 5380 consequentiam
918 5318 1200 5383 proximus
1229 5320 1451 5389 excipit,
1488 5324 1701 5379 etiamsi
1727 5329 1898 5396 prima
1927 5332 1975 5384 fa
1995 5365 2007 5373 -

2118 5313 2444 5402 ὑποξενίςειν
2469 5336 2597 5406 δοκῇ
2633 5336 2782 5404 παρᾶ
2810 5313 2904 5404 τήν
2931 5337 3151 5406 πρώτην
3175 5337 3203 5386 ὁ
3233 5313 3406 5404 λόγος.
3447 5331 3527 5400 Μὴ
3555 5326 3637 5394 γὰρ

450 5401 528 5455 cie
561 5417 701 5455 nova
748 5405 1102 5475 mirandaque
1151 5427 1578 5469 commemorare
1616 5432 1795 5474 sermo
1830 5422 2008 5478 videa-

2114 5420 2250 5476 εἶναι
2283 5425 2500 5478 δυνατὸν
2550 5426 2677 5487 ἴσως
2707 5429 2734 5477 ὀ
2765 5424 2985 5478 ἀκούων.
3020 5428 3135 5496 ἐρεῖ
3157 5468 3169 5488 ,
3207 5427 3451 5494 καθάπερ
3485 5426 3535 5474 ἐν

445 5499 552 5544 tur.
603 5491 745 5547 Fieri
790 5495 934 5549 enim
978 5512 1083 5550 non
1117 5515 1275 5569 posse
1319 5502 1552 5559 fortasse
1596 5505 1739 5562 dicet
1768 5511 2002 5577 auditor,

2115 5515 2266 5586 θμῶν
2295 5517 2550 5582 διαθέσει,
2577 5517 2712 5586 μετά
2747 5517 2844 5586 τὴν
2872 5517 2980 5570 τῶν
2995 5517 3235 5588 οὐρανῶν
3253 5517 3529 5588 βασιλείαν,
3559 5512 3635 5577 τῆς

513 5675 560 5710 ³³
600 5676 787 5732 Matth.
823 5697 911 5734 XIX
939 5723 951 5747 ,
989 5682 1103 5738 21..
1156 5686 1200 5716 ⁸³
1239 5682 1373 5740 Ibid.
1407 5687 1495 5741 9.5.
1575 5688 1618 5716 "‘
1657 5645 1899 5746 17Thcss.
1938 5707 2012 5759 tv,
2050 5692 2130 5746 16.
2210 5696 2255 5727 ⁵
2293 5693 2432 5749 Psal.
2470 5713 2553 5750 cu
2581 5737 2595 5759 ,
2628 5699 2659 5752 9
