3996 6196
341 533 516 626 ρανοιῖ-
544 535 643 607 τὴν
689 538 792 609 γῆν
824 542 1238 619 ἀκολουθότερον
1282 545 1349 621 ἦν
1392 555 1784 626 προτετάχθαι,
1836 558 1911 623 ὡς

336 622 587 678 ἐντεῦθεν
616 627 745 697 ἡμῖν
772 631 858 683 ἐπ’
898 634 1103 688 ἐκεῖνον
1144 639 1405 712 ἐσομένης
1435 622 1535 712 τῆς
1574 622 1906 711 ἀναϐάσεως.

349 712 489 766 Ἀλλ’
517 717 565 806 εἰ
593 718 1001 791 πτερωθείημέν
1045 742 1161 788 πως
1202 726 1279 796 τῷ
1321 727 1489 801 λόγῳ,
1526 732 1617 785 καὶ
1658 735 1798 806 ὑπὲρ
1843 738 1911 790 τὰ

335 803 480 895 νῶτα
498 805 601 875 τῆς
625 809 881 879 οὐρανίας
911 812 1094 882 ἀψίὸος
1127 818 1410 889 σταίημεν,
1454 803 1911 895 εὐρήσομεννέκεῖ

334 892 433 964 τὴν
460 894 851 967 ὐπερουράνιον
882 901 1005 971 γῆν,
1025 903 1124 973 τὴν
1154 907 1231 970 εἰς
1263 908 1627 979 κληρονομίαν
1647 916 1760 977 τοῖς
1788 919 1907 968 κατ’

334 978 534 1056 ἀρετὴν
558 985 875 1055 βεϐιωκόσιν
895 992 1278 1066 ἀποκειμένην,
1312 978 1387 1062 ὡς
1420 1001 1494 1071 μὴ
1526 1001 1700 1057 δοκεῖν
1729 1008 1909 1077 ἡμαρ-

334 1075 528 1145 τῆσθαι
552 1079 653 1149 τὴν
683 1079 835 1145 τάξιν
861 1082 958 1152 τῆς
1003 1084 1111 1138 τῶν
1154 1090 1517 1160 μακαρισμῶν
1563 1075 1904 1162 ἀκολούθίας,

335 1165 549 1237 πρῶτον
578 1169 842 1239 οὐρανῶν,
877 1173 970 1224 καὶ
998 1174 1136 1242 μετά
1164 1176 1334 1229 ταῦτα
1363 1180 1485 1249 γῆς,
1514 1182 1570 1233 ἐν
1602 1187 1719 1247 ταῖς
1742 1187 1906 1255 ἐπαγ-

334 1256 540 1324 γελίαις
559 1260 690 1329 ἡμῖν
718 1262 868 1332 παρά
892 1261 985 1315 τοῦ
1005 1263 1137 1318 Θεοῦ
1164 1268 1530 1341 προτεθείσης.
1564 1274 1637 1327 Τὸ
1657 1276 1763 1347 γάρ
1789 1295 1907 1347 φαι-

334 1347 576 1417 νόμενον,
627 1351 751 1403 ὅσον
790 1353 925 1422 πρὸς
967 1354 1066 1424 τὴν
1102 1361 1416 1431 σωματικὴν
1456 1363 1736 1434 αἴσθησιν.
1786 1369 1905 1422 ὅλον

337 1438 473 1508 πρὸς
500 1440 661 1493 ἑαυτὸ
694 1442 966 1511 συγγενῶς
1007 1443 1137 1514 ἔχει.
1192 1447 1309 1501 Κᾶν
1350 1450 1457 1522 γάρ
1491 1452 1519 1505 ὃ
1555 1455 1652 1523 μὲν
1698 1456 1898 1527 ὑψηλὸν

334 1523 471 1582 εἶναι
502 1528 630 1602 δοκῇ
660 1531 736 1602 τῷ
768 1534 975 1605 τοπικῷ
996 1536 1316 1608 διαστήματι
1335 1579 1349 1601 ,
1378 1539 1598 1597 ἁλλόὗν
1625 1523 1774 1600 κάτω
1795 1523 1902 1618 τῆς

333 1618 526 1688 νοερᾶς
572 1620 759 1684 οὐσίας
803 1622 970 1689 ἐστὶν,
1008 1620 1077 1698 ἧς
1112 1626 1368 1681 ἀδύνατον
1413 1631 1765 1688 ἐπιϐατεῦσαι
1814 1638 1904 1691 τὸν

1403 246 1489 301 DE
1529 248 2122 311 BEATITUDINIBUS.
2165 258 2419 317 ORATIO
2464 265 2522 320 ll.

340 352 445 471 Ξίῆς
493 352 592 424 τὴν
632 355 993 429 κληρονομίαν
1024 364 1571 436 καταλαμϐάνεσθαι·
1618 372 1731 427 ἀλλ’
1763 375 1893 441 εἷπε4

367 442 441 471 2-.
490 445 554 471 Δ
598 444 750 471 .-.ξ-ι--
777 449 883 471 _."__.
914 451 937 471 ι
1145 457 1158 471 ι
1244 457 1257 469 ι
1287 458 1301 471 ο
1425 462 1447 471 ..
1565 463 1584 471 -
1773 467 1792 471 _
1866 470 1869 471 ,

2027 390 2103 443 ιιι,
2139 389 2403 453 tanquam
2440 389 2490 439 iu
2520 388 2787 451 graduum
2821 394 3201 465 dispositione,
3220 407 3341 468 post
3362 415 3586 471 regnum

3456 277 3595 333 19.10

2019 474 2284 528 crelorum
2336 476 2622 534 btet-editas
2661 488 2820 536 terrae
2867 474 3349 558 deprehendaturf
3387 492 3482 546 sed
3522 508 3587 545 st-

2014 563 2230 629 quidem
2257 577 2530 635 oporteret
2564 585 2868 627 sermonem
2920 592 3100 630 rerum
3130 581 3282 648 sequi
3312 592 3583 645 naturam,

2016 653 2189 721 magis
2216 666 2643 713 consentaneum
2675 670 2812 725 erat,
2850 673 2909 717 ut
2938 667 3077 720 creto
3106 676 3250 722 terra
3303 687 3578 740 praepone-

2014 750 2181 807 retur,
2208 746 2365 814 quasi
2397 747 2522 801 hinc
2549 750 2676 805 illuc
2704 755 2981 808 ascensuri
3024 757 3216 812 simus.
3262 760 3366 814 Sed
3394 764 3438 815 si
3467 778 3585 815 ora.

2014 833 2159 888 tione
2184 837 2433 892 volucres
2455 842 2856 909 quodammodo
2881 845 3006 901 facti
3030 858 3083 904 et
3110 851 3274 905 erecti
3297 850 3579 917 fuerimus,

2011 941 2283 998 superque
2322 931 2485 987 dorsa
2541 936 2780 991 caelestis
2819 942 3114 997 testudinis
3152 944 3579 1007 constiterimus,

2010 1019 2349 1078 inveniemus
2382 1025 2452 1079 ibi
2479 1030 2919 1096 supercrelestem
2947 1042 3171 1096 terram,
3219 1050 3340 1103 quae
3370 1036 3437 1091 iis
3480 1037 3573 1104 qui

2010 1126 2132 1165 cum
2164 1113 2361 1169 virtute
2392 1117 2553 1170 vitam
2596 1124 2959 1187 transegerint
2991 1124 3224 1189 reposita
3249 1136 3351 1188 est,
3387 1133 3445 1178 ut
3472 1141 3578 1180 non

2007 1202 2256 1257 videatur
2287 1205 2422 1259 ordo
2462 1221 2491 1259 a
2527 1210 2874 1262 eonveuienti
2923 1210 3315 1265 heatitudinmn
3362 1216 3573 1282 exposi-

2008 1292 2170 1348 tionis
2194 1296 2581 1364 consequentia
2607 1283 2913 1363 ab'errasse,
2937 1301 3168 1369 primum
3193 1303 3354 1364 eaalo,
3380 1303 3575 1359 deinde

2008 1389 2154 1436 terra
2211 1385 2368 1440 nobis
2418 1386 2472 1440 in
2518 1389 2974 1456 promissionibus
3022 1407 3051 1445 a
3106 1392 3216 1448 Deo
3276 1396 3573 1463 proposita.

2007 1469 2280 1542 Quidquid
2312 1476 2455 1530 enim
2488 1489 2728 1546 apparet,
2753 1490 3015 1550 quantum
3041 1484 3106 1536 ad
3135 1500 3355 1540 sensum
3379 1502 3571 1557 corpo-

2008 1573 2160 1613 reum
2196 1563 2413 1629 attinet,
2460 1575 2630 1619 totum
2672 1568 2812 1623 inter
2859 1586 2917 1624 se
2961 1582 3249 1642 cognatum
3286 1582 3389 1629 est.
3456 1576 3570 1631 Etsi

2007 1650 2150 1703 enim
2189 1652 2321 1706 illud
2357 1655 2573 1723 quidem
2604 1657 2705 1711 loci
2744 1659 3030 1715 intervallo
3069 1664 3234 1717 altunt
3270 1680 3392 1720 esse
3420 1667 3572 1723 vide-

333 1706 611 1779 λογισμὸν,
640 1711 713 1782 μὴ
741 1713 997 1767 διαϐάντα
1022 1715 1099 1787 τῷ
1132 1716 1275 1789 λόγῳ
1304 1720 1472 1774 ταῦτα
1510 1724 1791 1796 πρότερον,
1829 1722 1893 1780 ὧι

2005 1749 2112 1803 tur,
2154 1749 2391 1798 attamen
2416 1761 2580 1815 super
2605 1747 3044 1812 intellectualem,
3070 1755 3233 1824 inque
3258 1766 3435 1813 mente
3458 1762 3573 1814 sola

263 1848 283 1872 χ
332 1799 665 1856 καθικνεῖται
694 1804 726 1874 ἠ
753 1805 1020 1877 αἴσθησις.
1052 1808 1113 1861 Εἰ
1141 1808 1197 1862 δὲ
1223 1813 1287 1881 τῇ
1319 1815 1655 1886 προσηγορίᾳ
1682 1817 1778 1888 τῆς
1798 1818 1901 1888 γῆς

329 1893 363 1961 ή
425 1892 794 1965 ὑπερκειμένη
859 1900 1284 1968 κατονομάζεται
1348 1902 1536 1973 λῆξις,
1601 1906 1901 1977 θαυμάσεις

334 1983 535 2054 μηδέν’
587 1986 663 2056 τῷ
704 1989 811 2059 γὰρ
850 1992 1087 2062 ταπεινῷ
1126 1993 1225 2063 τῆς
1259 1996 1529 2067 ἡμετέρας
1569 1999 1739 2068 ἀκοῆς
1766 2018 1897 2069 συγο

328 2077 644 2132 καταϐαίνει
668 2081 697 2132 ὁ
726 2082 914 2150 Λόγος,
942 2084 970 2136 ό
997 2083 1084 2137 διὰ
1112 2084 1268 2139 τοῦτο
1291 2086 1429 2158 πρὸς
1456 2090 1600 2159 ἡμᾶς
1635 2091 1896 2159 καταϐάς,

328 2169 518 2240 ἐπειδὴ
561 2172 724 2241 ἡμεῖς
769 2173 905 2242 πρὸς
955 2174 1115 2227 αὐτὸν
1159 2177 1504 2249 ἀνυψωθῆναι
1551 2183 1648 2252 οὐχ
1691 2177 1791 2237 οἷοί
1837 2204 1896 2240 τε

325 2256 489 2330 ἦμεν.
531 2261 632 2315 Διά
669 2263 848 2316 τοίνυν
889 2264 997 2319 τῶν
1040 2268 1168 2337 ἡμῖν
1208 2271 1497 2341 γνωρίμων
1537 2275 1797 2345 ῥημάτων
1836 2296 1895 2332 τε

326 2353 422 2404 καὶ
466 2353 745 2418 ὀνομάτων
776 2356 1108 2427 παραδίδωσι
1154 2360 1223 2411 τὰ
1273 2361 1393 2415 θεῖα
1442 2371 1733 2436 μυστήρια,
1771 2369 1896 2421 ταύ-

323 2459 448 2507 ταις
470 2447 591 2509 ταῖς
621 2449 826 2516 φωναῖς
854 2449 1210 2520 κεχρημένος,
1246 2451 1312 2516 ἃς
1338 2455 1371 2523 ὴ
1407 2455 1663 2527 συνήθεια
1691 2460 1782 2513 τοῦ
1807 2463 1896 2513 ἀν-

322 2534 597 2606 θρωπίνου
646 2538 889 2609 περιέχει
938 2538 1071 2609 βίου.
1123 2542 1232 2595 Καὶ
1277 2543 1385 2614 γὰρ
1437 2549 1503 2617 τῇ
1554 2549 1657 2618 πρὸ
1694 2551 1895 2621 ταύτης

321 2626 627 2698 ἐπαγγελίᾳ
667 2628 759 2682 τὸν
809 2630 1082 2700 ἄφραστον
1129 2634 1334 2687 ἐκεῖνον
1391 2638 1448 2689 ἐν
1496 2641 1608 2701 τοῖς
1650 2642 1893 2711 οὐρανοῖς

323 2717 712 2788 μακαρισμὸν,
752 2717 1029 2788 βασιλείαν
1076 2722 1384 2795 ὠνόμασεν·
1424 2723 1532 2798 ἆρά
1573 2746 1624 2781 τι
1656 2730 1893 2785 τοιοῦτον

241 2872 251 2877 _
318 2807 400 2878 τῷ
423 2807 568 2879 λόγῳ
595 2811 1022 2881 παραδεικνύων,
1060 2809 1171 2869 οἷον
1216 2818 1250 2886 ἡ
1286 2817 1435 2870 κάτω
1471 2819 1711 2891 περιέχει
1742 2822 1894 2893 βασι-

316 2898 475 2965 λεία;
521 2901 825 2973 διαδήματά
851 2921 971 2958 τινα
1017 2910 1133 2970 ταῖς
1164 2908 1273 2961 τῶν
1303 2909 1463 2963 λίθων
1498 2912 1709 2980 αῖγλαις
1741 2931 1893 2985 περι-

316 2991 701 3061 αστράπτοντα
725 3034 739 3058 ,
789 2994 881 3047 καὶ
921 2995 1164 3061 εὐανθεῖς
1205 2999 1525 3072 ἁλουργίδας
1569 3003 1666 3074 ήδύ
1698 3022 1751 3057 τι
1778 3008 1890 3069 τοῖς

317 3085 522 3154 λίχνοις
550 3077 793 3155 ὄμμασιν
831 3088 1257 3157 ἀπαυγαζούσας
1281 3130 1297 3155 ,
1341 3063 1657 3163 προπύλαιά
1703 3113 1763 3149 τε
1797 3063 1890 3150 καί
1917 3063 1957 3118 c

315 3175 805 3246 καταπετάσματα,
843 3177 938 3231 καὶ
982 3179 1218 3251 ὑψηλοὺς
1246 3181 1488 3252 θρόνους,
1537 3188 1630 3241 καὶ
1669 3188 1868 3260 δορυφό

317 3281 432 3334 ρων
482 3266 758 3335 στοιχηδὸν
806 3269 1184 3340 περιεστώτων
1225 3271 1425 3340 τάξεις,
1471 3276 1567 3329 κα)⁸
1612 3278 1712 3331 ὃσα
1758 3278 1892 3332 ἄλλα

314 3356 802 3426 προστραγῳδοῦσι
828 3359 956 3429 περὶ
975 3360 1074 3431 τὴν
1103 3362 1358 3434 τοιαύτην
1389 3363 1481 3417 τοῦ
1513 3366 1625 3435 βίου
1689 3369 1891 3439 σκηνὴν

313 3447 366 3498 οἱ
390 3447 483 3500 τὸν
510 3446 673 3515 ὄγκον
699 3450 798 3518 τῆς
835 3450 1152 3516 δυναστείας
1175 3453 1265 3507 διὰ
1296 3455 1403 3508 τῶν
1434 3457 1689 3511 τοιούτων
1713 3460 1806 3512 ἐπὶ
1831 3461 1890 3512 τὸ

316 3538 506 3607 μεῖζον
551 3538 879 3612 ἐξαίροντες.
919 3544 1057 3598 Ἀλλ’
1103 3544 1291 3616 ἐπειδὴ
1331 3547 1473 3616 μέγα
1516 3565 1569 3600 τι
1612 3550 1706 3602 καὶ
1752 3550 1889 3622 ὑπὲρ

313 3630 497 3684 πάντα
530 3631 712 3701 σχεδὸν
759 3634 827 3687 τὰ
872 3636 930 3687 ὲν
978 3636 1284 3708 ἀνθρώποις
1328 3639 1630 3712 ζηλούμενα
1681 3643 1741 3695 τὸ
1787 3643 1887 3714 τῆς

318 3720 598 3790 βασιλείας
624 3723 795 3793 ὄνομα
827 3726 968 3778 κατά
996 3726 1085 3781 τόν
1114 3727 1226 3798 βίον
1257 3730 1420 3787 ἐστὶν.
1453 3731 1541 3785 διὰ
1578 3732 1733 3786 τοῦτο
1763 3751 1886 3786 συν-

314 3812 590 3882 εχρήσατο
623 3814 701 3885 τῷ
723 3815 966 3887 ὀνόματι,
1019 3820 1154 3889 πρὸς
1197 3818 1294 3891 τὴν
1339 3821 1445 3873 τῶν
1484 3823 1887 3894 ὑπερκειμένων

312 3903 538 3971 ἀγαθῶν
563 3904 793 3976 δήλωσιν
812 3922 826 3937 ·
875 3908 951 3972 ὡς
979 3909 1107 3975 εῖγε
1124 3906 1191 3981 ἦν
1228 3911 1355 3965 ἀλλο
1391 3929 1443 3964 τι
1474 3914 1623 3985 παρὰ
1656 3919 1767 3978 τοῖς
1796 3918 1887 3969 ἀν-

313 3993 558 4065 θρώποις
586 3996 686 4066 τῆς
726 3997 997 4068 βασιλείας
1034 3999 1325 4070 ἀνώτερον,
1356 4002 1423 4055 δι’
1461 4004 1671 4057 ἐκείνου
1699 4007 1765 4059 ἂν
1792 4007 1884 4060 τοῦ

309 4084 578 4155 ὀνόματος
628 4088 842 4151 πάντως
900 4091 1131 4160 μάλιστα
1192 4093 1536 4165 ἀνεπτέρωσε
1577 4095 1751 4167 ψυχὴν
1790 4098 1883 4151 τοῦ

311 4176 626 4241 ἀκούοντος,
659 4180 793 4250 πρὸς
842 4180 1135 4250 ἐπιθυμίαν
1163 4181 1263 4251 τῆς
1305 4183 1580 4254 ἀφράστου
1623 4189 1884 4258 μακαριό-

309 4284 498 4337 τητος.
550 4270 683 4323 Οὐδὲ
712 4271 820 4343 γὰρ
852 4268 919 4342 ἦν
963 4274 1185 4328 δυνατὸν
1232 4276 1380 4341 ἰδίοις
1420 4277 1675 4348 ὀνόμασιν
1703 4280 1886 4334 ἐκεῖνα

2002 1834 2389 1889 consistentem
2412 1846 2656 1891 naturam
2682 1847 2787 1902 est,
2817 1842 2883 1895 ad
2905 1859 3067 1911 quam
3096 1845 3213 1900 ﬁeri
3262 1864 3370 1902 non
3400 1857 3573 1919 potest

2002 1929 2059 1972 ut
2089 1922 2345 1989 cogitatio
2391 1926 2672 1989 ascendat,
2712 1926 2817 1982 nisi
2851 1930 3059 1985 ratione
3103 1934 3255 2002 prius
3285 1936 3400 1990 haec
3451 1954 3572 2007 qua:

2000 2023 2195 2063 sensus
2251 2013 2562 2081 assequitur
2591 2023 2931 2083 transgressa
2964 2020 3053 2073 sit.
3112 2022 3264 2086 Quod
3299 2025 3342 2077 si
3389 2028 3571 2095 appel-

1999 2097 2201 2153 latione
2229 2107 2390 2155 terrae
2450 2118 2700 2172 superna:
2738 2114 2921 2174 partes
2953 2107 3401 2175 denominantur,
3439 2117 3571 2170 nihil

1998 2190 2235 2254 mireris,
2284 2193 2349 2246 ad
2393 2193 2754 2250 humilitatem
2797 2199 2939 2252 enim
2980 2205 3155 2257 nostri
3191 2207 3411 2261 auditus
3441 2206 3572 2261 Ver—

1996 2278 2145 2343 bum,
2173 2281 2329 2350 quasi
2376 2282 2861 2342 condescendendo
2895 2305 3013 2344 sese
3046 2297 3441 2361 accommodat,
3478 2298 3568 2367 qui

1995 2372 2199 2427 idcirco
2248 2374 2530 2430 descendit
2577 2378 2642 2430 ad
2696 2396 2825 2440 nos,
2854 2381 2982 2450 quia
3013 2399 3113 2439 nos
3160 2387 3226 2439 ad
3270 2389 3420 2441 illum
3451 2391 3565 2443 tolli

1994 2478 2100 2517 non
2132 2472 2463 2533 poteramus.
2516 2465 2700 2536 Itaque
2743 2485 2839 2538 per
2869 2473 3030 2526 verba
3077 2486 3130 2529 et
3175 2480 3394 2533 nomina
3439 2490 3565 2533 nota

1992 2556 2152 2610 nobis
2195 2555 2378 2609 divina
2431 2560 2690 2627 mysteria
2753 2561 2934 2626 tradit,
2990 2562 3074 2618 his
3113 2568 3334 2625 vocibus
3384 2581 3564 2634 utens,

1992 2660 2130 2714 quas
2153 2645 2399 2701 continet
2435 2646 2688 2701 humanae
2722 2649 2848 2704 vita:
2869 2656 3229 2710 consuetudo.
3266 2657 3476 2711 Etenim
3508 2662 3561 2715 in

1991 2737 2238 2806 proxime
2278 2738 2603 2807 praecedenti
2642 2740 2781 2795 hanc
2826 2745 3211 2812 promissione,
3263 2747 3554 2818 inexplira~

1990 2825 2148 2880 bilem
2175 2827 2319 2880 illam
2357 2829 2407 2880 in
2439 2829 2591 2883 caelis
2619 2831 3008 2887 beatitudinem
3058 2851 3279 2904 regnum
3323 2841 3563 2907 appella-

1989 2918 2100 2983 vit,
2132 2919 2373 2988 nunquid
2399 2920 2666 2989 ejusmodi
2695 2923 2974 2992 quidpiam
3009 2926 3255 2982 indicans
3314 2931 3561 2985 oratione

1990 3011 2148 3078 quale
2176 3012 2414 3065 continet
2446 3028 2668 3081 regnum
2711 3012 2978 3068 infernum
3007 3016 3030 3068 ?
3068 3016 3372 3072 diademata
3410 3036 3560 3088 qua:-

1992 3101 2114 3155 dam
2151 3102 2384 3170 lapidum
2440 3103 2979 3171 splendoremireum
3028 3105 3377 3176 fulgurantia,
3413 3109 3551 3163 llori~

1990 3193 2089 3247 das
2130 3201 2308 3247 vestes
2354 3209 2679 3264 purpureas,
2726 3197 3029 3266 jucundum
3069 3202 3356 3268 quemdam
3387 3203 3562 3256 oculis

1990 3284 2236 3339 delicatis
2278 3285 2624 3353 splendorem
2671 3285 2980 3351 reddentes,
3036 3288 3321 3348 vestibula,
3370 3292 3558 3354 :tttlttrtt,

1991 3375 2246 3430 sublimia
2292 3375 2449 3436 solia,
2495 3377 2789 3431 satellitum
2834 3380 3336 3449 armigerorumque
3365 3382 3555 3436 ordine
3630 3408 3633 3409 ν

1989 3464 2461 3517 circumstantium
2509 3463 2795 3526 cohortes,
2842 3480 2905 3518 ac
2958 3482 3294 3535 quaaeunque
3341 3470 3445 3522 alia
3504 3470 3557 3522 in

1989 3554 2207 3609 modum
2238 3554 2568 3623 tragicorum
2617 3555 3051 3624 spectaculorum
3099 3558 3244 3611 circa
3285 3560 3557 3625 ejusmodi

1989 3645 2113 3698 vita:
2140 3658 2360 3699 scenam
2404 3643 2612 3698 addunt
2641 3644 2694 3697 hi
2718 3645 2810 3715 qui
2843 3645 3254 3714 amplitudinem
3292 3648 3559 3718 principa-

1988 3745 2074 3791 tus
2108 3752 2201 3806 per
2225 3735 2490 3804 ejusmodi
2521 3734 2682 3790 resin
2717 3735 2893 3803 majus
2918 3735 3234 3790 extollunt?
3281 3736 3383 3790 Sed
3417 3754 3556 3807 quo-

1986 3829 2131 3882 niam
2165 3842 2416 3898 magnum
2449 3824 2729 3896 quiddam,
2770 3834 2824 3879 et
2853 3841 3017 3895 supra
3050 3826 3230 3880 omnia
3266 3842 3553 3897 pri-petito-

1986 3917 2113 3971 dum
2165 3932 2284 3986 qure
2314 3916 2491 3986 magni
2536 3915 2671 3968 liunt
2700 3915 2841 3969 inter
2867 3914 3140 3975 homines,
3171 3917 3317 3986 regni
3349 3933 3547 3973 nomen

1985 4007 2041 4063 in
2060 4006 2164 4062 vita
2189 4016 2295 4070 est,
2313 4007 2519 4061 idcirco
2544 4022 2678 4061 usus
2695 4014 2778 4061 cst
2804 4007 2965 4060 etiam
2997 4021 3063 4060 eo
3089 4008 3156 4061 ad
3188 4024 3550 4077 supernorum

1984 4100 2249 4155 bonorum
2270 4099 2713 4155 declarationem.
2742 4095 2875 4150 Nam
2900 4098 2944 4151 si
2967 4098 3183 4167 quidem
3209 4100 3355 4152 aliud
3386 4099 3549 4168 quid-

1985 4192 2127 4259 piam
2158 4189 2512 4244 excellentius
2568 4204 2729 4257 quam
2765 4203 2990 4258 regnum
3015 4188 3156 4257 apud
3194 4190 3439 4243 homines
3470 4206 3551 4243 es-

1987 4291 2088 4344 set,
2127 4297 2219 4352 per
2254 4281 2383 4335 illud
2432 4280 2775 4350 potissimum
2823 4294 3019 4331 nomen
3051 4279 3291 4332 animum
3330 4296 3551 4348 prorsus

310 4357 384 4411 τά
408 4358 589 4426 ἀγαθά
621 4363 732 4424 τοῖς
758 4362 1063 4433 ἀνθρώποις
1094 4367 1517 4437 ἐκκαλυφθῆναι,
1556 4368 1593 4423 ἃ
1624 4369 1763 4441 ὑπὲρ
1803 4370 1884 4423 αἴ-

1995 4373 2260 4427 audientis
2310 4387 2525 4426 sursum
2573 4371 2730 4440 quasi
2775 4370 2876 4423 alis
2923 4368 3121 4425 additis
3169 4372 3461 4435 evexisset,
3499 4382 3552 4426 et

314 4447 511 4517 σθησίν
538 4466 598 4503 τε
638 4452 729 4504 καὶ
760 4452 961 4520 γνῶσιν
991 4455 1334 4528 ἀνθρωπίνην
1366 4458 1531 4512 ἐστίν.
1580 4460 1729 4513 Οὔτε
1776 4462 1885 4528 γὰρ

312 4541 622 4609 ὀφθαλμὸς
658 4538 799 4606 εἶδε,
843 4546 1029 4616 φησὶν,
1073 4548 1212 4601 οὔτε
1254 4545 1363 4614 οὖς
1411 4549 1697 4618 ἤκουσεν,
1748 4553 1887 4607 οὔτε

310 4632 411 4684 ἐπὶ
466 4633 717 4700 καρδίαν
767 4637 1079 4704 ἀνθρώπου
1130 4639 1330 4707 ἀνέϐη.
1389 4642 1527 4695 Ἀλλ’
1586 4643 1660 4706 ὡς
1701 4644 1767 4697 ἂν
1810 4644 1883 4715 μὴ

312 4723 596 4786 παντελῶς
641 4725 892 4794 διαφύγοι
946 4728 1039 4781 τὸν
1099 4732 1401 4801 στοχασμὸν
1459 4736 1492 4803 ἡ
1557 4734 1882 4806 ὲλπιζομένη

316 4811 678 4883 μακαριότης,
712 4813 789 4876 ὡς
829 4814 1114 4886 χωροῦμεν
1158 4818 1300 4872 κατά
1344 4821 1404 4874 τὸ
1438 4824 1688 4877 ταπεινὸν
1728 4826 1883 4896 ἡμῶν

309 4899 414 4968 τῆς
444 4899 679 4968 φύσεως,
720 4902 862 4957 οὕτω
906 4904 1015 4958 τῶν
1053 4908 1446 4981 άνεκφωνήτων
1474 4913 1759 4985 ἀκούομεν.
1791 4917 1882 4987 Μὴ

312 4988 407 5043 οὖν
423 4994 459 5060 ἡ
476 4991 574 5062 τῆς
590 4994 689 5063 γῆς
708 4996 991 5067 ὁμωνυμία
1013 4998 1174 5052 πάλιν
1193 5001 1329 5070 μετὰ
1348 5005 1472 5065 τοὺς
1486 5005 1745 5075 οὐρανοὺς
1759 5006 1884 5059 καθ-

313 5082 520 5136 ελκέτω
568 5100 660 5137 σου
707 5085 804 5155 τὴν
848 5087 1085 5141 διάνοιαν
1126 5090 1218 5143 ἐπὶ
1258 5092 1357 5162 τὴν
1396 5094 1544 5147 κάτω
1578 5094 1713 5166 γῆν,
1768 5096 1882 5149 ἀλλ’

314 5172 479 5242 εἴπερ
527 5172 748 5244 ὐψὼθης
783 5175 861 5246 τῷ
887 5177 1044 5248 Λόγῳ
1090 5178 1177 5232 διά
1219 5180 1327 5233 τῶν
1381 5183 1656 5255 προτέρων
1707 5203 1882 5255 μακα-

316 5262 546 5335 ρισμῶν,
587 5266 682 5319 καὶ
724 5267 822 5336 τῆς
864 5267 1119 5338 οὐρανίας
1162 5270 1361 5342 ἐπέϐης
1405 5273 1634 5338 ἐλπίδος,
1669 5278 1880 5349 ἐκείνην

318 5370 408 5422 μοι
450 5355 891 5426 πολυπραγμόνει
953 5359 1052 5429 τὴν
1086 5362 1208 5431 γῆν,
1242 5363 1362 5432 ἦτις
1411 5365 1472 5418 οὐ
1517 5365 1731 5422 πάντων
1764 5371 1879 5424 ἐστὶ

314 5443 665 5515 κληρονομία,
711 5448 851 5519 πλὴν
874 5449 927 5502 εῖ
954 5467 1093 5516 τινες
1122 5452 1209 5506 διά
1232 5453 1331 5525 τῆς
1369 5455 1462 5509 τοῦ
1494 5456 1609 5527 βίου
1642 5461 1877 5533 πραότη-

383 5616 425 5648 ³⁷
472 5619 486 5672 Ι
519 5576 748 5693 Coran,
782 5625 835 5682 9.

1986 4462 2253 4518 erexisset
2278 4462 2343 4515 ad
2378 4459 2775 4529 inexplicabilis
2799 4466 2853 4512 et
2880 4459 3240 4513 inenodabilis
3270 4462 3554 4513 beatitudi-

1988 4555 2071 4608 nis
2099 4551 2339 4607 studium
2378 4559 2542 4618 atque
2584 4550 2959 4618 cupiditatem.
3031 4550 3217 4619 Neque
3260 4551 3403 4604 enim
3439 4552 3550 4605 ﬁeri

1986 4649 2190 4714 poterat
2248 4650 2307 4694 ut
2339 4641 2454 4694 suis
2486 4654 2548 4693 ac
2584 4639 2817 4709 prepriis
2848 4640 3130 4693 vocabulis
3179 4640 3555 4694 revelarentur

1987 4732 2301 4787 hominibus
2338 4730 2428 4784 illa
2478 4730 2620 4783 bona
2680 4744 2801 4798 qua:
2845 4734 3107 4798 superant
3145 4739 3197 4783 et
3240 4744 3460 4783 sensum
3501 4737 3553 4782 et

1989 4823 2351 4894 cognitionem
2394 4822 2683 4875 humanam
2724 4837 2737 4872 :
2783 4817 2958 4889 Neque
2999 4821 3133 4872 enim
3185 4820 3363 4873 oculus
3404 4820 3550 4882 cidit,

1990 4915 2184 4985 inquit,
2229 4930 2388 4981 neque
2430 4914 2575 4966 auris
2614 4912 2813 4965 audivit
2842 4928 2860 4964 :
2895 4929 3056 4982 neque
3097 4914 3150 4965 in
3189 4928 3279 4966 cor
3327 4914 3552 4967 hominis
3588 4976 3595 4983 .

1988 5006 2219 5062 ascendit
2246 5008 2310 5058 θ’.
2363 5005 2466 5060 Sed
2511 5019 2577 5057 ne
2630 5004 2843 5073 penitus
2884 5003 3182 5068 beatitudo,
3211 5021 3329 5073 qua:
3363 5020 3550 5073 spera-

1988 5107 2096 5162 tur,
2132 5097 2504 5165 conjecturam
2530 5092 2771 5164 ellugiat,
2803 5110 2900 5164 pro
2930 5103 3089 5164 captu
3129 5095 3347 5148 humilis
3375 5101 3426 5146 et
3454 5094 3551 5145 ab-

1982 5191 2142 5260 jectre
2178 5197 2377 5244 nostra:
2424 5194 2632 5241 naturae
2670 5184 2961 5240 inell'abilia
3000 5186 3087 5237 illa
3118 5184 3272 5239 nobis
3309 5184 3549 5253 produn-

1986 5294 2089 5337 tur.
2124 5280 2203 5337 Ne
2229 5281 2395 5351 igitur
2422 5278 2663 5350 ejusdem
2692 5277 2929 5332 nominis
2958 5283 3115 5330 terra:
3139 5274 3353 5330 diversa
3381 5274 3546 5343 signi-

1985 5374 2164 5428 ﬁcatio
2212 5369 2511 5427 secundum
2535 5369 2703 5423 circlos
2728 5373 2960 5420 mentem
2992 5373 3138 5418 tuam
3165 5380 3354 5419 rursus
3382 5365 3446 5417 ad
3474 5364 3547 5416 in-

1984 5463 2191 5521 fernam
2224 5471 2422 5519 terram
2456 5456 2725 5523 detrahat,
2753 5452 2847 5510 sed
2878 5453 3146 5523 siquidem
3173 5470 3202 5508 a
3229 5453 3405 5509 Verbo
3427 5468 3544 5506 cre-
