3996 6196
360 268 497 325 12ιὸ

1380 276 1467 329 ne
1507 261 2107 330 BBATITumNtnus.
2151 247 2434 318 οιιΑΤιοί
2447 258 2511 314 ιι.

3464 258 3593 313 ιειι

357 384 412 438 δὲ
451 381 551 437 οὑκ
595 383 809 451 ἀγνοεῖς
840 387 933 440 τὸν
979 388 1271 442 ἀντίπαλον
1320 390 1412 442 τὸν
1456 389 1543 443 διὰ
1583 390 1679 459 τῆς
1727 387 1926 456 σαρκὸς

2036 391 2217 453 partes
2257 378 2562 450 appetebat,
2614 376 2875 433 adversus
2930 379 3105 447 ipsum
3152 389 3353 444 corpus
3408 372 3596 444 plagas

359 475 830 545 προσπαλαίοντα,
880 479 938 531 ὃν
988 481 1295 543 ὑπωπιάξει
1345 480 1433 534 διὰ
1474 481 1573 550 τῆς
1620 478 1924 547 πυκτικῆς,

359 560 618 631 ἀμύσσων
666 566 778 627 τοίς
823 565 970 632 ὄνυξι
1013 569 1108 636 τῆς
1153 568 1501 639 ἐγκρατείας,
1543 560 1603 619 οὗ
1644 567 1825 634 νεκροί
1862 562 1930 615 τὰ

364 650 498 721 μέλη
527 649 692 721 λιμῷ,
729 653 821 705 καὶ
847 653 1011 723 δίψει,
1045 656 1137 709 καὶ
1178 655 1336 725 ψύχει
1362 696 1377 719 ,
1406 656 1497 709 καὶ
1526 654 1857 725 γυμνότητι,
1885 644 1929 717 ᾧ

360 739 427 792 τά
468 738 736 807 στίγματα
774 741 866 794 τοῦ
900 743 1102 814 Κυρίου
1140 743 1437 809 ἐπιϐάλλει,
1473 744 1530 797 ὃν
1561 745 1686 813 νικᾷ
1717 742 1804 795 διὰ
1835 740 1927 793 τοῦ

358 828 558 899 δρόμου
587 831 812 883 κατόπιν
834 833 1027 885 ἑαυτοῦ
1051 833 1385 899 καταλιπὼν,
1410 834 1485 897 ὼς
1516 834 1579 887 ἂν
1613 833 1686 905 μὴ
1714 835 1930 885 ἐπισκο-

284 948 295 957 ν
356 923 500 973 τοίτο
526 922 624 983 τὰς
654 923 804 992 ὄψεις
835 924 927 976 τοῦ
968 926 1260 979 ἀντιπάλου
1294 926 1705 998 προτρέχοντος.
1745 924 1808 976 Ei
1835 921 1929 976 οὖν

357 1010 481 1076 ὀξὺς
519 1013 613 1065 καὶ
640 1015 919 1086 εὐκίνητος
950 1017 1007 1070 ὲν
1039 1020 1150 1081 τοῖς
1190 1017 1394 1086 ἀγῶσιν
1421 1021 1450 1072 ὁ
1498 1017 1707 1080 Παῦλος
1727 1056 1741 1080 ,
1779 1015 1873 1069 καὶ
1900 1017 1929 1068 6

356 1097 520 1151 Δαόὶδ
543 1099 798 1155 πλατύνει
822 1103 891 1155 τὰ
911 1104 1221 1176 διαδήματα
1241 1110 1350 1171 τοῖς
1370 1107 1582 1178 ἐχθροῖς
1604 1105 1925 1176 ἐπιτρέχων,

357 1187 449 1240 καὶ
481 1190 509 1242 ό
537 1190 766 1260 νυμφίος
803 1193 859 1244 ὲν
905 1193 982 1264 τῷ
1021 1196 1257 1266 ’ᾼσματι
1303 1196 1521 1266 δορκάδι
1561 1197 1703 1249 κατὰ
1743 1195 1802 1247 τὸ
1842 1195 1930 1246 εὑ-

356 1278 576 1349 κίνητον
601 1281 897 1351 ὁμοιοῦται,
930 1284 1030 1356 ὅρη
1060 1286 1355 1358 διαπηδῶν,
1393 1288 1487 1341 καὶ
1516 1287 1723 1358 βουνοῖς
1762 1287 1928 1355 ἐφαλ-

356 1368 580 1439 λόμενος
624 1370 755 1444 (καὶ
807 1376 975 1430 πολλὰ
1022 1377 1243 1432 τοιαῦτα
1286 1378 1434 1433 ἔστιν
1480 1381 1689 1445 εἰπεῖν,
1745 1382 1801 1431 ὲν
1848 1375 1929 1441 οἷς

359 1463 750 1535 προτιμότερον
775 1466 1087 1538 εὑρίσκεται
1115 1469 1214 1538 τῆς
1244 1471 1543 1541 πραότητος
1576 1471 1637 1523 τὸ
1663 1471 1803 1524 κατὰ
1832 1469 1928 1540 τὴν

358 1550 569 1620 κίνησιν
601 1555 806 1625 τάχος)·
840 1556 954 1621 πῶς
986 1559 1220 1613 ἐνταῦθα
1246 1563 1303 1614 ὲν
1336 1560 1757 1633 κατορθώματος
1798 1561 1927 1614 εῖδει

360 1644 654 1715 μακαρίζει
679 1646 740 1699 τὸ
767 1650 938 1718 πρᾶον
973 1651 1001 1702 6
1034 1649 1239 1717 Λὸγος;
1280 1650 1567 1719 Μακάριοι
1590 1653 1720 1721 γὰρ,
1740 1651 1924 1720 φησὶν,

358 1733 415 1785 al
439 1735 678 1802 πραεῖς,
722 1736 812 1791 ὅτι
847 1739 1014 1793 αὐτοὶ
1053 1742 1580 1810 κληρονομήσουσι
1613 1740 1728 1810 τὴν
1772 1739 1885 1810 γῆν
1908 1757 1921 1771 ·
1959 1727 2000 1781 Β

357 1826 572 1896 ἐκείνην
623 1828 837 1894 πάντως
878 1832 976 1902 τὴν
1028 1832 1131 1907 γῆν
1174 1833 1272 1903 τὴν
1318 1833 1426 1886 τῶν
1462 1832 1642 1886 καλῶν
1694 1831 1922 1903 εῦφορον

355 1918 728 1988 γεννημάτων,
770 1921 868 1993 τὴν
901 1922 981 1994 τῷ
1020 1922 1160 1994 ξύλῳ
1190 1924 1290 1993 τῆς
1330 1924 1473 1994 ζωῆς
1506 1923 1761 1994 κομῶσαν
1781 1962 1796 1986 ,
1826 1923 1922 1991 τὴν

354 2010 477 2072 ταῖς
505 2012 708 2079 πηγαῖς
736 2011 843 2067 τῶν
871 2016 1250 2085 πνευματικῶν
1279 2015 1630 2086 χαρισμάτων
1656 2014 1925 2085 κατάρρυ-

356 2116 467 2165 τον,
522 2100 607 2170 ἐφ’
653 2097 722 2174 ἧς
766 2103 800 2174 ἡ
858 2104 1099 2175 ἄμπελος
1148 2107 1181 2178 ἠ
1227 2106 1454 2178 ἀληθινὴ
1501 2106 1806 2175 βλαστάνει,
1857 2100 1926 2175 ἧς

355 2189 600 2260 γεωργὸν
635 2189 721 2244 τὸν
748 2192 966 2263 Πατέρα
997 2193 1090 2247 τοῦ
1121 2195 1322 2266 Κυρίου
1355 2194 1642 2264 ἀκούομεν.

2030 474 2214 529 ferens
2244 481 2297 525 et
2330 472 2623 524 intentans.
2673 466 2763 522 Vis
2798 482 3129 535 cognoscere
3164 477 3335 519 artem
3394 463 3597 534 pugiizs

2027 563 2183 618 Pauli
2212 562 2234 615 ?
2264 561 2473 615 intuere
2516 560 2737 613 vulnera
2787 567 2974 611 contra
3029 558 3291 612 certantis
3318 556 3370 621 ‘;
3414 554 3596 622 aspice

2030 655 2230 708 livores
2273 659 2328 706 et
2374 650 2747 720 sugillationes
2782 647 3123 709 adversarii;
3160 647 3280 697 vide
3338 653 3496 698 notas
3541 652 3595 696 et

2029 754 2231 815 puncta
2262 742 2412 795 victi.
2446 740 2682 795 Omnino
2716 747 2895 791 autem
2933 754 3036 788 non
3085 738 3303 804 ignoras
3336 735 3593 786 adversa~

2030 837 2192 899 rium,
2223 834 2480 887 nimirum
2515 831 2607 901 qui
2646 846 2739 899 per
2780 845 2997 883 carnem
3051 829 3381 885 obluctatur,
3432 839 3594 892 quem

2028 942 2125 996 per
2147 933 2318 979 artem
2338 922 2610 992 pugnandi
2631 921 2906 992 unguibus
2926 917 3279 972 continentiae
3296 916 3595 974 elaccrans,

2028 1016 2303 1086 suggillat,
2335 1014 2493 1083 cujus
2518 1013 2755 1067 membra
2774 1009 3067 1063 mortificat
3100 1008 3262 1068 fame,
3289 1007 3403 1069 siti,
3430 1003 3621 1072 frigo:

2029 1124 2109 1169 re,
2142 1107 2408 1172 nuditate,
2436 1105 2523 1161 cui
2561 1114 2716 1157 notas
2751 1110 2803 1157 et
2835 1109 3034 1171 puncta
3073 1099 3284 1153 Domini
3330 1096 3596 1164 imprimit

2029 1206 2081 1252 et
2112 1198 2302 1259 inurit,
2336 1210 2495 1265 quem
2528 1209 2691 1247 cursu
2722 1208 2751 1245 a
2783 1203 2936 1260 tergo
2980 1192 3229 1244 relictum
3277 1188 3443 1241 vincit
3470 1226 3484 1250 ,
3525 1182 3595 1239 ne

2027 1294 2394 1358 przeeurrente
2427 1286 2740 1339 adversario
2764 1284 3007 1337 tenebrae
3042 1281 3217 1334 oculis
3273 1279 3390 1331 suis
3417 1275 3595 1329 oli‘un-

2028 1381 2249 1434 dantur.
2308 1377 2361 1430 Si
2402 1378 2569 1446 igitur
2623 1375 2824 1428 Paulus
2883 1375 2936 1426 in
2972 1371 3365 1425 certaminibus
3415 1368 3594 1435 agilis,

2028 1486 2154 1525 acer
2181 1481 2235 1523 et
2268 1470 2421 1523 velox
2456 1478 2561 1531 est,
2594 1467 2759 1520 David
2795 1467 3050 1519 inimicos
3076 1462 3338 1516 invadens
3369 1473 3594 1529 gressus

2028 1559 2217 1613 dilatat
2242 1559 2285 1622 ⁵,
2317 1566 2370 1613 et
2400 1573 2634 1628 sponsus
2671 1558 2725 1609 in
2756 1555 3005 1618 Cantico,
3061 1568 3291 1621 capreze,
3348 1548 3492 1618 quod
3524 1547 3591 1600 ad

2029 1648 2321 1717 agilitatem
2390 1657 2443 1701 et
2500 1647 2840 1699 velocitatem
2902 1646 3139 1705 attinet,
3202 1641 3587 1700 assimilatur.

2030 1747 2239 1792 montes
2268 1737 2581 1791 transiliens
2609 1739 2648 1800 ‘,
2681 1748 2732 1789 et
2761 1738 2812 1788 in
2846 1736 3078 1788 collibus
3122 1735 3349 1796 saltans,
3394 1730 3592 1782 multa-

2028 1845 2133 1901 que
2167 1828 2434 1897 ejusmodi
2486 1828 2731 1898 proferue
2782 1829 2930 1891 licet,
2980 1828 3035 1879 in
3085 1826 3284 1894 quibus
3341 1822 3589 1876 celeritas

2030 1931 2208 1975 motus
2254 1920 2463 1974 lenitati
2515 1919 2757 1989 praeferri
2808 1918 3121 1987 reperitur;
3154 1917 3244 1985 qui
3299 1914 3376 1978 fit,
3415 1919 3472 1965 ut
3504 1910 3594 1963 bic

2029 2012 2185 2080 quasi
2219 2027 2329 2065 rem
2358 2012 2673 2079 praeclaram
2695 2017 2749 2064 ct
2773 2009 3025 2070 eximiam
3056 2007 3328 2061 lenitatem
3355 2003 3588 2056 Verbum

2034 2102 2244 2156 beatam
2282 2102 2589 2170 praedicet?
2617 2100 2769 2154 Beati
2807 2100 2972 2161 enim,
3027 2100 3222 2165 inquit,
3270 2096 3430 2159 leues,
3462 2107 3593 2162 quo-

2034 2192 2177 2244 niam
2206 2191 2308 2260 ipsi
2347 2190 2703 2244 hwrcditatem
2754 2201 2906 2244 terra:
2958 2198 3334 2258 consequentur
3360 2187 3399 2251 ⁷,
3447 2185 3592 2237 illius

357 2281 518 2350 plane
573 2290 733 2339 terra:
784 2286 1092 2359 (nimirum)
1141 2305 1263 2368 qipe
1314 2290 1581 2344 bonorum
1638 2286 1915 2341 fructuum
1977 2282 2173 2341 fertilis
2225 2292 2330 2350 est,
2376 2300 2497 2354 quae
2546 2285 2693 2355 ligno
2749 2285 2869 2338 vita:
2898 2282 3134 2349 frondet,
3186 2296 3307 2351 quae
3351 2277 3596 2334 fontibus

362 2374 729 2445 spiritualium
759 2377 1027 2432 donorum
1060 2380 1261 2451 irrigua
1299 2390 1402 2445 est,
1423 2382 1475 2435 in
1507 2394 1611 2450 qua
1639 2392 1766 2431 vera
1794 2376 1921 2431 vitis
1960 2377 2246 2447 germinat,
2278 2376 2437 2447 cujus
2466 2376 2730 2431 cultorem
2779 2390 2899 2431 esse
2957 2374 3175 2427 Patrem
3219 2371 3429 2425 Domini
3500 2380 3597 2418 an»

359 2462 540 2521 dimus
561 2464 603 2517 ⁸.

444 2555 585 2608 Ἀλλ’
626 2556 769 2610 ἔοικε
808 2559 1043 2613 τοιοῦτόν
1089 2580 1142 2615 τι
1192 2552 1497 2631 φιλοσοφεῖν
1534 2564 1562 2615 6
1605 2562 1807 2630 Λόγος,
1849 2558 1931 2611 ὅτι

364 2646 533 2719 πολλὴ
557 2649 693 2719 πρὸς
720 2647 816 2720 τὴν
845 2651 1043 2705 κακίαν
1073 2653 1218 2707 ἐστὶν
1245 2656 1277 2725 ἡ
1315 2654 1552 2715 εὑκολία,
1588 2654 1678 2706 καὶ
1708 2650 1930 2721 ὀξύρρο-

364 2757 465 2793 πον
503 2740 598 2793 ἐπὶ
632 2740 693 2793 τὸ
729 2736 970 2815 χεῖρονή
1003 2743 1193 2813 φύσις·
1238 2744 1487 2815 καθάπερ
1520 2744 1586 2797 τὰ
1618 2743 1786 2813 βαρέα
1822 2741 1930 2793 τῶν

364 2830 632 2901 σωμάτων
686 2832 817 2904 πρὸς
873 2835 974 2905 μὲν
1022 2836 1089 2889 τά
1140 2836 1252 2889 ἄνω
1305 2837 1648 2889 παντάπασιν
1698 2833 1928 2902 ἀκίνητα

363 2921 547 2992 μένει,
580 2923 628 2974 εί
653 2922 709 2976 δέ
748 2940 887 2988 τινος
928 2926 1232 2997 ἀκρωρείας
1263 2925 1469 2996 ὑψηλῆς
1511 2925 1601 2978 ἐπὶ
1624 2923 1685 2976 τὸ
1729 2922 1927 2993 πρανὲς
1956 2949 1998 3007 ο

361 3011 740 3082 ἁποσεισθείη,
793 3014 1029 3082 τοσούτῳ
1077 3014 1238 3084 ῥοίζῳ
1285 3016 1421 3084 πρὸς
1468 3015 1527 3067 τὸ
1575 3013 1929 3083 ὑποκείμενον

362 3103 613 3175 φέρεται,
648 3103 741 3157 τοῦ
780 3105 978 3157 οἰκείου
1013 3105 1208 3175 βάρους
1234 3104 1331 3175 τὴν
1358 3104 1526 3176 φορὰν
1554 3104 1927 3166 ἐπιτείνοντος,

362 3195 439 3257 ὼς
465 3195 605 3266 ὑπὲρ
630 3196 784 3264 λόγον
811 3191 1026 3251 εἶναιτὸ
1044 3197 1223 3266 τάχος.
1259 3197 1412 3250 Ἐπεὶ
1434 3193 1524 3250 οῦν
1541 3196 1769 3267 χαλεπόν
1786 3198 1930 3249 ἐστιν

364 3287 400 3357 ἡ
435 3287 494 3338 ὲν
532 3285 740 3350 τούτοις
771 3286 985 3358 ὀξύτης,
1027 3287 1359 3359 μακαριστὸν
1394 3287 1457 3340 ἂν
1498 3287 1581 3357 εἴη
1621 3287 1835 3349 πάντως
1870 3286 1931 3338 τὸ

366 3378 428 3444 ἐξ
449 3381 801 3452 ἀντιστρόφου
834 3381 1133 3449 νοούμενον.
1170 3381 1338 3434 Τοῦτο
1373 3381 1430 3433 δέ
1459 3383 1571 3434 ἐστι
1606 3380 1866 3449 πραότης,
1896 3381 1928 3447 ἡ

367 3470 506 3540 πρὸς
525 3470 622 3533 τὰς
651 3471 900 3535 τοιαύτας
922 3473 1019 3541 τῆς
1051 3471 1264 3541 φύσεως
1288 3472 1461 3541 ὁρμὰς
1494 3470 1713 3541 βραδεῖά
1749 3486 1806 3521 τε
1838 3470 1930 3521 καὶ

365 3559 680 3631 δυσκίνητος
727 3562 858 3627 ἕξις.
902 3562 1166 3632 Καθάπερ
1210 3564 1318 3633 γὰρ
1358 3563 1417 3615 τὸ
1456 3561 1588 3633 πῦρ,
1628 3562 1931 3632 ἀεικίνητον

366 3651 466 3722 τὴν
504 3651 664 3719 φύσιν
690 3653 783 3705 ἐπὶ
812 3653 879 3706 τὰ
907 3652 1018 3706 ἄνω
1053 3651 1193 3723 ἕχον,
1226 3653 1478 3724 ἀκίνητόν
1506 3654 1620 3704 ἐστι
1659 3653 1797 3704 κατὰ
1834 3653 1931 3723 τὴν

365 3743 613 3796 ιναντίαν
639 3743 809 3814 φοράν
832 3761 843 3772 ·
872 3744 960 3796 τὸν
989 3744 1149 3797 αὑτὸν
1177 3744 1376 3813 τρόπον
1400 3744 1492 3797 καὶ
1529 3746 1560 3813 ἡ
1598 3743 1764 3814 ἀρετὴ
1797 3744 1933 3815 πρὸς

364 3834 435 3888 τά
466 3836 577 3889 ἅνω
625 3835 718 3887 καὶ⁵
765 3835 1130 3905 ὑπερκείμενα
1173 3835 1318 3899 ὀξεῖά
1367 3852 1449 3896 τις
1500 3830 1651 3897 οὖσα,
1693 3834 1787 3886 καὶ
1836 3836 1931 3903 οὑχ

366 3926 583 3995 ὑφιεῖσά
620 3942 747 3978 ποτε
796 3926 893 3995 τῆς
937 3925 1272 3995 ταχύτητος,
1316 3924 1610 3991 πεπέδηται
1657 3924 1790 3991 πρὸς
1836 3923 1932 3993 τὴν

365 4013 613 4067 ἐναντίαν
647 4015 842 4085 ὁρμήν.
876 4014 1085 4068 Οὑκοῦν
1116 4013 1302 4082 ἐπειδὴ
1344 4012 1622 4075 πλεονάζει
1660 4011 1799 4064 κατὰ
1835 4012 1932 4081 τὴν

365 4105 526 4174 φύσιν
570 4105 726 4175 ἡμῶν
759 4108 791 4175 ἡ
828 4104 965 4177 πρὸς
1001 4104 1067 4157 τὰ
1112 4103 1255 4156 κακὰ
1287 4102 1543 4173 ταχύτης,
1580 4102 1755 4165 καλῶς
1783 4102 1843 4154 τὸ
1878 4104 1933 4155 ὲν

364 4199 477 4259 τοῖς
505 4197 759 4258 τοιούτοις
787 4195 1029 4266 ἠρεμοῦν
1061 4191 1439 4265 μακαρίζεται.
1471 4194 1543 4245 Τὸ
1577 4192 1684 4265 γὰρ
1714 4192 1932 4264 ἡσύχιον

2105 2551 2305 2606 Verum
2383 2552 2598 2606 videtur
2661 2548 2929 2618 ejusmodi
3003 2547 3277 2616 quidpiam
3356 2542 3593 2597 Verbum

2033 2644 2259 2697 innuero
2314 2653 2477 2711 atque
2512 2642 2858 2712 significare,
2915 2636 3059 2706 quod
3120 2635 3277 2688 valde
3336 2635 3592 2686 nimirum

2032 2732 2209 2786 facilis
2251 2733 2302 2785 in
2352 2734 2542 2786 vitium
2588 2739 2641 2785 et
2691 2730 2987 2799 nequitiam
3042 2728 3114 2782 sit
3168 2728 3375 2793 lapsus,
3424 2732 3477 2776 ct
3507 2738 3595 2775 res

2031 2838 2297 2892 propensa
2331 2838 2676 2893 princepsque
2706 2822 2758 2874 in
2779 2820 2931 2891 pejus
2960 2826 3192 2878 natura;
3220 2812 3592 2882 sicutigravia

2033 2930 2093 2967 ac
2144 2918 2444 2984 ponderosa
2500 2927 2732 2981 corpora
2788 2924 3007 2965 sursum
3074 2907 3292 2975 quidem
3360 2918 3591 2961 versus,

2034 3021 2259 3074 prorsus
2295 3005 2517 3057 immota
2554 3010 2798 3064 manent,
2826 3002 2912 3054 sin
2948 3008 3127 3053 autem
3157 2998 3225 3049 ab
3270 2996 3453 3063 aliquo
3486 2994 3595 3045 alto

2031 3093 2319 3147 cacumine
2344 3093 2546 3146 montis
2577 3092 2630 3144 in
2663 3104 2905 3160 praeceps
2950 3087 3295 3144 excutiantur
3323 3093 3376 3137 et
3408 3083 3597 3136 detur-

2032 3184 2249 3244 bentur,
2295 3191 2447 3235 tanto
2484 3184 2689 3249 impetu
2742 3178 2962 3248 propria
2994 3176 3136 3229 mole
3184 3187 3407 3226 cursum
3460 3170 3596 3223 inci-

2033 3282 2201 3337 tante,
2239 3273 2291 3327 in
2323 3272 2630 3343 subjectum
2672 3270 2942 3332 feruntur,
2990 3277 3138 3320 utea
3166 3264 3417 3319 celeritas
3450 3260 3605 3322 nulla,

2030 3368 2275 3421 oratione
2300 3365 2527 3432 exprimi
2557 3365 2745 3433 possit.
2796 3360 3068 3428 Quoniam
3097 3358 3263 3429 igitur
3296 3370 3385 3409 res
3434 3352 3595 3406 noxia

2033 3467 2194 3527 atque
2229 3457 2532 3524 periculosa
2584 3456 2637 3507 in
2675 3455 2759 3507 liis
2791 3453 3053 3506 velocitas
3083 3459 3188 3512 est,
3225 3448 3443 3500 beatum
3481 3458 3597 3495 om-

2030 3547 2160 3602 nino
2197 3544 2497 3598 llabendum
2536 3542 2695 3595 fuerit
2746 3542 2797 3595 id
2833 3540 2977 3610 quod
3024 3555 3089 3593 ex
3126 3539 3355 3590 adverso
3392 3533 3595 3587 intelli'

2032 3638 2197 3708 gitur.
2251 3634 2309 3689 ld
2364 3643 2541 3687 autem
2600 3632 2793 3685 lenitas
2854 3638 2958 3693 est,
3013 3628 3270 3681 nimirum
3336 3624 3596 3677 adversus

2030 3725 2298 3797 ejusmodi
2359 3733 2567 3778 natura:
2637 3722 2871 3790 impetus
2938 3726 2993 3774 et
3061 3718 3331 3787 appetitus
3409 3714 3596 3767 tardus

1937 3825 1941 3829 '
2033 3818 2236 3887 pariter
2285 3825 2544 3884 motuque
2592 3813 2824 3867 dillicilis
2884 3811 3103 3865 habitus
3164 3819 3217 3863 et
3279 3807 3591 3861 assuetudo.

2031 3908 2493 3975 Quemadmodum
2545 3906 2689 3958 enim
2762 3903 2924 3973 ignis,
2988 3902 3080 3970 qui
3132 3909 3322 3954 natura
3378 3913 3594 3951 sursum

2031 4013 2221 4051 versus
2252 4012 2464 4065 semper
2513 4003 2779 4057 movetur,
2818 3992 3113 4046 immobilis
3169 3991 3222 4043 in
3260 3988 3593 4042 contrarium

2031 4106 2253 4144 cursum
2283 4095 2404 4144 est:
2453 4090 2641 4143 eodem
2692 4086 2851 4138 modo
2884 4086 3060 4137 virtus
3109 4097 3327 4152 quoque
3358 4096 3479 4133 cum
3532 4080 3593 4131 ad

2032 4181 2352 4251 superiora,
2415 4192 2743 4246 sursumque
2792 4190 2985 4229 versus
3034 4188 3198 4234 acer,
3251 4174 3513 4240 veloxque
3546 4182 3597 4223 et

358 4276 424 4339 ἓν
451 4285 678 4349 τούτοις.
713 4261 974 4357 τῆς-πρὸς
1003 4261 1072 4338 τά
1106 4261 1226 4340 ἄνω.
1248 4285 1513 4356 κινήσεως
1551 4261 1827 4356 μαρτυρία
1849 4284 1929 4353 γί-

2034 4277 2281 4341 prompta
2317 4269 2406 4329 sit,
2436 4268 2680 4336 nihilque
2711 4280 2949 4334 unquam
2991 4263 3057 4315 de
3107 4261 3386 4314 celeritate
3416 4261 3598 4312 remit-

364 4395 531 4432 νεται.
566 4379 825 4448 Κρεῖττον
854 4378 897 4429 δ’
925 4378 989 4429 ἂν
1017 4377 1101 4446 εἴη
1125 4377 1190 4428 δι’
1217 4376 1391 4430 αὑτῶν
1416 4376 1520 4428 τῶν
1544 4376 1681 4429 κατὰ
1707 4376 1794 4427 τὸν
1822 4374 1932 4444 βίον

366 4470 774 4539 ὑποδειγμάτων
797 4469 1086 4539 σαφηνίσαι
1115 4468 1202 4521 τὸν
1233 4467 1385 4535 λόγον
1412 4484 1424 4497 ·
1466 4467 1633 4536 Διπλῆ
1665 4468 1762 4536 τῆς
1804 4468 1931 4521 ἑκά-

367 4577 492 4612 στου
546 4557 914 4630 προαιρέσεώς
958 4560 1104 4612 ἐστιν
1155 4560 1188 4627 ἡ
1232 4557 1478 4628 κίνησις,
1527 4559 1642 4611 κατ’
1688 4557 1932 4623 ἐξουσίαν

368 4650 504 4720 πρὸς
551 4651 612 4703 τὸ
657 4649 844 4703 δοκοῦν
886 4648 1166 4719 προϊοῦσα,
1193 4648 1342 4701 ἔνθεν
1377 4649 1512 4720 πρὸς
1558 4649 1927 4721 σωφροσύνην,

371 4739 577 4793 ἐκεῖθεν
612 4738 748 4809 πρὸς
774 4738 835 4792 τὸ
860 4739 1172 4792 ἀκόλαστον.
1206 4737 1273 4791 Ὀ
1302 4737 1345 4791 δ’
1375 4738 1467 4791 ἐπὶ
1499 4740 1693 4811 μέρους
1720 4740 1930 4810 εἴρηται

368 4829 461 4883 τοῦ
506 4829 644 4883 κατὰ
686 4829 782 4900 τὴν
821 4827 1018 4899 ἀρετὴν
1050 4829 1144 4882 καὶ
1178 4830 1375 4883 κακίαν
1405 4830 1597 4893 εἴδους,
1642 4828 1797 4883 τοῦτο
1842 4830 1935 4884 καὶ

369 4922 460 4974 ἐπὶ
490 4920 690 4983 παντὸς
718 4921 960 4974 νοείσθω.
1000 4919 1247 4990 Σχίζεται
1285 4919 1392 4991 γὰρ
1423 4922 1637 4985 πάντως
1676 4922 1808 4991 πρὸς
1838 4921 1936 4985 τὰς

367 5011 613 5074 ἐναντίας
640 5010 814 5081 ὁρμὰς
843 5010 904 5063 τὸ
936 5008 1274 5080 ἀνθρώπινον
1314 5006 1443 5082 ἦθος
1464 5051 1479 5073 ,
1518 5011 1551 5081 ἢ
1598 5011 1769 5082 θυμοῦ
1800 5011 1934 5083 πρὸς

369 5102 667 5156 ἐπιείκειαν
707 5099 1221 5171 ἁντιδιαιρουμένου,
1265 5099 1497 5171 ἢτύφου
1546 5102 1681 5171 πρὸς
1720 5103 1934 5172 μετριό-

369 5209 543 5263 τητα,
576 5191 611 5263 ἢ
655 5190 848 5259 φθόνου
896 5192 1031 5260 πρὸς
1073 5190 1281 5244 εὔνοιαν
1312 5232 1328 5257 ,
1442 5192 1759 5262 δυσμενείας
1798 5195 1934 5265 πρὸς

372 5279 719 5353 άγαπητικὴν
752 5280 845 5333 καὶ
878 5280 1156 5353 εἰρηνικὴν
1189 5281 1540 5337 συνδιάθεσιν.
1583 5284 1797 5354 Ἐπειδὴ
1826 5285 1934 5338 τοί-

374 5389 465 5426 νυν
490 5372 696 5443 ὑλώδης
731 5371 829 5443 μὲν
852 5373 882 5425 6
906 5371 1240 5442 ἀνθρώπινος
1279 5372 1390 5444 βίος
1411 5414 1425 5438 ,
1454 5378 1579 5447 περὶ
1603 5376 1658 5430 δὲ
1682 5378 1780 5441 τὰς
1807 5378 1935 5442 ὑλας

2036 4373 2131 4424 tat,
2165 4363 2231 4415 ad
2284 4360 2619 4414 contrarium
2674 4368 2877 4411 motum
2933 4356 3181 4408 tardatur
3231 4361 3285 4407 et
3341 4352 3595 4420 impedita

2033 4466 2135 4509 cst.
2191 4451 2332 4520 Ergo
2377 4452 2503 4520 quia
2550 4451 2716 4504 nimia
2771 4449 2825 4501 in
2884 4456 3077 4500 natura
3136 4452 3323 4498 nostra
3357 4445 3420 4495 ad
3458 4445 3595 4495 mala

2035 4544 2295 4598 velocitas
2324 4550 2428 4604 est,
2458 4550 2603 4595 recte
2626 4542 2678 4594 in
2705 4540 2905 4592 talibus
2945 4538 3101 4607 quies
3130 4546 3184 4589 et
3215 4537 3408 4590 lenitas
3442 4535 3596 4588 beata

2030 4635 2327 4706 judicatur.
2377 4630 2509 4685 Nam
2555 4634 2724 4685 otium
2760 4640 2813 4685 et
2856 4630 3014 4699 quies
3062 4637 3225 4697 atque
3280 4628 3514 4681 cessatio
3567 4640 3597 4678 a

2039 4728 2234 4805 malis,
2291 4732 2471 4779 motus
2529 4723 2593 4777 ad
2658 4735 2892 4791 superna
2933 4719 3301 4774 testimonium
3358 4719 3596 4771 exsistit.

2037 4818 2389 4875 Commodius
2423 4824 2599 4870 autem
2635 4814 2793 4868 fuerit
2830 4828 2925 4882 per
2953 4812 3068 4881 ipsa
3098 4812 3364 4876 exempla,
3396 4827 3515 4879 qum
3549 4810 3598 4861 in

2038 4911 2146 4965 vita
2212 4908 2487 4964 communi
2554 4906 2852 4971 accidunt,
2925 4905 3228 4957 orationem
3298 4904 3598 4956 declarare.

2041 5004 2243 5074 Duplex
2299 5001 2733 5069 uniuscujusque
2786 4998 3085 5051 voluntatis
3140 5003 3319 5049 motus
3369 5005 3493 5053 est,
3536 4992 3598 5043 ad

2040 5098 2324 5152 arbitrium
2355 5109 2463 5165 quo
2514 5094 2689 5147 visum
2720 5090 2884 5145 fuerit
2932 5089 3310 5160 progrediens,
3362 5087 3485 5139 hinc
3534 5083 3600 5135 ad

2042 5189 2496 5260 temperantiam,
2559 5186 2708 5239 illinc
2772 5183 2837 5237 ad
2911 5181 3381 5235 incontinentiam.
3447 5174 3599 5240 Quod

2043 5291 2222 5339 autem
2254 5283 2309 5335 in
2336 5286 2488 5349 parte
2511 5276 2734 5330 virtutis
2768 5274 2992 5341 vitiique
3046 5271 3234 5323 formae
3262 5270 3463 5321 dictum
3494 5274 3599 5324 est,

2043 5379 2145 5431 hoc
2166 5375 2220 5428 in
2250 5372 2505 5426 universo
2529 5367 2881 5434 intelligatur.
2909 5362 3189 5415 Scinditur
3210 5360 3351 5413 enim
3377 5369 3603 5424 prorsus

375 5463 441 5519 τὰ
474 5463 622 5533 πάθη
640 5504 657 5529 ,
686 5465 794 5518 πᾶν
824 5462 879 5517 δὲ
912 5463 1079 5528 πάθος
1106 5443 1285 5531 ὀξεῖαν
1316 5465 1426 5538 ἔχει
1455 5443 1546 5523 καί.
1576 5470 1932 5542 ἀκατάσχετον

2051 5471 2106 5524 in
2162 5462 2469 5522 contrarios
2526 5456 2799 5527 appetitus
2849 5460 3042 5507 natura
3107 5462 3269 5519 atque
3328 5443 3598 5515 ingenium

450 5644 469 5672 ⁵
501 5644 545 5702 ﬂ
576 5646 701 5703 Cor.
733 5664 786 5703 xi
811 5688 825 5716 ,
860 5648 888 5707 ι
926 5663 1046 5718 sqq.
1124 5646 1142 5676 ⁸
1184 5645 1325 5701 Psal.
1352 5660 1492 5710 xvn,
1528 5645 1591 5699 l7
1626 5661 1743 5716 sqq.

1821 5648 1841 5675 "
1878 5645 2089 5702 Cantic.
2125 5661 2197 5712 tt,
2229 5644 2281 5699 9.

2359 5644 2377 5674 ⁷
2422 5638 2609 5695 Matth.
2644 5656 2698 5703 ν,
2730 5639 2781 5692 ι.
2859 5641 2878 5671 ⁸
2916 5635 3070 5691 Joan.
3102 5652 3191 5703 xv,
3230 5636 3279 5689 ί.
