  <div class='ocr_page' id='page_1' title='image "/cluster/home/n/w/nwhite01/storage/ocr_20150623/44/hvd.32044052767431/626.png"; bbox 0 0 3996 6196; ppageno 0'>
   <div class='ocr_carea' id='block_1_1' title="bbox 253 281 3494 342">
    <p class='ocr_par' dir='ltr' id='par_1_1' title="bbox 253 281 3494 342">
     <span class='ocr_line' id='line_1_1' title="bbox 253 281 3494 342; baseline -0 -5"><span class='ocrx_word' id='word_1_1' title='bbox 253 284 383 342; x_wconf 68' lang='lat' dir='ltr'><strong>liti?</strong></span> <span class='ocrx_word' id='word_1_2' title='bbox 1306 284 1393 338; x_wconf 83' lang='lat' dir='ltr'><strong>DE</strong></span> <span class='ocrx_word' id='word_1_3' title='bbox 1426 283 2024 341; x_wconf 59' lang='lat' dir='ltr'><strong>BEATITUDINIBL’S.</strong></span> <span class='ocrx_word' id='word_1_4' title='bbox 2060 283 2316 339; x_wconf 69' lang='lat' dir='ltr'><strong>ORATIO</strong></span> <span class='ocrx_word' id='word_1_5' title='bbox 2365 284 2431 339; x_wconf 88' lang='lat' dir='ltr'><strong>ll.</strong></span> <span class='ocrx_word' id='word_1_6' title='bbox 3357 281 3494 337; x_wconf 66' lang='lat' dir='ltr'><strong>lil8</strong></span> 
     </span>
    </p>
   </div>
   <div class='ocr_carea' id='block_1_2' title="bbox 242 401 1820 477">
    <p class='ocr_par' dir='ltr' id='par_1_2' title="bbox 242 401 1820 477">
     <span class='ocr_line' id='line_1_2' title="bbox 242 401 1820 477; baseline -0.002 -15"><span class='ocrx_word' id='word_1_7' title='bbox 242 406 529 476; x_wconf 76' lang='grc' dir='ltr'>τιθεμένου</span> <span class='ocrx_word' id='word_1_8' title='bbox 566 405 852 474; x_wconf 44' lang='grc' dir='ltr'>τῷνπάθει.</span> <span class='ocrx_word' id='word_1_9' title='bbox 892 406 952 457; x_wconf 77' lang='lat' dir='ltr'><strong>Et</strong></span> <span class='ocrx_word' id='word_1_10' title='bbox 990 401 1081 458; x_wconf 85' lang='grc' dir='ltr'><strong>οὖν</strong></span> <span class='ocrx_word' id='word_1_11' title='bbox 1114 407 1142 458; x_wconf 99' lang='lat'><strong>6</strong></span> <span class='ocrx_word' id='word_1_12' title='bbox 1173 408 1269 476; x_wconf 84' lang='grc' dir='ltr'><strong>μὲν</strong></span> <span class='ocrx_word' id='word_1_13' title='bbox 1302 406 1538 470; x_wconf 81' lang='grc' dir='ltr'>τοιοῦτος</span> <span class='ocrx_word' id='word_1_14' title='bbox 1565 408 1676 477; x_wconf 78' lang='grc' dir='ltr'>εἴη·</span> <span class='ocrx_word' id='word_1_15' title='bbox 1711 409 1738 459; x_wconf 90' lang='lat'><strong>6</strong></span> <span class='ocrx_word' id='word_1_16' title='bbox 1766 407 1820 459; x_wconf 81' lang='grc' dir='ltr'>δὲ</span> 
     </span>
    </p>
   </div>
   <div class='ocr_carea' id='block_1_3' title="bbox 1915 401 3493 477">
    <p class='ocr_par' dir='ltr' id='par_1_3' title="bbox 1925 401 3493 475">
     <span class='ocr_line' id='line_1_3' title="bbox 1925 401 3493 475; baseline -0.002 -18"><span class='ocrx_word' id='word_1_17' title='bbox 1925 421 2033 475; x_wconf 77' lang='lat' dir='ltr'><strong>pra:</strong></span> <span class='ocrx_word' id='word_1_18' title='bbox 2062 404 2469 475; x_wconf 73' lang='lat' dir='ltr'><strong>perturbatione</strong></span> <span class='ocrx_word' id='word_1_19' title='bbox 2499 403 2743 456; x_wconf 89' lang='lat' dir='ltr'><strong>innatum</strong></span> <span class='ocrx_word' id='word_1_20' title='bbox 2773 403 3052 457; x_wconf 87' lang='lat' dir='ltr'><strong>humorem</strong></span> <span class='ocrx_word' id='word_1_21' title='bbox 3075 442 3090 469; x_wconf 92' lang='lat'><strong>,</strong></span> <span class='ocrx_word' id='word_1_22' title='bbox 3114 401 3208 456; x_wconf 86' lang='lat' dir='ltr'><strong>scd</strong></span> <span class='ocrx_word' id='word_1_23' title='bbox 3239 401 3493 456; x_wconf 81' lang='lat' dir='ltr'><strong>indecore</strong></span> 
     </span>
    </p>
   </div>
   <div class='ocr_carea' id='block_1_4' title="bbox 246 494 1824 568">
    <p class='ocr_par' dir='ltr' id='par_1_4' title="bbox 246 494 1824 568">
     <span class='ocr_line' id='line_1_4' title="bbox 246 494 1824 568; baseline -0.001 -19"><span class='ocrx_word' id='word_1_24' title='bbox 246 496 383 568; x_wconf 80' lang='grc' dir='ltr'>πρὸς</span> <span class='ocrx_word' id='word_1_25' title='bbox 426 496 520 549; x_wconf 70' lang='grc' dir='ltr'><strong>τὸν</strong></span> <span class='ocrx_word' id='word_1_26' title='bbox 573 494 922 566; x_wconf 81' lang='grc' dir='ltr'><strong>μακαρισμὸν</strong></span> <span class='ocrx_word' id='word_1_27' title='bbox 977 495 1226 565; x_wconf 81' lang='grc' dir='ltr'><strong>βλέπων,</strong></span> <span class='ocrx_word' id='word_1_28' title='bbox 1268 494 1356 548; x_wconf 82' lang='grc' dir='ltr'>διὰ</span> <span class='ocrx_word' id='word_1_29' title='bbox 1401 495 1508 547; x_wconf 84' lang='grc' dir='ltr'><strong>τῶν</strong></span> <span class='ocrx_word' id='word_1_30' title='bbox 1553 494 1824 564; x_wconf 76' lang='grc' dir='ltr'><strong>λογισμῶν</strong></span> 
     </span>
    </p>
   </div>
   <div class='ocr_carea' id='block_1_5' title="bbox 1914 494 3492 568">
    <p class='ocr_par' dir='ltr' id='par_1_5' title="bbox 1930 494 3492 566">
     <span class='ocr_line' id='line_1_5' title="bbox 1930 494 3492 566; baseline -0.003 -15"><span class='ocrx_word' id='word_1_31' title='bbox 1930 511 2178 566; x_wconf 81' lang='lat' dir='ltr'><strong>spumam</strong></span> <span class='ocrx_word' id='word_1_32' title='bbox 2222 495 2384 549; x_wconf 88' lang='lat' dir='ltr'><strong>simul</strong></span> <span class='ocrx_word' id='word_1_33' title='bbox 2415 510 2537 548; x_wconf 83' lang='lat' dir='ltr'><strong>cum</strong></span> <span class='ocrx_word' id='word_1_34' title='bbox 2567 509 2697 548; x_wconf 87' lang='lat' dir='ltr'><strong>voce</strong></span> <span class='ocrx_word' id='word_1_35' title='bbox 2725 494 3015 563; x_wconf 78' lang='lat' dir='ltr'><strong>expuentia</strong></span> <span class='ocrx_word' id='word_1_36' title='bbox 3040 507 3056 559; x_wconf 90' lang='lat'><strong>;</strong></span> <span class='ocrx_word' id='word_1_37' title='bbox 3094 495 3231 548; x_wconf 89' lang='lat' dir='ltr'><strong>tales</strong></span> <span class='ocrx_word' id='word_1_38' title='bbox 3257 506 3453 546; x_wconf 84' lang='lat' dir='ltr'><strong>manus</strong></span> <span class='ocrx_word' id='word_1_39' title='bbox 3475 533 3492 558; x_wconf 89' lang='lat'><strong>,</strong></span> 
     </span>
    </p>
   </div>
   <div class='ocr_carea' id='block_1_6' title="bbox 246 586 1824 659">
    <p class='ocr_par' dir='ltr' id='par_1_6' title="bbox 246 587 1823 659">
     <span class='ocr_line' id='line_1_6' title="bbox 246 587 1823 659; baseline -0.001 -19"><span class='ocrx_word' id='word_1_40' title='bbox 246 589 620 659; x_wconf 77' lang='grc' dir='ltr'>καταπραΰνοι</span> <span class='ocrx_word' id='word_1_41' title='bbox 650 587 747 656; x_wconf 83' lang='grc' dir='ltr'><strong>τὴν</strong></span> <span class='ocrx_word' id='word_1_42' title='bbox 791 588 944 640; x_wconf 80' lang='grc' dir='ltr'>νόσον</span> <span class='ocrx_word' id='word_1_43' title='bbox 989 590 1047 639; x_wconf 85' lang='grc' dir='ltr'>ὲν</span> <span class='ocrx_word' id='word_1_44' title='bbox 1074 587 1375 640; x_wconf 77' lang='grc' dir='ltr'><strong>καθεστῶτι</strong></span> <span class='ocrx_word' id='word_1_45' title='bbox 1413 587 1488 657; x_wconf 79' lang='grc' dir='ltr'>τῷ</span> <span class='ocrx_word' id='word_1_46' title='bbox 1530 587 1823 657; x_wconf 80' lang='grc' dir='ltr'><strong>βλέμματι,</strong></span> 
     </span>
    </p>
   </div>
   <div class='ocr_carea' id='block_1_7' title="bbox 1916 586 3494 659">
    <p class='ocr_par' dir='ltr' id='par_1_7' title="bbox 1930 586 3494 657">
     <span class='ocr_line' id='line_1_7' title="bbox 1930 586 3494 657; baseline -0.003 -15"><span class='ocrx_word' id='word_1_47' title='bbox 1930 591 2067 643; x_wconf 85' lang='lat' dir='ltr'><strong>tales</strong></span> <span class='ocrx_word' id='word_1_48' title='bbox 2096 589 2260 657; x_wconf 90' lang='lat' dir='ltr'><strong>pedes</strong></span> <span class='ocrx_word' id='word_1_49' title='bbox 2283 606 2297 654; x_wconf 88' lang='lat'><strong>;</strong></span> <span class='ocrx_word' id='word_1_50' title='bbox 2331 588 2457 641; x_wconf 87' lang='lat' dir='ltr'><strong>talis</strong></span> <span class='ocrx_word' id='word_1_51' title='bbox 2484 587 2732 656; x_wconf 88' lang='lat' dir='ltr'><strong>corporis</strong></span> <span class='ocrx_word' id='word_1_52' title='bbox 2759 586 3047 656; x_wconf 85' lang='lat' dir='ltr'><strong>dispositio</strong></span> <span class='ocrx_word' id='word_1_53' title='bbox 3074 592 3222 651; x_wconf 86' lang='lat' dir='ltr'><strong>tota;</strong></span> <span class='ocrx_word' id='word_1_54' title='bbox 3254 599 3494 654; x_wconf 71' lang='lat' dir='ltr'><strong>unoquo-</strong></span> 
     </span>
    </p>
   </div>
   <div class='ocr_carea' id='block_1_8' title="bbox 245 675 1823 749">
    <p class='ocr_par' dir='ltr' id='par_1_8' title="bbox 245 677 1823 749">
     <span class='ocr_line' id='line_1_8' title="bbox 245 677 1823 749; baseline -0.001 -20"><span class='ocrx_word' id='word_1_55' title='bbox 245 679 337 729; x_wconf 67' lang='grc' dir='ltr'><strong>καὶ</strong></span> <span class='ocrx_word' id='word_1_56' title='bbox 360 678 603 749; x_wconf 65' lang='grc' dir='ltr'>ἠρεμαίᾳ</span> <span class='ocrx_word' id='word_1_57' title='bbox 629 681 693 748; x_wconf 82' lang='grc' dir='ltr'>τῇ</span> <span class='ocrx_word' id='word_1_58' title='bbox 713 681 887 748; x_wconf 74' lang='grc' dir='ltr'>φωνῇ,</span> <span class='ocrx_word' id='word_1_59' title='bbox 909 678 1158 747; x_wconf 84' lang='grc' dir='ltr'>καθάπερ</span> <span class='ocrx_word' id='word_1_60' title='bbox 1176 696 1259 742; x_wconf 88' lang='grc' dir='ltr'><strong>τις</strong></span> <span class='ocrx_word' id='word_1_61' title='bbox 1291 680 1471 749; x_wconf 73' lang='grc' dir='ltr'>ίατρὺς</span> <span class='ocrx_word' id='word_1_62' title='bbox 1495 681 1558 730; x_wconf 79' lang='grc' dir='ltr'>ἐκ</span> <span class='ocrx_word' id='word_1_63' title='bbox 1586 677 1823 748; x_wconf 84' lang='grc' dir='ltr'>φρενίτι-</span> 
     </span>
    </p>
   </div>
   <div class='ocr_carea' id='block_1_9' title="bbox 1915 675 3493 749">
    <p class='ocr_par' dir='ltr' id='par_1_9' title="bbox 1929 675 3493 749">
     <span class='ocr_line' id='line_1_9' title="bbox 1929 675 3493 749; baseline -0.001 -18"><span class='ocrx_word' id='word_1_64' title='bbox 1929 694 2035 749; x_wconf 88' lang='lat' dir='ltr'><strong>que</strong></span> <span class='ocrx_word' id='word_1_65' title='bbox 2064 679 2343 741; x_wconf 86' lang='lat' dir='ltr'><strong>membro,</strong></span> <span class='ocrx_word' id='word_1_66' title='bbox 2375 686 2534 748; x_wconf 87' lang='lat' dir='ltr'><strong>prout</strong></span> <span class='ocrx_word' id='word_1_67' title='bbox 2565 677 2732 731; x_wconf 85' lang='lat' dir='ltr'><strong>animi</strong></span> <span class='ocrx_word' id='word_1_68' title='bbox 2767 685 2949 730; x_wconf 90' lang='lat' dir='ltr'><strong>motus</strong></span> <span class='ocrx_word' id='word_1_69' title='bbox 2977 675 3173 740; x_wconf 83' lang='lat' dir='ltr'><strong>fuerit,</strong></span> <span class='ocrx_word' id='word_1_70' title='bbox 3208 677 3281 730; x_wconf 86' lang='lat' dir='ltr'><strong>ita</strong></span> <span class='ocrx_word' id='word_1_71' title='bbox 3312 676 3493 745; x_wconf 44' lang='lat' dir='ltr'><strong>dispo‘</strong></span> 
     </span>
    </p>
   </div>
   <div class='ocr_carea' id='block_1_10' title="bbox 244 762 1822 839">
    <p class='ocr_par' dir='ltr' id='par_1_10' title="bbox 244 762 1822 837">
     <span class='ocr_line' id='line_1_10' title="bbox 244 762 1822 837; baseline -0.001 -20"><span class='ocrx_word' id='word_1_72' title='bbox 244 765 333 827; x_wconf 83' lang='grc' dir='ltr'><strong>δος</strong></span> <span class='ocrx_word' id='word_1_73' title='bbox 365 766 780 835; x_wconf 79' lang='grc' dir='ltr'>ἀσχημονοῦντα</span> <span class='ocrx_word' id='word_1_74' title='bbox 805 765 1120 835; x_wconf 74' lang='grc' dir='ltr'>θεραπεύων</span> <span class='ocrx_word' id='word_1_75' title='bbox 1149 769 1212 837; x_wconf 84' lang='grc' dir='ltr'>τῇ</span> <span class='ocrx_word' id='word_1_76' title='bbox 1244 767 1440 837; x_wconf 80' lang='grc' dir='ltr'>τέχνῃ’</span> <span class='ocrx_word' id='word_1_77' title='bbox 1474 762 1561 835; x_wconf 84' lang='grc' dir='ltr'><strong>ἆρ’</strong></span> <span class='ocrx_word' id='word_1_78' title='bbox 1597 767 1714 834; x_wconf 79' lang='grc' dir='ltr'>οὐχὶ</span> <span class='ocrx_word' id='word_1_79' title='bbox 1736 766 1822 817; x_wconf 68' lang='grc' dir='ltr'>καὶ</span> 
     </span>
    </p>
   </div>
   <div class='ocr_carea' id='block_1_11' title="bbox 1918 762 3496 839">
    <p class='ocr_par' dir='ltr' id='par_1_11' title="bbox 1937 767 3496 839">
     <span class='ocr_line' id='line_1_11' title="bbox 1937 767 3496 839; baseline -0.003 -15"><span class='ocrx_word' id='word_1_80' title='bbox 1937 771 2044 824; x_wconf 90' lang='lat' dir='ltr'><strong>sito</strong></span> <span class='ocrx_word' id='word_1_81' title='bbox 2083 770 2395 839; x_wconf 83' lang='lat' dir='ltr'><strong>pariterque</strong></span> <span class='ocrx_word' id='word_1_82' title='bbox 2421 768 2634 824; x_wconf 75' lang='lat' dir='ltr'><strong>aﬂ‘ecto.</strong></span> <span class='ocrx_word' id='word_1_83' title='bbox 2682 767 2737 822; x_wconf 93' lang='lat' dir='ltr'><strong>Si</strong></span> <span class='ocrx_word' id='word_1_84' title='bbox 2783 768 2949 837; x_wconf 80' lang='lat' dir='ltr'><strong>igitur</strong></span> <span class='ocrx_word' id='word_1_85' title='bbox 2992 768 3083 821; x_wconf 91' lang='lat' dir='ltr'><strong>hic</strong></span> <span class='ocrx_word' id='word_1_86' title='bbox 3120 767 3339 837; x_wconf 85' lang='lat' dir='ltr'><strong>quidem</strong></span> <span class='ocrx_word' id='word_1_87' title='bbox 3369 767 3496 820; x_wconf 91' lang='lat' dir='ltr'><strong>talis</strong></span> 
     </span>
    </p>
   </div>
   <div class='ocr_carea' id='block_1_12' title="bbox 216 854 1794 929">
    <p class='ocr_par' dir='ltr' id='par_1_12' title="bbox 216 857 1794 929">
     <span class='ocr_line' id='line_1_12' title="bbox 216 857 1794 929; baseline 0.001 -20"><span class='ocrx_word' id='word_1_88' title='bbox 216 887 227 896; x_wconf 85' lang='lat'><strong>-</strong></span> <span class='ocrx_word' id='word_1_89' title='bbox 245 857 407 919; x_wconf 72' lang='grc' dir='ltr'>αὐτὸς</span> <span class='ocrx_word' id='word_1_90' title='bbox 434 858 576 927; x_wconf 79' lang='grc' dir='ltr'>ἐρεῖς</span> <span class='ocrx_word' id='word_1_91' title='bbox 612 858 1001 927; x_wconf 78' lang='grc' dir='ltr'>ἀντιπαραθεϊς</span> <span class='ocrx_word' id='word_1_92' title='bbox 1032 859 1189 911; x_wconf 77' lang='grc' dir='ltr'>τοῦτο</span> <span class='ocrx_word' id='word_1_93' title='bbox 1217 859 1407 929; x_wconf 77' lang='grc' dir='ltr'>ἐκείνῳ</span> <span class='ocrx_word' id='word_1_94' title='bbox 1427 900 1441 923; x_wconf 90' lang='grc'><strong>,</strong></span> <span class='ocrx_word' id='word_1_95' title='bbox 1483 859 1563 912; x_wconf 86' lang='grc' dir='ltr'>ὃτι</span> <span class='ocrx_word' id='word_1_96' title='bbox 1598 858 1794 911; x_wconf 78' lang='grc' dir='ltr'>ὲλεεινὸ</span> 
     </span>
    </p>
   </div>
   <div class='ocr_carea' id='block_1_13' title="bbox 1919 854 3497 929">
    <p class='ocr_par' dir='ltr' id='par_1_13' title="bbox 1933 854 3497 927">
     <span class='ocr_line' id='line_1_13' title="bbox 1933 854 3497 927; baseline -0.005 -14"><span class='ocrx_word' id='word_1_97' title='bbox 1933 859 2095 916; x_wconf 80' lang='lat' dir='ltr'><strong>fuerit</strong></span> <span class='ocrx_word' id='word_1_98' title='bbox 2116 900 2131 923; x_wconf 85' lang='lat'><strong>,</strong></span> <span class='ocrx_word' id='word_1_99' title='bbox 2163 861 2210 914; x_wconf 91' lang='lat' dir='ltr'><strong>is</strong></span> <span class='ocrx_word' id='word_1_100' title='bbox 2236 869 2415 913; x_wconf 89' lang='lat' dir='ltr'><strong>autem</strong></span> <span class='ocrx_word' id='word_1_101' title='bbox 2440 901 2454 924; x_wconf 92' lang='lat'><strong>,</strong></span> <span class='ocrx_word' id='word_1_102' title='bbox 2484 858 2576 927; x_wconf 86' lang='lat' dir='ltr'><strong>qui</strong></span> <span class='ocrx_word' id='word_1_103' title='bbox 2606 856 3000 912; x_wconf 81' lang='lat' dir='ltr'><strong>beatitudinem</strong></span> <span class='ocrx_word' id='word_1_104' title='bbox 3028 864 3154 909; x_wconf 87' lang='lat' dir='ltr'><strong>ante</strong></span> <span class='ocrx_word' id='word_1_105' title='bbox 3186 855 3372 909; x_wconf 87' lang='lat' dir='ltr'><strong>oculos</strong></span> <span class='ocrx_word' id='word_1_106' title='bbox 3407 854 3497 907; x_wconf 84' lang='lat' dir='ltr'><strong>ha-</strong></span> 
     </span>
    </p>
   </div>
   <div class='ocr_carea' id='block_1_14' title="bbox 247 945 1825 1019">
    <p class='ocr_par' dir='ltr' id='par_1_14' title="bbox 247 947 1825 1019">
     <span class='ocr_line' id='line_1_14' title="bbox 247 947 1825 1019; baseline 0 -18"><span class='ocrx_word' id='word_1_107' title='bbox 247 948 349 1018; x_wconf 80' lang='grc' dir='ltr'>μὲν</span> <span class='ocrx_word' id='word_1_108' title='bbox 376 949 470 1001; x_wconf 74' lang='grc' dir='ltr'><strong>καὶ</strong></span> <span class='ocrx_word' id='word_1_109' title='bbox 499 947 780 1017; x_wconf 83' lang='grc' dir='ltr'>βδελυκτδς</span> <span class='ocrx_word' id='word_1_110' title='bbox 808 950 836 1001; x_wconf 91' lang='lat'><strong>6</strong></span> <span class='ocrx_word' id='word_1_111' title='bbox 863 948 1130 1019; x_wconf 76' lang='grc' dir='ltr'><strong>θηριώδης</strong></span> <span class='ocrx_word' id='word_1_112' title='bbox 1151 952 1353 1010; x_wconf 82' lang='grc' dir='ltr'>ἐκεῖνος</span> <span class='ocrx_word' id='word_1_113' title='bbox 1374 990 1388 1013; x_wconf 91' lang='grc'><strong>,</strong></span> <span class='ocrx_word' id='word_1_114' title='bbox 1416 949 1750 1019; x_wconf 75' lang='grc' dir='ltr'>μακαριστὸς</span> <span class='ocrx_word' id='word_1_115' title='bbox 1771 949 1825 1001; x_wconf 82' lang='grc' dir='ltr'>δὲ</span> 
     </span>
    </p>
   </div>
   <div class='ocr_carea' id='block_1_15' title="bbox 1919 945 3497 1019">
    <p class='ocr_par' dir='ltr' id='par_1_15' title="bbox 1935 945 3497 1016">
     <span class='ocr_line' id='line_1_15' title="bbox 1935 945 3497 1016; baseline -0.006 -10"><span class='ocrx_word' id='word_1_116' title='bbox 1935 952 2088 1015; x_wconf 88' lang='lat' dir='ltr'><strong>beat,</strong></span> <span class='ocrx_word' id='word_1_117' title='bbox 2135 949 2442 1004; x_wconf 75' lang='lat' dir='ltr'><strong>rationibus</strong></span> <span class='ocrx_word' id='word_1_118' title='bbox 2482 950 2731 1002; x_wconf 86' lang='lat' dir='ltr'><strong>morbum</strong></span> <span class='ocrx_word' id='word_1_119' title='bbox 2778 948 2985 1016; x_wconf 83' lang='lat' dir='ltr'><strong>mitiget</strong></span> <span class='ocrx_word' id='word_1_120' title='bbox 3028 961 3091 999; x_wconf 91' lang='lat' dir='ltr'><strong>ac</strong></span> <span class='ocrx_word' id='word_1_121' title='bbox 3133 945 3331 1008; x_wconf 84' lang='lat' dir='ltr'><strong>leniat,</strong></span> <span class='ocrx_word' id='word_1_122' title='bbox 3365 959 3497 998; x_wconf 88' lang='lat' dir='ltr'><strong>con-</strong></span> 
     </span>
    </p>
   </div>
   <div class='ocr_carea' id='block_1_16' title="bbox 244 1034 1822 1110">
    <p class='ocr_par' dir='ltr' id='par_1_16' title="bbox 244 1036 1822 1110">
     <span class='ocr_line' id='line_1_16' title="bbox 244 1036 1822 1110; baseline -0.001 -18"><span class='ocrx_word' id='word_1_123' title='bbox 244 1044 273 1093; x_wconf 86' lang='lat'><strong>6</strong></span> <span class='ocrx_word' id='word_1_124' title='bbox 301 1040 478 1109; x_wconf 80' lang='grc' dir='ltr'>πραῢς</span> <span class='ocrx_word' id='word_1_125' title='bbox 518 1042 547 1092; x_wconf 88' lang='lat'><strong>6</strong></span> <span class='ocrx_word' id='word_1_126' title='bbox 572 1041 637 1110; x_wconf 79' lang='grc' dir='ltr'>τῇ</span> <span class='ocrx_word' id='word_1_127' title='bbox 671 1039 765 1093; x_wconf 80' lang='grc' dir='ltr'>τοῦ</span> <span class='ocrx_word' id='word_1_128' title='bbox 806 1040 972 1102; x_wconf 83' lang='grc' dir='ltr'>πέλας</span> <span class='ocrx_word' id='word_1_129' title='bbox 1005 1041 1171 1105; x_wconf 81' lang='grc' dir='ltr'>κακίᾳ</span> <span class='ocrx_word' id='word_1_130' title='bbox 1200 1036 1273 1110; x_wconf 80' lang='grc' dir='ltr'>μὴ</span> <span class='ocrx_word' id='word_1_131' title='bbox 1309 1038 1731 1109; x_wconf 75' lang='grc' dir='ltr'>συνδιαστρέψας</span> <span class='ocrx_word' id='word_1_132' title='bbox 1770 1038 1822 1090; x_wconf 69' lang='grc' dir='ltr'>τὲ</span> 
     </span>
    </p>
   </div>
   <div class='ocr_carea' id='block_1_17' title="bbox 1920 1034 3498 1110">
    <p class='ocr_par' dir='ltr' id='par_1_17' title="bbox 1939 1034 3498 1108">
     <span class='ocr_line' id='line_1_17' title="bbox 1939 1034 3498 1108; baseline -0.003 -14"><span class='ocrx_word' id='word_1_133' title='bbox 1939 1040 2105 1094; x_wconf 85' lang='lat' dir='ltr'><strong>stanti</strong></span> <span class='ocrx_word' id='word_1_134' title='bbox 2156 1039 2455 1108; x_wconf 90' lang='lat' dir='ltr'><strong>sedatoque</strong></span> <span class='ocrx_word' id='word_1_135' title='bbox 2502 1038 2654 1092; x_wconf 90' lang='lat' dir='ltr'><strong>vultu</strong></span> <span class='ocrx_word' id='word_1_136' title='bbox 2684 1077 2699 1099; x_wconf 87' lang='lat'><strong>,</strong></span> <span class='ocrx_word' id='word_1_137' title='bbox 2734 1051 2798 1091; x_wconf 92' lang='lat' dir='ltr'><strong>ac</strong></span> <span class='ocrx_word' id='word_1_138' title='bbox 2845 1036 3118 1091; x_wconf 86' lang='lat' dir='ltr'><strong>submissa</strong></span> <span class='ocrx_word' id='word_1_139' title='bbox 3172 1034 3498 1104; x_wconf 89' lang='lat' dir='ltr'><strong>placidaque</strong></span> 
     </span>
    </p>
   </div>
   <div class='ocr_carea' id='block_1_18' title="bbox 246 1124 3500 1203">
    <p class='ocr_par' dir='ltr' id='par_1_18' title="bbox 246 1124 3500 1203">
     <span class='ocr_line' id='line_1_18' title="bbox 246 1124 3500 1203; baseline -0.003 -18"><span class='ocrx_word' id='word_1_140' title='bbox 246 1133 554 1203; x_wconf 75' lang='grc' dir='ltr'>εὔσχημον;</span> <span class='ocrx_word' id='word_1_141' title='bbox 1932 1142 2097 1192; x_wconf 90' lang='lat' dir='ltr'><strong>voce,</strong></span> <span class='ocrx_word' id='word_1_142' title='bbox 2130 1135 2388 1196; x_wconf 88' lang='lat' dir='ltr'><strong>tanquam</strong></span> <span class='ocrx_word' id='word_1_143' title='bbox 2420 1125 2665 1180; x_wconf 90' lang='lat' dir='ltr'><strong>medicus</strong></span> <span class='ocrx_word' id='word_1_144' title='bbox 2693 1125 2914 1195; x_wconf 90' lang='lat' dir='ltr'><strong>quidam</strong></span> <span class='ocrx_word' id='word_1_145' title='bbox 2944 1141 3009 1179; x_wconf 75' lang='lat' dir='ltr'><strong>ex</strong></span> <span class='ocrx_word' id='word_1_146' title='bbox 3041 1124 3350 1193; x_wconf 90' lang='lat' dir='ltr'><strong>phrenitide</strong></span> <span class='ocrx_word' id='word_1_147' title='bbox 3381 1131 3500 1176; x_wconf 87' lang='lat' dir='ltr'><strong>tur-</strong></span> 
     </span>
    </p>
   </div>
   <div class='ocr_carea' id='block_1_19' title="bbox 247 1208 3499 1296">
    <p class='ocr_par' dir='ltr' id='par_1_19' title="bbox 247 1208 3499 1296">
     <span class='ocr_line' id='line_1_19' title="bbox 247 1208 3499 1296; baseline -0.002 -18"><span class='ocrx_word' id='word_1_148' title='bbox 247 1228 387 1294; x_wconf 84' lang='lat' dir='ltr'><strong>piter</strong></span> <span class='ocrx_word' id='word_1_149' title='bbox 410 1242 471 1279; x_wconf 88' lang='lat' dir='ltr'><strong>se</strong></span> <span class='ocrx_word' id='word_1_150' title='bbox 497 1235 769 1296; x_wconf 78' lang='lat' dir='ltr'><strong>gerentem</strong></span> <span class='ocrx_word' id='word_1_151' title='bbox 802 1235 919 1281; x_wconf 90' lang='lat' dir='ltr'><strong>arte</strong></span> <span class='ocrx_word' id='word_1_152' title='bbox 944 1243 1144 1281; x_wconf 81' lang='lat' dir='ltr'><strong>curans</strong></span> <span class='ocrx_word' id='word_1_153' title='bbox 1178 1245 1192 1280; x_wconf 88' lang='lat'><strong>:</strong></span> <span class='ocrx_word' id='word_1_154' title='bbox 1228 1240 1407 1279; x_wconf 86' lang='lat' dir='ltr'><strong>annon</strong></span> <span class='ocrx_word' id='word_1_155' title='bbox 1435 1225 1598 1279; x_wconf 86' lang='lat' dir='ltr'><strong>etiam</strong></span> <span class='ocrx_word' id='word_1_156' title='bbox 1635 1225 1781 1293; x_wconf 89' lang='lat' dir='ltr'><strong>ipse,</strong></span> <span class='ocrx_word' id='word_1_157' title='bbox 1823 1208 2231 1291; x_wconf 81' lang='lat' dir='ltr'><strong>comparatione</strong></span> <span class='ocrx_word' id='word_1_158' title='bbox 2274 1222 2419 1275; x_wconf 88' lang='lat' dir='ltr'><strong>illius</strong></span> <span class='ocrx_word' id='word_1_159' title='bbox 2461 1226 2591 1276; x_wconf 67' lang='lat' dir='ltr'><strong>cunt</strong></span> <span class='ocrx_word' id='word_1_160' title='bbox 2634 1221 2737 1275; x_wconf 91' lang='lat' dir='ltr'><strong>hoc</strong></span> <span class='ocrx_word' id='word_1_161' title='bbox 2786 1220 2926 1274; x_wconf 83' lang='lat' dir='ltr'><strong>facta</strong></span> <span class='ocrx_word' id='word_1_162' title='bbox 2984 1220 3165 1281; x_wconf 82' lang='lat' dir='ltr'><strong>dices,</strong></span> <span class='ocrx_word' id='word_1_163' title='bbox 3208 1220 3352 1288; x_wconf 87' lang='lat' dir='ltr'><strong>quod</strong></span> <span class='ocrx_word' id='word_1_164' title='bbox 3394 1222 3499 1273; x_wconf 86' lang='lat' dir='ltr'><strong>mi-</strong></span> 
     </span>
    </p>
   </div>
   <div class='ocr_carea' id='block_1_20' title="bbox 249 1310 3499 1385">
    <p class='ocr_par' dir='ltr' id='par_1_20' title="bbox 249 1310 3499 1385">
     <span class='ocr_line' id='line_1_20' title="bbox 249 1310 3499 1385; baseline -0.001 -18"><span class='ocrx_word' id='word_1_165' title='bbox 249 1317 501 1370; x_wconf 56' lang='lat' dir='ltr'><strong>Serabilis</strong></span> <span class='ocrx_word' id='word_1_166' title='bbox 522 1317 738 1385; x_wconf 85' lang='lat' dir='ltr'><strong>quideni</strong></span> <span class='ocrx_word' id='word_1_167' title='bbox 761 1327 814 1372; x_wconf 89' lang='lat' dir='ltr'><strong>et</strong></span> <span class='ocrx_word' id='word_1_168' title='bbox 841 1318 1236 1374; x_wconf 86' lang='lat' dir='ltr'><strong>abominandus</strong></span> <span class='ocrx_word' id='word_1_169' title='bbox 1262 1318 1351 1371; x_wconf 90' lang='lat' dir='ltr'><strong>ille</strong></span> <span class='ocrx_word' id='word_1_170' title='bbox 1377 1317 1630 1371; x_wconf 72' lang='lat' dir='ltr'><strong>ell‘eratus</strong></span> <span class='ocrx_word' id='word_1_171' title='bbox 1656 1338 1669 1382; x_wconf 89' lang='lat'>;</span> <span class='ocrx_word' id='word_1_172' title='bbox 1702 1317 1889 1368; x_wconf 87' lang='lat' dir='ltr'><strong>beatus</strong></span> <span class='ocrx_word' id='word_1_173' title='bbox 1914 1327 2043 1368; x_wconf 87' lang='lat' dir='ltr'><strong>vero</strong></span> <span class='ocrx_word' id='word_1_174' title='bbox 2068 1313 2399 1382; x_wconf 75' lang='lat' dir='ltr'><strong>iudicandus</strong></span> <span class='ocrx_word' id='word_1_175' title='bbox 2431 1315 2517 1367; x_wconf 93' lang='lat' dir='ltr'><strong>hic</strong></span> <span class='ocrx_word' id='word_1_176' title='bbox 2545 1314 2682 1367; x_wconf 82' lang='lat' dir='ltr'><strong>lenis</strong></span> <span class='ocrx_word' id='word_1_177' title='bbox 2721 1314 2826 1375; x_wconf 91' lang='lat' dir='ltr'><strong>sit,</strong></span> <span class='ocrx_word' id='word_1_178' title='bbox 2869 1316 2961 1381; x_wconf 87' lang='lat' dir='ltr'><strong>qui</strong></span> <span class='ocrx_word' id='word_1_179' title='bbox 3002 1326 3109 1365; x_wconf 89' lang='lat' dir='ltr'><strong>non</strong></span> <span class='ocrx_word' id='word_1_180' title='bbox 3151 1312 3396 1364; x_wconf 82' lang='lat' dir='ltr'><strong>imitatus</strong></span> <span class='ocrx_word' id='word_1_181' title='bbox 3425 1310 3499 1364; x_wconf 89' lang='lat' dir='ltr'><strong>sit</strong></span> 
     </span>
    </p>
   </div>
   <div class='ocr_carea' id='block_1_21' title="bbox 249 1404 1945 1476">
    <p class='ocr_par' dir='ltr' id='par_1_21' title="bbox 249 1404 1945 1476">
     <span class='ocr_line' id='line_1_21' title="bbox 249 1404 1945 1476; baseline 0 -19"><span class='ocrx_word' id='word_1_182' title='bbox 249 1407 439 1459; x_wconf 89' lang='lat' dir='ltr'><strong>vitium</strong></span> <span class='ocrx_word' id='word_1_183' title='bbox 465 1409 725 1476; x_wconf 80' lang='lat' dir='ltr'><strong>proximi,</strong></span> <span class='ocrx_word' id='word_1_184' title='bbox 754 1424 853 1463; x_wconf 91' lang='lat' dir='ltr'><strong>nec</strong></span> <span class='ocrx_word' id='word_1_185' title='bbox 883 1408 1138 1463; x_wconf 86' lang='lat' dir='ltr'><strong>decorum</strong></span> <span class='ocrx_word' id='word_1_186' title='bbox 1170 1409 1409 1462; x_wconf 89' lang='lat' dir='ltr'><strong>habitum</strong></span> <span class='ocrx_word' id='word_1_187' title='bbox 1439 1408 1552 1460; x_wconf 90' lang='lat' dir='ltr'><strong>oris</strong></span> <span class='ocrx_word' id='word_1_188' title='bbox 1582 1404 1945 1476; x_wconf 87' lang='lat' dir='ltr'><strong>perverterit?</strong></span> 
     </span>
    </p>
   </div>
   <div class='ocr_carea' id='block_1_22' title="bbox 322 1481 1900 1573">
    <p class='ocr_par' dir='ltr' id='par_1_22' title="bbox 322 1501 1821 1573">
     <span class='ocr_line' id='line_1_22' title="bbox 322 1501 1821 1573; baseline -0.001 -19"><span class='ocrx_word' id='word_1_189' title='bbox 322 1501 430 1555; x_wconf 75' lang='grc' dir='ltr'>Καὶ</span> <span class='ocrx_word' id='word_1_190' title='bbox 468 1502 547 1554; x_wconf 88' lang='grc' dir='ltr'><strong>δτι</strong></span> <span class='ocrx_word' id='word_1_191' title='bbox 602 1502 740 1571; x_wconf 78' lang='grc' dir='ltr'>πρὸς</span> <span class='ocrx_word' id='word_1_192' title='bbox 783 1503 942 1556; x_wconf 80' lang='grc' dir='ltr'>τοῦτο</span> <span class='ocrx_word' id='word_1_193' title='bbox 991 1503 1222 1573; x_wconf 81' lang='grc' dir='ltr'>μάλιστα</span> <span class='ocrx_word' id='word_1_194' title='bbox 1265 1503 1326 1555; x_wconf 85' lang='grc' dir='ltr'><strong>τὸ</strong></span> <span class='ocrx_word' id='word_1_195' title='bbox 1371 1502 1539 1565; x_wconf 88' lang='grc' dir='ltr'>πάθος</span> <span class='ocrx_word' id='word_1_196' title='bbox 1582 1503 1611 1553; x_wconf 89' lang='lat'><strong>6</strong></span> <span class='ocrx_word' id='word_1_197' title='bbox 1651 1501 1821 1568; x_wconf 81' lang='grc' dir='ltr'><strong>Λόγος</strong></span> 
     </span>
    </p>
   </div>
   <div class='ocr_carea' id='block_1_23' title="bbox 1921 1481 3499 1573">
    <p class='ocr_par' dir='ltr' id='par_1_23' title="bbox 2001 1481 3499 1565">
     <span class='ocr_line' id='line_1_23' title="bbox 2001 1481 3499 1565; baseline -0.001 -14"><span class='ocrx_word' id='word_1_198' title='bbox 2001 1498 2156 1564; x_wconf 85' lang='lat' dir='ltr'><strong>Quod</strong></span> <span class='ocrx_word' id='word_1_199' title='bbox 2208 1508 2388 1553; x_wconf 90' lang='lat' dir='ltr'><strong>autem</strong></span> <span class='ocrx_word' id='word_1_200' title='bbox 2435 1498 2502 1552; x_wconf 90' lang='lat' dir='ltr'><strong>ad</strong></span> <span class='ocrx_word' id='word_1_201' title='bbox 2557 1499 2699 1551; x_wconf 90' lang='lat' dir='ltr'><strong>hanc</strong></span> <span class='ocrx_word' id='word_1_202' title='bbox 2744 1496 2978 1550; x_wconf 80' lang='lat' dir='ltr'><strong>maxime</strong></span> <span class='ocrx_word' id='word_1_203' title='bbox 3028 1481 3499 1565; x_wconf 81' lang='lat' dir='ltr'><strong>perturbationem</strong></span> 
     </span>
    </p>
   </div>
   <div class='ocr_carea' id='block_1_24' title="bbox 252 1586 1830 1664">
    <p class='ocr_par' dir='ltr' id='par_1_24' title="bbox 252 1592 1821 1664">
     <span class='ocr_line' id='line_1_24' title="bbox 252 1592 1821 1664; baseline 0 -21"><span class='ocrx_word' id='word_1_204' title='bbox 252 1592 461 1660; x_wconf 78' lang='grc' dir='ltr'><strong>βλέπει,</strong></span> <span class='ocrx_word' id='word_1_205' title='bbox 484 1592 638 1660; x_wconf 77' lang='grc' dir='ltr'>δῆλόν</span> <span class='ocrx_word' id='word_1_206' title='bbox 667 1596 812 1645; x_wconf 77' lang='grc' dir='ltr'>ἐστιν</span> <span class='ocrx_word' id='word_1_207' title='bbox 833 1595 897 1645; x_wconf 75' lang='grc' dir='ltr'>ἐκ</span> <span class='ocrx_word' id='word_1_208' title='bbox 922 1593 1016 1646; x_wconf 75' lang='grc' dir='ltr'>τοῦ</span> <span class='ocrx_word' id='word_1_209' title='bbox 1044 1595 1185 1662; x_wconf 79' lang='grc' dir='ltr'>μετὰ</span> <span class='ocrx_word' id='word_1_210' title='bbox 1209 1593 1307 1664; x_wconf 81' lang='grc' dir='ltr'>τὴν</span> <span class='ocrx_word' id='word_1_211' title='bbox 1325 1592 1821 1663; x_wconf 80' lang='grc' dir='ltr'>ταπεινοφροσύνην</span> 
     </span>
    </p>
   </div>
   <div class='ocr_carea' id='block_1_25' title="bbox 1924 1586 3502 1664">
    <p class='ocr_par' dir='ltr' id='par_1_25' title="bbox 1930 1586 3502 1661">
     <span class='ocr_line' id='line_1_25' title="bbox 1930 1586 3502 1661; baseline -0.003 -18"><span class='ocrx_word' id='word_1_212' title='bbox 1930 1588 2170 1646; x_wconf 82' lang='lat' dir='ltr'><strong>Verbum</strong></span> <span class='ocrx_word' id='word_1_213' title='bbox 2216 1591 2503 1661; x_wconf 67' lang='lat' dir='ltr'><strong>respiciat,</strong></span> <span class='ocrx_word' id='word_1_214' title='bbox 2545 1591 2894 1660; x_wconf 91' lang='lat' dir='ltr'><strong>perspicuum</strong></span> <span class='ocrx_word' id='word_1_215' title='bbox 2930 1596 3014 1642; x_wconf 90' lang='lat' dir='ltr'><strong>est</strong></span> <span class='ocrx_word' id='word_1_216' title='bbox 3053 1602 3119 1641; x_wconf 83' lang='lat' dir='ltr'><strong>ex</strong></span> <span class='ocrx_word' id='word_1_217' title='bbox 3148 1602 3215 1640; x_wconf 87' lang='lat' dir='ltr'><strong>eo</strong></span> <span class='ocrx_word' id='word_1_218' title='bbox 3245 1586 3390 1655; x_wconf 90' lang='lat' dir='ltr'><strong>quod</strong></span> <span class='ocrx_word' id='word_1_219' title='bbox 3421 1600 3502 1641; x_wconf 90' lang='lat' dir='ltr'><strong>sc-</strong></span> 
     </span>
    </p>
   </div>
   <div class='ocr_carea' id='block_1_26' title="bbox 248 1672 1826 1769">
    <p class='ocr_par' dir='ltr' id='par_1_26' title="bbox 248 1672 1819 1752">
     <span class='ocr_line' id='line_1_26' title="bbox 248 1672 1819 1752; baseline 0.003 -23"><span class='ocrx_word' id='word_1_220' title='bbox 248 1672 608 1747; x_wconf 62' lang='grc' dir='ltr'>νομοθετῆοται</span> <span class='ocrx_word' id='word_1_221' title='bbox 637 1681 769 1748; x_wconf 83' lang='grc' dir='ltr'>ἡμῖν</span> <span class='ocrx_word' id='word_1_222' title='bbox 796 1680 895 1750; x_wconf 85' lang='grc' dir='ltr'><strong>τὴν</strong></span> <span class='ocrx_word' id='word_1_223' title='bbox 926 1681 1224 1752; x_wconf 84' lang='grc' dir='ltr'>πραότητα.</span> <span class='ocrx_word' id='word_1_224' title='bbox 1261 1684 1441 1735; x_wconf 79' lang='grc' dir='ltr'>Ἐοικε</span> <span class='ocrx_word' id='word_1_225' title='bbox 1469 1682 1576 1752; x_wconf 79' lang='grc' dir='ltr'>γὰρ</span> <span class='ocrx_word' id='word_1_226' title='bbox 1603 1681 1819 1750; x_wconf 75' lang='grc' dir='ltr'>ἔχεσθαι</span> 
     </span>
    </p>
   </div>
   <div class='ocr_carea' id='block_1_27' title="bbox 1921 1672 3499 1769">
    <p class='ocr_par' dir='ltr' id='par_1_27' title="bbox 1924 1679 3499 1747">
     <span class='ocr_line' id='line_1_27' title="bbox 1924 1679 3499 1747; baseline -0.004 -10"><span class='ocrx_word' id='word_1_227' title='bbox 1924 1684 2161 1737; x_wconf 91' lang='lat' dir='ltr'><strong>cundum</strong></span> <span class='ocrx_word' id='word_1_228' title='bbox 2194 1683 2360 1736; x_wconf 89' lang='lat' dir='ltr'><strong>animi</strong></span> <span class='ocrx_word' id='word_1_229' title='bbox 2387 1682 2774 1737; x_wconf 89' lang='lat' dir='ltr'><strong>demissionem</strong></span> <span class='ocrx_word' id='word_1_230' title='bbox 2798 1722 2811 1745; x_wconf 94' lang='lat'><strong>,</strong></span> <span class='ocrx_word' id='word_1_231' title='bbox 2853 1681 3129 1733; x_wconf 89' lang='lat' dir='ltr'><strong>lenitatem</strong></span> <span class='ocrx_word' id='word_1_232' title='bbox 3163 1679 3325 1732; x_wconf 89' lang='lat' dir='ltr'><strong>nobis</strong></span> <span class='ocrx_word' id='word_1_233' title='bbox 3366 1692 3499 1747; x_wconf 72' lang='lat' dir='ltr'><strong>pra:-</strong></span> 
     </span>
    </p>
   </div>
   <div class='ocr_carea' id='block_1_28' title="bbox 249 1764 1827 1842">
    <p class='ocr_par' dir='ltr' id='par_1_28' title="bbox 249 1764 1825 1842">
     <span class='ocr_line' id='line_1_28' title="bbox 249 1764 1825 1842; baseline 0.003 -24"><span class='ocrx_word' id='word_1_234' title='bbox 249 1766 343 1818; x_wconf 74' lang='grc' dir='ltr'>τοῦ</span> <span class='ocrx_word' id='word_1_235' title='bbox 369 1766 555 1837; x_wconf 81' lang='grc' dir='ltr'>ἐτέρου</span> <span class='ocrx_word' id='word_1_236' title='bbox 596 1766 656 1819; x_wconf 85' lang='grc' dir='ltr'><strong>τὸ</strong></span> <span class='ocrx_word' id='word_1_237' title='bbox 690 1766 896 1835; x_wconf 75' lang='grc' dir='ltr'>ἕτερον,</span> <span class='ocrx_word' id='word_1_238' title='bbox 937 1770 1033 1822; x_wconf 78' lang='grc' dir='ltr'>καὶ</span> <span class='ocrx_word' id='word_1_239' title='bbox 1069 1764 1179 1823; x_wconf 75' lang='grc' dir='ltr'>οἷον</span> <span class='ocrx_word' id='word_1_240' title='bbox 1219 1773 1399 1842; x_wconf 80' lang='grc' dir='ltr'>μήτηρ</span> <span class='ocrx_word' id='word_1_241' title='bbox 1432 1788 1514 1833; x_wconf 87' lang='grc' dir='ltr'><strong>τις</strong></span> <span class='ocrx_word' id='word_1_242' title='bbox 1549 1767 1686 1823; x_wconf 82' lang='grc' dir='ltr'>εἶναι</span> <span class='ocrx_word' id='word_1_243' title='bbox 1724 1772 1825 1840; x_wconf 79' lang='grc' dir='ltr'><strong>τῆς</strong></span> 
     </span>
    </p>
   </div>
   <div class='ocr_carea' id='block_1_29' title="bbox 1917 1764 3495 1842">
    <p class='ocr_par' dir='ltr' id='par_1_29' title="bbox 1931 1768 3495 1841">
     <span class='ocr_line' id='line_1_29' title="bbox 1931 1768 3495 1841; baseline -0.004 -15"><span class='ocrx_word' id='word_1_244' title='bbox 1931 1772 2169 1841; x_wconf 90' lang='lat' dir='ltr'><strong>scripsit.</strong></span> <span class='ocrx_word' id='word_1_245' title='bbox 2191 1770 2417 1825; x_wconf 82' lang='lat' dir='ltr'><strong>Videtur</strong></span> <span class='ocrx_word' id='word_1_246' title='bbox 2437 1772 2581 1825; x_wconf 89' lang='lat' dir='ltr'><strong>enim</strong></span> <span class='ocrx_word' id='word_1_247' title='bbox 2607 1771 2837 1824; x_wconf 87' lang='lat' dir='ltr'><strong>alterum</strong></span> <span class='ocrx_word' id='word_1_248' title='bbox 2861 1784 2984 1823; x_wconf 93' lang='lat' dir='ltr'><strong>cum</strong></span> <span class='ocrx_word' id='word_1_249' title='bbox 3012 1770 3183 1823; x_wconf 86' lang='lat' dir='ltr'><strong>altero</strong></span> <span class='ocrx_word' id='word_1_250' title='bbox 3200 1768 3495 1829; x_wconf 78' lang='lat' dir='ltr'><strong>cohaerere.</strong></span> 
     </span>
    </p>
   </div>
   <div class='ocr_carea' id='block_1_30' title="bbox 252 1857 1830 1932">
    <p class='ocr_par' dir='ltr' id='par_1_30' title="bbox 252 1857 1826 1932">
     <span class='ocr_line' id='line_1_30' title="bbox 252 1857 1826 1932; baseline 0.004 -24"><span class='ocrx_word' id='word_1_251' title='bbox 252 1857 392 1919; x_wconf 67' lang='grc' dir='ltr'><strong>κατά</strong></span> <span class='ocrx_word' id='word_1_252' title='bbox 416 1857 478 1909; x_wconf 83' lang='grc' dir='ltr'><strong>τὸ</strong></span> <span class='ocrx_word' id='word_1_253' title='bbox 515 1860 687 1929; x_wconf 76' lang='grc' dir='ltr'>πρᾶον</span> <span class='ocrx_word' id='word_1_254' title='bbox 710 1859 876 1925; x_wconf 73' lang='grc' dir='ltr'>ἕξεως</span> <span class='ocrx_word' id='word_1_255' title='bbox 911 1862 943 1929; x_wconf 86' lang='grc' dir='ltr'><strong>ή</strong></span> <span class='ocrx_word' id='word_1_256' title='bbox 982 1859 1082 1929; x_wconf 83' lang='grc' dir='ltr'><strong>τῆς</strong></span> <span class='ocrx_word' id='word_1_257' title='bbox 1120 1861 1616 1932; x_wconf 75' lang='grc' dir='ltr'>ταπεινοφροσύνης</span> <span class='ocrx_word' id='word_1_258' title='bbox 1656 1862 1826 1914; x_wconf 64' lang='grc' dir='ltr'>κατὰ·</span> 
     </span>
    </p>
   </div>
   <div class='ocr_carea' id='block_1_31' title="bbox 1921 1857 3499 1932">
    <p class='ocr_par' dir='ltr' id='par_1_31' title="bbox 1932 1860 3499 1931">
     <span class='ocr_line' id='line_1_31' title="bbox 1932 1860 3499 1931; baseline -0.003 -14"><span class='ocrx_word' id='word_1_259' title='bbox 1932 1879 1996 1917; x_wconf 85' lang='lat' dir='ltr'><strong>ae</strong></span> <span class='ocrx_word' id='word_1_260' title='bbox 2040 1864 2205 1918; x_wconf 91' lang='lat' dir='ltr'><strong>veluti</strong></span> <span class='ocrx_word' id='word_1_261' title='bbox 2243 1873 2472 1917; x_wconf 87' lang='lat' dir='ltr'><strong>matrem</strong></span> <span class='ocrx_word' id='word_1_262' title='bbox 2509 1861 2802 1931; x_wconf 88' lang='lat' dir='ltr'><strong>quamdam</strong></span> <span class='ocrx_word' id='word_1_263' title='bbox 2841 1862 2961 1931; x_wconf 87' lang='lat' dir='ltr'><strong>ejus</strong></span> <span class='ocrx_word' id='word_1_264' title='bbox 3003 1863 3093 1930; x_wconf 92' lang='lat' dir='ltr'><strong>qui</strong></span> <span class='ocrx_word' id='word_1_265' title='bbox 3125 1861 3270 1915; x_wconf 88' lang='lat' dir='ltr'><strong>circa</strong></span> <span class='ocrx_word' id='word_1_266' title='bbox 3306 1860 3499 1914; x_wconf 86' lang='lat' dir='ltr'><strong>lenita-</strong></span> 
     </span>
    </p>
   </div>
   <div class='ocr_carea' id='block_1_32' title="bbox 253 1950 1831 2023">
    <p class='ocr_par' dir='ltr' id='par_1_32' title="bbox 253 1950 1824 2023">
     <span class='ocr_line' id='line_1_32' title="bbox 253 1950 1824 2023; baseline 0.004 -23"><span class='ocrx_word' id='word_1_267' title='bbox 253 1965 459 2011; x_wconf 84' lang='grc' dir='ltr'>στασις.</span> <span class='ocrx_word' id='word_1_268' title='bbox 500 1951 562 2003; x_wconf 76' lang='lat' dir='ltr'><strong>Et</strong></span> <span class='ocrx_word' id='word_1_269' title='bbox 590 1950 699 2020; x_wconf 75' lang='grc' dir='ltr'>γὰρ</span> <span class='ocrx_word' id='word_1_270' title='bbox 725 1951 938 2018; x_wconf 80' lang='grc' dir='ltr'>ὑφέλοις</span> <span class='ocrx_word' id='word_1_271' title='bbox 973 1951 1066 2003; x_wconf 80' lang='grc' dir='ltr'><strong>τοῦ</strong></span> <span class='ocrx_word' id='word_1_272' title='bbox 1100 1952 1261 2021; x_wconf 73' lang='grc' dir='ltr'>ἤθους</span> <span class='ocrx_word' id='word_1_273' title='bbox 1300 1952 1389 2005; x_wconf 85' lang='grc' dir='ltr'><strong>τὸν</strong></span> <span class='ocrx_word' id='word_1_274' title='bbox 1414 1952 1600 2020; x_wconf 72' lang='grc' dir='ltr'>τῦφον,</span> <span class='ocrx_word' id='word_1_275' title='bbox 1635 1954 1824 2023; x_wconf 80' lang='grc' dir='ltr'>καιρὸν</span> 
     </span>
    </p>
   </div>
   <div class='ocr_carea' id='block_1_33' title="bbox 1924 1950 3502 2023">
    <p class='ocr_par' dir='ltr' id='par_1_33' title="bbox 1930 1951 3502 2018">
     <span class='ocr_line' id='line_1_33' title="bbox 1930 1951 3502 2018; baseline -0.002 -10"><span class='ocrx_word' id='word_1_276' title='bbox 1930 1963 2037 2009; x_wconf 90' lang='lat' dir='ltr'><strong>tem</strong></span> <span class='ocrx_word' id='word_1_277' title='bbox 2069 1963 2337 2016; x_wconf 85' lang='lat' dir='ltr'><strong>versatur,</strong></span> <span class='ocrx_word' id='word_1_278' title='bbox 2366 1955 2612 2018; x_wconf 87' lang='lat' dir='ltr'><strong>habitus,</strong></span> <span class='ocrx_word' id='word_1_279' title='bbox 2643 1967 2765 2008; x_wconf 87' lang='lat' dir='ltr'><strong>esse</strong></span> <span class='ocrx_word' id='word_1_280' title='bbox 2790 1952 2958 2005; x_wconf 88' lang='lat' dir='ltr'><strong>animi</strong></span> <span class='ocrx_word' id='word_1_281' title='bbox 2989 1951 3342 2006; x_wconf 89' lang='lat' dir='ltr'><strong>demissionis</strong></span> <span class='ocrx_word' id='word_1_282' title='bbox 3375 1967 3502 2005; x_wconf 78' lang='lat' dir='ltr'><strong>con-</strong></span> 
     </span>
    </p>
   </div>
   <div class='ocr_carea' id='block_1_34' title="bbox 251 2038 1829 2115">
    <p class='ocr_par' dir='ltr' id='par_1_34' title="bbox 251 2038 1826 2114">
     <span class='ocr_line' id='line_1_34' title="bbox 251 2038 1826 2114; baseline 0.003 -25"><span class='ocrx_word' id='word_1_283' title='bbox 251 2039 351 2090; x_wconf 68' lang='grc' dir='ltr'>οὒκ</span> <span class='ocrx_word' id='word_1_284' title='bbox 376 2038 491 2107; x_wconf 76' lang='grc' dir='ltr'>ἔχει</span> <span class='ocrx_word' id='word_1_285' title='bbox 513 2039 574 2091; x_wconf 75' lang='grc' dir='ltr'>τὸ</span> <span class='ocrx_word' id='word_1_286' title='bbox 593 2040 732 2093; x_wconf 77' lang='grc' dir='ltr'>κατὰ</span> <span class='ocrx_word' id='word_1_287' title='bbox 756 2039 925 2108; x_wconf 74' lang='grc' dir='ltr'>θυμὸν</span> <span class='ocrx_word' id='word_1_288' title='bbox 947 2041 1260 2108; x_wconf 79' lang='grc' dir='ltr'>ἐγγενέσθαι</span> <span class='ocrx_word' id='word_1_289' title='bbox 1286 2041 1473 2105; x_wconf 77' lang='grc' dir='ltr'>πάθος.</span> <span class='ocrx_word' id='word_1_290' title='bbox 1496 2043 1694 2113; x_wconf 78' lang='grc' dir='ltr'>’Ὕϐρις</span> <span class='ocrx_word' id='word_1_291' title='bbox 1717 2042 1826 2114; x_wconf 81' lang='grc' dir='ltr'>γὰρ</span> 
     </span>
    </p>
   </div>
   <div class='ocr_carea' id='block_1_35' title="bbox 2015 2038 3593 2115">
    <p class='ocr_par' dir='ltr' id='par_1_35' title="bbox 2015 2042 3593 2115">
     <span class='ocr_line' id='line_1_35' title="bbox 2015 2042 3593 2115; baseline -0.003 -14"><span class='ocrx_word' id='word_1_292' title='bbox 2015 2047 2266 2101; x_wconf 79' lang='lat' dir='ltr'><strong>Lntionem</strong></span> <span class='ocrx_word' id='word_1_293' title='bbox 2294 2054 2456 2115; x_wconf 90' lang='lat' dir='ltr'><strong>atque</strong></span> <span class='ocrx_word' id='word_1_294' title='bbox 2478 2043 2951 2113; x_wconf 86' lang='lat' dir='ltr'><strong>tranquillitatem.</strong></span> <span class='ocrx_word' id='word_1_295' title='bbox 2978 2042 3107 2096; x_wconf 83' lang='lat' dir='ltr'><strong>Nam</strong></span> <span class='ocrx_word' id='word_1_296' title='bbox 3139 2044 3186 2097; x_wconf 90' lang='lat' dir='ltr'><strong>si</strong></span> <span class='ocrx_word' id='word_1_297' title='bbox 3218 2058 3280 2097; x_wconf 85' lang='lat' dir='ltr'><strong>ex</strong></span> <span class='ocrx_word' id='word_1_298' title='bbox 3315 2043 3501 2097; x_wconf 65' lang='lat' dir='ltr'><strong>aninao</strong></span> <span class='ocrx_word' id='word_1_299' title='bbox 3575 2056 3593 2071; x_wconf 75' lang='lat'><strong>‘</strong></span> 
     </span>
    </p>
   </div>
   <div class='ocr_carea' id='block_1_36' title="bbox 259 2127 1837 2207">
    <p class='ocr_par' dir='ltr' id='par_1_36' title="bbox 259 2127 1826 2201">
     <span class='ocr_line' id='line_1_36' title="bbox 259 2127 1826 2201; baseline 0.003 -23"><span class='ocrx_word' id='word_1_300' title='bbox 259 2128 349 2179; x_wconf 68' lang='grc' dir='ltr'>καὶ</span> <span class='ocrx_word' id='word_1_301' title='bbox 381 2127 577 2196; x_wconf 80' lang='grc' dir='ltr'>ἀτιμία</span> <span class='ocrx_word' id='word_1_302' title='bbox 606 2128 704 2196; x_wconf 79' lang='grc' dir='ltr'>τῆς</span> <span class='ocrx_word' id='word_1_303' title='bbox 732 2128 982 2199; x_wconf 74' lang='grc' dir='ltr'>τοιαύτης</span> <span class='ocrx_word' id='word_1_304' title='bbox 1013 2130 1319 2200; x_wconf 74' lang='grc' dir='ltr'>ἀρρωστίας</span> <span class='ocrx_word' id='word_1_305' title='bbox 1360 2134 1471 2194; x_wconf 79' lang='grc' dir='ltr'>τοῖς</span> <span class='ocrx_word' id='word_1_306' title='bbox 1499 2130 1826 2201; x_wconf 82' lang='grc' dir='ltr'>ὀργισθεῖσιν</span> 
     </span>
    </p>
   </div>
   <div class='ocr_carea' id='block_1_37' title="bbox 1921 2127 3499 2207">
    <p class='ocr_par' dir='ltr' id='par_1_37' title="bbox 1934 2133 3499 2207">
     <span class='ocr_line' id='line_1_37' title="bbox 1934 2133 3499 2207; baseline -0.005 -15"><span class='ocrx_word' id='word_1_307' title='bbox 1934 2137 2245 2207; x_wconf 87' lang='lat' dir='ltr'><strong>superbiam</strong></span> <span class='ocrx_word' id='word_1_308' title='bbox 2274 2136 2568 2195; x_wconf 78' lang='lat' dir='ltr'><strong>exemeris.</strong></span> <span class='ocrx_word' id='word_1_309' title='bbox 2587 2134 2933 2189; x_wconf 83' lang='lat' dir='ltr'><strong>occasionem</strong></span> <span class='ocrx_word' id='word_1_310' title='bbox 2961 2133 3278 2187; x_wconf 87' lang='lat' dir='ltr'><strong>innascendi</strong></span> <span class='ocrx_word' id='word_1_311' title='bbox 3308 2133 3499 2185; x_wconf 81' lang='lat' dir='ltr'><strong>vitium</strong></span> 
     </span>
    </p>
   </div>
   <div class='ocr_carea' id='block_1_38' title="bbox 253 2217 1831 2293">
    <p class='ocr_par' dir='ltr' id='par_1_38' title="bbox 253 2217 1827 2291">
     <span class='ocr_line' id='line_1_38' title="bbox 253 2217 1827 2291; baseline 0.003 -22"><span class='ocrx_word' id='word_1_312' title='bbox 253 2217 404 2270; x_wconf 72' lang='grc' dir='ltr'>αἰτία</span> <span class='ocrx_word' id='word_1_313' title='bbox 452 2219 680 2285; x_wconf 85' lang='grc' dir='ltr'>γίνεται.</span> <span class='ocrx_word' id='word_1_314' title='bbox 741 2220 956 2289; x_wconf 81' lang='grc' dir='ltr'>’Δτιμία</span> <span class='ocrx_word' id='word_1_315' title='bbox 1000 2221 1056 2273; x_wconf 87' lang='grc' dir='ltr'>δὲ</span> <span class='ocrx_word' id='word_1_316' title='bbox 1097 2222 1195 2291; x_wconf 82' lang='grc' dir='ltr'>οὐχ</span> <span class='ocrx_word' id='word_1_317' title='bbox 1239 2222 1469 2276; x_wconf 74' lang='grc' dir='ltr'>ἅπτεται</span> <span class='ocrx_word' id='word_1_318' title='bbox 1508 2222 1602 2275; x_wconf 79' lang='grc' dir='ltr'>τοῦ</span> <span class='ocrx_word' id='word_1_319' title='bbox 1636 2221 1827 2275; x_wconf 79' lang='grc' dir='ltr'>ἑαυτὸν</span> 
     </span>
    </p>
   </div>
   <div class='ocr_carea' id='block_1_39' title="bbox 1924 2217 3502 2293">
    <p class='ocr_par' dir='ltr' id='par_1_39' title="bbox 1934 2225 3502 2293">
     <span class='ocr_line' id='line_1_39' title="bbox 1934 2225 3502 2293; baseline -0.004 -9"><span class='ocrx_word' id='word_1_320' title='bbox 1934 2229 2231 2284; x_wconf 71' lang='lat' dir='ltr'><strong>irai-undize</strong></span> <span class='ocrx_word' id='word_1_321' title='bbox 2265 2242 2370 2281; x_wconf 90' lang='lat' dir='ltr'><strong>non</strong></span> <span class='ocrx_word' id='word_1_322' title='bbox 2406 2226 2644 2280; x_wconf 80' lang='lat' dir='ltr'><strong>habebit.</strong></span> <span class='ocrx_word' id='word_1_323' title='bbox 2676 2225 3017 2279; x_wconf 86' lang='lat' dir='ltr'><strong>Contumelia</strong></span> <span class='ocrx_word' id='word_1_324' title='bbox 3049 2225 3194 2279; x_wconf 87' lang='lat' dir='ltr'><strong>enim</strong></span> <span class='ocrx_word' id='word_1_325' title='bbox 3243 2234 3296 2277; x_wconf 87' lang='lat' dir='ltr'><strong>ct</strong></span> <span class='ocrx_word' id='word_1_326' title='bbox 3349 2225 3502 2293; x_wconf 77' lang='lat' dir='ltr'><strong>igno-</strong></span> 
     </span>
    </p>
   </div>
   <div class='ocr_carea' id='block_1_40' title="bbox 253 2309 1831 2385">
    <p class='ocr_par' dir='ltr' id='par_1_40' title="bbox 253 2309 1831 2385">
     <span class='ocr_line' id='line_1_40' title="bbox 253 2309 1831 2385; baseline 0.004 -25"><span class='ocrx_word' id='word_1_327' title='bbox 253 2309 718 2381; x_wconf 74' lang='grc' dir='ltr'>ταπεινοφροσύνῃ</span> <span class='ocrx_word' id='word_1_328' title='bbox 761 2312 1297 2382; x_wconf 82' lang='grc' dir='ltr'>παιδαγωγήσαντος.</span> <span class='ocrx_word' id='word_1_329' title='bbox 1322 2314 1384 2368; x_wconf 78' lang='lat' dir='ltr'><strong>Et</strong></span> <span class='ocrx_word' id='word_1_330' title='bbox 1418 2313 1527 2385; x_wconf 84' lang='grc' dir='ltr'><strong>γάρ</strong></span> <span class='ocrx_word' id='word_1_331' title='bbox 1549 2331 1630 2376; x_wconf 84' lang='grc' dir='ltr'><strong>τις</strong></span> <span class='ocrx_word' id='word_1_332' title='bbox 1671 2330 1831 2368; x_wconf 82' lang='grc' dir='ltr'>κεκα·</span> 
     </span>
    </p>
   </div>
   <div class='ocr_carea' id='block_1_41' title="bbox 1920 2309 3498 2385">
    <p class='ocr_par' dir='ltr' id='par_1_41' title="bbox 1937 2313 3498 2373">
     <span class='ocr_line' id='line_1_41' title="bbox 1937 2313 3498 2373; baseline -0.004 -1"><span class='ocrx_word' id='word_1_333' title='bbox 1937 2320 2101 2372; x_wconf 90' lang='lat' dir='ltr'><strong>miuia</strong></span> <span class='ocrx_word' id='word_1_334' title='bbox 2129 2317 2254 2373; x_wconf 81' lang='lat' dir='ltr'><strong>talis</strong></span> <span class='ocrx_word' id='word_1_335' title='bbox 2291 2316 2622 2371; x_wconf 75' lang='lat' dir='ltr'><strong>infirmitatis</strong></span> <span class='ocrx_word' id='word_1_336' title='bbox 2664 2314 3030 2370; x_wconf 85' lang='lat' dir='ltr'><strong>irascentibus</strong></span> <span class='ocrx_word' id='word_1_337' title='bbox 3063 2328 3228 2367; x_wconf 88' lang='lat' dir='ltr'><strong>causa</strong></span> <span class='ocrx_word' id='word_1_338' title='bbox 3258 2313 3498 2367; x_wconf 74' lang='lat' dir='ltr'><strong>exsistit.</strong></span> 
     </span>
    </p>
   </div>
   <div class='ocr_carea' id='block_1_42' title="bbox 253 2400 1831 2479">
    <p class='ocr_par' dir='ltr' id='par_1_42' title="bbox 253 2400 1826 2477">
     <span class='ocr_line' id='line_1_42' title="bbox 253 2400 1826 2477; baseline 0.005 -26"><span class='ocrx_word' id='word_1_339' title='bbox 253 2400 524 2471; x_wconf 80' lang='grc' dir='ltr'>θαρμένον</span> <span class='ocrx_word' id='word_1_340' title='bbox 545 2400 655 2470; x_wconf 80' lang='grc' dir='ltr'>ἔχοι</span> <span class='ocrx_word' id='word_1_341' title='bbox 671 2402 760 2454; x_wconf 83' lang='grc' dir='ltr'><strong>τὸν</strong></span> <span class='ocrx_word' id='word_1_342' title='bbox 780 2402 1037 2473; x_wconf 85' lang='grc' dir='ltr'>λογισμὸν</span> <span class='ocrx_word' id='word_1_343' title='bbox 1049 2406 1111 2457; x_wconf 78' lang='grc' dir='ltr'><strong>ἐκ</strong></span> <span class='ocrx_word' id='word_1_344' title='bbox 1126 2405 1223 2475; x_wconf 83' lang='grc' dir='ltr'>τῆς</span> <span class='ocrx_word' id='word_1_345' title='bbox 1239 2404 1582 2476; x_wconf 82' lang='grc' dir='ltr'>ἀνθρωπίνης</span> <span class='ocrx_word' id='word_1_346' title='bbox 1592 2407 1826 2477; x_wconf 80' lang='grc' dir='ltr'><strong>ἀπάτης,</strong></span> 
     </span>
    </p>
   </div>
   <div class='ocr_carea' id='block_1_43' title="bbox 1925 2400 3503 2479">
    <p class='ocr_par' dir='ltr' id='par_1_43' title="bbox 1935 2403 3503 2479">
     <span class='ocr_line' id='line_1_43' title="bbox 1935 2403 3503 2479; baseline -0.003 -16"><span class='ocrx_word' id='word_1_347' title='bbox 1935 2409 2235 2479; x_wconf 85' lang='lat' dir='ltr'><strong>Ignominia</strong></span> <span class='ocrx_word' id='word_1_348' title='bbox 2269 2414 2448 2460; x_wconf 88' lang='lat' dir='ltr'><strong>autem</strong></span> <span class='ocrx_word' id='word_1_349' title='bbox 2485 2422 2591 2461; x_wconf 90' lang='lat' dir='ltr'><strong>non</strong></span> <span class='ocrx_word' id='word_1_350' title='bbox 2625 2416 2870 2459; x_wconf 82' lang='lat' dir='ltr'><strong>movetur</strong></span> <span class='ocrx_word' id='word_1_351' title='bbox 2927 2404 2972 2458; x_wconf 91' lang='lat' dir='ltr'><strong>is</strong></span> <span class='ocrx_word' id='word_1_352' title='bbox 3020 2403 3111 2472; x_wconf 87' lang='lat' dir='ltr'><strong>qui</strong></span> <span class='ocrx_word' id='word_1_353' title='bbox 3161 2419 3295 2459; x_wconf 77' lang='lat' dir='ltr'><strong>sese.</strong></span> <span class='ocrx_word' id='word_1_354' title='bbox 3335 2404 3503 2459; x_wconf 88' lang='lat' dir='ltr'><strong>animi</strong></span> 
     </span>
    </p>
   </div>
   <div class='ocr_carea' id='block_1_44' title="bbox 253 2476 1831 2569">
    <p class='ocr_par' dir='ltr' id='par_1_44' title="bbox 253 2476 1827 2569">
     <span class='ocr_line' id='line_1_44' title="bbox 253 2476 1827 2569; baseline 0.004 -25"><span class='ocrx_word' id='word_1_355' title='bbox 253 2490 353 2544; x_wconf 75' lang='grc' dir='ltr'><strong>καὶ</strong></span> <span class='ocrx_word' id='word_1_356' title='bbox 378 2490 565 2559; x_wconf 84' lang='grc' dir='ltr'>βλέποι</span> <span class='ocrx_word' id='word_1_357' title='bbox 583 2492 646 2543; x_wconf 76' lang='grc' dir='ltr'><strong>τὸ</strong></span> <span class='ocrx_word' id='word_1_358' title='bbox 664 2492 935 2545; x_wconf 80' lang='grc' dir='ltr'>οὐτιδανὺν</span> <span class='ocrx_word' id='word_1_359' title='bbox 952 2494 1049 2563; x_wconf 83' lang='grc' dir='ltr'><strong>τῆς</strong></span> <span class='ocrx_word' id='word_1_360' title='bbox 1069 2494 1282 2563; x_wconf 80' lang='grc' dir='ltr'>φύσεως</span> <span class='ocrx_word' id='word_1_361' title='bbox 1360 2476 1827 2569; x_wconf 78' lang='grc' dir='ltr'>συγκεκλήρωται,</span> 
     </span>
    </p>
   </div>
   <div class='ocr_carea' id='block_1_45' title="bbox 2073 2476 3651 2569">
    <p class='ocr_par' dir='ltr' id='par_1_45' title="bbox 2073 2476 3651 2565">
     <span class='ocr_line' id='line_1_45' title="bbox 2073 2476 3651 2565; baseline -0.003 -12"><span class='ocrx_word' id='word_1_362' title='bbox 2073 2502 2269 2555; x_wconf 87' lang='lat' dir='ltr'><strong>issione</strong></span> <span class='ocrx_word' id='word_1_363' title='bbox 2297 2499 2630 2553; x_wconf 83' lang='lat' dir='ltr'><strong>moderatur.</strong></span> <span class='ocrx_word' id='word_1_364' title='bbox 2678 2496 2811 2550; x_wconf 87' lang='lat' dir='ltr'><strong>Nam</strong></span> <span class='ocrx_word' id='word_1_365' title='bbox 2859 2497 2905 2550; x_wconf 87' lang='lat' dir='ltr'><strong>si</strong></span> <span class='ocrx_word' id='word_1_366' title='bbox 2953 2498 3076 2565; x_wconf 81' lang='lat' dir='ltr'><strong>quis</strong></span> <span class='ocrx_word' id='word_1_367' title='bbox 3123 2497 3551 2565; x_wconf 82' lang='lat' dir='ltr'><strong>cogitationem-</strong></span> <span class='ocrx_word' id='word_1_368' title='bbox 3644 2476 3651 2485; x_wconf 60' lang='grc'><em>’</em></span> 
     </span>
    </p>
   </div>
   <div class='ocr_carea' id='block_1_46' title="bbox 250 2582 1828 2657">
    <p class='ocr_par' dir='ltr' id='par_1_46' title="bbox 250 2582 1828 2657">
     <span class='ocr_line' id='line_1_46' title="bbox 250 2582 1828 2657; baseline 0.004 -23"><span class='ocrx_word' id='word_1_369' title='bbox 250 2583 349 2651; x_wconf 82' lang='grc' dir='ltr'><strong>ἀφ’</strong></span> <span class='ocrx_word' id='word_1_370' title='bbox 379 2582 497 2645; x_wconf 75' lang='grc' dir='ltr'>οἵας</span> <span class='ocrx_word' id='word_1_371' title='bbox 520 2584 689 2653; x_wconf 78' lang='grc' dir='ltr'>ἀρχῆς</span> <span class='ocrx_word' id='word_1_372' title='bbox 713 2584 811 2652; x_wconf 79' lang='grc' dir='ltr'><strong>τὴν</strong></span> <span class='ocrx_word' id='word_1_373' title='bbox 833 2583 1089 2638; x_wconf 83' lang='grc' dir='ltr'>σύστασιν</span> <span class='ocrx_word' id='word_1_374' title='bbox 1112 2586 1244 2655; x_wconf 76' lang='grc' dir='ltr'>ἔχει,</span> <span class='ocrx_word' id='word_1_375' title='bbox 1270 2588 1362 2641; x_wconf 77' lang='grc' dir='ltr'><strong>καὶ</strong></span> <span class='ocrx_word' id='word_1_376' title='bbox 1384 2591 1462 2648; x_wconf 83' lang='grc' dir='ltr'><strong>είς</strong></span> <span class='ocrx_word' id='word_1_377' title='bbox 1491 2590 1518 2640; x_wconf 86' lang='grc' dir='ltr'><strong>ὃ</strong></span> <span class='ocrx_word' id='word_1_378' title='bbox 1539 2605 1590 2640; x_wconf 91' lang='grc' dir='ltr'><strong>τι</strong></span> <span class='ocrx_word' id='word_1_379' title='bbox 1609 2590 1828 2657; x_wconf 81' lang='grc' dir='ltr'>φέρεται</span> 
     </span>
    </p>
   </div>
   <div class='ocr_carea' id='block_1_47' title="bbox 1929 2582 3507 2657">
    <p class='ocr_par' dir='ltr' id='par_1_47' title="bbox 1937 2586 3507 2656">
     <span class='ocr_line' id='line_1_47' title="bbox 1937 2586 3507 2656; baseline -0.006 -10"><span class='ocrx_word' id='word_1_380' title='bbox 1937 2594 2006 2646; x_wconf 90' lang='lat' dir='ltr'><strong>ab</strong></span> <span class='ocrx_word' id='word_1_381' title='bbox 2041 2592 2277 2645; x_wconf 86' lang='lat' dir='ltr'><strong>humana</strong></span> <span class='ocrx_word' id='word_1_382' title='bbox 2309 2588 2500 2643; x_wconf 83' lang='lat' dir='ltr'><strong>fraude</strong></span> <span class='ocrx_word' id='word_1_383' title='bbox 2528 2603 2752 2641; x_wconf 82' lang='lat' dir='ltr'><strong>vacuam</strong></span> <span class='ocrx_word' id='word_1_384' title='bbox 2780 2603 2843 2642; x_wconf 90' lang='lat' dir='ltr'><strong>ac</strong></span> <span class='ocrx_word' id='word_1_385' title='bbox 2868 2601 3056 2656; x_wconf 90' lang='lat' dir='ltr'><strong>puram</strong></span> <span class='ocrx_word' id='word_1_386' title='bbox 3096 2586 3321 2648; x_wconf 87' lang='lat' dir='ltr'><strong>habeat,</strong></span> <span class='ocrx_word' id='word_1_387' title='bbox 3353 2597 3405 2640; x_wconf 90' lang='lat' dir='ltr'><strong>et</strong></span> <span class='ocrx_word' id='word_1_388' title='bbox 3433 2587 3507 2638; x_wconf 85' lang='lat' dir='ltr'><strong>vi-</strong></span> 
     </span>
    </p>
   </div>
   <div class='ocr_carea' id='block_1_48' title="bbox 250 2673 1828 2748">
    <p class='ocr_par' dir='ltr' id='par_1_48' title="bbox 250 2673 1828 2748">
     <span class='ocr_line' id='line_1_48' title="bbox 250 2673 1828 2748; baseline 0.004 -23"><span class='ocrx_word' id='word_1_389' title='bbox 250 2673 409 2736; x_wconf 89' lang='grc' dir='ltr'>τέλος</span> <span class='ocrx_word' id='word_1_390' title='bbox 434 2673 495 2725; x_wconf 85' lang='grc' dir='ltr'><strong>τὸ</strong></span> <span class='ocrx_word' id='word_1_391' title='bbox 535 2674 704 2742; x_wconf 80' lang='grc' dir='ltr'>βραχὺ</span> <span class='ocrx_word' id='word_1_392' title='bbox 730 2675 824 2726; x_wconf 72' lang='grc' dir='ltr'><strong>καὶ</strong></span> <span class='ocrx_word' id='word_1_393' title='bbox 847 2675 1133 2745; x_wconf 85' lang='grc' dir='ltr'>ὠκύμορον</span> <span class='ocrx_word' id='word_1_394' title='bbox 1158 2677 1253 2747; x_wconf 74' lang='grc' dir='ltr'>τῆς</span> <span class='ocrx_word' id='word_1_395' title='bbox 1278 2678 1404 2748; x_wconf 79' lang='grc' dir='ltr'>τῇδε</span> <span class='ocrx_word' id='word_1_396' title='bbox 1429 2679 1593 2748; x_wconf 81' lang='grc' dir='ltr'>ζωῆς,</span> <span class='ocrx_word' id='word_1_397' title='bbox 1624 2681 1716 2732; x_wconf 77' lang='grc' dir='ltr'><strong>καὶ</strong></span> <span class='ocrx_word' id='word_1_398' title='bbox 1740 2680 1828 2731; x_wconf 81' lang='grc' dir='ltr'><strong>τὸν</strong></span> 
     </span>
    </p>
   </div>
   <div class='ocr_carea' id='block_1_49' title="bbox 1926 2673 3504 2748">
    <p class='ocr_par' dir='ltr' id='par_1_49' title="bbox 1938 2677 3504 2747">
     <span class='ocr_line' id='line_1_49' title="bbox 1938 2677 3504 2747; baseline -0.006 -11"><span class='ocrx_word' id='word_1_399' title='bbox 1938 2685 2141 2736; x_wconf 86' lang='lat' dir='ltr'><strong>litatem</strong></span> <span class='ocrx_word' id='word_1_400' title='bbox 2175 2689 2416 2742; x_wconf 73' lang='lat' dir='ltr'><strong>naturm,</strong></span> <span class='ocrx_word' id='word_1_401' title='bbox 2448 2694 2611 2747; x_wconf 91' lang='lat' dir='ltr'><strong>quam</strong></span> <span class='ocrx_word' id='word_1_402' title='bbox 2643 2678 2872 2747; x_wconf 85' lang='lat' dir='ltr'><strong>adeptus</strong></span> <span class='ocrx_word' id='word_1_403' title='bbox 2898 2685 2982 2731; x_wconf 91' lang='lat' dir='ltr'><strong>est</strong></span> <span class='ocrx_word' id='word_1_404' title='bbox 3003 2716 3018 2737; x_wconf 85' lang='lat'><strong>,</strong></span> <span class='ocrx_word' id='word_1_405' title='bbox 3048 2683 3269 2738; x_wconf 88' lang='lat' dir='ltr'><strong>cernat,</strong></span> <span class='ocrx_word' id='word_1_406' title='bbox 3296 2690 3324 2728; x_wconf 89' lang='lat' dir='ltr'><strong>a</strong></span> <span class='ocrx_word' id='word_1_407' title='bbox 3358 2677 3504 2744; x_wconf 88' lang='lat' dir='ltr'><strong>quali</strong></span> 
     </span>
    </p>
   </div>
   <div class='ocr_carea' id='block_1_50' title="bbox 257 2765 1835 2841">
    <p class='ocr_par' dir='ltr' id='par_1_50' title="bbox 257 2765 1832 2841">
     <span class='ocr_line' id='line_1_50' title="bbox 257 2765 1832 2841; baseline 0.004 -24"><span class='ocrx_word' id='word_1_408' title='bbox 257 2765 685 2834; x_wconf 79' lang='grc' dir='ltr'>συνεζευγμένον</span> <span class='ocrx_word' id='word_1_409' title='bbox 721 2767 786 2835; x_wconf 83' lang='grc' dir='ltr'>τῇ</span> <span class='ocrx_word' id='word_1_410' title='bbox 819 2768 981 2837; x_wconf 75' lang='grc' dir='ltr'>σαρκὶ</span> <span class='ocrx_word' id='word_1_411' title='bbox 1013 2766 1201 2838; x_wconf 78' lang='grc' dir='ltr'>ῥύπον,</span> <span class='ocrx_word' id='word_1_412' title='bbox 1240 2770 1332 2821; x_wconf 67' lang='grc' dir='ltr'><strong>καὶ</strong></span> <span class='ocrx_word' id='word_1_413' title='bbox 1352 2770 1414 2821; x_wconf 78' lang='grc' dir='ltr'>τὸ</span> <span class='ocrx_word' id='word_1_414' title='bbox 1451 2770 1704 2841; x_wconf 75' lang='grc' dir='ltr'>πενιχρὸν</span> <span class='ocrx_word' id='word_1_415' title='bbox 1735 2772 1832 2841; x_wconf 80' lang='grc' dir='ltr'><strong>τῆς</strong></span> 
     </span>
    </p>
   </div>
   <div class='ocr_carea' id='block_1_51' title="bbox 1928 2765 3506 2841">
    <p class='ocr_par' dir='ltr' id='par_1_51' title="bbox 1940 2767 3506 2835">
     <span class='ocr_line' id='line_1_51' title="bbox 1940 2767 3506 2835; baseline -0.005 -7"><span class='ocrx_word' id='word_1_416' title='bbox 1940 2775 2094 2828; x_wconf 86' lang='lat' dir='ltr'><strong>initio</strong></span> <span class='ocrx_word' id='word_1_417' title='bbox 2125 2781 2279 2826; x_wconf 88' lang='lat' dir='ltr'><strong>ortus</strong></span> <span class='ocrx_word' id='word_1_418' title='bbox 2313 2769 2383 2824; x_wconf 86' lang='lat' dir='ltr'><strong>sit</strong></span> <span class='ocrx_word' id='word_1_419' title='bbox 2405 2808 2420 2832; x_wconf 87' lang='lat'><strong>,</strong></span> <span class='ocrx_word' id='word_1_420' title='bbox 2453 2777 2508 2822; x_wconf 76' lang='lat' dir='ltr'><strong>et</strong></span> <span class='ocrx_word' id='word_1_421' title='bbox 2547 2769 2602 2822; x_wconf 89' lang='lat' dir='ltr'><strong>in</strong></span> <span class='ocrx_word' id='word_1_422' title='bbox 2636 2784 2798 2835; x_wconf 89' lang='lat' dir='ltr'><strong>quem</strong></span> <span class='ocrx_word' id='word_1_423' title='bbox 2836 2768 2997 2822; x_wconf 85' lang='lat' dir='ltr'><strong>linem</strong></span> <span class='ocrx_word' id='word_1_424' title='bbox 3034 2767 3198 2834; x_wconf 85' lang='lat' dir='ltr'><strong>hujus</strong></span> <span class='ocrx_word' id='word_1_425' title='bbox 3230 2767 3353 2819; x_wconf 76' lang='lat' dir='ltr'><strong>vitae</strong></span> <span class='ocrx_word' id='word_1_426' title='bbox 3382 2767 3506 2820; x_wconf 69' lang='grc' dir='ltr'>ιπε-</span> 
     </span>
    </p>
   </div>
   <div class='ocr_carea' id='block_1_52' title="bbox 257 2844 1835 2931">
    <p class='ocr_par' dir='ltr' id='par_1_52' title="bbox 257 2854 1833 2931">
     <span class='ocr_line' id='line_1_52' title="bbox 257 2854 1833 2931; baseline 0.003 -23"><span class='ocrx_word' id='word_1_427' title='bbox 257 2855 493 2922; x_wconf 74' lang='grc' dir='ltr'>φύσεως,</span> <span class='ocrx_word' id='word_1_428' title='bbox 532 2857 592 2909; x_wconf 77' lang='grc' dir='ltr'>τὸ</span> <span class='ocrx_word' id='word_1_429' title='bbox 622 2856 695 2927; x_wconf 80' lang='grc' dir='ltr'>μὴ</span> <span class='ocrx_word' id='word_1_430' title='bbox 727 2854 862 2909; x_wconf 79' lang='grc' dir='ltr'>εἶναι</span> <span class='ocrx_word' id='word_1_431' title='bbox 897 2857 1063 2928; x_wconf 77' lang='grc' dir='ltr'>αὐτὴν</span> <span class='ocrx_word' id='word_1_432' title='bbox 1091 2859 1336 2929; x_wconf 75' lang='grc' dir='ltr'>αὐτάρκη</span> <span class='ocrx_word' id='word_1_433' title='bbox 1371 2859 1437 2912; x_wconf 89' lang='grc' dir='ltr'><strong>δι’</strong></span> <span class='ocrx_word' id='word_1_434' title='bbox 1470 2861 1668 2930; x_wconf 80' lang='grc' dir='ltr'>ἑαυτῆς</span> <span class='ocrx_word' id='word_1_435' title='bbox 1699 2861 1833 2931; x_wconf 85' lang='grc' dir='ltr'>πρὸς</span> 
     </span>
    </p>
   </div>
   <div class='ocr_carea' id='block_1_53' title="bbox 1929 2844 3507 2931">
    <p class='ocr_par' dir='ltr' id='par_1_53' title="bbox 1939 2844 3507 2930">
     <span class='ocr_line' id='line_1_53' title="bbox 1939 2844 3507 2930; baseline -0.004 -12"><span class='ocrx_word' id='word_1_436' title='bbox 1939 2866 2021 2919; x_wconf 88' lang='lat' dir='ltr'><strong>vis</strong></span> <span class='ocrx_word' id='word_1_437' title='bbox 2054 2864 2234 2916; x_wconf 81' lang='lat' dir='ltr'><strong>ﬂuxus</strong></span> <span class='ocrx_word' id='word_1_438' title='bbox 2262 2868 2424 2930; x_wconf 89' lang='lat' dir='ltr'><strong>atque</strong></span> <span class='ocrx_word' id='word_1_439' title='bbox 2455 2874 2652 2914; x_wconf 85' lang='lat' dir='ltr'><strong>cursus</strong></span> <span class='ocrx_word' id='word_1_440' title='bbox 2674 2844 2861 2912; x_wconf 76' lang='lat' dir='ltr'><strong>tendat</strong></span> <span class='ocrx_word' id='word_1_441' title='bbox 2882 2898 2897 2920; x_wconf 88' lang='lat'><strong>,</strong></span> <span class='ocrx_word' id='word_1_442' title='bbox 2930 2867 2981 2912; x_wconf 89' lang='lat' dir='ltr'><strong>et</strong></span> <span class='ocrx_word' id='word_1_443' title='bbox 3006 2857 3157 2912; x_wconf 79' lang='lat' dir='ltr'><strong>carni</strong></span> <span class='ocrx_word' id='word_1_444' title='bbox 3182 2856 3507 2924; x_wconf 68' lang='lat' dir='ltr'><strong>conjuncta!</strong></span> 
     </span>
    </p>
   </div>
   <div class='ocr_carea' id='block_1_54' title="bbox 258 2946 1836 3021">
    <p class='ocr_par' dir='ltr' id='par_1_54' title="bbox 258 2946 1833 3021">
     <span class='ocr_line' id='line_1_54' title="bbox 258 2946 1833 3021; baseline 0.004 -24"><span class='ocrx_word' id='word_1_445' title='bbox 258 2946 355 3017; x_wconf 81' lang='grc' dir='ltr'>τὴν</span> <span class='ocrx_word' id='word_1_446' title='bbox 388 2948 527 2999; x_wconf 79' lang='grc' dir='ltr'>ίδίαν</span> <span class='ocrx_word' id='word_1_447' title='bbox 554 2948 831 3007; x_wconf 81' lang='grc' dir='ltr'>σύστασιν,</span> <span class='ocrx_word' id='word_1_448' title='bbox 868 2948 917 3000; x_wconf 80' lang='grc' dir='ltr'><strong>εί</strong></span> <span class='ocrx_word' id='word_1_449' title='bbox 954 2950 1027 3018; x_wconf 81' lang='grc' dir='ltr'><strong>μὴ</strong></span> <span class='ocrx_word' id='word_1_450' title='bbox 1063 2952 1126 3018; x_wconf 77' lang='grc' dir='ltr'>τῇ</span> <span class='ocrx_word' id='word_1_451' title='bbox 1156 2951 1442 3021; x_wconf 77' lang='grc' dir='ltr'>περιουσίᾳ</span> <span class='ocrx_word' id='word_1_452' title='bbox 1474 2951 1582 3003; x_wconf 77' lang='grc' dir='ltr'>τῶν</span> <span class='ocrx_word' id='word_1_453' title='bbox 1624 2951 1833 3018; x_wconf 82' lang='grc' dir='ltr'>ἀλόγων</span> 
     </span>
    </p>
   </div>
   <div class='ocr_carea' id='block_1_55' title="bbox 1932 2946 3510 3021">
    <p class='ocr_par' dir='ltr' id='par_1_55' title="bbox 1940 2948 3510 3021">
     <span class='ocr_line' id='line_1_55' title="bbox 1940 2948 3510 3021; baseline -0.008 -9"><span class='ocrx_word' id='word_1_454' title='bbox 1940 2957 2170 3019; x_wconf 79' lang='lat' dir='ltr'><strong>sordes,</strong></span> <span class='ocrx_word' id='word_1_455' title='bbox 2200 2962 2520 3020; x_wconf 80' lang='lat' dir='ltr'><strong>naturaeque</strong></span> <span class='ocrx_word' id='word_1_456' title='bbox 2547 2951 2821 3021; x_wconf 90' lang='lat' dir='ltr'><strong>inopiam,</strong></span> <span class='ocrx_word' id='word_1_457' title='bbox 2850 2949 2993 3020; x_wconf 90' lang='lat' dir='ltr'><strong>quod</strong></span> <span class='ocrx_word' id='word_1_458' title='bbox 3026 2964 3089 3003; x_wconf 90' lang='lat' dir='ltr'><strong>ea</strong></span> <span class='ocrx_word' id='word_1_459' title='bbox 3127 2948 3383 3001; x_wconf 89' lang='lat' dir='ltr'><strong>nimirum</strong></span> <span class='ocrx_word' id='word_1_460' title='bbox 3415 2963 3510 3017; x_wconf 86' lang='lat' dir='ltr'><strong>per</strong></span> 
     </span>
    </p>
   </div>
   <div class='ocr_carea' id='block_1_56' title="bbox 258 3037 1836 3115">
    <p class='ocr_par' dir='ltr' id='par_1_56' title="bbox 258 3037 1834 3109">
     <span class='ocr_line' id='line_1_56' title="bbox 258 3037 1834 3109; baseline 0.003 -20"><span class='ocrx_word' id='word_1_461' title='bbox 258 3038 318 3090; x_wconf 75' lang='grc' dir='ltr'>τὸ</span> <span class='ocrx_word' id='word_1_462' title='bbox 337 3037 515 3091; x_wconf 80' lang='grc' dir='ltr'>ὲνδέον</span> <span class='ocrx_word' id='word_1_463' title='bbox 543 3037 986 3109; x_wconf 86' lang='grc' dir='ltr'>ἀναπληρώσειεν</span> <span class='ocrx_word' id='word_1_464' title='bbox 1007 3055 1022 3070; x_wconf 79' lang='grc' dir='ltr'><strong>ο</strong></span> <span class='ocrx_word' id='word_1_465' title='bbox 1050 3039 1223 3103; x_wconf 90' lang='grc' dir='ltr'>λύπας</span> <span class='ocrx_word' id='word_1_466' title='bbox 1252 3057 1312 3093; x_wconf 87' lang='grc' dir='ltr'><strong>τε</strong></span> <span class='ocrx_word' id='word_1_467' title='bbox 1346 3042 1478 3109; x_wconf 68' lang='grc' dir='ltr'>πρὸς</span> <span class='ocrx_word' id='word_1_468' title='bbox 1503 3041 1712 3105; x_wconf 87' lang='grc' dir='ltr'>τούτοις</span> <span class='ocrx_word' id='word_1_469' title='bbox 1740 3043 1834 3095; x_wconf 78' lang='grc' dir='ltr'><strong>καὶ</strong></span> 
     </span>
    </p>
   </div>
   <div class='ocr_carea' id='block_1_57' title="bbox 1930 3037 3508 3115">
    <p class='ocr_par' dir='ltr' id='par_1_57' title="bbox 1937 3039 3508 3103">
     <span class='ocr_line' id='line_1_57' title="bbox 1937 3039 3508 3103; baseline -0.007 0"><span class='ocrx_word' id='word_1_470' title='bbox 1937 3063 2059 3103; x_wconf 89' lang='lat' dir='ltr'><strong>sese</strong></span> <span class='ocrx_word' id='word_1_471' title='bbox 2093 3045 2366 3099; x_wconf 85' lang='lat' dir='ltr'><strong>sulliciens</strong></span> <span class='ocrx_word' id='word_1_472' title='bbox 2402 3059 2509 3096; x_wconf 91' lang='lat' dir='ltr'><strong>non</strong></span> <span class='ocrx_word' id='word_1_473' title='bbox 2543 3041 2615 3096; x_wconf 87' lang='lat' dir='ltr'><strong>sit</strong></span> <span class='ocrx_word' id='word_1_474' title='bbox 2647 3040 2713 3095; x_wconf 89' lang='lat' dir='ltr'><strong>ad</strong></span> <span class='ocrx_word' id='word_1_475' title='bbox 2749 3041 2833 3096; x_wconf 84' lang='lat' dir='ltr'><strong>sui</strong></span> <span class='ocrx_word' id='word_1_476' title='bbox 2867 3040 3335 3095; x_wconf 86' lang='lat' dir='ltr'><strong>conservationem</strong></span> <span class='ocrx_word' id='word_1_477' title='bbox 3356 3076 3371 3100; x_wconf 89' lang='lat'><strong>,</strong></span> <span class='ocrx_word' id='word_1_478' title='bbox 3405 3039 3508 3092; x_wconf 90' lang='lat' dir='ltr'><strong>nisi</strong></span> 
     </span>
    </p>
   </div>
   <div class='ocr_carea' id='block_1_58' title="bbox 261 3128 1839 3208">
    <p class='ocr_par' dir='ltr' id='par_1_58' title="bbox 261 3128 1832 3202">
     <span class='ocr_line' id='line_1_58' title="bbox 261 3128 1832 3202; baseline 0.003 -21"><span class='ocrx_word' id='word_1_479' title='bbox 261 3128 430 3200; x_wconf 83' lang='grc' dir='ltr'>πένθη</span> <span class='ocrx_word' id='word_1_480' title='bbox 475 3130 571 3182; x_wconf 76' lang='grc' dir='ltr'><strong>καὶ</strong></span> <span class='ocrx_word' id='word_1_481' title='bbox 607 3129 911 3200; x_wconf 81' lang='grc' dir='ltr'>συμφορὰς.</span> <span class='ocrx_word' id='word_1_482' title='bbox 951 3131 1047 3194; x_wconf 85' lang='grc' dir='ltr'>τάς</span> <span class='ocrx_word' id='word_1_483' title='bbox 1088 3148 1146 3183; x_wconf 88' lang='grc' dir='ltr'><strong>τε</strong></span> <span class='ocrx_word' id='word_1_484' title='bbox 1199 3131 1566 3202; x_wconf 82' lang='grc' dir='ltr'>πολυτρόπους</span> <span class='ocrx_word' id='word_1_485' title='bbox 1605 3132 1713 3185; x_wconf 83' lang='grc' dir='ltr'><strong>τῶν</strong></span> <span class='ocrx_word' id='word_1_486' title='bbox 1747 3149 1832 3184; x_wconf 91' lang='grc' dir='ltr'>νο-</span> 
     </span>
    </p>
   </div>
   <div class='ocr_carea' id='block_1_59' title="bbox 1931 3128 3509 3208">
    <p class='ocr_par' dir='ltr' id='par_1_59' title="bbox 1938 3130 3509 3208">
     <span class='ocr_line' id='line_1_59' title="bbox 1938 3130 3509 3208; baseline -0.007 -13"><span class='ocrx_word' id='word_1_487' title='bbox 1938 3141 2094 3208; x_wconf 79' lang='lat' dir='ltr'><strong>eopia</strong></span> <span class='ocrx_word' id='word_1_488' title='bbox 2124 3139 2414 3192; x_wconf 90' lang='lat' dir='ltr'><strong>brutorum</strong></span> <span class='ocrx_word' id='word_1_489' title='bbox 2439 3133 2756 3189; x_wconf 89' lang='lat' dir='ltr'><strong>animalium</strong></span> <span class='ocrx_word' id='word_1_490' title='bbox 2789 3134 3036 3201; x_wconf 89' lang='lat' dir='ltr'><strong>suppleat</strong></span> <span class='ocrx_word' id='word_1_491' title='bbox 3062 3131 3115 3185; x_wconf 90' lang='lat' dir='ltr'><strong>id</strong></span> <span class='ocrx_word' id='word_1_492' title='bbox 3145 3130 3290 3201; x_wconf 90' lang='lat' dir='ltr'><strong>quod</strong></span> <span class='ocrx_word' id='word_1_493' title='bbox 3318 3131 3468 3185; x_wconf 84' lang='lat' dir='ltr'><strong>deest</strong></span> <span class='ocrx_word' id='word_1_494' title='bbox 3495 3149 3509 3184; x_wconf 89' lang='lat'>:</span> 
     </span>
    </p>
   </div>
   <div class='ocr_carea' id='block_1_60' title="bbox 261 3215 1839 3294">
    <p class='ocr_par' dir='ltr' id='par_1_60' title="bbox 261 3215 1832 3294">
     <span class='ocr_line' id='line_1_60' title="bbox 261 3215 1832 3294; baseline 0.003 -22"><span class='ocrx_word' id='word_1_495' title='bbox 261 3221 520 3289; x_wconf 83' lang='grc' dir='ltr'>σημάτων</span> <span class='ocrx_word' id='word_1_496' title='bbox 553 3220 717 3284; x_wconf 75' lang='grc' dir='ltr'>ἰδέας,</span> <span class='ocrx_word' id='word_1_497' title='bbox 750 3215 835 3285; x_wconf 81' lang='grc' dir='ltr'>αἷς</span> <span class='ocrx_word' id='word_1_498' title='bbox 870 3222 1153 3275; x_wconf 81' lang='grc' dir='ltr'>ὑπόκειται</span> <span class='ocrx_word' id='word_1_499' title='bbox 1187 3225 1220 3292; x_wconf 78' lang='grc' dir='ltr'><strong>ἡ</strong></span> <span class='ocrx_word' id='word_1_500' title='bbox 1253 3223 1567 3294; x_wconf 86' lang='grc' dir='ltr'>ἀνθρωπίνη</span> <span class='ocrx_word' id='word_1_501' title='bbox 1595 3223 1729 3293; x_wconf 79' lang='grc' dir='ltr'>ζωὴ,</span> <span class='ocrx_word' id='word_1_502' title='bbox 1757 3216 1832 3277; x_wconf 78' lang='grc' dir='ltr'>ὧν</span> 
     </span>
    </p>
   </div>
   <div class='ocr_carea' id='block_1_61' title="bbox 1934 3215 3512 3294">
    <p class='ocr_par' dir='ltr' id='par_1_61' title="bbox 1940 3220 3512 3290">
     <span class='ocr_line' id='line_1_61' title="bbox 1940 3220 3512 3290; baseline -0.006 -5"><span class='ocrx_word' id='word_1_503' title='bbox 1940 3230 2127 3285; x_wconf 69' lang='lat' dir='ltr'><strong>adbtec</strong></span> <span class='ocrx_word' id='word_1_504' title='bbox 2150 3227 2449 3290; x_wconf 89' lang='lat' dir='ltr'><strong>molestias,</strong></span> <span class='ocrx_word' id='word_1_505' title='bbox 2483 3226 2684 3287; x_wconf 90' lang='lat' dir='ltr'><strong>luctus,</strong></span> <span class='ocrx_word' id='word_1_506' title='bbox 2716 3223 3061 3277; x_wconf 87' lang='lat' dir='ltr'><strong>calamitates</strong></span> <span class='ocrx_word' id='word_1_507' title='bbox 3087 3232 3140 3276; x_wconf 91' lang='lat' dir='ltr'><strong>et</strong></span> <span class='ocrx_word' id='word_1_508' title='bbox 3167 3220 3512 3276; x_wconf 85' lang='lat' dir='ltr'><strong>omnimodas</strong></span> 
     </span>
    </p>
   </div>
   <div class='ocr_carea' id='block_1_62' title="bbox 259 3310 1837 3386">
    <p class='ocr_par' dir='ltr' id='par_1_62' title="bbox 259 3310 1832 3384">
     <span class='ocr_line' id='line_1_62' title="bbox 259 3310 1832 3384; baseline 0.004 -21"><span class='ocrx_word' id='word_1_509' title='bbox 259 3312 358 3364; x_wconf 82' lang='grc' dir='ltr'><strong>οὑκ</strong></span> <span class='ocrx_word' id='word_1_510' title='bbox 401 3310 546 3363; x_wconf 78' lang='grc' dir='ltr'>ἐστιν</span> <span class='ocrx_word' id='word_1_511' title='bbox 582 3311 729 3374; x_wconf 85' lang='grc' dir='ltr'>ὅστις</span> <span class='ocrx_word' id='word_1_512' title='bbox 768 3312 833 3364; x_wconf 82' lang='grc' dir='ltr'>ὲκ</span> <span class='ocrx_word' id='word_1_513' title='bbox 865 3311 1077 3379; x_wconf 81' lang='grc' dir='ltr'>φύσεως</span> <span class='ocrx_word' id='word_1_514' title='bbox 1113 3314 1306 3384; x_wconf 82' lang='grc' dir='ltr'>ἀτελής</span> <span class='ocrx_word' id='word_1_515' title='bbox 1342 3316 1456 3367; x_wconf 76' lang='grc' dir='ltr'>ἐστι</span> <span class='ocrx_word' id='word_1_516' title='bbox 1494 3315 1587 3368; x_wconf 75' lang='grc' dir='ltr'><strong>καὶ</strong></span> <span class='ocrx_word' id='word_1_517' title='bbox 1620 3314 1832 3369; x_wconf 76' lang='grc' dir='ltr'>ἐλεύθε-</span> 
     </span>
    </p>
   </div>
   <div class='ocr_carea' id='block_1_63' title="bbox 1937 3310 3515 3386">
    <p class='ocr_par' dir='ltr' id='par_1_63' title="bbox 1940 3314 3515 3386">
     <span class='ocr_line' id='line_1_63' title="bbox 1940 3314 3515 3386; baseline -0.008 -9"><span class='ocrx_word' id='word_1_518' title='bbox 1940 3322 2250 3377; x_wconf 85' lang='lat' dir='ltr'><strong>morburum</strong></span> <span class='ocrx_word' id='word_1_519' title='bbox 2276 3318 2501 3379; x_wconf 82' lang='lat' dir='ltr'><strong>formas,</strong></span> <span class='ocrx_word' id='word_1_520' title='bbox 2525 3317 2727 3386; x_wconf 91' lang='lat' dir='ltr'><strong>quibus</strong></span> <span class='ocrx_word' id='word_1_521' title='bbox 2750 3315 2982 3370; x_wconf 84' lang='lat' dir='ltr'><strong>obnoxia</strong></span> <span class='ocrx_word' id='word_1_522' title='bbox 3008 3314 3114 3367; x_wconf 86' lang='lat' dir='ltr'><strong>vita</strong></span> <span class='ocrx_word' id='word_1_523' title='bbox 3140 3314 3374 3367; x_wconf 89' lang='lat' dir='ltr'><strong>humana</strong></span> <span class='ocrx_word' id='word_1_524' title='bbox 3396 3321 3515 3379; x_wconf 86' lang='lat' dir='ltr'><strong>est,</strong></span> 
     </span>
    </p>
   </div>
   <div class='ocr_carea' id='block_1_64' title="bbox 265 3400 1843 3480">
    <p class='ocr_par' dir='ltr' id='par_1_64' title="bbox 265 3400 1835 3477">
     <span class='ocr_line' id='line_1_64' title="bbox 265 3400 1835 3477; baseline 0.003 -24"><span class='ocrx_word' id='word_1_525' title='bbox 265 3418 373 3471; x_wconf 86' lang='grc' dir='ltr'>ρος.</span> <span class='ocrx_word' id='word_1_526' title='bbox 402 3400 588 3454; x_wconf 80' lang='grc' dir='ltr'>Ταῦτα</span> <span class='ocrx_word' id='word_1_527' title='bbox 612 3402 676 3454; x_wconf 87' lang='grc' dir='ltr'>δι’</span> <span class='ocrx_word' id='word_1_528' title='bbox 708 3402 990 3472; x_wconf 76' lang='grc' dir='ltr'>ἀκριϐείας</span> <span class='ocrx_word' id='word_1_529' title='bbox 1018 3403 1411 3474; x_wconf 81' lang='grc' dir='ltr'>κεκαθαρμένῳ</span> <span class='ocrx_word' id='word_1_530' title='bbox 1439 3404 1516 3475; x_wconf 82' lang='grc' dir='ltr'>τῷ</span> <span class='ocrx_word' id='word_1_531' title='bbox 1541 3405 1639 3474; x_wconf 81' lang='grc' dir='ltr'>τῆς</span> <span class='ocrx_word' id='word_1_532' title='bbox 1658 3406 1835 3477; x_wconf 80' lang='grc' dir='ltr'>ψυχῆς</span> 
     </span>
    </p>
   </div>
   <div class='ocr_carea' id='block_1_65' title="bbox 1937 3400 3515 3480">
    <p class='ocr_par' dir='ltr' id='par_1_65' title="bbox 1942 3404 3515 3480">
     <span class='ocr_line' id='line_1_65' title="bbox 1942 3404 3515 3480; baseline -0.005 -15"><span class='ocrx_word' id='word_1_533' title='bbox 1942 3426 1971 3465; x_wconf 89' lang='lat' dir='ltr'><strong>a</strong></span> <span class='ocrx_word' id='word_1_534' title='bbox 2006 3412 2206 3480; x_wconf 89' lang='lat' dir='ltr'><strong>quibus</strong></span> <span class='ocrx_word' id='word_1_535' title='bbox 2239 3424 2401 3463; x_wconf 90' lang='lat' dir='ltr'><strong>nemo</strong></span> <span class='ocrx_word' id='word_1_536' title='bbox 2428 3417 2622 3461; x_wconf 89' lang='lat' dir='ltr'><strong>natura</strong></span> <span class='ocrx_word' id='word_1_537' title='bbox 2654 3407 2791 3460; x_wconf 86' lang='lat' dir='ltr'><strong>liber</strong></span> <span class='ocrx_word' id='word_1_538' title='bbox 2815 3413 2869 3460; x_wconf 90' lang='lat' dir='ltr'><strong>et</strong></span> <span class='ocrx_word' id='word_1_539' title='bbox 2892 3404 3150 3459; x_wconf 90' lang='lat' dir='ltr'><strong>immunis</strong></span> <span class='ocrx_word' id='word_1_540' title='bbox 3175 3411 3278 3466; x_wconf 86' lang='lat' dir='ltr'><strong>est,</strong></span> <span class='ocrx_word' id='word_1_541' title='bbox 3333 3405 3443 3457; x_wconf 73' lang='lat' dir='ltr'><strong>me</strong></span> <span class='ocrx_word' id='word_1_542' title='bbox 3468 3404 3515 3457; x_wconf 87' lang='lat' dir='ltr'><strong>si</strong></span> 
     </span>
    </p>
   </div>
   <div class='ocr_carea' id='block_1_66' title="bbox 259 3489 1837 3569">
    <p class='ocr_par' dir='ltr' id='par_1_66' title="bbox 259 3492 1835 3565">
     <span class='ocr_line' id='line_1_66' title="bbox 259 3492 1835 3565; baseline 0.003 -22"><span class='ocrx_word' id='word_1_543' title='bbox 259 3492 522 3561; x_wconf 64' lang='grc' dir='ltr'>ὀφθαλμῷ</span> <span class='ocrx_word' id='word_1_544' title='bbox 561 3492 795 3561; x_wconf 80' lang='grc' dir='ltr'>βλέπων,</span> <span class='ocrx_word' id='word_1_545' title='bbox 835 3494 934 3545; x_wconf 80' lang='grc' dir='ltr'><strong>οὐκ</strong></span> <span class='ocrx_word' id='word_1_546' title='bbox 974 3494 1040 3545; x_wconf 88' lang='grc' dir='ltr'><strong>ἂν</strong></span> <span class='ocrx_word' id='word_1_547' title='bbox 1081 3496 1278 3564; x_wconf 70' lang='grc' dir='ltr'>ῥᾳδίως</span> <span class='ocrx_word' id='word_1_548' title='bbox 1311 3495 1449 3565; x_wconf 73' lang='grc' dir='ltr'>πρὸς</span> <span class='ocrx_word' id='word_1_549' title='bbox 1478 3496 1576 3559; x_wconf 73' lang='grc' dir='ltr'>τὰς</span> <span class='ocrx_word' id='word_1_550' title='bbox 1607 3496 1715 3549; x_wconf 83' lang='grc' dir='ltr'><strong>τῶν</strong></span> <span class='ocrx_word' id='word_1_551' title='bbox 1751 3514 1835 3548; x_wconf 86' lang='grc' dir='ltr'>τι-</span> 
     </span>
    </p>
   </div>
   <div class='ocr_carea' id='block_1_67' title="bbox 1939 3489 3517 3569">
    <p class='ocr_par' dir='ltr' id='par_1_67' title="bbox 1946 3489 3517 3569">
     <span class='ocr_line' id='line_1_67' title="bbox 1946 3489 3517 3569; baseline -0.006 -16"><span class='ocrx_word' id='word_1_552' title='bbox 1946 3501 2072 3569; x_wconf 89' lang='lat' dir='ltr'><strong>quis</strong></span> <span class='ocrx_word' id='word_1_553' title='bbox 2104 3498 2392 3566; x_wconf 83' lang='lat' dir='ltr'><strong>diligenter</strong></span> <span class='ocrx_word' id='word_1_554' title='bbox 2427 3511 2564 3566; x_wconf 91' lang='lat' dir='ltr'><strong>puro</strong></span> <span class='ocrx_word' id='word_1_555' title='bbox 2601 3494 2766 3548; x_wconf 90' lang='lat' dir='ltr'><strong>animi</strong></span> <span class='ocrx_word' id='word_1_556' title='bbox 2803 3493 2965 3546; x_wconf 93' lang='lat' dir='ltr'><strong>oculo</strong></span> <span class='ocrx_word' id='word_1_557' title='bbox 2998 3502 3220 3552; x_wconf 88' lang='lat' dir='ltr'><strong>cernat,</strong></span> <span class='ocrx_word' id='word_1_558' title='bbox 3257 3491 3401 3544; x_wconf 88' lang='lat' dir='ltr'><strong>baud</strong></span> <span class='ocrx_word' id='word_1_559' title='bbox 3439 3489 3517 3543; x_wconf 81' lang='lat' dir='ltr'><strong>fa-</strong></span> 
     </span>
    </p>
   </div>
   <div class='ocr_carea' id='block_1_68' title="bbox 266 3582 1844 3658">
    <p class='ocr_par' dir='ltr' id='par_1_68' title="bbox 266 3582 1836 3658">
     <span class='ocr_line' id='line_1_68' title="bbox 266 3582 1836 3658; baseline 0.003 -23"><span class='ocrx_word' id='word_1_560' title='bbox 266 3584 382 3654; x_wconf 82' lang='grc' dir='ltr'>μῶν</span> <span class='ocrx_word' id='word_1_561' title='bbox 430 3583 693 3652; x_wconf 72' lang='grc' dir='ltr'>ἐλλείψεις</span> <span class='ocrx_word' id='word_1_562' title='bbox 734 3586 1183 3654; x_wconf 78' lang='grc' dir='ltr'>ἀγανακτήσειεν.</span> <span class='ocrx_word' id='word_1_563' title='bbox 1229 3586 1303 3639; x_wconf 81' lang='grc' dir='ltr'><strong>Τὸ</strong></span> <span class='ocrx_word' id='word_1_564' title='bbox 1340 3587 1579 3640; x_wconf 76' lang='grc' dir='ltr'>ἐναντίον</span> <span class='ocrx_word' id='word_1_565' title='bbox 1608 3582 1836 3658; x_wconf 33' lang='grc' dir='ltr'>μὲνιοῦν</span> 
     </span>
    </p>
   </div>
   <div class='ocr_carea' id='block_1_69' title="bbox 1939 3582 3517 3658">
    <p class='ocr_par' dir='ltr' id='par_1_69' title="bbox 1943 3583 3517 3645">
     <span class='ocr_line' id='line_1_69' title="bbox 1943 3583 3517 3645; baseline -0.007 0"><span class='ocrx_word' id='word_1_566' title='bbox 1943 3591 2045 3645; x_wconf 88' lang='lat' dir='ltr'><strong>cile</strong></span> <span class='ocrx_word' id='word_1_567' title='bbox 2080 3589 2144 3643; x_wconf 87' lang='lat' dir='ltr'><strong>ad</strong></span> <span class='ocrx_word' id='word_1_568' title='bbox 2180 3589 2445 3643; x_wconf 88' lang='lat' dir='ltr'><strong>bonorum</strong></span> <span class='ocrx_word' id='word_1_569' title='bbox 2481 3585 2727 3640; x_wconf 76' lang='lat' dir='ltr'><strong>defectus</strong></span> <span class='ocrx_word' id='word_1_570' title='bbox 2759 3583 3197 3637; x_wconf 85' lang='lat' dir='ltr'><strong>commovebitur</strong></span> <span class='ocrx_word' id='word_1_571' title='bbox 3230 3590 3284 3635; x_wconf 91' lang='lat' dir='ltr'><strong>et</strong></span> <span class='ocrx_word' id='word_1_572' title='bbox 3315 3597 3517 3635; x_wconf 77' lang='lat' dir='ltr'><strong>excan-</strong></span> 
     </span>
    </p>
   </div>
   <div class='ocr_carea' id='block_1_70' title="bbox 262 3675 1840 3748">
    <p class='ocr_par' dir='ltr' id='par_1_70' title="bbox 262 3675 1837 3748">
     <span class='ocr_line' id='line_1_70' title="bbox 262 3675 1837 3748; baseline 0.002 -21"><span class='ocrx_word' id='word_1_573' title='bbox 262 3675 479 3743; x_wconf 81' lang='grc' dir='ltr'>ἁπάτην</span> <span class='ocrx_word' id='word_1_574' title='bbox 524 3676 787 3743; x_wconf 74' lang='grc' dir='ltr'>ἡγήσεται</span> <span class='ocrx_word' id='word_1_575' title='bbox 832 3675 928 3745; x_wconf 84' lang='grc' dir='ltr'>τὴν</span> <span class='ocrx_word' id='word_1_576' title='bbox 974 3676 1064 3728; x_wconf 80' lang='grc' dir='ltr'>ἐπί</span> <span class='ocrx_word' id='word_1_577' title='bbox 1096 3693 1199 3729; x_wconf 90' lang='grc' dir='ltr'>τινι</span> <span class='ocrx_word' id='word_1_578' title='bbox 1245 3678 1657 3748; x_wconf 86' lang='grc' dir='ltr'>προσαγομένην</span> <span class='ocrx_word' id='word_1_579' title='bbox 1689 3677 1837 3748; x_wconf 81' lang='grc' dir='ltr'>αὐτῷ</span> 
     </span>
    </p>
   </div>
   <div class='ocr_carea' id='block_1_71' title="bbox 1942 3675 3520 3748">
    <p class='ocr_par' dir='ltr' id='par_1_71' title="bbox 1942 3676 3520 3748">
     <span class='ocr_line' id='line_1_71' title="bbox 1942 3676 3520 3748; baseline -0.004 -14"><span class='ocrx_word' id='word_1_580' title='bbox 1942 3680 2159 3744; x_wconf 90' lang='lat' dir='ltr'><strong>descet;</strong></span> <span class='ocrx_word' id='word_1_581' title='bbox 2203 3678 2447 3748; x_wconf 88' lang='lat' dir='ltr'><strong>quinimo</strong></span> <span class='ocrx_word' id='word_1_582' title='bbox 2493 3684 2684 3731; x_wconf 87' lang='lat' dir='ltr'><strong>contra</strong></span> <span class='ocrx_word' id='word_1_583' title='bbox 2725 3676 2968 3731; x_wconf 79' lang='lat' dir='ltr'><strong>fraudem</strong></span> <span class='ocrx_word' id='word_1_584' title='bbox 3006 3676 3167 3729; x_wconf 90' lang='lat' dir='ltr'><strong>ducet</strong></span> <span class='ocrx_word' id='word_1_585' title='bbox 3198 3691 3318 3731; x_wconf 89' lang='lat' dir='ltr'><strong>esse</strong></span> <span class='ocrx_word' id='word_1_586' title='bbox 3345 3676 3520 3729; x_wconf 73' lang='lat' dir='ltr'><strong>hono-</strong></span> 
     </span>
    </p>
   </div>
   <div class='ocr_carea' id='block_1_72' title="bbox 265 3765 1843 3840">
    <p class='ocr_par' dir='ltr' id='par_1_72' title="bbox 265 3765 1836 3840">
     <span class='ocr_line' id='line_1_72' title="bbox 265 3765 1836 3840; baseline 0.003 -22"><span class='ocrx_word' id='word_1_587' title='bbox 265 3766 416 3836; x_wconf 66' lang='grc' dir='ltr'>παρὰ</span> <span class='ocrx_word' id='word_1_588' title='bbox 452 3765 547 3817; x_wconf 70' lang='grc' dir='ltr'>τοῦ</span> <span class='ocrx_word' id='word_1_589' title='bbox 578 3766 745 3828; x_wconf 88' lang='grc' dir='ltr'>πέλας</span> <span class='ocrx_word' id='word_1_590' title='bbox 782 3767 965 3838; x_wconf 76' lang='grc' dir='ltr'>τιμὴ-ι,</span> <span class='ocrx_word' id='word_1_591' title='bbox 1000 3769 1098 3821; x_wconf 73' lang='grc' dir='ltr'><strong>οὐκ</strong></span> <span class='ocrx_word' id='word_1_592' title='bbox 1130 3768 1280 3832; x_wconf 75' lang='grc' dir='ltr'>ὄντος</span> <span class='ocrx_word' id='word_1_593' title='bbox 1316 3771 1445 3840; x_wconf 76' lang='grc' dir='ltr'>ἡμῖν</span> <span class='ocrx_word' id='word_1_594' title='bbox 1484 3771 1542 3821; x_wconf 79' lang='grc' dir='ltr'>ἐν</span> <span class='ocrx_word' id='word_1_595' title='bbox 1573 3774 1637 3840; x_wconf 83' lang='grc' dir='ltr'>τῇ</span> <span class='ocrx_word' id='word_1_596' title='bbox 1678 3769 1836 3838; x_wconf 77' lang='grc' dir='ltr'>φύσει</span> 
     </span>
    </p>
   </div>
   <div class='ocr_carea' id='block_1_73' title="bbox 1937 3765 3515 3840">
    <p class='ocr_par' dir='ltr' id='par_1_73' title="bbox 1944 3765 3515 3839">
     <span class='ocr_line' id='line_1_73' title="bbox 1944 3765 3515 3839; baseline -0.004 -15"><span class='ocrx_word' id='word_1_597' title='bbox 1944 3787 2057 3826; x_wconf 87' lang='lat' dir='ltr'><strong>rem</strong></span> <span class='ocrx_word' id='word_1_598' title='bbox 2083 3812 2096 3835; x_wconf 91' lang='lat'><strong>,</strong></span> <span class='ocrx_word' id='word_1_599' title='bbox 2130 3785 2237 3839; x_wconf 92' lang='lat' dir='ltr'><strong>quo</strong></span> <span class='ocrx_word' id='word_1_600' title='bbox 2272 3771 2342 3823; x_wconf 93' lang='lat' dir='ltr'><strong>ob</strong></span> <span class='ocrx_word' id='word_1_601' title='bbox 2376 3783 2487 3821; x_wconf 84' lang='lat' dir='ltr'><strong>rem</strong></span> <span class='ocrx_word' id='word_1_602' title='bbox 2524 3767 2837 3837; x_wconf 89' lang='lat' dir='ltr'><strong>quampiam</strong></span> <span class='ocrx_word' id='word_1_603' title='bbox 2870 3782 2897 3819; x_wconf 93' lang='lat' dir='ltr'><strong>a</strong></span> <span class='ocrx_word' id='word_1_604' title='bbox 2932 3769 3178 3836; x_wconf 84' lang='lat' dir='ltr'><strong>proximo</strong></span> <span class='ocrx_word' id='word_1_605' title='bbox 3208 3765 3473 3819; x_wconf 78' lang='lat' dir='ltr'><strong>alliciatur</strong></span> <span class='ocrx_word' id='word_1_606' title='bbox 3495 3806 3515 3831; x_wconf 82' lang='lat'><strong>,</strong></span> 
     </span>
    </p>
   </div>
   <div class='ocr_carea' id='block_1_74' title="bbox 264 3846 1842 3930">
    <p class='ocr_par' dir='ltr' id='par_1_74' title="bbox 264 3846 1838 3929">
     <span class='ocr_line' id='line_1_74' title="bbox 264 3846 1838 3929; baseline 0.003 -22"><span class='ocrx_word' id='word_1_607' title='bbox 264 3855 506 3908; x_wconf 81' lang='grc' dir='ltr'>τοιούτου</span> <span class='ocrx_word' id='word_1_608' title='bbox 535 3846 699 3919; x_wconf 77' lang='grc' dir='ltr'>τινὸς,</span> <span class='ocrx_word' id='word_1_609' title='bbox 729 3856 757 3908; x_wconf 82' lang='grc' dir='ltr'><strong>ὃ</strong></span> <span class='ocrx_word' id='word_1_610' title='bbox 784 3856 1005 3910; x_wconf 88' lang='grc' dir='ltr'>δύναται</span> <span class='ocrx_word' id='word_1_611' title='bbox 1040 3858 1140 3927; x_wconf 84' lang='grc' dir='ltr'>τὴν</span> <span class='ocrx_word' id='word_1_612' title='bbox 1175 3858 1310 3929; x_wconf 84' lang='grc' dir='ltr'>πρὸς</span> <span class='ocrx_word' id='word_1_613' title='bbox 1351 3859 1411 3911; x_wconf 81' lang='grc' dir='ltr'><strong>τὸ</strong></span> <span class='ocrx_word' id='word_1_614' title='bbox 1439 3858 1617 3929; x_wconf 89' lang='grc' dir='ltr'>τίμιον</span> <span class='ocrx_word' id='word_1_615' title='bbox 1650 3876 1838 3911; x_wconf 80' lang='grc' dir='ltr'>κοινω-</span> 
     </span>
    </p>
   </div>
   <div class='ocr_carea' id='block_1_75' title="bbox 1936 3846 3514 3930">
    <p class='ocr_par' dir='ltr' id='par_1_75' title="bbox 1944 3856 3514 3930">
     <span class='ocr_line' id='line_1_75' title="bbox 1944 3856 3514 3930; baseline 0 -17"><span class='ocrx_word' id='word_1_616' title='bbox 1944 3861 2145 3930; x_wconf 89' lang='lat' dir='ltr'><strong>quippe</strong></span> <span class='ocrx_word' id='word_1_617' title='bbox 2176 3874 2298 3913; x_wconf 89' lang='lat' dir='ltr'><strong>cum</strong></span> <span class='ocrx_word' id='word_1_618' title='bbox 2333 3858 2466 3910; x_wconf 85' lang='lat' dir='ltr'><strong>nihil</strong></span> <span class='ocrx_word' id='word_1_619' title='bbox 2501 3858 2608 3910; x_wconf 86' lang='lat' dir='ltr'><strong>tale</strong></span> <span class='ocrx_word' id='word_1_620' title='bbox 2645 3862 2695 3910; x_wconf 87' lang='lat' dir='ltr'><strong>in</strong></span> <span class='ocrx_word' id='word_1_621' title='bbox 2735 3864 2925 3910; x_wconf 90' lang='lat' dir='ltr'><strong>natura</strong></span> <span class='ocrx_word' id='word_1_622' title='bbox 2964 3865 3149 3910; x_wconf 83' lang='lat' dir='ltr'><strong>nostra</strong></span> <span class='ocrx_word' id='word_1_623' title='bbox 3180 3856 3514 3923; x_wconf 77' lang='lat' dir='ltr'><strong>habeamus,</strong></span> 
     </span>
    </p>
   </div>
   <div class='ocr_carea' id='block_1_76' title="bbox 262 3946 1840 4023">
    <p class='ocr_par' dir='ltr' id='par_1_76' title="bbox 262 3946 1840 4023">
     <span class='ocr_line' id='line_1_76' title="bbox 262 3946 1840 4023; baseline 0.003 -24"><span class='ocrx_word' id='word_1_624' title='bbox 262 3951 383 4000; x_wconf 81' lang='grc' dir='ltr'>νίαν</span> <span class='ocrx_word' id='word_1_625' title='bbox 417 3947 583 4016; x_wconf 81' lang='grc' dir='ltr'>ἔχειν,</span> <span class='ocrx_word' id='word_1_626' title='bbox 615 3949 664 3999; x_wconf 82' lang='grc' dir='ltr'><strong>εί</strong></span> <span class='ocrx_word' id='word_1_627' title='bbox 698 3947 771 4017; x_wconf 80' lang='grc' dir='ltr'>μὴ</span> <span class='ocrx_word' id='word_1_628' title='bbox 802 3949 942 4002; x_wconf 78' lang='grc' dir='ltr'>κατὰ</span> <span class='ocrx_word' id='word_1_629' title='bbox 969 3948 1146 4019; x_wconf 67' lang='grc' dir='ltr'>ψυχὴν</span> <span class='ocrx_word' id='word_1_630' title='bbox 1184 3950 1362 4019; x_wconf 86' lang='grc' dir='ltr'>μόνον,</span> <span class='ocrx_word' id='word_1_631' title='bbox 1391 3946 1458 4023; x_wconf 76' lang='grc' dir='ltr'>ἧς</span> <span class='ocrx_word' id='word_1_632' title='bbox 1498 3952 1531 4021; x_wconf 85' lang='grc' dir='ltr'><strong>ἡ</strong></span> <span class='ocrx_word' id='word_1_633' title='bbox 1572 3950 1705 4020; x_wconf 84' lang='grc' dir='ltr'>τιμὴ</span> <span class='ocrx_word' id='word_1_634' title='bbox 1740 3950 1840 4004; x_wconf 80' lang='grc' dir='ltr'>οὐκ</span> 
     </span>
    </p>
   </div>
   <div class='ocr_carea' id='block_1_77' title="bbox 1936 3946 3514 4023">
    <p class='ocr_par' dir='ltr' id='par_1_77' title="bbox 1944 3948 3514 4022">
     <span class='ocr_line' id='line_1_77' title="bbox 1944 3948 3514 4022; baseline -0.003 -17"><span class='ocrx_word' id='word_1_635' title='bbox 1944 3951 2087 4022; x_wconf 88' lang='lat' dir='ltr'><strong>quod</strong></span> <span class='ocrx_word' id='word_1_636' title='bbox 2114 3950 2286 4021; x_wconf 89' lang='lat' dir='ltr'><strong>possit</strong></span> <span class='ocrx_word' id='word_1_637' title='bbox 2313 3964 2434 4002; x_wconf 89' lang='lat' dir='ltr'><strong>cum</strong></span> <span class='ocrx_word' id='word_1_638' title='bbox 2466 3948 2727 4015; x_wconf 81' lang='lat' dir='ltr'><strong>dignitate</strong></span> <span class='ocrx_word' id='word_1_639' title='bbox 2757 3956 2810 4003; x_wconf 89' lang='lat' dir='ltr'><strong>et</strong></span> <span class='ocrx_word' id='word_1_640' title='bbox 2840 3949 3047 4002; x_wconf 89' lang='lat' dir='ltr'><strong>honore</strong></span> <span class='ocrx_word' id='word_1_641' title='bbox 3078 3949 3514 4003; x_wconf 84' lang='lat' dir='ltr'><strong>communionem</strong></span> 
     </span>
    </p>
   </div>
   <div class='ocr_carea' id='block_1_78' title="bbox 260 4037 1838 4111">
    <p class='ocr_par' dir='ltr' id='par_1_78' title="bbox 260 4037 1838 4111">
     <span class='ocr_line' id='line_1_78' title="bbox 260 4037 1838 4111; baseline 0.001 -20"><span class='ocrx_word' id='word_1_642' title='bbox 260 4038 371 4091; x_wconf 73' lang='grc' dir='ltr'>ἀπὸ</span> <span class='ocrx_word' id='word_1_643' title='bbox 398 4037 508 4091; x_wconf 78' lang='grc' dir='ltr'><strong>τῶν</strong></span> <span class='ocrx_word' id='word_1_644' title='bbox 535 4038 673 4091; x_wconf 86' lang='grc' dir='ltr'>κατὰ</span> <span class='ocrx_word' id='word_1_645' title='bbox 695 4038 784 4091; x_wconf 86' lang='grc' dir='ltr'><strong>τὸν</strong></span> <span class='ocrx_word' id='word_1_646' title='bbox 808 4039 1010 4109; x_wconf 81' lang='grc' dir='ltr'>κόσμον</span> <span class='ocrx_word' id='word_1_647' title='bbox 1038 4039 1224 4092; x_wconf 82' lang='grc' dir='ltr'>τοῦτον</span> <span class='ocrx_word' id='word_1_648' title='bbox 1251 4040 1690 4111; x_wconf 80' lang='grc' dir='ltr'>ἐπιζητουμένων</span> <span class='ocrx_word' id='word_1_649' title='bbox 1718 4058 1838 4093; x_wconf 85' lang='grc' dir='ltr'>συν-</span> 
     </span>
    </p>
   </div>
   <div class='ocr_carea' id='block_1_79' title="bbox 1937 4037 3515 4111">
    <p class='ocr_par' dir='ltr' id='par_1_79' title="bbox 1946 4038 3515 4110">
     <span class='ocr_line' id='line_1_79' title="bbox 1946 4038 3515 4110; baseline -0.003 -15"><span class='ocrx_word' id='word_1_650' title='bbox 1946 4043 2166 4104; x_wconf 87' lang='lat' dir='ltr'><strong>habere,</strong></span> <span class='ocrx_word' id='word_1_651' title='bbox 2194 4049 2554 4110; x_wconf 68' lang='lat' dir='ltr'><strong>praeterquam</strong></span> <span class='ocrx_word' id='word_1_652' title='bbox 2586 4040 2732 4093; x_wconf 87' lang='lat' dir='ltr'><strong>circa</strong></span> <span class='ocrx_word' id='word_1_653' title='bbox 2763 4039 3003 4093; x_wconf 86' lang='lat' dir='ltr'><strong>animum</strong></span> <span class='ocrx_word' id='word_1_654' title='bbox 3038 4038 3333 4102; x_wconf 79' lang='lat' dir='ltr'><strong>duntaxat,</strong></span> <span class='ocrx_word' id='word_1_655' title='bbox 3359 4039 3515 4107; x_wconf 89' lang='lat' dir='ltr'><strong>cujus</strong></span> 
     </span>
    </p>
   </div>
   <div class='ocr_carea' id='block_1_80' title="bbox 265 4129 1843 4202">
    <p class='ocr_par' dir='ltr' id='par_1_80' title="bbox 265 4129 1840 4202">
     <span class='ocr_line' id='line_1_80' title="bbox 265 4129 1840 4202; baseline 0.002 -22"><span class='ocrx_word' id='word_1_656' title='bbox 265 4131 502 4182; x_wconf 86' lang='grc' dir='ltr'>ίσταται.</span> <span class='ocrx_word' id='word_1_657' title='bbox 539 4129 614 4181; x_wconf 83' lang='grc' dir='ltr'>Τὸ</span> <span class='ocrx_word' id='word_1_658' title='bbox 654 4129 762 4202; x_wconf 82' lang='grc' dir='ltr'>γὰρ</span> <span class='ocrx_word' id='word_1_659' title='bbox 796 4132 887 4184; x_wconf 73' lang='grc' dir='ltr'>ἐπὶ</span> <span class='ocrx_word' id='word_1_660' title='bbox 922 4129 1135 4201; x_wconf 80' lang='grc' dir='ltr'>πλούτῳ</span> <span class='ocrx_word' id='word_1_661' title='bbox 1164 4131 1485 4201; x_wconf 78' lang='grc' dir='ltr'>κομπάζειν,</span> <span class='ocrx_word' id='word_1_662' title='bbox 1512 4132 1544 4202; x_wconf 78' lang='grc' dir='ltr'><strong>ἢ</strong></span> <span class='ocrx_word' id='word_1_663' title='bbox 1570 4131 1714 4199; x_wconf 85' lang='grc' dir='ltr'>γένει</span> <span class='ocrx_word' id='word_1_664' title='bbox 1752 4148 1840 4183; x_wconf 82' lang='grc' dir='ltr'>σε·</span> 
     </span>
    </p>
   </div>
   <div class='ocr_carea' id='block_1_81' title="bbox 1939 4129 3517 4202">
    <p class='ocr_par' dir='ltr' id='par_1_81' title="bbox 1945 4131 3517 4199">
     <span class='ocr_line' id='line_1_81' title="bbox 1945 4131 3517 4199; baseline -0.004 -12"><span class='ocrx_word' id='word_1_665' title='bbox 1945 4134 2124 4187; x_wconf 89' lang='lat' dir='ltr'><strong>honor</strong></span> <span class='ocrx_word' id='word_1_666' title='bbox 2142 4149 2247 4187; x_wconf 81' lang='lat' dir='ltr'><strong>non</strong></span> <span class='ocrx_word' id='word_1_667' title='bbox 2280 4139 2499 4185; x_wconf 89' lang='lat' dir='ltr'><strong>constat</strong></span> <span class='ocrx_word' id='word_1_668' title='bbox 2529 4146 2595 4184; x_wconf 75' lang='lat' dir='ltr'><strong>ex</strong></span> <span class='ocrx_word' id='word_1_669' title='bbox 2624 4131 2690 4185; x_wconf 89' lang='lat' dir='ltr'><strong>iis</strong></span> <span class='ocrx_word' id='word_1_670' title='bbox 2724 4132 2887 4185; x_wconf 86' lang='lat' dir='ltr'><strong>rebus</strong></span> <span class='ocrx_word' id='word_1_671' title='bbox 2909 4147 3031 4199; x_wconf 67' lang='lat' dir='ltr'><strong>quzc</strong></span> <span class='ocrx_word' id='word_1_672' title='bbox 3057 4146 3153 4199; x_wconf 91' lang='lat' dir='ltr'><strong>per</strong></span> <span class='ocrx_word' id='word_1_673' title='bbox 3184 4131 3326 4184; x_wconf 90' lang='lat' dir='ltr'><strong>hunc</strong></span> <span class='ocrx_word' id='word_1_674' title='bbox 3357 4145 3517 4182; x_wconf 87' lang='lat' dir='ltr'><strong>mun—</strong></span> 
     </span>
    </p>
   </div>
   <div class='ocr_carea' id='block_1_82' title="bbox 266 4219 1844 4295">
    <p class='ocr_par' dir='ltr' id='par_1_82' title="bbox 266 4219 1841 4295">
     <span class='ocr_line' id='line_1_82' title="bbox 266 4219 1841 4295; baseline 0 -22"><span class='ocrx_word' id='word_1_675' title='bbox 266 4219 584 4288; x_wconf 79' lang='grc' dir='ltr'>μνύνεσθαι,</span> <span class='ocrx_word' id='word_1_676' title='bbox 615 4221 648 4291; x_wconf 79' lang='grc' dir='ltr'><strong>ἢ</strong></span> <span class='ocrx_word' id='word_1_677' title='bbox 683 4222 817 4291; x_wconf 75' lang='grc' dir='ltr'>πρὸς</span> <span class='ocrx_word' id='word_1_678' title='bbox 841 4222 997 4286; x_wconf 80' lang='grc' dir='ltr'>δόξαν</span> <span class='ocrx_word' id='word_1_679' title='bbox 1029 4224 1180 4293; x_wconf 80' lang='grc' dir='ltr'>ὁρᾷν,</span> <span class='ocrx_word' id='word_1_680' title='bbox 1215 4224 1247 4295; x_wconf 80' lang='grc' dir='ltr'>ἢ</span> <span class='ocrx_word' id='word_1_681' title='bbox 1280 4222 1341 4275; x_wconf 84' lang='grc' dir='ltr'>τὸ</span> <span class='ocrx_word' id='word_1_682' title='bbox 1376 4223 1551 4275; x_wconf 84' lang='grc' dir='ltr'>δοκεῖν</span> <span class='ocrx_word' id='word_1_683' title='bbox 1583 4224 1720 4293; x_wconf 75' lang='grc' dir='ltr'>ὑπὲρ</span> <span class='ocrx_word' id='word_1_684' title='bbox 1751 4224 1841 4276; x_wconf 73' lang='grc' dir='ltr'><strong>τὸν</strong></span> 
     </span>
    </p>
   </div>
   <div class='ocr_carea' id='block_1_83' title="bbox 1938 4219 3516 4295">
    <p class='ocr_par' dir='ltr' id='par_1_83' title="bbox 1945 4221 3516 4294">
     <span class='ocr_line' id='line_1_83' title="bbox 1945 4221 3516 4294; baseline -0.004 -17"><span class='ocrx_word' id='word_1_685' title='bbox 1945 4223 2073 4277; x_wconf 89' lang='lat' dir='ltr'><strong>dum</strong></span> <span class='ocrx_word' id='word_1_686' title='bbox 2104 4233 2450 4294; x_wconf 73' lang='lat' dir='ltr'><strong>expetuntur.</strong></span> <span class='ocrx_word' id='word_1_687' title='bbox 2491 4221 2621 4275; x_wconf 81' lang='lat' dir='ltr'><strong>Nam</strong></span> <span class='ocrx_word' id='word_1_688' title='bbox 2656 4224 2725 4275; x_wconf 92' lang='lat' dir='ltr'><strong>ob</strong></span> <span class='ocrx_word' id='word_1_689' title='bbox 2756 4222 2972 4275; x_wconf 79' lang='lat' dir='ltr'><strong>divitias</strong></span> <span class='ocrx_word' id='word_1_690' title='bbox 3007 4221 3262 4290; x_wconf 86' lang='lat' dir='ltr'><strong>gloriari,</strong></span> <span class='ocrx_word' id='word_1_691' title='bbox 3295 4229 3385 4274; x_wconf 87' lang='lat' dir='ltr'><strong>aut</strong></span> <span class='ocrx_word' id='word_1_692' title='bbox 3423 4237 3516 4288; x_wconf 77' lang='lat' dir='ltr'><strong>ge—</strong></span> 
     </span>
    </p>
   </div>
   <div class='ocr_carea' id='block_1_84' title="bbox 264 4305 1842 4385">
    <p class='ocr_par' dir='ltr' id='par_1_84' title="bbox 264 4305 1837 4385">
     <span class='ocr_line' id='line_1_84' title="bbox 264 4305 1837 4385; baseline 0.003 -22"><span class='ocrx_word' id='word_1_693' title='bbox 264 4311 438 4373; x_wconf 78' lang='grc' dir='ltr'>πέλας</span> <span class='ocrx_word' id='word_1_694' title='bbox 464 4305 623 4374; x_wconf 78' lang='grc' dir='ltr'>εἶναι,</span> <span class='ocrx_word' id='word_1_695' title='bbox 650 4312 718 4364; x_wconf 81' lang='grc' dir='ltr'>δι’</span> <span class='ocrx_word' id='word_1_696' title='bbox 745 4307 820 4365; x_wconf 83' lang='grc' dir='ltr'>ὧν</span> <span class='ocrx_word' id='word_1_697' title='bbox 844 4316 898 4366; x_wconf 86' lang='grc' dir='ltr'><strong>αί</strong></span> <span class='ocrx_word' id='word_1_698' title='bbox 935 4313 1270 4384; x_wconf 81' lang='grc' dir='ltr'>ἀνθρώπιναι</span> <span class='ocrx_word' id='word_1_699' title='bbox 1300 4314 1502 4384; x_wconf 82' lang='grc' dir='ltr'>πληροῦ</span> <span class='ocrx_word' id='word_1_700' title='bbox 1519 4332 1626 4367; x_wconf 77' lang='grc' dir='ltr'>ιται</span> <span class='ocrx_word' id='word_1_701' title='bbox 1664 4315 1837 4385; x_wconf 80' lang='grc' dir='ltr'>τιμαίο</span> 
     </span>
    </p>
   </div>
   <div class='ocr_carea' id='block_1_85' title="bbox 1940 4305 3518 4385">
    <p class='ocr_par' dir='ltr' id='par_1_85' title="bbox 1949 4314 3518 4383">
     <span class='ocr_line' id='line_1_85' title="bbox 1949 4314 3518 4383; baseline -0.003 -14"><span class='ocrx_word' id='word_1_702' title='bbox 1949 4332 2054 4369; x_wconf 90' lang='lat' dir='ltr'><strong>nus</strong></span> <span class='ocrx_word' id='word_1_703' title='bbox 2089 4324 2370 4369; x_wconf 84' lang='lat' dir='ltr'><strong>ostentare</strong></span> <span class='ocrx_word' id='word_1_704' title='bbox 2394 4354 2407 4377; x_wconf 93' lang='lat'><strong>,</strong></span> <span class='ocrx_word' id='word_1_705' title='bbox 2438 4320 2532 4366; x_wconf 91' lang='lat' dir='ltr'><strong>aut</strong></span> <span class='ocrx_word' id='word_1_706' title='bbox 2560 4314 2625 4368; x_wconf 88' lang='lat' dir='ltr'><strong>ad</strong></span> <span class='ocrx_word' id='word_1_707' title='bbox 2661 4314 2888 4383; x_wconf 85' lang='lat' dir='ltr'><strong>gloriam</strong></span> <span class='ocrx_word' id='word_1_708' title='bbox 2926 4320 3199 4381; x_wconf 87' lang='lat' dir='ltr'><strong>spectare,</strong></span> <span class='ocrx_word' id='word_1_709' title='bbox 3234 4321 3326 4364; x_wconf 91' lang='lat' dir='ltr'><strong>aut</strong></span> <span class='ocrx_word' id='word_1_710' title='bbox 3353 4327 3518 4380; x_wconf 86' lang='lat' dir='ltr'><strong>supra</strong></span> 
     </span>
    </p>
   </div>
   <div class='ocr_carea' id='block_1_86' title="bbox 264 4401 1842 4476">
    <p class='ocr_par' dir='ltr' id='par_1_86' title="bbox 264 4401 1842 4476">
     <span class='ocr_line' id='line_1_86' title="bbox 264 4401 1842 4476; baseline 0.003 -21"><span class='ocrx_word' id='word_1_711' title='bbox 264 4401 440 4455; x_wconf 78' lang='grc' dir='ltr'>ταῦτα</span> <span class='ocrx_word' id='word_1_712' title='bbox 498 4404 676 4457; x_wconf 86' lang='grc' dir='ltr'>πάντα</span> <span class='ocrx_word' id='word_1_713' title='bbox 724 4405 1040 4476; x_wconf 76' lang='grc' dir='ltr'>καθαίρεσις</span> <span class='ocrx_word' id='word_1_714' title='bbox 1086 4406 1187 4473; x_wconf 75' lang='grc' dir='ltr'>τῆς</span> <span class='ocrx_word' id='word_1_715' title='bbox 1232 4406 1471 4475; x_wconf 70' lang='grc' dir='ltr'>ψυχικῆς</span> <span class='ocrx_word' id='word_1_716' title='bbox 1530 4408 1695 4476; x_wconf 80' lang='grc' dir='ltr'>τιμῆς</span> <span class='ocrx_word' id='word_1_717' title='bbox 1751 4408 1842 4459; x_wconf 72' lang='grc' dir='ltr'>καὶ</span> 
     </span>
    </p>
   </div>
   <div class='ocr_carea' id='block_1_87' title="bbox 1941 4401 3519 4476">
    <p class='ocr_par' dir='ltr' id='par_1_87' title="bbox 1947 4402 3519 4475">
     <span class='ocr_line' id='line_1_87' title="bbox 1947 4402 3519 4475; baseline -0.002 -18"><span class='ocrx_word' id='word_1_718' title='bbox 1947 4404 2254 4475; x_wconf 75' lang='lat' dir='ltr'><strong>proximum</strong></span> <span class='ocrx_word' id='word_1_719' title='bbox 2295 4418 2418 4457; x_wconf 90' lang='lat' dir='ltr'><strong>esse</strong></span> <span class='ocrx_word' id='word_1_720' title='bbox 2466 4402 2670 4466; x_wconf 87' lang='lat' dir='ltr'><strong>videri,</strong></span> <span class='ocrx_word' id='word_1_721' title='bbox 2721 4404 2921 4472; x_wconf 88' lang='lat' dir='ltr'><strong>quibus</strong></span> <span class='ocrx_word' id='word_1_722' title='bbox 2967 4403 3131 4457; x_wconf 85' lang='lat' dir='ltr'><strong>rebus</strong></span> <span class='ocrx_word' id='word_1_723' title='bbox 3179 4402 3519 4472; x_wconf 87' lang='lat' dir='ltr'><strong>complentur</strong></span> 
     </span>
    </p>
   </div>
   <div class='ocr_carea' id='block_1_88' title="bbox 264 4494 1842 4567">
    <p class='ocr_par' dir='ltr' id='par_1_88' title="bbox 264 4494 1842 4567">
     <span class='ocr_line' id='line_1_88' title="bbox 264 4494 1842 4567; baseline 0.003 -22"><span class='ocrx_word' id='word_1_724' title='bbox 264 4494 471 4556; x_wconf 65' lang='grc' dir='ltr'>ὄνειδος</span> <span class='ocrx_word' id='word_1_725' title='bbox 498 4494 758 4561; x_wconf 81' lang='grc' dir='ltr'>γίνονται,</span> <span class='ocrx_word' id='word_1_726' title='bbox 802 4496 875 4558; x_wconf 88' lang='grc' dir='ltr'>ὼς</span> <span class='ocrx_word' id='word_1_727' title='bbox 906 4496 979 4566; x_wconf 77' lang='grc' dir='ltr'>μὴ</span> <span class='ocrx_word' id='word_1_728' title='bbox 1016 4497 1080 4550; x_wconf 85' lang='grc' dir='ltr'>ἂν</span> <span class='ocrx_word' id='word_1_729' title='bbox 1107 4498 1318 4551; x_wconf 81' lang='grc' dir='ltr'>ἑλέσθαι</span> <span class='ocrx_word' id='word_1_730' title='bbox 1349 4499 1440 4551; x_wconf 80' lang='grc' dir='ltr'><strong>τὸν</strong></span> <span class='ocrx_word' id='word_1_731' title='bbox 1470 4498 1842 4567; x_wconf 82' lang='grc' dir='ltr'>λελογισμένον</span> 
     </span>
    </p>
   </div>
   <div class='ocr_carea' id='block_1_89' title="bbox 1940 4494 3518 4567">
    <p class='ocr_par' dir='ltr' id='par_1_89' title="bbox 1958 4494 3518 4563">
     <span class='ocr_line' id='line_1_89' title="bbox 1958 4494 3518 4563; baseline 0.001 -17"><span class='ocrx_word' id='word_1_732' title='bbox 1958 4496 2187 4549; x_wconf 87' lang='lat' dir='ltr'><strong>honores</strong></span> <span class='ocrx_word' id='word_1_733' title='bbox 2223 4495 2441 4548; x_wconf 89' lang='lat' dir='ltr'><strong>lnnnani</strong></span> <span class='ocrx_word' id='word_1_734' title='bbox 2470 4537 2485 4561; x_wconf 94' lang='lat'><strong>,</strong></span> <span class='ocrx_word' id='word_1_735' title='bbox 2526 4494 2641 4548; x_wconf 72' lang='lat' dir='ltr'><strong>hzec</strong></span> <span class='ocrx_word' id='word_1_736' title='bbox 2674 4496 2858 4548; x_wconf 84' lang='lat' dir='ltr'><strong>omnia</strong></span> <span class='ocrx_word' id='word_1_737' title='bbox 2894 4494 3182 4548; x_wconf 87' lang='lat' dir='ltr'><strong>subversio</strong></span> <span class='ocrx_word' id='word_1_738' title='bbox 3219 4502 3383 4563; x_wconf 88' lang='lat' dir='ltr'><strong>atque</strong></span> <span class='ocrx_word' id='word_1_739' title='bbox 3422 4494 3518 4549; x_wconf 87' lang='lat' dir='ltr'><strong>de-</strong></span> 
     </span>
    </p>
   </div>
   <div class='ocr_carea' id='block_1_90' title="bbox 265 4568 1843 4659">
    <p class='ocr_par' dir='ltr' id='par_1_90' title="bbox 265 4587 1842 4659">
     <span class='ocr_line' id='line_1_90' title="bbox 265 4587 1842 4659; baseline 0.003 -22"><span class='ocrx_word' id='word_1_740' title='bbox 265 4587 497 4655; x_wconf 84' lang='grc' dir='ltr'>τοιούτῳ</span> <span class='ocrx_word' id='word_1_741' title='bbox 523 4587 630 4639; x_wconf 77' lang='grc' dir='ltr'>τινὶ</span> <span class='ocrx_word' id='word_1_742' title='bbox 658 4588 719 4639; x_wconf 87' lang='grc' dir='ltr'>τὸ</span> <span class='ocrx_word' id='word_1_743' title='bbox 748 4587 986 4659; x_wconf 81' lang='grc' dir='ltr'>καθαρὸν</span> <span class='ocrx_word' id='word_1_744' title='bbox 1016 4590 1111 4657; x_wconf 76' lang='grc' dir='ltr'>τῆς</span> <span class='ocrx_word' id='word_1_745' title='bbox 1140 4589 1317 4659; x_wconf 64' lang='grc' dir='ltr'>ψυχῆς</span> <span class='ocrx_word' id='word_1_746' title='bbox 1359 4589 1842 4659; x_wconf 82' lang='grc' dir='ltr'>καταμολύνεσθαι.</span> 
     </span>
    </p>
   </div>
   <div class='ocr_carea' id='block_1_91' title="bbox 1942 4568 3520 4659">
    <p class='ocr_par' dir='ltr' id='par_1_91' title="bbox 1952 4568 3520 4646">
     <span class='ocr_line' id='line_1_91' title="bbox 1952 4568 3520 4646; baseline 0.001 -7"><span class='ocrx_word' id='word_1_747' title='bbox 1952 4585 2122 4639; x_wconf 89' lang='lat' dir='ltr'><strong>decus</strong></span> <span class='ocrx_word' id='word_1_748' title='bbox 2157 4586 2352 4641; x_wconf 71' lang='lat' dir='ltr'><strong>anima:</strong></span> <span class='ocrx_word' id='word_1_749' title='bbox 2386 4587 2611 4641; x_wconf 90' lang='lat' dir='ltr'><strong>honoris</strong></span> <span class='ocrx_word' id='word_1_750' title='bbox 2647 4588 2913 4640; x_wconf 78' lang='lat' dir='ltr'><strong>exsistunt</strong></span> <span class='ocrx_word' id='word_1_751' title='bbox 2939 4625 2952 4646; x_wconf 88' lang='lat'><strong>,</strong></span> <span class='ocrx_word' id='word_1_752' title='bbox 2997 4592 3057 4638; x_wconf 88' lang='lat' dir='ltr'><strong>ut</strong></span> <span class='ocrx_word' id='word_1_753' title='bbox 3105 4601 3263 4639; x_wconf 90' lang='lat' dir='ltr'><strong>nemo</strong></span> <span class='ocrx_word' id='word_1_754' title='bbox 3308 4568 3520 4641; x_wconf 58' lang='lat' dir='ltr'><strong>ratione</strong></span> 
     </span>
    </p>
   </div>
   <div class='ocr_carea' id='block_1_92' title="bbox 269 4676 1847 4751">
    <p class='ocr_par' dir='ltr' id='par_1_92' title="bbox 269 4676 1847 4751">
     <span class='ocr_line' id='line_1_92' title="bbox 269 4676 1847 4751; baseline 0.005 -25"><span class='ocrx_word' id='word_1_755' title='bbox 269 4676 344 4727; x_wconf 78' lang='grc' dir='ltr'><strong>Τὸ</strong></span> <span class='ocrx_word' id='word_1_756' title='bbox 376 4676 435 4728; x_wconf 85' lang='grc' dir='ltr'><strong>δὲ</strong></span> <span class='ocrx_word' id='word_1_757' title='bbox 464 4676 637 4739; x_wconf 73' lang='grc' dir='ltr'>οὕτως</span> <span class='ocrx_word' id='word_1_758' title='bbox 666 4677 812 4748; x_wconf 78' lang='grc' dir='ltr'>ἐχειν</span> <span class='ocrx_word' id='word_1_759' title='bbox 838 4681 986 4732; x_wconf 78' lang='grc' dir='ltr'>οὐδὲν</span> <span class='ocrx_word' id='word_1_760' title='bbox 1013 4681 1218 4751; x_wconf 76' lang='grc' dir='ltr'>ἓτερον,</span> <span class='ocrx_word' id='word_1_761' title='bbox 1246 4680 1278 4750; x_wconf 77' lang='grc' dir='ltr'><strong>ἦ</strong></span> <span class='ocrx_word' id='word_1_762' title='bbox 1312 4681 1369 4732; x_wconf 80' lang='grc' dir='ltr'><strong>ἐν</strong></span> <span class='ocrx_word' id='word_1_763' title='bbox 1393 4681 1504 4747; x_wconf 75' lang='grc' dir='ltr'>ἕξει</span> <span class='ocrx_word' id='word_1_764' title='bbox 1535 4679 1724 4750; x_wconf 74' lang='grc' dir='ltr'>βαθείᾳ</span> <span class='ocrx_word' id='word_1_765' title='bbox 1749 4681 1847 4749; x_wconf 84' lang='grc' dir='ltr'>τῆς</span> 
     </span>
    </p>
   </div>
   <div class='ocr_carea' id='block_1_93' title="bbox 1941 4676 3519 4751">
    <p class='ocr_par' dir='ltr' id='par_1_93' title="bbox 1954 4676 3519 4745">
     <span class='ocr_line' id='line_1_93' title="bbox 1954 4676 3519 4745; baseline 0.003 -18"><span class='ocrx_word' id='word_1_766' title='bbox 1954 4677 2212 4744; x_wconf 71' lang='lat' dir='ltr'><strong>praeditus</strong></span> <span class='ocrx_word' id='word_1_767' title='bbox 2257 4686 2310 4730; x_wconf 88' lang='lat' dir='ltr'><strong>et</strong></span> <span class='ocrx_word' id='word_1_768' title='bbox 2355 4678 2765 4741; x_wconf 86' lang='lat' dir='ltr'><strong>consideratus,</strong></span> <span class='ocrx_word' id='word_1_769' title='bbox 2798 4679 2993 4730; x_wconf 73' lang='lat' dir='ltr'><strong>anima:</strong></span> <span class='ocrx_word' id='word_1_770' title='bbox 3036 4676 3324 4745; x_wconf 82' lang='lat' dir='ltr'><strong>puritatem</strong></span> <span class='ocrx_word' id='word_1_771' title='bbox 3371 4677 3519 4745; x_wconf 85' lang='lat' dir='ltr'><strong>ejus-</strong></span> 
     </span>
    </p>
   </div>
   <div class='ocr_carea' id='block_1_94' title="bbox 267 4765 1845 4842">
    <p class='ocr_par' dir='ltr' id='par_1_94' title="bbox 267 4765 1818 4842">
     <span class='ocr_line' id='line_1_94' title="bbox 267 4765 1818 4842; baseline 0.001 -24"><span class='ocrx_word' id='word_1_772' title='bbox 267 4767 771 4838; x_wconf 76' lang='grc' dir='ltr'>ταπεινοφροσύνης</span> <span class='ocrx_word' id='word_1_773' title='bbox 800 4769 945 4821; x_wconf 73' lang='grc' dir='ltr'>ἐστὶν</span> <span class='ocrx_word' id='word_1_774' title='bbox 965 4766 1119 4832; x_wconf 76' lang='grc' dir='ltr'>εἶναι,</span> <span class='ocrx_word' id='word_1_775' title='bbox 1154 4765 1221 4842; x_wconf 84' lang='grc' dir='ltr'>ἦς</span> <span class='ocrx_word' id='word_1_776' title='bbox 1258 4768 1722 4840; x_wconf 82' lang='grc' dir='ltr'>κατορθωθείσης,</span> <span class='ocrx_word' id='word_1_777' title='bbox 1760 4770 1818 4821; x_wconf 82' lang='grc' dir='ltr'><strong>ού</strong></span> 
     </span>
    </p>
   </div>
   <div class='ocr_carea' id='block_1_95' title="bbox 1944 4765 3522 4842">
    <p class='ocr_par' dir='ltr' id='par_1_95' title="bbox 1954 4766 3522 4836">
     <span class='ocr_line' id='line_1_95' title="bbox 1954 4766 3522 4836; baseline -0.001 -17"><span class='ocrx_word' id='word_1_778' title='bbox 1954 4767 2099 4819; x_wconf 85' lang='lat' dir='ltr'><strong>modi</strong></span> <span class='ocrx_word' id='word_1_779' title='bbox 2161 4767 2340 4836; x_wconf 89' lang='lat' dir='ltr'><strong>aliqua</strong></span> <span class='ocrx_word' id='word_1_780' title='bbox 2376 4783 2433 4821; x_wconf 87' lang='lat' dir='ltr'><strong>re</strong></span> <span class='ocrx_word' id='word_1_781' title='bbox 2466 4768 2839 4821; x_wconf 87' lang='lat' dir='ltr'><strong>contaminare</strong></span> <span class='ocrx_word' id='word_1_782' title='bbox 2894 4766 3237 4820; x_wconf 86' lang='lat' dir='ltr'><strong>sustinuerit.</strong></span> <span class='ocrx_word' id='word_1_783' title='bbox 3294 4766 3368 4817; x_wconf 88' lang='lat' dir='ltr'><strong>tta</strong></span> <span class='ocrx_word' id='word_1_784' title='bbox 3425 4780 3522 4819; x_wconf 90' lang='lat' dir='ltr'><strong>au-</strong></span> 
     </span>
    </p>
   </div>
   <div class='ocr_carea' id='block_1_96' title="bbox 267 4855 1845 4928">
    <p class='ocr_par' dir='ltr' id='par_1_96' title="bbox 267 4855 1845 4928">
     <span class='ocr_line' id='line_1_96' title="bbox 267 4855 1845 4928; baseline 0 -19"><span class='ocrx_word' id='word_1_785' title='bbox 267 4855 461 4926; x_wconf 84' lang='grc' dir='ltr'>δεμίαν</span> <span class='ocrx_word' id='word_1_786' title='bbox 501 4856 702 4909; x_wconf 78' lang='grc' dir='ltr'>εἴσοδον</span> <span class='ocrx_word' id='word_1_787' title='bbox 728 4860 757 4910; x_wconf 94' lang='lat'><strong>6</strong></span> <span class='ocrx_word' id='word_1_788' title='bbox 788 4857 958 4928; x_wconf 73' lang='grc' dir='ltr'>θυμὸς</span> <span class='ocrx_word' id='word_1_789' title='bbox 987 4859 1125 4912; x_wconf 85' lang='grc' dir='ltr'>κατὰ</span> <span class='ocrx_word' id='word_1_790' title='bbox 1153 4860 1252 4927; x_wconf 80' lang='grc' dir='ltr'><strong>τῆς</strong></span> <span class='ocrx_word' id='word_1_791' title='bbox 1285 4859 1461 4928; x_wconf 77' lang='grc' dir='ltr'>ψυχῆς</span> <span class='ocrx_word' id='word_1_792' title='bbox 1486 4857 1615 4924; x_wconf 81' lang='grc' dir='ltr'>ἔξει.</span> <span class='ocrx_word' id='word_1_793' title='bbox 1646 4858 1845 4910; x_wconf 85' lang='grc' dir='ltr'>Τούτου</span> 
     </span>
    </p>
   </div>
   <div class='ocr_carea' id='block_1_97' title="bbox 1944 4855 3522 4928">
    <p class='ocr_par' dir='ltr' id='par_1_97' title="bbox 1951 4855 3522 4919">
     <span class='ocr_line' id='line_1_97' title="bbox 1951 4855 3522 4919; baseline 0.001 -12"><span class='ocrx_word' id='word_1_794' title='bbox 1951 4865 2056 4909; x_wconf 76' lang='lat' dir='ltr'><strong>tem</strong></span> <span class='ocrx_word' id='word_1_795' title='bbox 2107 4857 2357 4911; x_wconf 64' lang='lat' dir='ltr'><strong>allectum</strong></span> <span class='ocrx_word' id='word_1_796' title='bbox 2408 4866 2461 4910; x_wconf 80' lang='lat' dir='ltr'><strong>et</strong></span> <span class='ocrx_word' id='word_1_797' title='bbox 2504 4860 2802 4910; x_wconf 89' lang='lat' dir='ltr'><strong>animatum</strong></span> <span class='ocrx_word' id='word_1_798' title='bbox 2847 4872 3005 4919; x_wconf 80' lang='lat' dir='ltr'><strong>esse,</strong></span> <span class='ocrx_word' id='word_1_799' title='bbox 3055 4855 3187 4909; x_wconf 90' lang='lat' dir='ltr'><strong>nihil</strong></span> <span class='ocrx_word' id='word_1_800' title='bbox 3240 4864 3326 4909; x_wconf 81' lang='lat' dir='ltr'><strong>est</strong></span> <span class='ocrx_word' id='word_1_801' title='bbox 3375 4856 3522 4909; x_wconf 91' lang='lat' dir='ltr'><strong>aliud</strong></span> 
     </span>
    </p>
   </div>
   <div class='ocr_carea' id='block_1_98' title="bbox 269 4948 1847 5020">
    <p class='ocr_par' dir='ltr' id='par_1_98' title="bbox 269 4948 1847 5020">
     <span class='ocr_line' id='line_1_98' title="bbox 269 4948 1847 5020; baseline 0.004 -21"><span class='ocrx_word' id='word_1_802' title='bbox 269 4948 327 4999; x_wconf 79' lang='grc' dir='ltr'>δὲ</span> <span class='ocrx_word' id='word_1_803' title='bbox 352 4948 429 5017; x_wconf 80' lang='grc' dir='ltr'>μὴ</span> <span class='ocrx_word' id='word_1_804' title='bbox 471 4948 757 5018; x_wconf 72' lang='grc' dir='ltr'>παρόντος,</span> <span class='ocrx_word' id='word_1_805' title='bbox 791 4950 820 5000; x_wconf 91' lang='lat'><strong>6</strong></span> <span class='ocrx_word' id='word_1_806' title='bbox 864 4950 1067 5020; x_wconf 74' lang='grc' dir='ltr'>ηρεμός</span> <span class='ocrx_word' id='word_1_807' title='bbox 1095 4967 1153 5002; x_wconf 88' lang='grc' dir='ltr'><strong>τε</strong></span> <span class='ocrx_word' id='word_1_808' title='bbox 1189 4950 1282 5003; x_wconf 71' lang='grc' dir='ltr'><strong>καὶ</strong></span> <span class='ocrx_word' id='word_1_809' title='bbox 1306 4950 1527 5020; x_wconf 84' lang='grc' dir='ltr'>ἡσύχιος</span> <span class='ocrx_word' id='word_1_810' title='bbox 1559 4948 1847 5020; x_wconf 67' lang='grc' dir='ltr'>κατορθοῦτ</span> 
     </span>
    </p>
   </div>
   <div class='ocr_carea' id='block_1_99' title="bbox 1944 4948 3522 5020">
    <p class='ocr_par' dir='ltr' id='par_1_99' title="bbox 1953 4948 3522 5019">
     <span class='ocr_line' id='line_1_99' title="bbox 1953 4948 3522 5019; baseline 0.003 -20"><span class='ocrx_word' id='word_1_811' title='bbox 1953 4964 2113 5016; x_wconf 88' lang='lat' dir='ltr'><strong>quam</strong></span> <span class='ocrx_word' id='word_1_812' title='bbox 2146 4950 2197 5002; x_wconf 93' lang='lat' dir='ltr'><strong>in</strong></span> <span class='ocrx_word' id='word_1_813' title='bbox 2247 4950 2518 5019; x_wconf 80' lang='lat' dir='ltr'><strong>profundo</strong></span> <span class='ocrx_word' id='word_1_814' title='bbox 2562 4949 2746 5003; x_wconf 83' lang='lat' dir='ltr'><strong>habitu</strong></span> <span class='ocrx_word' id='word_1_815' title='bbox 2786 4950 2953 5003; x_wconf 89' lang='lat' dir='ltr'><strong>animi</strong></span> <span class='ocrx_word' id='word_1_816' title='bbox 2998 4948 3326 5002; x_wconf 87' lang='lat' dir='ltr'><strong>bntnilitatis</strong></span> <span class='ocrx_word' id='word_1_817' title='bbox 3358 4964 3481 5003; x_wconf 87' lang='lat' dir='ltr'><strong>esse</strong></span> <span class='ocrx_word' id='word_1_818' title='bbox 3506 4991 3522 5005; x_wconf 93' lang='lat'><strong>.</strong></span> 
     </span>
    </p>
   </div>
   <div class='ocr_carea' id='block_1_100' title="bbox 271 5039 1849 5112">
    <p class='ocr_par' dir='ltr' id='par_1_100' title="bbox 271 5040 1846 5112">
     <span class='ocr_line' id='line_1_100' title="bbox 271 5040 1846 5112; baseline -0.002 -20"><span class='ocrx_word' id='word_1_819' title='bbox 271 5057 364 5093; x_wconf 83' lang='grc' dir='ltr'><strong>ται</strong></span> <span class='ocrx_word' id='word_1_820' title='bbox 397 5040 510 5110; x_wconf 84' lang='grc' dir='ltr'>βίος</span> <span class='ocrx_word' id='word_1_821' title='bbox 536 5058 550 5071; x_wconf 88' lang='grc'><strong>·</strong></span> <span class='ocrx_word' id='word_1_822' title='bbox 590 5042 728 5111; x_wconf 76' lang='grc' dir='ltr'>ὅπερ</span> <span class='ocrx_word' id='word_1_823' title='bbox 764 5040 917 5093; x_wconf 78' lang='grc' dir='ltr'>οὐδὲν</span> <span class='ocrx_word' id='word_1_824' title='bbox 952 5042 1160 5112; x_wconf 73' lang='grc' dir='ltr'>ἕτερον,</span> <span class='ocrx_word' id='word_1_825' title='bbox 1197 5044 1245 5094; x_wconf 82' lang='grc' dir='ltr'><strong>εί</strong></span> <span class='ocrx_word' id='word_1_826' title='bbox 1278 5042 1350 5112; x_wconf 80' lang='grc' dir='ltr'>μὴ</span> <span class='ocrx_word' id='word_1_827' title='bbox 1394 5042 1641 5111; x_wconf 75' lang='grc' dir='ltr'>πραΰτης</span> <span class='ocrx_word' id='word_1_828' title='bbox 1679 5040 1846 5103; x_wconf 74' lang='grc' dir='ltr'>ἐστὶν,</span> 
     </span>
    </p>
   </div>
   <div class='ocr_carea' id='block_1_101' title="bbox 1946 5039 3524 5112">
    <p class='ocr_par' dir='ltr' id='par_1_101' title="bbox 1955 5039 3524 5111">
     <span class='ocr_line' id='line_1_101' title="bbox 1955 5039 3524 5111; baseline -0.001 -20"><span class='ocrx_word' id='word_1_829' title='bbox 1955 5056 2058 5108; x_wconf 83' lang='lat' dir='ltr'><strong>qua</strong></span> <span class='ocrx_word' id='word_1_830' title='bbox 2117 5040 2362 5095; x_wconf 81' lang='lat' dir='ltr'><strong>confecta</strong></span> <span class='ocrx_word' id='word_1_831' title='bbox 2418 5049 2579 5110; x_wconf 87' lang='lat' dir='ltr'><strong>atque</strong></span> <span class='ocrx_word' id='word_1_832' title='bbox 2628 5041 2920 5111; x_wconf 77' lang='lat' dir='ltr'><strong>expedita,</strong></span> <span class='ocrx_word' id='word_1_833' title='bbox 2974 5041 3187 5094; x_wconf 90' lang='lat' dir='ltr'><strong>nullum</strong></span> <span class='ocrx_word' id='word_1_834' title='bbox 3242 5039 3524 5094; x_wconf 88' lang='lat' dir='ltr'><strong>iracundia</strong></span> 
     </span>
    </p>
   </div>
   <div class='ocr_carea' id='block_1_102' title="bbox 271 5123 1849 5202">
    <p class='ocr_par' dir='ltr' id='par_1_102' title="bbox 271 5123 1849 5202">
     <span class='ocr_line' id='line_1_102' title="bbox 271 5123 1849 5202; baseline -0.013 -3"><span class='ocrx_word' id='word_1_835' title='bbox 271 5123 343 5202; x_wconf 72' lang='grc' dir='ltr'><strong>ἧς</strong></span> <span class='ocrx_word' id='word_1_836' title='bbox 371 5130 435 5183; x_wconf 69' lang='grc' dir='ltr'>τὸ</span> <span class='ocrx_word' id='word_1_837' title='bbox 459 5130 633 5199; x_wconf 76' lang='grc' dir='ltr'>πέρας</span> <span class='ocrx_word' id='word_1_838' title='bbox 666 5130 1016 5200; x_wconf 79' lang='grc' dir='ltr'>μακαρισμὸς</span> <span class='ocrx_word' id='word_1_839' title='bbox 1049 5131 1142 5183; x_wconf 84' lang='grc' dir='ltr'>καὶ</span> <span class='ocrx_word' id='word_1_840' title='bbox 1175 5130 1432 5199; x_wconf 78' lang='grc' dir='ltr'>οὐρανίας</span> <span class='ocrx_word' id='word_1_841' title='bbox 1458 5129 1561 5198; x_wconf 72' lang='grc' dir='ltr'>γῆς</span> <span class='ocrx_word' id='word_1_842' title='bbox 1594 5129 1849 5198; x_wconf 73' lang='grc' dir='ltr'>κληρονο-</span> 
     </span>
    </p>
   </div>
   <div class='ocr_carea' id='block_1_103' title="bbox 1946 5123 3524 5202">
    <p class='ocr_par' dir='ltr' id='par_1_103' title="bbox 1956 5128 3524 5188">
     <span class='ocr_line' id='line_1_103' title="bbox 1956 5128 3524 5188; baseline -0.001 -5"><span class='ocrx_word' id='word_1_843' title='bbox 1956 5132 2164 5184; x_wconf 89' lang='lat' dir='ltr'><strong>aditum</strong></span> <span class='ocrx_word' id='word_1_844' title='bbox 2202 5132 2464 5188; x_wconf 84' lang='lat' dir='ltr'><strong>adversus</strong></span> <span class='ocrx_word' id='word_1_845' title='bbox 2496 5134 2738 5187; x_wconf 89' lang='lat' dir='ltr'><strong>animum</strong></span> <span class='ocrx_word' id='word_1_846' title='bbox 2771 5133 3012 5188; x_wconf 87' lang='lat' dir='ltr'><strong>habebit.</strong></span> <span class='ocrx_word' id='word_1_847' title='bbox 3042 5132 3211 5186; x_wconf 86' lang='lat' dir='ltr'><strong>Porro</strong></span> <span class='ocrx_word' id='word_1_848' title='bbox 3245 5128 3524 5185; x_wconf 82' lang='lat' dir='ltr'><strong>iracundia</strong></span> 
     </span>
    </p>
   </div>
   <div class='ocr_carea' id='block_1_104' title="bbox 280 5215 1858 5295">
    <p class='ocr_par' dir='ltr' id='par_1_104' title="bbox 280 5215 1846 5295">
     <span class='ocr_line' id='line_1_104' title="bbox 280 5215 1846 5295; baseline -0.003 -20"><span class='ocrx_word' id='word_1_849' title='bbox 280 5221 400 5295; x_wconf 81' lang='grc' dir='ltr'>μία.</span> <span class='ocrx_word' id='word_1_850' title='bbox 429 5224 488 5274; x_wconf 84' lang='grc' dir='ltr'>ὲν</span> <span class='ocrx_word' id='word_1_851' title='bbox 519 5220 739 5291; x_wconf 84' lang='grc' dir='ltr'>Χριστῷ</span> <span class='ocrx_word' id='word_1_852' title='bbox 778 5221 972 5292; x_wconf 75' lang='grc' dir='ltr'>Ἰησοῦ,</span> <span class='ocrx_word' id='word_1_853' title='bbox 996 5215 1041 5289; x_wconf 83' lang='grc' dir='ltr'><strong>ᾧ</strong></span> <span class='ocrx_word' id='word_1_854' title='bbox 1080 5224 1114 5292; x_wconf 86' lang='grc' dir='ltr'><strong>ή</strong></span> <span class='ocrx_word' id='word_1_855' title='bbox 1150 5222 1275 5288; x_wconf 80' lang='grc' dir='ltr'>δόξα</span> <span class='ocrx_word' id='word_1_856' title='bbox 1300 5222 1393 5275; x_wconf 73' lang='grc' dir='ltr'>καὶ</span> <span class='ocrx_word' id='word_1_857' title='bbox 1428 5220 1489 5273; x_wconf 80' lang='grc' dir='ltr'>τὸ</span> <span class='ocrx_word' id='word_1_858' title='bbox 1525 5219 1742 5290; x_wconf 83' lang='grc' dir='ltr'>κράτος,</span> <span class='ocrx_word' id='word_1_859' title='bbox 1768 5221 1846 5281; x_wconf 88' lang='grc' dir='ltr'>εἰς</span> 
     </span>
    </p>
   </div>
   <div class='ocr_carea' id='block_1_105' title="bbox 1950 5215 3528 5295">
    <p class='ocr_par' dir='ltr' id='par_1_105' title="bbox 1953 5219 3528 5293">
     <span class='ocr_line' id='line_1_105' title="bbox 1953 5219 3528 5293; baseline 0 -21"><span class='ocrx_word' id='word_1_860' title='bbox 1953 5223 2144 5290; x_wconf 88' lang='lat' dir='ltr'><strong>procul</strong></span> <span class='ocrx_word' id='word_1_861' title='bbox 2180 5224 2468 5289; x_wconf 87' lang='lat' dir='ltr'><strong>submota,</strong></span> <span class='ocrx_word' id='word_1_862' title='bbox 2516 5225 2700 5293; x_wconf 86' lang='lat' dir='ltr'><strong>quieta</strong></span> <span class='ocrx_word' id='word_1_863' title='bbox 2746 5224 3066 5293; x_wconf 87' lang='lat' dir='ltr'><strong>placidaque</strong></span> <span class='ocrx_word' id='word_1_864' title='bbox 3113 5224 3220 5275; x_wconf 88' lang='lat' dir='ltr'><strong>vita</strong></span> <span class='ocrx_word' id='word_1_865' title='bbox 3271 5219 3528 5289; x_wconf 86' lang='lat' dir='ltr'><strong>transigi-</strong></span> 
     </span>
    </p>
   </div>
   <div class='ocr_carea' id='block_1_106' title="bbox 274 5309 1852 5384">
    <p class='ocr_par' dir='ltr' id='par_1_106' title="bbox 274 5312 1285 5384">
     <span class='ocr_line' id='line_1_106' title="bbox 274 5312 1285 5384; baseline 0 -17"><span class='ocrx_word' id='word_1_866' title='bbox 274 5314 398 5376; x_wconf 72' lang='grc' dir='ltr'>τοὺς</span> <span class='ocrx_word' id='word_1_867' title='bbox 434 5313 638 5375; x_wconf 72' lang='grc' dir='ltr'>αἰῶνας</span> <span class='ocrx_word' id='word_1_868' title='bbox 678 5313 789 5365; x_wconf 87' lang='grc' dir='ltr'>τῶν</span> <span class='ocrx_word' id='word_1_869' title='bbox 817 5312 1047 5366; x_wconf 83' lang='grc' dir='ltr'>αἰώνων.</span> <span class='ocrx_word' id='word_1_870' title='bbox 1095 5313 1285 5384; x_wconf 71' lang='grc' dir='ltr'>Ἀμήν.</span> 
     </span>
    </p>
   </div>
   <div class='ocr_carea' id='block_1_107' title="bbox 1951 5309 3529 5384">
    <p class='ocr_par' dir='ltr' id='par_1_107' title="bbox 1958 5309 3529 5383">
     <span class='ocr_line' id='line_1_107' title="bbox 1958 5309 3529 5383; baseline 0 -18"><span class='ocrx_word' id='word_1_871' title='bbox 1958 5321 2086 5367; x_wconf 90' lang='lat' dir='ltr'><strong>tur:</strong></span> <span class='ocrx_word' id='word_1_872' title='bbox 2126 5314 2272 5383; x_wconf 89' lang='lat' dir='ltr'><strong>quod</strong></span> <span class='ocrx_word' id='word_1_873' title='bbox 2309 5316 2444 5370; x_wconf 90' lang='lat' dir='ltr'><strong>nihil</strong></span> <span class='ocrx_word' id='word_1_874' title='bbox 2476 5314 2625 5370; x_wconf 88' lang='lat' dir='ltr'><strong>aliud</strong></span> <span class='ocrx_word' id='word_1_875' title='bbox 2655 5316 2762 5370; x_wconf 89' lang='lat' dir='ltr'><strong>nisi</strong></span> <span class='ocrx_word' id='word_1_876' title='bbox 2799 5316 2995 5371; x_wconf 88' lang='lat' dir='ltr'><strong>lenitas</strong></span> <span class='ocrx_word' id='word_1_877' title='bbox 3030 5323 3151 5367; x_wconf 89' lang='lat' dir='ltr'><strong>est:</strong></span> <span class='ocrx_word' id='word_1_878' title='bbox 3196 5314 3358 5383; x_wconf 88' lang='lat' dir='ltr'><strong>cujus</strong></span> <span class='ocrx_word' id='word_1_879' title='bbox 3400 5309 3529 5365; x_wconf 80' lang='lat' dir='ltr'><strong>finis</strong></span> 
     </span>
    </p>
   </div>
   <div class='ocr_carea' id='block_1_108' title="bbox 278 5396 3530 5481">
    <p class='ocr_par' dir='ltr' id='par_1_108' title="bbox 278 5396 3530 5481">
     <span class='ocr_line' id='line_1_108' title="bbox 278 5396 3530 5481; baseline -0.002 -17"><span class='ocrx_word' id='word_1_880' title='bbox 278 5408 556 5465; x_wconf 85' lang='lat' dir='ltr'><strong>beatitudo</strong></span> <span class='ocrx_word' id='word_1_881' title='bbox 590 5396 754 5479; x_wconf 75' lang='lat' dir='ltr'><strong>atque</strong></span> <span class='ocrx_word' id='word_1_882' title='bbox 788 5409 1029 5464; x_wconf 76' lang='lat' dir='ltr'><strong>cmlestis</strong></span> <span class='ocrx_word' id='word_1_883' title='bbox 1066 5417 1224 5465; x_wconf 76' lang='lat' dir='ltr'><strong>terrae</strong></span> <span class='ocrx_word' id='word_1_884' title='bbox 1271 5405 1556 5463; x_wconf 70' lang='lat' dir='ltr'><strong>haereditas</strong></span> <span class='ocrx_word' id='word_1_885' title='bbox 1586 5411 1703 5470; x_wconf 90' lang='lat' dir='ltr'><strong>est,</strong></span> <span class='ocrx_word' id='word_1_886' title='bbox 1738 5418 1835 5473; x_wconf 88' lang='lat' dir='ltr'><strong>per</strong></span> <span class='ocrx_word' id='word_1_887' title='bbox 1870 5401 2150 5461; x_wconf 83' lang='lat' dir='ltr'><strong>Christum</strong></span> <span class='ocrx_word' id='word_1_888' title='bbox 2194 5407 2381 5465; x_wconf 82' lang='lat' dir='ltr'><strong>Jesum</strong></span> <span class='ocrx_word' id='word_1_889' title='bbox 2406 5451 2420 5475; x_wconf 93' lang='lat'><strong>,</strong></span> <span class='ocrx_word' id='word_1_890' title='bbox 2483 5410 2569 5467; x_wconf 89' lang='lat' dir='ltr'><strong>cui</strong></span> <span class='ocrx_word' id='word_1_891' title='bbox 2619 5409 2792 5481; x_wconf 81' lang='lat' dir='ltr'><strong>gloria</strong></span> <span class='ocrx_word' id='word_1_892' title='bbox 2841 5417 2893 5461; x_wconf 90' lang='lat' dir='ltr'><strong>et</strong></span> <span class='ocrx_word' id='word_1_893' title='bbox 2939 5408 3267 5477; x_wconf 83' lang='lat' dir='ltr'><strong>imperium,</strong></span> <span class='ocrx_word' id='word_1_894' title='bbox 3322 5406 3374 5458; x_wconf 90' lang='lat' dir='ltr'><strong>in</strong></span> <span class='ocrx_word' id='word_1_895' title='bbox 3424 5417 3530 5458; x_wconf 74' lang='lat' dir='ltr'><strong>sae-</strong></span> 
     </span>
    </p>
   </div>
   <div class='ocr_carea' id='block_1_109' title="bbox 284 5502 1008 5559">
    <p class='ocr_par' dir='ltr' id='par_1_109' title="bbox 284 5502 1008 5559">
     <span class='ocr_line' id='line_1_109' title="bbox 284 5502 1008 5559; baseline -0.001 0"><span class='ocrx_word' id='word_1_896' title='bbox 284 5502 400 5559; x_wconf 83' lang='lat' dir='ltr'><strong>cula</strong></span> <span class='ocrx_word' id='word_1_897' title='bbox 433 5505 785 5559; x_wconf 67' lang='lat' dir='ltr'><strong>saeculorum.</strong></span> <span class='ocrx_word' id='word_1_898' title='bbox 819 5505 1008 5558; x_wconf 85' lang='lat' dir='ltr'><strong>Amen.</strong></span> 
     </span>
    </p>
   </div>
  </div>
