3996 6196
578 294 707 351 12⁸9

1156 400 1417 459 ORATIO
1453 403 1541 459 Ill.

653 494 807 550 Beati
832 494 923 563 qui
958 493 1164 563 lugent,
1203 496 1597 597 quonimnjpsi
1637 494 2046 549 consolationem

1192 576 1447 597 appensa-nl

1190 576 1447 633 acetpteut
1467 576 1511 619 '.

640 654 891 707 Nondum
940 655 994 707 in
1027 655 1287 708 verticem
1334 656 1538 711 montis
1571 655 1866 718 evasimus,
1914 653 2010 709 sed
2042 653 2138 708 ad-

569 743 676 798 huc
725 745 871 797 circa
912 742 1123 797 radices
1166 744 1365 798 montis
1419 745 1791 799 intellectuum
1831 743 2133 796 haeremus:

568 834 670 888 etsi
726 832 866 887 duos
916 832 1183 901 quosdam
1226 834 1339 900 jam
1394 836 1635 889 tumulos
1678 833 2029 887 transivimus
2068 832 2137 886 ad

572 924 780 976 beatam
811 932 1133 992 egestatem,
1165 933 1326 993 atque
1356 924 1457 979 hac
1493 925 1831 994 superiorem
1859 925 2135 979 lenitatem

570 1032 667 1083 per
691 1015 1086 1068 beatitudinem
1116 1016 1323 1071 evecti:
1358 1026 1480 1085 post
1505 1033 1644 1086 quos
1675 1016 1911 1070 tumulos
1943 1015 2009 1068 ad
2046 1030 2138 1069 su-

568 1105 817 1157 blimiora
868 1122 969 1161 nos
1004 1106 1237 1161 Verbum
1273 1108 1548 1170 subducit,
1598 1124 1662 1162 ac
1712 1109 1928 1162 tertium
1982 1106 2137 1159 nobis

568 1196 828 1265 deinceps
857 1198 1048 1265 jugtttn
1077 1213 1170 1267 per
1200 1199 1564 1255 bealiludines
1591 1200 1831 1255 ostendit
1858 1219 1871 1253 :
1903 1198 1968 1251 ad
1993 1196 2137 1267 quod

569 1288 716 1339 οηιηί
753 1297 967 1341 tumore
991 1299 1045 1341 et
1087 1305 1273 1353 onere,
1314 1300 1476 1358 atque
1514 1292 1775 1344 tenaciter
1820 1290 2135 1350 iuhzerente,

570 1387 628 1431 ut
664 1378 839 1445 inquit
870 1379 1186 1446 Apostolus,
1220 1390 1445 1449 peccato
1486 1381 1753 1450 deposito,
1790 1397 1890 1435 nos
1918 1393 2136 1433 currere

568 1481 796 1535 prorsus
839 1477 1073 1535 oportet,
1118 1477 1178 1521 ut
1227 1471 1371 1524 leves
1404 1479 1457 1524 ct
1490 1471 1726 1540 expediti
1763 1472 1817 1525 in
1852 1468 2136 1524 cacumine

569 1561 875 1624 conSIituti,
918 1563 1124 1630 puriori
1149 1563 1339 1616 lumini
1372 1564 1616 1618 veritatis
1654 1579 1750 1633 per
1783 1563 2017 1615 animam
2040 1576 2137 1629 ap-

570 1653 999 1721 propinqnemus
1028 1654 1092 1706 ¹⁰.
1151 1653 1292 1719 Quid
1346 1654 1512 1723 igitur
1549 1662 1653 1719 est,
1704 1655 1848 1723 quod
1894 1653 2129 1715 dicitur,

576 1740 726 1793 Beati
770 1742 860 1810 qui
893 1742 1093 1809 lugent,
1128 1744 1375 1812 quoniam
1417 1744 1516 1811 ipsi
1556 1744 1966 1815 consolationem
1999 1742 2138 1794 acci-
2170 1723 2211 1777 Β

569 1834 754 1900 pient?
789 1833 975 1887 Risum
1005 1849 1226 1902 prorsus
1254 1850 1360 1887 non
1397 1835 1619 1899 tenebit,
1663 1834 1710 1889 si
1740 1835 1864 1903 quis
1884 1833 1951 1886 ad
1981 1848 2138 1885 mun-

1789 280 1849 335 S.
1889 274 2210 332 GBEGORII
2239 275 2520 331 NYSSENI

2163 399 2208 454 Α

570 1924 698 1977 dum
746 1926 1024 1993 respiciat.
1073 1934 1127 1979 et
1157 1928 1243 1981 his
1275 1926 1457 1981 verbis
1497 1936 1682 1980 utetur
1720 1924 1952 1980 irridens
1976 1933 2167 1993 atque

571 2015 920 2068 subsannans
952 2013 1185 2068 Verbum
1212 2035 1224 2068 :
1248 2010 1304 2068 Si
1342 2016 1395 2068 in
1424 2017 1531 2068 vita
1556 2016 1696 2070 beati
1726 2015 2015 2079 habentur,
2042 2013 2137 2082 qui

571 2104 716 2156 onmi
763 2105 1069 2157 calamitate
1131 2105 1519 2165 conficiuntur.
1572 2105 1755 2160 miseri
1796 2120 1891 2173 per
1944 2118 2139 2158 conse-

569 2193 845 2260 quentiam
875 2194 1032 2262 plane
1064 2202 1214 2259 sunt,
1242 2211 1474 2263 quorum
1500 2198 1609 2250 vita
1641 2196 1906 2250 molestiis
1932 2194 2138 2263 pariter

568 2293 622 2337 et
650 2283 1066 2350 mgritudittibtts
1116 2284 1581 2357 incommodisque
1622 2295 1800 2341 vacat.
1847 2287 2021 2355 Atque
2062 2286 2135 2339 ita

570 2373 781 2441 species
831 2389 1161 2428 enumerans
1211 2376 1606 2440 calamitatum,
1672 2378 1844 2431 risum
1894 2378 2134 2446 augebit.

569 2474 625 2519 et
646 2465 1018 2534 ampliﬁcabit,
1064 2466 1406 2519 incommoda
1438 2468 1743 2529 viduitatis,
1790 2476 1843 2521 et
1885 2468 2137 2522 orbitatis

570 2570 866 2610 aerumnam
897 2562 1022 2607 ante
1049 2556 1239 2610 oculos
1276 2571 1608 2625 proponens.
1654 2558 1873 2622 damna,
1913 2558 2139 2612 naufra-

541 2648 679 2715 _gia,
707 2646 1049 2715 captivitates
1092 2661 1157 2700 ex
1202 2647 1379 2710 bellis,
1416 2649 1648 2717 injustas
1680 2649 1730 2702 in
1772 2650 1981 2718 judicio
2013 2666 2137 2705 sen-

571 2736 793 2799 tentias,
834 2736 1027 2792 exsilia
1059 2738 1562 2809 publicatiouesque
1597 2740 1886 2803 bonorum,
1916 2741 2139 2811 ignomi-

572 2825 713 2885 nias.
760 2833 813 2879 et
858 2823 1094 2880 infamiae
1124 2835 1303 2891 notas,
1341 2827 1680 2882 calamitates
1722 2837 2032 2883 contractas
2069 2843 2137 2883 ex

574 2917 802 2977 morbis,
850 2917 1126 2971 caecitates
1171 2932 1235 2971 ac
1287 2918 1676 2983 mutilationes,
1722 2920 1982 2989 variaque
2008 2934 2136 2974 cor-

3605 287 3710 347 mo

2850 395 3071 452 ΛΟΓΟΣ
3107 399 3181 451 Γ.

2235 489 2521 558 Μακάριοι
2554 492 2608 543 ot
2638 489 3002 554 πενθοῦντες
3019 530 3034 552 ,
3080 489 3169 542 ὅτι
3210 488 3367 543 αὐτοὶ
3396 495 3719 564 παρακληθή.

2899 576 3130 613 σον-ται.

2307 652 2473 705 Οὔπω
2501 652 2599 723 τῆς
2628 655 2869 722 κορυφῆς
2902 652 2995 705 τοῦ
3028 652 3187 723 ὅρους
3218 651 3601 725 ὲπιὸεδήκάμεν,
3633 654 3721 706 ἀλλ’

2236 746 2318 798 ἔτι
2352 743 2494 797 κατὰ
2521 744 2613 814 τὴν
2640 742 2915 813 ὑπώρειαν
2942 744 3050 795 τῶν
3076 743 3352 813 νοημάτων
3384 745 3556 814 ἐσμέν·
3586 746 3629 798 ει
3654 745 3723 796 καὶ

2236 838 2329 890 δύο
2369 834 2520 898 τινὰς
2552 835 2650 904 ἤδη
2684 832 3114 903 παρωδεύσαμεν
3170 833 3382 903 λόφους,
3423 834 3507 887 ἐπὶ
3530 832 3614 903 τὴν
3646 849 3727 903 μα-

2236 928 2499 997 καριστὴν
2530 927 2819 996 πτωχείαν,
2850 928 2943 979 καὶ
2974 927 3074 993 τὴν
3103 927 3353 997 ἀνωτέρω
3383 925 3562 996 ταύτης
3590 926 3725 997 πραό-

2234 1038 2374 1090 τητα
2421 1020 2509 1072 διὰ
2555 1018 2664 1070 τῶν
2720 1017 3082 1087 μακαρισμῶν
3126 1016 3468 1086 ἀναχθέντες,
3514 1016 3614 1086 μεθ’
3656 1018 3727 1079 οὓς

2237 1112 2501 1184 προσάγει
2537 1113 2651 1173 τοῖς
2682 1109 3035 1180 ὑψηλοτέροις
3055 1109 3203 1179 ἡμᾶς
3232 1111 3258 1161 ὁ
3275 1109 3454 1175 Λόγος,
3481 1108 3565 1160 καὶ
3586 1108 3728 1176 τρίτον

2220 1182 2368 1276 ’ἡμῖν
2417 1203 2611 1273 ἑφεξῆς
2657 1202 2857 1270 ὕψωμα
2903 1202 2990 1254 διὰ
3036 1201 3145 1253 τῶν
3186 1198 3527 1270 μακαρισμῶν
3562 1198 3728 1251 ἀναδείο

2237 1312 2393 1348 κνυσι
2414 1312 2426 1323 ο
2471 1292 2605 1364 πρὸς
2637 1292 2666 1344 ὃ
2709 1290 2814 1361 χρὴ
2844 1290 3059 1353 πάντως
3108 1289 3425 1358 ἀναδραμεῖν
3454 1286 3592 1341 δκνον
3627 1287 3731 1339 ἀπο-

2238 1386 2498 1456 Θεμένους
2549 1384 2746 1445 πάντα,
2793 1383 2885 1435 καὶ
2928 1382 3027 1451 τὴν
3074 1380 3453 1451 εὐπερίστατον
3486 1377 3729 1448 ἁμαρτίαν,

2236 1474 2417 1538 καθώς
2442 1491 2604 1543 φησιν
2634 1476 2663 1525 ὁ
2704 1472 3040 1533 Ἀπόστολος,
3071 1471 3146 1533 ὡς
3178 1470 3244 1523 ἂν
3272 1468 3456 1537 κοῦφοι
3477 1468 3561 1521 καὶ
3583 1465 3732 1519 eam.

2234 1568 2344 1629 λεῖς
2373 1566 2466 1618 ἐπὶ
2505 1566 2602 1635 τῆς
2636 1564 2810 1634 ἄκρας
2841 1563 3141 1633 γενόμενοι,
3181 1559 3531 1631 καθαρωτέρῳ
3566 1556 3634 1628 τῷ
3660 1556 3735 1624 τῆς

2236 1658 2491 1729 ἀληθείας
2518 1656 2658 1724 φωτὶ
2702 1654 2792 1708 διὰ
2839 1653 2940 1723 τῆς
2974 1653 3155 1722 ψυχῆς
3186 1650 3646 1722 προσπελάσαιμεν.
3686 1646 3735 1699 Τί

2237 1746 2413 1800 τοίνυν
2441 1745 2558 1797 ἐστὶ
2585 1745 2646 1797 τὸ
2675 1744 2962 1813 λεγόμενον
2980 1783 2994 1807 ,
3027 1741 3316 1811 Μακάριοι
3343 1744 3393 1795 οἱ
3416 1739 3734 1802 πενθοῦντες,

2236 1838 2326 1891 ὅτι
2367 1837 2538 1890 αὐτοὶ
2592 1833 3204 1902 παρακληθήσονταις
3238 1831 3452 1884 Γελάσει
3502 1830 3683 1890 πάντως
3714 1828 3737 1878 ὁ

2237 1930 2373 2000 πρὸς
2393 1929 2484 1981 τὸν
2506 1928 2709 1997 κόσμον
2740 1926 2969 1996 βλέπων,
2999 1925 3093 1980 καὶ
3111 1924 3254 1989 λέξει
3274 1924 3438 1978 ταῦτα
3464 1920 3739 1991 καταχλευά-

2238 2019 2345 2085 ζων
2377 2020 2468 2072 τὸν
2490 2018 2662 2086 Λόγον
2681 2034 2696 2047 ο
2731 2018 2792 2069 Ei
2818 2014 3207 2088 μακαρίζονται
3240 2014 3378 2068 κατά
3402 2013 3486 2067 τὸν
3518 2012 3616 2082 βίον
3640 2013 3679 2062 οἱ
3694 2011 3737 2062 ὲν

2237 2112 2385 2182 πάσῃ
2414 2110 2669 2180 συμφορᾷ
2694 2106 3097 2176 δαπανώμενοι,
3120 2105 3292 2160 ἄθλιοι
3320 2104 3456 2159 κατά
3480 2104 3535 2157 τὸ
3558 2101 3737 2156 ἀκόλου·

2194 2188 2213 2205 ⁸
2237 2203 2328 2257 θὸν
2361 2204 2465 2256 είσι
2520 2202 2737 2263 πάντως
2782 2196 2864 2263 οἷς
2897 2199 3099 2262 ἄλυπός
3143 2216 3204 2251 τε
3256 2197 3350 2251 καὶ
3390 2198 3604 2266 ἀπήμων
3626 2193 3738 2247 ἐστὶν

572 3006 725 3076 poris
764 3007 890 3059 vitia
926 3016 1089 3076 atque
1116 3007 1460 3069 detrimenta,
1501 3024 1565 3062 ac
1589 3010 1634 3063 si
1665 3009 1794 3078 quid
1824 3010 2134 3064 hominibus
2161 3038 2204 3095 ρ

575 3112 668 3164 per
696 3096 836 3149 banc
861 3096 1025 3149 vitam
1054 3097 1245 3150 incidit
1277 3098 1624 3158 incommodi.
1655 3099 1797 3169 quod
1830 3101 1909 3155 vel
1936 3116 2146 3171 corpus,

573 3187 656 3241 vel
686 3188 926 3240 animum
961 3189 1214 3257 attingat,
1247 3190 1428 3243 omnia
1465 3192 1711 3244 oratione
1740 3202 2136 3262 persequetur:

574 3291 670 3345 per
700 3292 840 3345 quze,
895 3286 953 3331 ut
1004 3278 1124 3345 ejus
1174 3280 1358 3347 opinio
1411 3280 1536 3344 fert,
1577 3282 1861 3337 ridiculum
1893 3285 2142 3340 ostendet

2240 3276 2432 3328 λαστον
2464 3273 2731 3338 ἀποδείξει
2779 3275 2869 3328 τὸν
2896 3276 3019 3337 τοὺς
3064 3273 3397 3337 πενθοῦντος
3442 3267 3749 3343 μακαρίζοντα
3831 3313 3846 3327 .

568 3382 900 3425 sermonem,
955 3384 1064 3437 quo
1092 3369 1337 3438 lugentes
1374 3371 1515 3426 beati
1546 3373 1879 3442 judicantur.
1912 3375 2020 3431 Nos
2045 3391 2145 3429 au-

571 3464 681 3512 tem
724 3474 913 3527 parum
962 3469 1221 3515 curantes
1261 3478 1355 3517 eos
1407 3463 1498 3531 qui
1541 3473 1595 3519 et
1629 3465 1816 3519 humili
1851 3474 1904 3521 et
1945 3466 2142 3535 pusillo

573 3550 759 3604 anitno
793 3551 1008 3604 divinos
1036 3554 1476 3623 contemplantur
1508 3556 1835 3621 intellectus,
1874 3565 2139 3626 quantum

574 3640 692 3709 ejus
725 3640 835 3696 fieri
867 3643 1085 3710 poterit,
1117 3657 1230 3708 eas,
1264 3660 1383 3711 qua:
1406 3646 1457 3698 in
1487 3645 1589 3701 hoc
1612 3647 1758 3701 dicto
1786 3647 1893 3701 alte
1914 3646 2143 3701 defossa!

569 3732 777 3800 jacent,
831 3733 1050 3791 divitias
1104 3736 1320 3804 penitus
1351 3736 1619 3806 inspicere
1658 3754 1937 3803 conemur,
1972 3749 2027 3793 ut
2060 3740 2139 3792 vel

575 3840 672 3889 per
716 3824 819 3877 hoc
865 3818 1083 3892 planum
1140 3824 1233 3878 ﬁat
1286 3834 1488 3895 quanta
1536 3830 1607 3883 sit
1649 3828 1951 3883 differentia
2003 3830 2143 3884 inter

572 3918 846 3969 carnalem
890 3925 1291 3986 terrenamque,
1332 3926 1387 3972 et
1433 3918 1720 3975 sublimem
1755 3922 2142 3990 caelestemque

574 4007 1007 4074 intelligentiam.

646 4100 723 4150 Ac
749 4100 921 4165 prima
940 4098 1157 4165 quidem
1188 4098 1322 4153 facie
1348 4108 1523 4168 potest
1547 4102 1741 4167 aliquis
1769 4102 1917 4154 illum
1940 4103 2140 4154 luctum

576 4187 791 4241 beatum
824 4198 1051 4256 putare;
1082 4190 1174 4255 qui
1209 4200 1431 4259 propter
1473 4192 1669 4246 delicta
1711 4199 1875 4260 atque
1923 4200 2141 4261 peccata

573 4280 809 4341 exsistit,
845 4280 1001 4348 juxta
1028 4280 1178 4334 Pauli
1213 4281 1281 4336 de
1315 4284 1540 4337 tristitia
1566 4284 1891 4346 doctrinam,
1924 4284 2011 4338 ubi
2054 4285 2140 4337 di-

2238 2298 2271 2365 ἡ
2306 2295 2439 2365 ζωή.
2471 2293 2582 2347 Καὶ
2611 2291 2753 2345 οὕτω
2779 2290 2849 2343 τὰ
2880 2290 2991 2360 εἴδη
3025 2290 3133 2343 τῶν
3161 2288 3453 2361 συμφορῶν
3476 2281 3739 2356 ἐξαριθμοῦ-

2242 2401 2420 2453 μενος,
2452 2380 2734 2434 πλεονάσει
2765 2378 2856 2431 τὸν
2881 2378 3109 2446 γέλωτα,
3138 2376 3206 2429 τά
3245 2378 3345 2447 τῆς
3380 2374 3586 2445 χηρείας
3607 2370 3739 2432 κακὰ,

2238 2473 2332 2525 καὶ
2360 2471 2457 2540 τὴν
2488 2468 2589 2538 τῆς
2629 2468 2890 2537 ὀρφανίας
2932 2465 3307 2537 ταλαιπωρίαν
3340 2465 3429 2517 ὑπ’
3459 2463 3568 2532 δψιν
3605 2460 3739 2529 ἄγων,

2235 2563 2336 2625 τὰς
2364 2561 2584 2632 ζημίας,
2613 2558 2681 2612 τὰ
2709 2560 2963 2625 ναυάγια,
2994 2558 3092 2621 τὰς
3131 2559 3195 2610 ὲκ
3237 2556 3483 2626 πολέμων
3518 2552 3741 2622 αἰχμαλω-

2240 2652 2379 2714 σίας,
2424 2650 2523 2712 τὰς
2566 2648 2782 2709 ἀδίκους
2823 2650 2880 2700 ἐν
2931 2646 3266 2716 δικαστηρίῳ
3302 2644 3523 2718 κρίσεις,
3569 2640 3740 2711 9.500;:—

2240 2738 2407 2810 σμούς
2422 2755 2482 2791 τε
2510 2738 2604 2791 καὶ
2627 2735 2916 2806 δημεύσεις
2944 2734 3039 2786 καὶ
3062 2734 3309 2804 ἀτιμίας,
3324 2733 3419 2796 τάς
3440 2749 3493 2784 τε
3517 2728 3743 2800 συμφορὰς

2236 2828 2334 2889 τὰς
2366 2826 2431 2878 ὲκ
2467 2824 2573 2878 τῶν
2621 2823 2811 2884 νόσων,
2854 2817 2964 2875 οἷον
2992 2820 3274 2892 πηρώσεις
3312 2839 3371 2874 τε
3408 2821 3497 2875 καὶ
3539 2820 3741 2890 dupun-

2239 2915 2523 2986 ριασμοὺς,
2557 2914 2650 2966 καὶ
2690 2911 2788 2981 τὴν
2817 2911 3162 2981 παντοδαπὴν
3192 2911 3291 2964 τοῦ
3328 2910 3561 2980 σώματος
3586 2905 3742 2974 λώϐην.

2239 3009 2332 3061 κα)⁵
2363 3008 2418 3060 εί
2440 3024 2491 3059 τι
2524 3009 2635 3069 τοῖς
2673 3005 2973 3074 ἀνθρώποις
3012 3003 3152 3057 κατά
3177 3003 3273 3057 τδν
3319 3002 3430 3072 βίον
3464 2999 3630 3054 τοῦτον
3652 3012 3745 3049 σνν-

2243 3097 2453 3150 ίσταται
2482 3094 2721 3164 πάθος,ἢ
2745 3092 3059 3163 σώματος,ἢ
3088 3092 3270 3163 ψυχῆς
3288 3092 3592 3160 ἀπτόμενον,
3611 3086 3746 3139 πάντα

2239 3186 2318 3255 τῷ
2345 3186 2489 3255 λόγῳ
2516 3184 2924 3248 διεξελεύσεται,
2965 3184 3031 3236 δι’
3073 3176 3167 3246 ὧν,
3217 3185 3297 3246 ὡς
3345 3184 3522 3244 οἴεται,
3562 3172 3745 3243 καταγέ-

2239 3369 2414 3437 λόγον.
2457 3368 2644 3438 Ἡμεῖς
2678 3367 2735 3421 δὲ
2773 3365 2945 3437 μικρὰ
2975 3366 3361 3437 φροντίσαντες
3394 3367 3497 3417 τῶν
3536 3354 3747 3432 jnme-

2240 3478 2349 3532 χως
2389 3476 2449 3512 τε
2480 3460 2573 3513 καὶ
2616 3457 2881 3521 ταπεινῶς
2925 3457 3380 3528 ἀναθεωροῦντων
3415 3455 3479 3509 τὰ
3523 3453 3627 3506 Θεία
3660 3449 3750 3516 vol;-

2245 3569 2411 3623 ματα,
2461 3550 2535 3614 ὡς
2585 3550 2698 3602 ἔστι
2743 3549 2962 3602 δυνατὸν
2991 3548 3228 3602 κατιδεῖν
3254 3548 3347 3601 τὸν
3376 3545 3660 3614 ἐγκείμενον
3691 3536 3749 3601 τῷ

2241 3642 2516 3713 είρημένῳ
2560 3640 2648 3693 διὰ
2679 3639 2874 3709 βάθους
2906 3638 3131 3692 πλοῦτον
3160 3640 3605 3708 ἐπιχειρήσωμεν,
3637 3632 3749 3688 ὅπως

2240 3734 2307 3788 ἂν
2342 3733 2573 3804 φανερὸν
2624 3733 2719 3786 καὶ
2755 3734 2842 3785 διὰ
2893 3731 3047 3785 τοῦτο
3089 3732 3321 3800 γένοιτο,
3373 3730 3527 3782 πόσον
3570 3724 3668 3778 ἐστὶ
3705 3720 3751 3771 τὸ

2240 3825 2493 3896 διάφορον
2518 3825 2618 3895 τῆς
2665 3823 2926 3895 σαρκίνης
2957 3840 3013 3875 τε
3045 3823 3138 3876 καὶ
3170 3823 3362 3893 χοῖκῆς
3389 3817 3621 3879 διανοίας,
3648 3810 3749 3879 πρὸς

2240 3917 2339 3985 τὴν
2370 3915 2580 3986 ὑψηλήν
2612 3931 2668 3966 τε
2707 3915 2794 3967 καὶ
2822 3914 3159 3984 ἐπουράνιον.

2316 4097 2469 4149 Ἐστι
2503 4095 2599 4165 μὲν
2640 4090 2731 4146 οὖν
2765 4095 2828 4145 ἐκ
2870 4092 2961 4144 τοῦ
2989 4090 3282 4162 προχείρου
3316 4084 3626 4159 μακαριστὸν
3648 4081 3749 4133 ὑπο·

2242 4188 2424 4241 λαϐεῖν
2458 4187 2631 4239 ἐκεῖνο
2670 4185 2730 4237 τὸ
2782 4184 2992 4247 πένθος,
3022 4183 3083 4236 τὸ
3123 4183 3215 4235 ἐπὶ
3255 4166 3751 4250 πλημμελήμασικαὶ

2242 4279 2536 4350 ἁμαρτίαις
2562 4277 2858 4347 γινόμενον,
2893 4275 3033 4328 κατά
3059 4274 3157 4345 τὴν
3188 4272 3285 4327 τοῦ
3317 4271 3521 4325 Παῦλου
3553 4259 3753 4334 περὶτῆς

574 4373 669 4436 cit,
733 4388 840 4426 non
889 4388 1012 4427 esse
1056 4389 1218 4427 unam
1263 4375 1499 4430 tristitia:
1545 4378 1802 4445 speciem,
1858 4377 1950 4431 sed
1981 4378 2139 4429 aliam

2245 4371 2419 4448 λύπης
2449 4368 2811 4429 διδασκαλίαν,
2835 4366 2926 4420 τοῦ
2958 4368 3247 4437 φήσαντος,
3283 4364 3360 4435 μὴ
3389 4362 3445 4414 ἓν
3472 4354 3596 4413 εἶναι
3616 4352 3751 4417 λύπης

574 4463 792 4531 quidem
856 4464 1205 4528 mundanam,
1261 4466 1421 4518 aliam
1492 4483 1621 4521 vero
1670 4483 1790 4537 qua:
1841 4470 2139 4523 secundum

577 4552 743 4607 Deum
793 4562 1233 4623 repraesentetur.
1285 4557 1361 4609 Ac
1414 4558 1742 4612 mundanam
1782 4559 1998 4627 quidem
2045 4562 2141 4613 tri-

574 4646 778 4699 stitiam
830 4646 1020 4699 mortis
1053 4645 1378 4700 effectricem
1423 4664 1567 4710 esse,
1613 4650 1835 4703 alteram
1875 4666 2002 4705 vero
2046 4667 2143 4719 per

577 4736 953 4802 paenitentiam
1004 4738 1234 4791 salutem
1283 4738 1551 4793 conficere
1596 4741 1973 4796 mmrcntibus.
2008 4741 2141 4795 Nam

576 4840 761 4878 revera
806 4842 914 4879 non
950 4836 1129 4896 potest
1180 4843 1286 4882 non
1320 4829 1475 4883 beata
1524 4830 1755 4899 judicari
1795 4832 1923 4887 talis
1951 4834 2145 4889 anima:

577 4915 935 4983 perturbatio,
964 4920 1495 4982 cunnanimadverso
1520 4936 1583 4973 eo
1607 4923 1750 4989 quod
1776 4922 2023 4979 deterius
2040 4933 2143 4987 est,

575 5008 740 5061 vitam
783 5007 1034 5062 vitiosam
1078 5010 1348 5079 deplorat.
1397 5012 1863 5078 Quemadmodum
1909 5019 2053 5071 enim
2088 5018 2141 5071 in

577 5097 827 5166 corporis
867 5098 1093 5163 morbis,
1145 5101 1344 5169 quibus
1387 5103 1566 5171 aliqua
1616 5120 1741 5173 pars
1792 5108 2039 5176 corporis
2076 5125 2143 5165 ex

578 5188 809 5242 violenta
840 5189 1071 5258 quadam
1108 5190 1328 5245 lzesione
1376 5192 1555 5247 tabida
1594 5193 1732 5249 facta
1769 5196 1951 5261 fuerit,
1988 5196 2141 5251 indo-

576 5279 739 5335 lentia
792 5292 1111 5348 argumento
1153 5289 1266 5345 est,
1301 5291 1569 5336 mortuam
1622 5300 1745 5341 esse
1798 5287 2034 5341 tabidam
2078 5303 2141 5341 ac

576 5365 883 5437 languidam
917 5368 1062 5422 illam
1095 5379 1300 5440 partem
1328 5388 1342 5435 ;
1390 5371 1482 5425 sed
1523 5372 1567 5426 si
1622 5380 1738 5427 arte
1769 5373 2000 5442 quadam
2036 5392 2141 5431 me-

580 5462 694 5513 dica
721 5460 901 5515 vitalis
922 5460 1101 5515 denuo
1126 5477 1322 5517 sensus
1353 5464 1564 5531 corpori
1598 5463 1881 5519 restitutus
1910 5466 2000 5524 sit.
2031 5475 2137 5521 tam

644 5627 663 5655 ⁹
702 5630 890 5687 Matth.
927 5650 981 5694 ν,
1015 5635 1067 5688 5.
1147 5634 1189 5665 ¹⁰
1230 5632 1390 5689 llehr.
1426 5651 1529 5700 xu,
1560 5634 1651 5692 2‘2.

2246 4458 2401 4526 εἶδος,
2431 4460 2566 4515 ἀλλὰ
2600 4461 2661 4514 τὸ
2697 4460 2791 4528 μὲν
2821 4459 3079 4528 κοσμικδν
3101 4497 3116 4522 ,
3144 4457 3203 4510 τὸ
3232 4457 3290 4510 δὲ
3335 4453 3475 4509 κατὰ
3502 4450 3616 4504 Θεὸν
3636 4448 3753 4511 ἐνερ-

2245 4553 2523 4624 γούμενον.
2572 4553 2681 4606 Καὶ
2727 4552 2827 4620 τῆς
2883 4552 2982 4621 μὲν
3034 4548 3306 4620 κοσμικῆς
3343 4547 3531 4617 λύπης,
3574 4540 3752 4594 Θάνατον

2246 4639 2476 4694 εἶναιτὸ
2504 4641 2696 4712 ἔργων
2744 4641 2840 4710 τὴν
2881 4640 2937 4692 δὲ
2982 4639 3195 4707 ἑτέραν,
3237 4637 3508 4707 σωτηρίαν
3549 4634 3605 4683 ἐκ
3628 4639 3752 4696 p5?!-

2246 4733 2389 4796 νοίας
2416 4735 2528 4796 τοῖς
2556 4732 2913 4801 λυπουμένοις
2937 4729 3282 4802 ἐργάζεσθαι.
3322 4728 3414 4799 Τῷ
3437 4727 3541 4780 ὄντι
3569 4722 3660 4790 γὰρ
3675 4715 3751 4768 οὐκ

2246 4826 2350 4892 ἔξω
2380 4825 2474 4879 τοῦ
2513 4825 2907 4896 μακαρίζεσθαι
2949 4821 3010 4875 τὸ
3046 4822 3286 4875 τοιοῦτον
3311 4822 3412 4884 τῆς
3438 4816 3601 4887 ψυχῆς

2248 4916 2412 4979 ἐστὶν,
2444 4894 2572 4967 ὅταν
2601 4894 2936 4983 ὲνγαὶσοήσει
2966 4912 3229 4982 γενομένη
3276 4908 3372 4962 τοῦ
3419 4908 3650 4997 χείρονος,
3681 4894 3750 4997 if”

2249 5008 2305 5058 ὲν
2332 5006 2496 5076 κακίᾳ
2527 5004 2639 5075 βίον
2669 5005 3094 5075 ἀπολοφύρηται.
3137 5004 3403 5071 Καθάπερ
3434 4999 3535 5070 γὰρ
3562 4992 3640 5048 ἐπὶ
3670 4992 3749 5039 τῶν

2250 5100 2578 5168 σωματικῶν
2607 5098 3073 5170 ἀρρωστημάτων,
3103 5092 3183 5159 οἷς
3210 5095 3276 5148 ἂν
3310 5094 3533 5164 πάρετον
3562 5083 3614 5149 ἐξ
3645 5084 3748 5145 ἔκη’

2253 5191 2403 5262 ρείας
2435 5194 2576 5253 τινὸς
2602 5191 2826 5259 γένηταί
2870 5208 2923 5244 τι
2959 5190 3119 5261 μέρος
3159 5186 3252 5241 τοῦ
3286 5186 3551 5256 σώματος,
3578 5172 3749 5244 σημεῖον

2246 5285 2339 5339 τοῦ
2361 5283 2724 5353 νενεκρῶσθαι
2749 5283 2808 5336 τὸ
2832 5282 3156 5353 παρειμένον
3184 5273 3540 5350 ἡάναλγησία
3557 5269 3746 5337 γίνεται·

2249 5377 2296 5428 εἰ
2344 5375 2400 5427 δὲ
2450 5375 2591 5427 κατά
2637 5390 2757 5426 τινα
2801 5373 2995 5443 τέχνην
3044 5372 3293 5442 ἰατρικὴν
3342 5373 3374 5440 ἡ
3416 5362 3601 5432 ζωτιλὴ
3629 5353 3751 5410 πᾶλιν

2249 5466 2496 5536 αἴσθησις
2530 5463 2857 5534 ἐπαναχοείη
2886 5463 2963 5533 τῷ
2998 5463 3228 5535 σώματι,
3277 5462 3547 5534 χαίρουσιν
3569 5452 3651 5523 ἤδη
3678 5459 3747 5496 πῖθ’
