3996 6196
279 231 406 285 1221

1303 224 1387 277 DE
1424 219 2026 278 BEATITUDINIBUS.
2072 218 2329 272 OiiA'l'lO
2373 217 2458 269 lli.

3383 220 3518 273 1222

3416 258 3519 273 δή-

275 343 489 397 νοῦντος
516 339 609 393 τού
651 337 868 408 μέρους,
900 336 1059 399 αύτός
1104 352 1161 387 τε
1209 334 1236 386 6
1288 335 1506 405 κάμνων
1540 335 1632 388 καὶ
1663 336 1711 387 οἱ
1748 332 1845 401 τὴν

1974 346 1997 380 s
2036 330 2125 398 qui
2160 328 2390 391 laborat,
2422 344 2582 398 quam
2618 332 2706 399 qui
2740 333 3074 387 curationem
3110 332 3518 398 administrant,

1820 423 1839 433 ε

1817 444 1823 453 ν

276 431 571 503 θεραπείαν
624 428 1023 499 προσάγοντες,
1084 427 1364 497 τεκμηρίῳ
1422 430 1691 497 χρώμενοι
1753 427 1844 475 τοῦ

276 527 410 596 προς
439 524 650 591 ὑγίειαν
691 522 888 589 τρέψαι
934 519 993 571 τὸ
1028 520 1216 582 πάθος,
1245 519 1304 571 τὸ
1341 520 1397 570 ὲν
1446 517 1694 586 αἰσθήσει
1742 516 1848 568 τῶν

275 614 678 687 δριμυσσόντων
706 613 803 683 ἤδη
832 611 1081 680 γενέσθαι
1111 612 1169 663 τὸ
1188 611 1378 681 μέλος·
1411 608 1581 671 οὑτως
1610 607 1848 668 ἐπειδάν,

279 706 460 769 καθώς
485 722 645 776 φησιν
676 706 704 757 6
743 702 1082 765 Ἀπόστολος,
1114 702 1492 772 ἀπηλγηκότες
1518 700 1659 763 τινὲς
1681 717 1850 769 παρα-

275 796 406 848 δῶσι
454 794 530 863 τῷ
577 793 693 845 καθ’
746 791 1017 862 ἁμαρτίαν
1066 790 1162 860 βίῳ
1203 793 1447 853 ἑαυτοὺς,
1497 789 1677 860 νεκροί
1708 806 1849 850 τινες

277 886 443 947 ὄντως
475 886 567 936 καὶ
598 884 821 954 πάρετοι
873 883 967 935 τοῦ
1008 884 1126 935 κατ’
1161 883 1361 953 ἀρετὴν
1406 882 1520 952 βίου
1550 881 1847 950 γενόμενοι,

280 977 531 1046 οὐδεμίαν
575 975 788 1045 ἔχουσιν
836 967 911 1027 ὧν
942 974 1184 1027 ποιοῦσιν
1229 976 1327 1045 τὴν
1364 975 1633 1043 αἴσθησιν.
1691 975 1753 1026 Εἰ
1795 974 1850 1026 δὲ

278 1068 581 1136 καθάψαιτό
624 1084 703 1128 τις
752 1065 930 1118 αὑτῶν
982 1066 1009 1117 6
1058 1065 1316 1136 ἰατρεύων
1360 1065 1552 1133 λόγος,
1611 1060 1719 1116 οἷον
1764 1064 1851 1116 διά

275 1174 439 1209 τινων
475 1154 692 1225 θερμῶν
720 1172 776 1206 τε
824 1154 916 1206 καὶ
942 1154 1290 1207 διακαιόντων
1346 1154 1651 1225 φαρμάκων
1688 1153 1852 1221 (λέγω

279 1248 335 1298 δὲ
368 1247 475 1298 τῶν
512 1244 847 1315 σκυθρωπῶν
877 1245 972 1313 τῆς
996 1246 1292 1314 μελλούσης
1315 1246 1546 1315 κρίσεως
1569 1246 1847 1311 ἀπειλῶν),

279 1337 374 1388 καὶ
404 1334 490 1387 διὰ
540 1334 735 1404 βάθους
781 1334 876 1404 τὴν
922 1335 1146 1405 καρδίαν
1189 1335 1265 1405 τῷ
1305 1335 1452 1405 φόϐῳ
1490 1335 1595 1387 τῶν
1626 1336 1853 1407 προσδο-

280 1428 538 1495 κωμένων
590 1424 915 1496 δριμύξειεν,
970 1425 1193 1494 γεέννης
1246 1426 1427 1493 φόϐον,
1484 1426 1577 1477 καὶ
1625 1425 1733 1496 ττῦρ
1777 1427 1850 1498 μὴ

281 1514 470 1567 σϐεννύ
481 1532 657 1583 μενον,
680 1516 771 1567 καὶ
798 1515 1151 1586 ἀτελεύτητον
1184 1514 1460 1583 σκώληκα,
1490 1518 1580 1568 καὶ
1610 1517 1852 1587 βρυγμὺν

279 1606 524 1667 όδίντων,
560 1606 653 1658 καὶ
685 1604 959 1675 κλαυθμὸν
989 1606 1344 1671 ἀδιάλειπτον,
1378 1610 1468 1660 καὶ
1503 1609 1689 1670 σκότος
1714 1608 1845 1673 ἐξώ-

1948 422 2161 475 dolente
2184 421 2299 490 jam
2334 430 2485 491 parte
2515 424 2771 493 gaudent,
2805 427 3004 495 quippe
3028 427 3334 481 certissimo
3362 441 3520 497 argu-

1952 521 2133 566 mento
2157 519 2390 575 utentes,
2414 513 2478 565 ad
2500 514 2787 567 sanitatem
2809 517 3142 570 convertisse
3166 532 3223 571 se
3242 519 3519 585 morbum,

1949 613 2014 651 eo
2051 599 2191 666 quod
2238 601 2537 653 membrum
2590 602 2791 656 sentire
2832 602 2943 671 jam
2990 604 3214 673 cmperit
3272 620 3333 659 ea
3397 620 3519 675 quae

1953 690 2153 744 faciant
2199 692 2472 747 dolorem:
2534 695 2601 746 ita
2657 696 2923 757 nonnulli,
2985 705 3266 764 postquam
3317 698 3520 751 amisso

1952 800 2117 839 sensu
2152 786 2380 849 doloris,
2423 799 2478 841 ut
2518 788 2693 856 inquit
2742 788 3055 863 Apostolus,
3095 788 3418 840 tradiderint
3462 804 3522 841 se

1953 877 2072 931 vita:
2111 880 2424 947 peccatrici.
2474 896 2619 942 eum,
2669 882 2811 949 quod
2856 879 2921 933 ad
2965 880 3129 931 vitam
3163 895 3286 931 cum
3320 878 3522 930 virtute

1952 968 2251 1039 degendam
2288 973 2502 1034 attinet,
2535 988 2720 1026 revera
2753 973 2949 1025 mortui
2983 972 3202 1041 quidam
3234 966 3521 1022 tabefacti-

1951 1076 2057 1129 que
2092 1062 2222 1124 sint,
2255 1063 2463 1116 nullum
2497 1079 2683 1116 eorum
2731 1080 2849 1132 qua:
2895 1063 3101 1116 faciunt
3164 1075 3386 1114 sensum
3422 1061 3521 1111 ha-

1954 1153 2101 1207 bent.
2142 1154 2245 1207 Sed
2298 1157 2342 1210 si
2378 1157 2500 1224 quis
2558 1171 2740 1211 sermo
2774 1155 3036 1217 medicus,
3092 1153 3255 1206 veluti
3291 1150 3521 1219 quibus-

1952 1242 2074 1294 dam
2106 1244 2298 1296 ealidis
2331 1246 2822 1313 perureutilmsque
2844 1243 3253 1297 medicamentis
3290 1239 3517 1306 (futuri,

1952 1334 2198 1402 inquam,
2224 1336 2413 1401 judieii
2451 1336 2736 1391 horrendis
2759 1345 2810 1389 et
2828 1335 3039 1389 acerbis
3066 1332 3262 1401 minis)
3284 1347 3376 1386 eos
3409 1346 3524 1399 per-

1954 1423 2260 1489 strinxerit,
2305 1434 2357 1479 ct
2389 1434 2595 1480 terrore
2642 1443 2829 1481 eorum
2874 1442 2995 1496 qum
3029 1426 3082 1478 in
3112 1422 3523 1493 exspectatione

1958 1523 2085 1568 sunt
2116 1532 2211 1569 cor
2250 1517 2463 1586 penitus
2488 1518 2914 1582 exacerbaverit,
2948 1525 3210 1570 terrorem
3233 1514 3518 1584 gehennae,

1956 1606 2133 1674 ignem
2162 1607 2252 1673 qui
2289 1622 2395 1659 non
2427 1609 2812 1675 exstinguitur,
2844 1623 3078 1661 vermem
3109 1623 3215 1660 non
3247 1605 3520 1658 cruorien-

280 1716 454 1771 τερον,
491 1700 581 1750 καὶ
622 1698 835 1751 ἅπαντα
865 1697 931 1749 τά
960 1698 1202 1760 τοιαῦτα,
1237 1694 1345 1752 οἷόν
1378 1717 1498 1753 τινα
1530 1699 1708 1771 θερμά
1755 1700 1849 1751 καὶ

1964 1706 2084 1756 Letn,
2120 1694 2409 1746 stridorem
2442 1694 2708 1755 dentium,
2758 1703 3189 1763 perpetuumque
3215 1690 3425 1752 ﬂetum,
3467 1697 3522 1742 et

279 1789 476 1859 δριμέα
510 1789 773 1859 φάρμακα
810 1789 887 1858 τῷ
919 1791 1272 1860 νεναρκηκότι
1312 1790 1397 1843 διὰ
1432 1790 1538 1843 τῶν
1581 1790 1700 1843 καθ’
1726 1790 1849 1859 ἡδο-

281 1880 375 1950 νὴν
403 1880 737 1949 παθημάτων
764 1882 1022 1952 ἐντρίὸων
1052 1882 1143 1933 καὶ
1177 1882 1520 1945 άναθάλπων,
1554 1882 1631 1944 είς
1662 1881 1850 1949 αἴσθη-

284 1989 367 2023 σιν
384 1972 543 2023 αὑτὸν
572 1972 770 2039 ἀγάγοι
798 1972 889 2025 τοῦ
922 1975 977 2024 ἐν
998 1965 1041 2039 ᾧ
1069 1968 1135 2043 ἦν
1164 1972 1300 2043 βίου,
1336 1973 1669 2045 μακαριστὸν
1690 1972 1851 2024 αὑτὸν

282 2062 685 2132 ἀπεργάσηται,
720 2061 815 2131 τὴν
859 2062 1119 2133 ὀδυνηρὰν
1167 2063 1417 2133 αἴσθησιν
1451 2066 1518 2134 τῇ
1554 2064 1696 2133 ψυχῇ
1751 2064 1851 2132 ἐμ-

282 2153 533 2221 ποιήσας.
579 2151 838 2222 Καθάπερ
877 2153 969 2205 καί⁸
1000 2156 1028 2205 6
1074 2153 1281 2216 Παῦλος
1313 2154 1403 2206 τὸν
1452 2157 1517 2225 τῇ
1563 2154 1716 2225 κοίτῃ
1759 2153 1851 2205 τοῦ

282 2242 489 2314 πάτρος
521 2242 972 2312 ἑπιλυσσήσαντα,
1006 2243 1195 2314 μέχρις
1225 2243 1433 2297 ἐκείνου
1486 2244 1735 2313 μαστίζει
1778 2242 1854 2313 τῷ

281 2334 445 2405 λόγῳ,
482 2334 586 2395 ἕως
614 2334 677 2386 ἂν
704 2334 1042 2404 ἀναισθήτως
1082 2331 1223 2404 εἶχεν
1259 2338 1356 2405 τῆς
1387 2335 1659 2404 ἁμαρτίας
1680 2350 1692 2362 ·
1736 2333 1855 2386 ἐπεὶ

282 2427 341 2478 δὲ
384 2425 636 2478 καθίκετο
684 2425 776 2477 τοῦ
810 2426 1063 2497 ἀνδρὸςή
1101 2427 1198 2495 τῆς
1244 2427 1582 2497 ἐπι-πλήξεως
1625 2428 1854 2498 ἰατρεία,

280 2516 359 2576 ὡς
390 2516 487 2586 ἤδη
532 2516 798 2586 μακάριον
830 2516 916 2568 διά
945 2516 1037 2569 τοῦ
1068 2517 1292 2581 πένθους
1338 2518 1646 2587 γενόμενον,
1682 2536 1856 2589 παραυ

284 2609 471 2663 καλεῖν
503 2610 746 2679 ἄρχεται,
777 2609 863 2661 ἴνα
897 2610 969 2679 μὴ
1000 2611 1064 2680 τῇ
1097 2611 1458 2682 περισσοτέρᾳ
1487 2609 1651 2683 λύπῃ,
1702 2614 1852 2679 φησὶ,

282 2700 569 2770 καταποθῇ
613 2702 641 2752 6
683 2700 939 2762 τοιοῦτος.
974 2700 1153 2753 Ἔστω
1199 2701 1254 2753 δὲ
1300 2702 1393 2754 καὶ
1437 2701 1594 2754 τοῦτο
1634 2703 1857 2771 ἡμῖντὸ

286 2793 464 2862 νόημα
511 2792 643 2860 πρὸς
682 2793 780 2861 τὴν
816 2793 1177 2864 προκειμένην
1215 2793 1308 2845 τοῦ
1341 2792 1685 2864 μακαρισμοῦ
1724 2792 1857 2845 θεω-

293 2881 411 2951 ρίαν
436 2884 514 2937 εἰς
561 2881 650 2933 τὸν
679 2884 796 2933 κατ’
832 2882 1028 2953 ἀρετὴν
1060 2881 1171 2952 βίον
1198 2883 1295 2935 οὐκ
1341 2883 1629 2952 ἄχρηστον,
1670 2881 1756 2934 διὰ
1800 2882 1858 2933 τὸ

291 2974 600 3034 πλεονάζειν
660 2991 771 3036 πως
819 2975 877 3025 ἐν
922 2977 989 3044 τῇ
1052 2973 1209 3043 φύσει
1253 2972 1363 3025 τῶν
1414 2973 1715 3041 ἀνθρώπων
1761 2973 1857 3043 τὴν

289 3065 597 3135 ἁμαρτίαν
651 3064 849 3134 ταύτης
897 3064 952 3117 δὲ
1009 3065 1294 3136 φάρμακον
1343 3064 1404 3117 τὸ
1454 3067 1516 3117 ἐκ
1575 3065 1860 3133 μετανοίας

291 3155 485 3218 πένθος
530 3155 923 3208 ἀποδέδεικται.
977 3155 1136 3207 Ἀλλά
1180 3172 1269 3224 μοι
1302 3155 1448 3208 δοκεῖ
1487 3154 1777 3225 βαθύτερόν
1809 3172 1859 3207 τι

289 3239 398 3291 τῶν
426 3239 730 3309 εἰρημένων
766 3241 1156 3311 ὑποσημαίνειν
1184 3244 1211 3293 6
1237 3242 1404 3309 Λόγος
1429 3244 1485 3294 ἐν
1518 3245 1580 3311 τῇ
1613 3258 1859 3312 παρατα-

292 3333 416 3402 τικῇ
448 3330 541 3383 τοῦ
568 3330 794 3393 πένθους
819 3331 1087 3403 ἐνεργείᾳ,
1124 3332 1250 3384 ἄλλο
1277 3350 1329 3383 τι
1354 3332 1502 3402 παρὰ
1535 3332 1692 3383 τοῦτο
1726 3334 1863 3383 νοεῖν

295 3420 691 3492 ὑφηγούμενος.
724 3404 921 3493 Εἰγὰρ
973 3424 1139 3494 μόνην
1168 3423 1263 3493 τὴν
1297 3424 1387 3475 ἐπὶ
1422 3422 1499 3492 τῷ
1545 3423 1865 3494 πλημμελή-

300 3528 428 3579 ματι
482 3510 838 3579 μεταμέλειαν
895 3512 1267 3573 ἐπεδείκνυεν,
1339 3510 1753 3580 ἁκολουθότερον
1801 3511 1865 3563 ἂν

294 3597 360 3669 ἦν
388 3602 513 3662 τοὺς
554 3601 929 3671 πενθήσαντας
975 3601 1391 3671 μακαρίζεσθαι,
1425 3603 1482 3653 ού
1530 3603 1653 3664 τοὺς
1692 3602 1865 3653 εἰσαεί⁸

296 3689 622 3752 πενθοῦντας
642 3706 655 3719 ο
695 3692 769 3751 ὡς
815 3692 905 3742 ἐπὶ
936 3690 1328 3759 ὑποδείγματος
1359 3690 1639 3761 συγκρίσει
1667 3690 1763 3759 τῆς
1806 3692 1863 3742 ἐν

294 3782 358 3849 τῇ
388 3779 529 3848 νόσῳ
554 3779 827 3849 διαγωγῆς
861 3782 984 3842 τοὺς
1012 3780 1440 3851 Οεραπευθέντας
1468 3782 1860 3851 μακαρίζομεν,

292 3871 357 3923 οὑ
394 3873 520 3932 τοὺς
564 3872 734 3924 εἰσαεὶ
780 3872 1268 3943 θεραπευομένους.
1330 3873 1391 3924 Ἦ
1425 3874 1530 3943 γὰρ
1565 3873 1868 3943 παράτασις

290 3961 396 4030 τῆς
434 3961 747 4031 θεραπείας,
786 3963 878 4015 καὶ
906 3962 966 4015 τὸ
1000 3964 1098 4033 τῆς
1132 3965 1439 4035 ἀρρωστίας
1476 3964 1717 4033 διηνεκὲς
1747 3982 1870 4016 συν-

293 4050 649 4105 ενὸείκνυται.
705 4054 811 4114 Καὶ
859 4054 1031 4115 ἄλλως
1064 4053 1120 4105 δέ
1172 4071 1260 4123 μοι
1317 4055 1462 4107 δοκεῖ
1501 4055 1681 4118 καλῶς
1729 4056 1870 4126 ἔχειν

298 4143 374 4214 μὴ
405 4144 483 4213 τῷ
516 4143 737 4212 τοιούτῳ
772 4145 915 4214 μόνῳ
946 4148 1171 4215 νοήματι
1196 4145 1458 4212 τίθεσθαι,
1479 4146 1554 4209 ὡς
1579 4146 1669 4200 τοῦ
1698 4149 1869 4215 Λόγου

293 4240 406 4296 τοῖς
439 4237 523 4302 ἐφ’
560 4237 851 4305 ἁμαρτίαις
882 4236 1165 4289 πενθοῦσιν
1189 4237 1279 4290 τὸν
1315 4240 1658 4310 μακαρισμὸν
1685 4239 1872 4310 νέμον-

1955 1784 2207 1837 tenebras
2243 1783 2562 1839 exlcriores,
2598 1789 2649 1833 et
2678 1783 2804 1833 talia
2835 1785 3111 1841 universa,
3148 1779 3311 1833 veluti
3343 1776 3522 1829 calida

1954 1873 2202 1942 quzcdam
2234 1879 2287 1924 et
2316 1872 2460 1923 aeria
2494 1871 2888 1924 medicamenta
2910 1870 3204 1938 voluptatis
3232 1865 3525 1920 aﬂ'ertibus

1954 1963 2188 2031 torpenti
2236 1960 2537 2025 inferendo,
2586 1964 3010 2029 refovettquue,
3047 1972 3311 2025 eousque
3364 1954 3523 2008 rede-

1953 2053 2092 2121 gerit
2136 2067 2257 2104 eum
2297 2059 2351 2103 ut
2388 2051 2587 2105 sentiat
2620 2051 2672 2102 in
2718 2066 2824 2118 qua
2852 2051 2961 2102 vita
3002 2057 3270 2111 versetur,
3306 2045 3524 2098 beatum

1955 2155 2077 2193 eum
2125 2139 2385 2201 effecerit,
2438 2155 2599 2193 sensu
2642 2138 2848 2192 doloris
2899 2137 3083 2190 animo
3127 2135 3245 2203 ejus
3299 2132 3522 2201 injecto.

1956 2231 2422 2297 Quemadmodum
2473 2232 2634 2285 etiam
2678 2229 2879 2285 Paulus
2926 2245 3051 2284 eum
3104 2229 3196 2299 qui
3255 2227 3309 2280 in
3345 2225 3532 2280 cubile

1959 2323 2127 2392 patris
2171 2323 2539 2376 debacchatus
2577 2332 2715 2383 erat,
2772 2322 2959 2376 tandiu
2994 2336 3245 2376 sermone
3278 2318 3528 2371 verberat

1957 2423 2007 2465 et
2038 2414 2268 2481 castigat
2298 2413 2535 2477 quandiu
2570 2422 2852 2481 peccatum
2896 2429 3003 2465 non
3034 2411 3336 2465 sentiebat:
3377 2415 3531 2479 post—

1958 2520 2184 2573 caquam
2222 2517 2399 2557 autem
2432 2505 2831 2573 objurgationis
2866 2504 3137 2557 medicina
3176 2510 3356 2556 motus
3383 2508 3527 2563 erat,

1958 2596 2112 2664 quasi
2145 2593 2255 2663 jam
2287 2610 2381 2664 per
2407 2596 2610 2646 luctum
2652 2595 2866 2648 beatum
2902 2592 3103 2647 factum
3133 2595 3408 2648 consolari
3447 2595 3531 2647 in-

1959 2688 2112 2755 cipit,
2149 2703 2214 2739 ne
2246 2688 2414 2739 nimio
2447 2687 2654 2747 dolore,
2693 2685 2867 2755 inquit
2894 2687 2958 2745 ¹¹.
2994 2686 3118 2740 talis
3147 2685 3531 2741 absorbeatur.

1962 2776 2076 2830 Erit
2112 2786 2288 2830 autem
2318 2777 2477 2829 etiam
2514 2777 2599 2830 hic
2643 2776 2796 2829 nobis
2844 2776 3151 2830 intellectus
3181 2775 3245 2829 ad
3278 2774 3530 2843 proposi-

1962 2876 2070 2919 tam
2109 2867 2461 2920 beatitudinis
2515 2868 2967 2935 speculationcm,
3020 2875 3073 2919 et
3109 2867 3174 2919 ad
3205 2866 3370 2918 vitam
3404 2880 3529 2918 cum

1965 2961 2160 3013 virtute
2205 2959 2609 3021 transigendam
2644 2976 2750 3012 non
2788 2960 3015 3020 inutilis,
3067 2966 3350 3027 pr0pterea
3385 2956 3531 3022 quod

1965 3049 2227 3102 redundet
2261 3050 2663 3118 quodammodo
2703 3050 2755 3103 in
2794 3052 3071 3117 hominum
3106 3058 3300 3103 natura
3337 3061 3533 3118 pecea-

1965 3149 2114 3192 tum:
2172 3139 2374 3207 pert-ati
2430 3155 2555 3192 vero
2586 3141 2877 3194 remedium
2910 3155 3031 3194 esse
3066 3140 3269 3193 luctum
3304 3154 3366 3192 ex
3418 3151 3533 3206 p03-

1966 3231 2188 3284 nitentia
2234 3230 2667 3284 demonstratum
2704 3240 2806 3285 est.
2838 3231 2941 3284 Sed
2967 3232 3183 3285 videtur
3218 3232 3349 3284 mihi
3396 3228 3533 3284 Ver-

1964 3321 2092 3375 bum
2127 3320 2451 3390 profundius
2470 3323 2728 3391 quiddam
2756 3339 2914 3391 quam
2939 3339 3001 3377 ea
3033 3339 3155 3392 (iure
3202 3324 3361 3376 modo
3388 3321 3539 3375 dicta

1966 3420 2091 3466 sunt
2148 3412 2474 3480 signiﬁcare,
2511 3429 2605 3481 per
2630 3414 2931 3467 durabilem
2965 3414 3141 3467 luctus
3175 3430 3350 3474 usum,
3388 3413 3533 3466 aliud

1966 3514 2162 3573 praeter
2192 3505 2291 3556 hoc
2319 3504 2733 3573 intelligendum
2767 3521 2891 3559 esse
2920 3506 3142 3559 docens.
3186 3506 3319 3558 Nam
3352 3506 3397 3560 si
3442 3522 3537 3559 so-

1968 3597 2071 3649 lam
2104 3608 2322 3665 propter
2354 3596 2551 3650 delicta
2581 3596 3011 3664 resipiscentiatn
3044 3598 3329 3657 iudicaret,
3365 3598 3547 3666 magis

1969 3698 2397 3741 consentaneum
2455 3688 2739 3757 magisque
2788 3690 3117 3742 conveniens
3164 3697 3281 3741 erat
3336 3700 3393 3739 ut
3441 3703 3546 3741 eos

1971 3780 2059 3849 qui
2101 3780 2365 3833 luxissth
2415 3779 2600 3833 beatos
2637 3779 2927 3846 judicaret,
2970 3794 3200 3831 noneos
3249 3778 3342 3847 qui
3384 3778 3539 3844 luge-

1971 3878 2109 3931 rent,
2138 3870 2619 3939 quemadmodum,
2639 3871 2873 3938 exempli
2901 3870 3092 3940 gratia,
3128 3869 3539 3938 comparatione

1971 3965 2090 4033 ejus
2141 3964 2281 4024 vitze,
2342 3978 2462 4032 qua:
2515 3978 2636 4014 cum
2689 3963 2880 4016 morbo
2924 3961 3260 4031 transigitur,
3317 3976 3411 4016 eos
3446 3962 3541 4029 qui

1972 4054 2146 4109 curati
2195 4061 2342 4111 sunt,
2402 4069 2506 4106 nou
2564 4053 2654 4123 qui
2696 4061 2958 4124 perpetuo
3019 4061 3303 4114 curantur,
3354 4053 3547 4107 beatos

1968 4144 2301 4214 judicamus.
2335 4144 2643 4199 Curationis
2670 4146 2812 4199 enim
2848 4147 3176 4214 prorogatio,
3207 4144 3546 4198 inﬁrmitatis

1974 4251 2192 4305 quoque
2240 4236 2652 4304 perpetuitatem
2694 4243 2746 4289 et
2788 4236 3200 4288 continuitatem
3247 4236 3408 4287 simul
3452 4235 3541 4287 in-

303 4343 404 4388 τος.
448 4324 675 4388 Πολλοὺς
710 4326 815 4397 γάρ
855 4327 1157 4397 εὑρήσομεν
1191 4328 1600 4400 ἀκατηγόρητον
1644 4329 1859 4398 ἐσχηκό-

1975 4330 2142 4383 dicat.
2180 4328 2355 4396 Atque
2405 4327 2567 4379 etiam
2613 4327 2718 4378 alia
2769 4326 2975 4378 ratione
3016 4325 3145 4378 mihi
3175 4332 3384 4377 rectum
3421 4340 3549 4378 esse

294 4434 396 4477 τας
428 4416 516 4467 τὸν
554 4416 687 4486 βίον,
720 4418 812 4469 καὶ
840 4417 929 4469 ὑπ’
959 4419 1126 4488 αὑτῆς
1147 4420 1244 4488 τῆς
1273 4420 1423 4482 θείας
1449 4420 1630 4489 φωνῆς
1658 4437 1873 4490 μεμαρ-

297 4508 602 4577 τυρημένον
647 4510 740 4561 ἐπὶ
777 4510 933 4562 παντὶ
970 4510 1047 4579 τῷ
1087 4512 1333 4579 βελτίονι.
1367 4513 1501 4565 Ποία
1539 4513 1647 4583 γάρ
1685 4512 1874 4566 πλεον-

298 4600 417 4663 εξία
446 4597 540 4649 τοῦ
593 4599 870 4664 Ἰωάννου;
911 4601 1037 4654 ποία
1065 4601 1475 4672 εἰδωλολατρεία
1511 4600 1604 4653 τοῦ
1654 4602 1871 4670 Ἦλίου;

297 4689 365 4740 Τί
400 4688 595 4758 μικρὸν
629 4689 661 4759 ἢ
720 4691 901 4760 μεῖζον
931 4692 1070 4745 κατά
1115 4692 1206 4745 τὸν
1252 4694 1364 4762 βίον
1410 4695 1627 4747 ἐκείνων
1669 4692 1869 4768 οἶδενη

300 4779 514 4850 ἱστορία
556 4778 966 4852 πλημμέλημα;
1002 4783 1065 4834 Τί
1096 4778 1223 4848 οὗνς
1260 4780 1405 4855 Ἀρα
1432 4784 1535 4849 ἔξω
1561 4786 1658 4856 τῆς
1700 4803 1875 4857 μακα-

304 4869 553 4939 ριότητος
582 4871 721 4924 εἶναι
758 4874 786 4923 6
808 4873 962 4941 λόγος
985 4876 1180 4939 αὐτοὺς
1209 4878 1559 4949 ὑποθήσεται,
1587 4882 1711 4942 τοὺς
1738 4880 1876 4951 μήτε

299 4959 401 5030 τὴν
433 4962 607 5032 ἀρχὴν
632 4964 1010 5033 νενοσηκότας,
1050 4968 1190 5037 μήτε
1217 4968 1309 5020 τοε
1338 4973 1627 5041 φαρμάκου
1660 4970 1873 5034 τούτου,

302 5050 450 5127 λέγω
477 5052 532 5104 δὲ
566 5052 656 5105 τοῦ
690 5055 752 5106 ἐκ
784 5057 1069 5123 μετανοίας
1101 5059 1450 5124 πένθους,είς
1476 5061 1659 5133 χρείαν
1694 5061 1875 5114 ἐλθόν-

304 5160 438 5209 ταςς
482 5146 551 5197 Ἦ
585 5145 784 5200 ἄτοπον
814 5148 897 5218 εἴη
926 5152 1052 5211 τοὺς
1081 5151 1351 5215 τοιούτους
1382 5152 1482 5222 τῆς
1512 5153 1661 5216 θείας
1699 5171 1874 5223 μακα-

310 5238 555 5309 ριότητος
607 5238 941 5310 ἀποϐλητους
990 5242 1230 5305 οἴεσθαι,
1291 5244 1370 5295 ὅτι
1425 5248 1558 5312 μήτε
1608 5244 1874 5314 ἥμαρτον,

309 5329 448 5399 μήτε
492 5329 676 5383 πένθει
714 5331 812 5402 τὴν
852 5333 1126 5401 ἁμαρτίαν
1163 5334 1414 5389 ἱάσαντοξ
1451 5336 1519 5387 Ἢ
1554 5334 1695 5388 οὕτω
1731 5334 1781 5403 γ’
1815 5335 1878 5388 ἂν

306 5420 391 5491 εῐη
424 5419 486 5472 τὸ
519 5421 852 5492 ἁμαρτάνειν
885 5424 975 5478 τοῦ
1010 5426 1401 5498 ἀναμαρτήτως
1432 5425 1531 5499 ζῇν
1562 5428 1879 5498 προτιμότει

386 5600 424 5630 ⁸⁸
469 5598 513 5653 Il
553 5600 684 5656 Cor.
718 5618 751 5653 tl
780 5642 792 5664 ,
828 5602 880 5653 7.

1978 4419 2210 4479 videtur,
2243 4428 2433 4470 utnon
2477 4417 2773 4471 secundum
2817 4417 2961 4469 hunc
2986 4417 3160 4470 soium
3207 4417 3409 4469 intellm
3427 4426 3545 4469 tum

1980 4524 2267 4579 ponamus,
2304 4508 2448 4576 quod
2480 4505 2713 4561 Verbum
2753 4516 2975 4575 propter
3029 4515 3304 4573 peccatum
3359 4506 3546 4574 lugen-

1979 4599 2126 4652 tibus
2172 4596 2559 4651 beatitudinem
2593 4596 2819 4648 tribuat.
2858 4595 3055 4648 Multos
3102 4596 3245 4648 enim
3299 4594 3552 4649 invenie-

1981 4708 2125 4753 mus,
2166 4706 2397 4759 quorum
2431 4692 2538 4742 vita
2570 4690 2869 4757 inculpata.
2908 4689 3185 4757 nullisque
3223 4688 3547 4743 criminibus

1983 4783 2240 4844 obnoxia.
2269 4791 2432 4851 atque
2456 4783 2627 4850 ipsius
2652 4780 2789 4833 adeo
2814 4780 3009 4833 divina:
3034 4779 3181 4831 meis
3232 4780 3551 4832 testimonio

1983 4875 2250 4941 cujusque
2300 4871 2518 4924 virtutis
2561 4871 2779 4923 nomine
2823 4869 3199 4921 commendata
3240 4868 3359 4921 fuit.
3414 4869 3552 4920 Nam

1982 4982 2101 5036 qum
2145 4965 2370 5023 avaritia
2416 4961 2691 5016 Joannis?
2742 4962 2865 5031 quis
2913 4960 3328 5014 simulacrorum
3370 4960 3554 5012 cultus

1987 5053 2155 5107 Elite?
2203 5052 2344 5121 quod
2400 5067 2621 5119 parvum
2663 5059 2755 5103 aut
2789 5066 3041 5119 magnum
3099 5049 3152 5101 in
3187 5049 3291 5100 vita
3336 5048 3549 5099 illorum

1985 5146 2208 5199 historia
2238 5144 2384 5197 novit
2417 5143 2715 5196 delictum?
2745 5140 2882 5209 Quid
2906 5139 3079 5209 ergo?
3110 5148 3290 5192 utrum
3320 5136 3552 5190 beatitu-

1986 5240 2130 5295 dinis
2153 5246 2405 5309 expertes
2434 5253 2528 5291 eos
2554 5252 2674 5291 esse
2699 5250 2877 5290 sermo
2900 5240 3081 5303 ponet,
3112 5233 3204 5301 qui
3239 5245 3338 5286 nec
3360 5229 3427 5281 ab
3449 5227 3551 5281 ini-

1988 5332 2060 5385 tio
2092 5346 2316 5400 prorsus
2347 5335 2768 5400 :egrotaverunt,
2803 5339 2902 5377 nec
2939 5323 3175 5376 remedio
3224 5322 3343 5384 hoc,
3380 5320 3552 5378 luctu,

1990 5424 2233 5491 inquam,
2264 5437 2326 5475 ex
2360 5417 2704 5489 preuitcntia,
2735 5429 2871 5483 opus
2899 5410 3241 5467 habuerunt?
3273 5424 3337 5461 an
3361 5405 3554 5460 absur-
