3996 6196
504 295 526 346 ί
537 289 641 343 225

1761 263 1818 316 S.
1857 259 2180 316 CREGORII
2221 259 2303 314 ΝΥ
2317 260 2505 314 SSE’NI

3583 257 3692 310 ινιτι

510 398 639 451 dum
673 388 835 444 fuerit
875 385 1013 436 tales
1064 395 1092 432 a
1137 378 1322 432 divina
1358 372 1696 430 beatitudine
1726 370 1989 441 repellere
2019 378 2073 423 et
2104 424 2107 432 ς

2211 388 2288 433 ον,
2337 375 2382 422 εί
2415 371 2592 440 μόνοις
2625 372 2732 432 τοῖς
2781 369 3124 438 μετανοοῦσιν
3175 371 3208 438 ἡ
3260 368 3347 420 τοῦ
3381 369 3693 438 Παρακλήτω

503 485 710 538 alienos
740 473 1019 534 arbitrari,
1059 471 1188 540 quia
1236 483 1413 538 neque
1462 471 1850 535 peccaverunt,
1905 474 2080 529 neque

507 574 655 624 luctu
709 573 988 636 peccatum
1026 559 1402 614 sanaverunt?
1457 572 1526 609 an
1565 556 1665 607 hac
1704 551 1916 604 ratione
1951 564 2084 602 sane

507 673 752 730 peccare,
809 668 971 724 quam
1030 651 1150 705 sine
1205 654 1435 718 peccato
1487 645 1668 698 vivere
1724 639 2086 711 praestabilius

509 751 690 810 fuerit,
724 749 768 801 si
796 747 928 801 StlllS
963 741 1356 813 pmnitentibus
1384 746 1436 791 et
1475 733 1930 804 resipiscentibus
1964 745 2088 799 gra-

511 845 584 895 tia
614 837 981 894 consolator-is
1009 831 1312 886 tribuitur?
1362 828 1512 882 Beati
1551 827 1718 885 enim,
1761 822 1956 892 inquit,
1998 820 2085 890 qui

512 935 708 1001 lugent,
749 929 1000 998 quoniam
1040 925 1138 991 ipsi
1172 920 1582 974 consolationem
1621 915 1895 982 accipient.
1947 910 2086 1001 Ergo

510 1000 686 1092 quoad
717 1021 836 1088 ejus
883 1018 998 1071 ticri
1033 1015 1248 1084 poterit,
1281 1019 1597 1080 sequentes,
1651 1014 1709 1060 ut
1754 1004 1933 1073 inquit
1978 1000 2085 1092 Ha;

2179 462 2334 530 χάρις
2393 461 2872 530 ἀποκεκλήρωταις
2932 459 3219 527 Μακάριοι
3277 460 3400 527 γὰρ.
3454 460 3618 527 φησιν,
3655 463 3696 513 οί

2180 551 2536 617 πενθοῦντες
2558 591 2572 613 ,
2611 553 2696 604 ὅτι
2727 552 2892 605 αὐτοὶ
2925 553 3501 620 παρακληθήσονται.
3528 551 3700 605 Οὐκοῦν

2181 642 2254 699 ὼς
2292 640 2404 692 ἐστι
2451 641 2666 693 δυνατὸν
2720 643 2990 712 ἑπόμενοι,
3048 643 3229 706 καθώς
3277 659 3431 712 φησιν
3459 645 3484 695 ὁ
3535 644 3701 712 ’Λμϐα-

2185 733 2346 801 κούμ,
2385 732 2459 802 τῷ
2484 733 2572 784 ἐπὶ
2594 733 2660 785 τὰ
2690 733 2868 804 ὑψηλά
2900 734 3232 795 ἐπιϐιὸῶντι,
3264 735 3417 786 πάλιν
3445 735 3534 804 τὴν
3557 736 3701 800 ἐγκει-

2195 823 2362 893 μένην
2394 823 2644 877 διάνοιανί
2672 829 2783 887 τοῖς
2828 826 3132 896 εἰρημένοις
3180 827 3606 896 ἀναζητήσωμεν,
3648 826 3704 888 ὡς

2192 910 2256 962 ἂν
2288 911 2549 982 μάθοιμεν
2573 913 2707 982 ποίῳ
2737 915 2918 966 πένθει
2950 914 3230 985 πρόκειται
3261 916 3294 984 ἡ
3324 913 3416 966 τοῦ
3439 913 3706 982 [Ινεύματος

2189 1001 2280 1053 τοῦ
2311 1004 2464 1070 ἁγίου
2500 1022 2574 1056 πα
2583 1005 2749 1075 ράκλη
2758 1022 2855 1068 σις.

513 1071 700 1175 bacuc,
738 1071 863 1167 eum
908 1109 998 1178 qui
1061 1109 1126 1159 ad
1169 1104 1423 1159 sublimia
1493 1116 1594 1155 nos
1641 1098 1842 1162 evehit,
1891 1071 2084 1148 rursu/s
2124 1096 2443 1148 sententiam
2488 1113 2606 1166 qua:
2647 1100 2992 1152 contineatur
3025 1099 3079 1151 in
3133 1098 3219 1152 his
3293 1098 3470 1152 verbis
3529 1098 3710 1152 investi-

513 1219 724 1274 gemus,
780 1211 839 1256 ut
887 1202 1168 1254 discamus
1220 1199 1307 1249 cui
1354 1195 1522 1248 luctui
1566 1191 1873 1246 consolatio
1914 1186 2089 1243 sancti
2132 1183 2368 1253 Spiritus
2401 1192 2672 1259 proposita
2702 1192 2794 1248 sit,

590 1295 881 1349 Videamus
905 1293 1069 1361 igitur
1092 1292 1144 1344 in
1165 1291 1272 1342 vita
1297 1290 1554 1350 humana,
1574 1286 1808 1353 primum
1829 1283 2093 1342 omnium,

515 1387 644 1455 quid
683 1385 897 1439 tandem
941 1385 1056 1452 ipse
1107 1383 1287 1434 luctus
1327 1381 1416 1444 sit,
1457 1379 1543 1430 vel
1579 1377 1648 1430 ob
1675 1391 1812 1445 quas
1855 1389 1943 1427 res
1967 1387 2098 1425 con-

519 1477 676 1530 ﬂatur
703 1485 754 1530 et
783 1476 1159 1528 contrahatur.
1195 1474 1336 1538 Ergo
1364 1469 1714 1523 manifestum
1752 1466 1802 1520 id
1841 1463 2097 1518 omnibus

519 1578 624 1632 cst,
649 1567 792 1637 quod
818 1568 1000 1619 luctus
1022 1566 1095 1619 sit
1128 1563 1300 1617 tristis
1332 1563 1496 1615 animi
1526 1560 1744 1613 habitus
1770 1565 1824 1610 et
1847 1555 2094 1618 atl'ectus,

522 1662 612 1730 qui
644 1658 859 1713 exsistit
890 1666 1112 1725 propter
1152 1653 1512 1724 privationem
1555 1650 1631 1703 rei
1669 1648 1926 1718 alicujus,
1977 1660 2099 1716 qua:

526 1749 801 1816 placeatet
834 1753 1055 1812 accepta
1090 1742 1198 1806 sit;
1252 1741 1342 1808 qui
1389 1741 1566 1792 luctus
1595 1739 1647 1791 in
1689 1738 1775 1792 his
1834 1737 1924 1806 qui
1976 1751 2099 1790 cum

526 1839 709 1890 laetitia
769 1836 933 1888 vitam
994 1833 1323 1902 transigunt,
1383 1829 1724 1884 consistendi
1775 1829 1950 1882 locum
1995 1844 2101 1880 non

528 1927 711 1981 habet.
749 1923 912 1978 Verbi
944 1939 1134 1988 causa,
1185 1936 1446 1990 prospera
1474 1921 1672 1990 aliquis
1704 1919 1758 1972 in
1793 1920 1902 1971 vita
1935 1918 2105 1971 utitur

529 2015 772 2073 fortuna,
801 2014 983 2066 omnia
1011 2012 1226 2080 negotia
1260 2025 1354 2078 per
1383 2024 1471 2062 res
1495 2009 1770 2076 jucundas
1791 2009 1838 2062 ei
1864 2006 2107 2062 secundo

526 2117 693 2154 cursu
739 2102 914 2153 ﬂuunt
961 2109 1123 2168 atque
1170 2096 1509 2167 procedunt:
1553 2112 1721 2150 uxore
1767 2097 2102 2158 delectatur;

527 2190 598 2242 ob
636 2190 837 2242 liberos
869 2189 970 2241 sibi
1022 2188 1231 2255 placet:
1284 2186 1538 2254 praesidio
1578 2185 1810 2237 fratrum
1863 2184 2108 2238 munitus

529 2292 580 2331 et
617 2288 768 2332 tutus
806 2286 887 2332 est
915 2295 929 2342 ;
991 2278 1317 2329 auctoritate
1353 2275 1612 2342 prazditus
1645 2286 1697 2330 et
1725 2275 2022 2328 honoratus
2053 2274 2106 2326 in

541 2370 696 2434 foro;
735 2368 935 2422 charus
971 2367 1347 2436 principibus;
1383 2364 1705 2420 metuendus
1750 2366 2104 2430 adversariis;

531 2459 767 2512 subditis
802 2475 909 2512 non
938 2457 1412 2520 centemnendus;
1451 2456 1624 2512 facilis
1657 2459 1867 2521 amicis,
1905 2457 2108 2513 divitiis

531 2549 757 2612 ﬂorens,
789 2557 842 2603 ct
872 2549 1063 2602 iisdem
1093 2548 1146 2601 in
1171 2549 1384 2602 deliciis
1408 2556 1459 2602 et
1486 2549 1860 2616 voluptatibus
1887 2547 2107 2614 fruens;

531 2639 716 2694 Suavis
753 2648 807 2692 et
840 2637 1138 2708 jucundus,
1195 2638 1363 2693 nullis
1398 2639 1666 2692 molestiis
1700 2653 1942 2707 pressus,
1995 2653 2112 2691 cor-

544 2745 677 2798 pore
703 2729 1204 2794 robusto;‘omnia
1257 2737 1588 2782 consecutus
1641 2742 1978 2797 quaecunque
2019 2743 2110 2797 per

534 2821 676 2873 hunc
708 2819 973 2874 mundum
1008 2820 1060 2873 in
1099 2819 1271 2889 pretio
1296 2835 1419 2874 esse
1439 2819 1724 2884 videntur;
1747 2819 1872 2873 talis
1902 2835 1958 2874 re
1984 2833 2113 2887 qua-

534 2927 638 2978 que
678 2911 930 2980 praasenti
973 2925 1202 2978 prorsus
1251 2926 1373 2964 cum
1412 2909 1776 2964 delectatione
1823 2918 1988 2978 atque
2020 2909 2110 2962 lae-

2272 1283 2635 1354 Σκοπήσωμεν
2663 1287 2835 1339 τοίνυν
2865 1289 2921 1338 ὲν
2942 1290 3005 1357 τῇ
3034 1286 3348 1358 ἀνθρωπίνῃ
3380 1284 3512 1356 ζωῇ,
3543 1285 3588 1337 τί
3616 1304 3712 1339 πιτε

2204 1374 2414 1443 πρῶτον
2443 1377 2570 1428 αὐτὸ
2598 1377 2656 1428 τὸ
2687 1377 2876 1440 πένθος
2909 1378 3043 1440 ἐστὶ,
3094 1380 3185 1430 καὶ
3231 1380 3322 1430 ἐπὶ
3349 1379 3483 1430 τίσιν
3515 1379 3716 1432 συνίστα-

2201 1482 2308 1516 ται.
2345 1467 2548 1519 Οὐκοῦν
2569 1468 2828 1538 πρόδηλον
2855 1469 3056 1521 ἅπασιν
3090 1469 3149 1520 τὸ
3176 1470 3435 1530 τοιοῦτον,
3467 1470 3544 1523 ὅτι
3571 1469 3719 1527 πένθος

2203 1558 2320 1608 ἐστὶ
2374 1557 2664 1629 σκυθρωπὴ
2704 1559 2938 1623 διάθεσις
2991 1561 3090 1630 τῆς
3142 1561 3341 1631 ψυχῆς,
3389 1562 3477 1612 ἐπὶ
3516 1563 3720 1630 στερήσει

2203 1651 2344 1714 τινὸς
2376 1651 2481 1702 τῶν
2521 1651 2865 1720 καταθυμίων
2900 1651 3302 1720 συνισταμένη·
3344 1651 3478 1720 ὅπερ
3528 1651 3609 1702 ἐπὶ
3644 1651 3721 1701 τῶν

2207 1741 2262 1792 ὲν
2301 1740 2530 1811 εὐθυμία
2546 1740 2887 1794 διαϐιούντων
2917 1741 3269 1794 συνίστασθαι
3300 1740 3480 1810 χώραν
3501 1741 3590 1792 οὐκ
3612 1743 3720 1808 ἔχει·

2205 1827 2335 1894 οἷον,
2373 1832 2633 1903 εὐπραγεῖ
2665 1849 2748 1896 τις
2782 1831 2922 1886 κατά
2956 1833 3045 1885 τὸν
3074 1831 3208 1902 βίον,
3256 1833 3431 1885 πάντα
3475 1834 3602 1885 κατὰ
3631 1831 3727 1903 ῥοῦν

2207 1923 2350 1994 αὐτῷ
2368 1923 2454 1976 διά
2479 1921 2583 1976 τῶν
2611 1922 2776 1993 ἡδέων
2800 1923 2866 1975 τά
2902 1923 3200 1993 πράγματα
3236 1923 3479 1992 φέρεται,
3503 1925 3562 1990 τῇ
3589 1939 3727 1990 γαμε-

2207 2018 2270 2085 τῇ
2310 2015 2743 2086 ἐπευφραίνεταιν
2779 2016 2889 2077 τοῖς
2923 2015 3110 2065 παισὶν
3135 2013 3517 2078 ἐπαγάλλεται,
3556 2011 3728 2080 aut;

2207 2107 2314 2158 τῶν
2337 2105 2574 2173 ἀδελφῶν
2600 2105 2909 2174 συμμαχίας
2939 2105 3251 2175 ὠχύρωται,
3288 2106 3483 2175 σεμνὸς
3517 2106 3642 2158 κατὰ
3657 2104 3730 2174 τὴν

2209 2195 2430 2266 ἀγοράν,
2461 2196 2634 2264 τίμιος
2667 2198 2774 2258 τοίς
2815 2195 3248 2258 δυναστεύουσιν,
3293 2194 3518 2265 φοϐερὸς
3546 2196 3644 2255 tsi;
3662 2193 3732 2244 ἀν-

2208 2288 2622 2358 τιτεταγμένοις,
2666 2286 3106 2356 ἀκαταφρόνητος
3138 2289 3253 2349 τοῖς
3288 2286 3633 2358 ὑποχειρίοις,
3664 2285 3732 2352 φί-

2213 2379 2323 2442 λοις
2351 2379 2685 2450 εὐπρόσιτος,
2708 2377 2918 2446 πλούτῳ
2944 2376 3150 2444 κομῶν,
3178 2377 3588 2438 ἀπολαυστικὸς,
3613 2375 3730 2445 ἡδὺς,

2210 2471 2429 2533 ἄλυπος,
2467 2469 2717 2537 σθεναρὸς
2751 2468 2828 2537 τῷ
2852 2467 3094 2536 σώματισ
3132 2468 3314 2521 πάντα
3363 2468 3517 2536 ἔχων,
3548 2469 3636 2519 ὅσα
3670 2466 3730 2518 τί·

2213 2579 2306 2630 μια
2341 2561 2478 2613 κατά
2507 2559 2595 2610 τὸν
2641 2560 2838 2627 κόσμον
2871 2557 3056 2609 τοῦτον
3089 2554 3225 2610 εἶναι
3267 2557 3449 2610 δοκεῖ’
3483 2559 3510 2609 ό
3542 2555 3734 2615 τοιοῦτος

2213 2652 2424 2712 πάντως
2457 2651 2513 2703 ὲν
2543 2650 2846 2722 εὐφροσύνῃ
2875 2651 3088 2720 ἑκάστῳ
3107 2649 3214 2701 τῶν
3245 2648 3529 2718 παρόντων
3554 2649 3737 2714 ἐπιγαν-

2211 2739 2454 2808 νύμενος.
2490 2738 2550 2790 ΕΞ
2594 2738 2649 2790 δέ
2690 2754 2774 2799 τις
2809 2736 3080 2808 μεταϐολὴ
3113 2736 3213 2806 τῆς
3253 2737 3552 2808 εὐημερίας
3573 2735 3735 2798 ταύτης

2215 2829 2534 2897 καθάψαιτο,
2562 2829 2594 2898 ἢ
2629 2827 2897 2893 διάζευξιν
2923 2827 3030 2879 τῶν
3057 2825 3354 2895 φιλτάτων,
3390 2827 3424 2896 ἢ
3449 2825 3634 2897 ζημίαν
3657 2824 3738 2876 τῶν

2215 2921 2540 2988 προσόντων,
2574 2921 2606 2989 ἦ
2653 2936 2769 2971 τινα
2811 2920 3059 2989 πήρωσιν
3090 2919 3188 2989 τῆς
3219 2919 3542 2990 σωματικῆς
3580 2916 3738 2984 εὐκλη-

537 3002 655 3053 tilia
675 3000 891 3054 fruitur.
912 2999 1016 3054 Sed
1039 2999 1084 3053 si
1108 3001 1287 3068 aliqua
1308 3001 1536 3052 mutatio
1556 3001 1929 3068 prosperitatis
1953 3000 2107 3067 hujus

2217 3011 2357 3080 ρίας,
2404 3012 2466 3062 ἐκ
2520 3010 2757 3080 πονηράς
2795 3027 2936 3073 τινος
2983 3010 3270 3078 συντυχίας
3323 3010 3614 3076 ἐπάγουσα,
3646 3006 3741 3058 τότε

541 3093 824 3154 invaserit,
896 3101 988 3145 aut
1033 3091 1455 3159 disjunctionem
1513 3091 1979 3155 charissimorum,
2017 3101 2107 3145 aut

541 3183 798 3234 damnum
820 3181 1162 3244 facultatum,
1183 3189 1275 3233 aut
1291 3181 1526 3249 aliquam
1545 3182 1790 3249 corporis
1805 3183 2108 3236 commodo-

539 3287 658 3324 rum
679 3287 744 3324 ex
760 3272 941 3337 aliquo
957 3269 1186 3324 adverso
1217 3272 1476 3342 gravique
1494 3287 1622 3325 casu
1643 3273 2107 3327 labefectationem

538 3360 835 3421 adducens,
864 3368 992 3412 tunc
1015 3361 1389 3416 subtractione
1408 3362 1790 3416 oblectamenti
1825 3364 2108 3418 contraria

539 3449 756 3503 exsistit
778 3448 995 3502 affectio
1035 3465 1195 3518 quam
1216 3451 1420 3506 luctum
1445 3452 1796 3521 appellamus.
1819 3454 1958 3522 Ergo
1976 3453 2110 3506 deft-

543 3539 676 3592 nitio
699 3538 818 3608 ejus
859 3541 1022 3608 paulo
1043 3549 1166 3596 ante
1189 3541 1333 3596 edita
1361 3558 1485 3596 vera
1511 3549 1620 3606 est,
1658 3544 1936 3605 nimirum,
1967 3543 2109 3612 quod

543 3630 721 3684 luctus
745 3631 817 3684 sit
850 3633 1104 3695 acerbus,
1132 3649 1194 3686 ac
1215 3633 1454 3688 dolorem
1484 3635 1708 3703 capiens
1733 3635 1952 3700 quidam
1988 3650 2112 3688 sen-

543 3735 642 3774 sus
685 3721 1009 3788 privationis
1031 3737 1218 3775 earum
1249 3739 1428 3777 rerum
1473 3724 1675 3794 quibus
1718 3725 1966 3778 homines
2017 3723 2112 3776 de-

545 3812 836 3864 lectantur.
879 3811 934 3864 Si
969 3813 1132 3881 igitur
1180 3813 1514 3867 intellectum
1565 3824 1649 3868 est
1708 3829 1737 3867 a
1787 3817 1942 3868 nonis
1988 3815 2112 3886 quis

543 3903 615 3954 sit
647 3902 825 3955 luctus
853 3901 1143 3966 humanus,
1168 3919 1229 3956 ea
1263 3919 1381 3972 qua:
1415 3905 1561 3956 clara
1587 3912 1640 3956 rt
1672 3905 1954 3959 manifesta
1985 3911 2112 3958 sunt

547 3991 687 4042 viam
727 3992 886 4043 nobis
921 3993 1212 4060 quanulam
1251 3994 1315 4045 ad
1348 4009 1408 4045 ea
1447 4010 1568 4061 qua:
1599 3997 1915 4063 ignorantur
1969 4005 2115 4064 pate-

547 4083 770 4147 faciant,
814 4092 872 4136 ut
915 4086 1264 4153 pchpicuum
1312 4087 1469 4138 nobis
1512 4088 1601 4137 liat
1648 4088 1772 4154 quis
1805 4087 1876 4139 sit
1934 4087 2113 4140 luctus

547 4175 637 4228 ille
675 4175 864 4227 beatus
908 4189 1067 4242 quem
1111 4177 1466 4242 Consequitur
1513 4176 1834 4228 consMatio.
1893 4174 2023 4226 Nam
2069 4176 2112 4228 si

547 4265 784 4336 privatio
831 4265 1098 4318 bonorum
1163 4279 1284 4334 qua:
1330 4268 1528 4334 cuique
1596 4264 1869 4317 adfuerint
1909 4264 2114 4318 luctum

2212 3106 2276 3172 τῇ
2309 3102 2649 3172 ὐπεξαιρέσει
2676 3100 2770 3154 τοῦ
2794 3101 3193 3170 εὐφραίνοντος,
3235 3103 3271 3171 ἡ
3305 3102 3521 3154 ἐναντία
3543 3099 3742 3158 διάθεσις

2213 3195 2438 3262 γίνεται,
2466 3194 2532 3262 ἢν
2561 3193 2753 3256 πένθος
2785 3193 3281 3264 προσαγορεύομεν.
3327 3193 3534 3246 υύκοῦν
3578 3190 3743 3260 ἀληθὴς

2213 3287 2240 3336 ὁ
2271 3284 2652 3354 ἀποδεδομένος
2686 3285 2813 3355 περὶ
2844 3282 3006 3339 αὐτοῦ
3052 3283 3226 3349 λόγος,
3264 3285 3350 3336 ὅτι
3404 3283 3588 3345 πένθος
3631 3281 3745 3334 ἐστὶν

2215 3373 2462 3442 αἴσθησίς
2495 3389 2576 3434 τις
2608 3371 2827 3442 ἀλγεινὴ
2873 3372 2969 3443 τῆς
2997 3372 3105 3424 τῶν
3139 3373 3539 3442 εὐφραινόντων
3575 3369 3748 3440 στερή-

2217 3481 2371 3526 σεως.
2424 3464 2485 3516 Εἰ
2515 3463 2579 3534 δὴ
2629 3464 2875 3534 νενόηται
2905 3465 3040 3534 ἡμῖν
3082 3462 3142 3514 τὸ
3196 3461 3538 3534 ἀνθρώπινον
3571 3460 3746 3521 πένθος,

2215 3555 2452 3623 γενέσθω
2478 3573 2561 3618 τις
2586 3554 2774 3625 όδηγία
2801 3555 2909 3608 τῶν
2936 3555 3316 3624 ἀγνοουμένων
3336 3556 3403 3608 τὰ
3429 3553 3670 3625 πρόδηλα.
3692 3550 3750 3611 ὡς

2216 3649 2281 3702 ἂν
2311 3646 2542 3717 φανερὸν
2575 3645 2801 3715 γένοιτο,
2835 3645 2887 3697 τί
2929 3645 2989 3697 τὸ
3037 3645 3476 3716 μακαριζόμενόν
3507 3647 3612 3697 ὲστι
3652 3641 3748 3691 πὲνο

2218 3739 2328 3802 θος,
2373 3731 2418 3806 ᾧ
2462 3735 2811 3790 ἐπακολουθεί
2847 3736 2880 3805 ὴ
2914 3734 3276 3804 παράκλησις.
3343 3736 3405 3787 Εἰ
3452 3734 3556 3803 γὰρ
3595 3734 3625 3800 ἡ
3667 3730 3753 3782 τῶν

2220 3829 2526 3900 προσόντων
2545 3826 2763 3896 ἀγαθῶν
2795 3826 3044 3896 στέρησις
3066 3825 3296 3880 ἐνταῦθα
3324 3827 3386 3878 τὸ
3418 3825 3601 3886 πένθος
3621 3823 3751 3882 ποιεῖ,

2217 3921 2316 3971 οὐκ
2343 3918 2408 3972 ἂν
2438 3919 2493 3972 δέ
2519 3936 2600 3980 τις
2628 3918 2719 3971 τοῦ
2748 3919 3110 3987 ἀγνοουμένου
3139 3917 3236 3988 τὴν
3271 3916 3482 3987 ζημίαν
3523 3909 3747 3979 ἁπολοςύο

2222 4030 2405 4083 ραιτο·
2442 4013 2640 4081 γνῶναι
2687 4014 2952 4081 προσήκει
2997 4010 3259 4080 πρότερον
3299 4009 3436 4060 αὐτὸ
3465 4009 3524 4060 τὺ
3566 4005 3752 4072 ἀγαθὸν,

2220 4107 2247 4158 ὃ
2271 4107 2320 4158 τί
2352 4105 2476 4157 ποτέ
2519 4107 2633 4158 ἐστι
2672 4105 2809 4158 κατά
2833 4105 3107 4174 ἀλήθειαν,
3142 4101 3235 4154 εἷθ’
3264 4096 3443 4164 οὕτως
3466 4102 3558 4170 τὴν
3582 4097 3754 4166 ἀνθρω-

2223 4197 2382 4265 πίνην
2411 4196 2570 4264 φύσιν
2607 4197 2956 4264 κατανοῆσαι.
3001 4196 3099 4248 Διά
3122 4194 3231 4265 γὰρ
3261 4194 3429 4246 τοῦτο
3457 4192 3756 4262 συμϐήσεται

2222 4289 2282 4340 τὸ
2332 4288 2762 4358 μακαριζόμενον
2805 4287 2994 4350 πένθος
3038 4286 3475 4356 κατορθωθῆναι.
3525 4281 3636 4338 Οίον
3670 4281 3756 4348 γάρ

549 4356 710 4410 eﬂicit
743 4356 797 4408 in
830 4356 930 4408 hoc
963 4354 1190 4412 mundo,
1243 4370 1400 4409 nemo
1432 4365 1612 4409 autem
1647 4355 1812 4424 ignoti
1863 4355 1986 4408 boni
2025 4356 2107 4423 ja-

2223 4378 2364 4428 ἐστιν
2393 4377 2485 4428 ἐπὶ
2514 4378 2620 4428 τῶν
2650 4379 2708 4429 ὲν
2754 4377 2928 4446 σκότῳ
2964 4377 3330 4446 βιοτευόντων,
3376 4378 3505 4430 ὅταν
3533 4379 3560 4429 ό
3587 4376 3671 4444 μὲν
3697 4374 3758 4422 tvo

550 4458 760 4499 eturam
807 4445 1174 4515 deploraverit
1226 4465 1237 4499 :
1281 4447 1458 4514 ipsum
1521 4446 1723 4499 bonum
1781 4462 2118 4515 cognoscere

553 4536 724 4603 prius,
762 4535 890 4604 quid
919 4535 1136 4590 tindem
1169 4550 1358 4590 revera
1405 4537 1499 4598 sit,
1537 4536 1682 4590 haud
1730 4538 1966 4591 alienum
2000 4536 2119 4590 fue-

556 4632 642 4682 rit,
671 4632 832 4692 atque
873 4625 946 4676 ita
989 4625 1246 4693 deinceps
1301 4626 1594 4679 hurnanam
1645 4637 1891 4680 naturam
1939 4629 2119 4681 consi-

559 4711 770 4765 derare.
821 4714 922 4766 Per
962 4715 1065 4768 hoc
1094 4717 1239 4768 enim
1285 4717 1493 4770 accidet
1553 4726 1611 4769 ut
1645 4717 1860 4771 heatum
1911 4719 2119 4771 luctum

556 4814 945 4868 assequamur.
991 4803 1160 4868 Quale
1219 4807 1364 4858 enim
1414 4807 1671 4861 usuvenit
1716 4806 1768 4858 in
1803 4807 1868 4860 iis
1927 4807 2021 4875 qui
2066 4806 2119 4859 in

555 4915 794 4968 tenebris
836 4916 1046 4978 vivunt,
1093 4932 1215 4968 cum
1245 4919 1384 4971 alius
1409 4919 1627 4987 quidem
1663 4919 1716 4971 in
1751 4918 1983 4988 caligine
2021 4934 2119 4970 na-

555 5017 643 5062 tus
666 5006 756 5069 sit,
796 5005 936 5058 alius
955 5013 1134 5058 autem
1172 5009 1292 5060 usui
1319 5021 1558 5064 externae
1591 5011 1728 5064 lucis
1752 5009 2120 5072 assuefactus,

556 5100 608 5153 vi
632 5099 866 5168 quadam
902 5113 966 5152 eo
999 5099 1293 5154 conclusus
1321 5101 1501 5167 fuerit,
1527 5113 1585 5157 ut
1621 5121 1727 5158 non
1753 5105 1940 5159 eodem
1971 5112 2121 5158 uter-

568 5208 674 5262 que
733 5192 896 5244 modo
963 5192 1216 5260 praesenti
1281 5192 1629 5248 incommodo
1693 5205 2120 5250 commoveatur.

556 5280 709 5352 (Nam
765 5280 851 5334 hic
889 5278 1128 5349 quidem,
1164 5279 1258 5349 qui
1315 5282 1484 5343 novit,
1540 5299 1649 5350 quo
1688 5286 1976 5337 commodo
2007 5286 2119 5355 pri-

566 5383 727 5429 vatus
761 5374 853 5438 sit,
879 5389 1098 5445 gravem
1151 5375 1426 5428 existimat
1469 5390 1591 5429 esse
1633 5376 1906 5446 jacturam
1964 5379 2122 5432 lucis:

555 5466 644 5519 ille
675 5481 803 5520 vero
846 5464 937 5535 qui
1000 5479 1100 5518 nec
1145 5465 1366 5534 penitus
1411 5465 1630 5535 quidem
1660 5469 1914 5536 cognovit
1962 5470 2122 5522 talem

555 5557 909 5622 voluptatem,
941 5555 1060 5610 sine
1088 5556 1336 5610 molestia
1373 5559 1538 5611 vitam
1581 5559 1868 5630 transiget,
1904 5569 2123 5629 propter

555 5649 804 5719 caliginis
840 5665 998 5704 usmn
1031 5661 1351 5705 consuetum
1386 5652 1536 5706 nullo
1567 5667 1624 5706 se
1667 5653 1809 5705 bono
1847 5651 2117 5706 excidisse

2171 4496 2194 4512 κ
2220 4467 2380 4536 τεχθῇ
2411 4465 2487 4537 τῷ
2530 4467 2704 4536 ζόφῳ,
2752 4468 2780 4518 ό
2809 4465 2864 4518 δὲ
2895 4468 2960 4536 τῇ
3009 4465 3304 4518 ἀπολαύσει
3341 4466 3436 4518 τοῦ
3467 4465 3567 4529 ἔξω
3611 4461 3755 4530 cuna;

2223 4557 2638 4626 συνειθισμένος,
2675 4557 2733 4621 ἐξ
2762 4557 3024 4628 ἐπηρείας
3052 4557 3194 4619 τινὸς
3222 4556 3607 4618 κατάκλειστος
3626 4554 3756 4621 γένη·

2221 4667 2328 4710 ται,
2363 4651 2459 4717 οὐχ
2497 4649 2697 4718 ὁμοίως
2745 4649 3066 4719 ἀμφοτέρων
3111 4651 3144 4718 ἡ
3172 4647 3278 4700 τῶν
3315 4649 3593 4718 παρόντων
3624 4642 3758 4698 καθά·

2222 4759 2412 4794 πτεται
2463 4741 2713 4811 συμφορά
2757 4742 2805 4810 (ό
2855 4741 2950 4809 μὲν
2994 4741 3101 4811 γάρ
3151 4739 3305 4803 εἰδὼς
3360 4736 3422 4795 οὐ
3485 4741 3752 4808 ἐστέρηται.

2224 4833 2443 4903 βαρεῖαν
2487 4835 2715 4886 ποιεῖται
2745 4831 2837 4884 τοῦ
2868 4832 3042 4900 φωτὸς
3069 4832 3168 4903 τὴν
3210 4833 3416 4902 ζημίαν
3437 4850 3451 4861 ·
3494 4835 3521 4885 ό
3568 4831 3619 4882 δὲ
3651 4825 3756 4896 μηδὲ

2222 4924 2353 4986 ὅλως
2380 4923 2631 4992 ἐγνωκὼς
2653 4923 2746 4994 τὴν
2779 4923 3030 4993 τοιαύτην
3057 4924 3237 4994 χάριν,
3262 4923 3488 4987 ἀλύπως
3515 4919 3758 4975 διαῦιώσε-

2222 5033 2331 5077 ται,
2367 5015 2452 5068 διὰ
2481 5014 2578 5084 τὴν
2606 5014 2831 5084 τροφίαν
2863 5012 2954 5065 τοῦ
2986 5013 3146 5081 ζόφου
3183 5013 3410 5083 μηδενὸς
3451 5009 3761 5066 ἐκπεπτωκέ-

2223 5123 2308 5158 ναι
2331 5105 2436 5157 τῶν
2464 5105 2683 5172 ἀγαθῶν
2713 5104 3053 5174 λογιζόμενος
3073 5121 3086 5133 ⁸
3118 5107 3182 5157 ἐκ
3210 5105 3266 5157 δὲ
3294 5104 3487 5157 τούτου
3519 5105 3600 5156 τὸν
3627 5097 3754 5170 μὲνὴ

2224 5195 2483 5265 ἐπιθυμία
2510 5195 2606 5264 τῆς
2630 5195 2723 5247 τοῦ
2755 5194 2928 5262 φωτὸς
2957 5194 3326 5258 ἀπολαύσεως,
3356 5197 3437 5258 είς
3465 5199 3632 5247 πᾶσαν
3666 5190 3756 5252 ἄξει

2228 5286 2470 5356 μηχανὴν
2497 5287 2590 5338 καὶ
2616 5287 2857 5352 ἐπίνοιαν
2889 5285 2981 5337 τοῦ
3015 5285 3175 5339 πάλιν
3212 5287 3336 5339 ἰδεῖν
3365 5280 3427 5339 οὗ
3454 5285 3512 5350 ἐξ
3535 5283 3756 5353 ἐπηρείας

2224 5377 2603 5448 ἀπεστερήθη·
2652 5377 2763 5430 όδὲ
2811 5379 3182 5447 καταγηράεει
3229 5376 3305 5446 τῷ
3356 5378 3502 5445 ζόφῳ
3548 5372 3754 5429 διαὸιιῖυν.

2223 5464 2307 5517 διὰ
2339 5464 2397 5516 τὸ
2438 5463 2511 5534 μὴ
2555 5465 2850 5531 ἐγνωκέναι
2887 5465 2946 5517 τὸ
2990 5464 3214 5534 βέλτιον,
3262 5465 3464 5533 ἀγαθὸν
3512 5463 3670 5530 ἐαυτῷ
3709 5461 3758 5510 τὸ

2226 5557 2395 5626 παρὸν
2421 5554 2638 5627 κρίνων)
2662 5572 2675 5586 ο
2705 5556 2846 5610 οὕτω
2877 5557 2969 5610 καὶ
3011 5559 3100 5610 ἐπὶ
3143 5558 3235 5610 τοῦ
3263 5558 3610 5628 προκειμένου
3649 5552 3745 5618 νοή-

2229 5665 2414 5713 ματος.
2445 5651 2472 5700 ό
2502 5647 2561 5699 τὸ
2587 5647 2798 5718 ἀληθῶς
2833 5648 3033 5715 ἀγαθὸν
3058 5651 3288 5703 κατιδεῖν
3322 5650 3559 5719 ίσχύσας,
3595 5645 3752 5696 ἔπιτε
