3996 6196
293 306 429 360 12:23

1347 301 1431 358 DE
1463 301 2056 360 BEATITUDINIBUS.
2101 301 2359 359 ORATIO
2402 303 2487 358 Ill.

3408 307 3427 358 l
3441 305 3544 360 29.6

287 428 382 496 τὴν
416 427 689 497 πτωχείαν
735 427 837 497 τῆς
865 425 1212 498 ἀνθρωπίνης
1259 425 1472 494 φύσεως
1507 427 1867 495 κατανοήσας,

1979 436 2218 495 putans;
2244 432 2406 494 atque
2436 439 2501 479 ex
2534 423 2635 477 hac
2677 438 2735 477 re
2770 422 2999 487 accidet,
3038 431 3095 476 ut
3135 421 3367 475 alterum
3417 423 3543 491 qui-

285 521 343 572 ὲν
378 521 634 589 συμφορᾷ
676 519 774 589 τὴν
804 518 982 589 ψυχὴν
1022 519 1238 580 πάντως
1260 516 1389 580 ἓξει,
1417 516 1493 586 τῷ
1524 516 1598 586 μὴ
1645 513 1786 569 εἶναι
1813 518 1871 569 ὲν

283 610 363 681 τῷ
391 609 581 680 ἀγαθῷ
616 610 810 679 ἐκείνῳ
858 609 950 663 τὸν
994 609 1238 678 παρόντα
1283 607 1415 676 βίον,
1468 605 1658 668 πένθος
1700 607 1874 660 ποιού-

1974 518 2096 573 dem
2129 517 2267 572 lucis
2292 532 2426 572 usus
2454 515 2786 571 desiderium
2829 515 2963 568 nihil
2991 527 3099 568 non
3141 512 3320 567 moliri
3368 519 3424 567 et
3449 528 3543 568 ex-

1970 608 2213 677 cogitare
2248 614 2426 676 cogat,
2449 619 2558 674 quo
2596 619 2790 658 rursus
2822 603 3004 657 videre
3036 601 3318 671 contingat
3340 600 3392 654 id
3422 615 3533 669 quo

289 718 466 770 μενος.
500 699 708 753 Οὐκοῦν
745 701 807 753 οὐ
849 699 945 770 τὴν
978 698 1155 768 λύπην
1192 715 1281 767 μοι
1316 697 1463 750 δοκεῖ
1494 696 1816 766 μακαρίζειν
1845 699 1867 748 ό

1975 715 2066 768 per
2093 699 2198 752 vim
2238 700 2483 769 privatus
2513 703 2632 762 est;
2662 696 2798 750 alter
2824 709 2950 748 vero
2985 703 3270 763 propterea
3297 690 3444 761 quod
3471 690 3546 747 id.

283 791 477 858 Λόγος,
512 791 648 844 ἀλλὰ
674 790 773 861 τὴν
804 791 1010 861 εἴδησιν
1047 788 1140 841 τοῦ
1172 787 1397 856 ἀγαθοῦ,
1485 787 1545 840 τὸ
1572 788 1669 856 τῆς
1699 787 1873 857 λύπης

285 880 454 943 πάθος
484 879 886 949 ἐπισυμὸαίνει,
915 879 1003 932 διὰ
1045 879 1106 932 τὺ
1150 878 1224 950 μὴ
1257 879 1510 949 παρεῖναι
1539 876 1616 947 τῷ
1664 878 1763 948 βίῳ
1809 880 1868 932 τὸ

285 971 448 1042 ζητού
457 990 639 1042 μενον.

1971 790 2112 860 quod
2145 790 2340 845 melius
2367 798 2470 853 est,
2502 790 2734 859 ignorat,
2775 788 2826 840 id
2862 785 3006 855 quod
3030 785 3133 839 sibi
3169 784 3312 837 adsit
3337 784 3541 837 bonum

1975 880 2390 948 essejudicans,
2442 882 2496 934 in
2533 880 2765 949 caligine
2806 879 2969 932 vitam
3011 875 3321 945 transigens
3357 889 3551 928 consea

1976 971 2205 1039 nescet.)
2238 971 2428 1026 Itidem
2465 987 2523 1026 se
2553 986 2642 1025 res
2675 971 2838 1025 habet
2881 970 2933 1021 in
2962 968 3241 1037 proposita
3269 963 3543 1020 sententia

285 1075 450 1135 atque
490 1068 803 1130 intellectu;
840 1067 931 1135 qui
963 1065 1016 1119 id
1057 1064 1202 1134 quod
1223 1079 1352 1120 vere
1391 1067 1592 1118 bonum
1629 1073 1732 1131 est,
1782 1063 1966 1120 videre
2006 1067 2200 1134 potuit,
2263 1066 2456 1120 deinde
2496 1073 2788 1135 egestatem
2831 1065 3082 1117 humana:
3129 1069 3336 1115 natura:
3376 1060 3552 1113 anim-

286 1159 518 1213 advertit
557 1169 720 1230 atque
758 1160 1146 1226 consideravit,
1186 1159 1344 1228 quasi
1392 1159 1704 1213 calamitate
1749 1169 1971 1229 accepta
2010 1162 2065 1214 in
2122 1162 2303 1216 animo
2368 1178 2426 1217 se
2500 1162 2656 1230 plane
2732 1160 3008 1213 amictabit
3078 1165 3130 1210 et
3193 1155 3547 1215 excruciabit,

285 1271 350 1308 eo
387 1257 536 1325 quod
564 1259 617 1310 in
648 1257 742 1310 illo
765 1257 910 1310 bono
947 1270 1056 1309 non
1093 1265 1359 1321 versetur,
1414 1264 1734 1324 praesentem
1766 1256 1891 1310 vitae
1927 1263 2153 1322 statum,
2213 1257 2421 1311 luctum
2464 1272 2588 1312 esse
2617 1257 2844 1310 ducens.
2919 1253 3058 1322 Ergo
3105 1265 3211 1304 non
3269 1248 3547 1303 tristitiam

289 1345 505 1399 beatam
575 1347 778 1402 ducere
831 1347 1071 1400 Verbum
1138 1341 1559 1411 mihi'videtur,
1621 1346 1716 1400 scd
1765 1348 2129 1417 cognitionem
2175 1357 2227 1402 et
2266 1349 2559 1404 scientiam
2618 1347 2770 1409 boni,
2831 1345 2916 1399 cui
2985 1343 3152 1396 animi
3207 1340 3413 1396 doloris
3465 1338 3549 1392 af-

288 1436 464 1492 fectus
492 1438 697 1493 accedit
729 1455 742 1504 ;
771 1447 1057 1508 pr0pterea
1091 1437 1237 1506 quod
1276 1437 1353 1500 id,
1379 1437 1526 1505 quod
1574 1439 1859 1505 quaeritur,
1901 1439 2026 1494 vitae
2065 1456 2173 1495 non
2195 1441 2366 1497 adsit.

369 1533 681 1588 Ἀκόλουθον
735 1533 912 1586 τοίνυν
966 1532 1215 1596 ἐξετάσαι
1272 1532 1325 1583 τί
1370 1548 1500 1584 ποτε
1561 1532 1664 1602 ἄρα
1725 1533 1867 1585 ἐστὶν

2047 1535 2167 1590 Jam
2198 1552 2326 1591 vero
2354 1551 2695 1606 consequens
2712 1541 2763 1589 et
2792 1534 3097 1603 proximum
3124 1531 3287 1585 fuerit
3329 1529 3551 1585 investi-

285 1623 459 1678 ἐκεῖνο
487 1625 546 1677 τὸ
573 1624 687 1692 φῶς
724 1664 740 1689 ,
767 1616 812 1690 ᾧ
846 1623 907 1675 τὺ
949 1622 1184 1690 ζοφῶδες
1221 1621 1378 1674 τοῦτο
1399 1622 1498 1690 τῆς
1535 1623 1867 1693 ἀνθρωπίνης

1978 1641 2124 1694 gare,
2152 1641 2271 1696 quze
2304 1627 2521 1681 tandem
2558 1627 2650 1679 illa
2699 1626 2768 1679 sit
2800 1624 2988 1692 utique
3019 1623 3134 1684 lux,
3171 1636 3276 1690 qua
3316 1621 3549 1674 obscura

287 1716 502 1786 φύσεως
562 1715 820 1786 σπήλαιον
864 1717 920 1768 ὲν
973 1713 1048 1784 τῷ
1093 1713 1323 1782 παρόντι
1365 1712 1464 1782 βίῳ
1501 1713 1560 1765 οὐ
1595 1715 1867 1782 καταυγά-

1980 1716 2093 1771 lucc
2134 1717 2384 1775 humanae
2420 1729 2625 1771 natura:
2659 1718 2918 1786 spelunca
2946 1731 2997 1769 tn
3023 1715 3278 1784 prtcsenti
3303 1713 3410 1767 vita
3441 1728 3547 1766 non

286 1809 456 1871 ζεται.
476 1804 554 1860 Ἦ
579 1807 740 1875 τάχα,
767 1806 826 1858 οὐ
869 1804 1004 1874 πρὸς
1051 1803 1112 1856 τὸ
1156 1803 1417 1873 ἁνήνυτόν
1444 1820 1503 1855 τε
1542 1803 1636 1857 καὶ
1663 1805 1867 1866 ἀκατά-

1979 1808 2334 1863 illuminatur.
2364 1808 2619 1878 Nunquid
2642 1809 2707 1862 ad
2737 1808 2788 1862 id
2829 1807 3076 1871 forsitan,
3120 1805 3266 1875 quod
3311 1819 3410 1860 nec
3450 1820 3548 1858 ex-

285 1899 486 1969 ληπτον
510 1901 543 1970 ἡ
571 1897 834 1966 ἐπιθυμία
863 1897 1081 1967 βλέπεις
1113 1897 1208 1958 Τίς
1235 1896 1342 1964 γὰρ
1370 1896 1427 1947 ἐν
1457 1897 1588 1966 ἡμῖν
1621 1896 1867 1967 λογισμὸς

1980 1900 2175 1967 pediri,
2210 1915 2309 1954 nec
2348 1901 2633 1970 explicari,
2662 1914 2763 1954 nec
2805 1897 3190 1968 comprehendi
3223 1903 3420 1966 potest,
3453 1909 3551 1950 cu-

284 1991 542 2051 τοιούτος,
591 1989 667 2051 ὡς
715 1987 1026 2058 ἀνιχνεῦσαι
1060 1986 1152 2040 τοῦ
1185 1986 1513 2056 ζητουμένου
1545 1985 1642 2056 τὴν
1675 1986 1833 2055 φύσιν
1860 2005 1867 2051 ;

1978 1987 2178 2056 piditas
2209 1998 2418 2058 spectat
2441 1991 2463 2042 ?
2493 1995 2624 2056 Quae
2647 1989 2790 2044 enim
2815 1989 2870 2043 in
2900 1988 3058 2043 nobis
3083 1987 3338 2057 cogitatio
3361 1986 3548 2054 conje-

285 2081 379 2144 Τίς
415 2081 472 2146 ἐξ
510 2080 786 2149 ὀνομάτων
826 2095 884 2130 τε
931 2079 1023 2131 καὶ
1071 2079 1328 2150 ῥημάτων
1364 2079 1607 2148 σημασία
1632 2079 1867 2151 τοιαύτη,

1979 2086 2198 2132 cturave
2225 2079 2350 2134 talis
2382 2089 2485 2141 est,
2518 2089 2577 2132 ut
2607 2080 2894 2148 investiget
2921 2079 3039 2148 ejus
3064 2077 3208 2147 quod
3253 2076 3540 2146 quaeritur.

284 2173 360 2235 ὡς
407 2171 563 2235 ἀξίαν
605 2174 734 2240 ἡμῖν
773 2171 979 2224 ἔννοιαν
1013 2171 1107 2223 τοῦ
1143 2171 1536 2240 ὑπερκειμένου
1567 2169 1744 2239 φωτὸς
1777 2171 1867 2240 έμ-

1979 2169 2267 2221 naturam?
2294 2185 2414 2238 qua!
2445 2185 2508 2224 ex
2559 2170 2877 2223 nominibus
2915 2170 3117 2239 pariter
3153 2182 3217 2222 ac
3250 2168 3434 2222 verbis
3467 2167 3547 2222 εἰ⁴

285 2263 539 2331 ποιῆσαις
575 2263 697 2326 Πῶς
725 2263 976 2332 ὀνομάσω
1004 2263 1064 2316 τὸ
1093 2262 1356 2329 ἁθέατον;
1390 2263 1514 2326 Πῶς
1543 2263 1867 2333 παραστήσα

1980 2257 2258 2327 gnificatio
2303 2271 2561 2315 constans
2591 2262 2722 2316 talis.
2749 2270 2851 2326 est,
2928 2270 2984 2314 ut
3037 2260 3256 2331 dignam
3300 2261 3353 2313 in
3392 2259 3549 2314 nobis

282 2353 346 2406 τὸ
389 2355 583 2420 ἄῦλον;
631 2354 756 2418 Πῶς
808 2354 964 2418 δείξω
1011 2354 1072 2406 τὸ
1126 2353 1333 2417 ἁειδές;
1377 2353 1493 2416 πῶς
1542 2353 1778 2406 διαλάὸω
1819 2353 1867 2406 τὲ

1979 2362 2229 2417 supernae
2264 2351 2403 2406 lucis
2457 2353 2704 2406 notitiam
2735 2353 3012 2424 ingeneret
3037 2354 3059 2404 ?
3080 2351 3349 2422 quomodo
3374 2352 3549 2405 nomi.

284 2445 572 2516 ἀμέγεθες,
605 2447 666 2498 τὸ
703 2446 924 2509 άποσον,
972 2431 1034 2498 τὸ
1083 2447 1291 2510 ἄποιον,
1335 2445 1394 2497 τὸ
1431 2445 1831 2515 ἀσχημάτιστον
1861 2464 1867 2510 ς

1980 2443 2122 2496 nabo
2157 2441 2209 2494 id
2238 2442 2382 2512 quod
2410 2445 2644 2512 spectari
2674 2459 2782 2498 non
2809 2447 3022 2513 potest?
3055 2447 3328 2516 quomodo
3351 2461 3546 2516 sugge-

281 2539 346 2592 τὸ
387 2540 520 2609 μήτε
555 2540 724 2609 τόπῳ,
766 2541 903 2609 μήτε
934 2539 1111 2608 χρόνῳ
1141 2537 1555 2608 εὑρισκόμενον;
1588 2536 1648 2590 τὸ
1688 2536 1867 2603 ἐξώτε-

1982 2546 2094 2584 ram
2125 2539 2287 2600 atque
2320 2533 2620 2602 exprimam
2661 2534 2714 2588 id
2753 2536 2894 2603 quod
2929 2537 3173 2590 matcriei
3207 2552 3403 2606 expers
3433 2537 3553 2593 est?

284 2646 378 2700 ρον
425 2628 624 2693 παντὸς
675 2629 980 2702 περασμοῦ,
1013 2629 1107 2682 καὶ
1152 2628 1332 2698 πάσης
1369 2630 1646 2698 ὀριστικῆς
1678 2643 1867 2694 (patina.

1980 2623 2252 2692 quomodo
2267 2623 2550 2678 ostendam
2571 2624 2644 2691 id,
2663 2625 2807 2694 quod
2831 2626 3003 2681 visuzn
3026 2626 3215 2697 ellugit
3235 2628 3256 2680 ?
3274 2629 3547 2697 quomodo

284 2719 406 2781 σίας
430 2737 445 2783 ;
487 2715 546 2774 οὗ
575 2719 731 2790 ἔργον
763 2719 896 2789 ζωὴ,
929 2720 1021 2773 καὶ
1047 2720 1079 2790 ἡ
1111 2720 1325 2772 πάντων
1355 2718 1463 2770 τῶν
1492 2717 1633 2771 κατὰ
1659 2717 1719 2770 τὸ
1743 2719 1867 2786 ἀγα·

1979 2716 2433 2785 comprehendam
2459 2715 2532 2779 id,
2567 2715 2710 2784 quod
2738 2725 2960 2785 superat
3001 2732 3218 2773 omnem
3269 2719 3548 2789 magnitu-

282 2811 374 2863 θὺν
404 2811 707 2882 νοουμένων
731 2811 1061 2873 ύπόστασιςς
1101 2811 1225 2880 περὶ
1253 2809 1282 2862 ὃ
1324 2811 1430 2862 πᾶν
1465 2808 1667 2878 ὑψηλὸν
1703 2808 1867 2880 νόημά

1979 2806 2205 2860 dinem?
2230 2806 2373 2876 quod
2407 2807 2510 2862 sub
2541 2808 2921 2878 quantitatem,
2950 2809 3053 2864 sub
3073 2809 3390 2879 qualitatem
3437 2825 3545 2865 non

279 2914 340 2950 τε
383 2901 476 2953 καὶ
517 2900 686 2970 ὄνομα
723 2899 1042 2970 θεωρεῖται;
1086 2899 1296 2969 θεότης,
1332 2899 1593 2969 βασιλεία,
1627 2898 1867 2970 δύναμις,

1980 2896 2165 2951 cadit?
2204 2896 2346 2967 quod
2383 2895 2581 2968 ellingi,
2633 2900 2774 2970 quod
2826 2900 3126 2954 assimilari
3175 2915 3284 2954 non
3331 2903 3549 2971 potest?

279 2990 559 3060 ἀῖδιότης,
608 2991 916 3063 ἀφθαρσία,
968 2991 1113 3063 χαρά
1155 3009 1213 3044 τε
1269 2992 1360 3045 καὶ
1397 2991 1737 3061 ἀγαλλίαμα,
1787 2993 1867 3044 xui

1979 2988 2124 3058 quod
2152 3005 2326 3058 neque
2364 2989 2512 3054 loco,
2567 3007 2743 3060 neque
2794 3001 3037 3062 tempore
3075 2993 3549 3063 deprehenditur?

283 3081 398 3132 πᾶν
422 3080 504 3132 ὅτι
531 3081 635 3151 πέρ
658 3083 803 3134 ἐστιν
826 3082 883 3132 ὲν
909 3079 1030 3148 ὕψει
1054 3080 1338 3150 νοούμενόν
1362 3097 1419 3132 τε
1442 3081 1533 3133 καὶ
1553 3080 1867 3150 λεγόμενον;

1979 3080 2121 3148 quod
2149 3081 2586 3137 exeiditomnem
2620 3083 3021 3147 limitationem,
3071 3091 3124 3138 et
3151 3097 3367 3137 omnem
3405 3082 3542 3138 defi-

281 3168 410 3231 Πῶς
433 3169 612 3222 τοίνυν
644 3168 760 3222 ἐστι
789 3171 882 3222 καὶ
919 3169 1007 3222 διὰ
1041 3169 1210 3221 ποίων
1234 3169 1506 3238 λογισμῶν
1534 3169 1594 3222 τὸ
1635 3170 1867 3223 τοιοῦτον

1978 3171 2199 3224 nitivam
2285 3173 2773 3242 imaginationem?
2830 3174 2988 3243 cujus
3068 3189 3207 3243 opus
3282 3183 3366 3230 est
3411 3175 3542 3237 vita,

280 3260 440 3330 ἡμῶν
476 3261 677 3329 ἀγαθὸν
719 3261 812 3313 ὑπ’
837 3261 958 3329 ὄψιν
1007 3260 1199 3323 ἐλθεῖν,
1250 3261 1309 3313 τὸ
1360 3259 1628 3331 θεώμενον
1661 3261 1755 3314 καὶ
1799 3261 1873 3332 μὴ

283 3346 614 3418 βλεπόμενον
642 3367 656 3415 ;
689 3350 761 3401 Τὸ
781 3351 912 3402 πᾶσι
937 3351 1051 3412 τοῖς
1073 3345 1191 3401 οὖσι
1219 3349 1280 3401 τὸ
1305 3345 1442 3403 εἶναι
1471 3350 1871 3421 παρεχόμενον;

281 3435 413 3489 αὐτὸ
455 3438 511 3490 δὲ
553 3438 638 3490 ἀεὶ
677 3437 756 3499 ὃν,
801 3439 894 3490 καὶ⁹
939 3438 1032 3490 τοῦ
1056 3438 1305 3505 γενέσθαι
1335 3439 1395 3490 οὐ
1440 3439 1869 3509 προσδεόμενον;

1975 3262 2329 3332 omniumque
2354 3279 2474 3332 quae
2504 3280 2600 3334 per
2624 3265 2828 3320 bonum
2861 3267 3266 3336 intelliguntur,
3289 3268 3543 3321 substan-

1974 3351 2092 3404 tia?
2121 3353 2264 3406 circa
2292 3354 2437 3422 quod
2477 3357 2657 3410 omnis
2684 3357 2968 3425 cogitatio,
3011 3359 3190 3413 omnis
3222 3360 3387 3413 animi
3418 3375 3550 3414 con-

1975 3451 2163 3511 ceptus
2191 3451 2243 3498 et
2283 3444 2594 3502 intellectus
2643 3448 2896 3503 sublimis
2938 3452 3232 3505 versatur?
3259 3467 3420 3508 omne
3448 3467 3548 3507 no-

280 3546 406 3584 men
474 3531 641 3583 altum
686 3529 1118 3583 consideratur?
1147 3529 1353 3595 Deitas,
1421 3546 1672 3600 regnum,
1723 3531 1989 3602 potentia,
2014 3533 2312 3597 aeternitas,
2349 3535 2859 3605 incorruptibilitas,
2896 3541 3266 3610 gaudiumque
3299 3550 3351 3596 et
3369 3545 3550 3600 exsul-

279 3622 438 3684 tatio,
499 3627 550 3674 et
579 3635 740 3675 omne
804 3620 1170 3690 quodcunque
1233 3621 1289 3673 in
1356 3620 1639 3675 altitudine
1707 3629 1814 3675 tam
1877 3622 2217 3693 intelligitur,
2269 3623 2839 3692 quamdicitur?Quo
2869 3626 3034 3696 igitur
3066 3629 3248 3691 modo,
3273 3632 3544 3698 quibusve

278 3714 730 3786 cogitationibus,
778 3713 1046 3782 ejusmodi
1097 3715 1255 3768 nobis
1290 3715 1492 3768 bonum
1565 3701 1708 3770 ante
1755 3716 1945 3771 oculos
1991 3716 2118 3786 poni
2152 3719 2346 3787 possit,
2381 3718 2527 3788 quod
2565 3728 2844 3788 spectatur
2872 3729 2924 3775 et
2952 3736 3060 3775 non
3101 3723 3544 3796 cernituriquod

277 3804 448 3858 rebus
487 3802 758 3856 universis
787 3801 1122 3865 facultatem,
1146 3811 1207 3855 ut
1250 3802 1379 3865 sint,
1417 3803 1640 3872 praebet,
1659 3802 1835 3871 ipsum
1874 3819 2002 3859 vero
2027 3820 2240 3875 semper
2259 3816 2364 3871 est,
2383 3823 2556 3876 neque
2577 3817 2638 3862 ut
2661 3809 2887 3863 exsistat
2909 3812 3142 3880 amplius
3175 3828 3312 3882 opus
3348 3815 3549 3871 habet?

363 3898 504 3950 Ἀλλ’
529 3897 603 3960 ὡς
632 3897 697 3950 ἂν
730 3897 803 3967 μὴ
834 3897 1008 3967 μάτην
1042 3899 1070 3949 ὁ
1112 3897 1269 3964 λόγος
1295 3897 1492 3966 κάμνοι
1521 3899 1632 3960 τοῖς
1655 3897 1875 3968 ἀχωρή-

275 4005 394 4052 τοις
418 3987 606 4041 ἑαυτὸν
641 3986 986 4049 ὲπεκτείνων,
1014 3986 1121 4038 τῶν
1152 3987 1250 4053 μὲν
1285 3986 1693 4057 ὑπερκειμένων
1737 3986 1872 4053 ἀγα-

278 4078 389 4131 θῶν
435 4077 534 4147 τὴν
580 4075 770 4143 φύσιν,
817 4075 892 4137 ὡς
943 4075 1223 4143 ἀμήχανον
1266 4073 1325 4126 ὃν
1372 4073 1432 4126 τὸ
1478 4073 1714 4126 τοιοῦτον
1767 4072 1871 4125 ὑπὸ

280 4165 586 4235 κατάληψιν
627 4165 828 4227 ἐλθεῖν,
880 4161 1459 4233 πολυπραγμονοῦντες
1513 4161 1870 4232 παυσώμεθα,

278 4258 532 4314 τοσοῦτον
567 4257 724 4325 μόνον
747 4258 810 4308 ὲκ
835 4254 942 4306 τῶν
971 4252 1309 4322 ζητηθέντων
1342 4253 1720 4324 κερδάναντες,
1748 4253 1871 4305 ὅσον

276 4347 347 4403 δι’
387 4347 552 4402 αὐτοῦ
591 4345 684 4399 τοῦ
724 4345 796 4415 μὴ
825 4343 1116 4413 δυνηθῆναι
1163 4343 1399 4396 κατιδεῖν
1433 4343 1493 4396 τὸ
1520 4341 1868 4413 ζητούμενον,

277 4439 490 4493 ἔννοιάν
523 4453 640 4490 τινα
676 4436 768 4488 τοῦ
806 4434 1067 4506 μεγέθους
1118 4433 1224 4486 τῶν
1280 4434 1625 4504 ζητουμένων
1670 4434 1868 4485 ἀνατυ-

280 4531 586 4584 πώσασθαι.
616 4531 764 4598 ’Ὁσῳ
795 4529 851 4581 δὲ
886 4530 982 4598 τῆς
1030 4525 1282 4594 γνώσεως
1336 4525 1490 4596 ἡμῶν
1540 4525 1870 4596 ὑψηλότερον

279 4617 422 4676 εἷναι
457 4621 515 4673 τὸ
545 4620 742 4687 ἀγαθὸν
776 4623 842 4690 τῇ
874 4618 1032 4687 φύσει
1069 4615 1414 4684 πιστεύομεν,
1463 4615 1700 4686 τοσούτῳ
1736 4615 1868 4684 μᾶλ-

189 4703 192 4707 ’
277 4713 370 4765 λον
412 4711 471 4764 τὸ
515 4710 705 4773 πένθος
752 4712 808 4762 ἐν
847 4711 1030 4772 αὐτοῖς
1078 4706 1452 4776 ἐπιτείνωμεν,
1500 4707 1582 4759 ὅτι
1629 4706 1865 4761 τοιοῦτόν

279 4805 396 4856 ἔστι
428 4803 522 4855 καὶ
549 4801 800 4854 τοσοῦτον
828 4802 888 4853 τὸ
926 4800 1148 4868 ἀγαθὸν,
1180 4795 1239 4853 οὗ
1271 4793 1638 4867 διεζευγμένοι
1665 4799 1865 4867 τυγχά-

278 4911 462 4962 νομεν,
497 4893 573 4955 ὡς
602 4893 736 4963 μηδὲ
777 4893 875 4962 τὴν
904 4891 1103 4959 γνῶσιν
1145 4889 1305 4942 αὖτοῦ
1344 4893 1540 4960 χωρεῖν
1581 4889 1860 4945 δύνασθαι.

278 4982 482 5035 Τούτου
507 4981 690 5051 μέντοι
718 4980 810 5033 τοῦ
837 4981 1222 5051 ὑπεραίροντος
1246 4981 1424 5032 πᾶσαν
1449 4979 1676 5050 δύναμιν
1706 4998 1865 5034 κατα-

276 5075 566 5144 ληπτικὴν,
610 5076 666 5127 ἐν
709 5073 966 5144 μετουσίᾳ
1006 5073 1133 5125 ποτὲ
1166 5068 1307 5142 ἦμεν
1339 5073 1388 5123 οἱ
1435 5071 1740 5141 ἀνθρωποιο
1771 5073 1864 5126 καὶ

275 5165 528 5218 τοσοῦτον
553 5161 621 5235 ἦν
651 5165 706 5216 ὲν
731 5167 794 5234 τῇ
836 5163 994 5232 φύσει
1039 5162 1193 5232 ἡμῶν
1250 5164 1422 5215 ἐκεῖνο
1473 5163 1532 5214 τὸ
1567 5161 1766 5230 ἀγαθὸν
1808 5163 1868 5214 τὸ

277 5258 417 5327 ὑπὲρ
451 5259 556 5309 πᾶν
580 5257 777 5325 νόημα,
809 5254 882 5317 ὼς
915 5254 1041 5308 ἄλλο
1069 5255 1244 5306 ἐκεῖνο
1274 5254 1332 5305 τὸ
1359 5252 1694 5324 ἀνθρώπινον
1729 5249 1867 5306 εἶναι

275 5349 474 5412 δοκεῖν,
508 5352 572 5418 τῇ
625 5345 994 5418 ἀκριϐεστάτη
1051 5343 1306 5415 ὁμοιώσει
1363 5344 1503 5396 κατά
1545 5345 1643 5414 τὴν
1687 5343 1868 5396 εἰκόνα

277 5441 371 5492 τοῦ
434 5439 789 5511 πρωτοτύπου
845 5437 1289 5508 μεμορφωμένον.
1329 5439 1396 5490 "A
1440 5437 1548 5508 γάρ
1596 5437 1688 5489 νῦν
1744 5439 1870 5510 περὶ

280 5532 482 5584 ἐκείνου
530 5529 897 5600 στοχαστικῶς
947 5529 1275 5599 θεωροῦμεν,
1332 5528 1500 5581 ταῦτα
1545 5528 1720 5582 πάντα
1768 5531 1860 5582 καὶ

281 5625 404 5692 περὶ
435 5623 524 5674 τὸν
551 5622 833 5693 ἄνθρωπον
856 5617 943 5690 ἦν,
973 5619 1246 5691 ἀφθαρσίᾳ
1270 5638 1327 5672 τε
1358 5622 1448 5672 καὶ
1479 5621 1854 5690 μακαριότητι’

282 5714 368 5765 καὶ
396 5713 453 5767 τὺ
484 5712 813 5781 αὐτοκρατὲς
838 5711 930 5763 καὶ
952 5710 1010 5762 τὸ
1037 5709 1347 5784 ἀδέσποτον,
1375 5710 1435 5762 τό
1463 5726 1519 5763 τε
1544 5710 1744 5763 ἄλυπον
1768 5712 1857 5762 καὶ

566 5807 834 5865 Parum“
875 5805 993 5862 Gn.
1035 5801 1234 5862 XLIV.

2044 3898 2245 3954 Verum
2301 3916 2371 3956 ne
2422 3902 2597 3956 oratio
2617 3901 2821 3956 frustra
2866 3905 3094 3968 laboret,
3158 3907 3211 3960 in
3248 3909 3416 3963 rebus
3455 3925 3547 3965 ca-

1974 4000 2128 4062 ptum
2161 4000 2409 4047 nostrum
2435 3993 2822 4063 superantibus
2869 3995 3132 4050 enitendo
3187 4012 3309 4052 sese
3365 3999 3543 4054 inten-

1972 4083 2126 4149 dens,
2157 4101 2520 4152 supernorum
2562 4086 2778 4156 quidem
2814 4087 3082 4142 bonorum
3117 4097 3392 4153 naturam,
3415 4105 3539 4144 cum

1975 4175 2087 4229 ﬁeri
2125 4191 2230 4230 non
2266 4177 2464 4245 possit,
2491 4183 2552 4230 ut
2587 4175 2853 4244 ejusmodi
2878 4179 3541 4251 quispiam—comprehen—

1975 4261 2116 4316 sioni
2155 4263 2502 4331 subjiciatur,
2553 4267 2773 4319 curiose
2820 4274 2873 4320 ct
2931 4269 3088 4321 anxie
3149 4268 3421 4336 inquirere
3447 4270 3541 4325 de-

1972 4351 2237 4413 sinamus,
2264 4359 2472 4406 tantum
2503 4353 2766 4408 duntaxat
2816 4369 2879 4408 ex
2914 4355 3161 4423 quaesitis
3206 4355 3422 4421 lucrati,
3483 4369 3538 4411 ut

1975 4457 2070 4509 per
2101 4441 2202 4494 hoc
2245 4442 2457 4509 ipsum,
2495 4443 2638 4511 quod
2670 4458 2778 4497 non
2814 4458 3108 4514 possumus
3148 4446 3456 4514 perspicere
3489 4447 3540 4500 id

1973 4534 2116 4603 quod
2147 4535 2465 4604 quaerimus,
2493 4536 2998 4605 aliquamnotitiam
3032 4537 3427 4606 magnitudinis
3456 4554 3540 4592 re-

1975 4641 2121 4688 rum,
2155 4626 2222 4680 de
2251 4626 2448 4696 quibus
2473 4627 2755 4694 quaeritur,
2813 4627 2867 4680 in
2921 4628 3103 4682 animo
3150 4627 3451 4683 formemus
3490 4639 3543 4685 ct

1975 4719 2356 4788 imaginentur.
2383 4718 2598 4783 Quanto
2620 4728 2800 4773 autem
2826 4717 3134 4787 cognitione
3159 4727 3345 4773 nostra
3377 4720 3543 4775 altius

1974 4808 2107 4861 illud
2159 4823 2280 4862 esse
2318 4819 2512 4862 natura
2571 4809 2773 4862 bonum
2819 4809 3114 4872 credimus,
3167 4820 3317 4864 tanto
3373 4814 3541 4881 magis

1976 4899 2180 4953 luctum
2241 4900 2294 4952 in
2345 4900 2502 4954 nobis
2548 4899 2893 4954 intendamus
2938 4907 2990 4952 ct
3039 4915 3356 4971 augeamus,
3397 4908 3546 4972 quod

1975 4989 2080 5042 tale
2102 5005 2163 5043 ac
2190 4996 2403 5042 tantum
2435 4990 2506 5043 sit
2538 4991 2765 5053 bonum,
2821 5005 2852 5043 a
2883 5005 2991 5060 quo
3015 4990 3280 5060 disjuncti
3327 5007 3541 5058 sumus,

1977 5088 2033 5130 ut
2064 5093 2132 5132 ne
2190 5077 2560 5148 cognitionem
2609 5078 2829 5150 quidem
2862 5079 2981 5148 ejus
3010 5093 3206 5148 capere
3242 5082 3540 5148 possimus.

1976 5164 2362 5222 Verumtamen
2391 5168 2554 5238 hujus
2574 5168 2722 5230 boni,
2751 5170 2895 5239 quod
2928 5177 3149 5239 superat
3172 5183 3390 5222 omnem
3435 5169 3542 5221 vim

1971 5258 2494 5326 comprehendendi,
2522 5275 2623 5315 nos
2653 5259 2904 5314 homines
2941 5259 3069 5312 olim
3100 5259 3390 5327 participes
3419 5270 3542 5310 era-

1970 5363 2092 5402 mus
2127 5367 2138 5403 :
2174 5363 2237 5403 ac
2267 5358 2475 5405 tantum
2499 5359 2618 5406 erat
2641 5351 2694 5404 in
2719 5361 2911 5404 natura
2941 5358 3126 5402 nostra
3158 5349 3359 5402 bonum
3381 5347 3538 5412 illud,

1971 5440 2116 5508 quod
2147 5448 2370 5510 superat
2401 5457 2618 5496 omnem
2647 5441 3035 5511 cogitationem
3081 5447 3136 5495 et
3177 5439 3540 5500 intellectum,

1975 5540 2035 5584 ιιι
2067 5532 2299 5585 alterum
2325 5532 2458 5586 illud
2494 5533 2791 5583 humanum
2835 5531 3036 5583 bonum
3073 5545 3197 5584 esse
3229 5529 3539 5589 videretur,

1967 5624 2418 5692 exquisitissima'
2447 5621 2873 5692 plenissitnaque
2922 5621 3320 5676 assimilatione
3370 5626 3536 5687 atque

1970 5714 2276 5769 imitatione
2349 5715 2416 5768 ad
2480 5712 2769 5780 imaginem
2832 5711 3078 5781 primarii
3121 5721 3176 5764 et
3245 5709 3537 5782 originalis

3138 5799 3215 5860 39
