  <div class='ocr_page' id='page_1' title='image "/cluster/home/n/w/nwhite01/storage/ocr_20150623/44/hvd.32044052767431/631.png"; bbox 0 0 3996 6196; ppageno 0'>
   <div class='ocr_carea' id='block_1_1' title="bbox 503 289 644 347">
    <p class='ocr_par' dir='ltr' id='par_1_1' title="bbox 503 289 644 347">
     <span class='ocr_line' id='line_1_1' title="bbox 503 289 644 347; baseline -0.043 0"><span class='ocrx_word' id='word_1_1' title='bbox 503 293 528 347; x_wconf 72' lang='grc' dir='ltr'>Ἰ</span> <span class='ocrx_word' id='word_1_2' title='bbox 541 289 644 343; x_wconf 70' lang='lat'><strong>£27</strong></span> 
     </span>
    </p>
   </div>
   <div class='ocr_carea' id='block_1_2' title="bbox 1735 265 2492 335">
    <p class='ocr_par' dir='ltr' id='par_1_2' title="bbox 1735 265 2492 335">
     <span class='ocr_line' id='line_1_2' title="bbox 1735 265 2492 335; baseline -0.011 -2"><span class='ocrx_word' id='word_1_3' title='bbox 1735 277 1798 335; x_wconf 89' lang='lat' dir='ltr'><strong>S.</strong></span> <span class='ocrx_word' id='word_1_4' title='bbox 1839 275 2166 333; x_wconf 75' lang='lat' dir='ltr'><strong>GREGORII</strong></span> <span class='ocrx_word' id='word_1_5' title='bbox 2200 265 2492 330; x_wconf 64' lang='lat' dir='ltr'><strong>NYSSENI</strong></span> 
     </span>
    </p>
   </div>
   <div class='ocr_carea' id='block_1_3' title="bbox 3562 277 3670 333">
    <p class='ocr_par' dir='ltr' id='par_1_3' title="bbox 3562 277 3670 333">
     <span class='ocr_line' id='line_1_3' title="bbox 3562 277 3670 333; baseline 0.028 -3"><span class='ocrx_word' id='word_1_6' title='bbox 3562 277 3670 333; x_wconf 65' lang='grc' dir='ltr'><strong>12θῶ</strong></span> 
     </span>
    </p>
   </div>
   <div class='ocr_carea' id='block_1_4' title="bbox 507 394 2100 477">
    <p class='ocr_par' dir='ltr' id='par_1_4' title="bbox 507 401 2076 477">
     <span class='ocr_line' id='line_1_4' title="bbox 507 401 2076 477; baseline -0.008 -12"><span class='ocrx_word' id='word_1_7' title='bbox 507 405 839 477; x_wconf 82' lang='lat' dir='ltr'><strong>exemplaris</strong></span> <span class='ocrx_word' id='word_1_8' title='bbox 869 402 1185 458; x_wconf 82' lang='lat' dir='ltr'><strong>formatum.</strong></span> <span class='ocrx_word' id='word_1_9' title='bbox 1233 401 1371 457; x_wconf 82' lang='lat' dir='ltr'><strong>Nam</strong></span> <span class='ocrx_word' id='word_1_10' title='bbox 1404 417 1526 472; x_wconf 84' lang='lat' dir='ltr'><strong>quae</strong></span> <span class='ocrx_word' id='word_1_11' title='bbox 1557 415 1704 456; x_wconf 91' lang='lat' dir='ltr'><strong>nunc</strong></span> <span class='ocrx_word' id='word_1_12' title='bbox 1739 401 1806 456; x_wconf 86' lang='lat' dir='ltr'><strong>de</strong></span> <span class='ocrx_word' id='word_1_13' title='bbox 1845 401 1941 454; x_wconf 92' lang='lat' dir='ltr'><strong>illo</strong></span> <span class='ocrx_word' id='word_1_14' title='bbox 1980 415 2076 470; x_wconf 91' lang='lat' dir='ltr'><strong>per</strong></span> 
     </span>
    </p>
   </div>
   <div class='ocr_carea' id='block_1_5' title="bbox 2200 394 3675 477">
    <p class='ocr_par' dir='ltr' id='par_1_5' title="bbox 2200 394 3675 468">
     <span class='ocr_line' id='line_1_5' title="bbox 2200 394 3675 468; baseline 0.001 -18"><span class='ocrx_word' id='word_1_15' title='bbox 2200 397 2628 468; x_wconf 73' lang='grc' dir='ltr'>ὶπραγμάτευτον</span> <span class='ocrx_word' id='word_1_16' title='bbox 2659 396 2753 464; x_wconf 77' lang='grc' dir='ltr'>τῆς</span> <span class='ocrx_word' id='word_1_17' title='bbox 2796 394 2958 466; x_wconf 79' lang='grc' dir='ltr'>ζωῆς,</span> <span class='ocrx_word' id='word_1_18' title='bbox 3002 395 3091 447; x_wconf 73' lang='grc' dir='ltr'>καὶ</span> <span class='ocrx_word' id='word_1_19' title='bbox 3131 394 3164 464; x_wconf 79' lang='grc' dir='ltr'>ὴ</span> <span class='ocrx_word' id='word_1_20' title='bbox 3213 394 3266 446; x_wconf 85' lang='grc' dir='ltr'><strong>ἐν</strong></span> <span class='ocrx_word' id='word_1_21' title='bbox 3306 394 3561 467; x_wconf 75' lang='grc' dir='ltr'>θειοτέροις</span> <span class='ocrx_word' id='word_1_22' title='bbox 3583 399 3675 452; x_wconf 81' lang='grc' dir='ltr'>δια-</span> 
     </span>
    </p>
   </div>
   <div class='ocr_carea' id='block_1_6' title="bbox 505 491 2085 568">
    <p class='ocr_par' dir='ltr' id='par_1_6' title="bbox 505 491 2085 568">
     <span class='ocr_line' id='line_1_6' title="bbox 505 491 2085 568; baseline -0.007 -13"><span class='ocrx_word' id='word_1_23' title='bbox 505 500 865 568; x_wconf 87' lang='lat' dir='ltr'><strong>c0njecturas</strong></span> <span class='ocrx_word' id='word_1_24' title='bbox 896 495 1248 566; x_wconf 85' lang='lat' dir='ltr'><strong>speculamur</strong></span> <span class='ocrx_word' id='word_1_25' title='bbox 1265 503 1318 550; x_wconf 92' lang='lat' dir='ltr'><strong>et</strong></span> <span class='ocrx_word' id='word_1_26' title='bbox 1346 495 1734 565; x_wconf 71' lang='lat' dir='ltr'><strong>imaginamur,</strong></span> <span class='ocrx_word' id='word_1_27' title='bbox 1758 494 1875 548; x_wconf 84' lang='lat' dir='ltr'><strong>haec</strong></span> <span class='ocrx_word' id='word_1_28' title='bbox 1898 491 2085 546; x_wconf 82' lang='lat' dir='ltr'><strong>omnia</strong></span> 
     </span>
    </p>
   </div>
   <div class='ocr_carea' id='block_1_7' title="bbox 505 575 2088 652">
    <p class='ocr_par' dir='ltr' id='par_1_7' title="bbox 505 575 2088 652">
     <span class='ocr_line' id='line_1_7' title="bbox 505 575 2088 652; baseline -0.006 -12"><span class='ocrx_word' id='word_1_29' title='bbox 505 589 653 642; x_wconf 84' lang='lat' dir='ltr'><strong>circa</strong></span> <span class='ocrx_word' id='word_1_30' title='bbox 687 584 964 640; x_wconf 85' lang='lat' dir='ltr'><strong>hominem</strong></span> <span class='ocrx_word' id='word_1_31' title='bbox 1004 597 1228 652; x_wconf 90' lang='lat' dir='ltr'><strong>quoque</strong></span> <span class='ocrx_word' id='word_1_32' title='bbox 1255 590 1414 637; x_wconf 86' lang='lat' dir='ltr'><strong>erant</strong></span> <span class='ocrx_word' id='word_1_33' title='bbox 1436 624 1450 647; x_wconf 94' lang='lat'><strong>,</strong></span> <span class='ocrx_word' id='word_1_34' title='bbox 1497 578 1987 650; x_wconf 90' lang='lat' dir='ltr'><strong>incorruptibilitas</strong></span> <span class='ocrx_word' id='word_1_35' title='bbox 2013 575 2088 632; x_wconf 92' lang='lat' dir='ltr'><strong>si-</strong></span> 
     </span>
    </p>
   </div>
   <div class='ocr_carea' id='block_1_8' title="bbox 506 667 2089 742">
    <p class='ocr_par' dir='ltr' id='par_1_8' title="bbox 506 667 2089 742">
     <span class='ocr_line' id='line_1_8' title="bbox 506 667 2089 742; baseline -0.006 -12"><span class='ocrx_word' id='word_1_36' title='bbox 506 677 618 730; x_wconf 90' lang='lat' dir='ltr'><strong>mul</strong></span> <span class='ocrx_word' id='word_1_37' title='bbox 647 683 702 730; x_wconf 89' lang='lat' dir='ltr'><strong>et</strong></span> <span class='ocrx_word' id='word_1_38' title='bbox 713 673 1020 738; x_wconf 84' lang='lat' dir='ltr'><strong>beatitudo,</strong></span> <span class='ocrx_word' id='word_1_39' title='bbox 1034 672 1253 742; x_wconf 89' lang='lat' dir='ltr'><strong>propria</strong></span> <span class='ocrx_word' id='word_1_40' title='bbox 1273 679 1326 727; x_wconf 91' lang='lat' dir='ltr'><strong>et</strong></span> <span class='ocrx_word' id='word_1_41' title='bbox 1347 687 1377 726; x_wconf 92' lang='lat' dir='ltr'><strong>a</strong></span> <span class='ocrx_word' id='word_1_42' title='bbox 1397 671 1601 726; x_wconf 83' lang='lat' dir='ltr'><strong>nullius</strong></span> <span class='ocrx_word' id='word_1_43' title='bbox 1623 670 1845 724; x_wconf 89' lang='lat' dir='ltr'><strong>alterius</strong></span> <span class='ocrx_word' id='word_1_44' title='bbox 1862 667 2089 721; x_wconf 90' lang='lat' dir='ltr'><strong>arbitrio</strong></span> 
     </span>
    </p>
   </div>
   <div class='ocr_carea' id='block_1_9' title="bbox 506 757 2087 835">
    <p class='ocr_par' dir='ltr' id='par_1_9' title="bbox 506 757 2087 835">
     <span class='ocr_line' id='line_1_9' title="bbox 506 757 2087 835; baseline -0.006 -13"><span class='ocrx_word' id='word_1_45' title='bbox 506 768 824 822; x_wconf 86' lang='lat' dir='ltr'><strong>dominiove</strong></span> <span class='ocrx_word' id='word_1_46' title='bbox 865 765 1110 835; x_wconf 85' lang='lat' dir='ltr'><strong>pendens</strong></span> <span class='ocrx_word' id='word_1_47' title='bbox 1145 771 1409 834; x_wconf 75' lang='lat' dir='ltr'><strong>potestas,</strong></span> <span class='ocrx_word' id='word_1_48' title='bbox 1471 763 1579 815; x_wconf 89' lang='lat' dir='ltr'><strong>vita</strong></span> <span class='ocrx_word' id='word_1_49' title='bbox 1637 761 1804 815; x_wconf 89' lang='lat' dir='ltr'><strong>nullis</strong></span> <span class='ocrx_word' id='word_1_50' title='bbox 1853 757 2087 829; x_wconf 87' lang='lat' dir='ltr'><strong>negotiis</strong></span> 
     </span>
    </p>
   </div>
   <div class='ocr_carea' id='block_1_10' title="bbox 510 849 2088 927">
    <p class='ocr_par' dir='ltr' id='par_1_10' title="bbox 510 849 2088 927">
     <span class='ocr_line' id='line_1_10' title="bbox 510 849 2088 927; baseline -0.006 -15"><span class='ocrx_word' id='word_1_51' title='bbox 510 857 818 927; x_wconf 86' lang='lat' dir='ltr'><strong>implicata,</strong></span> <span class='ocrx_word' id='word_1_52' title='bbox 880 855 1050 909; x_wconf 89' lang='lat' dir='ltr'><strong>nullis</strong></span> <span class='ocrx_word' id='word_1_53' title='bbox 1101 855 1392 919; x_wconf 87' lang='lat' dir='ltr'><strong>molestiis,</strong></span> <span class='ocrx_word' id='word_1_54' title='bbox 1447 853 1582 906; x_wconf 93' lang='lat' dir='ltr'><strong>nulli</strong></span> <span class='ocrx_word' id='word_1_55' title='bbox 1629 849 1942 922; x_wconf 65' lang='lat' dir='ltr'><strong>aegritudini</strong></span> <span class='ocrx_word' id='word_1_56' title='bbox 1989 849 2088 903; x_wconf 86' lang='lat' dir='ltr'><strong>ob-</strong></span> 
     </span>
    </p>
   </div>
   <div class='ocr_carea' id='block_1_11' title="bbox 511 939 2087 1016">
    <p class='ocr_par' dir='ltr' id='par_1_11' title="bbox 511 939 2087 1016">
     <span class='ocr_line' id='line_1_11' title="bbox 511 939 2087 1016; baseline -0.006 -12"><span class='ocrx_word' id='word_1_57' title='bbox 511 950 696 1012; x_wconf 82' lang='lat' dir='ltr'><strong>noxia,</strong></span> <span class='ocrx_word' id='word_1_58' title='bbox 729 948 1005 1016; x_wconf 84' lang='lat' dir='ltr'><strong>statioque</strong></span> <span class='ocrx_word' id='word_1_59' title='bbox 1037 945 1350 1016; x_wconf 80' lang='lat' dir='ltr'><strong>augustior,</strong></span> <span class='ocrx_word' id='word_1_60' title='bbox 1403 951 1570 1014; x_wconf 87' lang='lat' dir='ltr'><strong>atque</strong></span> <span class='ocrx_word' id='word_1_61' title='bbox 1611 944 1667 996; x_wconf 89' lang='lat' dir='ltr'><strong>in</strong></span> <span class='ocrx_word' id='word_1_62' title='bbox 1705 943 1839 996; x_wconf 88' lang='lat' dir='ltr'><strong>locis</strong></span> <span class='ocrx_word' id='word_1_63' title='bbox 1880 939 2087 994; x_wconf 84' lang='lat' dir='ltr'><strong>divinis</strong></span> 
     </span>
    </p>
   </div>
   <div class='ocr_carea' id='block_1_12' title="bbox 508 1033 2087 1104">
    <p class='ocr_par' dir='ltr' id='par_1_12' title="bbox 508 1033 2087 1104">
     <span class='ocr_line' id='line_1_12' title="bbox 508 1033 2087 1104; baseline -0.008 -9"><span class='ocrx_word' id='word_1_64' title='bbox 508 1043 634 1096; x_wconf 71' lang='lat' dir='ltr'><strong>vita:</strong></span> <span class='ocrx_word' id='word_1_65' title='bbox 666 1039 964 1099; x_wconf 83' lang='lat' dir='ltr'><strong>traductio,</strong></span> <span class='ocrx_word' id='word_1_66' title='bbox 998 1037 1236 1091; x_wconf 82' lang='lat' dir='ltr'><strong>facultas</strong></span> <span class='ocrx_word' id='word_1_67' title='bbox 1261 1037 1389 1090; x_wconf 88' lang='lat' dir='ltr'><strong>item</strong></span> <span class='ocrx_word' id='word_1_68' title='bbox 1421 1042 1607 1104; x_wconf 87' lang='lat' dir='ltr'><strong>aperta</strong></span> <span class='ocrx_word' id='word_1_69' title='bbox 1649 1033 1813 1088; x_wconf 85' lang='lat' dir='ltr'><strong>simul</strong></span> <span class='ocrx_word' id='word_1_70' title='bbox 1847 1047 1910 1085; x_wconf 92' lang='lat' dir='ltr'><strong>ac</strong></span> <span class='ocrx_word' id='word_1_71' title='bbox 1950 1043 2087 1101; x_wconf 88' lang='lat' dir='ltr'><strong>pura</strong></span> 
     </span>
    </p>
   </div>
   <div class='ocr_carea' id='block_1_13' title="bbox 509 1125 2087 1194">
    <p class='ocr_par' dir='ltr' id='par_1_13' title="bbox 509 1125 2087 1194">
     <span class='ocr_line' id='line_1_13' title="bbox 509 1125 2087 1194; baseline -0.007 -8"><span class='ocrx_word' id='word_1_72' title='bbox 509 1142 716 1194; x_wconf 84' lang='lat' dir='ltr'><strong>mente,</strong></span> <span class='ocrx_word' id='word_1_73' title='bbox 807 1130 956 1185; x_wconf 93' lang='lat' dir='ltr'><strong>omni</strong></span> <span class='ocrx_word' id='word_1_74' title='bbox 1024 1131 1334 1185; x_wconf 82' lang='lat' dir='ltr'><strong>velamento</strong></span> <span class='ocrx_word' id='word_1_75' title='bbox 1394 1128 1664 1190; x_wconf 88' lang='lat' dir='ltr'><strong>detracto,</strong></span> <span class='ocrx_word' id='word_1_76' title='bbox 1713 1125 1917 1179; x_wconf 89' lang='lat' dir='ltr'><strong>bonum</strong></span> <span class='ocrx_word' id='word_1_77' title='bbox 1952 1137 2087 1176; x_wconf 90' lang='lat' dir='ltr'><strong>con-</strong></span> 
     </span>
    </p>
   </div>
   <div class='ocr_carea' id='block_1_14' title="bbox 510 1213 2089 1279">
    <p class='ocr_par' dir='ltr' id='par_1_14' title="bbox 510 1213 2089 1279">
     <span class='ocr_line' id='line_1_14' title="bbox 510 1213 2089 1279; baseline -0.006 -1"><span class='ocrx_word' id='word_1_78' title='bbox 510 1223 724 1279; x_wconf 87' lang='lat' dir='ltr'><strong>tuendi.</strong></span> <span class='ocrx_word' id='word_1_79' title='bbox 758 1223 881 1277; x_wconf 55' lang='lat' dir='ltr'><strong>Haec</strong></span> <span class='ocrx_word' id='word_1_80' title='bbox 906 1221 1052 1277; x_wconf 89' lang='lat' dir='ltr'><strong>enim</strong></span> <span class='ocrx_word' id='word_1_81' title='bbox 1083 1222 1267 1276; x_wconf 87' lang='lat' dir='ltr'><strong>omnia</strong></span> <span class='ocrx_word' id='word_1_82' title='bbox 1296 1218 1460 1274; x_wconf 91' lang='lat' dir='ltr'><strong>nobis</strong></span> <span class='ocrx_word' id='word_1_83' title='bbox 1510 1219 1648 1272; x_wconf 92' lang='lat' dir='ltr'><strong>liber</strong></span> <span class='ocrx_word' id='word_1_84' title='bbox 1697 1217 1765 1271; x_wconf 89' lang='lat' dir='ltr'><strong>de</strong></span> <span class='ocrx_word' id='word_1_85' title='bbox 1810 1213 2089 1270; x_wconf 85' lang='lat' dir='ltr'><strong>creatione</strong></span> 
     </span>
    </p>
   </div>
   <div class='ocr_carea' id='block_1_15' title="bbox 514 1297 2089 1383">
    <p class='ocr_par' dir='ltr' id='par_1_15' title="bbox 514 1297 2089 1383">
     <span class='ocr_line' id='line_1_15' title="bbox 514 1297 2089 1383; baseline -0.007 -14"><span class='ocrx_word' id='word_1_86' title='bbox 514 1315 704 1369; x_wconf 88' lang='lat' dir='ltr'><strong>mundi</strong></span> <span class='ocrx_word' id='word_1_87' title='bbox 741 1330 836 1383; x_wconf 89' lang='lat' dir='ltr'><strong>per</strong></span> <span class='ocrx_word' id='word_1_88' title='bbox 860 1313 1151 1382; x_wconf 64' lang='lat' dir='ltr'><strong>aenigmata</strong></span> <span class='ocrx_word' id='word_1_89' title='bbox 1189 1324 1472 1380; x_wconf 87' lang='lat' dir='ltr'><strong>paucaque</strong></span> <span class='ocrx_word' id='word_1_90' title='bbox 1518 1308 1687 1364; x_wconf 88' lang='lat' dir='ltr'><strong>verba</strong></span> <span class='ocrx_word' id='word_1_91' title='bbox 1732 1314 1874 1363; x_wconf 85' lang='lat' dir='ltr'><strong>tecta</strong></span> <span class='ocrx_word' id='word_1_92' title='bbox 1928 1297 2089 1374; x_wconf 84' lang='lat' dir='ltr'><strong>atque</strong></span> 
     </span>
    </p>
   </div>
   <div class='ocr_carea' id='block_1_16' title="bbox 515 1395 2087 1474">
    <p class='ocr_par' dir='ltr' id='par_1_16' title="bbox 515 1395 2087 1474">
     <span class='ocr_line' id='line_1_16' title="bbox 515 1395 2087 1474; baseline -0.007 -16"><span class='ocrx_word' id='word_1_93' title='bbox 515 1407 762 1459; x_wconf 85' lang='lat' dir='ltr'><strong>involuta</strong></span> <span class='ocrx_word' id='word_1_94' title='bbox 792 1403 1086 1474; x_wconf 85' lang='lat' dir='ltr'><strong>signiﬁcat,</strong></span> <span class='ocrx_word' id='word_1_95' title='bbox 1120 1401 1250 1453; x_wconf 92' lang='lat' dir='ltr'><strong>dum</strong></span> <span class='ocrx_word' id='word_1_96' title='bbox 1279 1401 1354 1453; x_wconf 88' lang='lat' dir='ltr'><strong>ait</strong></span> <span class='ocrx_word' id='word_1_97' title='bbox 1387 1399 1660 1453; x_wconf 80' lang='lat' dir='ltr'><strong>hominem</strong></span> <span class='ocrx_word' id='word_1_98' title='bbox 1689 1397 1756 1451; x_wconf 90' lang='lat' dir='ltr'><strong>ad</strong></span> <span class='ocrx_word' id='word_1_99' title='bbox 1793 1395 2087 1464; x_wconf 85' lang='lat' dir='ltr'><strong>imaginem</strong></span> 
     </span>
    </p>
   </div>
   <div class='ocr_carea' id='block_1_17' title="bbox 517 1485 2082 1558">
    <p class='ocr_par' dir='ltr' id='par_1_17' title="bbox 517 1485 2082 1558">
     <span class='ocr_line' id='line_1_17' title="bbox 517 1485 2082 1558; baseline -0.008 -7"><span class='ocrx_word' id='word_1_100' title='bbox 517 1498 609 1553; x_wconf 85' lang='lat' dir='ltr'><strong>Dei</strong></span> <span class='ocrx_word' id='word_1_101' title='bbox 638 1497 874 1551; x_wconf 83' lang='lat' dir='ltr'><strong>ellictum</strong></span> <span class='ocrx_word' id='word_1_102' title='bbox 907 1509 971 1548; x_wconf 91' lang='lat' dir='ltr'><strong>ac</strong></span> <span class='ocrx_word' id='word_1_103' title='bbox 1003 1494 1299 1547; x_wconf 88' lang='lat' dir='ltr'><strong>formatum</strong></span> <span class='ocrx_word' id='word_1_104' title='bbox 1340 1506 1484 1554; x_wconf 91' lang='lat' dir='ltr'><strong>esse,</strong></span> <span class='ocrx_word' id='word_1_105' title='bbox 1535 1497 1589 1544; x_wconf 92' lang='lat' dir='ltr'><strong>et</strong></span> <span class='ocrx_word' id='word_1_106' title='bbox 1614 1491 1670 1544; x_wconf 90' lang='lat' dir='ltr'><strong>in</strong></span> <span class='ocrx_word' id='word_1_107' title='bbox 1706 1487 1965 1558; x_wconf 85' lang='lat' dir='ltr'><strong>paradiso</strong></span> <span class='ocrx_word' id='word_1_108' title='bbox 1999 1485 2082 1540; x_wconf 86' lang='lat' dir='ltr'><strong>vi-</strong></span> 
     </span>
    </p>
   </div>
   <div class='ocr_carea' id='block_1_18' title="bbox 516 1580 2086 1656">
    <p class='ocr_par' dir='ltr' id='par_1_18' title="bbox 516 1580 2086 1656">
     <span class='ocr_line' id='line_1_18' title="bbox 516 1580 2086 1656; baseline -0.007 -14"><span class='ocrx_word' id='word_1_109' title='bbox 516 1590 685 1653; x_wconf 79' lang='lat' dir='ltr'><strong>xisse,</strong></span> <span class='ocrx_word' id='word_1_110' title='bbox 743 1588 933 1656; x_wconf 87' lang='lat' dir='ltr'><strong>ibique</strong></span> <span class='ocrx_word' id='word_1_111' title='bbox 960 1585 1094 1640; x_wconf 90' lang='lat' dir='ltr'><strong>satis</strong></span> <span class='ocrx_word' id='word_1_112' title='bbox 1121 1592 1174 1638; x_wconf 88' lang='lat' dir='ltr'><strong>et</strong></span> <span class='ocrx_word' id='word_1_113' title='bbox 1199 1583 1379 1638; x_wconf 91' lang='lat' dir='ltr'><strong>enatis</strong></span> <span class='ocrx_word' id='word_1_114' title='bbox 1411 1583 1465 1636; x_wconf 95' lang='lat' dir='ltr'><strong>in</strong></span> <span class='ocrx_word' id='word_1_115' title='bbox 1502 1580 1717 1635; x_wconf 87' lang='lat' dir='ltr'><strong>deliciis</strong></span> <span class='ocrx_word' id='word_1_116' title='bbox 1749 1593 1873 1634; x_wconf 90' lang='lat' dir='ltr'><strong>esse</strong></span> <span class='ocrx_word' id='word_1_117' title='bbox 1905 1591 2086 1631; x_wconf 90' lang='lat' dir='ltr'><strong>usum.</strong></span> 
     </span>
    </p>
   </div>
   <div class='ocr_carea' id='block_1_19' title="bbox 515 1667 2085 1749">
    <p class='ocr_par' dir='ltr' id='par_1_19' title="bbox 515 1667 2085 1749">
     <span class='ocr_line' id='line_1_19' title="bbox 515 1667 2085 1749; baseline -0.009 -15"><span class='ocrx_word' id='word_1_118' title='bbox 515 1682 686 1736; x_wconf 89' lang='lat' dir='ltr'><strong>Porro</strong></span> <span class='ocrx_word' id='word_1_119' title='bbox 727 1681 1038 1749; x_wconf 86' lang='lat' dir='ltr'><strong>plantarum</strong></span> <span class='ocrx_word' id='word_1_120' title='bbox 1086 1675 1306 1729; x_wconf 81' lang='lat' dir='ltr'><strong>illarum</strong></span> <span class='ocrx_word' id='word_1_121' title='bbox 1361 1673 1596 1736; x_wconf 90' lang='lat' dir='ltr'><strong>fructus,</strong></span> <span class='ocrx_word' id='word_1_122' title='bbox 1639 1672 1775 1732; x_wconf 89' lang='lat' dir='ltr'><strong>vita,</strong></span> <span class='ocrx_word' id='word_1_123' title='bbox 1821 1667 2085 1738; x_wconf 78' lang='lat' dir='ltr'><strong>cognitio,</strong></span> 
     </span>
    </p>
   </div>
   <div class='ocr_carea' id='block_1_20' title="bbox 515 1747 2160 1840">
    <p class='ocr_par' dir='ltr' id='par_1_20' title="bbox 515 1747 2160 1840">
     <span class='ocr_line' id='line_1_20' title="bbox 515 1747 2160 1840; baseline -0.011 -13"><span class='ocrx_word' id='word_1_124' title='bbox 515 1747 858 1840; x_wconf 79' lang='lat' dir='ltr'><strong>scientiaque</strong></span> <span class='ocrx_word' id='word_1_125' title='bbox 895 1778 950 1824; x_wconf 90' lang='lat' dir='ltr'><strong>et</strong></span> <span class='ocrx_word' id='word_1_126' title='bbox 987 1784 1076 1824; x_wconf 89' lang='lat' dir='ltr'><strong>res</strong></span> <span class='ocrx_word' id='word_1_127' title='bbox 1118 1768 1332 1822; x_wconf 90' lang='lat' dir='ltr'><strong>similes</strong></span> <span class='ocrx_word' id='word_1_128' title='bbox 1373 1771 1523 1820; x_wconf 91' lang='lat' dir='ltr'><strong>sunt.</strong></span> <span class='ocrx_word' id='word_1_129' title='bbox 1571 1761 1629 1815; x_wconf 89' lang='lat' dir='ltr'><strong>Si</strong></span> <span class='ocrx_word' id='word_1_130' title='bbox 1689 1762 1853 1832; x_wconf 81' lang='lat' dir='ltr'><strong>igitur</strong></span> <span class='ocrx_word' id='word_1_131' title='bbox 1890 1759 2005 1812; x_wconf 63' lang='lat' dir='ltr'><strong>haec</strong></span> <span class='ocrx_word' id='word_1_132' title='bbox 2033 1757 2085 1810; x_wconf 92' lang='lat' dir='ltr'><strong>in</strong></span> <span class='ocrx_word' id='word_1_133' title='bbox 2119 1747 2160 1801; x_wconf 87' lang='grc' dir='ltr'>Β</span> 
     </span>
    </p>
   </div>
   <div class='ocr_carea' id='block_1_21' title="bbox 515 1848 2089 1927">
    <p class='ocr_par' dir='ltr' id='par_1_21' title="bbox 515 1848 2089 1927">
     <span class='ocr_line' id='line_1_21' title="bbox 515 1848 2089 1927; baseline -0.008 -12"><span class='ocrx_word' id='word_1_134' title='bbox 515 1861 680 1916; x_wconf 91' lang='lat' dir='ltr'><strong>nobis</strong></span> <span class='ocrx_word' id='word_1_135' title='bbox 705 1868 884 1922; x_wconf 87' lang='lat' dir='ltr'><strong>erant,</strong></span> <span class='ocrx_word' id='word_1_136' title='bbox 927 1861 1021 1927; x_wconf 88' lang='lat' dir='ltr'><strong>qui</strong></span> <span class='ocrx_word' id='word_1_137' title='bbox 1058 1857 1176 1909; x_wconf 86' lang='lat' dir='ltr'><strong>fieri</strong></span> <span class='ocrx_word' id='word_1_138' title='bbox 1223 1865 1423 1924; x_wconf 86' lang='lat' dir='ltr'><strong>potest,</strong></span> <span class='ocrx_word' id='word_1_139' title='bbox 1466 1861 1526 1906; x_wconf 90' lang='lat' dir='ltr'><strong>ut</strong></span> <span class='ocrx_word' id='word_1_140' title='bbox 1559 1851 1860 1906; x_wconf 87' lang='lat' dir='ltr'><strong>calamitati</strong></span> <span class='ocrx_word' id='word_1_141' title='bbox 1898 1848 2089 1916; x_wconf 89' lang='lat' dir='ltr'><strong>utique</strong></span> 
     </span>
    </p>
   </div>
   <div class='ocr_carea' id='block_1_22' title="bbox 517 1939 2089 2022">
    <p class='ocr_par' dir='ltr' id='par_1_22' title="bbox 517 1939 2089 2022">
     <span class='ocr_line' id='line_1_22' title="bbox 517 1939 2089 2022; baseline -0.011 -15"><span class='ocrx_word' id='word_1_142' title='bbox 517 1969 626 2007; x_wconf 88' lang='lat' dir='ltr'><strong>non</strong></span> <span class='ocrx_word' id='word_1_143' title='bbox 656 1951 1004 2022; x_wconf 81' lang='lat' dir='ltr'><strong>ingemiscat,</strong></span> <span class='ocrx_word' id='word_1_144' title='bbox 1026 1949 1071 2004; x_wconf 93' lang='lat' dir='ltr'><strong>si</strong></span> <span class='ocrx_word' id='word_1_145' title='bbox 1104 1949 1230 2016; x_wconf 89' lang='lat' dir='ltr'><strong>quis</strong></span> <span class='ocrx_word' id='word_1_146' title='bbox 1257 1947 1399 2000; x_wconf 86' lang='lat' dir='ltr'><strong>hanc</strong></span> <span class='ocrx_word' id='word_1_147' title='bbox 1441 1953 1762 2015; x_wconf 55' lang='lat' dir='ltr'><strong>praesentem</strong></span> <span class='ocrx_word' id='word_1_148' title='bbox 1813 1939 2089 1995; x_wconf 87' lang='lat' dir='ltr'><strong>miseriam</strong></span> 
     </span>
    </p>
   </div>
   <div class='ocr_carea' id='block_1_23' title="bbox 517 2034 2073 2105">
    <p class='ocr_par' dir='ltr' id='par_1_23' title="bbox 517 2034 2073 2105">
     <span class='ocr_line' id='line_1_23' title="bbox 517 2034 2073 2105; baseline -0.009 -9"><span class='ocrx_word' id='word_1_149' title='bbox 517 2057 642 2096; x_wconf 89' lang='lat' dir='ltr'><strong>cum</strong></span> <span class='ocrx_word' id='word_1_150' title='bbox 666 2039 1005 2095; x_wconf 83' lang='lat' dir='ltr'><strong>beatitudine</strong></span> <span class='ocrx_word' id='word_1_151' title='bbox 1033 2039 1145 2101; x_wconf 91' lang='lat' dir='ltr'><strong>illa,</strong></span> <span class='ocrx_word' id='word_1_152' title='bbox 1189 2053 1309 2105; x_wconf 70' lang='lat' dir='ltr'><strong>quae</strong></span> <span class='ocrx_word' id='word_1_153' title='bbox 1343 2047 1472 2090; x_wconf 90' lang='lat' dir='ltr'><strong>tunc</strong></span> <span class='ocrx_word' id='word_1_154' title='bbox 1506 2035 1630 2098; x_wconf 91' lang='lat' dir='ltr'><strong>fuit,</strong></span> <span class='ocrx_word' id='word_1_155' title='bbox 1662 2034 1966 2101; x_wconf 83' lang='lat' dir='ltr'><strong>comparet,</strong></span> <span class='ocrx_word' id='word_1_156' title='bbox 1997 2038 2073 2082; x_wconf 88' lang='lat' dir='ltr'><strong>at-</strong></span> 
     </span>
    </p>
   </div>
   <div class='ocr_carea' id='block_1_24' title="bbox 519 2121 2091 2204">
    <p class='ocr_par' dir='ltr' id='par_1_24' title="bbox 519 2121 2091 2204">
     <span class='ocr_line' id='line_1_24' title="bbox 519 2121 2091 2204; baseline -0.008 -18"><span class='ocrx_word' id='word_1_157' title='bbox 519 2149 626 2204; x_wconf 87' lang='lat' dir='ltr'><strong>que</strong></span> <span class='ocrx_word' id='word_1_158' title='bbox 655 2149 718 2188; x_wconf 83' lang='lat' dir='ltr'><strong>ex</strong></span> <span class='ocrx_word' id='word_1_159' title='bbox 742 2132 975 2186; x_wconf 88' lang='lat' dir='ltr'><strong>adverso</strong></span> <span class='ocrx_word' id='word_1_160' title='bbox 1004 2130 1281 2185; x_wconf 78' lang='lat' dir='ltr'><strong>examinet</strong></span> <span class='ocrx_word' id='word_1_161' title='bbox 1323 2126 1720 2195; x_wconf 83' lang='lat' dir='ltr'><strong>excutiatque?</strong></span> <span class='ocrx_word' id='word_1_162' title='bbox 1777 2123 1948 2176; x_wconf 91' lang='lat' dir='ltr'><strong>altum</strong></span> <span class='ocrx_word' id='word_1_163' title='bbox 1996 2121 2091 2175; x_wconf 91' lang='lat' dir='ltr'><strong>de-</strong></span> 
     </span>
    </p>
   </div>
   <div class='ocr_carea' id='block_1_25' title="bbox 519 2211 2089 2294">
    <p class='ocr_par' dir='ltr' id='par_1_25' title="bbox 519 2211 2089 2294">
     <span class='ocr_line' id='line_1_25' title="bbox 519 2211 2089 2294; baseline -0.011 -15"><span class='ocrx_word' id='word_1_164' title='bbox 519 2240 773 2294; x_wconf 85' lang='lat' dir='ltr'><strong>pressum</strong></span> <span class='ocrx_word' id='word_1_165' title='bbox 807 2231 921 2288; x_wconf 85' lang='lat' dir='ltr'><strong>cst;</strong></span> <span class='ocrx_word' id='word_1_166' title='bbox 952 2221 1099 2292; x_wconf 92' lang='lat' dir='ltr'><strong>quod</strong></span> <span class='ocrx_word' id='word_1_167' title='bbox 1132 2221 1199 2275; x_wconf 91' lang='lat' dir='ltr'><strong>ad</strong></span> <span class='ocrx_word' id='word_1_168' title='bbox 1247 2220 1542 2288; x_wconf 85' lang='lat' dir='ltr'><strong>imaginem</strong></span> <span class='ocrx_word' id='word_1_169' title='bbox 1589 2215 1834 2270; x_wconf 76' lang='lat' dir='ltr'><strong>cmlestis</strong></span> <span class='ocrx_word' id='word_1_170' title='bbox 1883 2211 2089 2265; x_wconf 81' lang='lat' dir='ltr'><strong>factum</strong></span> 
     </span>
    </p>
   </div>
   <div class='ocr_carea' id='block_1_26' title="bbox 518 2301 2090 2379">
    <p class='ocr_par' dir='ltr' id='par_1_26' title="bbox 518 2301 2090 2379">
     <span class='ocr_line' id='line_1_26' title="bbox 518 2301 2090 2379; baseline -0.011 -9"><span class='ocrx_word' id='word_1_171' title='bbox 518 2323 656 2379; x_wconf 86' lang='lat' dir='ltr'><strong>erat,</strong></span> <span class='ocrx_word' id='word_1_172' title='bbox 691 2314 746 2367; x_wconf 92' lang='lat' dir='ltr'><strong>in</strong></span> <span class='ocrx_word' id='word_1_173' title='bbox 781 2319 983 2366; x_wconf 89' lang='lat' dir='ltr'><strong>terram</strong></span> <span class='ocrx_word' id='word_1_174' title='bbox 1036 2310 1316 2365; x_wconf 87' lang='lat' dir='ltr'><strong>redactum</strong></span> <span class='ocrx_word' id='word_1_175' title='bbox 1351 2316 1470 2372; x_wconf 89' lang='lat' dir='ltr'><strong>cst;</strong></span> <span class='ocrx_word' id='word_1_176' title='bbox 1521 2307 1610 2360; x_wconf 92' lang='lat' dir='ltr'><strong>cui</strong></span> <span class='ocrx_word' id='word_1_177' title='bbox 1655 2317 1884 2372; x_wconf 84' lang='lat' dir='ltr'><strong>regnum</strong></span> <span class='ocrx_word' id='word_1_178' title='bbox 1919 2301 2090 2355; x_wconf 88' lang='lat' dir='ltr'><strong>desti-</strong></span> 
     </span>
    </p>
   </div>
   <div class='ocr_carea' id='block_1_27' title="bbox 520 2389 2089 2466">
    <p class='ocr_par' dir='ltr' id='par_1_27' title="bbox 520 2389 2089 2466">
     <span class='ocr_line' id='line_1_27' title="bbox 520 2389 2089 2466; baseline -0.013 -3"><span class='ocrx_word' id='word_1_179' title='bbox 520 2415 708 2463; x_wconf 90' lang='lat' dir='ltr'><strong>natum</strong></span> <span class='ocrx_word' id='word_1_180' title='bbox 742 2413 878 2466; x_wconf 88' lang='lat' dir='ltr'><strong>erat,</strong></span> <span class='ocrx_word' id='word_1_181' title='bbox 911 2405 965 2458; x_wconf 92' lang='lat' dir='ltr'><strong>in</strong></span> <span class='ocrx_word' id='word_1_182' title='bbox 1000 2403 1316 2458; x_wconf 85' lang='lat' dir='ltr'><strong>servitutem</strong></span> <span class='ocrx_word' id='word_1_183' title='bbox 1348 2399 1632 2452; x_wconf 83' lang='lat' dir='ltr'><strong>redactum</strong></span> <span class='ocrx_word' id='word_1_184' title='bbox 1681 2406 1801 2459; x_wconf 90' lang='lat' dir='ltr'><strong>est;</strong></span> <span class='ocrx_word' id='word_1_185' title='bbox 1842 2390 1989 2462; x_wconf 90' lang='lat' dir='ltr'><strong>quod</strong></span> <span class='ocrx_word' id='word_1_186' title='bbox 2020 2389 2089 2443; x_wconf 87' lang='lat' dir='ltr'><strong>ad</strong></span> 
     </span>
    </p>
   </div>
   <div class='ocr_carea' id='block_1_28' title="bbox 520 2489 2090 2553">
    <p class='ocr_par' dir='ltr' id='par_1_28' title="bbox 520 2489 2090 2553">
     <span class='ocr_line' id='line_1_28' title="bbox 520 2489 2090 2553; baseline -0.011 -2"><span class='ocrx_word' id='word_1_187' title='bbox 520 2495 982 2553; x_wconf 87' lang='lat' dir='ltr'><strong>immortalitatem</strong></span> <span class='ocrx_word' id='word_1_188' title='bbox 1023 2493 1306 2547; x_wconf 91' lang='lat' dir='ltr'><strong>conditum</strong></span> <span class='ocrx_word' id='word_1_189' title='bbox 1357 2497 1499 2549; x_wconf 90' lang='lat' dir='ltr'><strong>erat,</strong></span> <span class='ocrx_word' id='word_1_190' title='bbox 1541 2494 1718 2540; x_wconf 87' lang='lat' dir='ltr'><strong>morte</strong></span> <span class='ocrx_word' id='word_1_191' title='bbox 1760 2489 2090 2552; x_wconf 89' lang='lat' dir='ltr'><strong>corruptum</strong></span> 
     </span>
    </p>
   </div>
   <div class='ocr_carea' id='block_1_29' title="bbox 527 2575 2095 2658">
    <p class='ocr_par' dir='ltr' id='par_1_29' title="bbox 527 2575 2095 2658">
     <span class='ocr_line' id='line_1_29' title="bbox 527 2575 2095 2658; baseline -0.012 -15"><span class='ocrx_word' id='word_1_192' title='bbox 527 2597 643 2653; x_wconf 72' lang='lat' dir='ltr'><strong>est;</strong></span> <span class='ocrx_word' id='word_1_193' title='bbox 681 2587 828 2658; x_wconf 92' lang='lat' dir='ltr'><strong>quod</strong></span> <span class='ocrx_word' id='word_1_194' title='bbox 861 2587 915 2639; x_wconf 93' lang='lat' dir='ltr'><strong>in</strong></span> <span class='ocrx_word' id='word_1_195' title='bbox 943 2583 1154 2639; x_wconf 88' lang='lat' dir='ltr'><strong>deliciis</strong></span> <span class='ocrx_word' id='word_1_196' title='bbox 1179 2580 1420 2652; x_wconf 89' lang='lat' dir='ltr'><strong>paradisi</strong></span> <span class='ocrx_word' id='word_1_197' title='bbox 1454 2577 1705 2649; x_wconf 72' lang='lat' dir='ltr'><strong>degebat,</strong></span> <span class='ocrx_word' id='word_1_198' title='bbox 1740 2576 1794 2630; x_wconf 93' lang='lat' dir='ltr'><strong>in</strong></span> <span class='ocrx_word' id='word_1_199' title='bbox 1819 2575 1924 2628; x_wconf 85' lang='lat' dir='ltr'><strong>hoc</strong></span> <span class='ocrx_word' id='word_1_200' title='bbox 1950 2587 2095 2626; x_wconf 93' lang='lat' dir='ltr'><strong>mor-</strong></span> 
     </span>
    </p>
   </div>
   <div class='ocr_carea' id='block_1_30' title="bbox 522 2667 2093 2741">
    <p class='ocr_par' dir='ltr' id='par_1_30' title="bbox 522 2667 2093 2741">
     <span class='ocr_line' id='line_1_30' title="bbox 522 2667 2093 2741; baseline -0.011 -7"><span class='ocrx_word' id='word_1_201' title='bbox 522 2681 610 2736; x_wconf 83' lang='lat' dir='ltr'><strong>bis</strong></span> <span class='ocrx_word' id='word_1_202' title='bbox 641 2687 695 2735; x_wconf 88' lang='lat' dir='ltr'><strong>et</strong></span> <span class='ocrx_word' id='word_1_203' title='bbox 728 2678 1009 2732; x_wconf 82' lang='lat' dir='ltr'><strong>laboribus</strong></span> <span class='ocrx_word' id='word_1_204' title='bbox 1036 2675 1333 2729; x_wconf 73' lang='lat' dir='ltr'><strong>obnoxium</strong></span> <span class='ocrx_word' id='word_1_205' title='bbox 1367 2671 1627 2741; x_wconf 71' lang='lat' dir='ltr'><strong>praedium</strong></span> <span class='ocrx_word' id='word_1_206' title='bbox 1654 2667 1962 2722; x_wconf 83' lang='lat' dir='ltr'><strong>traductum</strong></span> <span class='ocrx_word' id='word_1_207' title='bbox 1983 2675 2093 2728; x_wconf 86' lang='lat' dir='ltr'><strong>est;</strong></span> 
     </span>
    </p>
   </div>
   <div class='ocr_carea' id='block_1_31' title="bbox 522 2756 2092 2841">
    <p class='ocr_par' dir='ltr' id='par_1_31' title="bbox 522 2756 2092 2841">
     <span class='ocr_line' id='line_1_31' title="bbox 522 2756 2092 2841; baseline -0.01 -17"><span class='ocrx_word' id='word_1_208' title='bbox 522 2770 666 2841; x_wconf 88' lang='lat' dir='ltr'><strong>quod</strong></span> <span class='ocrx_word' id='word_1_209' title='bbox 708 2767 1122 2838; x_wconf 87' lang='lat' dir='ltr'><strong>impatibilitati,</strong></span> <span class='ocrx_word' id='word_1_210' title='bbox 1167 2765 1445 2832; x_wconf 86' lang='lat' dir='ltr'><strong>nullisque</strong></span> <span class='ocrx_word' id='word_1_211' title='bbox 1469 2759 1756 2814; x_wconf 66' lang='lat' dir='ltr'><strong>affectibus</strong></span> <span class='ocrx_word' id='word_1_212' title='bbox 1778 2765 1832 2812; x_wconf 91' lang='lat' dir='ltr'><strong>et</strong></span> <span class='ocrx_word' id='word_1_213' title='bbox 1867 2756 2092 2823; x_wconf 65' lang='lat' dir='ltr'><strong>aegritu-</strong></span> 
     </span>
    </p>
   </div>
   <div class='ocr_carea' id='block_1_32' title="bbox 523 2849 2097 2920">
    <p class='ocr_par' dir='ltr' id='par_1_32' title="bbox 523 2849 2097 2920">
     <span class='ocr_line' id='line_1_32' title="bbox 523 2849 2097 2920; baseline -0.01 -4"><span class='ocrx_word' id='word_1_214' title='bbox 523 2863 746 2917; x_wconf 90' lang='lat' dir='ltr'><strong>dinibus</strong></span> <span class='ocrx_word' id='word_1_215' title='bbox 779 2869 1059 2916; x_wconf 86' lang='lat' dir='ltr'><strong>assuetum</strong></span> <span class='ocrx_word' id='word_1_216' title='bbox 1109 2864 1249 2920; x_wconf 90' lang='lat' dir='ltr'><strong>erat,</strong></span> <span class='ocrx_word' id='word_1_217' title='bbox 1307 2853 1706 2913; x_wconf 89' lang='lat' dir='ltr'><strong>calamitosam,</strong></span> <span class='ocrx_word' id='word_1_218' title='bbox 1751 2849 2002 2918; x_wconf 88' lang='lat' dir='ltr'><strong>fragilem</strong></span> <span class='ocrx_word' id='word_1_219' title='bbox 2042 2855 2097 2901; x_wconf 92' lang='lat' dir='ltr'><strong>et</strong></span> 
     </span>
    </p>
   </div>
   <div class='ocr_carea' id='block_1_33' title="bbox 523 2938 2096 3014">
    <p class='ocr_par' dir='ltr' id='par_1_33' title="bbox 523 2938 2096 3014">
     <span class='ocr_line' id='line_1_33' title="bbox 523 2938 2096 3014; baseline -0.01 -8"><span class='ocrx_word' id='word_1_220' title='bbox 523 2952 787 3006; x_wconf 81' lang='lat' dir='ltr'><strong>caducam</strong></span> <span class='ocrx_word' id='word_1_221' title='bbox 819 2951 1050 3004; x_wconf 86' lang='lat' dir='ltr'><strong>invicem</strong></span> <span class='ocrx_word' id='word_1_222' title='bbox 1075 2948 1237 3002; x_wconf 91' lang='lat' dir='ltr'><strong>vitam</strong></span> <span class='ocrx_word' id='word_1_223' title='bbox 1274 2946 1524 3014; x_wconf 89' lang='lat' dir='ltr'><strong>accepit;</strong></span> <span class='ocrx_word' id='word_1_224' title='bbox 1565 2943 1710 3013; x_wconf 89' lang='lat' dir='ltr'><strong>quod</strong></span> <span class='ocrx_word' id='word_1_225' title='bbox 1758 2941 1964 2996; x_wconf 90' lang='lat' dir='ltr'><strong>nullius</strong></span> <span class='ocrx_word' id='word_1_226' title='bbox 1996 2938 2096 2992; x_wconf 83' lang='lat' dir='ltr'><strong>do-</strong></span> 
     </span>
    </p>
   </div>
   <div class='ocr_carea' id='block_1_34' title="bbox 524 3029 2168 3127">
    <p class='ocr_par' dir='ltr' id='par_1_34' title="bbox 524 3029 2168 3127">
     <span class='ocr_line' id='line_1_34' title="bbox 524 3029 2168 3127; baseline -0.009 -30"><span class='ocrx_word' id='word_1_227' title='bbox 524 3045 692 3099; x_wconf 85' lang='lat' dir='ltr'><strong>minio</strong></span> <span class='ocrx_word' id='word_1_228' title='bbox 744 3042 1072 3111; x_wconf 85' lang='lat' dir='ltr'><strong>subjectum,</strong></span> <span class='ocrx_word' id='word_1_229' title='bbox 1125 3038 1271 3108; x_wconf 88' lang='lat' dir='ltr'><strong>quod</strong></span> <span class='ocrx_word' id='word_1_230' title='bbox 1328 3037 1412 3091; x_wconf 91' lang='lat' dir='ltr'><strong>sui</strong></span> <span class='ocrx_word' id='word_1_231' title='bbox 1440 3035 1608 3104; x_wconf 84' lang='lat' dir='ltr'><strong>juris,</strong></span> <span class='ocrx_word' id='word_1_232' title='bbox 1644 3049 1756 3090; x_wconf 73' lang='lat' dir='ltr'><strong>sua:</strong></span> <span class='ocrx_word' id='word_1_233' title='bbox 1787 3029 2094 3099; x_wconf 87' lang='lat' dir='ltr'><strong>potestatis,</strong></span> <span class='ocrx_word' id='word_1_234' title='bbox 2126 3070 2168 3127; x_wconf 63' lang='grc' dir='ltr'>ο</span> 
     </span>
    </p>
   </div>
   <div class='ocr_carea' id='block_1_35' title="bbox 515 3123 2100 3194">
    <p class='ocr_par' dir='ltr' id='par_1_35' title="bbox 515 3123 2100 3194">
     <span class='ocr_line' id='line_1_35' title="bbox 515 3123 2100 3194; baseline -0.011 -6"><span class='ocrx_word' id='word_1_235' title='bbox 515 3128 612 3188; x_wconf 77' lang='grc' dir='ltr'><strong>ἐυὶ</strong></span> <span class='ocrx_word' id='word_1_236' title='bbox 631 3133 844 3186; x_wconf 86' lang='lat' dir='ltr'><strong>arbitrii</strong></span> <span class='ocrx_word' id='word_1_237' title='bbox 877 3138 1014 3194; x_wconf 90' lang='lat' dir='ltr'><strong>erat,</strong></span> <span class='ocrx_word' id='word_1_238' title='bbox 1038 3144 1184 3182; x_wconf 89' lang='lat' dir='ltr'><strong>nunc</strong></span> <span class='ocrx_word' id='word_1_239' title='bbox 1222 3143 1252 3182; x_wconf 90' lang='lat' dir='ltr'><strong>a</strong></span> <span class='ocrx_word' id='word_1_240' title='bbox 1276 3134 1357 3181; x_wconf 91' lang='lat' dir='ltr'><strong>tot</strong></span> <span class='ocrx_word' id='word_1_241' title='bbox 1380 3141 1444 3180; x_wconf 92' lang='lat' dir='ltr'><strong>ac</strong></span> <span class='ocrx_word' id='word_1_242' title='bbox 1471 3125 1674 3178; x_wconf 88' lang='lat' dir='ltr'><strong>talibus</strong></span> <span class='ocrx_word' id='word_1_243' title='bbox 1697 3123 1856 3176; x_wconf 89' lang='lat' dir='ltr'><strong>malis</strong></span> <span class='ocrx_word' id='word_1_244' title='bbox 1885 3128 2100 3175; x_wconf 87' lang='lat' dir='ltr'><strong>tenetur</strong></span> 
     </span>
    </p>
   </div>
   <div class='ocr_carea' id='block_1_36' title="bbox 525 3212 2098 3288">
    <p class='ocr_par' dir='ltr' id='par_1_36' title="bbox 525 3212 2098 3288">
     <span class='ocr_line' id='line_1_36' title="bbox 525 3212 2098 3288; baseline -0.009 -12"><span class='ocrx_word' id='word_1_245' title='bbox 525 3223 857 3285; x_wconf 87' lang='lat' dir='ltr'><strong>obnoxium,</strong></span> <span class='ocrx_word' id='word_1_246' title='bbox 898 3229 957 3274; x_wconf 89' lang='lat' dir='ltr'><strong>ut</strong></span> <span class='ocrx_word' id='word_1_247' title='bbox 1003 3229 1267 3288; x_wconf 84' lang='lat' dir='ltr'><strong>tyrannos</strong></span> <span class='ocrx_word' id='word_1_248' title='bbox 1317 3224 1536 3272; x_wconf 83' lang='lat' dir='ltr'><strong>nostros</strong></span> <span class='ocrx_word' id='word_1_249' title='bbox 1576 3213 1792 3267; x_wconf 73' lang='lat' dir='ltr'><strong>ditiicile</strong></span> <span class='ocrx_word' id='word_1_250' title='bbox 1842 3212 1914 3266; x_wconf 91' lang='lat' dir='ltr'><strong>sit</strong></span> <span class='ocrx_word' id='word_1_251' title='bbox 1964 3225 2098 3264; x_wconf 53' lang='lat' dir='ltr'><strong>enu-</strong></span> 
     </span>
    </p>
   </div>
   <div class='ocr_carea' id='block_1_37' title="bbox 527 3301 2094 3374">
    <p class='ocr_par' dir='ltr' id='par_1_37' title="bbox 527 3301 2094 3374">
     <span class='ocr_line' id='line_1_37' title="bbox 527 3301 2094 3374; baseline -0.009 -9"><span class='ocrx_word' id='word_1_252' title='bbox 527 3325 759 3365; x_wconf 90' lang='lat' dir='ltr'><strong>mcrare.</strong></span> <span class='ocrx_word' id='word_1_253' title='bbox 813 3308 1003 3374; x_wconf 80' lang='lat' dir='ltr'><strong>Quivis</strong></span> <span class='ocrx_word' id='word_1_254' title='bbox 1053 3309 1199 3360; x_wconf 90' lang='lat' dir='ltr'><strong>enim</strong></span> <span class='ocrx_word' id='word_1_255' title='bbox 1240 3322 1452 3369; x_wconf 90' lang='lat' dir='ltr'><strong>eorum,</strong></span> <span class='ocrx_word' id='word_1_256' title='bbox 1507 3304 1604 3373; x_wconf 89' lang='lat' dir='ltr'><strong>qui</strong></span> <span class='ocrx_word' id='word_1_257' title='bbox 1641 3304 1697 3356; x_wconf 88' lang='lat' dir='ltr'><strong>in</strong></span> <span class='ocrx_word' id='word_1_258' title='bbox 1740 3301 1900 3355; x_wconf 90' lang='lat' dir='ltr'><strong>nobis</strong></span> <span class='ocrx_word' id='word_1_259' title='bbox 1945 3307 2094 3365; x_wconf 89' lang='lat' dir='ltr'><strong>sunt,</strong></span> 
     </span>
    </p>
   </div>
   <div class='ocr_carea' id='block_1_38' title="bbox 529 3391 2099 3468">
    <p class='ocr_par' dir='ltr' id='par_1_38' title="bbox 529 3391 2099 3468">
     <span class='ocr_line' id='line_1_38' title="bbox 529 3391 2099 3468; baseline -0.007 -13"><span class='ocrx_word' id='word_1_260' title='bbox 529 3402 774 3465; x_wconf 72' lang='lat' dir='ltr'><strong>aﬂ‘ectus,</strong></span> <span class='ocrx_word' id='word_1_261' title='bbox 830 3414 954 3454; x_wconf 89' lang='lat' dir='ltr'><strong>cum</strong></span> <span class='ocrx_word' id='word_1_262' title='bbox 988 3399 1352 3468; x_wconf 71' lang='lat' dir='ltr'><strong>prmvaluerit,</strong></span> <span class='ocrx_word' id='word_1_263' title='bbox 1405 3397 1662 3451; x_wconf 86' lang='lat' dir='ltr'><strong>dominus</strong></span> <span class='ocrx_word' id='word_1_264' title='bbox 1702 3393 1909 3448; x_wconf 89' lang='lat' dir='ltr'><strong>subacti</strong></span> <span class='ocrx_word' id='word_1_265' title='bbox 1946 3399 2000 3446; x_wconf 88' lang='lat' dir='ltr'><strong>et</strong></span> <span class='ocrx_word' id='word_1_266' title='bbox 2044 3391 2099 3444; x_wconf 91' lang='lat' dir='ltr'><strong>in</strong></span> 
     </span>
    </p>
   </div>
   <div class='ocr_carea' id='block_1_39' title="bbox 530 3484 2100 3554">
    <p class='ocr_par' dir='ltr' id='par_1_39' title="bbox 530 3484 2100 3554">
     <span class='ocr_line' id='line_1_39' title="bbox 530 3484 2100 3554; baseline -0.008 -8"><span class='ocrx_word' id='word_1_267' title='bbox 530 3491 847 3546; x_wconf 87' lang='lat' dir='ltr'><strong>servitutem</strong></span> <span class='ocrx_word' id='word_1_268' title='bbox 911 3489 1115 3543; x_wconf 89' lang='lat' dir='ltr'><strong>redacti</strong></span> <span class='ocrx_word' id='word_1_269' title='bbox 1175 3489 1402 3543; x_wconf 77' lang='lat' dir='ltr'><strong>exstitit.</strong></span> <span class='ocrx_word' id='word_1_270' title='bbox 1463 3487 1538 3540; x_wconf 87' lang='lat' dir='ltr'><strong>Ac</strong></span> <span class='ocrx_word' id='word_1_271' title='bbox 1599 3484 1766 3540; x_wconf 90' lang='lat' dir='ltr'><strong>veluti</strong></span> <span class='ocrx_word' id='word_1_272' title='bbox 1831 3492 2100 3554; x_wconf 88' lang='lat' dir='ltr'><strong>tyrannus</strong></span> 
     </span>
    </p>
   </div>
   <div class='ocr_carea' id='block_1_40' title="bbox 529 3573 2100 3654">
    <p class='ocr_par' dir='ltr' id='par_1_40' title="bbox 529 3573 2100 3654">
     <span class='ocr_line' id='line_1_40' title="bbox 529 3573 2100 3654; baseline -0.005 -18"><span class='ocrx_word' id='word_1_273' title='bbox 529 3583 802 3654; x_wconf 87' lang='lat' dir='ltr'><strong>quispiam</strong></span> <span class='ocrx_word' id='word_1_274' title='bbox 833 3595 958 3634; x_wconf 90' lang='lat' dir='ltr'><strong>arce</strong></span> <span class='ocrx_word' id='word_1_275' title='bbox 1004 3579 1171 3633; x_wconf 90' lang='lat' dir='ltr'><strong>animi</strong></span> <span class='ocrx_word' id='word_1_276' title='bbox 1195 3584 1484 3648; x_wconf 88' lang='lat' dir='ltr'><strong>occupata,</strong></span> <span class='ocrx_word' id='word_1_277' title='bbox 1512 3591 1609 3646; x_wconf 88' lang='lat' dir='ltr'><strong>per</strong></span> <span class='ocrx_word' id='word_1_278' title='bbox 1641 3577 1791 3645; x_wconf 90' lang='lat' dir='ltr'><strong>ipsos</strong></span> <span class='ocrx_word' id='word_1_279' title='bbox 1849 3573 2100 3629; x_wconf 82' lang='lat' dir='ltr'><strong>subditos</strong></span> 
     </span>
    </p>
   </div>
   <div class='ocr_carea' id='block_1_41' title="bbox 530 3665 2101 3740">
    <p class='ocr_par' dir='ltr' id='par_1_41' title="bbox 530 3665 2101 3740">
     <span class='ocr_line' id='line_1_41' title="bbox 530 3665 2101 3740; baseline -0.005 -13"><span class='ocrx_word' id='word_1_280' title='bbox 530 3682 689 3728; x_wconf 80' lang='lat' dir='ltr'><strong>vexat</strong></span> <span class='ocrx_word' id='word_1_281' title='bbox 712 3687 776 3727; x_wconf 91' lang='lat' dir='ltr'><strong>ac</strong></span> <span class='ocrx_word' id='word_1_282' title='bbox 811 3671 995 3740; x_wconf 75' lang='lat' dir='ltr'><strong>afﬂigit</strong></span> <span class='ocrx_word' id='word_1_283' title='bbox 1023 3670 1363 3732; x_wconf 89' lang='lat' dir='ltr'><strong>obedientes,</strong></span> <span class='ocrx_word' id='word_1_284' title='bbox 1401 3667 1673 3721; x_wconf 88' lang='lat' dir='ltr'><strong>ministris</strong></span> <span class='ocrx_word' id='word_1_285' title='bbox 1703 3667 1769 3719; x_wconf 91' lang='lat' dir='ltr'><strong>ad</strong></span> <span class='ocrx_word' id='word_1_286' title='bbox 1820 3666 1894 3728; x_wconf 92' lang='lat' dir='ltr'><strong>id,</strong></span> <span class='ocrx_word' id='word_1_287' title='bbox 1951 3665 2101 3736; x_wconf 88' lang='lat' dir='ltr'><strong>quod</strong></span> 
     </span>
    </p>
   </div>
   <div class='ocr_carea' id='block_1_42' title="bbox 530 3756 2100 3834">
    <p class='ocr_par' dir='ltr' id='par_1_42' title="bbox 530 3756 2100 3834">
     <span class='ocr_line' id='line_1_42' title="bbox 530 3756 2100 3834; baseline -0.01 -13"><span class='ocrx_word' id='word_1_288' title='bbox 530 3767 578 3821; x_wconf 92' lang='lat' dir='ltr'><strong>ei</strong></span> <span class='ocrx_word' id='word_1_289' title='bbox 620 3765 877 3834; x_wconf 89' lang='lat' dir='ltr'><strong>placitum</strong></span> <span class='ocrx_word' id='word_1_290' title='bbox 912 3762 1096 3824; x_wconf 91' lang='lat' dir='ltr'><strong>fuerit,</strong></span> <span class='ocrx_word' id='word_1_291' title='bbox 1127 3761 1333 3815; x_wconf 89' lang='lat' dir='ltr'><strong>nostris</strong></span> <span class='ocrx_word' id='word_1_292' title='bbox 1376 3758 1805 3828; x_wconf 88' lang='lat' dir='ltr'><strong>cogitationibus</strong></span> <span class='ocrx_word' id='word_1_293' title='bbox 1846 3756 2100 3810; x_wconf 85' lang='lat' dir='ltr'><strong>abutens:</strong></span> 
     </span>
    </p>
   </div>
   <div class='ocr_carea' id='block_1_43' title="bbox 540 3846 2102 3920">
    <p class='ocr_par' dir='ltr' id='par_1_43' title="bbox 540 3846 2102 3920">
     <span class='ocr_line' id='line_1_43' title="bbox 540 3846 2102 3920; baseline -0.01 -7"><span class='ocrx_word' id='word_1_294' title='bbox 540 3861 622 3913; x_wconf 88' lang='lat' dir='ltr'><strong>sic</strong></span> <span class='ocrx_word' id='word_1_295' title='bbox 649 3856 750 3920; x_wconf 91' lang='lat' dir='ltr'><strong>ira,</strong></span> <span class='ocrx_word' id='word_1_296' title='bbox 779 3856 859 3909; x_wconf 92' lang='lat' dir='ltr'><strong>sic</strong></span> <span class='ocrx_word' id='word_1_297' title='bbox 899 3861 1100 3914; x_wconf 89' lang='lat' dir='ltr'><strong>metus,</strong></span> <span class='ocrx_word' id='word_1_298' title='bbox 1135 3852 1216 3906; x_wconf 93' lang='lat' dir='ltr'><strong>sic</strong></span> <span class='ocrx_word' id='word_1_299' title='bbox 1245 3848 1534 3910; x_wconf 87' lang='lat' dir='ltr'><strong>timiditas,</strong></span> <span class='ocrx_word' id='word_1_300' title='bbox 1563 3848 1644 3902; x_wconf 92' lang='lat' dir='ltr'><strong>sic</strong></span> <span class='ocrx_word' id='word_1_301' title='bbox 1667 3846 1920 3910; x_wconf 88' lang='lat' dir='ltr'><strong>audacia,</strong></span> <span class='ocrx_word' id='word_1_302' title='bbox 1945 3846 2102 3917; x_wconf 75' lang='lat' dir='ltr'><strong>aegri-</strong></span> 
     </span>
    </p>
   </div>
   <div class='ocr_carea' id='block_1_44' title="bbox 538 3939 2108 4015">
    <p class='ocr_par' dir='ltr' id='par_1_44' title="bbox 538 3939 2108 4015">
     <span class='ocr_line' id='line_1_44' title="bbox 538 3939 2108 4015; baseline -0.005 -14"><span class='ocrx_word' id='word_1_303' title='bbox 538 3947 745 4001; x_wconf 90' lang='lat' dir='ltr'><strong>tudinis</strong></span> <span class='ocrx_word' id='word_1_304' title='bbox 781 3946 988 4015; x_wconf 88' lang='lat' dir='ltr'><strong>pariter</strong></span> <span class='ocrx_word' id='word_1_305' title='bbox 1017 3953 1070 3997; x_wconf 89' lang='lat' dir='ltr'><strong>ct</strong></span> <span class='ocrx_word' id='word_1_306' title='bbox 1120 3941 1420 4011; x_wconf 88' lang='lat' dir='ltr'><strong>voluptatis</strong></span> <span class='ocrx_word' id='word_1_307' title='bbox 1455 3939 1701 4002; x_wconf 77' lang='lat' dir='ltr'><strong>aﬂ&#39;ectus,</strong></span> <span class='ocrx_word' id='word_1_308' title='bbox 1739 3939 1950 4004; x_wconf 91' lang='lat' dir='ltr'><strong>odium,</strong></span> <span class='ocrx_word' id='word_1_309' title='bbox 1979 3953 2108 3993; x_wconf 83' lang='lat' dir='ltr'><strong>con-</strong></span> 
     </span>
    </p>
   </div>
   <div class='ocr_carea' id='block_1_45' title="bbox 533 4029 2103 4099">
    <p class='ocr_par' dir='ltr' id='par_1_45' title="bbox 533 4029 2103 4099">
     <span class='ocr_line' id='line_1_45' title="bbox 533 4029 2103 4099; baseline -0.007 -7"><span class='ocrx_word' id='word_1_310' title='bbox 533 4031 1228 4099; x_wconf 87' lang='lat' dir='ltr'><strong>tentio,immiscricordia,</strong></span> <span class='ocrx_word' id='word_1_311' title='bbox 1265 4031 1492 4095; x_wconf 65' lang='lat' dir='ltr'><strong>saevitia,</strong></span> <span class='ocrx_word' id='word_1_312' title='bbox 1530 4031 1741 4093; x_wconf 82' lang='lat' dir='ltr'><strong>feritas,</strong></span> <span class='ocrx_word' id='word_1_313' title='bbox 1787 4029 2103 4082; x_wconf 84' lang='lat' dir='ltr'><strong>inhumani-</strong></span> 
     </span>
    </p>
   </div>
   <div class='ocr_carea' id='block_1_46' title="bbox 533 4121 2107 4196">
    <p class='ocr_par' dir='ltr' id='par_1_46' title="bbox 533 4121 2107 4196">
     <span class='ocr_line' id='line_1_46' title="bbox 533 4121 2107 4196; baseline -0.007 -14"><span class='ocrx_word' id='word_1_314' title='bbox 533 4141 746 4196; x_wconf 81' lang='lat' dir='ltr'><strong>tasquc,</strong></span> <span class='ocrx_word' id='word_1_315' title='bbox 776 4125 997 4189; x_wconf 84' lang='lat' dir='ltr'><strong>invidia,</strong></span> <span class='ocrx_word' id='word_1_316' title='bbox 1033 4123 1360 4186; x_wconf 84' lang='lat' dir='ltr'><strong>asscnsatio,</strong></span> <span class='ocrx_word' id='word_1_317' title='bbox 1411 4121 1740 4190; x_wconf 84' lang='lat' dir='ltr'><strong>injuriarum</strong></span> <span class='ocrx_word' id='word_1_318' title='bbox 1793 4130 1951 4172; x_wconf 82' lang='lat' dir='ltr'><strong>tenax</strong></span> <span class='ocrx_word' id='word_1_319' title='bbox 1991 4135 2107 4172; x_wconf 90' lang='lat' dir='ltr'><strong>me-</strong></span> 
     </span>
    </p>
   </div>
   <div class='ocr_carea' id='block_1_47' title="bbox 534 4211 2106 4289">
    <p class='ocr_par' dir='ltr' id='par_1_47' title="bbox 534 4211 2106 4289">
     <span class='ocr_line' id='line_1_47' title="bbox 534 4211 2106 4289; baseline -0.007 -15"><span class='ocrx_word' id='word_1_320' title='bbox 534 4222 710 4275; x_wconf 90' lang='lat' dir='ltr'><strong>moria</strong></span> <span class='ocrx_word' id='word_1_321' title='bbox 772 4218 979 4289; x_wconf 89' lang='lat' dir='ltr'><strong>pariter</strong></span> <span class='ocrx_word' id='word_1_322' title='bbox 1033 4225 1087 4270; x_wconf 91' lang='lat' dir='ltr'><strong>et</strong></span> <span class='ocrx_word' id='word_1_323' title='bbox 1133 4214 1451 4276; x_wconf 88' lang='lat' dir='ltr'><strong>indolentia,</strong></span> <span class='ocrx_word' id='word_1_324' title='bbox 1518 4220 1572 4266; x_wconf 91' lang='lat' dir='ltr'><strong>et</strong></span> <span class='ocrx_word' id='word_1_325' title='bbox 1606 4227 1819 4274; x_wconf 89' lang='lat' dir='ltr'><strong>omnes,</strong></span> <span class='ocrx_word' id='word_1_326' title='bbox 1879 4211 1974 4280; x_wconf 91' lang='lat' dir='ltr'><strong>qui</strong></span> <span class='ocrx_word' id='word_1_327' title='bbox 2008 4225 2106 4278; x_wconf 88' lang='lat' dir='ltr'><strong>per</strong></span> 
     </span>
    </p>
   </div>
   <div class='ocr_carea' id='block_1_48' title="bbox 535 4302 2108 4373">
    <p class='ocr_par' dir='ltr' id='par_1_48' title="bbox 535 4302 2108 4373">
     <span class='ocr_line' id='line_1_48' title="bbox 535 4302 2108 4373; baseline -0.008 -7"><span class='ocrx_word' id='word_1_328' title='bbox 535 4311 876 4366; x_wconf 87' lang='lat' dir='ltr'><strong>contrarium</strong></span> <span class='ocrx_word' id='word_1_329' title='bbox 914 4309 968 4362; x_wconf 91' lang='lat' dir='ltr'><strong>in</strong></span> <span class='ocrx_word' id='word_1_330' title='bbox 1000 4308 1158 4362; x_wconf 91' lang='lat' dir='ltr'><strong>nobis</strong></span> <span class='ocrx_word' id='word_1_331' title='bbox 1194 4305 1578 4373; x_wconf 81' lang='lat' dir='ltr'><strong>intelliguntur</strong></span> <span class='ocrx_word' id='word_1_332' title='bbox 1609 4302 1837 4357; x_wconf 83' lang='lat' dir='ltr'><strong>allectus</strong></span> <span class='ocrx_word' id='word_1_333' title='bbox 1881 4309 1935 4355; x_wconf 86' lang='lat' dir='ltr'><strong>et.</strong></span> <span class='ocrx_word' id='word_1_334' title='bbox 1981 4315 2108 4370; x_wconf 90' lang='lat' dir='ltr'><strong>per-</strong></span> 
     </span>
    </p>
   </div>
   <div class='ocr_carea' id='block_1_49' title="bbox 2189 486 3680 559">
    <p class='ocr_par' dir='ltr' id='par_1_49' title="bbox 2189 486 3680 559">
     <span class='ocr_line' id='line_1_49' title="bbox 2189 486 3680 559; baseline -0.003 -15"><span class='ocrx_word' id='word_1_335' title='bbox 2189 492 2339 559; x_wconf 80' lang='grc' dir='ltr'>γωγή</span> <span class='ocrx_word' id='word_1_336' title='bbox 2361 507 2374 519; x_wconf 87' lang='grc'>·</span> <span class='ocrx_word' id='word_1_337' title='bbox 2403 491 2495 542; x_wconf 75' lang='grc' dir='ltr'>καὶ</span> <span class='ocrx_word' id='word_1_338' title='bbox 2533 489 2592 542; x_wconf 76' lang='grc' dir='ltr'><strong>τὸ</strong></span> <span class='ocrx_word' id='word_1_339' title='bbox 2633 491 2810 558; x_wconf 85' lang='grc' dir='ltr'>γυμνῇ</span> <span class='ocrx_word' id='word_1_340' title='bbox 2853 505 2912 539; x_wconf 89' lang='grc' dir='ltr'><strong>τε</strong></span> <span class='ocrx_word' id='word_1_341' title='bbox 2945 487 3034 540; x_wconf 68' lang='grc' dir='ltr'>καὶ</span> <span class='ocrx_word' id='word_1_342' title='bbox 3078 486 3282 556; x_wconf 81' lang='grc' dir='ltr'>καθαρᾷ</span> <span class='ocrx_word' id='word_1_343' title='bbox 3307 487 3485 550; x_wconf 77' lang='grc' dir='ltr'>παντὸς</span> <span class='ocrx_word' id='word_1_344' title='bbox 3517 506 3680 558; x_wconf 74' lang='grc' dir='ltr'>προκα-</span> 
     </span>
    </p>
   </div>
   <div class='ocr_carea' id='block_1_50' title="bbox 2187 561 3682 657">
    <p class='ocr_par' dir='ltr' id='par_1_50' title="bbox 2187 561 3682 657">
     <span class='ocr_line' id='line_1_50' title="bbox 2187 561 3682 657; baseline -0.002 -18"><span class='ocrx_word' id='word_1_345' title='bbox 2187 587 2462 657; x_wconf 88' lang='grc' dir='ltr'>λύμματος</span> <span class='ocrx_word' id='word_1_346' title='bbox 2493 587 2556 654; x_wconf 76' lang='grc' dir='ltr'>τῇ</span> <span class='ocrx_word' id='word_1_347' title='bbox 2581 584 2788 653; x_wconf 74' lang='grc' dir='ltr'>διανοίᾳ</span> <span class='ocrx_word' id='word_1_348' title='bbox 2818 582 2953 652; x_wconf 72' lang='grc' dir='ltr'>πρὸς</span> <span class='ocrx_word' id='word_1_349' title='bbox 2989 581 3047 634; x_wconf 81' lang='grc' dir='ltr'>τὸ</span> <span class='ocrx_word' id='word_1_350' title='bbox 3083 561 3275 648; x_wconf 77' lang='grc' dir='ltr'>ἀγαθὸν</span> <span class='ocrx_word' id='word_1_351' title='bbox 3304 580 3513 650; x_wconf 80' lang='grc' dir='ltr'><strong>βλέπειν.</strong></span> <span class='ocrx_word' id='word_1_352' title='bbox 3534 582 3682 636; x_wconf 80' lang='grc' dir='ltr'>Ταῦτα</span> 
     </span>
    </p>
   </div>
   <div class='ocr_carea' id='block_1_51' title="bbox 2186 669 3682 749">
    <p class='ocr_par' dir='ltr' id='par_1_51' title="bbox 2186 669 3682 749">
     <span class='ocr_line' id='line_1_51' title="bbox 2186 669 3682 749; baseline -0.005 -18"><span class='ocrx_word' id='word_1_353' title='bbox 2186 679 2293 749; x_wconf 82' lang='grc' dir='ltr'>γὰρ</span> <span class='ocrx_word' id='word_1_354' title='bbox 2322 677 2492 731; x_wconf 79' lang='grc' dir='ltr'>πάντα</span> <span class='ocrx_word' id='word_1_355' title='bbox 2537 675 2603 727; x_wconf 87' lang='grc' dir='ltr'><strong>δι’</strong></span> <span class='ocrx_word' id='word_1_356' title='bbox 2637 673 2832 742; x_wconf 82' lang='grc' dir='ltr'><strong>ὀλίγων</strong></span> <span class='ocrx_word' id='word_1_357' title='bbox 2862 669 3114 742; x_wconf 76' lang='grc' dir='ltr'><strong>ῥημάτων</strong></span> <span class='ocrx_word' id='word_1_358' title='bbox 3157 672 3184 722; x_wconf 92' lang='lat'><strong>6</strong></span> <span class='ocrx_word' id='word_1_359' title='bbox 3227 671 3320 740; x_wconf 80' lang='grc' dir='ltr'>τῆς</span> <span class='ocrx_word' id='word_1_360' title='bbox 3361 671 3682 740; x_wconf 86' lang='grc' dir='ltr'>κοσμογενεία;</span> 
     </span>
    </p>
   </div>
   <div class='ocr_carea' id='block_1_52' title="bbox 2186 759 3684 838">
    <p class='ocr_par' dir='ltr' id='par_1_52' title="bbox 2186 759 3684 838">
     <span class='ocr_line' id='line_1_52' title="bbox 2186 759 3684 838; baseline -0.008 -16"><span class='ocrx_word' id='word_1_361' title='bbox 2186 769 2318 838; x_wconf 81' lang='grc' dir='ltr'>ἡμῖν</span> <span class='ocrx_word' id='word_1_362' title='bbox 2362 764 2726 820; x_wconf 80' lang='grc' dir='ltr'>ὑπαινίττεται</span> <span class='ocrx_word' id='word_1_363' title='bbox 2773 762 2949 830; x_wconf 85' lang='grc' dir='ltr'><strong>λόγος,</strong></span> <span class='ocrx_word' id='word_1_364' title='bbox 2997 763 3110 813; x_wconf 80' lang='grc' dir='ltr'>κατ’</span> <span class='ocrx_word' id='word_1_365' title='bbox 3156 760 3328 813; x_wconf 79' lang='grc' dir='ltr'><strong>εἰκόνα</strong></span> <span class='ocrx_word' id='word_1_366' title='bbox 3377 759 3496 812; x_wconf 85' lang='grc' dir='ltr'>Θεοῦ</span> <span class='ocrx_word' id='word_1_367' title='bbox 3545 760 3684 826; x_wconf 82' lang='grc' dir='ltr'>λέγων</span> 
     </span>
    </p>
   </div>
   <div class='ocr_carea' id='block_1_53' title="bbox 2138 849 3684 922">
    <p class='ocr_par' dir='ltr' id='par_1_53' title="bbox 2138 849 3684 922">
     <span class='ocr_line' id='line_1_53' title="bbox 2138 849 3684 922; baseline -0.006 -13"><span class='ocrx_word' id='word_1_368' title='bbox 2138 896 2145 903; x_wconf 90' lang='grc'><strong>.</strong></span> <span class='ocrx_word' id='word_1_369' title='bbox 2187 855 2488 910; x_wconf 74' lang='grc' dir='ltr'><strong>πεπλάσθαι</strong></span> <span class='ocrx_word' id='word_1_370' title='bbox 2515 853 2606 906; x_wconf 75' lang='grc' dir='ltr'><strong>τὸν</strong></span> <span class='ocrx_word' id='word_1_371' title='bbox 2633 852 2936 922; x_wconf 74' lang='grc' dir='ltr'>ἄνθρωπον,</span> <span class='ocrx_word' id='word_1_372' title='bbox 2973 849 3066 903; x_wconf 77' lang='grc' dir='ltr'>καὶ</span> <span class='ocrx_word' id='word_1_373' title='bbox 3098 849 3153 901; x_wconf 82' lang='grc' dir='ltr'><strong>ἐν</strong></span> <span class='ocrx_word' id='word_1_374' title='bbox 3188 849 3263 919; x_wconf 83' lang='grc' dir='ltr'>τῷ</span> <span class='ocrx_word' id='word_1_375' title='bbox 3290 849 3566 918; x_wconf 76' lang='grc' dir='ltr'><strong>παραδείσῳ</strong></span> <span class='ocrx_word' id='word_1_376' title='bbox 3593 849 3684 919; x_wconf 78' lang='grc' dir='ltr'>ζῇν,</span> 
     </span>
    </p>
   </div>
   <div class='ocr_carea' id='block_1_54' title="bbox 2187 942 3685 1014">
    <p class='ocr_par' dir='ltr' id='par_1_54' title="bbox 2187 942 3685 1014">
     <span class='ocr_line' id='line_1_54' title="bbox 2187 942 3685 1014; baseline -0.005 -12"><span class='ocrx_word' id='word_1_377' title='bbox 2187 950 2279 1003; x_wconf 71' lang='grc' dir='ltr'>καὶ</span> <span class='ocrx_word' id='word_1_378' title='bbox 2303 947 2407 1000; x_wconf 80' lang='grc' dir='ltr'><strong>τῶν</strong></span> <span class='ocrx_word' id='word_1_379' title='bbox 2437 949 2550 999; x_wconf 84' lang='grc' dir='ltr'>ἐκεῖ</span> <span class='ocrx_word' id='word_1_380' title='bbox 2583 944 3000 1014; x_wconf 81' lang='grc' dir='ltr'>πεφυτευμένων</span> <span class='ocrx_word' id='word_1_381' title='bbox 3024 943 3382 1014; x_wconf 79' lang='grc' dir='ltr'>κατατρυφᾷν.</span> <span class='ocrx_word' id='word_1_382' title='bbox 3410 942 3516 995; x_wconf 84' lang='grc' dir='ltr'>Τῶν</span> <span class='ocrx_word' id='word_1_383' title='bbox 3542 943 3589 996; x_wconf 84' lang='grc' dir='ltr'><strong>δέ</strong></span> <span class='ocrx_word' id='word_1_384' title='bbox 3609 960 3685 1010; x_wconf 82' lang='grc' dir='ltr'>φυ-</span> 
     </span>
    </p>
   </div>
   <div class='ocr_carea' id='block_1_55' title="bbox 2186 1035 3690 1108">
    <p class='ocr_par' dir='ltr' id='par_1_55' title="bbox 2186 1035 3690 1108">
     <span class='ocr_line' id='line_1_55' title="bbox 2186 1035 3690 1108; baseline -0.005 -13"><span class='ocrx_word' id='word_1_385' title='bbox 2186 1041 2296 1096; x_wconf 87' lang='grc' dir='ltr'><strong>τῶν</strong></span> <span class='ocrx_word' id='word_1_386' title='bbox 2327 1040 2548 1094; x_wconf 76' lang='grc' dir='ltr'><strong>ἐκείνων</strong></span> <span class='ocrx_word' id='word_1_387' title='bbox 2573 1035 2942 1108; x_wconf 79' lang='grc' dir='ltr'>καρπδς,’ζωὴ</span> <span class='ocrx_word' id='word_1_388' title='bbox 2974 1036 3068 1088; x_wconf 70' lang='grc' dir='ltr'>καὶ</span> <span class='ocrx_word' id='word_1_389' title='bbox 3093 1035 3288 1104; x_wconf 82' lang='grc' dir='ltr'>γνῶσις</span> <span class='ocrx_word' id='word_1_390' title='bbox 3316 1037 3404 1088; x_wconf 74' lang='grc' dir='ltr'>καὶ</span> <span class='ocrx_word' id='word_1_391' title='bbox 3428 1035 3489 1087; x_wconf 75' lang='grc' dir='ltr'>τὰ</span> <span class='ocrx_word' id='word_1_392' title='bbox 3514 1035 3690 1088; x_wconf 77' lang='grc' dir='ltr'>τοιαῦτά</span> 
     </span>
    </p>
   </div>
   <div class='ocr_carea' id='block_1_56' title="bbox 2190 1121 3691 1202">
    <p class='ocr_par' dir='ltr' id='par_1_56' title="bbox 2190 1121 3691 1202">
     <span class='ocr_line' id='line_1_56' title="bbox 2190 1121 3691 1202; baseline -0.005 -16"><span class='ocrx_word' id='word_1_393' title='bbox 2190 1135 2355 1186; x_wconf 84' lang='grc' dir='ltr'>ἐστιν.</span> <span class='ocrx_word' id='word_1_394' title='bbox 2395 1131 2459 1184; x_wconf 84' lang='lat' dir='ltr'><strong>Ei</strong></span> <span class='ocrx_word' id='word_1_395' title='bbox 2487 1130 2543 1182; x_wconf 73' lang='grc' dir='ltr'>δὲ</span> <span class='ocrx_word' id='word_1_396' title='bbox 2576 1127 2746 1182; x_wconf 77' lang='grc' dir='ltr'>ταῦτα</span> <span class='ocrx_word' id='word_1_397' title='bbox 2773 1129 2829 1180; x_wconf 80' lang='grc' dir='ltr'><strong>ἐν</strong></span> <span class='ocrx_word' id='word_1_398' title='bbox 2850 1128 2978 1202; x_wconf 76' lang='grc' dir='ltr'>ἡμῖν</span> <span class='ocrx_word' id='word_1_399' title='bbox 3001 1121 3088 1196; x_wconf 74' lang='grc' dir='ltr'>ἦν,</span> <span class='ocrx_word' id='word_1_400' title='bbox 3118 1126 3232 1190; x_wconf 83' lang='grc' dir='ltr'><strong>πῶς</strong></span> <span class='ocrx_word' id='word_1_401' title='bbox 3251 1121 3340 1179; x_wconf 82' lang='grc' dir='ltr'>οὖν</span> <span class='ocrx_word' id='word_1_402' title='bbox 3364 1124 3471 1178; x_wconf 77' lang='grc' dir='ltr'>ἔστι</span> <span class='ocrx_word' id='word_1_403' title='bbox 3495 1125 3570 1180; x_wconf 78' lang='grc' dir='ltr'>διὰ</span> <span class='ocrx_word' id='word_1_404' title='bbox 3593 1143 3691 1193; x_wconf 84' lang='grc' dir='ltr'>συγ-</span> 
     </span>
    </p>
   </div>
   <div class='ocr_carea' id='block_1_57' title="bbox 2189 1216 3690 1293">
    <p class='ocr_par' dir='ltr' id='par_1_57' title="bbox 2189 1216 3690 1293">
     <span class='ocr_line' id='line_1_57' title="bbox 2189 1216 3690 1293; baseline -0.004 -18"><span class='ocrx_word' id='word_1_405' title='bbox 2189 1222 2420 1293; x_wconf 82' lang='grc' dir='ltr'>κρίσεως</span> <span class='ocrx_word' id='word_1_406' title='bbox 2475 1217 3057 1288; x_wconf 83' lang='grc' dir='ltr'>ἀντιπαραθεωροῦντα</span> <span class='ocrx_word' id='word_1_407' title='bbox 3110 1220 3176 1287; x_wconf 84' lang='grc' dir='ltr'>τῇ</span> <span class='ocrx_word' id='word_1_408' title='bbox 3229 1216 3343 1269; x_wconf 87' lang='grc' dir='ltr'>τότε</span> <span class='ocrx_word' id='word_1_409' title='bbox 3396 1216 3690 1286; x_wconf 69' lang='grc' dir='ltr'><strong>μακαριότητι</strong></span> 
     </span>
    </p>
   </div>
   <div class='ocr_carea' id='block_1_58' title="bbox 2189 1307 3693 1384">
    <p class='ocr_par' dir='ltr' id='par_1_58' title="bbox 2189 1307 3693 1384">
     <span class='ocr_line' id='line_1_58' title="bbox 2189 1307 3693 1384; baseline -0.006 -18"><span class='ocrx_word' id='word_1_410' title='bbox 2189 1315 2288 1384; x_wconf 78' lang='grc' dir='ltr'>τὴν</span> <span class='ocrx_word' id='word_1_411' title='bbox 2339 1311 2618 1383; x_wconf 75' lang='grc' dir='ltr'>παροῦσαν</span> <span class='ocrx_word' id='word_1_412' title='bbox 2662 1309 2756 1363; x_wconf 79' lang='grc' dir='ltr'>νῦν</span> <span class='ocrx_word' id='word_1_413' title='bbox 2808 1308 3114 1378; x_wconf 85' lang='grc' dir='ltr'>ἀθλιότητα,</span> <span class='ocrx_word' id='word_1_414' title='bbox 3166 1308 3238 1378; x_wconf 83' lang='grc' dir='ltr'><strong>μὴ</strong></span> <span class='ocrx_word' id='word_1_415' title='bbox 3289 1307 3693 1377; x_wconf 79' lang='grc' dir='ltr'>ἐπιστενάζειντῇ</span> 
     </span>
    </p>
   </div>
   <div class='ocr_carea' id='block_1_59' title="bbox 2192 1396 3694 1472">
    <p class='ocr_par' dir='ltr' id='par_1_59' title="bbox 2192 1396 3694 1472">
     <span class='ocr_line' id='line_1_59' title="bbox 2192 1396 3694 1472; baseline -0.004 -16"><span class='ocrx_word' id='word_1_416' title='bbox 2192 1404 2475 1472; x_wconf 77' lang='grc' dir='ltr'><strong>συμφορᾷ·</strong></span> <span class='ocrx_word' id='word_1_417' title='bbox 2506 1403 2566 1454; x_wconf 82' lang='grc' dir='ltr'>τὸ</span> <span class='ocrx_word' id='word_1_418' title='bbox 2607 1399 2806 1469; x_wconf 77' lang='grc' dir='ltr'>ὑψηλὸν</span> <span class='ocrx_word' id='word_1_419' title='bbox 2849 1398 3270 1452; x_wconf 83' lang='grc' dir='ltr'>τεταπείνωται·</span> <span class='ocrx_word' id='word_1_420' title='bbox 3313 1397 3372 1450; x_wconf 76' lang='grc' dir='ltr'>τὸ</span> <span class='ocrx_word' id='word_1_421' title='bbox 3409 1398 3516 1450; x_wconf 84' lang='grc' dir='ltr'>κατ’</span> <span class='ocrx_word' id='word_1_422' title='bbox 3555 1396 3694 1450; x_wconf 78' lang='grc' dir='ltr'>εἰκόνα</span> 
     </span>
    </p>
   </div>
   <div class='ocr_carea' id='block_1_60' title="bbox 2188 1486 3696 1562">
    <p class='ocr_par' dir='ltr' id='par_1_60' title="bbox 2188 1486 3696 1562">
     <span class='ocr_line' id='line_1_60' title="bbox 2188 1486 3696 1562; baseline -0.005 -16"><span class='ocrx_word' id='word_1_423' title='bbox 2188 1494 2282 1546; x_wconf 75' lang='grc' dir='ltr'>τοῦ</span> <span class='ocrx_word' id='word_1_424' title='bbox 2310 1493 2627 1562; x_wconf 75' lang='grc' dir='ltr'>ἐπουρανίου</span> <span class='ocrx_word' id='word_1_425' title='bbox 2660 1491 2966 1559; x_wconf 86' lang='grc' dir='ltr'>γενόμενον,</span> <span class='ocrx_word' id='word_1_426' title='bbox 3001 1487 3286 1558; x_wconf 87' lang='grc' dir='ltr'>ἀπεγεώθη</span> <span class='ocrx_word' id='word_1_427' title='bbox 3306 1505 3319 1518; x_wconf 86' lang='grc'><strong>·</strong></span> <span class='ocrx_word' id='word_1_428' title='bbox 3359 1487 3416 1541; x_wconf 83' lang='grc' dir='ltr'><strong>τδ</strong></span> <span class='ocrx_word' id='word_1_429' title='bbox 3453 1486 3696 1556; x_wconf 79' lang='grc' dir='ltr'>βασιλεύειν</span> 
     </span>
    </p>
   </div>
   <div class='ocr_carea' id='block_1_61' title="bbox 2187 1577 3697 1654">
    <p class='ocr_par' dir='ltr' id='par_1_61' title="bbox 2187 1577 3697 1654">
     <span class='ocr_line' id='line_1_61' title="bbox 2187 1577 3697 1654; baseline -0.007 -15"><span class='ocrx_word' id='word_1_430' title='bbox 2187 1585 2537 1654; x_wconf 80' lang='grc' dir='ltr'>τεταγμένον,</span> <span class='ocrx_word' id='word_1_431' title='bbox 2568 1581 2935 1651; x_wconf 80' lang='grc' dir='ltr'>κατεδουλώθη</span> <span class='ocrx_word' id='word_1_432' title='bbox 2954 1597 2967 1610; x_wconf 87' lang='grc'><strong>·</strong></span> <span class='ocrx_word' id='word_1_433' title='bbox 3001 1581 3062 1632; x_wconf 84' lang='grc' dir='ltr'>τὸ</span> <span class='ocrx_word' id='word_1_434' title='bbox 3099 1582 3178 1643; x_wconf 90' lang='grc' dir='ltr'><strong>είς</strong></span> <span class='ocrx_word' id='word_1_435' title='bbox 3206 1580 3486 1633; x_wconf 82' lang='grc' dir='ltr'>ἀθανασίαν</span> <span class='ocrx_word' id='word_1_436' title='bbox 3509 1577 3697 1639; x_wconf 75' lang='grc' dir='ltr'>κτισθὲν,</span> 
     </span>
    </p>
   </div>
   <div class='ocr_carea' id='block_1_62' title="bbox 2191 1668 3700 1745">
    <p class='ocr_par' dir='ltr' id='par_1_62' title="bbox 2191 1668 3700 1745">
     <span class='ocr_line' id='line_1_62' title="bbox 2191 1668 3700 1745; baseline -0.007 -15"><span class='ocrx_word' id='word_1_437' title='bbox 2191 1675 2507 1745; x_wconf 77' lang='grc' dir='ltr'>κατεφθάρη</span> <span class='ocrx_word' id='word_1_438' title='bbox 2551 1673 2793 1741; x_wconf 81' lang='grc' dir='ltr'>θανάτῳ·</span> <span class='ocrx_word' id='word_1_439' title='bbox 2849 1672 2907 1724; x_wconf 82' lang='grc' dir='ltr'>τὸ</span> <span class='ocrx_word' id='word_1_440' title='bbox 2955 1673 3012 1723; x_wconf 86' lang='grc' dir='ltr'><strong>ἐν</strong></span> <span class='ocrx_word' id='word_1_441' title='bbox 3060 1674 3238 1743; x_wconf 83' lang='grc' dir='ltr'>τρυφῇ</span> <span class='ocrx_word' id='word_1_442' title='bbox 3291 1669 3382 1724; x_wconf 78' lang='grc' dir='ltr'>τοῦ</span> <span class='ocrx_word' id='word_1_443' title='bbox 3434 1668 3700 1740; x_wconf 71' lang='grc' dir='ltr'>παραδείσου</span> 
     </span>
    </p>
   </div>
   <div class='ocr_carea' id='block_1_63' title="bbox 2189 1757 3700 1833">
    <p class='ocr_par' dir='ltr' id='par_1_63' title="bbox 2189 1757 3700 1833">
     <span class='ocr_line' id='line_1_63' title="bbox 2189 1757 3700 1833; baseline -0.007 -14"><span class='ocrx_word' id='word_1_444' title='bbox 2189 1766 2394 1833; x_wconf 78' lang='grc' dir='ltr'>διάγον,</span> <span class='ocrx_word' id='word_1_445' title='bbox 2425 1767 2504 1827; x_wconf 88' lang='grc' dir='ltr'><strong>είς</strong></span> <span class='ocrx_word' id='word_1_446' title='bbox 2532 1764 2590 1816; x_wconf 81' lang='grc' dir='ltr'>τὸ</span> <span class='ocrx_word' id='word_1_447' title='bbox 2621 1763 2848 1825; x_wconf 81' lang='grc' dir='ltr'>νοσῶδες</span> <span class='ocrx_word' id='word_1_448' title='bbox 2877 1763 2967 1816; x_wconf 67' lang='grc' dir='ltr'>καί.</span> <span class='ocrx_word' id='word_1_449' title='bbox 2994 1762 3251 1814; x_wconf 79' lang='grc' dir='ltr'>ἐπίπονον</span> <span class='ocrx_word' id='word_1_450' title='bbox 3274 1760 3424 1813; x_wconf 77' lang='grc' dir='ltr'>τοῦτο</span> <span class='ocrx_word' id='word_1_451' title='bbox 3450 1757 3700 1828; x_wconf 83' lang='grc' dir='ltr'>μετῳκίσθη</span> 
     </span>
    </p>
   </div>
   <div class='ocr_carea' id='block_1_64' title="bbox 2191 1846 3704 1926">
    <p class='ocr_par' dir='ltr' id='par_1_64' title="bbox 2191 1846 3704 1926">
     <span class='ocr_line' id='line_1_64' title="bbox 2191 1846 3704 1926; baseline -0.007 -17"><span class='ocrx_word' id='word_1_452' title='bbox 2191 1855 2416 1926; x_wconf 81' lang='grc' dir='ltr'>χωρίον·</span> <span class='ocrx_word' id='word_1_453' title='bbox 2452 1855 2514 1908; x_wconf 80' lang='grc' dir='ltr'>τὸ</span> <span class='ocrx_word' id='word_1_454' title='bbox 2543 1857 2607 1924; x_wconf 83' lang='grc' dir='ltr'><strong>τῇ</strong></span> <span class='ocrx_word' id='word_1_455' title='bbox 2646 1853 2884 1922; x_wconf 80' lang='grc' dir='ltr'>ἀπαθείᾳ</span> <span class='ocrx_word' id='word_1_456' title='bbox 2927 1853 3241 1922; x_wconf 85' lang='grc' dir='ltr'>σύντροφον,</span> <span class='ocrx_word' id='word_1_457' title='bbox 3273 1851 3360 1903; x_wconf 78' lang='grc' dir='ltr'><strong>τὸν</strong></span> <span class='ocrx_word' id='word_1_458' title='bbox 3410 1849 3602 1919; x_wconf 82' lang='grc' dir='ltr'>ἐμπαθῆ</span> <span class='ocrx_word' id='word_1_459' title='bbox 3637 1846 3704 1899; x_wconf 82' lang='grc' dir='ltr'>καὶ</span> 
     </span>
    </p>
   </div>
   <div class='ocr_carea' id='block_1_65' title="bbox 2196 1938 3705 2016">
    <p class='ocr_par' dir='ltr' id='par_1_65' title="bbox 2196 1938 3705 2016">
     <span class='ocr_line' id='line_1_65' title="bbox 2196 1938 3705 2016; baseline -0.007 -18"><span class='ocrx_word' id='word_1_460' title='bbox 2196 1947 2452 2016; x_wconf 78' lang='grc' dir='ltr'>ἐπίκηρον</span> <span class='ocrx_word' id='word_1_461' title='bbox 2515 1944 2876 2012; x_wconf 79' lang='grc' dir='ltr'>ἀντηλλάξατο</span> <span class='ocrx_word' id='word_1_462' title='bbox 2918 1943 3029 2012; x_wconf 88' lang='grc' dir='ltr'>βίον</span> <span class='ocrx_word' id='word_1_463' title='bbox 3049 1956 3061 1968; x_wconf 91' lang='grc'>·</span> <span class='ocrx_word' id='word_1_464' title='bbox 3117 1942 3178 1994; x_wconf 83' lang='grc' dir='ltr'>τὸ</span> <span class='ocrx_word' id='word_1_465' title='bbox 3231 1940 3504 1994; x_wconf 81' lang='grc' dir='ltr'>ἀδέσποτόν</span> <span class='ocrx_word' id='word_1_466' title='bbox 3546 1955 3596 1990; x_wconf 86' lang='grc' dir='ltr'><strong>τε</strong></span> <span class='ocrx_word' id='word_1_467' title='bbox 3636 1938 3705 1988; x_wconf 83' lang='grc' dir='ltr'><strong>καί</strong></span> 
     </span>
    </p>
   </div>
   <div class='ocr_carea' id='block_1_66' title="bbox 2197 2026 3705 2102">
    <p class='ocr_par' dir='ltr' id='par_1_66' title="bbox 2197 2026 3705 2102">
     <span class='ocr_line' id='line_1_66' title="bbox 2197 2026 3705 2102; baseline -0.009 -13"><span class='ocrx_word' id='word_1_468' title='bbox 2197 2036 2557 2102; x_wconf 77' lang='grc' dir='ltr'>αὐτεξούσιον,</span> <span class='ocrx_word' id='word_1_469' title='bbox 2583 2035 2676 2087; x_wconf 80' lang='grc' dir='ltr'>νῦν</span> <span class='ocrx_word' id='word_1_470' title='bbox 2713 2035 2818 2086; x_wconf 81' lang='grc' dir='ltr'><strong>ὑπὸ</strong></span> <span class='ocrx_word' id='word_1_471' title='bbox 2852 2032 3103 2087; x_wconf 79' lang='grc' dir='ltr'>τοιούτων</span> <span class='ocrx_word' id='word_1_472' title='bbox 3144 2033 3238 2084; x_wconf 72' lang='grc' dir='ltr'><strong>καὶ</strong></span> <span class='ocrx_word' id='word_1_473' title='bbox 3285 2029 3533 2083; x_wconf 76' lang='grc' dir='ltr'>τοσούτων</span> <span class='ocrx_word' id='word_1_474' title='bbox 3565 2026 3705 2080; x_wconf 81' lang='grc' dir='ltr'>κακῶν</span> 
     </span>
    </p>
   </div>
   <div class='ocr_carea' id='block_1_67' title="bbox 2199 2118 3707 2198">
    <p class='ocr_par' dir='ltr' id='par_1_67' title="bbox 2199 2118 3707 2198">
     <span class='ocr_line' id='line_1_67' title="bbox 2199 2118 3707 2198; baseline -0.009 -18"><span class='ocrx_word' id='word_1_475' title='bbox 2199 2127 2528 2198; x_wconf 81' lang='grc' dir='ltr'>κυριεύεται,</span> <span class='ocrx_word' id='word_1_476' title='bbox 2579 2126 2653 2189; x_wconf 88' lang='grc' dir='ltr'><strong>ὡς</strong></span> <span class='ocrx_word' id='word_1_477' title='bbox 2705 2125 2837 2195; x_wconf 79' lang='grc' dir='ltr'>μηδὲ</span> <span class='ocrx_word' id='word_1_478' title='bbox 2892 2123 3066 2195; x_wconf 76' lang='grc' dir='ltr'>ῥᾴδιον</span> <span class='ocrx_word' id='word_1_479' title='bbox 3124 2118 3262 2176; x_wconf 75' lang='grc' dir='ltr'>εἶναι</span> <span class='ocrx_word' id='word_1_480' title='bbox 3313 2122 3431 2183; x_wconf 74' lang='grc' dir='ltr'>τοὺς</span> <span class='ocrx_word' id='word_1_481' title='bbox 3474 2119 3707 2188; x_wconf 72' lang='grc' dir='ltr'>τυράννους</span> 
     </span>
    </p>
   </div>
   <div class='ocr_carea' id='block_1_68' title="bbox 2191 2209 3705 2288">
    <p class='ocr_par' dir='ltr' id='par_1_68' title="bbox 2191 2209 3705 2288">
     <span class='ocr_line' id='line_1_68' title="bbox 2191 2209 3705 2288; baseline -0.009 -17"><span class='ocrx_word' id='word_1_482' title='bbox 2191 2217 2347 2288; x_wconf 79' lang='grc' dir='ltr'><strong>ἡμῶν</strong></span> <span class='ocrx_word' id='word_1_483' title='bbox 2377 2215 2882 2286; x_wconf 83' lang='grc' dir='ltr'>ἀπαριθμήσασθαι.</span> <span class='ocrx_word' id='word_1_484' title='bbox 2926 2215 3193 2266; x_wconf 87' lang='grc' dir='ltr'>Ἔκαστον</span> <span class='ocrx_word' id='word_1_485' title='bbox 3235 2212 3342 2280; x_wconf 81' lang='grc' dir='ltr'><strong>γὰρ</strong></span> <span class='ocrx_word' id='word_1_486' title='bbox 3386 2211 3484 2263; x_wconf 85' lang='grc' dir='ltr'>τῶν</span> <span class='ocrx_word' id='word_1_487' title='bbox 3523 2211 3572 2261; x_wconf 89' lang='grc' dir='ltr'><strong>ἐν</strong></span> <span class='ocrx_word' id='word_1_488' title='bbox 3611 2209 3705 2277; x_wconf 74' lang='grc' dir='ltr'>ἡμῖν</span> 
     </span>
    </p>
   </div>
   <div class='ocr_carea' id='block_1_69' title="bbox 2195 2299 3707 2376">
    <p class='ocr_par' dir='ltr' id='par_1_69' title="bbox 2195 2299 3707 2376">
     <span class='ocr_line' id='line_1_69' title="bbox 2195 2299 3707 2376; baseline -0.008 -15"><span class='ocrx_word' id='word_1_489' title='bbox 2195 2307 2400 2372; x_wconf 78' lang='grc' dir='ltr'>παθῶν,</span> <span class='ocrx_word' id='word_1_490' title='bbox 2432 2309 2558 2360; x_wconf 82' lang='grc' dir='ltr'>ὅταν</span> <span class='ocrx_word' id='word_1_491' title='bbox 2592 2306 2953 2376; x_wconf 83' lang='grc' dir='ltr'>ἐπικρατήσῃ,</span> <span class='ocrx_word' id='word_1_492' title='bbox 2982 2303 3250 2373; x_wconf 79' lang='grc' dir='ltr'>δεσπότης</span> <span class='ocrx_word' id='word_1_493' title='bbox 3290 2301 3380 2354; x_wconf 77' lang='grc' dir='ltr'>τοῦ</span> <span class='ocrx_word' id='word_1_494' title='bbox 3417 2299 3707 2356; x_wconf 72' lang='grc' dir='ltr'>δουλωθέντας</span> 
     </span>
    </p>
   </div>
   <div class='ocr_carea' id='block_1_70' title="bbox 2196 2386 3708 2468">
    <p class='ocr_par' dir='ltr' id='par_1_70' title="bbox 2196 2386 3708 2468">
     <span class='ocr_line' id='line_1_70' title="bbox 2196 2386 3708 2468; baseline -0.008 -17"><span class='ocrx_word' id='word_1_495' title='bbox 2196 2399 2402 2468; x_wconf 86' lang='grc' dir='ltr'>γίνεται</span> <span class='ocrx_word' id='word_1_496' title='bbox 2431 2415 2443 2427; x_wconf 89' lang='grc'>·</span> <span class='ocrx_word' id='word_1_497' title='bbox 2491 2397 2584 2450; x_wconf 70' lang='grc' dir='ltr'>καὶ</span> <span class='ocrx_word' id='word_1_498' title='bbox 2617 2395 2865 2464; x_wconf 83' lang='grc' dir='ltr'>καθάπερ</span> <span class='ocrx_word' id='word_1_499' title='bbox 2901 2411 2984 2456; x_wconf 88' lang='grc' dir='ltr'><strong>τις</strong></span> <span class='ocrx_word' id='word_1_500' title='bbox 3029 2392 3293 2463; x_wconf 87' lang='grc' dir='ltr'>τύραννος</span> <span class='ocrx_word' id='word_1_501' title='bbox 3331 2389 3611 2444; x_wconf 84' lang='grc' dir='ltr'>καταλαϐὼν</span> <span class='ocrx_word' id='word_1_502' title='bbox 3634 2386 3708 2456; x_wconf 77' lang='grc' dir='ltr'>τῆς</span> 
     </span>
    </p>
   </div>
   <div class='ocr_carea' id='block_1_71' title="bbox 2193 2477 3709 2555">
    <p class='ocr_par' dir='ltr' id='par_1_71' title="bbox 2193 2477 3709 2555">
     <span class='ocr_line' id='line_1_71' title="bbox 2193 2477 3709 2555; baseline -0.015 -7"><span class='ocrx_word' id='word_1_503' title='bbox 2193 2484 2368 2555; x_wconf 73' lang='grc' dir='ltr'>ψυχῆς</span> <span class='ocrx_word' id='word_1_504' title='bbox 2418 2484 2515 2555; x_wconf 76' lang='grc' dir='ltr'>τὴν</span> <span class='ocrx_word' id='word_1_505' title='bbox 2569 2483 2890 2555; x_wconf 85' lang='grc' dir='ltr'>ἀκρόπολιν,</span> <span class='ocrx_word' id='word_1_506' title='bbox 2938 2482 3005 2534; x_wconf 78' lang='grc' dir='ltr'><strong>δι’</strong></span> <span class='ocrx_word' id='word_1_507' title='bbox 3068 2482 3250 2534; x_wconf 76' lang='grc' dir='ltr'>αὐτῶν</span> <span class='ocrx_word' id='word_1_508' title='bbox 3303 2482 3407 2533; x_wconf 81' lang='grc' dir='ltr'>τῶν</span> <span class='ocrx_word' id='word_1_509' title='bbox 3447 2477 3709 2548; x_wconf 77' lang='grc' dir='ltr'>ὑποχειρίων</span> 
     </span>
    </p>
   </div>
   <div class='ocr_carea' id='block_1_72' title="bbox 2196 2565 3709 2642">
    <p class='ocr_par' dir='ltr' id='par_1_72' title="bbox 2196 2565 3709 2642">
     <span class='ocr_line' id='line_1_72' title="bbox 2196 2565 3709 2642; baseline -0.009 -15"><span class='ocrx_word' id='word_1_510' title='bbox 2196 2576 2355 2627; x_wconf 89' lang='grc' dir='ltr'><strong>κακοί</strong></span> <span class='ocrx_word' id='word_1_511' title='bbox 2406 2574 2466 2625; x_wconf 83' lang='grc' dir='ltr'>τὸ</span> <span class='ocrx_word' id='word_1_512' title='bbox 2517 2572 2772 2642; x_wconf 79' lang='grc' dir='ltr'>ὑπήκοον,</span> <span class='ocrx_word' id='word_1_513' title='bbox 2822 2571 3118 2638; x_wconf 79' lang='grc' dir='ltr'>ὑπηρέταις</span> <span class='ocrx_word' id='word_1_514' title='bbox 3154 2572 3266 2632; x_wconf 86' lang='grc' dir='ltr'>τοῖς</span> <span class='ocrx_word' id='word_1_515' title='bbox 3308 2566 3568 2638; x_wconf 78' lang='grc' dir='ltr'>ἡμετέροις</span> <span class='ocrx_word' id='word_1_516' title='bbox 3605 2565 3709 2630; x_wconf 79' lang='grc' dir='ltr'>λογι-</span> 
     </span>
    </p>
   </div>
   <div class='ocr_carea' id='block_1_73' title="bbox 2199 2653 3711 2735">
    <p class='ocr_par' dir='ltr' id='par_1_73' title="bbox 2199 2653 3711 2735">
     <span class='ocr_line' id='line_1_73' title="bbox 2199 2653 3711 2735; baseline -0.009 -18"><span class='ocrx_word' id='word_1_517' title='bbox 2199 2668 2353 2735; x_wconf 83' lang='grc' dir='ltr'>σμοῖς</span> <span class='ocrx_word' id='word_1_518' title='bbox 2393 2662 2527 2734; x_wconf 81' lang='grc' dir='ltr'>πρὸς</span> <span class='ocrx_word' id='word_1_519' title='bbox 2572 2661 2631 2713; x_wconf 81' lang='grc' dir='ltr'>τὸ</span> <span class='ocrx_word' id='word_1_520' title='bbox 2673 2660 2854 2714; x_wconf 82' lang='grc' dir='ltr'>δοκοῦν</span> <span class='ocrx_word' id='word_1_521' title='bbox 2897 2661 3071 2730; x_wconf 81' lang='grc' dir='ltr'>ἐαυτῷ</span> <span class='ocrx_word' id='word_1_522' title='bbox 3115 2658 3552 2729; x_wconf 75' lang='grc' dir='ltr'>καταχρώμενοςο</span> <span class='ocrx_word' id='word_1_523' title='bbox 3585 2653 3711 2714; x_wconf 77' lang='grc' dir='ltr'>οὕτως</span> 
     </span>
    </p>
   </div>
   <div class='ocr_carea' id='block_1_74' title="bbox 2197 2741 3713 2824">
    <p class='ocr_par' dir='ltr' id='par_1_74' title="bbox 2197 2741 3713 2824">
     <span class='ocr_line' id='line_1_74' title="bbox 2197 2741 3713 2824; baseline -0.006 -18"><span class='ocrx_word' id='word_1_524' title='bbox 2197 2755 2224 2806; x_wconf 93' lang='lat'><strong>6</strong></span> <span class='ocrx_word' id='word_1_525' title='bbox 2277 2755 2465 2824; x_wconf 81' lang='grc' dir='ltr'>θυμὸς,</span> <span class='ocrx_word' id='word_1_526' title='bbox 2514 2752 2682 2814; x_wconf 80' lang='grc' dir='ltr'>οὓτως</span> <span class='ocrx_word' id='word_1_527' title='bbox 2723 2753 2751 2804; x_wconf 97' lang='lat'><strong>6</strong></span> <span class='ocrx_word' id='word_1_528' title='bbox 2808 2751 2989 2818; x_wconf 74' lang='grc' dir='ltr'>φόϐος,</span> <span class='ocrx_word' id='word_1_529' title='bbox 3039 2753 3071 2819; x_wconf 82' lang='grc' dir='ltr'>ἡ</span> <span class='ocrx_word' id='word_1_530' title='bbox 3125 2751 3316 2814; x_wconf 85' lang='grc' dir='ltr'>δειλία,</span> <span class='ocrx_word' id='word_1_531' title='bbox 3356 2749 3412 2803; x_wconf 76' lang='grc' dir='ltr'><strong>τὸ</strong></span> <span class='ocrx_word' id='word_1_532' title='bbox 3457 2748 3640 2817; x_wconf 76' lang='grc' dir='ltr'>θράσος,</span> <span class='ocrx_word' id='word_1_533' title='bbox 3671 2741 3713 2795; x_wconf 74' lang='grc' dir='ltr'>τὸ</span> 
     </span>
    </p>
   </div>
   <div class='ocr_carea' id='block_1_75' title="bbox 2199 2835 3711 2914">
    <p class='ocr_par' dir='ltr' id='par_1_75' title="bbox 2199 2835 3711 2914">
     <span class='ocr_line' id='line_1_75' title="bbox 2199 2835 3711 2914; baseline -0.003 -15"><span class='ocrx_word' id='word_1_534' title='bbox 2199 2845 2335 2899; x_wconf 74' lang='grc' dir='ltr'>κατὰ</span> <span class='ocrx_word' id='word_1_535' title='bbox 2356 2843 2531 2914; x_wconf 84' lang='grc' dir='ltr'>λύπην</span> <span class='ocrx_word' id='word_1_536' title='bbox 2559 2858 2617 2894; x_wconf 89' lang='grc' dir='ltr'><strong>τε</strong></span> <span class='ocrx_word' id='word_1_537' title='bbox 2645 2842 2737 2895; x_wconf 69' lang='grc' dir='ltr'>καὶ</span> <span class='ocrx_word' id='word_1_538' title='bbox 2763 2842 2822 2894; x_wconf 82' lang='grc' dir='ltr'><strong>τὸ</strong></span> <span class='ocrx_word' id='word_1_539' title='bbox 2857 2841 2974 2894; x_wconf 80' lang='grc' dir='ltr'>καθ’</span> <span class='ocrx_word' id='word_1_540' title='bbox 3008 2843 3204 2912; x_wconf 82' lang='grc' dir='ltr'>ἡδονὴν</span> <span class='ocrx_word' id='word_1_541' title='bbox 3233 2841 3416 2905; x_wconf 78' lang='grc' dir='ltr'>πάθος,</span> <span class='ocrx_word' id='word_1_542' title='bbox 3445 2842 3597 2910; x_wconf 81' lang='grc' dir='ltr'>μῖσος,</span> <span class='ocrx_word' id='word_1_543' title='bbox 3614 2835 3711 2906; x_wconf 79' lang='grc' dir='ltr'>ἔρις.</span> 
     </span>
    </p>
   </div>
   <div class='ocr_carea' id='block_1_76' title="bbox 2199 2928 3710 3004">
    <p class='ocr_par' dir='ltr' id='par_1_76' title="bbox 2199 2928 3710 3004">
     <span class='ocr_line' id='line_1_76' title="bbox 2199 2928 3710 3004; baseline -0.008 -14"><span class='ocrx_word' id='word_1_544' title='bbox 2199 2937 2432 2998; x_wconf 75' lang='grc' dir='ltr'>ἀνέλεος,</span> <span class='ocrx_word' id='word_1_545' title='bbox 2478 2936 2730 3004; x_wconf 80' lang='grc' dir='ltr'>ἀπήνεια,</span> <span class='ocrx_word' id='word_1_546' title='bbox 2769 2934 2978 3002; x_wconf 87' lang='grc' dir='ltr'>φθόνος,</span> <span class='ocrx_word' id='word_1_547' title='bbox 3027 2933 3308 2994; x_wconf 86' lang='grc' dir='ltr'>κολακεία,</span> <span class='ocrx_word' id='word_1_548' title='bbox 3362 2928 3648 3001; x_wconf 78' lang='grc' dir='ltr'>μνησικακία</span> <span class='ocrx_word' id='word_1_549' title='bbox 3669 2940 3710 2975; x_wconf 79' lang='grc' dir='ltr'><strong>τε</strong></span> 
     </span>
    </p>
   </div>
   <div class='ocr_carea' id='block_1_77' title="bbox 2200 3014 3713 3093">
    <p class='ocr_par' dir='ltr' id='par_1_77' title="bbox 2200 3014 3713 3093">
     <span class='ocr_line' id='line_1_77' title="bbox 2200 3014 3713 3093; baseline -0.009 -17"><span class='ocrx_word' id='word_1_550' title='bbox 2200 3025 2292 3077; x_wconf 77' lang='grc' dir='ltr'><strong>καὶ</strong></span> <span class='ocrx_word' id='word_1_551' title='bbox 2337 3024 2658 3093; x_wconf 80' lang='grc' dir='ltr'>ἀναλγησία,</span> <span class='ocrx_word' id='word_1_552' title='bbox 2706 3025 2800 3076; x_wconf 71' lang='grc' dir='ltr'>καὶ</span> <span class='ocrx_word' id='word_1_553' title='bbox 2844 3021 3018 3075; x_wconf 76' lang='grc' dir='ltr'>πάντα</span> <span class='ocrx_word' id='word_1_554' title='bbox 3067 3022 3138 3075; x_wconf 76' lang='grc' dir='ltr'><strong>τὰ</strong></span> <span class='ocrx_word' id='word_1_555' title='bbox 3177 3021 3320 3074; x_wconf 83' lang='grc' dir='ltr'>κατὰ</span> <span class='ocrx_word' id='word_1_556' title='bbox 3351 3021 3408 3074; x_wconf 79' lang='grc' dir='ltr'>τὸ</span> <span class='ocrx_word' id='word_1_557' title='bbox 3444 3017 3645 3072; x_wconf 84' lang='grc' dir='ltr'>ἐναντίον</span> <span class='ocrx_word' id='word_1_558' title='bbox 3672 3014 3713 3065; x_wconf 76' lang='grc' dir='ltr'><strong>ἐν</strong></span> 
     </span>
    </p>
   </div>
   <div class='ocr_carea' id='block_1_78' title="bbox 2200 3109 3712 3187">
    <p class='ocr_par' dir='ltr' id='par_1_78' title="bbox 2200 3109 3712 3187">
     <span class='ocr_line' id='line_1_78' title="bbox 2200 3109 3712 3187; baseline -0.008 -17"><span class='ocrx_word' id='word_1_559' title='bbox 2200 3119 2329 3187; x_wconf 83' lang='grc' dir='ltr'>ἡμῖν</span> <span class='ocrx_word' id='word_1_560' title='bbox 2354 3117 2614 3186; x_wconf 86' lang='grc' dir='ltr'>νοούμενα</span> <span class='ocrx_word' id='word_1_561' title='bbox 2639 3116 2805 3186; x_wconf 80' lang='grc' dir='ltr'>πάθη,</span> <span class='ocrx_word' id='word_1_562' title='bbox 2825 3114 3100 3186; x_wconf 75' lang='grc' dir='ltr'>τυράννων</span> <span class='ocrx_word' id='word_1_563' title='bbox 3135 3114 3251 3187; x_wconf 79' lang='grc' dir='ltr'>ἐστι</span> <span class='ocrx_word' id='word_1_564' title='bbox 3286 3131 3441 3166; x_wconf 87' lang='grc' dir='ltr'>τινων</span> <span class='ocrx_word' id='word_1_565' title='bbox 3467 3112 3548 3163; x_wconf 74' lang='grc' dir='ltr'>καὶ</span> <span class='ocrx_word' id='word_1_566' title='bbox 3569 3109 3712 3161; x_wconf 81' lang='grc' dir='ltr'>δεσπο-</span> 
     </span>
    </p>
   </div>
   <div class='ocr_carea' id='block_1_79' title="bbox 2198 3186 3713 3276">
    <p class='ocr_par' dir='ltr' id='par_1_79' title="bbox 2198 3186 3713 3276">
     <span class='ocr_line' id='line_1_79' title="bbox 2198 3186 3713 3276; baseline -0.003 -17"><span class='ocrx_word' id='word_1_567' title='bbox 2198 3186 2304 3259; x_wconf 87' lang='grc' dir='ltr'>τῶν</span> <span class='ocrx_word' id='word_1_568' title='bbox 2345 3206 2740 3276; x_wconf 87' lang='grc' dir='ltr'>ἀπαρίθμησις,</span> <span class='ocrx_word' id='word_1_569' title='bbox 2788 3206 2894 3258; x_wconf 86' lang='grc' dir='ltr'><strong>τῶν</strong></span> <span class='ocrx_word' id='word_1_570' title='bbox 2948 3205 3082 3276; x_wconf 73' lang='grc' dir='ltr'>πρὸς</span> <span class='ocrx_word' id='word_1_571' title='bbox 3135 3186 3198 3256; x_wconf 76' lang='grc' dir='ltr'>τὸ</span> <span class='ocrx_word' id='word_1_572' title='bbox 3257 3205 3383 3257; x_wconf 76' lang='grc' dir='ltr'>ἴδιον</span> <span class='ocrx_word' id='word_1_573' title='bbox 3433 3203 3604 3272; x_wconf 77' lang='grc' dir='ltr'>κράτος</span> <span class='ocrx_word' id='word_1_574' title='bbox 3645 3195 3713 3265; x_wconf 74' lang='grc' dir='ltr'>τὴν</span> 
     </span>
    </p>
   </div>
   <div class='ocr_carea' id='block_1_80' title="bbox 2198 3285 3712 3368">
    <p class='ocr_par' dir='ltr' id='par_1_80' title="bbox 2198 3285 3712 3368">
     <span class='ocr_line' id='line_1_80' title="bbox 2198 3285 3712 3368; baseline -0.009 -18"><span class='ocrx_word' id='word_1_575' title='bbox 2198 3297 2373 3368; x_wconf 73' lang='grc' dir='ltr'>ψυχὴν</span> <span class='ocrx_word' id='word_1_576' title='bbox 2411 3295 2517 3350; x_wconf 79' lang='grc' dir='ltr'>οἷόν</span> <span class='ocrx_word' id='word_1_577' title='bbox 2562 3316 2682 3350; x_wconf 89' lang='grc' dir='ltr'>τινα</span> <span class='ocrx_word' id='word_1_578' title='bbox 2714 3297 3044 3367; x_wconf 83' lang='grc' dir='ltr'>δορυάλωτον</span> <span class='ocrx_word' id='word_1_579' title='bbox 3095 3295 3565 3348; x_wconf 84' lang='grc' dir='ltr'>καταδουλούντων.</span> <span class='ocrx_word' id='word_1_580' title='bbox 3599 3290 3648 3340; x_wconf 80' lang='lat' dir='ltr'><strong>Ei</strong></span> 
     </span>
    </p>
   </div>
   <div class='ocr_carea' id='block_1_81' title="bbox 2199 3382 3713 3460">
    <p class='ocr_par' dir='ltr' id='par_1_81' title="bbox 2199 3382 3713 3460">
     <span class='ocr_line' id='line_1_81' title="bbox 2199 3382 3713 3460; baseline -0.002 -19"><span class='ocrx_word' id='word_1_581' title='bbox 2199 3406 2282 3451; x_wconf 87' lang='grc' dir='ltr'><strong>τις</strong></span> <span class='ocrx_word' id='word_1_582' title='bbox 2326 3388 2420 3442; x_wconf 75' lang='grc' dir='ltr'>καὶ</span> <span class='ocrx_word' id='word_1_583' title='bbox 2459 3388 2557 3452; x_wconf 81' lang='grc' dir='ltr'><strong>τὰς</strong></span> <span class='ocrx_word' id='word_1_584' title='bbox 2595 3389 2723 3460; x_wconf 71' lang='grc' dir='ltr'>περὶ</span> <span class='ocrx_word' id='word_1_585' title='bbox 2765 3389 2824 3441; x_wconf 83' lang='grc' dir='ltr'><strong>τὺ</strong></span> <span class='ocrx_word' id='word_1_586' title='bbox 2873 3388 3030 3458; x_wconf 86' lang='grc' dir='ltr'>σῶμα</span> <span class='ocrx_word' id='word_1_587' title='bbox 3072 3389 3358 3459; x_wconf 79' lang='grc' dir='ltr'>συμφορὰς</span> <span class='ocrx_word' id='word_1_588' title='bbox 3390 3382 3713 3452; x_wconf 74' lang='grc' dir='ltr'>ἀναλογίζοιτο.</span> 
     </span>
    </p>
   </div>
   <div class='ocr_carea' id='block_1_82' title="bbox 2199 3478 3717 3552">
    <p class='ocr_par' dir='ltr' id='par_1_82' title="bbox 2199 3478 3717 3552">
     <span class='ocr_line' id='line_1_82' title="bbox 2199 3478 3717 3552; baseline -0.008 -18"><span class='ocrx_word' id='word_1_589' title='bbox 2199 3481 2296 3544; x_wconf 72' lang='grc' dir='ltr'>τὰς</span> <span class='ocrx_word' id='word_1_590' title='bbox 2320 3484 2386 3552; x_wconf 80' lang='grc' dir='ltr'>τῇ</span> <span class='ocrx_word' id='word_1_591' title='bbox 2423 3480 2582 3550; x_wconf 84' lang='grc' dir='ltr'>φύσει</span> <span class='ocrx_word' id='word_1_592' title='bbox 2611 3480 2765 3551; x_wconf 82' lang='grc' dir='ltr'>ἡμῶν</span> <span class='ocrx_word' id='word_1_593' title='bbox 2809 3479 3302 3549; x_wconf 84' lang='grc' dir='ltr'>συμπεπλεγμένας</span> <span class='ocrx_word' id='word_1_594' title='bbox 3341 3497 3396 3533; x_wconf 90' lang='grc' dir='ltr'><strong>τε</strong></span> <span class='ocrx_word' id='word_1_595' title='bbox 3434 3478 3518 3532; x_wconf 74' lang='grc' dir='ltr'>καὶ</span> <span class='ocrx_word' id='word_1_596' title='bbox 3544 3487 3717 3541; x_wconf 72' lang='grc' dir='ltr'>συστρεο</span> 
     </span>
    </p>
   </div>
   <div class='ocr_carea' id='block_1_83' title="bbox 2203 3562 3715 3645">
    <p class='ocr_par' dir='ltr' id='par_1_83' title="bbox 2203 3562 3715 3645">
     <span class='ocr_line' id='line_1_83' title="bbox 2203 3562 3715 3645; baseline -0.009 -17"><span class='ocrx_word' id='word_1_597' title='bbox 2203 3575 2459 3645; x_wconf 85' lang='grc' dir='ltr'>φομένας,</span> <span class='ocrx_word' id='word_1_598' title='bbox 2497 3573 2594 3638; x_wconf 84' lang='grc' dir='ltr'><strong>τὰς</strong></span> <span class='ocrx_word' id='word_1_599' title='bbox 2639 3573 2885 3635; x_wconf 86' lang='grc' dir='ltr'>ποικίλας</span> <span class='ocrx_word' id='word_1_600' title='bbox 2928 3572 3073 3640; x_wconf 74' lang='grc' dir='ltr'>λέγω</span> <span class='ocrx_word' id='word_1_601' title='bbox 3127 3573 3219 3626; x_wconf 79' lang='grc' dir='ltr'>καὶ</span> <span class='ocrx_word' id='word_1_602' title='bbox 3279 3571 3611 3641; x_wconf 75' lang='grc' dir='ltr'>πολυτρόπους</span> <span class='ocrx_word' id='word_1_603' title='bbox 3638 3562 3715 3616; x_wconf 80' lang='grc' dir='ltr'>τῶν</span> 
     </span>
    </p>
   </div>
   <div class='ocr_carea' id='block_1_84' title="bbox 2203 3653 3718 3737">
    <p class='ocr_par' dir='ltr' id='par_1_84' title="bbox 2203 3653 3718 3737">
     <span class='ocr_line' id='line_1_84' title="bbox 2203 3653 3718 3737; baseline -0.006 -17"><span class='ocrx_word' id='word_1_604' title='bbox 2203 3667 2523 3737; x_wconf 79' lang='grc' dir='ltr'>νοσημάτων</span> <span class='ocrx_word' id='word_1_605' title='bbox 2573 3665 2735 3727; x_wconf 82' lang='grc' dir='ltr'>ἰδέας,</span> <span class='ocrx_word' id='word_1_606' title='bbox 2784 3657 2858 3718; x_wconf 83' lang='grc' dir='ltr'>ὧν</span> <span class='ocrx_word' id='word_1_607' title='bbox 2897 3664 3114 3717; x_wconf 79' lang='grc' dir='ltr'>πάντων</span> <span class='ocrx_word' id='word_1_608' title='bbox 3152 3665 3215 3717; x_wconf 84' lang='grc' dir='ltr'>τὸ</span> <span class='ocrx_word' id='word_1_609' title='bbox 3257 3666 3376 3717; x_wconf 73' lang='grc' dir='ltr'>κατ’</span> <span class='ocrx_word' id='word_1_610' title='bbox 3419 3660 3571 3733; x_wconf 75' lang='grc' dir='ltr'>ἀρχὰς</span> <span class='ocrx_word' id='word_1_611' title='bbox 3602 3653 3718 3710; x_wconf 80' lang='grc' dir='ltr'>ἁπεί·</span> 
     </span>
    </p>
   </div>
   <div class='ocr_carea' id='block_1_85' title="bbox 2207 3741 3720 3829">
    <p class='ocr_par' dir='ltr' id='par_1_85' title="bbox 2207 3741 3720 3829">
     <span class='ocr_line' id='line_1_85' title="bbox 2207 3741 3720 3829; baseline -0.008 -19"><span class='ocrx_word' id='word_1_612' title='bbox 2207 3774 2365 3829; x_wconf 87' lang='grc' dir='ltr'>ρατον</span> <span class='ocrx_word' id='word_1_613' title='bbox 2396 3753 2462 3827; x_wconf 75' lang='grc' dir='ltr'>ἦν</span> <span class='ocrx_word' id='word_1_614' title='bbox 2500 3755 2560 3809; x_wconf 83' lang='grc' dir='ltr'><strong>τδ</strong></span> <span class='ocrx_word' id='word_1_615' title='bbox 2596 3753 2948 3826; x_wconf 83' lang='grc' dir='ltr'>ἀνθρώπινον,</span> <span class='ocrx_word' id='word_1_616' title='bbox 2987 3754 3120 3808; x_wconf 79' lang='grc' dir='ltr'>πολὺ</span> <span class='ocrx_word' id='word_1_617' title='bbox 3165 3755 3362 3824; x_wconf 78' lang='grc' dir='ltr'>μᾶλλον</span> <span class='ocrx_word' id='word_1_618' title='bbox 3400 3750 3644 3804; x_wconf 84' lang='grc' dir='ltr'>πλεονάσει</span> <span class='ocrx_word' id='word_1_619' title='bbox 3675 3741 3720 3794; x_wconf 69' lang='grc' dir='ltr'>τὸ</span> 
     </span>
    </p>
   </div>
   <div class='ocr_carea' id='block_1_86' title="bbox 2203 3835 3720 3918">
    <p class='ocr_par' dir='ltr' id='par_1_86' title="bbox 2203 3835 3720 3918">
     <span class='ocr_line' id='line_1_86' title="bbox 2203 3835 3720 3918; baseline -0.007 -18"><span class='ocrx_word' id='word_1_620' title='bbox 2203 3848 2454 3918; x_wconf 76' lang='grc' dir='ltr'>δάκρυον,</span> <span class='ocrx_word' id='word_1_621' title='bbox 2488 3849 2550 3900; x_wconf 90' lang='grc' dir='ltr'><strong>ἐκ</strong></span> <span class='ocrx_word' id='word_1_622' title='bbox 2587 3845 2926 3917; x_wconf 79' lang='grc' dir='ltr'>παραλλήλου</span> <span class='ocrx_word' id='word_1_623' title='bbox 2976 3846 3196 3915; x_wconf 83' lang='grc' dir='ltr'>θεωρῶν</span> <span class='ocrx_word' id='word_1_624' title='bbox 3249 3847 3367 3899; x_wconf 76' lang='grc' dir='ltr'>ἀντὶ</span> <span class='ocrx_word' id='word_1_625' title='bbox 3412 3844 3509 3897; x_wconf 84' lang='grc' dir='ltr'><strong>τῶν</strong></span> <span class='ocrx_word' id='word_1_626' title='bbox 3551 3835 3720 3907; x_wconf 82' lang='grc' dir='ltr'>ἀγαθῶν</span> 
     </span>
    </p>
   </div>
   <div class='ocr_carea' id='block_1_87' title="bbox 2204 3921 3719 4007">
    <p class='ocr_par' dir='ltr' id='par_1_87' title="bbox 2204 3921 3719 4007">
     <span class='ocr_line' id='line_1_87' title="bbox 2204 3921 3719 4007; baseline -0.009 -17"><span class='ocrx_word' id='word_1_627' title='bbox 2204 3937 2272 3990; x_wconf 79' lang='grc' dir='ltr'><strong>τὰ</strong></span> <span class='ocrx_word' id='word_1_628' title='bbox 2315 3935 2552 4007; x_wconf 76' lang='grc' dir='ltr'>λυπηρὰ,</span> <span class='ocrx_word' id='word_1_629' title='bbox 2599 3935 2692 3988; x_wconf 60' lang='grc' dir='ltr'><strong>καὶ¹</strong></span> <span class='ocrx_word' id='word_1_630' title='bbox 2730 3934 3170 4005; x_wconf 74' lang='grc' dir='ltr'>ἀντιπαρατιθεὶς</span> <span class='ocrx_word' id='word_1_631' title='bbox 3209 3933 3277 3986; x_wconf 75' lang='grc' dir='ltr'><strong>τὰ</strong></span> <span class='ocrx_word' id='word_1_632' title='bbox 3323 3931 3462 3986; x_wconf 83' lang='grc' dir='ltr'>κακὰ</span> <span class='ocrx_word' id='word_1_633' title='bbox 3500 3930 3596 3989; x_wconf 84' lang='grc' dir='ltr'>τοῖς</span> <span class='ocrx_word' id='word_1_634' title='bbox 3629 3921 3719 3992; x_wconf 79' lang='grc' dir='ltr'>βελ-</span> 
     </span>
    </p>
   </div>
   <div class='ocr_carea' id='block_1_88' title="bbox 2205 4011 3723 4097">
    <p class='ocr_par' dir='ltr' id='par_1_88' title="bbox 2205 4011 3723 4097">
     <span class='ocr_line' id='line_1_88' title="bbox 2205 4011 3723 4097; baseline -0.007 -15"><span class='ocrx_word' id='word_1_635' title='bbox 2205 4030 2394 4082; x_wconf 84' lang='grc' dir='ltr'>τίοσιν.</span> <span class='ocrx_word' id='word_1_636' title='bbox 2435 4027 2604 4080; x_wconf 71' lang='grc' dir='ltr'>Τοῦτο</span> <span class='ocrx_word' id='word_1_637' title='bbox 2643 4023 2736 4080; x_wconf 80' lang='grc' dir='ltr'>οὖν</span> <span class='ocrx_word' id='word_1_638' title='bbox 2774 4025 2945 4079; x_wconf 76' lang='grc' dir='ltr'>ἔοικεν</span> <span class='ocrx_word' id='word_1_639' title='bbox 2999 4028 3056 4079; x_wconf 88' lang='grc' dir='ltr'><strong>ἐν</strong></span> <span class='ocrx_word' id='word_1_640' title='bbox 3103 4026 3398 4097; x_wconf 72' lang='grc' dir='ltr'>ἀπορρήτῳ</span> <span class='ocrx_word' id='word_1_641' title='bbox 3443 4011 3723 4075; x_wconf 73' lang='grc' dir='ltr'>διδάσκεινῦ</span> 
     </span>
    </p>
   </div>
   <div class='ocr_carea' id='block_1_89' title="bbox 2211 4103 3720 4191">
    <p class='ocr_par' dir='ltr' id='par_1_89' title="bbox 2211 4103 3720 4191">
     <span class='ocr_line' id='line_1_89' title="bbox 2211 4103 3720 4191; baseline -0.007 -19"><span class='ocrx_word' id='word_1_642' title='bbox 2211 4119 2524 4191; x_wconf 80' lang='grc' dir='ltr'>μακαρίζων</span> <span class='ocrx_word' id='word_1_643' title='bbox 2567 4119 2627 4171; x_wconf 81' lang='grc' dir='ltr'>τὸ</span> <span class='ocrx_word' id='word_1_644' title='bbox 2678 4118 2885 4182; x_wconf 82' lang='grc' dir='ltr'>πένθος,</span> <span class='ocrx_word' id='word_1_645' title='bbox 2929 4118 2987 4170; x_wconf 83' lang='grc' dir='ltr'>τὸ</span> <span class='ocrx_word' id='word_1_646' title='bbox 3024 4118 3160 4187; x_wconf 83' lang='grc' dir='ltr'>πρὸς</span> <span class='ocrx_word' id='word_1_647' title='bbox 3198 4118 3257 4170; x_wconf 84' lang='grc' dir='ltr'>τὸ</span> <span class='ocrx_word' id='word_1_648' title='bbox 3293 4113 3528 4186; x_wconf 70' lang='grc' dir='ltr'>ἀληθινόν</span> <span class='ocrx_word' id='word_1_649' title='bbox 3567 4103 3720 4191; x_wconf 45' lang='grc' dir='ltr'>ἀγαθὸν</span> 
     </span>
    </p>
   </div>
   <div class='ocr_carea' id='block_1_90' title="bbox 2208 4190 3720 4281">
    <p class='ocr_par' dir='ltr' id='par_1_90' title="bbox 2208 4190 3720 4281">
     <span class='ocr_line' id='line_1_90' title="bbox 2208 4190 3720 4281; baseline -0.007 -17"><span class='ocrx_word' id='word_1_650' title='bbox 2208 4190 2304 4281; x_wconf 84' lang='grc' dir='ltr'><strong>τὴν</strong></span> <span class='ocrx_word' id='word_1_651' title='bbox 2353 4190 2529 4279; x_wconf 73' lang='grc' dir='ltr'>ψυχὴν</span> <span class='ocrx_word' id='word_1_652' title='bbox 2581 4208 2816 4279; x_wconf 82' lang='grc' dir='ltr'>βλέπειν,</span> <span class='ocrx_word' id='word_1_653' title='bbox 2870 4209 3001 4278; x_wconf 84' lang='grc' dir='ltr'><strong>μηδέ</strong></span> <span class='ocrx_word' id='word_1_654' title='bbox 3043 4212 3108 4279; x_wconf 82' lang='grc' dir='ltr'>τῇ</span> <span class='ocrx_word' id='word_1_655' title='bbox 3163 4207 3405 4280; x_wconf 82' lang='grc' dir='ltr'>παρούσῃ</span> <span class='ocrx_word' id='word_1_656' title='bbox 3456 4205 3613 4273; x_wconf 77' lang='grc' dir='ltr'>ἀπάτῃ</span> <span class='ocrx_word' id='word_1_657' title='bbox 3653 4190 3720 4248; x_wconf 67' lang='grc' dir='ltr'>τΰῦ</span> 
     </span>
    </p>
   </div>
   <div class='ocr_carea' id='block_1_91' title="bbox 2212 4285 3723 4371">
    <p class='ocr_par' dir='ltr' id='par_1_91' title="bbox 2212 4285 3723 4371">
     <span class='ocr_line' id='line_1_91' title="bbox 2212 4285 3723 4371; baseline -0.007 -19"><span class='ocrx_word' id='word_1_658' title='bbox 2212 4301 2326 4371; x_wconf 85' lang='grc' dir='ltr'>βίου</span> <span class='ocrx_word' id='word_1_659' title='bbox 2364 4299 2894 4364; x_wconf 77' lang='grc' dir='ltr'>καταϐαπτίζεσθαι·</span> <span class='ocrx_word' id='word_1_660' title='bbox 2937 4300 2998 4352; x_wconf 81' lang='grc' dir='ltr'>οὐ</span> <span class='ocrx_word' id='word_1_661' title='bbox 3035 4299 3144 4368; x_wconf 80' lang='grc' dir='ltr'><strong>γὰρ</strong></span> <span class='ocrx_word' id='word_1_662' title='bbox 3183 4300 3327 4351; x_wconf 79' lang='grc' dir='ltr'>ἔστιν</span> <span class='ocrx_word' id='word_1_663' title='bbox 3364 4297 3479 4349; x_wconf 72' lang='grc' dir='ltr'>οὔτε</span> <span class='ocrx_word' id='word_1_664' title='bbox 3515 4285 3723 4356; x_wconf 77' lang='grc' dir='ltr'>ἀδακρυτὶ</span> 
     </span>
    </p>
   </div>
   <div class='ocr_carea' id='block_1_92' title="bbox 535 4385 2100 4469">
    <p class='ocr_par' dir='ltr' id='par_1_92' title="bbox 535 4390 2100 4469">
     <span class='ocr_line' id='line_1_92' title="bbox 535 4390 2100 4469; baseline -0.007 -15"><span class='ocrx_word' id='word_1_665' title='bbox 535 4402 898 4461; x_wconf 88' lang='lat' dir='ltr'><strong>turbationes,</strong></span> <span class='ocrx_word' id='word_1_666' title='bbox 933 4407 1292 4469; x_wconf 88' lang='lat' dir='ltr'><strong>tyrannorum</strong></span> <span class='ocrx_word' id='word_1_667' title='bbox 1346 4391 1711 4463; x_wconf 89' lang='lat' dir='ltr'><strong>quorumdam</strong></span> <span class='ocrx_word' id='word_1_668' title='bbox 1744 4405 1808 4445; x_wconf 88' lang='lat' dir='ltr'><strong>ac</strong></span> <span class='ocrx_word' id='word_1_669' title='bbox 1851 4390 2100 4444; x_wconf 84' lang='lat' dir='ltr'><strong>domino-</strong></span> 
     </span>
    </p>
   </div>
   <div class='ocr_carea' id='block_1_93' title="bbox 2200 4385 3723 4469">
    <p class='ocr_par' dir='ltr' id='par_1_93' title="bbox 2215 4385 3723 4463">
     <span class='ocr_line' id='line_1_93' title="bbox 2215 4385 3723 4463; baseline -0.007 -18"><span class='ocrx_word' id='word_1_670' title='bbox 2215 4393 2311 4463; x_wconf 78' lang='grc' dir='ltr'><strong>ζῇν</strong></span> <span class='ocrx_word' id='word_1_671' title='bbox 2349 4393 2437 4445; x_wconf 77' lang='grc' dir='ltr'><strong>τὸν</strong></span> <span class='ocrx_word' id='word_1_672' title='bbox 2477 4391 2884 4461; x_wconf 81' lang='grc' dir='ltr'>ἐπεσκεμμένον</span> <span class='ocrx_word' id='word_1_673' title='bbox 2921 4391 2986 4444; x_wconf 89' lang='grc' dir='ltr'><strong>δι’</strong></span> <span class='ocrx_word' id='word_1_674' title='bbox 3029 4390 3312 4460; x_wconf 77' lang='grc' dir='ltr'>ἀκριϐείας</span> <span class='ocrx_word' id='word_1_675' title='bbox 3346 4388 3413 4441; x_wconf 75' lang='grc' dir='ltr'>τὰ</span> <span class='ocrx_word' id='word_1_676' title='bbox 3462 4385 3723 4457; x_wconf 69' lang='grc' dir='ltr'>πράγματα»</span> 
     </span>
    </p>
   </div>
   <div class='ocr_carea' id='block_1_94' title="bbox 539 4483 2106 4560">
    <p class='ocr_par' dir='ltr' id='par_1_94' title="bbox 539 4483 2106 4560">
     <span class='ocr_line' id='line_1_94' title="bbox 539 4483 2106 4560; baseline -0.007 -15"><span class='ocrx_word' id='word_1_677' title='bbox 539 4508 682 4557; x_wconf 88' lang='lat' dir='ltr'><strong>rum,</strong></span> <span class='ocrx_word' id='word_1_678' title='bbox 724 4506 826 4560; x_wconf 90' lang='lat' dir='ltr'><strong>pro</strong></span> <span class='ocrx_word' id='word_1_679' title='bbox 876 4505 974 4544; x_wconf 89' lang='lat' dir='ltr'><strong>suo</strong></span> <span class='ocrx_word' id='word_1_680' title='bbox 1024 4487 1252 4558; x_wconf 87' lang='lat' dir='ltr'><strong>imperio</strong></span> <span class='ocrx_word' id='word_1_681' title='bbox 1311 4486 1553 4540; x_wconf 87' lang='lat' dir='ltr'><strong>animam</strong></span> <span class='ocrx_word' id='word_1_682' title='bbox 1610 4484 1779 4539; x_wconf 87' lang='lat' dir='ltr'><strong>veluti</strong></span> <span class='ocrx_word' id='word_1_683' title='bbox 1835 4483 2106 4552; x_wconf 88' lang='lat' dir='ltr'><strong>captivam</strong></span> 
     </span>
    </p>
   </div>
   <div class='ocr_carea' id='block_1_95' title="bbox 539 4573 2108 4651">
    <p class='ocr_par' dir='ltr' id='par_1_95' title="bbox 539 4573 2108 4651">
     <span class='ocr_line' id='line_1_95' title="bbox 539 4573 2108 4651; baseline -0.005 -17"><span class='ocrx_word' id='word_1_684' title='bbox 539 4583 833 4651; x_wconf 87' lang='lat' dir='ltr'><strong>quamdam</strong></span> <span class='ocrx_word' id='word_1_685' title='bbox 877 4580 1267 4650; x_wconf 87' lang='lat' dir='ltr'><strong>subigentium,</strong></span> <span class='ocrx_word' id='word_1_686' title='bbox 1320 4575 1666 4631; x_wconf 89' lang='lat' dir='ltr'><strong>enumeratio</strong></span> <span class='ocrx_word' id='word_1_687' title='bbox 1716 4584 1818 4630; x_wconf 87' lang='lat' dir='ltr'><strong>est.</strong></span> <span class='ocrx_word' id='word_1_688' title='bbox 1848 4574 2006 4640; x_wconf 84' lang='lat' dir='ltr'><strong>Quod</strong></span> <span class='ocrx_word' id='word_1_689' title='bbox 2062 4573 2108 4627; x_wconf 90' lang='lat' dir='ltr'><strong>si</strong></span> 
     </span>
    </p>
   </div>
   <div class='ocr_carea' id='block_1_96' title="bbox 538 4665 2110 4742">
    <p class='ocr_par' dir='ltr' id='par_1_96' title="bbox 538 4665 2110 4742">
     <span class='ocr_line' id='line_1_96' title="bbox 538 4665 2110 4742; baseline -0.003 -17"><span class='ocrx_word' id='word_1_690' title='bbox 538 4672 663 4740; x_wconf 91' lang='lat' dir='ltr'><strong>quis</strong></span> <span class='ocrx_word' id='word_1_691' title='bbox 699 4673 863 4727; x_wconf 91' lang='lat' dir='ltr'><strong>etiam</strong></span> <span class='ocrx_word' id='word_1_692' title='bbox 892 4669 1194 4742; x_wconf 88' lang='lat' dir='ltr'><strong>perpendat</strong></span> <span class='ocrx_word' id='word_1_693' title='bbox 1225 4669 1561 4722; x_wconf 86' lang='lat' dir='ltr'><strong>calamitates</strong></span> <span class='ocrx_word' id='word_1_694' title='bbox 1606 4666 1878 4734; x_wconf 88' lang='lat' dir='ltr'><strong>corporis,</strong></span> <span class='ocrx_word' id='word_1_695' title='bbox 1912 4665 2110 4735; x_wconf 90' lang='lat' dir='ltr'><strong>quibus</strong></span> 
     </span>
    </p>
   </div>
   <div class='ocr_carea' id='block_1_97' title="bbox 536 4758 2108 4829">
    <p class='ocr_par' dir='ltr' id='par_1_97' title="bbox 536 4758 2108 4829">
     <span class='ocr_line' id='line_1_97' title="bbox 536 4758 2108 4829; baseline -0.003 -13"><span class='ocrx_word' id='word_1_696' title='bbox 536 4770 732 4816; x_wconf 86' lang='lat' dir='ltr'><strong>natura</strong></span> <span class='ocrx_word' id='word_1_697' title='bbox 757 4771 944 4818; x_wconf 88' lang='lat' dir='ltr'><strong>nostra</strong></span> <span class='ocrx_word' id='word_1_698' title='bbox 978 4762 1322 4817; x_wconf 82' lang='lat' dir='ltr'><strong>conflictatur</strong></span> <span class='ocrx_word' id='word_1_699' title='bbox 1352 4770 1406 4814; x_wconf 89' lang='lat' dir='ltr'><strong>et</strong></span> <span class='ocrx_word' id='word_1_700' title='bbox 1435 4759 1718 4829; x_wconf 88' lang='lat' dir='ltr'><strong>implicata</strong></span> <span class='ocrx_word' id='word_1_701' title='bbox 1746 4764 1852 4821; x_wconf 87' lang='lat' dir='ltr'><strong>&#39;est,</strong></span> <span class='ocrx_word' id='word_1_702' title='bbox 1902 4758 2108 4822; x_wconf 86' lang='lat' dir='ltr'><strong>varias,</strong></span> 
     </span>
    </p>
   </div>
   <div class='ocr_carea' id='block_1_98' title="bbox 535 4850 2110 4921">
    <p class='ocr_par' dir='ltr' id='par_1_98' title="bbox 535 4850 2110 4921">
     <span class='ocr_line' id='line_1_98' title="bbox 535 4850 2110 4921; baseline -0.004 -13"><span class='ocrx_word' id='word_1_703' title='bbox 535 4853 780 4921; x_wconf 86' lang='lat' dir='ltr'><strong>inquam,</strong></span> <span class='ocrx_word' id='word_1_704' title='bbox 812 4863 865 4907; x_wconf 93' lang='lat' dir='ltr'><strong>et</strong></span> <span class='ocrx_word' id='word_1_705' title='bbox 890 4853 1236 4908; x_wconf 88' lang='lat' dir='ltr'><strong>multimodas</strong></span> <span class='ocrx_word' id='word_1_706' title='bbox 1266 4852 1578 4906; x_wconf 89' lang='lat' dir='ltr'><strong>morborum</strong></span> <span class='ocrx_word' id='word_1_707' title='bbox 1619 4850 1854 4920; x_wconf 88' lang='lat' dir='ltr'><strong>species,</strong></span> <span class='ocrx_word' id='word_1_708' title='bbox 1874 4864 2110 4918; x_wconf 88' lang='lat' dir='ltr'><strong>quorum</strong></span> 
     </span>
    </p>
   </div>
   <div class='ocr_carea' id='block_1_99' title="bbox 537 4942 2107 5013">
    <p class='ocr_par' dir='ltr' id='par_1_99' title="bbox 537 4942 2107 5013">
     <span class='ocr_line' id='line_1_99' title="bbox 537 4942 2107 5013; baseline -0.001 -16"><span class='ocrx_word' id='word_1_709' title='bbox 537 4943 782 4997; x_wconf 90' lang='lat' dir='ltr'><strong>omnium</strong></span> <span class='ocrx_word' id='word_1_710' title='bbox 815 4957 1011 5011; x_wconf 82' lang='lat' dir='ltr'><strong>expers</strong></span> <span class='ocrx_word' id='word_1_711' title='bbox 1042 4952 1096 4997; x_wconf 88' lang='lat' dir='ltr'><strong>et</strong></span> <span class='ocrx_word' id='word_1_712' title='bbox 1140 4945 1384 4999; x_wconf 89' lang='lat' dir='ltr'><strong>immune</strong></span> <span class='ocrx_word' id='word_1_713' title='bbox 1435 4952 1554 4998; x_wconf 89' lang='lat' dir='ltr'><strong>erat</strong></span> <span class='ocrx_word' id='word_1_714' title='bbox 1609 4942 1678 4996; x_wconf 90' lang='lat' dir='ltr'><strong>ab</strong></span> <span class='ocrx_word' id='word_1_715' title='bbox 1725 4942 1885 4996; x_wconf 93' lang='lat' dir='ltr'><strong>initio</strong></span> <span class='ocrx_word' id='word_1_716' title='bbox 1931 4956 2107 5013; x_wconf 83' lang='lat' dir='ltr'><strong>genus</strong></span> 
     </span>
    </p>
   </div>
   <div class='ocr_carea' id='block_1_100' title="bbox 537 5034 2105 5106">
    <p class='ocr_par' dir='ltr' id='par_1_100' title="bbox 537 5034 2105 5106">
     <span class='ocr_line' id='line_1_100' title="bbox 537 5034 2105 5106; baseline -0.002 -17"><span class='ocrx_word' id='word_1_717' title='bbox 537 5037 859 5098; x_wconf 85' lang='lat' dir='ltr'><strong>humanum,</strong></span> <span class='ocrx_word' id='word_1_718' title='bbox 927 5034 1097 5088; x_wconf 92' lang='lat' dir='ltr'><strong>multo</strong></span> <span class='ocrx_word' id='word_1_719' title='bbox 1159 5035 1592 5090; x_wconf 87' lang='lat' dir='ltr'><strong>abundantiores</strong></span> <span class='ocrx_word' id='word_1_720' title='bbox 1652 5035 1927 5106; x_wconf 86' lang='lat' dir='ltr'><strong>lacrymas</strong></span> <span class='ocrx_word' id='word_1_721' title='bbox 1972 5047 2105 5104; x_wconf 87' lang='lat' dir='ltr'><strong>pro-</strong></span> 
     </span>
    </p>
   </div>
   <div class='ocr_carea' id='block_1_101' title="bbox 539 5124 2110 5196">
    <p class='ocr_par' dir='ltr' id='par_1_101' title="bbox 539 5124 2110 5196">
     <span class='ocr_line' id='line_1_101' title="bbox 539 5124 2110 5196; baseline -0.004 -12"><span class='ocrx_word' id='word_1_722' title='bbox 539 5128 757 5190; x_wconf 91' lang='lat' dir='ltr'><strong>fundet,</strong></span> <span class='ocrx_word' id='word_1_723' title='bbox 786 5127 914 5182; x_wconf 90' lang='lat' dir='ltr'><strong>dum</strong></span> <span class='ocrx_word' id='word_1_724' title='bbox 944 5142 1042 5196; x_wconf 90' lang='lat' dir='ltr'><strong>pro</strong></span> <span class='ocrx_word' id='word_1_725' title='bbox 1074 5126 1234 5180; x_wconf 89' lang='lat' dir='ltr'><strong>bonis</strong></span> <span class='ocrx_word' id='word_1_726' title='bbox 1263 5142 1352 5181; x_wconf 87' lang='lat' dir='ltr'><strong>res</strong></span> <span class='ocrx_word' id='word_1_727' title='bbox 1386 5128 1576 5184; x_wconf 88' lang='lat' dir='ltr'><strong>tristes</strong></span> <span class='ocrx_word' id='word_1_728' title='bbox 1617 5135 1671 5182; x_wconf 89' lang='lat' dir='ltr'><strong>et</strong></span> <span class='ocrx_word' id='word_1_729' title='bbox 1701 5129 1930 5182; x_wconf 88' lang='lat' dir='ltr'><strong>acerbas</strong></span> <span class='ocrx_word' id='word_1_730' title='bbox 1976 5124 2110 5179; x_wconf 49' lang='lat' dir='ltr'><strong>invi-</strong></span> 
     </span>
    </p>
   </div>
   <div class='ocr_carea' id='block_1_102' title="bbox 536 5215 2111 5287">
    <p class='ocr_par' dir='ltr' id='par_1_102' title="bbox 536 5215 2111 5287">
     <span class='ocr_line' id='line_1_102' title="bbox 536 5215 2111 5287; baseline -0.004 -12"><span class='ocrx_word' id='word_1_731' title='bbox 536 5237 654 5277; x_wconf 93' lang='lat' dir='ltr'><strong>cem</strong></span> <span class='ocrx_word' id='word_1_732' title='bbox 691 5219 1022 5280; x_wconf 86' lang='lat' dir='ltr'><strong>considerat,</strong></span> <span class='ocrx_word' id='word_1_733' title='bbox 1049 5215 1396 5273; x_wconf 92' lang='lat' dir='ltr'><strong>incommoda</strong></span> <span class='ocrx_word' id='word_1_734' title='bbox 1413 5218 1720 5274; x_wconf 90' lang='lat' dir='ltr'><strong>commodis</strong></span> <span class='ocrx_word' id='word_1_735' title='bbox 1738 5217 2111 5287; x_wconf 87' lang='lat' dir='ltr'><strong>comparando</strong></span> 
     </span>
    </p>
   </div>
   <div class='ocr_carea' id='block_1_103' title="bbox 537 5307 2113 5383">
    <p class='ocr_par' dir='ltr' id='par_1_103' title="bbox 537 5307 2113 5383">
     <span class='ocr_line' id='line_1_103' title="bbox 537 5307 2113 5383; baseline -0.004 -18"><span class='ocrx_word' id='word_1_736' title='bbox 537 5310 788 5383; x_wconf 87' lang='lat' dir='ltr'><strong>opponit.</strong></span> <span class='ocrx_word' id='word_1_737' title='bbox 825 5309 939 5364; x_wconf 87' lang='lat' dir='ltr'><strong>Hoc</strong></span> <span class='ocrx_word' id='word_1_738' title='bbox 986 5310 1153 5380; x_wconf 88' lang='lat' dir='ltr'><strong>igitur</strong></span> <span class='ocrx_word' id='word_1_739' title='bbox 1189 5309 1424 5363; x_wconf 84' lang='lat' dir='ltr'><strong>latenter</strong></span> <span class='ocrx_word' id='word_1_740' title='bbox 1460 5316 1512 5363; x_wconf 94' lang='lat' dir='ltr'><strong>et</strong></span> <span class='ocrx_word' id='word_1_741' title='bbox 1535 5311 1752 5365; x_wconf 86' lang='lat' dir='ltr'><strong>occulte</strong></span> <span class='ocrx_word' id='word_1_742' title='bbox 1799 5309 1998 5363; x_wconf 88' lang='lat' dir='ltr'><strong>docere</strong></span> <span class='ocrx_word' id='word_1_743' title='bbox 2033 5307 2113 5360; x_wconf 89' lang='lat' dir='ltr'><strong>vi-</strong></span> 
     </span>
    </p>
   </div>
   <div class='ocr_carea' id='block_1_104' title="bbox 537 5396 2108 5472">
    <p class='ocr_par' dir='ltr' id='par_1_104' title="bbox 537 5396 2108 5472">
     <span class='ocr_line' id='line_1_104' title="bbox 537 5396 2108 5472; baseline -0.006 -14"><span class='ocrx_word' id='word_1_744' title='bbox 537 5405 718 5464; x_wconf 89' lang='lat' dir='ltr'><strong>detur,</strong></span> <span class='ocrx_word' id='word_1_745' title='bbox 749 5403 843 5472; x_wconf 91' lang='lat' dir='ltr'><strong>qui</strong></span> <span class='ocrx_word' id='word_1_746' title='bbox 886 5401 1093 5455; x_wconf 91' lang='lat' dir='ltr'><strong>luctum</strong></span> <span class='ocrx_word' id='word_1_747' title='bbox 1117 5401 1348 5455; x_wconf 90' lang='lat' dir='ltr'><strong>&#39;beatum</strong></span> <span class='ocrx_word' id='word_1_748' title='bbox 1382 5415 1505 5456; x_wconf 89' lang='lat' dir='ltr'><strong>esse</strong></span> <span class='ocrx_word' id='word_1_749' title='bbox 1526 5401 1811 5470; x_wconf 70' lang='lat' dir='ltr'><strong>praedicat,</strong></span> <span class='ocrx_word' id='word_1_750' title='bbox 1848 5396 2108 5451; x_wconf 86' lang='lat' dir='ltr'><strong>nimirum</strong></span> 
     </span>
    </p>
   </div>
   <div class='ocr_carea' id='block_1_105' title="bbox 538 5477 2166 5562">
    <p class='ocr_par' dir='ltr' id='par_1_105' title="bbox 538 5477 2166 5562">
     <span class='ocr_line' id='line_1_105' title="bbox 538 5477 2166 5562; baseline -0.002 -18"><span class='ocrx_word' id='word_1_751' title='bbox 538 5500 598 5544; x_wconf 89' lang='lat' dir='ltr'><strong>ut</strong></span> <span class='ocrx_word' id='word_1_752' title='bbox 631 5493 815 5546; x_wconf 88' lang='lat' dir='ltr'><strong>anima</strong></span> <span class='ocrx_word' id='word_1_753' title='bbox 841 5506 1029 5547; x_wconf 89' lang='lat' dir='ltr'><strong>verum</strong></span> <span class='ocrx_word' id='word_1_754' title='bbox 1069 5490 1274 5545; x_wconf 89' lang='lat' dir='ltr'><strong>bonum</strong></span> <span class='ocrx_word' id='word_1_755' title='bbox 1331 5491 1632 5553; x_wconf 83' lang='lat' dir='ltr'><strong>intueatur,</strong></span> <span class='ocrx_word' id='word_1_756' title='bbox 1693 5505 1830 5562; x_wconf 87' lang='lat' dir='ltr'><strong>neve</strong></span> <span class='ocrx_word' id='word_1_757' title='bbox 1875 5501 2112 5556; x_wconf 63' lang='lat' dir='ltr'><strong>prmscn-</strong></span> <span class='ocrx_word' id='word_1_758' title='bbox 2155 5477 2166 5486; x_wconf 82' lang='grc'><strong>’</strong></span> 
     </span>
    </p>
   </div>
   <div class='ocr_carea' id='block_1_106' title="bbox 537 5579 2106 5651">
    <p class='ocr_par' dir='ltr' id='par_1_106' title="bbox 537 5579 2106 5651">
     <span class='ocr_line' id='line_1_106' title="bbox 537 5579 2106 5651; baseline -0.004 -15"><span class='ocrx_word' id='word_1_759' title='bbox 537 5583 610 5637; x_wconf 91' lang='lat' dir='ltr'><strong>tis</strong></span> <span class='ocrx_word' id='word_1_760' title='bbox 641 5583 768 5639; x_wconf 60' lang='lat' dir='ltr'><strong>vita:</strong></span> <span class='ocrx_word' id='word_1_761' title='bbox 787 5583 976 5639; x_wconf 85' lang='lat' dir='ltr'><strong>fraude</strong></span> <span class='ocrx_word' id='word_1_762' title='bbox 1008 5582 1365 5651; x_wconf 88' lang='lat' dir='ltr'><strong>immergatur</strong></span> <span class='ocrx_word' id='word_1_763' title='bbox 1387 5601 1401 5637; x_wconf 89' lang='lat'><strong>:</strong></span> <span class='ocrx_word' id='word_1_764' title='bbox 1424 5582 1541 5637; x_wconf 85' lang='lat' dir='ltr'><strong>fieri</strong></span> <span class='ocrx_word' id='word_1_765' title='bbox 1585 5579 1727 5636; x_wconf 88' lang='lat' dir='ltr'><strong>enim</strong></span> <span class='ocrx_word' id='word_1_766' title='bbox 1769 5594 1876 5633; x_wconf 88' lang='lat' dir='ltr'><strong>non</strong></span> <span class='ocrx_word' id='word_1_767' title='bbox 1908 5585 2106 5647; x_wconf 89' lang='lat' dir='ltr'><strong>potest,</strong></span> 
     </span>
    </p>
   </div>
   <div class='ocr_carea' id='block_1_107' title="bbox 539 5669 2107 5744">
    <p class='ocr_par' dir='ltr' id='par_1_107' title="bbox 539 5669 2107 5744">
     <span class='ocr_line' id='line_1_107' title="bbox 539 5669 2107 5744; baseline -0.006 -14"><span class='ocrx_word' id='word_1_768' title='bbox 539 5681 600 5730; x_wconf 88' lang='lat' dir='ltr'><strong>ut</strong></span> <span class='ocrx_word' id='word_1_769' title='bbox 639 5675 720 5730; x_wconf 89' lang='lat' dir='ltr'><strong>vel</strong></span> <span class='ocrx_word' id='word_1_770' title='bbox 780 5676 903 5732; x_wconf 77' lang='lat' dir='ltr'><strong>sine</strong></span> <span class='ocrx_word' id='word_1_771' title='bbox 935 5674 1194 5744; x_wconf 84' lang='lat' dir='ltr'><strong>lacrymis</strong></span> <span class='ocrx_word' id='word_1_772' title='bbox 1230 5674 1397 5734; x_wconf 87' lang='lat' dir='ltr'><strong>vivat,</strong></span> <span class='ocrx_word' id='word_1_773' title='bbox 1435 5673 1480 5729; x_wconf 91' lang='lat' dir='ltr'><strong>si</strong></span> <span class='ocrx_word' id='word_1_774' title='bbox 1520 5672 1645 5741; x_wconf 90' lang='lat' dir='ltr'><strong>quis</strong></span> <span class='ocrx_word' id='word_1_775' title='bbox 1687 5669 1979 5740; x_wconf 84' lang='lat' dir='ltr'><strong>diligenter</strong></span> <span class='ocrx_word' id='word_1_776' title='bbox 2021 5682 2107 5722; x_wconf 85' lang='lat' dir='ltr'><strong>res</strong></span> 
     </span>
    </p>
   </div>
   <div class='ocr_carea' id='block_1_108' title="bbox 2211 4469 3723 4553">
    <p class='ocr_par' dir='ltr' id='par_1_108' title="bbox 2211 4469 3723 4553">
     <span class='ocr_line' id='line_1_108' title="bbox 2211 4469 3723 4553; baseline -0.008 -15"><span class='ocrx_word' id='word_1_777' title='bbox 2211 4484 2332 4538; x_wconf 76' lang='grc' dir='ltr'>οὔτε</span> <span class='ocrx_word' id='word_1_778' title='bbox 2371 4487 2428 4537; x_wconf 85' lang='grc' dir='ltr'><strong>ἐν</strong></span> <span class='ocrx_word' id='word_1_779' title='bbox 2474 4485 2732 4553; x_wconf 88' lang='grc' dir='ltr'>λυπηροῖς</span> <span class='ocrx_word' id='word_1_780' title='bbox 2779 4479 2915 4535; x_wconf 74' lang='grc' dir='ltr'>εῖναι</span> <span class='ocrx_word' id='word_1_781' title='bbox 2955 4481 3192 4551; x_wconf 78' lang='grc' dir='ltr'>νομίζειν</span> <span class='ocrx_word' id='word_1_782' title='bbox 3230 4481 3319 4534; x_wconf 81' lang='grc' dir='ltr'><strong>τὸν</strong></span> <span class='ocrx_word' id='word_1_783' title='bbox 3358 4483 3469 4541; x_wconf 88' lang='grc' dir='ltr'>ταῖς</span> <span class='ocrx_word' id='word_1_784' title='bbox 3504 4469 3723 4546; x_wconf 80' lang='grc' dir='ltr'>βιωτικαῖς</span> 
     </span>
    </p>
   </div>
   <div class='ocr_carea' id='block_1_109' title="bbox 2212 4555 3725 4645">
    <p class='ocr_par' dir='ltr' id='par_1_109' title="bbox 2212 4555 3725 4645">
     <span class='ocr_line' id='line_1_109' title="bbox 2212 4555 3725 4645; baseline -0.01 -16"><span class='ocrx_word' id='word_1_785' title='bbox 2212 4575 2424 4645; x_wconf 78' lang='grc' dir='ltr'>ἡδοναῖς</span> <span class='ocrx_word' id='word_1_786' title='bbox 2469 4573 2836 4644; x_wconf 74' lang='grc' dir='ltr'>ἐμϐαθύνοντα</span> <span class='ocrx_word' id='word_1_787' title='bbox 2859 4590 2871 4603; x_wconf 70' lang='grc' dir='ltr'><strong>ο</strong></span> <span class='ocrx_word' id='word_1_788' title='bbox 2909 4571 3157 4642; x_wconf 77' lang='grc' dir='ltr'>καθάπερ</span> <span class='ocrx_word' id='word_1_789' title='bbox 3195 4573 3287 4626; x_wconf 76' lang='grc' dir='ltr'>ἐπὶ</span> <span class='ocrx_word' id='word_1_790' title='bbox 3336 4571 3438 4624; x_wconf 84' lang='grc' dir='ltr'><strong>τῶν</strong></span> <span class='ocrx_word' id='word_1_791' title='bbox 3485 4566 3658 4632; x_wconf 81' lang='grc' dir='ltr'>ἀλόγων</span> <span class='ocrx_word' id='word_1_792' title='bbox 3680 4555 3725 4645; x_wconf 58' lang='grc' dir='ltr'>τὸ</span> 
     </span>
    </p>
   </div>
   <div class='ocr_carea' id='block_1_110' title="bbox 2211 4644 3723 4732">
    <p class='ocr_par' dir='ltr' id='par_1_110' title="bbox 2211 4644 3723 4732">
     <span class='ocr_line' id='line_1_110' title="bbox 2211 4644 3723 4732; baseline -0.009 -14"><span class='ocrx_word' id='word_1_793' title='bbox 2211 4664 2449 4718; x_wconf 80' lang='grc' dir='ltr'>τοιοῦτον</span> <span class='ocrx_word' id='word_1_794' title='bbox 2491 4663 2636 4717; x_wconf 79' lang='grc' dir='ltr'>ἔστιν</span> <span class='ocrx_word' id='word_1_795' title='bbox 2678 4664 2835 4716; x_wconf 78' lang='grc' dir='ltr'>ίδεῖνο</span> <span class='ocrx_word' id='word_1_796' title='bbox 2872 4656 2953 4725; x_wconf 71' lang='grc' dir='ltr'>οἷς</span> <span class='ocrx_word' id='word_1_797' title='bbox 2995 4661 3197 4732; x_wconf 84' lang='grc' dir='ltr'>ἐλεεινὴ</span> <span class='ocrx_word' id='word_1_798' title='bbox 3233 4662 3329 4730; x_wconf 90' lang='grc' dir='ltr'><strong>μέν</strong></span> <span class='ocrx_word' id='word_1_799' title='bbox 3370 4663 3401 4730; x_wconf 82' lang='grc' dir='ltr'><strong>ἡ</strong></span> <span class='ocrx_word' id='word_1_800' title='bbox 3440 4659 3526 4726; x_wconf 79' lang='grc' dir='ltr'>τῆς</span> <span class='ocrx_word' id='word_1_801' title='bbox 3559 4644 3723 4721; x_wconf 74' lang='grc' dir='ltr'>φύσεώς</span> 
     </span>
    </p>
   </div>
   <div class='ocr_carea' id='block_1_111' title="bbox 2215 4741 3722 4824">
    <p class='ocr_par' dir='ltr' id='par_1_111' title="bbox 2215 4741 3722 4824">
     <span class='ocr_line' id='line_1_111' title="bbox 2215 4741 3722 4824; baseline -0.008 -15"><span class='ocrx_word' id='word_1_802' title='bbox 2215 4759 2332 4809; x_wconf 88' lang='grc' dir='ltr'>ἐστι</span> <span class='ocrx_word' id='word_1_803' title='bbox 2355 4758 2663 4824; x_wconf 86' lang='grc' dir='ltr'>κατασκευή</span> <span class='ocrx_word' id='word_1_804' title='bbox 2686 4772 2698 4783; x_wconf 89' lang='grc'><strong>·</strong></span> <span class='ocrx_word' id='word_1_805' title='bbox 2729 4753 2803 4824; x_wconf 88' lang='grc' dir='ltr'>(τί</span> <span class='ocrx_word' id='word_1_806' title='bbox 2840 4753 2947 4823; x_wconf 73' lang='grc' dir='ltr'>γὰρ</span> <span class='ocrx_word' id='word_1_807' title='bbox 2985 4752 3340 4822; x_wconf 86' lang='grc' dir='ltr'>ἐλεεινότερον</span> <span class='ocrx_word' id='word_1_808' title='bbox 3375 4751 3466 4820; x_wconf 75' lang='grc' dir='ltr'>τῆς</span> <span class='ocrx_word' id='word_1_809' title='bbox 3495 4744 3574 4799; x_wconf 76' lang='grc' dir='ltr'>τοῦ</span> <span class='ocrx_word' id='word_1_810' title='bbox 3603 4741 3722 4804; x_wconf 71' lang='grc' dir='ltr'>λόγου</span> 
     </span>
    </p>
   </div>
   <div class='ocr_carea' id='block_1_112' title="bbox 2217 4826 3725 4917">
    <p class='ocr_par' dir='ltr' id='par_1_112' title="bbox 2217 4826 3725 4917">
     <span class='ocr_line' id='line_1_112' title="bbox 2217 4826 3725 4917; baseline -0.016 -17"><span class='ocrx_word' id='word_1_811' title='bbox 2217 4842 2588 4917; x_wconf 82' lang='grc' dir='ltr'>στερήσεως;)</span> <span class='ocrx_word' id='word_1_812' title='bbox 2621 4843 2869 4912; x_wconf 75' lang='grc' dir='ltr'>αἴσθησις</span> <span class='ocrx_word' id='word_1_813' title='bbox 2904 4842 2958 4894; x_wconf 81' lang='grc' dir='ltr'>δὲ</span> <span class='ocrx_word' id='word_1_814' title='bbox 2985 4841 3083 4910; x_wconf 75' lang='grc' dir='ltr'>τῆς</span> <span class='ocrx_word' id='word_1_815' title='bbox 3108 4842 3389 4910; x_wconf 74' lang='grc' dir='ltr'>συμφορᾶς</span> <span class='ocrx_word' id='word_1_816' title='bbox 3425 4837 3584 4895; x_wconf 81' lang='grc' dir='ltr'>αὐτοῖς</span> <span class='ocrx_word' id='word_1_817' title='bbox 3613 4826 3725 4880; x_wconf 77' lang='grc' dir='ltr'>οὐδε·</span> 
     </span>
    </p>
   </div>
   <div class='ocr_carea' id='block_1_113' title="bbox 2219 4913 3725 5007">
    <p class='ocr_par' dir='ltr' id='par_1_113' title="bbox 2219 4913 3725 5007">
     <span class='ocr_line' id='line_1_113' title="bbox 2219 4913 3725 5007; baseline -0.017 -15"><span class='ocrx_word' id='word_1_818' title='bbox 2219 4913 2337 5007; x_wconf 30' lang='grc' dir='ltr'>μίαν,</span> <span class='ocrx_word' id='word_1_819' title='bbox 2368 4913 2513 4989; x_wconf 31' lang='grc' dir='ltr'>’ἀλλὰ</span> <span class='ocrx_word' id='word_1_820' title='bbox 2547 4920 2690 4986; x_wconf 74' lang='grc' dir='ltr'>κατὰ</span> <span class='ocrx_word' id='word_1_821' title='bbox 2725 4949 2844 4986; x_wconf 83' lang='grc' dir='ltr'>τινα</span> <span class='ocrx_word' id='word_1_822' title='bbox 2883 4931 3070 5002; x_wconf 75' lang='grc' dir='ltr'>ἡδονὴν</span> <span class='ocrx_word' id='word_1_823' title='bbox 3110 4932 3379 4993; x_wconf 86' lang='grc' dir='ltr'>κάκείνοις</span> <span class='ocrx_word' id='word_1_824' title='bbox 3417 4929 3448 4999; x_wconf 78' lang='grc' dir='ltr'><strong>ἡ</strong></span> <span class='ocrx_word' id='word_1_825' title='bbox 3490 4923 3586 4991; x_wconf 77' lang='grc' dir='ltr'><strong>ζωὴ</strong></span> <span class='ocrx_word' id='word_1_826' title='bbox 3617 4913 3725 4978; x_wconf 76' lang='grc' dir='ltr'>διεξ-</span> 
     </span>
    </p>
   </div>
   <div class='ocr_carea' id='block_1_114' title="bbox 2215 5011 3722 5096">
    <p class='ocr_par' dir='ltr' id='par_1_114' title="bbox 2215 5011 3722 5096">
     <span class='ocr_line' id='line_1_114' title="bbox 2215 5011 3722 5096; baseline -0.013 -17"><span class='ocrx_word' id='word_1_827' title='bbox 2215 5029 2403 5096; x_wconf 83' lang='grc' dir='ltr'>άγεται</span> <span class='ocrx_word' id='word_1_828' title='bbox 2422 5043 2435 5056; x_wconf 91' lang='grc'><strong>·</strong></span> <span class='ocrx_word' id='word_1_829' title='bbox 2464 5024 2556 5086; x_wconf 73' lang='grc' dir='ltr'>καὶ</span> <span class='ocrx_word' id='word_1_830' title='bbox 2587 5025 2614 5076; x_wconf 92' lang='lat'><strong>6</strong></span> <span class='ocrx_word' id='word_1_831' title='bbox 2640 5022 2801 5085; x_wconf 83' lang='grc' dir='ltr'>ἵππος</span> <span class='ocrx_word' id='word_1_832' title='bbox 2827 5023 3046 5092; x_wconf 76' lang='grc' dir='ltr'>γαυριᾷ,</span> <span class='ocrx_word' id='word_1_833' title='bbox 3074 5022 3167 5074; x_wconf 71' lang='grc' dir='ltr'>καὶ</span> <span class='ocrx_word' id='word_1_834' title='bbox 3205 5023 3233 5074; x_wconf 94' lang='lat'><strong>6</strong></span> <span class='ocrx_word' id='word_1_835' title='bbox 3265 5020 3452 5089; x_wconf 77' lang='grc' dir='ltr'>ταῦρος</span> <span class='ocrx_word' id='word_1_836' title='bbox 3485 5011 3722 5096; x_wconf 62' lang='grc' dir='ltr'>κονίξεται⁶</span> 
     </span>
    </p>
   </div>
   <div class='ocr_carea' id='block_1_115' title="bbox 2214 5094 3721 5186">
    <p class='ocr_par' dir='ltr' id='par_1_115' title="bbox 2214 5094 3721 5186">
     <span class='ocr_line' id='line_1_115' title="bbox 2214 5094 3721 5186; baseline -0.025 -2"><span class='ocrx_word' id='word_1_837' title='bbox 2214 5094 2307 5174; x_wconf 54' lang='lat' dir='ltr'><strong>Will-</strong></span> <span class='ocrx_word' id='word_1_838' title='bbox 2332 5119 2360 5170; x_wconf 76' lang='grc' dir='ltr'>δ</span> <span class='ocrx_word' id='word_1_839' title='bbox 2392 5120 2488 5180; x_wconf 80' lang='grc' dir='ltr'>σὺς</span> <span class='ocrx_word' id='word_1_840' title='bbox 2515 5116 2730 5186; x_wconf 79' lang='grc' dir='ltr'>φρίσσει</span> <span class='ocrx_word' id='word_1_841' title='bbox 2763 5117 2860 5185; x_wconf 82' lang='grc' dir='ltr'>τὴν</span> <span class='ocrx_word' id='word_1_842' title='bbox 2897 5113 3116 5182; x_wconf 77' lang='grc' dir='ltr'>λοφιάν¹</span> <span class='ocrx_word' id='word_1_843' title='bbox 3144 5114 3237 5167; x_wconf 69' lang='grc' dir='ltr'>καὶ</span> <span class='ocrx_word' id='word_1_844' title='bbox 3273 5115 3322 5165; x_wconf 82' lang='lat' dir='ltr'><strong>oi</strong></span> <span class='ocrx_word' id='word_1_845' title='bbox 3357 5109 3594 5167; x_wconf 80' lang='grc' dir='ltr'>σκύλακες</span> <span class='ocrx_word' id='word_1_846' title='bbox 3627 5094 3721 5150; x_wconf 80' lang='grc' dir='ltr'>παί-</span> 
     </span>
    </p>
   </div>
   <div class='ocr_carea' id='block_1_116' title="bbox 2214 5186 3724 5277">
    <p class='ocr_par' dir='ltr' id='par_1_116' title="bbox 2214 5186 3724 5277">
     <span class='ocr_line' id='line_1_116' title="bbox 2214 5186 3724 5277; baseline -0.018 -13"><span class='ocrx_word' id='word_1_847' title='bbox 2214 5211 2386 5276; x_wconf 80' lang='grc' dir='ltr'>ζουσι,</span> <span class='ocrx_word' id='word_1_848' title='bbox 2412 5208 2505 5262; x_wconf 79' lang='grc' dir='ltr'>καὶ</span> <span class='ocrx_word' id='word_1_849' title='bbox 2527 5206 2908 5277; x_wconf 84' lang='grc' dir='ltr'>διασκιρτῶσιν</span> <span class='ocrx_word' id='word_1_850' title='bbox 2945 5207 2994 5257; x_wconf 79' lang='lat' dir='ltr'><strong>oi</strong></span> <span class='ocrx_word' id='word_1_851' title='bbox 3036 5205 3243 5275; x_wconf 82' lang='grc' dir='ltr'>μόσχοι,</span> <span class='ocrx_word' id='word_1_852' title='bbox 3285 5203 3377 5254; x_wconf 69' lang='grc' dir='ltr'>καὶ</span> <span class='ocrx_word' id='word_1_853' title='bbox 3418 5201 3616 5252; x_wconf 73' lang='grc' dir='ltr'>ἕκαστον</span> <span class='ocrx_word' id='word_1_854' title='bbox 3645 5186 3724 5239; x_wconf 79' lang='grc' dir='ltr'>τῶν</span> 
     </span>
    </p>
   </div>
   <div class='ocr_carea' id='block_1_117' title="bbox 2214 5275 3724 5366">
    <p class='ocr_par' dir='ltr' id='par_1_117' title="bbox 2214 5275 3724 5366">
     <span class='ocr_line' id='line_1_117' title="bbox 2214 5275 3724 5366; baseline -0.007 -11"><span class='ocrx_word' id='word_1_855' title='bbox 2214 5301 2368 5366; x_wconf 79' lang='grc' dir='ltr'>ζώων</span> <span class='ocrx_word' id='word_1_856' title='bbox 2409 5299 2550 5353; x_wconf 79' lang='grc' dir='ltr'>ἐστιν</span> <span class='ocrx_word' id='word_1_857' title='bbox 2592 5299 2718 5351; x_wconf 87' lang='grc' dir='ltr'>ίδεῖν</span> <span class='ocrx_word' id='word_1_858' title='bbox 2755 5297 2843 5350; x_wconf 75' lang='grc' dir='ltr'>διά</span> <span class='ocrx_word' id='word_1_859' title='bbox 2900 5314 3054 5350; x_wconf 85' lang='grc' dir='ltr'>τινων</span> <span class='ocrx_word' id='word_1_860' title='bbox 3091 5294 3395 5366; x_wconf 86' lang='grc' dir='ltr'>τεκμηρίων</span> <span class='ocrx_word' id='word_1_861' title='bbox 3439 5290 3530 5358; x_wconf 79' lang='grc' dir='ltr'>τὴν</span> <span class='ocrx_word' id='word_1_862' title='bbox 3577 5275 3724 5353; x_wconf 66' lang='grc' dir='ltr'><strong>ἡδονὴν</strong></span> 
     </span>
    </p>
   </div>
   <div class='ocr_carea' id='block_1_118' title="bbox 2213 5364 3722 5460">
    <p class='ocr_par' dir='ltr' id='par_1_118' title="bbox 2213 5364 3722 5460">
     <span class='ocr_line' id='line_1_118' title="bbox 2213 5364 3722 5460; baseline -0.004 -18"><span class='ocrx_word' id='word_1_863' title='bbox 2213 5391 2634 5460; x_wconf 83' lang='grc' dir='ltr'>ἐνδεικνύμενον,</span> <span class='ocrx_word' id='word_1_864' title='bbox 2685 5383 2764 5452; x_wconf 75' lang='grc' dir='ltr'>οἷς</span> <span class='ocrx_word' id='word_1_865' title='bbox 2832 5387 2883 5440; x_wconf 83' lang='grc' dir='ltr'><strong>εί</strong></span> <span class='ocrx_word' id='word_1_866' title='bbox 2939 5405 3024 5452; x_wconf 88' lang='grc' dir='ltr'><strong>τις</strong></span> <span class='ocrx_word' id='word_1_867' title='bbox 3083 5389 3398 5456; x_wconf 74' lang='grc' dir='ltr'>κατανόησις</span> <span class='ocrx_word' id='word_1_868' title='bbox 3451 5377 3511 5451; x_wconf 76' lang='grc' dir='ltr'>ἦν</span> <span class='ocrx_word' id='word_1_869' title='bbox 3529 5378 3612 5444; x_wconf 82' lang='grc' dir='ltr'>τῆς</span> <span class='ocrx_word' id='word_1_870' title='bbox 3653 5364 3722 5420; x_wconf 65' lang='grc' dir='ltr'><strong>τοῦ</strong></span> 
     </span>
    </p>
   </div>
   <div class='ocr_carea' id='block_1_119' title="bbox 2211 5456 3723 5553">
    <p class='ocr_par' dir='ltr' id='par_1_119' title="bbox 2211 5456 3723 5553">
     <span class='ocr_line' id='line_1_119' title="bbox 2211 5456 3723 5553; baseline -0.01 -18"><span class='ocrx_word' id='word_1_871' title='bbox 2211 5481 2366 5550; x_wconf 85' lang='grc' dir='ltr'>λόγου</span> <span class='ocrx_word' id='word_1_872' title='bbox 2401 5481 2636 5553; x_wconf 85' lang='grc' dir='ltr'>χάριτος,</span> <span class='ocrx_word' id='word_1_873' title='bbox 2673 5481 2771 5533; x_wconf 84' lang='grc' dir='ltr'>οὐκ</span> <span class='ocrx_word' id='word_1_874' title='bbox 2807 5479 2873 5533; x_wconf 84' lang='grc' dir='ltr'>ἂν</span> <span class='ocrx_word' id='word_1_875' title='bbox 2908 5479 2998 5532; x_wconf 84' lang='grc' dir='ltr'>τὸν</span> <span class='ocrx_word' id='word_1_876' title='bbox 3036 5480 3214 5548; x_wconf 73' lang='grc' dir='ltr'>κωφὸν</span> <span class='ocrx_word' id='word_1_877' title='bbox 3253 5476 3426 5530; x_wconf 77' lang='grc' dir='ltr'>αὐτῶν</span> <span class='ocrx_word' id='word_1_878' title='bbox 3462 5469 3543 5524; x_wconf 73' lang='grc' dir='ltr'>καὶ</span> <span class='ocrx_word' id='word_1_879' title='bbox 3582 5456 3723 5553; x_wconf 35' lang='lat' dir='ltr'><strong>tali&quot;</strong></span> 
     </span>
    </p>
   </div>
   <div class='ocr_carea' id='block_1_120' title="bbox 2213 5546 3722 5645">
    <p class='ocr_par' dir='ltr' id='par_1_120' title="bbox 2213 5546 3722 5645">
     <span class='ocr_line' id='line_1_120' title="bbox 2213 5546 3722 5645; baseline -0.014 -18"><span class='ocrx_word' id='word_1_880' title='bbox 2213 5591 2393 5645; x_wconf 89' lang='grc' dir='ltr'>πωρον</span> <span class='ocrx_word' id='word_1_881' title='bbox 2433 5573 2544 5643; x_wconf 84' lang='grc' dir='ltr'>βίον</span> <span class='ocrx_word' id='word_1_882' title='bbox 2576 5575 2631 5625; x_wconf 85' lang='grc' dir='ltr'><strong>ἐν</strong></span> <span class='ocrx_word' id='word_1_883' title='bbox 2663 5573 2820 5641; x_wconf 77' lang='grc' dir='ltr'>ἡδονῇ</span> <span class='ocrx_word' id='word_1_884' title='bbox 2854 5571 3160 5623; x_wconf 88' lang='grc' dir='ltr'>διετίθεντο.</span> <span class='ocrx_word' id='word_1_885' title='bbox 3202 5568 3382 5628; x_wconf 76' lang='grc' dir='ltr'>Οὕτως</span> <span class='ocrx_word' id='word_1_886' title='bbox 3418 5562 3502 5616; x_wconf 80' lang='grc' dir='ltr'>καὶ</span> <span class='ocrx_word' id='word_1_887' title='bbox 3533 5555 3610 5608; x_wconf 78' lang='grc' dir='ltr'>ἐπὶ</span> <span class='ocrx_word' id='word_1_888' title='bbox 3641 5546 3722 5600; x_wconf 70' lang='grc' dir='ltr'>τῶν</span> 
     </span>
    </p>
   </div>
   <div class='ocr_carea' id='block_1_121' title="bbox 2215 5641 3718 5735">
    <p class='ocr_par' dir='ltr' id='par_1_121' title="bbox 2215 5641 3718 5735">
     <span class='ocr_line' id='line_1_121' title="bbox 2215 5641 3718 5735; baseline -0.013 -17"><span class='ocrx_word' id='word_1_889' title='bbox 2215 5641 2535 5735; x_wconf 79' lang='grc' dir='ltr'>ἀνθρώπων,</span> <span class='ocrx_word' id='word_1_890' title='bbox 2592 5656 2671 5726; x_wconf 70' lang='grc' dir='ltr'>οἷς</span> <span class='ocrx_word' id='word_1_891' title='bbox 2727 5662 2949 5732; x_wconf 78' lang='grc' dir='ltr'>οὐδεμία</span> <span class='ocrx_word' id='word_1_892' title='bbox 2997 5661 3104 5714; x_wconf 80' lang='grc' dir='ltr'><strong>τῶν</strong></span> <span class='ocrx_word' id='word_1_893' title='bbox 3157 5658 3366 5728; x_wconf 82' lang='grc' dir='ltr'>ἀγαθῶν</span> <span class='ocrx_word' id='word_1_894' title='bbox 3409 5655 3511 5706; x_wconf 84' lang='grc' dir='ltr'>ἐστι</span> <span class='ocrx_word' id='word_1_895' title='bbox 3543 5641 3718 5715; x_wconf 71' lang='grc' dir='ltr'>γνῶσις»</span> 
     </span>
    </p>
   </div>
  </div>
