3996 6196
341 191 474 247 129.9
1400 192 1486 244 DE
1520 187 2115 248 BEATITUDINIBUS.
2151 190 2411 246 ORATIO
2453 189 2537 242 Ill.
3464 188 3602 240 11ῖο

334 297 408 356 ὧν
444 307 476 373 ἠ
518 303 679 373 φύσις
715 302 874 374 ἡμῶν
903 302 1294 374 ἀπεστέρηται,
1334 303 1542 369 τούτοις
1580 305 1701 359 καθ’
1740 306 1929 376 ἡδονὴν

2037 307 2336 376 inspexerit
2372 315 2427 360 et
2450 304 2903 366 consideraverit,
2937 302 3020 357 vel
3057 317 3164 357 non
3200 303 3252 355 in
3293 301 3458 356 rebus
3505 302 3606 352 tri-

339 398 370 468 ἡ
408 396 506 468 τῆς
558 395 842 468 παρούσης
879 395 1023 464 ζωῆς
1057 395 1325 465 διαγωγή.

2038 397 2214 452 stibus
2255 402 2310 449 et
2339 396 2552 451 acerbis
2586 394 2796 450 versari
2837 393 3115 448 existimet
3140 407 3287 454 eum,
3313 390 3407 460 qui
3438 391 3607 460 hujus

337 489 460 543 vita:
495 489 870 558 voluptatibus
904 505 1026 544 sese
1064 489 1368 562 immergat.
1421 489 1896 557 Quemadmodum
1935 491 1991 546 in
2054 491 2233 548 brutis
2272 501 2325 546 et
2366 490 2601 546 rationis
2637 489 2958 560 expertibus
2998 489 3329 543 animalibus
3392 487 3448 541 id
3521 486 3606 538 vi-

337 583 467 638 dere
497 582 623 636 licet
660 600 672 635 :
710 583 911 652 quibus
935 583 1263 639 miserabilis
1296 583 1512 654 quidem
1579 594 1789 638 natura:
1863 584 2185 640 constitutio
2227 583 2379 656 (quid
2434 585 2574 639 enim
2621 583 2987 638 miserabilius
3063 581 3368 652 privatione
3414 592 3607 632 caren-

339 678 525 748 tiaque
551 678 778 732 rationis
801 677 971 748 est?),
1013 693 1236 734 sensum
1274 695 1406 735 vero
1436 679 1768 736 calamitatis
1816 680 2029 734 nullum
2097 680 2338 742 habent,
2395 680 2490 735 sed
2538 694 2634 750 per
2693 677 2984 748 quamdam
3059 675 3390 743 voluptatem
3441 672 3604 724 etiam

340 773 409 826 ab
438 772 546 826 illis
580 773 690 826 vita
723 771 1082 843 transigitur:
1110 774 1358 844 superbit
1398 782 1452 830 et
1482 773 1675 831 lerocit
1705 791 1900 845 equus;
1943 782 2136 831 taurus
2169 777 2446 845 pulverem
2508 773 2714 844 spargit
2742 791 2756 840 ;
2811 787 2906 827 sus
2976 769 3137 840 erigit
3192 776 3375 829 setas;
3440 763 3607 819 eam”

340 867 569 932 ludunt;
598 867 752 923 vituli
786 869 1022 933 saltant;
1059 877 1222 939 atque
1257 870 1684 942 unumquodque
1708 871 1907 926 animal
1948 872 2130 926 videre
2161 872 2287 926 licet
2322 887 2415 941 per
2437 880 2588 925 certa
2614 870 2859 940 quzedam
2919 865 3074 936 signa
3136 863 3470 931 voluptatem
3535 856 3620 908 in-

349 959 692 1029 dicare,qua3
725 961 772 1015 si
803 960 1034 1016 rationis
1058 961 1516 1016 oblectamentum
1535 963 1720 1034 aliquo
1746 965 1909 1018 modo
1945 965 2221 1034 cognitum
2256 965 2538 1026 haberent,
2603 961 2876 1032 stupidam
2915 967 2968 1014 et
3023 966 3386 1013 mrumnosam
3454 962 3608 1004 suam

341 1058 508 1111 vitam
559 1071 683 1112 cum
718 1056 996 1128 voluptate
1043 1072 1151 1112 non
1193 1058 1578 1128 transigerent.
1638 1059 1714 1114 Ita
1767 1075 1826 1116 se
1876 1076 1966 1116 res
2015 1063 2177 1118 etiam
2235 1062 2399 1117 habet
2439 1062 2494 1115 in
2531 1059 2880 1121 hominibus;
2929 1055 3022 1126 qui
3076 1054 3280 1108 nullam
3324 1049 3610 1120 cognatio-

340 1170 463 1210 nem
515 1155 718 1208 habent
756 1153 974 1208 illorum
1017 1154 1306 1220 honorum,
1338 1156 1540 1225 quibus
1580 1165 1774 1212 natura
1812 1168 2000 1214 nostra
2040 1162 2252 1230 privata
2290 1167 2392 1225 est,
2439 1158 2612 1214 abhis
2663 1172 2760 1228 per
2820 1155 3147 1224 voluptatem
3204 1163 3446 1221 przesens
3503 1147 3609 1200 vita

341 1245 687 1316 transigitur.

414 1339 721 1393 Ἀκολουθεῖ
733 1339 788 1392 δὲ
807 1339 884 1409 τῷ
898 1341 1010 1402 τοῖς
1033 1339 1294 1411 παροῦσιν
1311 1343 1553 1414 ἥδεσθαι,
1567 1344 1626 1397 τὸ
1657 1345 1731 1416 μὴ
1751 1343 1932 1416 ζητεῖν

342 1432 410 1484 τὰ
433 1431 645 1501 βελτίω.
674 1431 732 1482 Ὀ
753 1429 810 1483 δὲ
835 1429 910 1500 μὴ
937 1429 1133 1500 ζητῶν,
1160 1431 1258 1485 οὑκ
1287 1431 1351 1485 ἂν
1373 1431 1522 1503 εὖροι
1550 1433 1611 1486 τὸ
1637 1434 1816 1505 μόνοις
1844 1435 1933 1506 ζη-

342 1525 496 1578 τοῦσι
522 1522 980 1592 παραγενόμενον.
1017 1523 1224 1576 Οὐκοῦν
1254 1524 1342 1577 διὰ
1374 1525 1532 1578 τοῦτο
1571 1525 1786 1595 όΛόγος
1827 1543 1931 1596 μα-

2110 1341 2482 1412 Consequitur
2504 1348 2709 1402 autem,
2753 1347 2810 1392 ut
2847 1337 2925 1404 hi,
2959 1336 3052 1404 qui
3107 1331 3465 1404 prtesrntihus
3513 1331 3610 1384 de-

2037 1435 2308 1489 lectantur
2331 1442 2386 1488 et
2421 1433 2806 1502 acquiescunt,
2855 1429 3068 1498 potiora
3100 1425 3211 1479 fere
3243 1440 3348 1477 non
3391 1422 3610 1476 deside-

2038 1535 2157 1580 rent
2189 1535 2351 1595 atque
2384 1525 2682 1593 requirant.
2720 1522 2889 1575 Porro
2935 1519 3027 1587 qui
3071 1533 3180 1571 non
3221 1515 3438 1584 qumrit,
3499 1528 3609 1567 non

343 1614 560 1688 καρίζει
579 1615 638 1667 τὸ
662 1613 875 1676 πένθος,
895 1614 954 1665 ού
977 1613 1042 1666 δι’
1067 1605 1238 1667 ἐαυτὸ⁹
1257 1617 1456 1686 κρίνων
1476 1613 1612 1670 εἶναι
1639 1620 1927 1688 μακάριον,

2037 1617 2326 1682 invenerit,
2365 1617 2417 1670 id
2453 1616 2598 1686 quod
2630 1616 2762 1671 solis
2787 1612 3156 1685 qumrentihus
3197 1607 3451 1674 obtingit.
3495 1601 3611 1658 Hac

343 1707 480 1760 ἀλλά
509 1706 598 1758 διὰ
633 1704 693 1758 τὸ
726 1702 786 1769 ἐξ
839 1704 1046 1757 ἐκείνου
1087 1707 1546 1777 παραγενόμενον.
1587 1709 1836 1762 Δείκνυσι
1872 1709 1929 1762 δὲ

340 1800 435 1852 τοῦ
473 1799 628 1866 λόγου
669 1799 702 1867 ἡ
743 1797 1003 1864 συζυγία,
1053 1798 1132 1851 ὅτι
1182 1797 1283 1867 τῆς
1336 1799 1470 1869 πρὸς
1509 1799 1606 1870 τὴν
1646 1800 1930 1871 παράκλη-

344 1908 426 1943 σιν
458 1889 735 1960 ἀναφορᾶς
762 1888 822 1940 τὸ
862 1888 1075 1941 πενθεῖν
1114 1890 1297 1952 αὐτοῖς
1332 1890 1445 1942 ἐστι
1485 1891 1772 1961 μακάριον.
1814 1895 1932 1944 Μα-

343 1979 535 2047 κάριοι
567 1979 696 2047 γάρ,
730 1978 912 2047 φησιν,
943 1980 995 2030 οι
1023 1977 1385 2045 πενθοῦντες
1407 1995 1419 2010 ·
1451 1980 1545 2033 καὶ
1570 1981 1670 2032 οὐκ
1707 1979 1932 2048 ἔστησεν

352 2072 412 2124 ἐν
440 2069 615 2139 τούτῳ
652 2069 742 2122 τὸν
784 2069 959 2136 λόγον,
994 2069 1128 2122 ἀλλά
1174 2070 1532 2140 προσέθηκεν,
1586 2071 1715 2123 Ὀτι
1761 2070 1931 2124 αὐτοὶ

344 2163 943 2231 παρακληθήσονται.
983 2162 1048 2215 Ὀ
1098 2180 1186 2233 μοι
1225 2163 1372 2215 δοκεί
1413 2160 1933 2232 προκατανενοηκὼς

341 2254 371 2305 ὁ
403 2251 578 2322 μέγας
605 2251 844 2320 Μωῠσῆς
920 2251 1144 2321 (μᾶλλον
1162 2251 1239 2314 δὲ,
1267 2252 1295 2302 ὁ
1322 2251 1379 2303 ἐν
1405 2251 1594 2320 ἐκείνῳ
1625 2250 1799 2305 ταῦτα
1820 2253 1934 2304 δια-

342 2343 559 2396 τάσσων
581 2343 773 2409 Λόγος,
801 2344 858 2394 ἐν
880 2345 1001 2405 ταῖς
1033 2345 1322 2412 μυστικαῖς
1351 2341 1444 2394 τοῦ
1464 2342 1656 2412 Πάσχα
1684 2359 1934 2414 παρατη-

350 2432 621 2502 ρήσεσιν)·
660 2430 869 2504 ἄζυμον
906 2431 1006 2501 μὲν
1040 2431 1221 2493 αὐτοῖς
1253 2432 1416 2502 ἄρτον
1449 2432 1506 2484 ἐν
1537 2435 1654 2494 ταῖς
1686 2433 1933 2502 ἑορτασί-

346 2540 471 2592 μοις
503 2523 738 2592 ἡμέραις
765 2520 1143 2592 νομοθετῆσαιο
1171 2520 1299 2590 ὄψον
1331 2521 1388 2574 δὲ
1419 2524 1484 2591 τῇ
1523 2521 1721 2592 βρώσει
1751 2524 1933 2594 πικρί-

344 2612 442 2676 δας
471 2611 819 2682 ποιήσασθαι,
848 2612 923 2672 ὡς
944 2612 1008 2665 ἂν
1033 2612 1121 2664 διὰ
1145 2611 1252 2663 τῶν
1280 2611 1534 2665 τοιούτων
1566 2613 1827 2682 μάθοιμεν
1852 2616 1934 2666 al-

345 2703 650 2773 νιγμάτων,
680 2704 761 2755 ὅτι
787 2703 885 2755 οὐκ
920 2703 1032 2754 ἐστι
1061 2703 1160 2771 τῆς
1195 2704 1461 2772 μυστικῆς
1490 2703 1706 2772 ἐκείνης
1739 2704 1934 2774 ἑορτῆς

351 2796 644 2866 μετασχεῖν
677 2794 871 2860 ἄλλως,
903 2795 951 2846 εἰ
986 2794 1060 2864 μὴ
1101 2795 1158 2847 αἱ
1195 2795 1441 2865 πικρίδες
1472 2795 1567 2847 τοῦ
1601 2795 1717 2864 βίου
1743 2797 1932 2851 τούτου

349 2891 416 2959 τῇ
467 2888 611 2957 ἁπλῇ
646 2887 742 2940 καὶ
773 2887 966 2957 ἀζύμῳ
996 2885 1121 2956 ζωῇι
1152 2887 1412 2948 ἑκουσίως
1457 2888 1931 2956 καταμιγνύοιντο.

2034 1709 2200 1779 igitur
2229 1708 2295 1764 dc
2333 1725 2497 1763 causa
2525 1708 2760 1763 Verbum
2789 1707 2992 1759 luctum
3033 1705 3246 1757 beatum
3277 1699 3448 1759 ducit,
3496 1711 3602 1750 non

2037 1798 2183 1868 quod
2233 1815 2355 1854 eum
2410 1807 2631 1869 pr0pter
2673 1797 2914 1866 seipsum
2971 1795 3188 1848 beatum
3221 1790 3452 1860 judicrt,
3513 1784 3610 1842 sed

2035 1899 2260 1960 prepter
2296 1889 2348 1944 id
2409 1890 2552 1959 quod
2583 1905 2647 1943 ex
2713 1889 2805 1942 illo
2854 1886 3074 1941 accidit.
3123 1881 3375 1938 Ostendit
3424 1885 3607 1933 autem

2035 1983 2307 2036 sermonis
2369 1989 2681 2047 contextus,
2741 1979 2888 2048 quod
2927 1977 3148 2032 nomine
3201 1974 3485 2030 relationis
3546 1973 3608 2026 ad

2034 2072 2487 2133 consolationem,
2553 2071 2742 2140 lugere
2799 2070 2957 2123 beata
3017 2083 3105 2123 res
3149 2065 3469 2120 hominibus
3518 2064 3610 2118 sit.

2035 2161 2188 2215 Beati
2239 2159 2407 2226 enim,
2445 2161 2642 2230 inquit,
2703 2161 2791 2230 qui
2831 2160 3048 2228 lugent;
3082 2167 3135 2213 et
3191 2174 3299 2212 non
3354 2158 3613 2226 repressit

2036 2261 2198 2323 atque
2225 2253 2396 2308 ﬁnivit
2424 2255 2722 2309 orationem
2746 2253 2797 2306 in
2827 2253 2949 2316 hoc,
2983 2250 3073 2306 sed
3107 2250 3329 2320 adjecit,
3360 2250 3614 2320 quoniam

2035 2345 2134 2413 ipsi
2166 2345 2578 2398 consolationem
2627 2345 2901 2412 accipient.
2945 2342 3117 2409 Quam
3152 2358 3262 2396 rem
3297 2358 3418 2395 cum
3457 2341 3614 2409 longe

2036 2442 2162 2489 ante
2228 2434 2704 2488 animadvertisset
2773 2449 3002 2502 magnus
3063 2432 3152 2486 ille
3207 2431 3418 2502 Moyses
3470 2433 3615 2502 (imo

2039 2541 2186 2587 vero,
2215 2526 2260 2579 is
2285 2525 2378 2594 qui
2407 2525 2520 2578 haec
2551 2523 2604 2577 ir.
2631 2525 2725 2576 illo
2744 2523 3089 2592 disponebat,
3113 2521 3376 2584 Verbum,
3407 2523 3459 2576 in
3500 2538 3614 2592 my-

2036 2617 2189 2671 sticis
2247 2615 2725 2670 observationibus
2790 2613 3087 2680 Pascltm):
3141 2629 3334 2682 panem
3394 2613 3610 2682 quidem

2035 2707 2285 2762 fermenti
2310 2714 2584 2776 expertem
2618 2705 2932 2759 hominibus
2980 2705 3033 2758 in
3065 2703 3258 2758 diebus
3292 2703 3444 2758 festis
3475 2720 3613 2773 prm-

2036 2799 2354 2867 scripsisse:
2389 2797 2677 2852 obsonium
2703 2811 2853 2858 vero,
2885 2811 2993 2865 quo
3023 2803 3395 2858 vescerentur,
3427 2795 3610 2867 intyba

2037 2889 2268 2956 agrestia
2308 2885 2611 2941 instituisse
2643 2879 2951 2951 videtur",
2981 2894 3040 2938 ut
3071 2899 3162 2951 per
3185 2884 3452 2953 ejusmodi
3480 2885 3613 2939 teni-

343 2982 442 3033 Διά
484 2979 645 3032 τοῦτο
685 2979 835 3031 καὶὸ
886 2977 1059 3048 μέγας
1094 2979 1275 3040 Δαὸὶδ,
1307 2978 1480 3030 καίτοι
1525 2978 1587 3030 τὸ
1634 2978 1930 3048 ἀκρότατον

2037 2985 2214 3046 gmata
2245 2986 2406 3046 atque
2439 2977 2718 3032 involucra
2753 2975 3110 3036 disceremus,
3143 2976 3290 3045 quod
3357 2977 3449 3030 illo
3501 2991 3612 3047 my-

345 3072 448 3142 τῆς
491 3069 837 3140 ἀνθρωπίνης
867 3068 1161 3138 εύκληρίας
1199 3069 1398 3138 μέτρον
1423 3068 1586 3137 (λέγω
1617 3069 1681 3140 δὴ
1713 3068 1810 3140 τὴν
1840 3069 1935 3140 βα-

346 3164 578 3231 σιλείαν)
613 3163 738 3232 περὶ
766 3162 954 3215 ἑαυτὸν
989 3161 1219 3230 βλέπων·
1248 3161 1484 3230 δαψιλῶς
1515 3161 1796 3217 ἐπιϐάλλει
1825 3162 1934 3215 τῶν

345 3242 610 3328 πικρίδων
644 3257 710 3325 τῇ
747 3253 937 3306 ἑαυτοῦ
975 3253 1086 3323 ζωῇ
1130 3253 1399 3316 στενάζων
1447 3255 1506 3306 ἐν
1549 3255 1763 3325 οἰμωγῇ
1788 3296 1801 3318 ,
1839 3255 1936 3307 καὶ⁸

345 3347 559 3419 θρηνῶν
591 3345 688 3416 τὴν
723 3347 1031 3415 παράτασιν
1063 3346 1160 3415 τῆς
1188 3347 1244 3397 ἐν
1281 3345 1446 3415 σαρκὶ
1486 3347 1798 3416 παροικίας,
1841 3347 1936 3399 καὶ

349 3436 636 3498 ἐκλείπων,
679 3434 785 3487 ὑπὸ
817 3437 916 3504 τῆς
947 3433 1052 3486 τῶν
1089 3433 1347 3503 μειζόνων
1389 3433 1704 3504 ἐπιθυμίας,
1746 3436 1932 3506 φησὶν,

340 3527 506 3594 Οἵμοι
533 3526 621 3577 ὅτι
656 3526 693 3591 ἡ
734 3525 1010 3591 παροικία
1031 3541 1150 3592 μου
1179 3524 1539 3592 ἐμακρύνθη.
1585 3525 1842 3595 Ἐτέρωθι
1878 3526 1935 3578 δὲ

348 3616 486 3686 πρὸς
513 3615 574 3666 τὸ
608 3613 800 3675 κάλλος
828 3613 934 3664 τῶν
975 3612 1132 3665 θείων
1169 3613 1543 3683 σκηνωμάτων
1573 3615 1760 3678 ἀτενὲς
1790 3617 1932 3669 ἀπο-

355 3708 590 3769 ϐλέπων,
643 3705 884 3757 ἐκλιπεῖν
929 3704 1032 3756 ὑπὸ
1078 3705 1175 3772 τῆς
1229 3703 1521 3774 ἐπιθυμίας
1557 3707 1710 3775 φησὶ,
1763 3706 1823 3759 τὸ
1874 3708 1934 3758 ἐν

352 3800 598 3869 ἐσχάτοις
632 3797 749 3848 ἐκεῖ
790 3794 1066 3863 τετάχθαι,
1101 3794 1194 3847 “ro-3
1230 3793 1529 3864 πρωτεύειν
1559 3797 1616 3847 ἐν
1644 3798 1756 3858 τοῖς
1786 3813 1934 3867 παρ-

345 3890 489 3952 οῦσι,
541 3887 928 3959 προτιμότερον
969 3884 1146 3955 ἐαυτῷ
1180 3885 1398 3955 κρίνων.
1434 3885 1495 3937 Εἰ
1545 3884 1601 3937 δέ
1646 3902 1728 3948 τις
1764 3887 1922 3957 ἀκρι-

348 3979 604 4050 6έστερον
657 3977 990 4045 κατανοῆσαι
1044 3975 1284 4045 βούλοιτο
1349 3973 1440 4026 τοῦ
1495 3976 1929 4046 μακαριζομένου

343 4068 535 4123 τούτου
568 4066 796 4129 πένθους
824 4065 918 4135 τὴν
948 4065 1192 4135 δύναμιν,
1246 4064 1633 4133 ἐπισκεψάσθω
1664 4066 1840 4137 ἐαυτῴ
1873 4067 1930 4120 ἐν

340 4160 424 4230 τῷ
477 4159 618 4211 κατὰ
649 4158 738 4210 τὸν
782 4156 1029 4226 Λάζαρον
1067 4156 1162 4209 καὶ
1191 4155 1279 4209 τὸν
1307 4155 1559 4210 πλούσιον
1589 4157 1891 4229 διηγήματι
1911 4199 1926 4224 ,

345 4254 404 4305 ἐν
497 4249 827 4321 γυμνότερον
853 4248 914 4300 τὸ
941 4246 1178 4300 τοιοῦτον
1199 4247 1373 4315 δόγμα
1401 4249 1530 4318 ἡμῖν
1553 4249 1924 4320 σαφηνίζεται.

2038 3070 2179 3124 stico
2213 3069 2352 3124 festo
2387 3071 2546 3124 aliter
2575 3069 2677 3122 frui
2711 3084 2817 3122 non
2852 3069 3033 3134 liceat,
3067 3071 3172 3124 nisi
3224 3070 3406 3125 saeculi
3448 3069 3612 3138 hujus

2039 3159 2220 3229 inlyba
2258 3173 2443 3213 amara
2497 3159 2753 3228 simplici,
2788 3166 2841 3213 et
2888 3173 2917 3212 a
2960 3158 3226 3214 fermento
3263 3175 3448 3214 vacua:
3491 3160 3613 3213 vita:

2037 3258 2232 3320 sponte
2290 3257 2477 3304 nostra
2539 3251 2967 3305 immisceantur.
3025 3247 3320 3319 Propterea
3383 3265 3613 3320 magnus

2037 3357 2254 3410 quoque
2290 3341 2476 3407 David,
2509 3342 2724 3396 tametsi
2758 3355 3030 3395 summum
3063 3343 3312 3396 humanae
3340 3339 3613 3396 felicitatis

2037 3431 2364 3501 fastigium(
2410 3433 2477 3487 de
2514 3448 2684 3504 regno
2732 3433 2986 3486 nimirum
3020 3433 3249 3503 loquor)
3295 3434 3502 3489 circum
3555 3449 3614 3489 se

2035 3536 2303 3588 cerneret,
2356 3525 2576 3594 largiter
2634 3534 2814 3578 tamen
2850 3525 2916 3579 de
2979 3526 3183 3594 intybis
3238 3529 3437 3582 amaris
3499 3543 3613 3582 suae

2035 3617 2159 3670 vitm
2191 3615 2412 3685 adjicit,
2467 3617 2751 3684 suspirans
2815 3614 2870 3668 in
2916 3614 3144 3681 ejulatu,
3203 3631 3265 3670 ac
3323 3617 3611 3685 deplorans

2036 3707 2472 3777 prorogationcm
2503 3706 2864 3776 inquilinatus
2912 3706 2966 3760 in
3003 3719 3186 3770 carne,
3242 3707 3611 3778 deﬁciensque

2037 3814 2147 3869 pra:
2194 3798 2490 3868 cupiditate
2541 3813 2604 3853 ac
2635 3798 2907 3854 desiderio
2942 3815 3122 3854 rerum
3177 3799 3463 3868 majorum,
3511 3801 3612 3855 llei

2037 3889 2186 3951 mihi,
2222 3889 2420 3958 inquit,
2467 3890 2717 3959 quoniam
2771 3887 3120 3958 inquilinatus
3155 3906 3298 3942 meus
3328 3890 3609 3960 prolonga-

2038 3989 2121 4034 tus
2156 3989 2233 4034 est
2259 3981 2332 4033 ιιι
2372 3978 2430 4034 In
2460 3981 2567 4034 alio
2596 3995 2725 4035 vero
2755 3980 2874 4035 loco
2911 3981 3367 4050 pulchritudinem
3399 3983 3612 4038 divino~

2037 4091 2158 4130 rum
2192 4075 2672 4130 tabernaculorum
2715 4073 2907 4128 deﬁxis
2943 4075 3118 4130 oculis
3177 4085 3464 4141 contuens,
3499 4091 3611 4146 pra:

2033 4165 2307 4220 desiderio
2336 4165 2569 4220 deiicere
2596 4181 2656 4221 se
2686 4165 2780 4229 ait,
2813 4165 3176 4234 prmstabilius
3203 4165 3307 4218 sibi
3351 4180 3473 4218 esse
3507 4167 3609 4218 du-

2034 4271 2169 4311 cens
2203 4255 2313 4310 illic
2361 4255 2414 4309 in
2468 4255 2727 4311 extremis
2775 4255 3100 4310 collocatum
3157 4270 3298 4318 esse,
3357 4271 3518 4325 quam
3553 4255 3608 4311 in

347 4319 658 4408 Μνήσθήτι
683 4339 811 4410 γὰρ,
845 4337 1008 4408 φησὶν
1033 4339 1061 4390 ό
1095 4337 1344 4408 Ἀϐραάμ
1373 4338 1510 4408 πρὸς
1533 4339 1622 4391 τὸν
1651 4319 1924 4406 πλούσιον,

2037 4348 2202 4404 rebus
2236 4347 2596 4417 prmsentibus
2653 4346 2856 4416 primas
2911 4353 3112 4400 tenere.
3169 4343 3323 4411 Quod
3374 4319 3424 4402 si
3486 4349 3609 4418 quis

345 4436 433 4490 ὅτι
456 4433 749 4497 ἀπέλαϐες
779 4431 849 4485 τὰ
871 4429 1062 4500 ἀγαθά
1083 4446 1197 4483 σου
1226 4431 1295 4483 ἐν
1310 4429 1385 4498 τῇ
1416 4430 1529 4498 ζωῇ
1555 4445 1691 4485 σου·
1718 4434 1934 4502 ὁμοίως

346 4528 415 4580 δὲ
432 4528 528 4581 καί
550 4529 582 4579 ό
604 4525 870 4593 Λάζῢλρος
889 4524 961 4576 τὰ
978 4523 1150 4575 κακά’
1173 4521 1270 4574 διὰ
1290 4521 1463 4574 τοῦτο
1487 4517 1664 4588 οὗτος
1681 4521 1799 4591 μὲν
1818 4538 1932 4576 πα-

344 4617 712 4685 ρακαλεῖται,
739 4615 820 4669 σὺ
848 4613 915 4666 δὲ
937 4611 1252 4666 ὀδυνᾶσαι.
1278 4613 1458 4666 Ἕοικε
1475 4613 1604 4685 γάρ,
1627 4615 1813 4686 ἐπειδὴ
1835 4615 1932 4686 τῆς

346 4711 558 4780 ἀγαθῆς
583 4709 677 4762 τοῦ
705 4708 838 4760 Θεοῦ
867 4707 994 4776 περὶ
1025 4705 1114 4758 τὸν
1145 4704 1428 4774 ἄνθρωπον
1459 4706 1767 4776 οἰκονομίας
1818 4709 1927 4760 ἀπ-

348 4807 575 4873 έστησεν
609 4802 755 4870 ἡμᾶς
789 4802 822 4869 ὴ
857 4798 1110 4860 ἀϐουλία,
1146 4797 1344 4868 μᾶλλον
1394 4797 1449 4850 δὲ
1500 4799 1531 4868 ἡ
1582 4798 1930 4852 κακοϐουλίαο

353 4892 448 4944 τοῦ
485 4895 595 4964 γὰρ
615 4892 746 4944 Θεοῦ
776 4890 970 4960 ἀμιγὲς
995 4891 1088 4942 τοῦ
1110 4889 1280 4942 κακοῦ
1305 4889 1365 4942 τὸ
1388 4890 1592 4958 ἀγαθὸν
1621 4893 1678 4944 ἐν
1698 4895 1764 4963 τῇ
1793 4893 1932 4945 ἀπον

350 4984 535 5037 λαύσει
573 4982 728 5052 ἡμῶν
771 4981 1224 5052 νομοθετήσαντος
1245 5020 1259 5041 ,
1293 4981 1386 5033 καὶ
1424 4982 1822 5052 καταμιγνύναι
1855 4981 1931 5052 τῷ

347 5077 498 5147 καλῷ
530 5076 627 5146 τὴν
651 5074 745 5127 τοῦ
776 5073 947 5127 κακοῦ
979 5075 1171 5142 πεῖραν
1201 5073 1708 5144 ἀπαγορεύσαντος,
1741 5075 1927 5146 ἐπειδὴ

346 5171 507 5240 ἡμεῖς
535 5167 640 5222 ὑπὸ
671 5164 1003 5236 λαιμαργίας
1030 5163 1288 5228 ἑκουσίως
1329 5164 1422 5218 τοῦ
1467 5166 1704 5219 ἐναντίου
1739 5167 1923 5234 ἐνεφο-

350 5261 597 5331 ρήθημεν
655 5258 830 5329 (λέγω
857 5257 913 5310 δὲ
960 5257 1057 5326 τῆς
1104 5256 1196 5309 τοῦ
1245 5257 1387 5309 θείου
1422 5258 1595 5325 Λόγου
1645 5259 1927 5328 παρακοῆς

350 5351 833 5420 ἁτωγευσάμενοψ
862 5349 950 5402 διὰ
975 5349 1132 5402 τοῦτο
1155 5349 1262 5419 χρὴ
1285 5351 1499 5414 πάντως
1530 5353 1586 5402 ἐν
1606 5351 1929 5421 ἀμφοτέροις

348 5445 599 5515 γενέσθαι
616 5443 710 5512 τὴν
732 5442 1075 5513 ἀνθρωπίνην
1096 5441 1377 5508 φύσιν,καὶ
1398 5445 1686 5511 μετασχεῖν
1703 5445 1757 5495 ἐν
1777 5443 1926 5521 μέρει

424 5626 464 5656 ¹³
510 5624 675 5677 Exod.
714 5638 785 5675 an
811 5660 823 5680 .
859 5621 911 5675 8.
994 5621 1033 5649 ¹³
1077 5607 1215 5671 Psal.
1257 5635 1376 5672 CXlX
1404 5657 1417 5679 ,

1590 5621 1628 5648 "
1669 5617 1800 5672 Luc.
1836 5634 1954 5678 xvi,

2032 4437 2251 4508 plenius
2291 4436 2436 4491 beati
2471 4437 2636 4505 hujus
2671 4437 2850 4492 luctus
2898 4436 3005 4490 vim
3035 4438 3391 4506 contemplari
3449 4446 3612 4508 atque

2031 4526 2473 4581 animadvertere
2504 4526 2654 4589 velit,
2689 4525 2999 4580 consideret
3022 4540 3145 4580 eum
3172 4525 3226 4579 in
3276 4526 3366 4580 illa
3423 4542 3609 4582 narra-

2031 4618 2202 4682 tione,
2234 4631 2353 4687 qua:
2386 4616 2452 4670 de
2473 4615 2677 4670 Lazaro
2707 4631 2770 4670 ac
2798 4615 2964 4670 divite
2999 4615 3094 4686 (in
3135 4614 3427 4687 Evangelia
3455 4620 3469 4681 )
3506 4619 3604 4672 ha-

2029 4707 2212 4773 betur,
2249 4708 2337 4762 ubi
2365 4708 2632 4777 ejusmodi
2663 4707 2908 4762 doctrina
2942 4707 3097 4762 nobis
3142 4709 3387 4778 apertius
3430 4709 3614 4764 decla-

2033 4809 2193 4855 ratur
2220 4817 2232 4854 :
2264 4799 2522 4852 Memento
2544 4799 2709 4863 enim,
2749 4798 2922 4866 inquit
2954 4798 3227 4853 Abraham
3261 4797 3329 4852 ad
3363 4799 3608 4863 divitem,

2033 4893 2176 4964 quod
2208 4893 2461 4961 receperis
2499 4891 2632 4944 bona
2665 4900 2755 4943 tua
2794 4891 2846 4942 in
2879 4891 2983 4944 vita
3015 4900 3143 4943 tua:
3208 4891 3451 4944 similiter
3487 4893 3609 4944 item

2034 4982 2280 5036 Lazarus
2316 4998 2518 5052 quoque
2579 4981 2745 5034 mala.
2807 4979 3012 5033 Idcirco
3043 4981 3124 5033 hic
3155 4982 3362 5050 quidem
3420 4982 3610 5034 solatio

2033 5075 2258 5144 fruitur,
2297 5084 2351 5126 tu
2387 5091 2506 5127 vero
2527 5075 2783 5127 cruciaris
2813 5073 2874 5127 “.
2908 5072 3012 5127 Par
3041 5075 3184 5128 enim
3218 5081 3272 5127 et
3322 5081 3610 5127 consenta-

2033 5183 2198 5220 neum
2238 5166 2288 5219 id
2329 5173 2433 5228 est,
2468 5165 2910 5235 quandoquidem
2943 5164 3190 5225 ἀϐουλία,
3225 5165 3325 5218 hoc
3354 5171 3456 5225 est,
3487 5179 3612 5217 con-

2034 5262 2139 5314 silii
2183 5268 2531 5329 contemptus
2563 5268 2614 5312 et
2643 5258 2942 5317 temeritas,
2976 5258 3083 5309 imo
3123 5271 3250 5309 vero
3287 5253 3608 5308 κακοδουλία

2038 5353 2088 5406 id
2125 5362 2235 5411 est.
2293 5369 2515 5422 pravum
2563 5351 2876 5412 consilium,
2912 5363 3011 5404 nos
3071 5363 3096 5401 a
3152 5347 3291 5402 bona
3332 5347 3420 5400 Dei
3462 5347 3608 5401 circa

2042 5457 2319 5499 nominem
2375 5443 2733 5512 dispositione
2776 5447 2937 5510 atque
3000 5436 3474 5502 administratione
3513 5437 3610 5491 ab-

1987 5619 2073 5671 ‘23.
