3996 6196
480 208 611 262 ῙΞΞΙ
1681 209 1736 264 S.
1777 210 2102 268 GREGORII
2135 210 2426 268 NYSSENI
3555 222 3662 275 1‘23?

476 320 652 376 duxit.
683 320 815 374 Nam
854 335 976 375 cum
1023 320 1164 376 Deus
1225 321 1425 376 bonum
1478 321 1629 374 nulla
1695 323 2049 392 permistione

2087 331 2122 385 Α
2148 324 2240 377 τοῦ
2274 342 2331 377 τε
2357 323 2653 386 λυποῦντος
2677 323 2770 377 καὶ
2799 321 2893 376 τοῦ
2915 324 3308 393 εύφραίνοντος.
3343 325 3436 380 Δύο
3458 327 3508 381 δὲ
3529 331 3665 386 ὄντων

475 427 602 466 cum
640 413 783 464 malo
812 413 1104 467 confusum
1139 413 1296 468 uobis
1327 413 1614 468 fruendum
1648 415 2041 484 proposuisset,

2146 410 2296 479 βίων,
2342 411 2435 464 καὶ
2476 410 2670 480 διπλῆς
2717 411 2818 480 τῆς
2851 410 3000 478 ζωῆς
3025 410 3148 463 καθ’
3176 412 3414 481 ἑκάτερον
3444 415 3537 468 τῶν
3563 417 3669 482 βίων

481 503 856 572 vetuissetque
884 505 1273 573 experientiam
1323 506 1451 558 mali
1486 520 1609 558 cum
1648 505 1792 560 bono
1849 508 2045 576 permi-

2146 501 2452 565 ἰδιαξόντως
2474 500 2875 571 θεωρουμένης,
2899 499 3161 564 ὡσαύτως
3189 501 3243 553 δὲ
3270 503 3357 555 καὶ
3384 504 3671 577 εὐφροσύνης

479 594 641 656 sceri,
675 595 931 662 quoniam
963 612 1072 665 pne
1103 597 1339 667 ingluvie
1369 605 1563 664 sponte
1609 607 1794 651 nostra
1827 607 2044 652 contra-

2141 590 2352 658 διπλῆςο
2387 589 2488 658 τῆς
2517 590 2615 659 μὲν
2645 592 2701 642 ὲν
2729 590 2808 659 τῷ
2839 590 2939 660 βίῳ
2964 590 3160 660 τούτῳ,
3191 593 3288 661 τῆς
3325 591 3378 644 δὲ
3403 592 3456 642 ὲν
3486 594 3554 665 τῷ
3574 599 3672 649 κατ’

478 685 561 736 rio
594 684 880 752 degustato
909 685 1065 755 (dico
1096 694 1276 741 autem
1304 686 1370 739 de
1408 684 1572 739 Verbi
1605 685 1775 739 divini
1809 696 2044 740 contem-

2143 682 2364 743 ἐλπίδας
2417 683 2547 752 ἡμῖν
2594 682 2962 753 προκειμένῳ·
3019 683 3350 753 μακαριστὸν
3398 683 3458 736 ἂν
3491 685 3567 754 εἴη
3595 688 3673 757 τὴν

483 783 574 844 ptu
607 782 659 828 et
690 775 1088 843 inobedientia)
1127 789 1226 828 nos
1277 774 1729 844 iugurgitavimus
1778 785 1832 831 et
1864 778 2043 845 exple-

2142 773 2238 841 τῆς
2264 772 2599 842 εὐφροσύνης
2629 775 2823 843 μοῖραν
2851 776 2961 835 τοῖς
2982 774 3253 841 ἀληθινοῖς
3278 773 3487 841 ἀγαθοῖς
3514 778 3581 838 είς
3599 778 3671 829 τὸν

479 867 676 929 vimus,
714 866 919 920 idcirco
947 880 1174 934 prorsus
1197 866 1489 919 humanam
1520 875 1771 938 naturam
1802 868 1854 920 in
1887 868 2044 922 utris-

2144 864 2313 917 ἀΐδιον
2342 863 2639 916 ἀποθέσθαι
2681 863 2812 932 βίον·
2847 865 2945 932 τῆς
2972 864 3028 916 δὲ
3049 863 3223 934 λύπης
3250 862 3573 932 ἐκπληρῶσαι
3595 866 3673 936 τὴν

478 972 584 1026 que
617 957 847 1019 versari,
907 962 1017 1008 tres
1041 953 1202 1008 modo
1227 952 1432 1015 tristes,
1457 952 1616 1006 modo
1643 948 1794 1008 lzetas
1813 957 2041 1012 invicem

2142 954 2478 1024 λειτουργίαν
2496 957 2552 1006 ἐν
2575 957 2641 1024 τῇ
2675 955 2901 1024 βραχείᾳ
2925 954 3095 1025 ταύτῃ
3121 956 3213 1007 καὶ
3238 956 3538 1025 προσκαίρῳ
3563 957 3673 1027 ζωῇ,

478 1049 711 1116 experiri
735 1055 969 1116 oportet.
1001 1045 1174 1100 Porro
1214 1061 1337 1100 cum
1366 1045 1473 1100 duo
1511 1046 1620 1100 sint
1673 1051 1890 1112 sarcula,
1939 1049 2040 1102 du-

2143 1046 2343 1115 ζημίαν
2375 1046 2716 1116 ποιούμενον,
2751 1048 2810 1098 ού
2841 1047 2902 1098 τὸ
2928 1047 3252 1118 στερηθῆναι
3283 1065 3420 1110 τινος
3443 1049 3540 1100 τῶν
3563 1051 3674 1102 κατὰ

479 1136 708 1204 plexque
763 1138 868 1189 vita
905 1151 1000 1206 per
1039 1143 1329 1205 utrumque
1380 1137 1637 1191 saeculum
1695 1138 2042 1207 peculiariter

2143 1137 2231 1188 τὸν
2264 1136 2377 1204 βίον
2419 1136 2607 1189 τοῦτον
2647 1136 2838 1205 ἡδέων,
2872 1138 3006 1190 ἀλλά
3034 1139 3096 1190 τὸ
3125 1139 3210 1190 διά
3236 1139 3333 1206 τῆς
3372 1139 3675 1203 ἀπολαύσεως

482 1225 858 1279 consideretur
885 1245 900 1292 ;
945 1235 1108 1295 atque
1145 1226 1330 1280 itidem
1360 1225 1543 1280 laetitia
1578 1242 1795 1296 quoque
1823 1227 2040 1296 duplex,

2144 1224 2348 1277 τούτων
2377 1227 2433 1278 ὲν
2471 1226 2785 1280 ἀποπτῶσει
2829 1229 2938 1280 τῶν
2977 1230 3277 1298 ἀμεινόνων
3306 1231 3557 1297 γενέσθαι.
3588 1233 3673 1283 0'3-

477 1317 581 1369 alia
612 1317 827 1387 quidem
867 1317 920 1370 in
969 1317 1072 1370 hoc
1111 1317 1330 1382 saeculo,
1392 1318 1497 1370 alia
1521 1333 1652 1372 vero
1702 1318 1756 1373 in
1801 1333 1866 1372 eo
1899 1317 2043 1386 quod

2146 1316 2275 1369 κοῦν
2304 1318 2352 1368 εί
2385 1317 2722 1387 μακαριστόν
2753 1320 2899 1371 ἐστιν
2932 1318 2992 1371 τὸ
3021 1322 3081 1372 ὲν
3111 1323 3221 1384 τοῖς
3249 1321 3487 1389 ἀπείροις
3517 1322 3675 1374 αίῶσιν

479 1423 574 1477 per
600 1423 749 1476 spem
776 1408 935 1463 nobis
963 1409 1302 1478 propositum
1338 1415 1442 1474 est,
1489 1417 1764 1478 spectetur
1790 1428 1802 1462 :
1838 1407 2044 1463 beatifi-

2144 1408 2428 1461 ἀτέλεστόν
2456 1425 2514 1460 τε
2557 1409 2650 1460 καὶ
2678 1410 2849 1461 είσαεὶ
2879 1411 3345 1481 παρατεινομένην
3377 1412 3469 1480 τὴν
3511 1411 3672 1480 εὐφρο-

475 1513 599 1550 cum
633 1497 794 1551 fuerit
823 1497 1268 1562 existimandum,
1307 1500 1353 1553 si
1381 1500 1506 1568 quis
1558 1499 1866 1568 portionem
1903 1498 2041 1552 laeti-

2146 1503 2309 1572 σύνην
2337 1503 2497 1571 ἔχειν’
2528 1503 2609 1555 δεῖ
2647 1503 2702 1554 δὲ
2737 1503 2954 1566 πάντως
2980 1504 3279 1571 γεύσασθαι
3313 1504 3402 1556 καὶ
3425 1505 3524 1556 τῶν
3548 1505 3675 1556 ἐναν-

474 1587 560 1640 tiae
586 1603 680 1654 per
717 1603 842 1641 vera
903 1588 1044 1641 bona
1083 1588 1137 1641 in
1184 1590 1574 1657 sempiternum
1635 1589 1894 1643 saeculum
1956 1603 2042 1641 re-

2097 1651 2114 1664 _
2145 1593 2272 1646 τίων
2319 1592 2417 1663 τὴν
2464 1592 2808 1663 ἀνθρωπίνην
2859 1593 3038 1662 φύσιν·
3091 1595 3277 1647 οὐκέτι
3314 1594 3532 1664 χαλεπόν
3583 1594 3675 1644 ἐστι

472 1679 671 1732 condat
699 1693 712 1730 :
740 1680 976 1734 tristitia:
1008 1696 1135 1735 vero
1165 1695 1366 1735 munus
1402 1681 1456 1734 in
1485 1681 1585 1736 hac
1613 1681 1762 1735 brevi
1791 1695 1853 1733 ac
1900 1687 2038 1734 tern-

2097 1651 2115 1706 δ
2144 1649 2496 1736 συνιδεῖνιτοῦ
2544 1649 2700 1751 λιόγου
2840 1649 3108 1754 βούλημα,
3145 1685 3234 1737 διὰ
3280 1649 3347 1737 τί
3374 1685 3607 1755 μακάριοι
3638 1683 3675 1734 οι

472 1770 690 1840 poraria
723 1771 832 1822 vita
859 1771 1096 1838 expleat,
1156 1785 1263 1824 non
1297 1771 1351 1824 in
1391 1769 1591 1824 damno
1621 1785 1685 1823 ac
1717 1769 2041 1824 detrimento

2137 1774 2230 1827 νῦν
2262 1774 2580 1838 πενθοῦντες
2601 1817 2614 1838 ,
2647 1776 2800 1828 αὐτοὶ
2833 1775 2940 1846 γὰρ
2983 1779 3062 1838 είς
3089 1775 3220 1839 τοὺς
3240 1775 3490 1845 ἀπείρους
3512 1774 3677 1836 αἰῶνας

470 1873 699 1926 ponens,
732 1858 777 1912 si
821 1859 998 1928 aliqua
1062 1875 1243 1913 rerum
1275 1875 1462 1914 earum
1511 1860 1776 1930 privetur,
1809 1864 1930 1928 Qua:
1984 1858 2039 1912 in

2137 1865 2672 1935 παρακληθήσονταιο
2703 1868 2736 1936 ἡ
2771 1866 2827 1919 δὲ
2857 1868 3207 1938 παράκλησις
3225 1910 3240 1933 ,
3275 1869 3338 1920 ὲκ
3359 1868 3450 1938 τῆς
3477 1867 3561 1920 τοῦ
3587 1867 3677 1919 [Ια-

470 1947 570 1999 hac
597 1946 703 1998 vita
733 1961 928 2001 suaves
954 1962 1017 2000 ac
1045 1947 1302 2015 jucunda:
1335 1957 1464 2003 sunt
1492 1968 1504 2002 :
1543 1949 1637 2004 sed
1686 1950 1731 2003 si
1771 1948 1898 2002 dum
1936 1948 2042 2004 illis

2137 1955 2407 2026 ρακλήτου
2467 1958 2755 2026 μετουσίας
2803 1957 3031 2025 γίνεται.
3085 1959 3212 2012 Ἰδία
3255 1959 3362 2028 γὰρ
3411 1959 3498 2011 τού
3537 1958 3676 2012 Πνεύ-

467 2035 664 2088 fruitur
690 2042 851 2103 atque
882 2037 1106 2104 potitur,
1144 2040 1430 2093 meliorum
1463 2056 1526 2094 ac
1558 2040 1826 2110 potiorum
1864 2040 2036 2094 bono-

2139 2064 2307 2116 ματος
2361 2048 2610 2119 ἐνέργεια
2661 2051 2694 2120 ἡ
2743 2053 2841 2121 τῆς
2892 2050 3293 2121 παρακλήσεως
3341 2050 3491 2121 χάρις
3537 2049 3673 2101 ἐστίν·

465 2139 584 2177 rum
609 2123 876 2192 jacturam
911 2123 1094 2178 faciat.
1119 2124 1387 2190 Quocirca
1423 2129 1468 2183 si
1516 2129 1732 2183 beatum
1778 2132 2034 2200 judican-

2138 2133 2205 2207 ἦς
2238 2138 2330 2190 καὶ
2363 2140 2520 2207 ἡμεῖς
2561 2138 2942 2209 ἀξιωθείημεν,
2987 2141 3170 2212 χάριτι
3211 2141 3304 2193 τοῦ
3330 2141 3522 2211 Κυρίου
3547 2139 3673 2208 ἡμῶν

463 2217 591 2268 ιΙιιιη
622 2223 724 2276 est,
765 2215 817 2266 in
854 2213 1079 2270 inlinitis
1145 2219 1392 2284 saeculis,
1443 2236 1721 2288 nunquam
1775 2222 2030 2289 finienda,

2153 2228 2328 2299 Ἰησοῦ
2373 2229 2631 2300 Χριστοῦ,
2659 2223 2703 2298 ᾧ
2742 2233 2775 2301 ἡ
2808 2229 2932 2295 δόξα
2960 2233 3040 2294 είς
3078 2231 3209 2296 τοὺς
3235 2232 3432 2294 αἰῶνας
3453 2230 3550 2283 τῶν
3574 2227 3675 2282 αίώ-

462 2304 556 2358 sed
587 2305 639 2358 in
667 2309 982 2373 perpetuum
1021 2304 1279 2361 duratura
1307 2308 1490 2362 laetitia
1519 2309 1646 2374 frui,
1692 2326 1757 2365 ac
1808 2328 2033 2381 prorsus
2139 2336 2268 2372 νων.
2311 2321 2500 2392 Ἀμήν.

462 2400 624 2454 etiam
657 2405 935 2459 contraria
963 2405 1253 2474 degustare
1279 2396 1528 2457 naturam
1549 2405 1837 2460 humanam
1866 2419 2115 2478 Oportet:
2150 2429 2259 2468 non
2291 2417 2524 2486 amplius
2591 2417 2810 2472 difficile
2878 2424 2963 2472 est
3030 2417 3346 2488 perspicere
3415 2423 3465 2468 et
3513 2411 3678 2467 intellio

461 2510 587 2563 gere
614 2499 940 2552 sententiam
976 2501 1264 2565 orationis,
1288 2515 1388 2554 cur
1415 2500 1560 2554 beati
1589 2501 1720 2568 sint,
1753 2503 1844 2572 qui
1884 2521 2033 2560 nunc
2069 2507 2276 2580 lugent,
2305 2513 2564 2582 quoniam
2617 2514 2878 2568 nimirum
2950 2514 3057 2581 ips:
3111 2512 3331 2566 infinita
3392 2511 3444 2565 in
3507 2507 3676 2563 saecula

461 2587 657 2642 solatio
693 2586 962 2642 fruentur.
991 2586 1258 2642 Solatium
1295 2595 1481 2642 autem
1517 2603 1580 2642 ex
1612 2591 2034 2659 consuetudine,
2074 2612 2176 2652 usu
2240 2609 2402 2670 atque
2473 2603 2968 2658 communicatione
3000 2601 3299 2666 Paracleti,
3341 2601 3389 2655 id
3429 2610 3502 2655 cst
3540 2599 3675 2651 advo-

459 2683 566 2737 cati
617 2689 672 2738 et
721 2683 1090 2738 consolatoris
1145 2681 1383 2736 exsistit.
1417 2682 1826 2740 Consolationis
1898 2689 2044 2744 enim
2119 2694 2293 2763 gratia
2364 2696 2644 2765 peculiare
2678 2696 2925 2766 Spiritus
2985 2711 3125 2766 opus
3181 2703 3313 2751 est:
3354 2709 3508 2765 quam
3540 2692 3674 2748 etiam

459 2793 560 2834 nos
588 2791 1006 2848 consequamur,
1041 2779 1216 2848 gratia
1240 2775 1454 2831 Domini
1485 2778 1657 2832 nostri
1699 2777 1825 2834 Jesu
1865 2780 2091 2851 Christi,
2122 2787 2176 2842 in
2213 2791 2413 2844 sacula
2439 2765 2792 2849 δίκαιοι-ἶλαι.
2821 2791 3019 2846 Amen.

1057 2893 1314 2950 ORATIO
1361 2893 1448 2951 IV.
2059 2887 2101 2944 C

2059 2887 2101 2944 (ἒ
2729 2879 2977 2963 ’ΛΟΓΟΣ
3013 2910 3084 2960 A'.

465 2983 615 3038 Beati
643 2985 734 3054 qui
766 2986 1007 3040 esuriant
1035 2994 1083 3039 et
1112 2987 1300 3067 sitiunt
1320 2985 1616 3067 justitiam,
1651 2993 1899 3054 quoniam
1932 2991 2032 3056 ipsi

2135 2998 2421 3066 Μακάριοι
2451 3003 2505 3055 οἱ
2537 2999 2878 3064 πεινῶντες,
2903 2999 3003 3052 καὶ
3033 2997 3330 3067 διψῶντες
3358 2997 3466 3054 τὴν
3491 2995 3674 3048 δικαιο-

1012 3055 1395 3108 εαιιιταῧιιηιιιν
1425 3056 1488 3108 ’⁵ο
1954 3055 1960 3056 ί
2300 3055 2320 3066 ’
2360 3070 2578 3138 σύν-ην·
2614 3071 2703 3123 ὅτι
2741 3055 2906 3123 αῠὲοὶ
2934 3055 3472 3137 χορτάσθήσονται.

531 3145 635 3211 Qui
665 3146 947 3201 medicinae
976 3147 1137 3216 periti
1169 3153 1316 3209 sunt,
1345 3146 1499 3198 aiunt
1533 3162 1651 3211 eos,
1711 3149 1804 3218 qui
1857 3166 1888 3206 e
1918 3160 2030 3206 sto-

2203 3157 2340 3221 Τοὺς
2377 3161 2786 3231 στομαχοῦντας
2827 3161 2920 3213 καὶ
2958 3160 3286 3223 κακοσίτους
3336 3158 3490 3228 φασὶν
3533 3157 3574 3207 οἱ
3599 3155 3673 3221 τῆς

459 3235 656 3288 macho
695 3235 966 3297 laborant,
1016 3243 1071 3289 et
1106 3235 1261 3290 cibos
1325 3235 1634 3301 fastidiunt,
1693 3254 1818 3293 cum
1878 3243 2030 3310 pravi

2135 3249 2384 3318 ἰατρικῆς
2414 3251 2799 3321 ἐπιστήμονες,
2835 3249 3088 3320 πονηρῶν
3115 3267 3282 3302 τινων
3315 3248 3495 3320 χυμῶν
3510 3264 3567 3302 τε
3601 3243 3676 3297 καὶ

457 3322 682 3391 quidam
726 3324 878 3377 succi
907 3331 959 3377 et
992 3322 1250 3392 superilui
1284 3323 1540 3380 humores
1586 3326 1653 3380 ad
1693 3331 2028 3398 superiorem

2131 3340 2560 3410 περιττωμάτων
2613 3343 2705 3394 ἐπὶ
2749 3341 2848 3410 τὴν
2888 3340 3000 3393 ἄνω
3047 3340 3294 3412 γαστέρα
3352 3337 3671 3409 συρρυέντων,

456 3413 746 3468 ventriculi
784 3420 990 3482 partem
1023 3414 1405 3482 confluxerint,
1442 3432 1656 3486 semper
1686 3419 1875 3487 plenos
1929 3437 2026 3492 pa-

2129 3429 2216 3481 ἀεὶ
2246 3429 2422 3482 δοκεῖν
2461 3429 2689 3498 πλήρεις
2731 3446 2789 3481 τε
2822 3429 2917 3481 καὶ
2955 3428 3229 3499 διακορεῖς
3275 3423 3441 3491 εἶναι,
3488 3428 3570 3481 καὶ
3603 3424 3671 3479 διὰ

456 3507 591 3558 riter
621 3519 685 3558 ac
712 3512 932 3560 saturos
959 3520 1078 3570 esse.
1104 3507 1350 3575 sibiipsis
1399 3506 1591 3571 videri,
1619 3516 1782 3580 atque
1815 3511 2021 3568 idcirco

2130 3520 2285 3573 τοῦτο
2319 3519 2454 3592 πρὸς
2500 3521 2598 3590 τὴν
2630 3520 2901 3591 ὠφέλιμον
2947 3521 3152 3591 τροφὴν
3207 3520 3492 3590 ἀλλοτρίως
3535 3518 3669 3586 ἔχειν.

457 3612 555 3666 per
593 3597 952 3652 adulterinam
987 3613 1049 3652 ac
1079 3613 1300 3668 pravam
1328 3600 1682 3669 repletionem
1713 3611 1762 3656 et
1797 3604 2026 3660 satieta-

2128 3613 2225 3683 τῆς
2277 3613 2512 3684 φυσικῆς
2555 3615 2738 3675 αὐτοῖς
2783 3613 3012 3684 ὀρέξεως
3041 3615 3098 3666 ὲν
3135 3616 3204 3684 τῇ
3239 3613 3375 3682 νόθῳ
3427 3607 3668 3680 πλησμονῇ

456 3697 586 3753 tem,
625 3689 863 3743 naturali
897 3689 953 3743 in
987 3689 1068 3745 eis
1096 3690 1337 3759 appetitu
1383 3691 1677 3759 exstincto,
1711 3693 1900 3748 utilem
1950 3695 2028 3748 ci-

2131 3704 2519 3775 μαρανθείσης.
2552 3705 2615 3756 Ei
2647 3705 2702 3756 δέ
2729 3721 2813 3766 τις
2850 3705 3034 3766 αὐτοῖς
3061 3703 3118 3766 ἐξ
3147 3704 3398 3774 ἰατρικῆς
3428 3697 3669 3770 ἐπιμέλεια

455 3779 584 3834 bum
617 3795 874 3850 respuere
924 3787 1086 3850 atque
1124 3780 1408 3847 aversari;
1464 3779 1560 3836 sed
1615 3781 1662 3837 si
1717 3783 1898 3853 aliqua
1957 3785 2026 3840 ab

2128 3793 2483 3863 προσαχθείη,
2510 3793 2599 3846 διά
2623 3810 2766 3856 τινος
2794 3792 3066 3863 τμητικῆς
3093 3789 3542 3862 φαρμακοποσίας
3561 3789 3669 3840 ἀπο-

456 3881 572 3928 arte
597 3872 802 3927 medica
830 3887 962 3928 cura
990 3873 1070 3928 eis
1103 3871 1344 3926 adhibita
1378 3870 1560 3936 fuerit,
1589 3888 1686 3943 per
1738 3882 2024 3929 acutorum

2127 3884 2464 3937 κλυσθέντων
2499 3885 2604 3936 τῶν
2634 3885 3123 3955 ὲναπειλημμένων
3148 3887 3272 3948 ταῖς
3301 3883 3393 3936 τοῦ
3431 3881 3666 3950 στομάχου

452 3975 508 4016 et
547 3963 900 4017 incidentium
933 3961 1454 4016 medicamentorum
1485 3964 1780 4031 potionem,
1825 3965 2024 4020 ablutis

2125 3972 2450 4043 κοιλάτησιν,
2503 3973 2674 4036 οὕτως
2735 3972 3065 4042 συμϐαίνειν,
3114 3972 3207 4024 τοῦ
3263 3971 3529 4042 ἀλλοτρίου
3584 3985 3667 4035 μη-

435 4062 507 4112 .et
540 4054 855 4121 expurgatis
884 4051 1067 4121 pravis
1099 4067 1162 4108 ac
1199 4053 1490 4124 superfluis
1528 4055 1870 4120 humoribus,
1930 4057 2013 4126 qui

2125 4065 2240 4118 κέτι
2278 4063 2607 4134 διοχλοῦντος
2657 4063 2753 4132 τὴν
2795 4064 2974 4132 φύσιν,
3013 4063 3108 4132 τῆς
3139 4063 3452 4133 ὠφελούσης
3496 4077 3548 4112 τε
3595 4059 3665 4112 καὶ

451 4143 885 4198 concavitatibus
934 4144 1202 4198 stomachi
1238 4145 1524 4216 intercepti
1558 4154 1720 4216 atque
1773 4148 2018 4202 conclusi

2081 4157 2388 4227 _tpocpiuou
2443 4154 2697 4226 βρώσεως
2764 4155 2943 4216 αὐτοῖς
3005 4155 3280 4207 ἐπανιέναι
3334 4155 3436 4223 τὴν
3495 4149 3659 4221 δρεξιν·

450 4235 672 4300 fuerint,
699 4236 774 4290 ita
807 4235 1024 4290 tandem
1055 4236 1327 4302 accidere,
1361 4246 1421 4292 ut
1447 4209 1572 4292 cum
1602 4209 1652 4292 id
1711 4238 1855 4308 quod
1887 4239 2018 4294 alie-

2085 4218 2094 4259 ⁵
2121 4209 2393 4299 καὶτοῦτο
2416 4245 2511 4315 τῆς
2543 4245 2752 4314 ὑγιείας
2782 4239 2919 4298 εἶναι
2953 4239 3194 4313 σημεῖον,
3248 4244 3308 4307 τὸ
3336 4242 3520 4314 μηκέτι
3557 4254 3663 4290 κατ-

447 4345 576 4385 num
607 4337 712 4394 est,
744 4338 950 4383 natura:
980 4344 1089 4384 non
1120 4329 1352 4400 amplius
1385 4328 1584 4384 ofﬁciat
1617 4338 1780 4400 atque
1837 4331 2014 4386 mole-

2117 4336 2568 4406 ηναγκασμένως,
2592 4335 2727 4388 ἀλλὰ
2753 4336 2867 4405 μετ’
2891 4333 3185 4404 ἐπιθυμίας
3208 4351 3266 4386 τε
3289 4335 3381 4387 καὶ
3400 4331 3561 4402 ὁρμῆς
3581 4328 3658 4396 τὴν

446 4430 588 4476 stqu
625 4422 726 4485 sit,
783 4420 1026 4490 juvantis
1087 4422 1289 4490 pariter
1345 4435 1408 4474 ac
1441 4421 1734 4476 nutrientis
1771 4422 1879 4476 cibi
1933 4424 2014 4480 eis

2119 4427 2319 4498 βρῶσιν
2336 4427 2676 4498 προσίεσθαι.
2701 4425 2764 4478 Τί
2787 4422 2876 4478 οὖν
2907 4443 2992 4494 μοι
3021 4424 3274 4494 βούλεται
3306 4425 3365 4476 τὸ
3394 4422 3656 4493 προοίμιον;

447 4514 633 4569 redeat
662 4514 969 4584 appetitus;
998 4523 1158 4583 atque
1189 4512 1292 4566 hoc
1315 4515 1581 4568 restitutae
1609 4514 1860 4569 sanitatis
1893 4531 2014 4572 esse

2129 4516 2343 4587 Ἐπειδὴ
2380 4515 2584 4586 προῖὼν
2609 4515 2674 4568 δι’
2715 4513 3033 4577 ἀκολουθίας
3072 4515 3100 4565 ὁ
3135 4514 3274 4584 πρὸς
3298 4513 3366 4565 τά
3389 4509 3657 4579 ὑψηλότερα

449 4607 687 4674 signum,
720 4604 869 4675 quod
898 4620 1009 4660 non
1044 4605 1278 4674 amplius
1305 4607 1479 4660 coacti
1499 4613 1554 4661 et
1578 4605 1755 4669 inviti,
1795 4606 1890 4661 sed
1919 4622 2012 4662 cu-

2115 4605 2212 4674 τῆς
2262 4605 2369 4656 τῶν
2416 4601 2780 4674 μακαρισμῶν
2823 4601 3090 4671 κλίμακος
3137 4599 3488 4672 χειραγωγῶν
3539 4593 3659 4663 ἡμᾶς

450 4697 580 4768 pide
611 4705 664 4751 et
715 4712 838 4751 curn
896 4696 1132 4766 appetitu
1167 4695 1349 4749 cibum
1398 4703 1634 4750 sumant.
1697 4695 1838 4762 Quid
1887 4713 2018 4768 ergo

2114 4689 2291 4759 λόγος,
2332 4691 2360 4742 ὁ
2401 4691 2542 4743 κατά
2581 4695 2678 4760 τὴν
2707 4689 2799 4741 τοῦ
2843 4689 3130 4758 Προφήτου
3168 4690 3372 4760 φωνὴν,
3401 4687 3494 4749 τὰς
3515 4681 3656 4742 καλὰς

444 4787 578 4840 mihi
613 4789 715 4841 hoc
747 4789 1072 4858 principium
1100 4787 1533 4854 vult?Quoniam
1563 4787 1756 4843 ordine
1790 4804 2016 4860 progre-

2111 4779 2403 4840 ἀναὸἀσεις
2441 4779 2498 4830 ὲν
2518 4780 2586 4848 τῇ
2612 4777 2805 4847 καρδίᾳ
2830 4777 2985 4846 ἡμῶν
3009 4775 3400 4847 διατιθέμενος,
3435 4773 3655 4837 τοιαύτην

444 4879 602 4933 diens
643 4891 849 4939 sermo,
874 4878 966 4946 qui
995 4877 1060 4931 ad
1083 4878 1396 4946 superiores
1423 4876 1584 4932 scalae
1615 4877 2011 4932 beatitudinum

2109 4872 2241 4940 ἡμῖν
2300 4867 2434 4936 μετά
2481 4867 2577 4930 τὰς
2624 4865 3104 4938 προδιανυσθείσας
3152 4866 3374 4928 ἀνόδους
3421 4863 3654 4931 τετάρτην

440 4968 642 5038 gradus
677 4981 777 5022 nos
811 4968 967 5036 quasi
999 4983 1158 5020 manu
1191 4969 1360 5035 ducit,
1396 4968 1486 5037 qui
1519 4967 1674 5037 juxta
1716 4960 2012 5037 Propheta;

2111 4961 2483 5034 προδείκνυσιν
2529 4958 2694 5028 ἄλλην
2739 4957 3030 5020 ἀνάϐασιν,
3069 4956 3262 5023 λέγων·
3310 4954 3575 5021 Μακάριοι
3609 4948 3652 5000 οὶ

439 5076 624 5115 vocem
661 5060 952 5130 przeclaras
983 5059 1334 5114 ascensiones
1374 5061 1428 5112 in
1482 5060 1645 5114 corde
1678 5068 1864 5116 nostro
1899 5061 2013 5116 dis-

2112 5051 2431 5118 πεινῶντες
2459 5049 2557 5102 καὶ
2587 5048 2880 5116 διψῶντες
2901 5047 3012 5114 τὴν
3033 5046 3442 5113 δικαιοσύνην,
3466 5045 3542 5097 ὅτι
3565 5043 3649 5093 σὺ·

439 5151 686 5220 ponit“,
739 5150 900 5204 talem
933 5148 1092 5204 nobis
1123 5159 1242 5218 post
1265 5157 1390 5202 ante
1415 5151 1694 5218 expeditos
1725 5167 2010 5216 ascensus,

2111 5146 2196 5199 τοί
2227 5143 2763 5214 χορτασθήσονταιο
2800 5140 2980 5203 καλῶς
3018 5139 3162 5211 ἔχειν
3197 5137 3373 5209 οἶμαι,
3406 5138 3462 5190 τὸ
3491 5136 3646 5187 διακο-

437 5252 688 5313 quartam
721 5241 881 5294 aliam
909 5247 1295 5312 prmmonstrat
1341 5240 1740 5303 ascensionem,
1774 5241 1903 5296 dum
1933 5243 2014 5298 di-

2112 5238 2203 5309 ρές
2243 5255 2299 5289 τε
2345 5238 2438 5291 καὶ
2471 5235 2840 5307 πλησμονικὸν
2876 5233 2976 5302 τῆς
3022 5233 3201 5303 ψυχῆς
3251 5231 3643 5326 ἐκκαθάρανταξο

437 5336 511 5389 cit
541 5355 550 5386 ι
587 5333 737 5388 Beati
766 5333 856 5402 qui
883 5333 1121 5386 esuriant
1151 5337 1200 5384 et
1237 5329 1730 5399 sitiuntjuslitiam,
1762 5331 2010 5400 quoniam

2109 5328 2184 5390 ὡς
2218 5325 2329 5380 ἔστι
2367 5325 2610 5389 δυνατὸν,
2659 5325 2760 5393 τῆς
2787 5321 3039 5393 τοιαύτης
3081 5322 3334 5393 βρώσεώς
3381 5337 3437 5373 τε
3465 5317 3547 5370 καὶ
3569 5317 3645 5364 πο-

436 5427 534 5492 ipsi
568 5423 972 5487 saturabunlur,
1007 5432 1210 5477 rectum
1241 5436 1306 5474 ac
1342 5422 1689 5476 commodum
1735 5436 1856 5477 esse
1886 5421 2006 5492 opi-

2110 5435 2247 5482 σεως
2276 5418 2372 5489 τὴν
2405 5417 2744 5488 μακαριστὴν
2778 5414 2954 5487 ὄρεξιν
2993 5416 3122 5484 ἡμῖν
3153 5414 3332 5475 αὐτοῖς
3361 5407 3641 5480 ἐμποιῆσαι·

516 5600 559 5630 ¹⁸
601 5598 788 5654 Matth.
823 5617 873 5666 v,
910 5600 961 5654 6.
1010 5599 1051 5630 ¹⁶
1087 5597 1225 5651 Psal.
1260 5611 1504 5659 Lxxxln,
1547 5597 1598 5649 θ.
