3996 6196
332 354 470 440 less

1377 383 1461 438 DE
1503 382 2101 440 BEATITUlllNlBUS.
2141 383 2393 438 ORATIO
2426 383 2512 437 ιγ.

3449 379 3582 432 1234

325 490 448 544 οὔτε
473 490 583 564 γὰρ
617 492 832 564 ἰσχύσαι
854 496 1076 551 δυνατόν
1105 498 1222 551 ἐστι
1248 498 1337 552 τὸν
1365 498 1670 568 ἄνθρωπον,
1713 500 1787 570 μὴ
1810 499 1908 569 τῆς

2018 515 2138 566 nor,
2177 508 2236 555 ut
2279 507 2580 570 expurgata
2616 497 2865 553 satietate
2904 506 2956 552 et
2992 494 3414 566 ingurgi'atione
3460 493 3582 546 ani-

326 581 606 652 άρκούσης
639 585 844 655 τροφῆς
881 587 1347 660 ὑποστηριζούσης
1378 591 1477 658 τὴν
1503 589 1754 659 δύναμιν,
1781 588 1905 641 οὔτε

326 672 448 744 δίχτ
479 673 574 726 τοῦ
602 677 795 742 φαγεῖν
830 677 1209 749 ἐμπλησθῆναι
1232 679 1456 750 τροφῆς,
1486 678 1608 732 οὕτε
1636 680 1908 748 τραφῆναι

327 766 497 834 χωρὶς
525 765 778 834 ὀρέξεως.
807 768 960 821 Ἐπεὶ
995 765 1092 822 οὖν
1140 770 1343 838 ἀγαθόν
1372 788 1423 822 τι
1457 770 1596 824 κατὰ
1640 771 1740 841 τὴν
1768 771 1910 842 ζωήν

327 857 473 908 ἔστιν
507 856 541 927 ἡ
587 856 845 927 δύναμις’
882 860 1019 930 αὕτη
1060 861 1116 914 δὲ
1148 861 1225 931 τῷ
1274 861 1530 932 ἀρκοῦντι
1571 866 1908 932 συντηρεῖται

328 947 491 1019 κόρῳο
524 949 553 1000 6
578 949 644 1018 ςδὲ
669 951 826 1022 κόρος
863 952 948 1004 διὰ
981 952 1235 1023 βρώσεως
1267 955 1496 1022 γίνεται·
1543 954 1602 1005 τὸ
1630 953 1686 1006 δὲ
1719 957 1909 1022 φαγεῖν

328 1037 386 1104 ἐξ
413 1037 664 1108 ὀρέξεωςο
706 1041 1044 1113 μακαριστὸν
1073 1041 1138 1095 ἂν
1169 1043 1255 1111 είη
1286 1044 1400 1103 τοῖς
1434 1040 1600 1104 ζῶσιν
1636 1043 1668 1110 ἡ
1708 1039 1906 1110 ὄρεξις,

326 1129 468 1199 ἀρχή
514 1147 570 1182 τε
602 1131 694 1183 καὶ
736 1132 880 1184 αἰτία
915 1132 1014 1201 τῆς
1052 1134 1108 1185 ὲν
1139 1135 1272 1203 ἡμῖν
1305 1133 1564 1203 γινομένη
1597 1133 1898 1203 δυνάμεως.

329 1221 539 1292 Ὥσπερ
569 1221 625 1275 δὲ
655 1224 794 1276 κατὰ
816 1223 914 1294 τὴν
933 1223 1194 1295 αἰσθητὴν
1218 1225 1418 1295 ταύτην
1450 1225 1548 1292 τὴν
1571 1225 1772 1294 τροφὴν
1795 1226 1910 1295 ἔχο-

331 1326 452 1380 μεν,
487 1311 548 1363 ού
579 1309 686 1363 τῶν
717 1312 892 1365 αὐτῶν
924 1313 1123 1376 πάντες
1160 1313 1423 1382 ἐφίενται,
1465 1312 1600 1365 ἀλλὰ
1635 1314 1909 1383 μερίζεται

329 1399 588 1463 πολλάκις
643 1401 778 1470 πρὸς
807 1402 876 1455 τὰ
914 1402 1028 1472 εἴδη
1078 1404 1185 1478 τῶν
1233 1404 1571 1474 ἐδωδίμωνή
1616 1404 1723 1456 τῶν
1781 1423 1910 1474 μετ-

328 1489 556 1558 εχόντων
608 1491 901 1564 ἐπιθυμία,
949 1494 1042 1546 καὶ
1082 1497 1111 1546 6
1163 1495 1261 1563 μέν
1293 1511 1375 1556 τις
1405 1494 1755 1565 ἐπιτέρπεται
1797 1499 1908 1560 τοῖς

327 1582 730 1648 γλυκαίνουσιν,
779 1586 935 1649 ἄλλος
995 1588 1131 1658 πρὸς
1183 1587 1250 1640 τὰ
1301 1586 1668 1659 δριμύσσοντά
1717 1605 1776 1639 τε
1816 1587 1911 1640 καὶ

329 1670 690 1741 θερμαίνοντα
727 1674 824 1746 τὴν
870 1677 1044 1748 ὁρμὴν
1083 1677 1218 1745 ἔχει·
1251 1677 1436 1748 ἔτερος
1471 1679 1529 1732 δὲ
1579 1681 1692 1741 τοῖς
1723 1677 1907 1748 ἁλμώ-

325 1761 462 1825 δεσι,
485 1766 578 1818 καὶ
605 1765 764 1830 ἄλλος
787 1769 897 1832 τοῖς
924 1768 1368 1840 παραστύφουσιν
1391 1771 1602 1839 ἥδεται·
1632 1769 1911 1841 συμϐαίνει

2012 606 2132 655 mat,
2169 591 2348 660 quoad
2375 591 2495 659 ejus
2534 590 2647 644 fieri
2691 596 2888 658 potest,
2929 589 3054 661 talis
3085 595 3139 641 et
3170 587 3278 640 cibi
3337 594 3389 639 et
3423 589 3582 653 potus

2011 683 2226 736 beatum
2257 683 2311 734 in
2346 679 2753 749 nobismetipsis
2785 680 3081 748 appetitqu
3136 676 3490 731 conﬁciamus
3529 682 3583 727 et

2011 773 2394 844 ingeneremus
2423 790 2437 839 ;
2471 787 2646 842 neque
2676 771 2822 825 enim
2857 770 2968 824 ﬁeri
2999 775 3197 838 potest,
3225 774 3284 820 ut
3308 767 3390 821 vel
3418 768 3582 818 homo

2013 864 2215 929 valeat,
2249 862 2294 917 si
2323 863 2639 916 alimentum
2674 860 2950 916 sufﬁciens
2981 861 3128 913 vires
3154 874 3260 911 non
3290 856 3581 910 confirmet

2009 962 2065 1008 et
2097 961 2385 1016 sustentet,
2410 954 2494 1008 vel
2523 954 2730 1022 absque
2761 951 3096 1006 comestione
3133 951 3256 1003 cibo
3285 950 3579 1019 repleatur,

2013 1046 2096 1099 vel
2126 1045 2243 1098 sine
2271 1045 2512 1114 appetitu
2545 1045 2838 1097 nutriatur.
2873 1043 3143 1109 Quoniam
3181 1043 3348 1112 igitur
3381 1042 3580 1095 bonum

2013 1135 2284 1204 quoddam
2335 1136 2388 1188 in
2425 1136 2534 1189 vita
2589 1143 2717 1190 sunt
2751 1136 2935 1201 vires;
2975 1136 3055 1188 hae
3113 1149 3242 1187 vero
3294 1132 3582 1188 suﬁicienti

2014 1226 2300 1282 saturitate
2358 1234 2798 1292 conservantur;
2837 1226 3063 1280 satietas
3119 1232 3300 1278 autem
3357 1240 3451 1294 per
3487 1238 3583 1277 co-

2012 1317 2335 1370 mestionem
2365 1316 2578 1370 exsistit
2604 1334 2618 1382 ;
2644 1315 2908 1370 comestio
2937 1331 3065 1370 vero
3101 1331 3165 1368 ex
3209 1315 3448 1383 appetitu
3488 1316 3580 1367 lit:

2012 1407 2170 1461 beata
2197 1423 2284 1463 res
2327 1408 2490 1462 fuerit
2544 1409 2853 1462 viventibus
2888 1407 3182 1477 appetitus,
3218 1413 3278 1460 ut
3305 1406 3394 1475 qui
3427 1404 3581 1472 prin-

2011 1495 2211 1564 cipium
2235 1505 2288 1550 et
2315 1511 2477 1550 causa
2519 1497 2713 1550 virium
2755 1507 3063 1551 nostrarum
3097 1497 3347 1551 exsistat.
3385 1496 3583 1560 Quem-

2012 1585 2302 1640 admodum
2333 1595 2512 1641 autem
2547 1587 2694 1641 circa
2739 1588 3052 1642 sensibilem
3088 1587 3232 1640 hunc
3263 1587 3462 1639 victum
3503 1583 3584 1638 af-

2015 1675 2136 1729 fecti
2168 1691 2379 1740 sumus,
2411 1693 2533 1731 cum
2566 1693 2672 1732 non
2706 1677 2893 1732 eadem
2936 1693 3126 1732 omnes
3175 1685 3452 1746 appetunt,
3488 1676 3580 1731 sed

2013 1781 2156 1836 srepe
2186 1783 2285 1837 pro
2323 1769 2614 1839 generibus
2675 1771 3082 1824 esculentorum
3140 1769 3467 1822 sumentium
3500 1765 3584 1819 di-

327 1853 385 1906 δὲ
418 1855 675 1920 πολλάκις
724 1857 797 1928 μὴ
838 1861 976 1912 κατὰ
1021 1859 1084 1912 τὸ
1112 1859 1422 1914 λυσιτελοῦν
1469 1861 1778 1929 ἐγγίνεσθαι
1807 1862 1903 1932 τὴν

2013 1855 2209 1909 viditur
2240 1859 2534 1926 appetitus,
2568 1866 2732 1928 atque
2763 1858 2903 1913 alius
2938 1857 3162 1926 quidem
3194 1857 3448 1911 dulcibus
3491 1855 3588 1910 de-

327 1945 502 2015 ὁρμὴν
526 1946 739 2018 ἑκάστῳ
763 1949 861 2018 τῆς
891 1950 1143 2020 βρώσεως
1198 1951 1360 2020 (κατὰ
1387 1952 1494 2022 γάρ
1520 1968 1642 2004 τινα
1658 1952 1905 2022 κράσεως

331 2034 568 2104 ξδιότητα
600 2037 737 2109 πρός
781 2056 834 2091 τι
867 2039 1038 2102 πάθος
1069 2039 1384 2110 ἐπιρρεπῶς
1413 2057 1495 2103 τις
1528 2039 1686 2109 ἔχων,
1715 2039 1905 2112 τρέφει

327 2127 427 2197 τὴν
456 2127 608 2181 νόσον
632 2132 698 2200 τῇ
730 2129 839 2183 τῶν
880 2132 997 2184 κατ’
1025 2131 1268 2202 ἀλλήλων
1295 2131 1598 2202 βρωμάτων
1627 2130 1870 2199 ποιότητι
1889 2146 1902 2159 ο

327 2220 378 2272 εί
402 2219 460 2272 δὲ
489 2219 622 2290 πρὸς
643 2221 713 2274 τά
735 2221 1043 2290 ὠφελοῦντα
1067 2223 1163 2293 τὴν
1185 2223 1361 2294 ὁρμὴν
1387 2222 1539 2293 σχοίη
1567 2266 1580 2288 ,
1611 2223 1826 2284 πάντως
1850 2223 1908 2274 ὲν

328 2309 511 2380 ὑγιείᾳ
539 2308 815 2380 βιώσεται,
846 2311 946 2380 τῆς
983 2312 1186 2382 τροφῆς
1217 2311 1365 2381 αύτῷ
1406 2310 1776 2382 συντηρούσης
1809 2311 1909 2380 τὴν

329 2396 584 2469 εὐεξίαν)⁸
609 2395 781 2461 οὕτως
809 2400 902 2451 καὶ
921 2399 1011 2451 ἐπὶ
1037 2400 1134 2469 τῆς
1165 2399 1344 2469 ψυχῆς
1366 2400 1572 2470 τροφῆς
1599 2401 1660 2452 ού
1692 2400 1909 2452 πάντων

329 2488 467 2558 πρὸς
485 2489 546 2540 τὸ
575 2489 706 2542 αὐτὸ
737 2489 990 2562 ῥέπουσιν
1031 2491 1086 2543 αἱ
1127 2489 1427 2559 ἐπιθυμίαι.
1474 2492 1536 2542 Οἱ
1569 2490 1666 2559 μὲν
1689 2490 1796 2561 γὰρ
1824 2489 1910 2543 δό-

330 2577 448 2646 ξης,
480 2576 514 2648 ἢ
553 2577 804 2644 πλούτου,
837 2578 872 2650 ῆ
911 2595 1055 2642 τινος
1097 2579 1369 2648 κοσμικῆς
1399 2579 1756 2650 περιφανείας
1791 2578 1910 2649 ὀρέ-

339 2684 550 2734 τονται,
585 2667 767 2733 ἄλλοις
801 2669 928 2739 περὶ
981 2669 1077 2739 τὴν
1124 2669 1400 2740 τράπεζαν
1436 2668 1661 2739 ἄσχολός
1695 2671 1842 2721 ἐστιν
1875 2670 1907 2738 ἡ

327 2756 529 2826 δρεξις,
558 2757 735 2830 ἕτεροι
757 2757 848 2813 τὸν
886 2759 1099 2829 φθόνον,
1132 2758 1206 2822 ὣς
1231 2776 1352 2813 τινα
1383 2759 1759 2830 δηλητηριώδη
1787 2777 1910 2830 τρο-

330 2850 439 2918 φὴν
466 2849 762 2920 προθύμως
787 2851 1273 2920 ἀναλαμϐάνουσιν
1307 2851 1444 2902 εἰσιν
1466 2851 1523 2903 δέ
1561 2868 1707 2914 τινες
1740 2845 1821 2914 οἷς
1850 2851 1910 2905 τὸ

327 2942 396 3009 τῇ
427 2940 584 3007 φύσει
612 2941 776 2994 καλὸν
796 2943 854 2995 ἐν
890 2940 1064 3012 ὀρέξει
1093 2943 1320 3010 γίνεται.
1358 2941 1518 2995 Φύσει
1547 2943 1603 2996 δὲ
1632 2942 1792 2996 καλὸν
1823 2944 1910 2997 ἀεὶ

331 3030 428 3082 καὶ
464 3032 596 3084 πᾶσι
628 3030 784 3085 τοῦτό
823 3034 988 3096 ἐστιν,
1018 3031 1046 3083 ὃ
1081 3033 1154 3102 μὴ
1189 3031 1348 3085 ἄλλου
1381 3031 1526 3094 τινος
1549 3031 1734 3085 ἕνεκέν
1761 3034 1908 3087 ἐστιν

329 3120 564 3192 αἱρετὸν,
593 3121 706 3174 ἀλλ’
733 3122 863 3175 αὐτὸ
883 3123 950 3175 δι’
977 3122 1138 3175 ἑαυτὸ
1159 3121 1517 3192 ἐπιθυμητὸν,
1543 3124 1628 3176 ἀεὶ
1649 3123 1906 3188 ὡσαύτως

1977 2369 2006 2380 η

2008 1945 2260 2008 lectatur,
2298 1948 2439 2002 alius
2470 1963 2601 2003 vero
2635 1949 2783 2001 acria
2835 1951 3039 2017 pariter
3099 1955 3153 2001 et
3208 1945 3584 2000 calefacientia
3653 1935 3658 1942 ’

2007 2038 2376 2105 appetit,alius
2407 2038 2533 2094 item
2572 2043 2754 2106 salsis,
2788 2040 2930 2093 alius
2967 2039 3403 2109 astringentibus
3452 2052 3586 2106 gau-

2008 2125 2098 2179 det
2127 2144 2142 2194 ;
2169 2141 2311 2195 saepe
2348 2135 2532 2183 autem
2563 2127 2784 2190 accidit,
2817 2140 2879 2180 ut
2929 2143 3035 2182 non
3070 2144 3135 2182 ex
3181 2142 3281 2181 usu
3337 2136 3391 2182 et
3436 2141 3585 2196 com-

2008 2215 2171 2268 modo
2204 2216 2477 2286 appetitus
2501 2218 2609 2272 cibi
2640 2217 2693 2271 in
2757 2232 3090 2287 unoquoque
3137 2219 3365 2272 exsistat
3423 2217 3585 2287 (nam

2010 2306 2058 2359 si
2089 2308 2216 2376 quis
2249 2323 2348 2377 pro
2374 2309 2793 2379 temperamenti
2850 2310 3085 2380 quadam
3123 2310 3456 2380 preprietate
3519 2301 3610 2364 ad.

2009 2396 2230 2466 aliquod
2256 2398 2447 2452 vitium
2478 2414 2786 2469 propensus
2817 2408 2921 2465 est,
2953 2401 2999 2456 is
3029 2401 3319 2470 aequalium
3367 2410 3420 2455 et
3457 2416 3589 2456 con-

2007 2489 2340 2544 venientium
2366 2491 2587 2560 propria
2622 2492 2855 2561 quadam
2921 2492 2971 2545 vi
3029 2494 3275 2546 ciborum
3335 2493 3582 2546 morbum

2008 2579 2202 2644 nutrit,
2239 2579 2334 2634 sed
2365 2581 2412 2633 si
2441 2594 2528 2646 ea,
2563 2596 2684 2650 qua:
2710 2581 2947 2650 prosint,
2976 2592 3230 2651 appetere
3259 2583 3447 2652 cmpit,
3478 2599 3583 2636 nu-

2007 2669 2267 2726 trimento
2301 2671 2498 2726 bonam
2533 2671 2581 2726 ei
2617 2672 2981 2727 valetudinem
3012 2682 3395 2736 conservante.
3427 2690 3584 2744 pror-

2008 2776 2105 2816 sus
2133 2761 2188 2815 in
2218 2761 2454 2817 sanitate
2483 2763 2627 2818 vivet
2649 2764 2698 2830 )z
2732 2764 2923 2820 eodem
2954 2764 3115 2819 modo
3147 2767 3200 2819 in
3234 2769 3427 2819 anima:
3447 2781 3584 2835 quo-

2007 2865 2114 2921 que
2142 2851 2400 2906 alimento
2434 2853 2659 2917 accidit,
2699 2861 2898 2910 utnon
2952 2856 3196 2910 omnium
3250 2856 3583 2926 cupiditates

2008 2940 2076 2996 ad
2103 2942 2348 2996 eamdem
2378 2958 2490 2997 rem
2522 2945 2892 3014 propendeant
2919 2952 2972 3000 et
3001 2945 3281 3000 inclinent.
3323 2945 3456 2999 Nam
3493 2946 3588 3000 alii

2007 3034 2223 3103 quidem
2249 3035 2500 3104 gloriam,
2543 3045 2636 3089 aut
2687 3036 2927 3099 divitias,
2959 3045 3053 3090 aut
3090 3037 3321 3107 aliquem
3358 3035 3590 3091 munda-

2015 3139 2144 3178 num
2177 3134 2444 3195 appetunt
2477 3128 2849 3198 splendorem,
2883 3129 3004 3183 aliis
3025 3129 3174 3183 circa
3206 3144 3450 3192 mensam
3490 3142 3588 3182 oc-

330 3214 476 3283 ἐχον,
528 3214 622 3267 καὶ
656 3213 909 3267 οὐδέποτε
955 3215 1360 3284 ἁμϐλυνόμενον
1396 3215 1560 3284 κόρῳ.
1616 3215 1714 3268 Διὰ
1755 3215 1910 3270 τοῦτο

2013 3225 2243 3286 cupatus
2271 3227 2358 3273 est
2387 3221 2685 3290 appetitus,
2711 3221 2802 3276 alii
2835 3221 3094 3276 invidiam
3137 3227 3394 3290 tanquam
3427 3235 3587 3275 vene-

334 3304 627 3374 μακαρίξει
660 3306 688 3356 6
720 3303 891 3370 Λόγος
932 3303 990 3356 οὑ
1033 3303 1159 3366 τοὺς
1199 3303 1385 3366 ἁπλῶς
1434 3303 1755 3368 πεινῶντας,
1795 3303 1911 3358 ἀλλ’

330 3389 410 3458 οἷς
433 3394 568 3465 πρὸς
586 3393 684 3464 τὴν
707 3392 882 3464 ἀληθῆ
902 3393 1245 3464 δικαιοσύνην
1267 3395 1300 3464 ἡ
1330 3392 1595 3464 ἐπιθυμία
1616 3392 1711 3464 τὴν
1741 3393 1913 3466 ῥοπὴν

331 3487 466 3557 εχει.

2012 3321 2210 3361 nosum
2244 3309 2480 3379 aliquem
2521 3311 2703 3365 cibum
2753 3311 2956 3382 cupide
2987 3318 3245 3377 sumunt;
3300 3318 3428 3364 sunt
3461 3311 3589 3364 item

2012 3398 2284 3462 nonnulli,
2325 3401 2416 3470 qui
2449 3409 2715 3471 appetunt
2759 3401 2834 3464 id,
2868 3401 3014 3472 quod
3067 3411 3266 3455 natura
3298 3401 3502 3455 bonum
3537 3408 3592 3454 et

2016 3483 2304 3542 honestum
2334 3500 2440 3547 est.
2497 3491 2703 3547 Natura
2772 3502 2951 3546 autem
3013 3493 3214 3547 bonum
3270 3509 3484 3562 semper
3536 3499 3592 3548 et

331 3579 586 3634 erunibus
617 3578 722 3634 hoc
751 3586 859 3641 est,
893 3576 1040 3648 quod
1068 3592 1174 3632 non
1211 3576 1437 3631 alterius
1474 3573 1800 3644 cujusquam
1857 3575 1934 3630 rei
1973 3591 2140 3632 causa
2170 3581 2516 3646 sumendum,
2591 3584 2686 3638 sed
2730 3583 2907 3652 ipsum
2941 3593 3162 3653 propter
3211 3599 3271 3638 se
3336 3595 3591 3653 expeten-

332 3673 461 3724 dum
495 3680 599 3735 est,
635 3673 782 3743 quod
821 3688 1036 3742 semper
1072 3673 1262 3726 eodem
1297 3670 1460 3725 modo
1522 3685 1582 3725 se
1650 3668 1832 3737 habet,
1887 3677 1944 3725 et
1981 3687 2258 3742 nunquam
2289 3677 2543 3738 satietate
2591 3677 2859 3748 frangitur
2923 3686 2978 3732 et
3017 3677 3319 3732 hebetatur.
3384 3677 3592 3735 Idcirco
3635 3724 3640 3728 _

337 3765 573 3822 Verbum
646 3768 837 3824 beatos
906 3768 1058 3823 ducit
1109 3782 1219 3822 non
1269 3765 1594 3837 simpliciter
1646 3765 1987 3833 esurientes,
2029 3769 2126 3823 sed
2157 3769 2358 3839 quibus
2387 3771 2453 3826 ad
2485 3788 2668 3830 veram
2715 3772 2986 3842 justitiam
3027 3771 3295 3842 cupiditas
3331 3772 3590 3826 inclinata

333 3874 499 3934 atque
531 3879 808 3934 propensa
838 3869 947 3919 est.

403 3958 496 4021 Τίς
527 3954 622 4012 οὖν
651 3961 684 4028 ή
717 3956 1062 4028 δικαιοσύνη;
1105 3957 1264 4010 τοῦτο
1301 3956 1410 4029 γὰρ
1447 3951 1600 4027 οἶμαι
1629 3957 1737 4010 δεῖν
1782 3957 1916 4030 πρό-

331 4068 487 4122 τερον
517 4050 961 4120 ἀνακαλυφθῆναι
1000 4049 1086 4102 διά
1118 4049 1210 4101 τοῦ
1248 4048 1428 4116 λόγου,
1462 4049 1538 4111 ὼς
1565 4048 1630 4101 ἂν
1657 4049 1763 4102 τοῦ
1793 4051 1912 4102 κατ’

330 4141 500 4213 αὐτὴν
526 4141 752 4203 κάλλους
779 4141 1205 4210 φανερωθέντος,
1239 4138 1412 4201 οὕτως
1431 4140 1488 4190 ὲν
1509 4140 1636 4208 ἡμῖν
1663 4138 1908 4210 κινηθείη

333 4234 466 4305 πρὸς
495 4233 590 4303 τὴν
622 4233 771 4303 ὥραν
797 4232 889 4285 τοῦ
922 4232 1179 4301 φανέντος
1207 4233 1240 4301 ἡ
1265 4230 1464 4301 ὄρεξις.
1491 4231 1624 4284 Οὐδὲ
1649 4231 1758 4302 γάρ
1792 4233 1908 4283 ἐστι

329 4325 553 4377 δυνατὸν
584 4324 717 4396 πρὸς
747 4324 807 4376 τὸ
841 4324 913 4394 μὴ
941 4323 1262 4393 φαινόμενον
1287 4321 1703 4391 ἐπιθυμητικῶς
1743 4322 1907 4393 ἔχειν,

329 4416 444 4470 ἀλλ’
479 4417 624 4487 ἀργή
660 4433 776 4478 πως
809 4415 902 4468 ἐπὶ
937 4415 999 4468 τὸ
1031 4414 1305 4482 ἄγνωστόν
1334 4415 1482 4466 ἐστιν
1509 4415 1541 4483 ἡ
1567 4413 1727 4482 φύσις
1755 4415 1912 4484 ήμῶν

2095 3957 2226 4026 Quae
2255 3967 2338 4015 est
2371 3959 2536 4030 igitur
2566 3959 2657 4013 illa
2677 3956 2931 4028 justitia?
2976 3955 3079 4009 hoc
3107 3953 3251 4009 enim
3286 3952 3436 4022 prius
3468 3951 3585 4020 epi-

2020 4063 2122 4103 nor
2156 4049 2402 4103 oratione
2433 4049 2608 4117 detegi
2651 4055 2815 4115 atque
2867 4043 3131 4097 declarari
3197 4048 3468 4110 oportere,
3533 4047 3592 4092 ut

2009 4140 2414 4211 pulchritudine
2450 4139 2570 4207 ejus
2615 4137 3024 4197 animadversa,
3062 4135 3133 4188 ita
3171 4132 3389 4186 tandem
3423 4145 3589 4201 appe-

2010 4233 2143 4286 titus
2176 4233 2229 4285 in
2263 4231 2421 4286 nobis
2458 4231 2522 4284 ad
2551 4232 2627 4284 rei
2657 4237 2964 4298 conspecta:
2996 4227 3246 4281 decorem
3285 4231 3590 4278 moveatur.

2009 4322 2194 4393 Neque
2245 4324 2389 4376 enim
2419 4321 2533 4374 ﬁeri
2581 4327 2758 4389 potest
2805 4327 2862 4371 ut
2912 4317 3036 4386 quis
3076 4313 3307 4384 cupidus
3350 4313 3422 4368 sit
3471 4311 3591 4381 ejus

2009 4414 2155 4484 quod
2186 4429 2294 4466 non
2323 4421 2569 4482 apparet,
2597 4410 2690 4465 sed
2717 4410 2899 4480 segnis
2923 4407 3293 4478 atqueignava
3327 4404 3593 4475 quodam-

333 4508 426 4560 καὶ
470 4508 742 4578 ἀκίνητος,
793 4508 841 4559 εἰ
879 4506 952 4577 μὴ
996 4507 1060 4559 δι’
1091 4507 1261 4576 ἀκοῆς
1291 4506 1324 4574 ἢ
1357 4505 1532 4574 ὅψεως
1561 4505 1766 4559 ἔννοιάν
1792 4523 1910 4560 τινα

2019 4508 2178 4562 modo
2207 4512 2402 4560 natura
2437 4511 2623 4560 nostra
2650 4503 2914 4556 adversus
2947 4501 3212 4572 ignotum,
3245 4505 3298 4553 et
3338 4495 3590 4551 immobi-

331 4597 426 4652 τοῦ
456 4598 792 4669 ἐπιθυμητοῦ
825 4599 999 4653 λάϐοι.
1034 4599 1170 4650 Φασὶ
1216 4595 1391 4650 τοίνυν
1426 4595 1534 4648 τῶν
1569 4593 1914 4664 ἐξητακότων

332 4689 401 4742 τὰ
425 4689 649 4744 τοιαῦτά
687 4707 850 4752 τινες,
894 4688 1239 4758 δικαιοσύνην
1267 4683 1405 4740 εἶναι
1436 4686 1547 4750 ἕξιν
1581 4687 1917 4756 ἀπονεμητι-

336 4779 436 4852 κὴν
455 4779 550 4834 τοῦ
583 4779 718 4845 [σου,
751 4781 844 4833 xui.
875 4780 966 4832 τοῦ
995 4779 1113 4832 κατ’
1150 4778 1306 4844 ἀξίαν
1332 4778 1568 4850 ἑκάστῳ.
1598 4772 1725 4832 υἷον
1753 4779 1806 4830 εἰ
1831 4793 1917 4843 τις

336 4872 630 4942 γρημάτων
662 4873 919 4942 διανομῆς
954 4873 1161 4940 γένοιτο
1205 4871 1412 4941 κύριος,
1446 4873 1474 4924 6
1517 4870 1652 4939 πρὸς
1701 4870 1761 4922 τὸ
1805 4869 1916 4922 ἴσον

339 4962 571 5030 βλέπων,
619 4964 712 5014 καὶ
752 4962 1076 5033 συμμετρῶν
1119 4964 1186 5032 τῇ
1232 4961 1392 5034 χρείᾳ⁸
1440 4963 1549 5016 τῶν
1581 4960 1916 5032 μετεχόντων

337 5055 435 5123 τὴν
461 5054 628 5118 δόσιν,
658 5055 864 5118 δίκαιος
893 5055 1128 5122 λέγεταιο
1167 5054 1262 5107 καὶ
1289 5054 1340 5106 εἴ
1367 5071 1451 5117 τις
1471 5053 1564 5106 τοῦ
1587 5054 1791 5123 κρίνειν
1819 5051 1918 5122 τὴν

339 5145 583 5210 ἐξουσίαν
631 5145 832 5210 λαϐὼν,
870 5145 944 5215 μὴ
986 5145 1118 5215 πρὸς
1142 5145 1299 5214 χάριν
1331 5143 1452 5196 τινὰ
1501 5145 1593 5196 καὶ
1622 5141 1917 5211 ἀπέχθειαν

338 5238 438 5306 τὴν
478 5237 655 5307 ψῆφον
701 5238 875 5309 φέροι,
928 5236 1064 5290 ἀλλὰ
1100 5239 1164 5304 τῇ
1221 5235 1380 5302 φύσει
1421 5234 1530 5287 τῶν
1576 5233 1916 5303 πραγμάτων

339 5330 618 5399 ἑπόμενος,
642 5329 930 5399 τιμωροῖτό
962 5345 1020 5381 τε
1053 5331 1176 5390 τοὺς
1205 5329 1409 5394 ἀξίους,
1444 5328 1538 5380 καὶ
1569 5326 1667 5395 τὴν
1708 5323 1914 5388 σώζου.

342 5435 441 5471 σαν
463 5419 641 5490 ψῆφον
679 5420 812 5489 πρὸς
840 5420 964 5482 τοὺς
993 5419 1316 5483 ἀνευθύνους
1345 5418 1521 5490 φέροι,
1551 5418 1643 5470 καὶ
1673 5417 1781 5469 τῶν
1805 5418 1916 5468 λοι-

343 5510 458 5562 πῶν
484 5509 996 5581 άμφισϐητημάτων
1015 5512 1071 5563 ἐν
1102 5509 1326 5580 ἀληθείᾳ
1359 5511 1563 5562 ποιοῖτο
1588 5508 1685 5578 τὴν
1712 5507 1914 5578 κρίσιν,

342 5602 435 5655 καὶ
468 5597 621 5666 οὗτος
662 5602 865 5665 δίκαιος
911 5601 1144 5669 λέγεται.
1186 5602 1295 5656 Καὶ
1323 5602 1350 5654 6
1392 5602 1517 5664 τοὺς
1559 5600 1758 5670 φόρους
1806 5602 1918 5661 τοῖς

344 5694 672 5762 ὑποχειρίοις
700 5694 932 5756 τάσσων,
961 5694 1088 5746 ὅταν
1123 5692 1432 5763 σύμμετρον
1476 5691 1708 5762 ἐπιϐάλῃ
1739 5693 1805 5760 τῇ
1833 5691 1916 5742 δυο

346 5786 504 5855 νάμει
551 5785 638 5837 τὸν
669 5786 851 5854 φόρον,
885 5785 974 5839 καὶ
1008 5785 1212 5848 οίκείας
1252 5784 1534 5853 δεσπότης,
1584 5785 1676 5836 καὶ
1715 5783 1919 5846 πόλεως

2019 4597 2086 4652 lis
2118 4603 2221 4660 est,
2259 4595 2367 4650 nisi
2404 4593 2683 4648 auditione
2723 4593 2807 4647 vel
2837 4590 3045 4647 visione
3077 4590 3313 4658 aliquam
3344 4589 3598 4642 notitiam-

2018 4686 2286 4756 acceperit
2301 4686 2419 4756 ejus
2446 4686 2590 4756 quod
2603 4683 2959 4754 expetendum
2978 4683 3066 4737 sit.
3085 4681 3428 4751 Aiuntigitur
3451 4696 3594 4735 non-

2018 4776 2152 4830 nulli
2175 4790 2384 4840 eorum,
2403 4775 2496 4844 qui
2511 4773 2777 4845 ejusmodi
2798 4788 2886 4827 res
2905 4771 3131 4827 scrutati
3151 4779 3296 4834 sunt,
3323 4771 3592 4842 justitiam

2017 4883 2140 4923 esse
2175 4867 2418 4921 habitum
2444 4865 2772 4920 tribuentem
2807 4865 3102 4934 unicuique
3121 4864 3196 4927 id,
3219 4862 3591 4934 qttodaaquuiu

2017 4968 2303 5028 cst,etqun
2318 4959 2553 5028 quisque
2573 4957 2770 5027 dignus
2787 4955 3060 5012 est.Verbi
3080 4955 3275 5025 gratia,
3296 4956 3340 5008 si
3368 4957 3489 5024 quis
3508 4970 3596 5023 pe-

2018 5051 2209 5105 cunias
2227 5049 2589 5104 distribuendi
2625 5058 2948 5119 potestatem
2967 5049 3218 5120 adeptus.
3241 5056 3295 5102 et
3320 5048 3595 5118 aequabili-

2019 5150 2183 5195 tatem
2214 5142 2491 5210 respiciat,
2513 5149 2566 5195 et
2595 5157 2695 5212 pro
2711 5143 2870 5196 modo
2900 5141 3214 5210 indigentia:
3240 5139 3577 5192 sumentium

2019 5240 2072 5287 et
2096 5233 2535 5302 participantium
2557 5233 2929 5304 elargitionem
2947 5237 3230 5300 temperet,
3247 5230 3430 5298 justus
3461 5227 3592 5280 dici-

2021 5332 2131 5379 tur.
2160 5325 2289 5380 ltem
2321 5326 2366 5380 si
2392 5327 2516 5396 quis
2541 5325 2826 5396 judicandi
2870 5331 3136 5393 potestate
3174 5329 3421 5391 accepta,
3481 5334 3593 5372 non

2021 5415 2085 5468 ad
2122 5415 2352 5486 gratiam
2389 5417 2624 5486 alicujus
2647 5426 2702 5472 et
2723 5416 2906 5470 odiqu
2941 5413 3266 5468 sententiam
3303 5412 3457 5473 ferat,
3494 5409 3588 5464 sed

2023 5513 2274 5558 naturam
2325 5521 2618 5562 causarum
2674 5518 2932 5574 sequens,
2973 5511 3027 5557 et
3073 5501 3342 5570 supplicio
3397 5498 3590 5568 dignos

2023 5593 2240 5658 afliciat,
2273 5605 2325 5648 ct
2380 5597 2698 5649 innocentes
2757 5591 3026 5646 sententia
3081 5604 3179 5642 sua
3233 5588 3480 5643 absolvat
3536 5598 3594 5641 et

2026 5694 2225 5751 servet,
2257 5685 2700 5753 reliquarumque
2725 5679 3226 5736 controversiarum
3264 5695 3450 5734 verum
3497 5677 3592 5747 ju-

2025 5778 2227 5835 dicium
2261 5775 2446 5845 faciat,
2496 5775 2657 5832 etiam
2699 5773 2784 5829 hic
2825 5771 3007 5841 justus
3053 5769 3277 5828 dicitur.
3335 5771 3465 5827 item
3498 5770 3596 5839 qui
