3996 6196
501 339 640 394 ΙΞ55

1691 342 1746 398 S.
1784 343 2116 400 GREGORH
2158 344 2453 402 NYSSENI

3587 366 3694 419 1'37-6

500 451 735 507 subditis
761 451 963 506 tributa
997 453 1208 520 incidit,
1242 470 1364 510 cum
1403 473 1502 528 pro
1532 459 1692 514 modo
1743 462 1942 516 virium
1974 463 2073 517 tri-

2183 463 2382 533 ἄρχων,
2430 465 2522 518 καὶ
2565 465 2733 520 ἐθνῶν
2768 466 3040 536 βασιλεὺς,
3091 472 3138 522 εί
3186 473 3506 544 καταλλήλως
3539 479 3694 546 ἡγοῖτο

499 543 695 597 butum
724 543 976 612 imponit,
1005 554 1056 600 et
1090 547 1503 615 paterfamilias,
1540 559 1595 605 et
1643 561 1843 620 praetor
1887 555 2077 608 civita-

499 633 593 694 tis,
638 640 693 684 et
748 634 988 702 gentium
1043 651 1171 703 rex;
1235 639 1279 691 si
1343 641 1578 710 quisque
1633 642 1827 696 horum
1875 658 2075 698 conve-

499 723 711 776 nienter
763 729 818 776 et
863 725 1148 780 commode
1216 729 1451 785 subditis
1523 733 1741 800 praesit,
1817 735 2078 805 nulloque

500 813 705 882 impetu
771 823 934 884 alque
996 819 1241 887 appetitu
1322 821 1534 877 ratione
1611 824 1842 887 carenti,
1919 840 2079 880 occa-

502 905 660 959 sione
749 909 1042 975 potestatis
1140 923 1455 977 moveatur,
1542 915 1635 968 sed
1727 923 1873 970 recte
1950 917 2078 972 sub-

501 995 629 1048 ditis
704 994 795 1064 jus
874 997 1056 1062 dicat,
1145 1008 1199 1054 et
1255 1001 1322 1054 ad
1394 1004 1705 1060 voluntates
1769 1014 1823 1060 et
1893 1005 2074 1059 studia

504 1087 847 1142 subditorum
902 1089 1177 1159 ingenium
1221 1102 1275 1148 et
1310 1095 1603 1149 consilium
1657 1111 1816 1150 suum
1858 1112 2077 1152 accom-

504 1181 684 1234 modet
743 1192 796 1235 et
837 1190 1099 1253 temperet
1150 1204 1161 1238 :
1205 1185 1518 1255 hujusmodi
1549 1189 1730 1241 omnia
1769 1188 1968 1241 rationi
2016 1203 2079 1242 ac

502 1273 806 1326 deﬁnitioni
843 1274 1071 1344 justiti-.2
1129 1279 1378 1333 tribuunt
1425 1287 1479 1333 et
1528 1280 1810 1349 assignant
1867 1281 1925 1343 ii,
1986 1281 2077 1349 qui

505 1363 694 1416 habitu
729 1365 823 1416 tali
858 1364 931 1431 id,
963 1366 1107 1435 quod
1129 1367 1337 1436 justum
1376 1369 1469 1432 sit,
1497 1368 1782 1424 deﬁniunt.
1815 1369 1929 1440 Ego
1952 1386 2078 1426 vero

507 1453 574 1505 ad
633 1455 976 1509 altitudinem
1049 1459 1455 1512 constitutionis
1515 1458 1711 1513 divinae
1754 1461 2075 1530 respiciens,

504 1545 709 1613 aliquid
754 1547 991 1616 amplius
1039 1564 1201 1617 quam
1248 1564 1334 1614 ea,
1378 1565 1498 1620 qua:
1543 1551 1703 1604 modo
1748 1551 1893 1604 dicta
1929 1560 2076 1614 sunt,

503 1652 602 1704 per
649 1637 790 1692 hanc
836 1638 1110 1708 justitiam
1168 1641 1578 1712 intelligendum
1637 1658 1760 1696 esse
1801 1643 2074 1699 existimo.

502 1725 637 1781 Nam
661 1729 707 1785 si
753 1732 1012 1788 salutaris
1050 1734 1268 1802 quidem
1316 1749 1500 1789 sermo
1545 1737 1852 1789 communis
1891 1745 1996 1798 est,
2025 1743 2077 1789 et

2184 554 2291 608 τῶν
2314 556 2765 626 ὑποτεταγμένων
2790 559 3020 622 ἕκαστος
3051 560 3273 622 τούτων,
3307 564 3374 632 μὴ
3400 567 3574 634 ὁρμαῖς
3600 570 3684 620 die

2185 665 2302 716 γοις
2339 649 2430 701 ὑπ’
2459 649 2706 714 ἐξουσίας
2745 652 3077 722 κινούμενος,
3113 654 3225 706 ἀλλ’
3271 655 3501 724 εύθύτητι
3537 659 3588 709 τὸ
3613 659 3694 711 ὑπο

2185 739 2346 809 ήκοον
2370 741 2589 810 κρίνων,
2625 743 2718 793 καὶ
2747 743 2882 813 πρὸς
2910 743 3006 806 τὰς
3030 746 3364 813 προαιρέσεις
3389 747 3486 805 τῶν
3521 749 3697 816 ὑποχει-

2187 829 2316 899 ρίων
2336 835 2400 900 τῇ
2429 831 2620 904 γνώμῃ
2643 835 3128 903 συναρμοζὸμενος·
3152 836 3320 889 πάντα
3341 837 3403 888 τὰ
3423 837 3617 890 τοιαῦτα
3639 841 3697 906 τῷ

2184 921 2328 991 λόγῳ
2354 923 2452 992 τῆς
2476 922 2821 994 δικαιοσύνης
2846 925 3208 989 ἀνατιθέασιν,
3231 929 3279 978 οἱ
3307 930 3369 997 τῇ
3395 927 3594 998 τοιαύτῃ
3612 930 3698 994 ἕξει

2184 1012 2245 1064 rb
2277 1011 2481 1064 δίκαιον
2512 1011 2837 1082 ὁριζόμενοι.
2883 1013 3022 1078 Ἐγὼ
3050 1015 3107 1068 δὲ
3135 1015 3267 1087 πρὸς
3291 1017 3348 1085 rb
3377 1016 3498 1085 ὕψος
3526 1017 3697 1085 βλέπων

2184 1101 2284 1170 τῆς
2316 1102 2463 1165 θείας
2493 1103 2840 1172 νομοθεσίας,
2884 1105 3046 1158 πλέον
3069 1123 3120 1159 τι
3147 1106 3249 1158 τῶν
3272 1108 3553 1176 εἰρημένων
3576 1109 3624 1158 ὲν
3644 1109 3694 1175 τῇ

2184 1194 2496 1267 δικαιοσύνῃ
2522 1195 2694 1268 ταύτῃ
2724 1199 2956 1250 νοεῖσθαι
2986 1199 3330 1268 στοχάζομαι.
3356 1199 3416 1250 Εἰ
3437 1198 3534 1268 γὰρ
3560 1198 3696 1258 κοινὴ

2188 1284 2285 1352 μὲν
2318 1285 2450 1354 πρὸς
2482 1287 2661 1337 πᾶσαν
2694 1287 2791 1356 τὴν
2840 1287 3185 1358 ἀνθρωπίνην
3232 1288 3388 1356 φύσιν
3416 1289 3443 1340 ὁ
3485 1288 3698 1357 σωτήριος

2184 1373 2358 1441 λόγος,
2387 1375 2448 1426 ού
2487 1375 2685 1437 παντὸς
2723 1375 2777 1427 δέ
2799 1377 2946 1428 ἐστιν
2978 1376 3263 1446 ἀνθρώπου
3289 1377 3348 1429 rb
3375 1379 3429 1429 ὲν
3453 1379 3554 1437 τοῖς
3578 1379 3697 1445 εἰρη-

2188 1465 2369 1534 μένοις
2397 1461 2535 1518 εῐναι
2587 1467 2807 1534 (ὀλίγων
2844 1468 2950 1536 γὰρ
2986 1467 3047 1518 rb
3089 1465 3407 1535 βασιλεύειν,
3441 1466 3495 1518 rb
3531 1467 3697 1535 ἄρχειν,

2183 1557 2245 1609 rb
2266 1557 2519 1620 δικάζειν,
2551 1557 2610 1609 rb
2638 1560 2693 1609 ὲν
2722 1559 2939 1629 ἐξουσία
2979 1558 3295 1627 χρημάτων,
3339 1559 3370 1628 ἦ
3403 1575 3534 1619 τινος
3570 1557 3699 1625 ἄλλης

2184 1648 2492 1716 οἰκονομίας
2515 1647 2786 1714 γενέσθαι·
2814 1649 2875 1700 rb
2906 1649 2960 1700 δὲ
2989 1648 3187 1717 πλῆθος
3211 1649 3268 1700 ὲν
3296 1651 3400 1711 τοῖς
3426 1647 3700 1717 ὑποχειρίοις

2184 1754 2241 1790 τε
2277 1738 2370 1790 καὶ
2424 1738 2893 1807 οῖκονομουμένοις
2923 1737 3124 1806 ὲστίν)’
3161 1738 3278 1801 πῶς
3322 1739 3383 1790 ἄν
3423 1754 3500 1798 τις
3533 1737 3701 1798 δέξαιτο

502 1819 569 1872 ad
623 1835 837 1875 onmem
891 1823 1186 1875 humanam
1229 1823 1462 1892 pertinet
1510 1833 1934 1878 naturam:non
1985 1839 2080 1876 cu-

2183 1828 2276 1897 τὴν
2329 1825 2502 1897 ἀληθῆ
2550 1826 2894 1896 δικαιοσύνην
2940 1827 3154 1896 ἐκείνην
3196 1823 3355 1887 εἶναι,
3401 1825 3434 1894 ἢ
3488 1825 3554 1894 μὴ
3596 1825 3700 1874 πᾶσι

498 1911 676 1977 jusvis
717 1921 897 1968 autem
931 1915 1166 1968 hominis
1197 1925 1302 1981 est,
1357 1916 1410 1968 in
1447 1916 1535 1979 iis,
1577 1932 1698 1985 quae
1734 1915 1894 1969 modo
1935 1916 2078 1969 dicta

502 2011 651 2067 sunt,
682 2005 874 2060 olliciis
908 2021 970 2060 ac
1017 2007 1337 2062 muneribus
1359 2008 1628 2062 obeundis
1673 2008 1878 2062 versari
1919 2007 2078 2076 (pau-

502 2109 692 2146 eorum
737 2095 882 2148 enim
935 2105 1018 2150 est
1062 2111 1312 2164 regnare,
1347 2111 1602 2165 praaesse,
1651 2097 1944 2166 imperare.
1988 2097 2079 2166 jus

502 2183 706 2241 dicere.
745 2193 1065 2253 potestatem
1104 2185 1459 2252 pecuniarum
1495 2184 2074 2250 administrandarum,

504 2281 598 2326 aut
629 2278 854 2328 alterius
889 2277 961 2330 rei
989 2276 1310 2344 cujusquam
1343 2276 1810 2345 dispensationem
1841 2277 2076 2332 habere:

507 2364 797 2419 multitudo
830 2381 959 2419 vero
994 2382 1056 2419 ac
1089 2368 1281 2436 vulgus
1321 2367 1375 2422 in
1410 2384 1636 2422 numero
1660 2367 2000 2422 subditorum
2027 2377 2080 2423 et

503 2470 691 2508 eorum
726 2457 818 2525 qui
852 2467 1134 2525 reguntur,
1193 2464 1366 2528 sunt),
1407 2461 1681 2529 quomodo
1737 2460 1936 2530 aliquis
1983 2461 2079 2513 ad-

506 2549 724 2602 mittere
773 2555 826 2601 et
866 2550 1122 2602 assentiri
1169 2552 1359 2618 possit,
1394 2566 1577 2605 veram
1625 2530 1899 2618 justitiam
1954 2567 2077 2607 esse

506 2638 675 2698 illam,
703 2639 861 2708 cujus
894 2655 1000 2693 non
1040 2641 1265 2709 aequalis
1293 2655 1354 2694 ac
1383 2656 1482 2710 par
1509 2641 1752 2695 conditio
1790 2643 1937 2696 omni
1978 2658 2078 2696 na-

504 2739 639 2784 tura:
684 2732 961 2800 proposita
1006 2735 1126 2787 est?
1154 2733 1286 2788 Nam
1341 2736 1384 2790 si
1412 2735 1618 2802 justus,
1660 2743 1824 2801 prout
1863 2736 2082 2789 tradunt

504 2819 805 2890 disciplinae
875 2816 1200 2891 sapientium
1262 2834 1646 2886 externorum,
1719 2825 2079 2895 aequalitatem

504 2909 609 2963 sibi
662 2912 997 2980 prepositam
1039 2913 1220 2977 habet,
1262 2915 1328 2969 ad
1363 2931 1525 2984 quam
1581 2916 1924 2982 potissimum
1959 2933 2082 2986 spe.

504 3009 614 3056 etet
647 3021 660 3057 :
706 3004 1025 3058 excellentia
1058 3013 1236 3060 autem
1266 3022 1330 3060 ac
1371 3006 1610 3078 dignitas
1657 3007 2078 3076 inaequalitatem

503 3094 560 3149 in
606 3111 666 3150 se
710 3098 994 3151 continet:
1027 3113 1134 3151 non
1189 3106 1372 3168 potest
1419 3099 1648 3168 justitia:
1687 3100 1896 3153 reddita
1938 3100 2079 3154 ratio

2184 1914 2464 1986 πρόκειται
2491 1915 2766 1984 ὁμοτίμως
2806 1918 2870 1984 τῇ
2919 1914 3107 1982 φύσει;
3144 1914 3207 1968 EE
3241 1915 3344 1986 γὰρ
3388 1914 3414 1964 ὁ
3449 1913 3620 1973 σκοπὸς
3643 1913 3701 1980 τῷ

2181 2006 2372 2077 δικαίῳ
2398 2006 2558 2060 κατὰ¹
2578 2009 2702 2071 τοὺς
2731 2007 2926 2073 ἔξωθεν
2955 2007 3147 2075 λόγους
3174 2007 3237 2059 τὸ
3272 2007 3380 2060 [σον
3425 2005 3582 2056 ἐστίν·
3610 2005 3636 2072 ἡ
3659 2002 3700 2053 δὲ

2183 2100 2422 2169 ὑπεροχὴ
2470 2100 2528 2151 τὸ
2571 2101 2753 2153 ἄνισον
2799 2100 2932 2170 ἔχει⁸
2963 2100 3061 2152 οὐκ
3101 2099 3218 2151 ἔστι
3252 2100 3340 2152 τδν
3369 2096 3701 2164 ἀποδεδομένον

2179 2191 2277 2260 τῆς
2300 2191 2640 2259 δικαιοσύνης
2666 2191 2822 2259 λόγον
2851 2191 3022 2260 ἀληθῆ
3054 2191 3298 2260 νομίσαι,
3331 2189 3478 2250 εὐθὺς
3501 2187 3569 2256 τῷ
3593 2185 3700 2237 κατά

2181 2281 2269 2332 τὸν
2299 2281 2410 2350 βίον
2446 2282 2613 2351 ἀνίσῳ
2644 2281 3068 2351 διελεγχόμενον.
3121 2283 3223 2345 Τίς
3261 2278 3350 2335 οὖν
3379 2283 3410 2350 ἡ
3441 2277 3700 2340 δικαιοσύνη

2182 2373 2214 2441 ἡ
2243 2373 2321 2434 είς
2355 2373 2558 2436 πάντας
2597 2371 2902 2440 φθάνουσα;
2934 2369 3042 2436 Ἧς
3081 2374 3113 2443 ἡ
3145 2372 3410 2440 ἐπιθυμία
3441 2370 3575 2438 κοινὴ
3600 2368 3701 2437 προ-

2183 2479 2356 2514 κειται
2382 2464 2545 2515 παντὶ
2592 2463 2668 2533 τῷ
2721 2462 2859 2515 κατά
2916 2464 3014 2533 τὴν
3062 2462 3424 2531 εύαγγελικὴν
3479 2457 3702 2530 τράπεζαν

2184 2551 2462 2620 βλέποντι·
2512 2553 2613 2605 κᾶν
2642 2552 2895 2616 πλούσιός
2927 2569 3009 2614 τις
3042 2548 3097 2624 ᾖ,
3141 2553 3252 2605 κᾶν
3283 2552 3474 2620 πένης,
3504 2549 3592 2601 κᾶν
3613 2548 3702 2599 60v-

2181 2642 2330 2714 λεύῃ,
2361 2643 2464 2696 κᾶν
2490 2643 2735 2713 κυριεύῃ,
2769 2645 2870 2697 κᾶν
2917 2643 3291 2714 εὐπατρίδης,
3322 2643 3418 2694 κᾶν
3443 2637 3703 2710 ἀργυρὼνη·

2183 2751 2302 2797 τος,
2365 2733 2617 2803 οὐδεμιᾶς
2673 2734 3080 2805 περιστάσεως,
3147 2733 3280 2785 οὗτε
3334 2730 3702 2797 πλεοναζούσης,

2181 2823 2302 2876 οὔτε
2325 2824 2754 2895 ὑποστελλούσης
2785 2824 2877 2878 τοῦ
2906 2825 3112 2878 δικαίου
3142 2826 3242 2877 τὸν
3280 2825 3446 2892 λόγον.
3481 2824 3536 2875 El
3560 2821 3704 2890 γὰρέν

2184 2915 2328 2984 μόνῳ
2360 2915 2436 2984 τῷ
2462 2917 2749 2986 προήκοντι
2782 2919 2898 2969 κατ’
2929 2916 3173 2980 ἐξουσίαν
3209 2916 3328 2968 τινὰ
3358 2916 3446 2967 καὶ
3474 2911 3696 2980 ὑπεροχὴν

2180 3006 2240 3058 rb
2261 3005 2498 3058 τοιοῦτον
2550 3008 2885 3078 εὑρίσκοιτο·
2940 3007 3056 3070 πῶς
3101 3008 3317 3069 δίκαιος
3365 3008 3391 3058 ὁ
3437 3004 3506 3075 τῷ
3544 2999 3703 3053 πυλῶνι

2181 3096 2273 3149 τοῦ
2314 3097 2566 3150 πλουσίου
2622 3099 3067 3169 παρερῤιμμένος
3109 3098 3394 3168 Λάζαρος,
3426 3099 3452 3149 ὁ
3491 3091 3704 3164 μηδεμίαν

505 3184 861 3256 deﬁnitioque
903 3202 1030 3241 vera
1080 3189 1409 3256 existimari,
1463 3190 1664 3259 quippe
1712 3206 1836 3243 cum
1893 3191 2077 3244 statim

2183 3189 2312 3258 ὓλην
2334 3190 2467 3259 πρὸς
2491 3190 2588 3260 τὴν
2609 3190 2868 3260 τοιαύτην
2887 3189 3244 3259 δικαιοσύνην
3269 3189 3421 3258 ἔχων,
3445 3187 3532 3238 οὐκ
3556 3181 3704 3254 ἀρχὴν.

503 3276 870 3345 inaequalitate
913 3278 1035 3331 vita:
1097 3280 1408 3334 communis
1475 3278 1770 3334 refellatur.
1822 3279 1951 3345 Quae
1996 3289 2081 3335 est

504 3367 670 3436 igitur
705 3368 795 3421 illa
825 3368 1062 3437 justitia,
1109 3386 1229 3439 quae
1269 3371 1334 3425 ad
1371 3386 1563 3426 omnes
1609 3373 1879 3442 pertinet?
1922 3373 2081 3442 cujus

504 3458 779 3527 appetitus
810 3460 987 3514 cuivis
1019 3461 1085 3515 ad
1123 3464 1490 3533 evangelicam
1537 3479 1781 3518 mensam
1817 3466 2080 3533 spectanti

503 3553 814 3606 communis
845 3554 1160 3622 propositus
1194 3566 1277 3609 est
1307 3574 1318 3608 :
1354 3556 1466 3610 sive
1505 3557 1629 3625 quis
1659 3555 1812 3610 dives
1840 3560 1931 3621 sit,
1968 3559 2082 3612 sive

503 3655 729 3712 pauper,
763 3645 877 3699 sive
907 3659 1122 3709 servus,
1167 3646 1281 3701 sive
1312 3646 1591 3709 dominus,
1635 3647 1751 3702 sive
1796 3647 2081 3716 patricius,

505 3733 622 3787 sive
646 3735 874 3804 pecunia
905 3743 1279 3806 comparatus,
1302 3738 1450 3791 nulla
1471 3735 1710 3802 fortuna,
1739 3738 1888 3792 nullo
1913 3747 2080 3803 statu,

505 3824 656 3877 nulla
711 3825 1046 3886 conditione,
1096 3826 1246 3878 nulla
1287 3826 1703 3884 circumstantia
1756 3841 1932 3894 neque
1981 3841 2080 3879 au-

504 3920 664 3984 gente
706 3928 880 3982 neque
905 3912 1392 3982 diminuentejusti
1429 3912 1823 3967 deiinitionem.
1856 3913 1992 3967 Nam
2034 3915 2079 3969 si

507 4004 559 4056 id
592 4003 646 4057 in
682 4019 748 4058 eo
785 4004 924 4068 solo,
963 4003 1055 4072 qui
1087 4013 1353 4072 potestate
1397 4005 1579 4074 aliqua
1626 4013 1790 4075 atque
1813 4005 2106 4075 dignitate,

506 4106 734 4150 caeteros
765 4094 1040 4164 przecedit,
1091 4097 1393 4164 reperiatur
1419 4115 1434 4150 :
1465 4097 1740 4165 quomodo
1765 4096 1948 4165 justus
1973 4099 2079 4152 erit

507 4185 599 4240 ille
643 4185 710 4239 ad
757 4185 1082 4241 vestibuhun
1135 4186 1320 4242 divitis
1366 4187 1612 4256 abjectus
1664 4184 1939 4251 Lazarus,
1985 4189 2081 4256 qui

2179 3279 2276 3332 ούκ
2304 3279 2568 3344 ἐξουσίαν,
2591 3280 2688 3332 οὐκ
2712 3277 2878 3342 οἷκον,
2905 3280 2964 3332 ού
2990 3279 3298 3350 τράπεζαν,
3324 3281 3418 3331 οὐκ
3439 3277 3584 3342 ἀλλην
3607 3271 3698 3323 τινὰ

2181 3373 2316 3442 πρὸς
2342 3372 2432 3423 τὸν
2463 3372 2575 3442 βίον
2604 3372 2981 3442 παρασκευὴν,
3017 3372 3083 3424 δι’
3109 3368 3183 3443 ἧς
3225 3372 3334 3424 ἔστι
3369 3369 3463 3440 τὴν
3485 3359 3705 3418 δικαιοσύ-

2179 3479 2274 3530 νην
2300 3461 2512 3531 ἐκείνην
2542 3461 2866 3532 ἐργάζεσθαι
2892 3479 2906 3522 ;
2936 3463 2997 3514 Εἰ
3020 3461 3130 3531 γάρ
3161 3463 3221 3514 ὲν
3246 3460 3322 3529 τῷ
3351 3454 3590 3530 ἀρχειν,ἦ
3619 3451 3704 3503 διαο

2180 3553 2385 3622 νέμειν,
2420 3553 2453 3623 ἦ
2483 3571 2535 3605 τι
2567 3553 2703 3616 ὅλως
2733 3554 3034 3622 οἰκονομεῖν
3063 3552 3125 3604 τὸ
3161 3551 3368 3605 δίκαιόν
3408 3551 3539 3599 ἐστιν
3565 3540 3702 3596 εἶναι.

2180 3647 2208 3697 b
2236 3647 2309 3715 μὴ
2341 3644 2416 3697 ὣν
2461 3647 2518 3697 ὲν
2557 3646 2812 3707 ἐκείνοις,
2844 3643 2948 3708 ἐξω
2981 3642 3074 3696 τοῦ
3108 3643 3322 3696 δικαίου
3351 3641 3548 3699 παντως
3572 3632 3703 3686 ἐστίν·

2183 3737 2304 3799 Πῶς
2341 3731 2434 3790 οὖν
2464 3734 2705 3799 ἀξιοῦται
2744 3736 2841 3806 τῆς
2869 3735 3236 3799 ἀναπαύσεως
3263 3737 3290 3787 ὁ
3319 3733 3474 3803 μηδὲν
3505 3722 3705 3794 ἐσχηκὼς

2178 3828 2404 3892 τούτων,
2452 3827 2516 3880 δι’
2551 3822 2688 3898 ὧνή
2729 3826 3042 3896 δικαιοσύνη
3087 3827 3235 3879 κατά
3270 3827 3357 3878 τὸν
3404 3822 3503 3875 τῶν
3542 3813 3708 3872 πολλῶν

2178 3921 2332 3988 λόγον
2363 3919 2842 3991 χαρακτηρίζεται.
2868 3919 3073 3972 Ούκοῦν
3096 3918 3337 3988 ζητητέα
3359 3917 3480 3985 ἡμῖν
3501 3914 3528 3981 ἡ
3547 3911 3704 3961 δικαιο-

2183 4013 2314 4082 σύνη
2364 4011 2582 4080 ἐκείνη,
2638 4006 2704 4080 ἦς
2749 4013 2777 4062 ὁ
2833 4008 3179 4079 ἐπιθυμήσας
3222 4011 3279 4061 ὲν
3331 4001 3602 4072 ἐπαγγελίᾳ
3633 3996 3706 4062 τὴν

2184 4104 2478 4157 ἀπόλαυσιν
2504 4102 2635 4171 ἔχει.
2661 4101 2946 4168 Μακάριοι
2976 4102 3107 4172 γὰρ,
3140 4101 3326 4171 φησιν,
3355 4102 3407 4152 οι
3441 4091 3706 4150 ,πεινῶντες

2187 4192 2302 4259 τὴν
2331 4192 2746 4258 δικαιοσύνην
2774 4189 2860 4242 ὅτι
2885 4190 3054 4243 αὐτοὶ
3079 4188 3594 4258 χορτασθήσονται.

506 4278 710 4334 nullam
738 4278 1022 4333 materiam
1069 4279 1135 4332 ad
1170 4280 1330 4334 talem
1355 4279 1628 4348 justitiam
1678 4281 1932 4344 habebat,
2011 4297 2120 4336 non
2197 4284 2507 4354 imperium,
2539 4300 2646 4338 non
2676 4291 3018 4353 potestatem,
3049 4299 3156 4337 non
3179 4285 3421 4345 domum,
3461 4294 3556 4332 non
3591 4283 3704 4326 men-

505 4388 643 4436 sam,
723 4386 831 4426 non
879 4371 1043 4424 alium
1075 4371 1384 4441 quempiam
1461 4372 1527 4426 ad
1581 4373 1748 4427 vitam
1807 4383 2150 4443 apparatum,
2192 4391 2288 4446 per
2321 4391 2483 4447 quem
2519 4376 2645 4429 licet
2679 4376 2825 4429 illam
2853 4375 3120 4444 justitiam
3159 4377 3226 4428 ad
3258 4387 3394 4442 opus
3421 4378 3471 4424 et
3503 4365 3708 4423 eﬁeclum

506 4467 776 4527 deducere
811 4477 974 4537 atque
1025 4469 1451 4536 repracsentare?
1515 4467 1649 4522 Nam
1695 4469 1741 4525 si
1811 4470 2152 4539 imperando,
2196 4479 2290 4526 aut
2361 4470 2768 4536 distribuendo,
2831 4479 2924 4524 aut
2982 4470 3207 4524 omnino
3269 4465 3468 4537 aliquid
3519 4455 3707 4515 admini-

505 4564 728 4619 strando
751 4563 958 4635 justum
995 4578 1118 4620 esse
1150 4562 1426 4626 consistit,
1493 4565 1583 4632 qui
1653 4565 1704 4619 in
1744 4567 1854 4621 illis
1895 4567 2212 4622 muneribus
2234 4583 2343 4622 non
2373 4576 2645 4632 versatur,
2670 4583 2866 4638 expers
2897 4567 3122 4637 justitiae
3148 4580 3376 4636 prorsus
3439 4567 3532 4616 est.
3587 4553 3705 4619 QIIO'

507 4659 669 4714 modo
715 4661 884 4731 igitur
925 4661 1170 4730 requiete
1201 4658 1400 4730 dignus
1431 4659 1665 4714 habetur
1695 4660 1761 4726 is,
1799 4661 1893 4731 qui
1941 4663 2076 4716 nihil
2120 4663 2311 4717 habuit
2344 4678 2556 4729 eorum,
2592 4678 2685 4732 per
2745 4677 2866 4732 quae
2897 4661 3103 4731 justitia
3181 4659 3340 4728 juxta
3367 4655 3500 4724 vulgi
3537 4647 3706 4749 opillivr

507 4767 628 4805 nem
667 4752 1018 4824 designatur?
1047 4755 1316 4820 Quocirca
1352 4755 1643 4824 quairenda
1673 4756 1835 4810 nobis
1893 4765 1976 4810 est
2045 4758 2132 4811 illa
2168 4759 2405 4827 justitia,
2459 4758 2620 4827 cujus
2658 4765 2974 4827 compotem
3021 4756 3135 4810 fore
3189 4754 3424 4810 Verbum
3473 4746 3702 4819 promittil

506 4841 681 4902 illum,
723 4842 814 4911 qui
841 4857 961 4897 eam
999 4847 1321 4914 expetivcrit
1358 4865 1370 4900 :
1401 4845 1555 4898 Beati
1581 4845 1752 4916 enim,
1777 4848 1974 4918 inquit,
2013 4850 2103 4919 qui
2141 4851 2382 4904 esui-ium
2408 4851 2680 4916 justitiam
2712 4865 2729 4902 :
2763 4849 3012 4919 quoniam
3045 4849 3148 4914 ipsi
3170 4845 3562 4900 saturabuntur.

578 4929 762 4986 Multis
792 4946 856 4986 ac
889 4935 1052 4988 variis
1079 4940 1242 4990 rebus
1285 4937 1446 4991 nobis
1481 4936 1549 4990 ad
1581 4953 1736 4992 usum
1764 4942 2079 5010 propositis.

2257 4942 2474 4996 Πολλῶν
2509 4943 2602 4996 καὶ
2638 4940 2992 4994 παντοδαπῶν
3038 4938 3410 5009 προκειμένων
3441 4935 3513 4994 εἰς
3554 4939 3706 4996 μετον·

510 5024 715 5094 quibus
765 5025 1024 5090 aiticitur,
1082 5042 1311 5097 quaeque
1362 5029 1568 5099 appetit
1626 5040 1852 5096 natura,
1914 5035 2082 5087 multa

510 5113 672 5169 nobis
711 5129 850 5184 opus
881 5121 964 5169 est
989 5115 1239 5179 scientia,
1276 5128 1332 5170 ut
1366 5121 1522 5175 nobis
1553 5123 1606 5175 in
1632 5123 1899 5190 ejusmodi
1926 5141 2084 5180 escu-

511 5205 679 5261 lentis
710 5205 1109 5270 discernamus,
1145 5205 1289 5276 quod
1325 5209 1550 5275 nutriat,
1583 5215 1727 5281 quod
1765 5225 1978 5277 noceat,
2017 5231 2084 5271 ne

512 5298 588 5361 id,
631 5297 776 5368 quod
835 5300 1155 5354 nutrimenti
1207 5293 1340 5354 loco
1379 5301 1482 5354 sibi
1533 5305 1603 5358 ab
1650 5307 1830 5360 anima
1878 5309 2086 5362 assumi

513 5390 749 5453 videtur,
791 5405 889 5460 pro
917 5391 1026 5444 vita
1075 5402 1306 5447 mortem
1343 5393 1503 5448 nobis
1531 5401 1584 5448 et
1634 5407 1839 5466 pestem
1871 5397 2084 5454 efﬁciat.

514 5477 764 5535 Forsitan
817 5491 998 5537 autem
1051 5500 1159 5538 non
1208 5486 1648 5558 intempestivum
1698 5505 1798 5544 nec
1849 5490 2084 5543 alienum

511 5568 694 5644 fuerit,
737 5588 831 5641 per
873 5575 1032 5628 aliam
1079 5576 1371 5645 quamdam
1420 5578 1786 5646 evangelicam
1835 5579 2092 5648 quaestiu-

514 5677 637 5716 nem
703 5664 864 5733 hujus
925 5666 1053 5720 dicti
1134 5669 1459 5722 sententiam
1513 5668 1852 5739 distinguere
1928 5681 2089 5737 atque

518 5753 830 5818 explanare.
879 5756 982 5823 Qui
1031 5774 1126 5826 per
1175 5760 1358 5815 oumia
1404 5775 1746 5818 communem
1801 5763 2086 5819 nobiscum

2186 5035 2328 5097 σίαν,
2359 5035 2443 5103 ἐφ’
2474 5035 2558 5104 an,
2599 5033 2913 5102 ἀνθρωπίνη
2945 5029 3102 5098 φύσις
3133 5029 3229 5097 τὴν
3259 5025 3536 5114 ὀρεκτικὴν
3565 5014 3704 5114 ὁρμὴν

2183 5126 2316 5196 ἔχει,
2361 5125 2559 5192 πολλῆς
2600 5127 2732 5193 ἡμῖν
2761 5122 2916 5192 χρεία
2947 5121 3044 5190 τῆς
3075 5119 3382 5187 ἐπιστήμης
3405 5153 3420 5176 ,
3452 5112 3578 5164 ὥστε
3600 5107 3703 5174 ἡμῖν

2182 5217 2470 5286 διακρίνειν
2501 5217 2556 5266 ὲν
2587 5218 2700 5276 τοῖς
2724 5212 2982 5274 τοιούτοις
3009 5209 3157 5263 ὲδωδί
3164 5225 3288 5278 μοις
3313 5207 3371 5258 rb
3395 5198 3630 5289 τρόφιμόν

2186 5309 2279 5360 καὶ
2306 5306 2654 5376 δηλητήριον,
2699 5304 2774 5365 ὡς
2799 5303 2864 5355 ἂν
2903 5303 2976 5372 μὴ
3007 5302 3067 5353 rb
3099 5298 3288 5352 δοκοῦν
3322 5296 3423 5348 ὑπὸ
3454 5293 3540 5360 τῆς
3561 5287 3700 5384 ψυχης

2186 5399 2243 5450 ἐν
2289 5401 2493 5468 τροφῆς
2548 5397 2700 5465 μέρει
2747 5391 3308 5466 παραλαμϐάνεσθαι,
3351 5387 3560 5441 θάνατον
3591 5379 3700 5468 ,ἦμεν

2188 5489 2279 5541 καὶ
2308 5467 2597 5556 διαφθορὰν
2621 5486 2738 5538 ἀντὶ
2760 5486 2858 5554 τῆς
2884 5486 3027 5554 ζωῆς
3057 5483 3412 5552 ὲνεργήσειεν.
3447 5473 3549 5526 υύκ
3573 5467 3699 5556 ἄκαι-

2191 5596 2281 5648 ρον
2312 5578 2368 5632 δὲ
2403 5579 2528 5642 ἴσως
2551 5618 2564 5640 ,
2593 5577 2680 5629 διά
2709 5594 2851 5639 τινος
2893 5576 3078 5645 ἐτέρου
3111 5573 3217 5625 τῶν
3243 5570 3379 5623 κατά
3409 5565 3465 5618 τὸ
3493 5550 3696 5653 Εὑαζγξ·

2187 5671 2296 5723 λιον
2347 5669 2706 5740 ζητουμένων,
2741 5667 2838 5739 τὴν
2875 5667 3000 5737 περὶ
3037 5664 3224 5718 τούτου
3254 5655 3564 5729 διαρθρῶσαι
3605 5644 3695 5694 δία·

2187 5778 2355 5815 νοιαν.
2403 5761 2457 5814 Ὀ
2493 5761 2630 5814 κατὰ
2665 5761 2840 5812 πάντα
2873 5759 3198 5827 κοινωνήσας
3227 5755 3351 5824 ἡμῖν
3379 5746 3529 5819 χωρὶς
3550 5750 3692 5803 αμαρ-
