3996 6196
351 267 490 322 ιεττ

1407 271 1494 326 DE
1525 268 2127 331 BEATITUDINIBUS.
2167 271 2423 328 ORATIO
2456 271 2543 325 IV.

3474 273 3610 324 1258

348 386 490 452 τίας,
524 386 617 438 καὶ
650 385 1052 456 συμμετασχὼν
1075 389 1206 458 ἡμῖν
1235 387 1346 442 τῶν
1369 390 1552 445 αὐτῶν
1575 393 1938 464 παθημάτων,

2049 401 2295 448 naturam
2339 391 2528 445 habuit
2561 395 2785 458 excepto
2820 395 3064 456 peccato,
3103 395 3263 456 atque
3291 388 3607 441 eorumdem

349 479 449 550 τὴν
480 479 671 531 πεῖναν
699 478 800 530 οὐκ
827 476 1037 548 ἔκρινεν
1068 479 1361 549 ἁμαρτίαν,
1389 481 1509 534 οὐδὲ
1551 483 1810 538 ἀπώσατο
1834 487 1931 556 τῆς

353 566 545 622 ἐαυτοῦ
574 567 768 638 πείρας
796 566 857 620 τὺ
881 570 1001 620 κατ’
1030 569 1200 640 αὐτὴν
1219 569 1412 634 πάθος,
1445 573 1558 625 ἀλλ’
1587 573 1804 637 ἐδέξατο
1832 576 1931 644 τὴν

351 658 644 730 ὀρεκτικὴν
672 657 848 728 ὁρμὴν
873 657 974 728 τῆς
1014 658 1230 728 φύσεως
1257 661 1357 730 τὴν
1406 662 1502 716 ἐπὶ
1538 667 1598 734 τῇ
1634 669 1805 736 τροφῇ
1842 682 1930 734 γι-

353 749 608 820 νομένην.
655 748 936 812 Ἀπόσιτος
970 749 1080 819 γὰρ
1105 752 1514 822 τεσσαράκοντα
1563 755 1784 825 ἡμερῶν
1815 756 1933 809 δια-

358 841 567 912 μείνας,
601 839 824 911 ὕστερον
854 839 1140 895 ἐπείνασεν
1160 858 1173 872 ⁸
1216 841 1382 896 ἔδωκε
1414 844 1522 916 γὰρ
1566 845 1654 898 ὅτε
1683 845 1934 899 ἐϐούλετο

354 934 421 1003 τῇ
453 931 613 1001 φύσει
643 931 836 1002 καιρὸν
868 930 939 984 τὰ
982 932 1181 1002 ἑαυτῆς
1226 932 1540 1004 ἐνεργῆσαι.
1596 936 1734 989 Ἀλλ’
1769 938 1796 989 ὁ
1827 937 1935 991 τῶν

356 1022 681 1094 πειρασμῶν
709 1022 939 1094 εὑρετὴς
963 1061 977 1085 ,
1004 1023 1093 1076 ὅτε
1117 1023 1258 1092 ἔγνω
1288 1024 1350 1076 τὸ
1384 1025 1525 1079 κατά
1547 1028 1736 1080 πεῖναν
1766 1027 1936 1091 πάθος

355 1114 450 1168 καὶ
484 1116 541 1168 ἐν
587 1114 781 1184 ἐκείνῳ
821 1115 1110 1185 γενόμενον
1133 1153 1148 1178 ,
1207 1116 1591 1170 συνεϐούλευσε
1633 1118 1802 1182 λίθοις
1839 1121 1937 1187 τὴν

357 1204 536 1275 ὄρεξιν
580 1203 970 1269 δεξιώσασθαι·
1005 1207 1162 1262 τοῦτο
1197 1209 1254 1262 δέ
1284 1210 1439 1274 ἐστι,
1489 1209 1550 1263 τὸ
1594 1210 1938 1281 παρατρέψαι

357 1296 457 1366 τὴν
481 1293 776 1364 ἐπιθυμίαν
806 1297 870 1348 ἐκ
898 1297 996 1367 τῆς
1027 1296 1168 1351 κατὰ
1198 1297 1359 1367 φύσιν
1388 1299 1592 1369 τροφῆς
1621 1299 1714 1351 ἐπὶ
1742 1299 1810 1352 τὰ
1833 1299 1939 1364 ἔξω

357 1387 456 1457 τῆς
486 1386 718 1454 φύσεως.
758 1386 906 1440 Εἰπὲ
949 1386 1077 1457 γὰρ,
1109 1389 1294 1458 φησὶν,
1334 1389 1437 1442 ἵνα
1481 1391 1535 1441 οἱ
1580 1389 1733 1441 λίθοι
1777 1383 1941 1442 οὗτοι

359 1478 525 1546 ἄρτοι
557 1477 858 1548 γένωνται.
901 1477 965 1530 Τί
995 1477 1102 1548 γὰρ
1129 1479 1440 1550 ἠδίκησενή
1469 1480 1748 1550 γεωργία;
1785 1480 1940 1544 Τίνος

358 1569 415 1622 δὲ
443 1568 603 1639 χάριν
633 1567 927 1638 ἐϐδελύχθη
958 1568 1030 1621 τὰ
1071 1569 1361 1640 σπέρματα
1382 1609 1397 1633 ,
1438 1570 1514 1633 ώς
1539 1572 1639 1639 τὴν
1681 1571 1790 1624 ἀπὸ
1817 1570 1940 1623 τού-

359 1675 468 1710 των
500 1657 868 1727 ἀτιμασθῆναι
898 1660 1140 1728 τροφήν;
1176 1660 1240 1712 Τί
1283 1661 1338 1712 δέ
1390 1661 1858 1729 καταγινώσκεται
1906 1665 1939 1733 ἡ

357 1746 455 1799 τοῦ
471 1747 814 1817 Δημιουργοῦ
855 1748 1034 1815 σοφία,
1058 1749 1135 1812 ὡς
1165 1750 1223 1801 οὕ
1255 1749 1483 1814 δεόντως
1515 1752 1604 1806 διὰ
1633 1752 1741 1806 τῶν
1771 1771 1941 1826 σπερ-

364 1837 552 1908 μάτων
592 1836 652 1889 τὸ
682 1836 1022 1908 ἀνθρώπινον
1063 1838 1372 1908 τρέφουσα;
1406 1841 1470 1892 Εἰ
1504 1843 1612 1912 γὰρ
1641 1845 1668 1895 ὁ
1693 1842 1837 1906 λίθος
1863 1845 1942 1908 εἰς

360 1925 566 1997 τροφὴν
594 1924 924 1996 οἰκειότερος
948 1925 1042 1979 νῦν
1077 1927 1432 1996 ἀναφαίνεται
1457 1945 1472 1960 ο
1504 1930 1610 2000 ἄρα
1645 1934 1743 2001 τῆς
1787 1933 1941 1986 δεού-

362 2034 465 2086 σης
497 2016 626 2088 περὶ
668 2016 764 2088 τὴν
813 2016 1157 2087 ἀνθρωπίνην
1196 2016 1340 2088 ζωὴν
1388 2022 1729 2092 προμηθείας
1767 2025 1799 2092 ὴ
1847 2025 1941 2077 τοῦ

361 2111 499 2164 Θεοῦ
524 2111 685 2179 σοφία
710 2110 1025 2180 διήμαρτεν.
1048 2112 1195 2164 Εἰπὲ
1218 2113 1311 2165 ἵνα
1335 2115 1389 2166 οί
1412 2115 1569 2169 λίθοι
1595 2110 1758 2170 οὗτοι
1779 2116 1944 2183 ἄρτοι

362 2201 669 2272 γένωνται.
701 2201 884 2255 Ταῦτα
915 2201 1063 2269 λέγει
1099 2202 1260 2274 μέχρι
1290 2203 1381 2256 τοῦ
1407 2203 1501 2259 νῦν
1550 2208 1659 2268 τοῖς
1693 2206 1796 2258 ὑπὸ
1843 2206 1944 2276 τῆς

367 2294 503 2356 ιδίας
552 2292 966 2365 πειραζομένοις
999 2296 1233 2366 ὀρέξεως
1252 2337 1266 2359 ,
1299 2296 1392 2348 καὶ
1426 2296 1598 2364 λέγων
1619 2336 1634 2360 ,
1661 2297 1736 2352 ὡς
1766 2297 1945 2350 ἐπιτο-

365 2386 502 2439 πολὺ
532 2387 706 2440 πείθει
741 2389 834 2440 ἐπί
860 2388 1436 2442 λίθωνλσιτοποιεῖσθαι
1460 2389 1586 2453 τοὺς
1617 2391 1753 2460 πρὸς
1781 2389 1944 2442 αὑτὸν

367 2478 680 2548 βλέποντας.
707 2479 873 2532 ’Ὅταν
895 2477 1004 2549 γὰρ
1020 2479 1246 2552 ἐκϐαίνῃ
1271 2481 1396 2542 τοὺς
1423 2480 1753 2548 ἀναγκαίους
1785 2481 1944 2550 ὅρους

363 2571 464 2642 τῆς
489 2572 675 2641 χρείας
717 2573 749 2642 ή
785 2569 981 2641 ὄρεξις.
1018 2571 1070 2624 τί
1106 2570 1234 2624 ἄλλο
1275 2572 1368 2624 κα)⁸
1394 2572 1514 2640 οὐχὶ
1554 2572 1798 2624 διαϐόλου
1827 2572 1944 2622 ἐστὶ

367 2662 676 2733 συμϐουλὴ,
708 2662 803 2715 τοῦ
835 2662 956 2716 τότε
997 2661 1093 2733 τὴν
1128 2664 1191 2715 ἐκ
1225 2663 1943 2734 σπερμάτωνπαραγραφο-

369 2755 532 2826 μένου
572 2754 794 2824 τροφὴν,
829 2753 923 2806 καὶ
952 2754 1043 2806 ἐπὶ
1085 2753 1153 2807 τὰ
1197 2753 1301 2817 ἔξω
1329 2754 1429 2823 τῆς
1468 2753 1684 2822 φύσεως
1735 2762 1943 2823 προκα-

365 2846 628 2916 λουμένου
659 2846 757 2915 τὴν
776 2845 954 2915 ὄρεξιν
978 2861 992 2910 ;
1031 2845 1126 2899 Ἐκ
1156 2843 1317 2898 λίθων
1342 2844 1630 2907 ἐσθίουσιν,
1658 2845 1704 2896 οἱ
1730 2843 1819 2894 τὸν
1846 2843 1946 2912 τῆς

367 2938 682 3002 πλεονεξίας
713 2938 877 3008 ἄρτον
908 2936 1326 3008 παρατιθέμενοι
1355 2951 1368 2964 ·
1401 2936 1452 2987 oi
1481 2936 1580 2997 τὰς
1609 2933 1945 2986 πολυταλάν-

2031 486 2318 540 nobiscum
2377 482 2688 542 aﬂ‘ectuum,
2740 479 3207 534 incommodorum
3251 488 3303 532 et
3360 477 3610 533 aﬂlietio—

2033 589 2161 628 num
2199 572 2470 641 particeps
2505 570 2625 632 luit,
2658 566 2855 622 famem
2896 582 3004 620 non
3028 565 3294 634 judicavit
3323 580 3445 619 esse
3485 578 3610 634 pec-

2033 674 2244 730 catum,
2293 678 2470 732 neque
2522 661 2642 730 ejus
2693 655 3023 712 incommodi
3075 657 3376 724 periculum
3432 655 3611 707 facere

2032 757 2326 819 recusavit,
2365 752 2460 808 sed
2505 749 2755 805 allectum
2797 756 3028 807 naturae,
3059 759 3166 814 quo
3197 745 3354 797 cibus
3397 743 3609 811 appeti--

2033 853 2144 908 tur,
2197 843 2415 898 admisit
2466 850 2632 910 atque
2681 837 2940 906 suscepit.
2985 835 3122 890 Cum
3173 835 3318 888 enim
3373 832 3609 901 quadra-

2034 937 2188 1009 ginta
2245 935 2363 989 dies
2413 933 2638 1002 jejunus
2683 927 3098 998 permansisset,
3132 932 3322 994 postea
3372 921 3612 977 esuriit:

2035 1027 2185 1081 dedit
2235 1025 2402 1087 enim,
2454 1019 2674 1091 quando
2727 1017 2962 1081 volebat,
3013 1015 3362 1070 occasionem
3406 1019 3614 1064 natura:

2036 1115 2214 1172 cilicio
2269 1129 2370 1168 suo
2425 1109 2704 1178 fungendi.
2761 1105 2869 1160 Sed
2917 1105 3281 1158 tentationum
3341 1102 3614 1161 inventor,

2037 1220 2161 1260 cum
2190 1200 2457 1258 intellexit
2482 1198 2734 1253 allectum
2766 1193 2928 1248 famis
2949 1192 3111 1248 etiam
3146 1191 3298 1244 illum
3325 1188 3611 1247 invasisse,

2037 1294 2336 1356 consuluit,
2383 1298 2442 1344 ut
2485 1287 2761 1356 lapidibus
2819 1284 3096 1352 exciperet
3137 1280 3434 1350 appetitum
3466 1297 3479 1332 :
3511 1277 3616 1330 hoc

2039 1397 2220 1440 autem
2275 1391 2358 1439 est
2401 1385 2714 1452 pervertere
2768 1391 2832 1431 ac
2867 1375 3193 1442 detorquere
3244 1371 3540 1440 appetitum
3586 1382 3615 1420 a

2039 1473 2276 1530 naturali
2313 1471 2436 1526 cibo
2469 1469 2535 1523 ad
2559 1484 2646 1531 ea,
2678 1481 2800 1536 quae
2838 1480 2866 1518 a
2908 1471 3103 1517 natura
3137 1461 3311 1515 aliena
3343 1469 3491 1514 sunt.
3525 1457 3619 1510 Dic

2039 1565 2204 1629 enim,
2241 1562 2454 1631 inquit,
2493 1568 2550 1611 ut
2592 1556 2794 1625 lapides
2827 1555 2879 1606 Ιιὶ
2913 1569 3072 1622 panes
3101 1551 3254 1621 ﬁant.
3289 1548 3430 1614 Quid
3473 1547 3617 1602 enim

2041 1652 2287 1724 peccavit
2335 1647 2705 1720 agricultura?
2735 1646 2894 1714 cujus
2943 1643 3021 1696 rei
3073 1641 3244 1711 gratia
3287 1646 3620 1707 respuuntur

1972 1729 2014 1783 Β
2043 1741 2272 1804 semina,
2307 1749 2368 1793 ut
2404 1738 2562 1792 cibus
2591 1752 2657 1790 ex
2691 1735 2758 1789 iis
2805 1731 3086 1788 confectus
3118 1726 3483 1799 reprobetur?
3521 1740 3622 1780 cur

2044 1834 2290 1905 arguitur
2330 1831 2597 1900 sapientia
2647 1825 2949 1886 Creatoris,
3004 1824 3160 1892 quasi
3195 1836 3303 1874 non
3345 1825 3492 1872 recte
3524 1832 3622 1886 per

2044 1927 2254 1982 semina
2280 1937 2453 1992 genus
2488 1920 2786 1974 humanum
2827 1914 2976 1968 alat?
3016 1927 3140 1966 nam
3187 1911 3233 1964 si
3269 1910 3409 1978 lapis
3448 1907 3516 1960 ad
3543 1908 3622 1961 ci-

2042 2017 2172 2070 bum
2207 2013 2384 2083 aptior
2426 2019 2589 2079 atque
2620 2005 2958 2061 commodior
2990 2017 3135 2056 nunc
3169 2007 3416 2069 apparet,
3459 1996 3624 2050 nimi-

2042 2121 2162 2159 rum
2192 2119 2222 2157 a
2253 2102 2436 2157 debita
2468 2097 2811 2170 providentia
2835 2095 2979 2148 circa
3003 2093 3170 2146 vitam
3201 2092 3495 2143 humanam
3530 2086 3620 2140 Dei

2043 2193 2311 2264 sapientia
2361 2188 2654 2245 aberravit.
2697 2185 2794 2237 Dic
2833 2193 2890 2236 ut
2918 2182 3120 2250 lapides
3152 2179 3241 2232 isti
3272 2193 3430 2248 panes
3467 2176 3622 2244 ﬁant.

2043 2286 2169 2341 llaec
2205 2284 2369 2340 etiam
2421 2295 2567 2336 nunc
2612 2279 2745 2334 dicit
2789 2278 2855 2332 iis
2899 2275 2991 2345 qui
3038 2291 3068 2328 a
3112 2273 3337 2344 proprio
3382 2271 3623 2340 appetitu

2043 2384 2345 2441 tentantur,
2377 2387 2440 2426 ac
2475 2368 2707 2424 dicendo
2729 2369 3066 2438 plerumque,
3099 2380 3214 2428 eos,
3239 2363 3332 2433 qui
3356 2363 3421 2415 ad
3449 2363 3625 2431 ipsum

2045 2474 2312 2537 spectant,
2343 2462 2571 2531 impellit
2624 2467 2682 2513 ut
2715 2475 2744 2512 e
2786 2456 3061 2526 lapidibus
3109 2470 3276 2524 panes
3307 2453 3624 2508 conﬁciant.

2044 2558 2178 2610 Cum
2210 2553 2352 2608 enim
2389 2549 2664 2619 appetitus
2707 2544 3003 2600 necessarii
3041 2559 3175 2597 usus
3213 2542 3348 2596 ﬁnes
3381 2540 3620 2600 excedit.

2044 2645 2175 2717 quid
2204 2644 2258 2698 id
2291 2643 2436 2696 aliud
2471 2639 2574 2694 nisi
2605 2637 2808 2692 diaboli
2860 2643 2991 2688 tunc
3024 2632 3412 2687 calumniantis
3441 2638 3497 2683 et
3539 2645 3627 2684 re-

2041 2735 2284 2808 jicientis
2317 2748 2384 2786 ex
2425 2729 2726 2785 seminibus
2757 2725 3065 2780 confectura
3092 2723 3296 2786 cibum,
3337 2729 3392 2776 et
3426 2721 3491 2774 ad
3527 2736 3614 2783 ea,

2047 2847 2168 2903 quae
2203 2844 2233 2882 a
2264 2837 2459 2881 natura
2508 2823 2686 2876 aliena
2737 2804 2885 2880 sun't,
2921 2817 3216 2887 appetitum
3252 2812 3625 2883 provocantis,

2046 2924 2337 2981 consilium
2398 2919 2514 2974 est?
2577 2915 2653 2970 De
2711 2913 2983 2982 lapidibus
3045 2909 3372 2970 comedunt,
3427 2907 3630 2977 quibus

367 3048 494 3094 τους
525 3030 615 3083 καὶ
639 3028 1074 3098 φλεγμαινούσας
1095 3027 1373 3098 τραπέζας
1402 3028 1618 3089 ἑαυτοῖς.
1645 3025 1703 3090 ἐξ
1725 3021 1947 3077 ἀδικιῶν

2054 3015 2259 3072 fraudis
2293 3023 2349 3067 et
2377 3008 2619 3064 avaritiae
2648 3006 2804 3075 panis
2837 3002 3131 3072 apponitur
3161 3019 3174 3054 :
3207 3000 3302 3069 qui
3342 3004 3630 3065 sumptuo-

369 3120 747 3191 ἐτοιμάζοντες
767 3134 779 3147 ⁸
807 3113 880 3172 ὧν
907 3121 939 3189 ἠ
972 3117 1294 3188 παρασκευὴ
1336 3117 1442 3170 τῶν
1469 3116 1720 3179 δείπνων,
1759 3119 1946 3186 πομπὴ

369 3213 454 3276 τίς
510 3213 627 3264 ἐστι
681 3209 1110 3280 μεμηχανημένη
1164 3207 1300 3279 πρὸς
1348 3205 1629 3277 ἔκπληξιν,
1685 3205 1788 3271 ἔξω
1839 3206 1947 3259 τῶν

373 3300 683 3370 ἀναγκαίων
729 3302 795 3369 τῇ
829 3297 943 3368 ζωῇ
995 3296 1442 3368 παραπίπτουσα.
1502 3296 1568 3348 Τί
1613 3296 1720 3366 γὰρ
1769 3295 1944 3348 κοινὸν

373 3394 486 3464 ἔχει
518 3393 653 3462 πρὸς
683 3390 780 3461 τὴν
809 3390 906 3459 τῆς
936 3388 1150 3457 φύσεως
1183 3387 1427 3458 χρείανή
1455 3387 1699 3458 ἄϐρωτος
1732 3387 1831 3458 ὕλη
1858 3387 1948 3440 τοῦ

374 3485 642 3556 ἀργύρου,
678 3485 734 3537 ἐν
763 3482 919 3552 βαρεῖ
938 3498 997 3532 τε
1036 3480 1128 3533 καὶ
1158 3478 1550 3547 δυσϐαστάκτῳ
1585 3476 1949 3547 προτιθεμένη

375 3578 454 3646 τῷ
481 3575 733 3647 σταθμῷ;
769 3575 833 3627 Τί
862 3575 977 3626 ἐστι
1001 3572 1062 3625 τὸ
1089 3572 1189 3642 τῆς
1215 3571 1406 3642 πείνης
1449 3569 1618 3633 πάθος
1645 3587 1658 3634 ;
1690 3570 1824 3639 Οὐχὶ
1857 3568 1951 3622 τοῦ

376 3668 643 3730 ἐνδέοντος
669 3665 852 3735 ἔφεσις
871 3682 886 3728 ς
906 3662 1366 3733 Διαπνευςθείσης
1395 3661 1502 3730 γὰρ
1524 3660 1623 3730 τῆς
1652 3659 1951 3730 δυνάμεως,

379 3757 540 3810 πάλιν
588 3753 993 3825 ἀναπληροῦται
1015 3753 1075 3806 τὸ
1108 3752 1290 3808 λεῖπον
1334 3753 1400 3822 τῇ
1435 3748 1750 3820 καταλλήλῳ
1780 3765 1948 3820 προσ-

379 3848 543 3920 θήκῃ.
581 3847 776 3916 ’Δρτος
804 3843 912 3914 γάρ
963 3846 1133 3906 ἐστιν,
1177 3841 1211 3911 ἢ
1247 3841 1373 3894 ἄλλο
1419 3858 1472 3892 τι
1514 3838 1621 3892 τῶν
1653 3839 1952 3908 ἐδωδίμων,

380 3927 440 3985 οὕ
470 3933 503 4002 ἡ
535 3930 696 4000 φύσις
732 3931 963 4000 ἐφίεται.
1011 3930 1073 3981 Et
1106 3924 1198 3982 οὖν
1225 3945 1310 3990 τις
1341 3928 1681 3998 προσαγάγοι
1730 3926 1955 3996 χρυσίον

379 4025 502 4077 ἀντὶ
524 4022 689 4094 ἄρτου
719 4021 797 4092 τῷ
829 4021 1087 4090 στόματι,
1113 4014 1224 4088 ἆρα
1257 4017 1552 4089 θεραπεύει
1580 4016 1679 4087 τὴν
1706 4016 1912 4071 ἔνδειαν
1939 4034 1952 4082 ;

383 4121 550 4172 Ὅταν
582 4113 674 4169 οὖν
705 4115 805 4176 τὰς
838 4112 1116 4185 ἀϐρώτους
1140 4128 1224 4174 τις
1259 4111 1391 4174 ὕλας
1416 4109 1522 4181 πρὸ
1549 4109 1656 4163 τῶν
1687 4109 1957 4179 ἐδωδίμων

381 4207 646 4278 ἐπιζητῇ,
682 4207 738 4258 ἐν
765 4203 933 4266 λίθοις
961 4203 1218 4273 ἄντικρυς
1244 4201 1355 4271 ἔχει
1387 4199 1485 4272 τὴν
1523 4201 1800 4272 ἀσχολίαν,
1833 4201 1960 4255 ἄλλο

382 4296 651 4369 ζητούσης
680 4296 777 4364 τῆς
801 4293 1033 4362 φύσεως,
1065 4294 1122 4346 ἐν
1149 4292 1292 4363 ἄλλῳ
1321 4292 1765 4362 καταγινόμενος.
1798 4291 1960 4360 Λέγει

2052 3123 2143 3164 sas
2182 3114 2236 3161 et
2273 3100 2663 3162 redundantes,
2699 3103 2754 3151 et
2804 3094 3028 3164 cpipare
3070 3099 3312 3145 structas
3348 3095 3402 3144 et
3437 3101 3631 3142 cumu-

2053 3202 2192 3255 latas
2221 3209 2440 3251 mensas
2486 3208 2554 3246 ex
2587 3189 2788 3258 injuste
2823 3184 2995 3255 partis
3030 3182 3190 3237 bonis
3234 3181 3341 3235 sibi
3388 3186 3583 3249 parant
3614 3195 3625 3228 :

2053 3301 2286 3359 quorum
2318 3290 2615 3355 apparatus
2649 3290 2953 3337 cumarum,
2996 3287 3194 3344 pompa
3239 3271 3508 3341 quaadam,
3542 3267 3626 3321 fa-

2054 3390 2173 3450 stus
2202 3386 2256 3433 et
2285 3374 2580 3431 ostentatio
2610 3377 2696 3426 est
2725 3366 2792 3420 ad
2822 3372 3095 3434 stuporem
3129 3372 3183 3418 et
3206 3361 3626 3416 admirationem

2054 3471 2197 3539 vulgi
2243 3461 2692 3522 commovendam
2733 3457 3062 3526 excogitata,
3107 3470 3228 3522 qure
3262 3454 3386 3505 vita:
3438 3465 3630 3505 neces-

2055 3563 2256 3618 sarium
2291 3571 2449 3613 usum
2502 3549 2904 3623 praterlabitur
2937 3554 2990 3599 et
3037 3543 3270 3598 excedit.
3303 3541 3442 3607 Quid
3485 3541 3633 3595 enim

2054 3665 2344 3709 commune
2400 3646 2564 3700 habet
2604 3657 2728 3697 cum
2785 3656 2887 3696 usu
2937 3645 3145 3692 natura:
3189 3633 3521 3693 necessario,
3577 3632 3632 3685 in

2055 3744 2206 3817 gravi
2249 3740 2454 3812 pariter
2484 3743 2539 3792 et
2571 3747 2806 3790 oneroso
2850 3728 3088 3800 pondere
3135 3725 3343 3795 argenti
3379 3722 3630 3792 exposita

2057 3815 2308 3898 materia,
2345 3846 2466 3902 quae
2493 3828 2614 3884 esui
2645 3835 2770 3896 apta
2813 3840 2921 3878 non
2961 3821 3084 3876 est?
3120 3819 3260 3885 Quid
3291 3824 3374 3872 est
3407 3815 3634 3870 allectus

2057 3925 2257 3982 famis?
2303 3937 2483 3976 nonne
2537 3916 2869 3974 desiderium
2933 3912 3084 3981 ejus,
3131 3923 3240 3979 quo
3288 3920 3479 3960 carere
3525 3919 3632 3958 non

2057 4015 2392 4091 possumus?
2425 4013 2560 4068 Cum
2602 4009 2746 4064 enim
2791 4021 2888 4076 per
2915 4006 3076 4072 [latus
3119 4011 3173 4058 et
3219 3999 3636 4069 evaporationes

2058 4109 2338 4168 cvanuerit
2370 4116 2422 4161 et
2450 4103 2717 4158 etiluxerit
2759 4099 3177 4159 nutrimentum,
3217 4107 3327 4163 quo
3369 4091 3514 4145 vires
3547 4103 3636 4142 re-

2061 4199 2219 4255 fecta:
2251 4196 2474 4260 fuerint,
2508 4207 2704 4247 rursus
2737 4189 3046 4259 adjectione
3079 4181 3426 4240 convenienti
3459 4178 3635 4247 reple-

2061 4300 2150 4345 tur
2197 4289 2252 4343 id
2309 4286 2454 4357 quod
2507 4284 2680 4339 deest.
2723 4281 2888 4336 Panis
2938 4286 3023 4336 est
3067 4277 3236 4340 enim,
3290 4281 3384 4328 aut
3429 4269 3635 4339 aliquid

383 4361 641 4460 η’φύσις,
668 4361 754 4438 διά
783 4385 875 4437 τοῦ
906 4384 1047 4437 κατὰ
1075 4383 1172 4454 τὴν
1211 4361 1401 4436 πεῖναν
1431 4382 1638 4446 πάθους
1674 4383 1950 4452 μονονουχὶ

2064 4379 2210 4435 aliud
2256 4379 2372 4434 esui
2429 4381 2637 4445 aptum,
2673 4373 2821 4442 quod
2874 4379 3068 4425 natura
3115 4365 3341 4436 appetit.
3397 4361 3456 4416 Si
3505 4361 3632 4432 quis

385 4478 568 4547 φωνὴν
596 4476 837 4544 ἀφιεῖσα,
866 4473 926 4525 τὸ
945 4475 1000 4525 ἐν
1030 4473 1186 4544 χρείᾳ
1210 4473 1303 4526 νῦν
1331 4469 1466 4524 εἶναι
1495 4471 1766 4552 ἕρώσεως·
1791 4471 1879 4525 διὰ
1907 4471 1966 4524 τὸ

385 4569 498 4621 δεῖν
519 4567 932 4634 ἀντεισαγαγεῖν
964 4564 1124 4617 πάλιν
1157 4563 1235 4634 τῷ
1267 4563 1480 4634 σώματι
1509 4564 1572 4616 τὸ
1609 4563 1967 4617 διαπνευσθέν

387 4660 488 4730 τῆς
529 4659 841 4727 δυνάμεωςο
880 4659 945 4710 σὺ
983 4657 1040 4709 δὲ
1083 4656 1182 4709 οὐκ
1215 4654 1432 4718 ἀκούεις
1468 4655 1569 4724 τῆς
1619 4655 1870 4725 φύσεως·
1905 4655 1965 4708 οὕ

389 4749 500 4820 γὰρ
539 4748 566 4801 ὃ
599 4749 752 4818 ζητεῖ
787 4747 972 4809 δίδως·
1010 4746 1125 4799 ἀλλ’
1159 4745 1307 4810 ὅπως
1355 4747 1420 4800 ἂν
1462 4746 1594 4799 πολύ
1636 4763 1718 4799 σοι
1761 4747 1968 4814 γένοιτο

390 4840 485 4893 τοῦ
518 4839 760 4909 ἀργύρου
785 4837 845 4890 τὸ
873 4837 1034 4907 ἄχθος
1065 4837 1156 4889 ἐπὶ
1185 4838 1282 4906 τῆς
1315 4838 1597 4908 τραπέζης
1628 4837 1964 4909 φροντίζεις,

393 4935 489 4986 καὶ
536 4932 663 4994 τοὺς
709 4930 1012 5001 χαλκευτὰς
1058 4929 1154 5000 τῆς
1196 4929 1328 5001 ὕλης
1376 4930 1698 5000 άναξητεῖς·
1737 4933 1831 4983 καὶ
1869 4932 1969 5002 τὴν

397 5024 636 5104 ἱστορίαν
676 5023 784 5074 τῶν
811 5021 1230 5090 ἐγγλυφομένων
1260 5024 1378 5084 ταῖς
1413 5021 1564 5083 ὕλαις
1600 5019 1834 5072 εἰδώλων
1869 5037 1970 5072 πε-

398 5115 686 5186 ριεργάζῃ,
726 5115 872 5177 ὅπως
901 5111 965 5166 ἂν
1010 5113 1075 5166 δι’
1120 5112 1404 5183 ἀκριϐείας
1448 5115 1560 5174 τοῖς
1592 5111 1875 5181 γλύμμασι
1906 5111 1972 5165 τὰ

398 5207 546 5278 πάθη
576 5224 634 5259 τε
662 5207 756 5259 καὶ
783 5206 851 5258 τά
886 5204 988 5276 ἤθη
1015 5205 1101 5258 διὰ
1133 5205 1229 5274 τῆς
1265 5203 1461 5272 τέχνης
1493 5201 1821 5272 είσενεχθείη
1849 5219 1861 5233 ·
1894 5202 1970 5264 ώς

398 5297 693 5366 ἐπιγνῶναι
724 5313 784 5349 τε
826 5296 916 5349 τὸν
965 5295 1134 5366 θυμὸν
1168 5293 1257 5348 τοῦ
1290 5293 1504 5346 ὁπλίτου
1524 5334 1538 5358 ,
1569 5294 1694 5364 όταν
1731 5293 1792 5346 τὸ
1822 5292 1972 5361 ξίφος

399 5389 534 5458 πρὸς
559 5387 656 5459 τὴν
688 5386 899 5457 σφαγὴν
945 5383 1310 5453 ἀνατείνηταε,
1342 5381 1434 5435 καὶ
1459 5381 1555 5452 τὴν
1585 5381 1850 5452 ἀλγηδόνα
1879 5379 1971 5432 τοῦ

400 5481 736 5552 τραυματίου
761 5521 776 5545 ,
816 5482 942 5533 ὅταν
979 5480 1112 5551 πρὸς
1151 5479 1248 5550 τὴν
1294 5479 1513 5550 καιρίαν
1550 5477 1973 5548 συνεσταλμένος

399 5566 658 5634 οίμώζειν
683 5567 808 5638 δόξῃ
840 5567 928 5621 διὰ
961 5567 1054 5620 τοῦ
1093 5568 1400 5638 σχήματοςο
1434 5567 1527 5620 καὶ
1557 5569 1650 5637 τὴν
1675 5567 1850 5637 ὁρμὴν
1878 5562 1971 5617 τοῦ

407 5654 748 5727 θηρεύοντος,
779 5659 871 5711 καὶ
902 5659 993 5712 τοῦ
1036 5659 1222 5728 θηρίου
1253 5659 1348 5730 τὴν
1377 5659 1673 5728 ἀγριότητα
1697 5674 1709 5687 ’
1753 5659 1842 5710 καὶ
1874 5657 1972 5710 ὅσα

2066 4473 2231 4542 igitur
2280 4469 2400 4524 loco
2444 4465 2602 4536 panis
2645 4477 2838 4518 aurum
2894 4460 2979 4515 ori
3026 4457 3332 4519 admoveat,
3391 4452 3636 4522 nunquid

2065 4561 2384 4620 necessitati
2419 4556 2760 4614 medebitur?
2805 4554 2942 4610 Cum
2977 4552 3140 4623 igitur
3170 4547 3370 4617 aliquis
3417 4560 3515 4615 pro
3550 4560 3639 4599 re-

2067 4656 2168 4709 bus
2215 4650 2507 4708 esculentis
2560 4647 2817 4702 materias
2853 4643 2970 4700 esui
3023 4657 3132 4698 non
3181 4646 3336 4710 aptas
3377 4636 3633 4707 requirit,

2067 4746 2122 4800 in
2145 4743 2417 4814 lapidibus
2448 4741 2604 4810 plane
2630 4746 2931 4807 occupatus
2954 4745 3059 4799 est,
3092 4733 3292 4802 quippe
3327 4744 3450 4784 cum
3493 4725 3640 4782 aliud

2069 4843 2346 4907 quan'ente
2375 4841 2595 4893 natura,
2629 4829 2683 4883 in
2708 4829 2815 4882 alio
2843 4827 2961 4896 ipse
2982 4832 3249 4880 versetur.
3277 4819 3419 4874 Dicit
3446 4825 3641 4873 natura

2069 4943 2162 4996 per
2205 4924 2365 4978 lamis
2409 4921 2756 4976 affectionem
2803 4915 3195 4988 propemodum
3247 4927 3436 4967 vocem
3483 4908 3642 4964 emit-

2071 5027 2211 5079 teus,
2255 5030 2314 5070 se
2354 5027 2500 5066 nunc
2555 5025 2714 5083 egere
2753 5010 2876 5064 cibo
2909 5027 2921 5063 :
2957 5016 3242 5078 pr0pterea
3277 5001 3424 5074 quod
3463 5000 3643 5054 denuo

2070 5113 2322 5177 oporteat
2361 5104 2594 5158 invicem
2631 5100 2803 5172 ingeri
2829 5099 3046 5169 corpori
3071 5097 3463 5152 nutrimentum
3493 5090 3640 5160 quod

2070 5196 2358 5260 eﬂluxerit,
2389 5203 2443 5250 et
2472 5210 2566 5264 per
2595 5207 2826 5263 vapores
2849 5199 2903 5246 et
2923 5187 3292 5258 expirationes
3322 5180 3638 5239 evanuerit:

2072 5298 2127 5341 tu
2160 5298 2288 5339 vero
2339 5292 2546 5337 natura;
2595 5282 2745 5336 dicto
2785 5277 3015 5333 audiens
3057 5290 3168 5329 non
3211 5289 3306 5338 es;
3339 5286 3446 5326 non
3489 5269 3638 5323 enim

2073 5377 2215 5448 quod
2243 5377 2454 5448 quaerit,
2483 5377 2601 5437 das,
2633 5373 2729 5429 sed
2755 5381 2814 5425 ut
2842 5382 3096 5438 magnum
3133 5367 3227 5421 tibi
3262 5363 3468 5434 argenti
3500 5375 3638 5430 pon-

2064 5473 2176 5540 dus
2207 5471 2260 5524 in
2301 5483 2487 5524 mensa
2519 5467 2610 5529 sit,
2653 5477 2838 5524 curas,
2875 5468 2932 5516 et
2955 5474 3250 5516 excusorcs
3280 5453 3522 5509 materiae
3554 5467 3641 5507 re-

2075 5562 2270 5633 quiris,
2321 5568 2376 5616 et
2415 5556 2696 5614 historiam
2746 5553 3162 5608 simulacrorum
3210 5559 3264 5604 et
3318 5545 3638 5614 imaginum,

2077 5669 2197 5726 qua:
2240 5653 2295 5708 in
2330 5649 2552 5708 materia
2601 5645 3001 5716 insculpantur,
3039 5640 3256 5697 curiose
3289 5636 3547 5707 exquiris,
3584 5644 3642 5688 ut
