3996 6196
509 463 834 526 sedatiores,
861 470 1098 525 artilicio
1115 489 1331 531 summo
1347 482 1503 549 plene
1538 490 1826 559 scripturis
1840 504 2081 568 expressi

507 553 941 622 conspiciantur,
996 568 1052 612 ut
1095 572 1148 615 et
1197 565 1332 619 iram
1381 585 1648 640 agnoscas
1691 586 1907 648 armati,

504 640 745 707 gladium
814 648 1122 704 trucidandi
1199 670 1367 711 causa
1424 664 1593 726 tollit,
1661 677 1715 721 et
1773 676 2077 732 cruciatum

504 731 698 794 saucii,
741 748 864 788 cum
903 750 1126 809 accepto
1174 747 1399 804 vulnere
1445 752 1652 820 lethali,
1684 761 1866 818 animo
1894 781 1952 822 se
1980 768 2075 823 de—

503 821 727 878 mittens
767 841 830 880 ac
873 845 1132 897 mmrens,
1165 835 1351 893 habitu
1383 843 1502 912 ipso
1533 863 1750 918 gemere
1791 864 1844 909 et
1873 858 2077 926 ejulare

1404 904 1420 912 -
1533 904 1562 918 υ
1729 904 1745 907 '
1797 904 1843 909 "
1877 904 2073 926 'J—"'"‘

502 904 718 966 \idetur
745 933 757 968 :
787 917 1048 986 impetum
1086 925 1212 978 item
1248 934 1520 999 venantis,
1568 946 1621 992 et
1651 939 1775 996 ferae
1819 945 2073 1004 immani-

501 1006 666 1054 tatem
703 1022 716 1056 :
757 1020 821 1058 ac
863 1024 1202 1082 quacunque
1245 1019 1351 1073 alia
1403 1038 1498 1091 per
1540 1027 1809 1096 ejusmodi
1841 1039 2074 1093 curiosi-

499 1098 664 1146 tatem
694 1105 747 1148 et
783 1097 1019 1168 ineptam
1060 1105 1408 1177 industriam,
1439 1115 1685 1176 homines
1713 1127 1837 1180 vani
1874 1128 1929 1181 in
1961 1146 2073 1184 ma-

496 1183 637 1236 teria
689 1186 756 1240 ad
797 1205 955 1246 usum
997 1211 1307 1255 mensarum
1345 1205 1618 1264 destinata
1660 1214 1793 1271 eﬂici
1828 1221 2070 1279 studiose

493 1284 708 1329 curant.
745 1277 937 1336 Potum
976 1294 1168 1341 natura
1204 1291 1500 1364 desiderat,
1534 1308 1588 1354 tu
1636 1318 1763 1360 vero
1791 1311 2061 1376 pretiosos

489 1362 736 1431 tripodas
766 1384 949 1438 paras,
996 1375 1170 1442 labra,
1216 1391 1481 1451 crateras,
1513 1393 1826 1460 amphoras,
1866 1407 1920 1452 et
1951 1401 2058 1455 alia

1960 604 2080 643 cum

1745 279 1799 333 S.
1844 280 2167 344 GRECORII
2201 291 2488 352 NYSSENI

514 372 732 427 habitus
773 383 825 428 et
857 375 1088 435 allectus
1128 382 1290 438 animi
1329 396 1440 443 tum
1473 393 1920 470 vehementiores,
1964 418 2077 465 tum
2106 426 2152 478 Α
2183 418 2313 471 ἄλλα
2337 421 2424 474 διὰ
2453 441 2482 475 τ

3575 327 3682 384 ΙΞὶθ

2485 425 2550 492 ἧς
2587 428 2836 498 τοιαύτης
2874 433 3189 502 περιεργίας
3218 435 3270 486 ἐν
3298 439 3406 501 ταῖς
3437 440 3681 510 ἐπιτραπεο

2181 507 2314 572 ζίοις
2342 511 2494 577 ὕλαις
2526 515 2926 587 φιλοτεχνοῦσιν
2956 523 3003 573 οἰ
3041 524 3276 590 μάταιοι.
3325 527 3462 580 Πιεῖν
3488 533 3517 600 ἡ
3554 534 3682 600 φύσις

2180 597 2462 668 ἐζήτησεν,
2499 605 2562 655 σὺ
2591 605 2648 656 δὲ
2675 608 2799 669 τοὺς
2826 609 3254 675 πολυταλάντους
3277 616 3510 684 τρίποδας
3531 622 3682 692 εὖτΡ³²

2177 685 2373 751 πίζεις,
2400 691 2631 756 πλυνούς
2658 712 2715 746 τε
2743 697 2835 749 καὶ
2867 700 3170 771 κρατῆρας,
3199 705 3287 755 καὶ
3324 707 3592 778 ἀμφορέας,
3612 715 3685 764 καὶ

2177 776 2307 828 ἄλλα
2339 783 2528 850 μυρία,
2575 786 2740 856 μηδὲν
2784 788 2975 857 ἔχοντα
3022 791 3156 861 πρὸς
3191 795 3285 864 τὴν
3312 797 3684 870 ἐπιζητουμένην

2176 869 2364 936 χρείαν
2407 875 2601 929 κοινόν.
2659 872 2806 947 Ἀρα
2855 880 2974 949 οὐχὶ
3008 884 3256 953 φανερῶς
3301 886 3499 951 ἀκούεις
3532 891 3592 944 δι’
3625 887 3683 947 ὧν

2173 964 2346 1022 ποιεῖς
2360 963 2449 1015 τοῦ
2476 967 2723 1035 πρδςιτδν
2744 971 2887 1024 λίθον
2909 991 2987 1025 σοι
3009 991 3069 1026 συ
3077 976 3450 1044 μϐουλεύοντος
3473 982 3682 1050 βλέπειν;

2173 1045 2238 1098 Τί
2274 1049 2319 1102 δ’
2349 1052 2414 1104 ἄν
2442 1072 2524 1118 τις
2568 1057 2635 1110 τὰ
2679 1060 2838 1114 λοιπά
2867 1064 2965 1133 τῆς
3012 1065 3265 1130 λιθὼδους
3306 1045 3490 1141 ταύτης
3535 1073 3682 1140 διεξίοι

2169 1143 2394 1210 τροφῆς,
2425 1143 2496 1195 τὰ
2525 1147 2723 1218 αἰσχρὰ
2746 1151 3020 1221 θεάματα;
3053 1157 3118 1208 τὰ
3148 1158 3364 1229 ἐμπαθῆ
3391 1162 3681 1232 ἀκροάματα,

2167 1226 2234 1280 δι’
2257 1223 2331 1282 ὧν
2357 1234 2687 1292 ὀδοποιοῦσιν
2718 1243 2929 1308 ἑαυτοῖς
2957 1246 3054 1317 τὴν
3079 1249 3185 1300 τῶν
3212 1253 3389 1303 κακῶν
3413 1254 3681 1309 ἀκολουθίαν

2168 1323 2277 1383 τοῖς
2309 1324 2693 1399 ὑπεκκαύματι
2742 1335 2841 1404 τῆς
2869 1338 3160 1404 ἀκολασίας
3191 1341 3286 1411 τὴν
3313 1345 3502 1415 τροφὴν
3543 1349 3682 1418 ἐπαρ-

2164 1409 2379 1478 τύοντες
2403 1433 2417 1480 ;

491 1468 769 1526 summa,
823 1480 942 1534 θυαε
990 1471 1124 1524 ¹¹ί¹¹ί¹
1172 1489 1293 1529 cum
1328 1494 1415 1544 eoo
1447 1485 1590 1550 (100d
1640 1502 1772 1543 usus
1812 1496 2059 1562 requirit,
2099 1513 2389 1562 commune
2449 1510 2669 1570 habent.
2705 1517 2786 1571 An
2821 1532 2927 1571 non
2959 1519 3117 1589 plane
3152 1537 3246 1592 per
3273 1537 3357 1587 ea,
3393 1540 3502 1593 qua
3558 1524 3680 1586 lacis.

493 1547 642 1593 ("Mn
676 1554 902 1593 andinnc
941 1575 998 1593 an
1046 1564 1093 1593 οἶ
1157 1568 1246 1593 ηυξ
1301 1571 1395 1593 .:|.:
1440 1587 1582 1593 --__,
1613 1577 1665 1593 ιο-
1771 1591 1779 1593 _
1870 1585 1883 1593 .
1934 1588 1947 1593 _
2026 1589 2076 1593 -_

1465 1547 1480 1550 -
1888 1547 1903 1562 ι
1950 1547 2059 1559 ηπ·
2105 1547 2388 1562 *ν’-η’·-υν
2449 1547 2669 1570 nullout.
2705 1547 2786 1571 nu
2821 1547 2927 1571 nun
2959 1547 3117 1589 ptdllc
3152 1547 3246 1592 per
3273 1547 3357 1587 ea,
3393 1547 3502 1593 qua'
3558 1547 3680 1586 laCIS.

493 1547 642 1603 dicto
676 1554 904 1612 audiens
940 1575 1001 1614 es
1045 1564 1116 1625 ei,
1155 1568 1248 1634 qui
1301 1571 1397 1624 tibi
1423 1577 1691 1644 consulit,
1729 1591 1786 1635 ut
1818 1585 1885 1639 ad
1933 1588 2168 1657 lapidem
2215 1600 2515 1667 respicias?
2581 1605 2722 1673 Quid
2791 1619 2973 1666 autem
3045 1615 3255 1679 attinet,
3323 1618 3516 1688 reliqua
3550 1621 3681 1688 hujus

493 1641 682 1688 Ιαπίιίρί
715 1647 822 1688 eihi
871 1655 1048 1688 Inv-nio
1085 1672 1356 1688 una“-..
1406 1676 1617 1688 μμ.--
1668 1673 1679 1688 .
1736 1675 1758 1688 .
2149 1687 2154 1688 ,

487 1641 683 1711 lapidei
715 1647 822 1701 cibi
871 1655 1050 1722 turpia
1085 1672 1357 1727 exponere

1404 1673 1758 1734 spectacula?
1797 1679 1990 1734 vitiosa
2024 1691 2077 1737 et
2111 1687 2346 1746 absurda
2393 1710 2725 1769 acroamata,
2795 1707 2996 1775 quibus
3041 1709 3107 1763 ad
3161 1713 3534 1780 consequentia
3568 1714 3678 1767 mala

487 1734 591 1788 sibi
641 1737 780 1792 viam
824 1749 1097 1812 sternunt,
1152 1751 1522 1814 incitamentis
1553 1763 1839 1822 libidinum
1875 1772 2054 1828 cibum
2094 1783 2446 1843 condientesl

559 1823 671 1879 lloc
715 1829 1014 1887 adversarii
1049 1837 1116 1893 de
1164 1842 1287 1896 cibo
1313 1848 1604 1904 consilium
1651 1864 1756 1919 est,
1811 1859 1925 1915 haec
1963 1879 2037 1933 pri

559 1928 746 1966 nsueto
785 1932 840 1966 et
868 1925 1147 1966 nrdinnrin
1179 1936 1331 1966 ποηςο
1375 1954 1474 1966 ..-..
1538 1957 1634 1966 υ..
1675 1946 1769 1966 ι--
1932 1953 1946 1966 .

2137 1823 2408 1843 nunc...“
2427 1823 2438 1843 ι

2137 1909 2138 1914 η
2231 1875 2380 1947 Αὕτη
2416 1881 2508 1933 τοῦ
2543 1883 2916 1956 ἀντικειμένου
2945 1907 3010 1943 πε
3021 1892 3072 1961 pl.
3100 1894 3198 1962 τῆς
3223 1895 3426 1964 τροφῆς
3448 1897 3549 1948 ἐστι
3572 1913 3678 1966 συμ-

483 1928 746 1972 consueto
785 1932 840 1976 et
868 1925 1147 1984 ordinario
1179 1936 1334 2001 panis
1375 1954 1499 2002 usu,
1538 1957 1634 2011 per
1673 1946 1774 2002 hoc
1803 1953 1948 2020 quod
1988 1957 2054 2011 ad

483 2005 690 2076 lapides
731 2016 1005 2082 respicere
1050 2020 1226 2089 jubet,
1281 2005 1734 2106 suggerit-atque
1779 2005 2050 2111 proponit:

480 2094 680 2154 Verum
725 2105 1058 2176 proﬂigator,
1094 2120 1148 2167 et
1193 2094 1504 2189 peremptor
1555 2094 1935 2198 tentatiohuin,
1969 2120 2051 2189 fa-

480 2206 619 2245 mem
664 2198 820 2263 quasi
868 2201 1135 2258 malorum
1190 2222 1412 2264 causam
1453 2228 1558 2267 non
1611 2223 1941 2278 exterminat
1985 2242 2046 2280 ex

477 2296 657 2337 rerum
683 2296 899 2350 natura,
933 2294 1026 2347 sed
1057 2296 1228 2351 solam
1271 2303 1704 2370 superﬂuitatem
1737 2325 1798 2365 ac
1823 2315 2045 2370 nimiam

477 2371 822 2447 ineptamque
857 2381 1181 2440 industriam
1216 2397 1269 2442 et
1303 2406 1512 2459 curam,
1547 2413 1667 2466 qua:
1711 2401 1778 2455 de
1813 2407 2047 2462 consilio

474 2463 776 2523 adversarii
810 2487 916 2525 una
947 2487 1071 2529 cum
1105 2483 1418 2538 necessario
1459 2501 1561 2540 usu
1593 2489 1903 2549 introducta
1938 2509 2042 2562 est,

473 2566 779 2625 aversatus,
831 2564 948 2620 suis
996 2565 1195 2624 ﬁnibus
1230 2572 1522 2640 gubernari
1566 2589 1816 2636 naturam
1853 2589 2047 2655 permi-

471 2645 564 2701 sit.
597 2647 1061 2714 Quemadmodum
1093 2659 1238 2713 enim
1267 2661 1304 2715 ii
1344 2665 1437 2733 qui
1468 2667 2040 2746 vinumﬂranscolant,

469 2751 580 2797 non
646 2743 943 2810 reprobant
983 2745 1038 2800 id
1091 2751 1236 2818 quod
1291 2753 1344 2806 in
1372 2771 1438 2810 eo
1489 2759 1622 2814 utile
1668 2774 1769 2827 est,
1825 2743 2044 2839 propter

469 2828 739 2888 immistos
777 2835 825 2888 ei
863 2835 1123 2907 furfures,
1155 2844 1246 2898 sed
1273 2846 1395 2900 colo
1422 2851 1696 2919 superﬂua
1739 2871 2039 2916 excernen-

467 2929 572 2985 tcs,
607 2925 727 2992 puri
768 2942 926 2982 usum
974 2946 1083 2986 non
1119 2935 1379 3004 rejiciunt
1407 2959 1419 2993 :
1444 2941 1515 2995 ita
1548 2947 1835 3013 perspicax
1868 2960 1920 3005 et
1950 2969 2041 3008 so-

467 3011 575 3067 lers
610 3015 665 3069 in
707 3019 1073 3077 cxaminando
1107 3034 1270 3096 atque
1293 3030 1658 3091 discernenda
1689 3055 1773 3105 ea,
1810 3059 1930 3112 quae
1971 3048 2039 3102 ab

465 3113 658 3159 natura
699 3109 872 3164 aliena
900 3121 1061 3179 sunt,
1092 3114 1352 3187 Verbum,
1388 3124 1688 3184 subtilitate
1712 3109 2037 3200 speculatio-

464 3195 551 3248 nis
587 3195 780 3252 famem
827 3202 1068 3270 quidem,
1114 3215 1302 3276 utpote
1346 3213 1468 3267 vita:
1513 3225 1712 3272 nostrae
1749 3211 2102 3279 conserva-C

463 3284 676 3350 tricem,
709 3305 818 3344 non
859 3295 1280 3366 exterminavit;
1316 3304 1719 3372 superﬂuitates
1767 3328 1895 3368 vero
1941 3332 2035 3372 ne-

462 3380 704 3433 cessario
751 3383 876 3437 usui
923 3399 1200 3444 connexas
1242 3398 1297 3445 et
1342 3393 1650 3465 implicatas
1683 3406 2034 3462 transcolavit

459 3475 514 3521 ct
547 3471 766 3540 abjecit,
802 3490 926 3531 cum
959 3479 1096 3533 dixit
1129 3499 1141 3534 :
1178 3483 1329 3538 illum
1360 3503 1420 3542 se
1450 3490 1668 3546 novisse
1697 3510 1892 3563 panem
1927 3515 2031 3553 nu-

458 3560 734 3623 trientem.
777 3568 870 3636 qui
905 3572 1071 3626 verbo
1101 3572 1194 3628 Dei
1246 3584 1450 3633 naturae
1478 3560 1800 3641 conciliatus
1840 3590 1930 3645 sit.
1974 3589 2029 3644 Si

460 3651 626 3721 igitur
659 3657 1058 3729 esuriitJesus,
1097 3665 1315 3720 beatum
1357 3668 1520 3725 fuerit
1547 3677 1776 3740 esurire,
1814 3693 1934 3732 cum
1963 3682 2028 3735 ad

458 3743 820 3802 imitationem
883 3751 1030 3809 illius
1086 3755 1435 3826 ingeneretur
1490 3779 1553 3818 ac
1610 3778 2030 3837 repraesentetur

456 3837 618 3887 etiam
650 3835 820 3894 fames
853 3841 908 3894 in
940 3845 1116 3899 nobis.
1154 3846 1209 3900 Si
1262 3849 1429 3919 igitur
1462 3835 1852 3924 intelleximus,
1900 3863 2027 3931 quid

455 3925 527 3978 sit
571 3927 624 3982 id
674 3931 819 3998 quod
869 3937 1039 3989 esurit
1077 3945 1131 3992 et
1173 3945 1378 4011 appetit
1433 3946 1713 4016 Dominus,
1771 3954 1885 4008 fieri
1917 3925 2025 4013 non

453 4024 634 4085 potest
676 4028 734 4072 ut
778 4037 926 4076 nunc
968 4031 1262 4096 proposita:
1317 4037 1478 4092 nobis
1515 4039 1870 4102 beatitudinis
1918 4049 2023 4102 vim

452 4121 561 4160 non
603 4108 990 4181 intelligamus.
1026 4118 1161 4184 Quis
1203 4132 1288 4179 est
1322 4125 1486 4198 igitur
1517 4130 1609 4186 ille
1651 4135 1828 4200 cibus,
1867 4141 2023 4209 cujus

452 4198 751 4267 appetitum
799 4200 958 4260 Jcsus
1009 4209 1112 4262 sibi
1160 4219 1371 4282 turpem
1422 4233 1530 4272 non
1584 4221 1773 4276 ducit?
1819 4198 2019 4283 Ait-ad

448 4288 748 4360 discipulos
790 4305 914 4364 post
963 4299 1210 4356 habitum
1245 4319 1369 4359 cum
1422 4307 1764 4369 Samaritana
1809 4334 2018 4375 sermo-

446 4397 568 4437 nem
606 4403 619 4437 :
657 4384 808 4442 Meus
839 4390 984 4444 cibus
1025 4404 1124 4460 est,
1168 4407 1225 4449 ut
1280 4388 1476 4466 faciam
1527 4407 1666 4473 quod
1704 4409 1811 4463 vult
1861 4411 2019 4468 Pater

445 4491 590 4528 meus
616 4477 693 4547 ";
727 4497 834 4536 non
865 4483 1047 4553 ignota
1071 4495 1156 4541 est
1186 4497 1366 4544 autem
1397 4494 1652 4553 voluntas
1683 4497 1885 4568 Patris,
1921 4507 2012 4575 qui

444 4580 634 4623 omnes
666 4569 913 4629 homines
945 4577 1175 4643 servari,
1213 4588 1266 4634 et
1310 4584 1375 4638 ad
1405 4587 1737 4656 agnitionem
1765 4597 2015 4654 veritatis

446 4659 628 4713 venire
656 4663 856 4720 vult".
911 4666 1076 4736 Igitur
1123 4671 1168 4724 si
1215 4672 1304 4728 ille
1348 4691 1450 4732 nos
1505 4682 1653 4750 cupit
1693 4689 1920 4752 servari,
1963 4701 2017 4746 et

443 4748 551 4801 vita
593 4759 778 4807 nostra
806 4757 962 4812 cibus
993 4761 1112 4829 ejus
1145 4765 1380 4833 exsistit,
1411 4769 1702 4829 didicimus
1730 4779 1853 4846 quis
1882 4798 2014 4840 usus

441 4840 511 4893 sit
560 4840 827 4908 ejusmodi
883 4850 1075 4905 animae
1124 4853 1342 4910 habitus
1404 4869 1458 4913 et
1514 4840 1836 4931 affectionis.
1880 4877 2013 4938 Quis

439 4929 607 4999 igitur
648 4930 738 4985 hic
778 4937 902 4988 est?
932 4937 1249 4998 Esuriamus
1293 4959 1534 5005 nostram
1582 4954 1823 5023 ipsorum
1863 4965 2010 5018 salu-

438 5030 569 5088 tem,
603 5021 852 5080 sitiamus
881 5026 1120 5082 divinam
1148 5035 1503 5104 voluntatem,
1530 5060 1651 5113 quas
1680 5059 1785 5113 est,
1824 5061 1881 5108 ut
1910 5071 2009 5112 nos

435 5128 736 5169 servemur.
785 5119 900 5183 Qua
942 5118 1155 5176 ratione
1195 5123 1361 5194 igitur
1409 5132 1572 5188 talem
1606 5139 1763 5197 nobis
1810 5143 2006 5200 famem

431 5205 702 5260 coniicere
734 5209 1026 5276 possimus,
1066 5227 1212 5268 nunc
1244 5214 1536 5277 didicimus
1576 5241 1605 5280 a
1653 5229 2000 5294 beatitudine.

430 5295 535 5362 Qui
567 5297 710 5352 enim
737 5299 1006 5366 justitiam
1043 5301 1136 5358 Dei
1189 5305 1486 5378 desiderat,
1529 5316 1736 5375 invenit
1775 5324 1827 5377 id
1859 5330 2002 5394 quod

428 5403 554 5442 vere
602 5391 964 5458 expetendum
1007 5405 1090 5448 est
1126 5415 1138 5451 :
1173 5399 1332 5469 cujus
1366 5403 1692 5463 desiderium
1730 5429 1836 5468 non
1889 5433 1997 5471 uno

428 5479 589 5533 modo
628 5496 839 5549 eorum,
895 5483 986 5554 qui
1044 5502 1138 5556 per
1168 5493 1467 5560 appetitum
1507 5513 1991 5577 repraesentantur,

499 5652 542 5685 "
581 5649 740 5712 δοίη.
779 5675 850 5724 Iv,
888 5661 972 5715 54.
1053 5666 1093 5695 ⁸⁸
1134 5665 1152 5717 l
1196 5666 1335 5722 Tim.
1373 5687 1439 5736 ιι,
1478 5672 1529 5725 ft.

2157 1964 2320 2038 ϐουλὴ
2342 2010 2356 2031 ,
2387 1972 2559 2026 ταῦτα
2585 1975 2671 2029 διὰ
2703 1977 2796 2030 τοῦ
2828 1981 2962 2050 πρὸς
2988 1984 3113 2046 τοὺς
3131 1984 3322 2048 -λίθους
3345 1985 3559 2055 βλέπειν,
3583 1964 3677 2040 ἀντὶ

2152 2057 2251 2126 τῆς
2292 2065 2682 2137 νενομισμένης
2741 2069 2832 2121 τοῦ
2882 2072 3045 2142 ἄρτου
3098 2075 3351 2143 χρήσεως
3391 2077 3674 2131 ὑποτίθεται.

2165 2146 2302 2198 Ἀλλ’
2336 2149 2364 2200 6
2391 2152 2497 2204 τῶν
2521 2159 2839 2228 πειρασμῶν
2871 2162 3218 2234 καθαιρέτης,
3255 2168 3377 2236 οὐχὶ
3412 2168 3500 2236 τὴν
3526 2171 3676 2235 πεῖναν

2151 2235 2378 2308 ἐξορίζει
2427 2243 2527 2312 τῆς
2572 2246 2822 2313 φύσεως,
2867 2251 2943 2314 ὡς
2986 2253 3170 2305 κακῶν
3221 2257 3421 2319 αἰτίαν,
3460 2257 3577 2311 ἀλλά
3600 2258 3675 2327 τὴν

2150 2332 2467 2402 περιεργίαν
2494 2335 2591 2406 τὴν
2633 2339 2696 2389 ἐκ
2729 2340 3034 2412 συμϐουλῆς
3066 2343 3156 2396 τοῦ
3183 2346 3548 2417 ἀντικειμένου
3578 2366 3674 2402 συν·

2147 2422 2418 2476 εισιοῦσαν
2445 2429 2509 2496 τῇ
2541 2429 2728 2499 χρεία,
2763 2432 2928 2502 μόνην
2961 2435 3431 2508 ἀποπεμψάμενος
3458 2479 3470 2502 ,
3501 2439 3674 2509 ἀφῆκεν

2147 2515 2255 2575 τοῖς
2271 2513 2416 2577 ἰδίοις
2436 2516 2581 2586 ὅροις
2596 2521 2992 2591 οἰκονομεῖσθαι
3014 2525 3110 2595 τὴν
3125 2527 3517 2599 φύσιν.”Ωσπερ
3535 2529 3624 2599 γὰρ
3636 2530 3673 2580 οί

2145 2602 2454 2674 διηθοῦντες
2481 2609 2568 2661 τὸν
2601 2607 2743 2664 οἶνον
2769 2615 2869 2668 οὐκ
2899 2617 3262 2687 ἀτιμάζουσιν
3300 2620 3457 2675 αὐτοῦ
3487 2621 3540 2673 τὸ
3566 2622 3672 2690 χρή·

2146 2710 2324 2764 σιμον,
2380 2699 2469 2752 διά
2516 2702 2615 2772 τὴν
2663 2706 3092 2776 καταμιχθεῖσαν
3132 2713 3310 2782 ἄχνην
3358 2712 3534 2782 αὐτῷ’
3567 2712 3672 2765 ἀλλά

2141 2785 2217 2855 τῷ
2252 2786 2392 2858 ἰθμῷ
2426 2791 2493 2843 τὰ
2527 2795 2751 2862 περιττὰ
2779 2795 3150 2868 διακρίναντες
3177 2840 3191 2864 ,
3214 2803 3318 2856 τοῦ
3352 2802 3571 2874 καθαροῦ
3596 2803 3672 2871 τὴν

2141 2877 2335 2947 χρῆσιν
2361 2880 2460 2934 οὐκ
2489 2883 2898 2939 ἀποϐάλλουσιν·
2929 2889 3142 2954 οὖτωςό
3173 2891 3500 2964 θεωρητικός
3525 2912 3575 2946 τε
3600 2894 3671 2946 καὶ

2138 2967 2469 3039 διακριτικδς
2508 2973 2614 3025 τῶν
2663 2973 2958 3048 ἀλλοτρίων
2986 2980 3084 3051 τῆς
3133 2982 3382 3050 φύσεως,
3411 2985 3578 3052 Λόγος,
3615 2985 3665 3050 τῇ

2139 3057 2423 3128 λεπτότητι
2475 3063 2574 3131 τῆς
2613 3065 2871 3135 ἀκριϐοῦς
2913 3069 3173 3141 θεωρίας,
3220 3075 3320 3145 τὴν
3366 3076 3458 3147 μὲν
3492 3078 3663 3135 πεῖναν,

2138 3149 2214 3212 ὡς
2248 3167 2408 3222 συντη
2419 3153 2644 3224 ρητικὴν
2666 3151 2829 3210 οὖσαν
2852 3160 2950 3228 τῆς
2966 3160 3111 3230 ζωῆς
3129 3166 3294 3234 ἡμῶν
3317 3167 3411 3220 οὐκ
3428 3166 3663 3236 ἐξώρισεν·

2137 3241 2235 3304 τὰς
2264 3243 2318 3295 δέ
2352 3248 2804 3320 συμπλεκομένας
2825 3255 2890 3323 τῇ
2915 3255 3069 3324 χρεία
3090 3258 3431 3326 περιεργίας,
3453 3258 3667 3328 διήθησέν

2137 3351 2195 3386 τε
2225 3337 2318 3389 καὶ
2345 3338 2669 3410 ἀπέρριψεν,
2710 3344 2877 3397 εἰπών
2904 3363 2916 3375 ο
2951 3347 3155 3400 ἐκεῖνον
3203 3350 3399 3403 εἰδέναι
3443 3351 3665 3420 τρόφιμον

2135 3427 2314 3498 ἄρτον,
2344 3429 2402 3492 ὃς
2429 3431 2503 3501 τῷ
2533 3434 2733 3504 ῥήματι
2760 3437 2851 3490 τοῦ
2880 3437 3012 3490 Θεοῦ
3042 3439 3176 3510 πρὸς
3203 3442 3304 3512 τὴν
3329 3443 3480 3510 φύσιν
3495 3441 3667 3512 ᾠκείω-

2132 3534 2237 3570 ται.
2265 3519 2326 3571 Εἰ
2355 3516 2448 3573 οὖν
2473 3522 2754 3576 ἐπείνασεν
2783 3527 2811 3577 ό
2839 3525 3060 3594 Ἰησοῦς,
3088 3531 3421 3600 μακαριστὸν
3449 3531 3508 3583 ἂν
3531 3531 3602 3599 εἴη
3621 3531 3666 3580 τὸ

2133 3612 2343 3676 πεινᾷν,
2369 3611 2498 3665 ὅταν
2530 3613 2666 3667 κατά
2716 3615 2946 3686 μίμησιν
2970 3617 3174 3671 ἐκείνου
3207 3621 3487 3692 ἐνεργῆται
3517 3621 3597 3672 καὶ
3620 3621 3666 3670 ἐν

2130 3695 2281 3768 ἡμῖν.
2316 3701 2377 3754 Εἰ
2409 3704 2588 3757 τοίνυν
2635 3706 2882 3776 ἔγνωμεν
2911 3707 2964 3760 τί
2998 3709 3144 3762 ἐστιν
3181 3705 3245 3764 οὗ
3280 3715 3436 3782 πεινᾷ
3465 3712 3662 3779 Κύριος,

2130 3791 2451 3862 γνωσόμεθα
2493 3795 2709 3860 πάντως
2754 3797 2845 3849 τοῦ
2895 3801 3248 3870 μακαρισμοῦ
3300 3803 3390 3856 τοῦ
3430 3802 3516 3858 νῶν
3557 3801 3663 3870 ἡμῖν

2129 3885 2487 3953 προκειμένου
2527 3887 2626 3957 τὴν
2651 3887 2897 3958 δύναμιν.
2935 3892 3067 3944 Ποία
3095 3889 3189 3946 οῦν
3225 3896 3370 3948 ἐστιν
3400 3898 3430 3965 ἡ
3461 3894 3660 3963 βρῶσις,

2127 3968 2193 4044 ἧς
2222 3976 2249 4026 6
2298 3977 2506 4045 Ἰησοῦς
2531 3979 2630 4048 τὴν
2665 3981 2956 4052 ἐπιθυμίαν
2980 3985 3076 4036 οὐκ
3108 3987 3519 4056 ἐπαισχύνεταις
3548 3984 3662 4054 Φησὶ

2126 4067 2260 4134 πρὸς
2289 4070 2412 4130 τοὺς
2446 4070 2692 4140 μαθητὰς
2741 4074 2877 4142 μετά
2914 4075 3000 4127 τὸν
3047 4077 3181 4147 πρὸς
3224 4079 3323 4150 τὴν
3368 4080 3660 4149 Σαμαρεῖτιν

2122 4157 2364 4225 διάλογον
2392 4176 2405 4190 ο
2436 4160 2515 4212 ὅτι
2559 4161 2734 4230 Ἐμὸν
2758 4163 2967 4232 ,βρῶμά
2998 4167 3187 4230 ἐστιν,
3225 4171 3325 4222 ἵνα
3348 4168 3491 4222 ποιῶ
3513 4167 3568 4220 τὸ
3586 4165 3658 4219 θέ-

2120 4249 2283 4316 λημα
2313 4249 2417 4302 τοῦ
2447 4249 2677 4316 Πατρός
2695 4271 2835 4321 μου·
2867 4257 3097 4326 φανερὸν
3138 4257 3194 4309 δέ
3219 4258 3315 4312 τοῦ
3339 4259 3540 4329 Πατρός
3567 4259 3658 4308 ἐστι

2120 4338 2180 4391 τὸ
2225 4339 2467 4411 θέλημα,
2510 4343 2569 4408 ὃς
2616 4345 2822 4409 πάντας
2869 4347 3186 4417 ἀνθρώπους
3235 4350 3374 4402 θέλει
3417 4349 3655 4417 σωθῆναι,

2120 4431 2213 4482 καὶ
2247 4434 2324 4495 εἰς
2349 4433 2641 4499 ἐπίγνωσιν
2672 4437 2926 4506 ἀληθείας
2956 4438 3144 4491 ἐλθεῖν.
3182 4442 3392 4494 Οὐκοῦν
3417 4444 3462 4494 εἰ
3483 4442 3656 4499 ἐκεῖνος

2050 4550 2092 4604 D
2118 4518 2365 4590 ὀρέγεται
2395 4523 2487 4575 τοῦ
2525 4525 2669 4594 ἡμᾶς
2711 4526 2964 4597 σωθῆναι,
3001 4530 3093 4580 καὶ
3130 4532 3303 4600 τροφὴ
3344 4529 3501 4584 αὑτοῦ
3531 4528 3653 4601 γίνε-

2114 4628 2201 4664 ται
2230 4615 2260 4682 ἡ
2292 4615 2533 4685 ἡμετέρα
2569 4616 2679 4686 ζωὴ
2704 4655 2718 4677 ,
2765 4618 3159 4688 μεμαθήκαμεν
3190 4622 3270 4683 εἰς
3305 4620 3333 4674 ὃ
3354 4639 3402 4674 τι
3425 4618 3654 4689 χρηστέον

2114 4703 2181 4756 ἂν
2204 4703 2288 4775 εἴη
2317 4708 2379 4774 τῇ
2413 4706 2633 4778 τοιαυτῃ
2666 4708 2765 4777 τῆς
2798 4709 2971 4779 ψυχῆς
3010 4709 3271 4764 διαθέσει.
3309 4711 3376 4763 Τί
3403 4707 3490 4762 οῦν
3519 4707 3652 4760 τοῦτό

2113 4797 2226 4845 ἐστι
2252 4810 2264 4857 ;
2305 4795 2654 4866 Πεινάσωμεν
2678 4798 2774 4868 τὴν
2808 4798 3010 4851 έηαυτῶν
3047 4801 3341 4870 σωτηρίαν,
3369 4802 3650 4871 διψήσωμεν

2110 4881 2202 4934 τοῦ
2239 4883 2382 4936 θείου
2427 4885 2759 4956 θελήματος,
2795 4889 2927 4960 ὅπερ
2975 4891 3088 4942 ἐστὶ
3133 4890 3189 4943 τὸ
3234 4893 3382 4961 ἡμᾶς
3421 4890 3645 4957 σωθῆναι.

2111 4973 2235 5037 Πῶς
2257 4971 2348 5030 οὖν
2382 4978 2495 5029 ἐστι
2530 4979 2625 5049 τὴν
2649 4981 2900 5048 τοιαύτην
2930 4983 3060 5051 ἡμῖν
3111 4983 3513 5052 κατορθωθῆναι
3547 4980 3646 5031 πεῖ-

2108 5082 2230 5129 ναν,
2287 5067 2379 5118 νῦν
2428 5070 2574 5138 παρά
2613 5070 2705 5122 τοῦ
2755 5073 3105 5142 μακαρισμοῦ
3154 5074 3556 5143 μεμαθήκαμεν.
3599 5073 3645 5121 ’0

2106 5155 2212 5227 γὰρ
2235 5157 2331 5227 τὴν
2350 5157 2690 5229 δικαιοσύνην
2720 5161 2811 5214 τοῦ
2834 5162 2966 5215 Θεοῦ
2994 5164 3250 5235 ποθήσας,
3284 5160 3433 5236 εὗρεν
3456 5165 3511 5216 τὺ
3535 5163 3644 5229 ἀλη-

2107 5245 2172 5262 η-
2265 5247 2277 5262 .
2431 5251 2444 5262 ,
2579 5245 2607 5262 η
2691 5253 2700 5262 .
2784 5254 2796 5262 .
2881 5254 2900 5262 -
2995 5255 3006 5262 .
3144 5257 3156 5262 _
3240 5258 3253 5262 _
3291 5257 3302 5262 -
3434 5256 3445 5262 -
3587 5252 3609 5262 -

2106 5245 2213 5309 θῶς
2254 5247 2476 5318 ὀρεκτόν
2500 5269 2511 5280 ο
2550 5245 2610 5305 οὗ
2652 5253 2747 5322 τὴν
2781 5254 3075 5324 ἐπιθυμίαν
3105 5257 3199 5325 οὐχ
3235 5257 3314 5308 ἐνὶ
3354 5256 3529 5326 τρόπῳ
3551 5252 3640 5304 τῶν

2106 5335 2241 5356 _-.___l,
2284 5355 2288 5356 ν
2317 5337 2335 5356 ὶ
2414 5339 2436 5356 Ι
2512 5340 2535 5356 μ
2631 5343 2643 5356 0
2910 5344 2920 5356 ι
3062 5347 3075 5356 ι
3131 5345 3146 5356 ι
3174 5348 3184 5356 ι
3493 5345 3504 5356 ι
3591 5342 3599 5356 1

2105 5335 2244 5388 κατά
2278 5337 2375 5408 τὴν
2411 5339 2590 5409 ὄρεξιν
2627 5343 3029 5413 ἐνεργουμένων
3060 5345 3374 5415 ἐπλήρωσεν
3400 5361 3415 5376 ⁸
3457 5345 3512 5395 οὗ
3550 5342 3642 5410 γὰρ

2106 5424 2263 5493 μόνον
2289 5426 2363 5488 ὼς
2388 5427 2586 5498 βρῶσιν
2607 5430 2705 5502 τὴν
2730 5431 2822 5484 τοῦ
2842 5432 3047 5486 δικαίου
3074 5435 3362 5502 μετουσίαν
3381 5435 3636 5501 ἐπόθησεν.

2111 5515 2400 5588 Ἢμιτελὴς
2434 5519 2537 5591 γὰρ
2558 5520 2622 5574 ἂν
2645 5517 2710 5592 ἦν
2738 5523 2827 5576 ἐπὶ
2854 5525 3049 5595 ταύτης
3080 5528 3241 5597 μόνης
3261 5527 3358 5597 τῆς
3377 5525 3636 5584 διαθέσεως
