3996 6196
2165 261 2192 270 κ

255 295 387 351 i9“
1286 315 1373 372 ma
1405 318 1815 380 BEATITUDIN

1917 329 2002 386 ιε.
2027 331 2287 391 ORATIO
2325 336 2414 392 ιν.
2921 300 2937 315 ’
3368 343 3509 400 tm

253 415 427 528 ῗτᾶῗα
465 417 498 488 ὴ
529 418 729 528 ὄρεξις,
765 423 880 476 νυνὶ
909 424 965 478 δὲ
994 427 1085 480 καὶ
1114 428 1342 499 πότιμον
1364 434 1422 486 τὸ
1444 437 1646 505 ἀγαθὸν
1672 442 1815 496 τοῦτ(

1934 449 2189 518 explevit,
2232 468 2337 506 non
2369 453 2511 508 enim
2545 453 2721 509 solum
2756 463 3012 525 tanquam
3057 455 3239 510 cibum
3274 455 3506 528 justitia!

251 505 528 575 εποίησεν,
563 508 648 561 ἵνα
681 511 740 562 τὸ
769 512 1030 584 ἓνθερμόν
1051 534 1107 568 τε
1143 519 1236 571 καὶ
1267 521 1489 588 διακαὲς
1516 528 1614 596 τῆς
1641 533 1815 585 ἐπιθυ·

2004 505 2020 518 .
2177 505 2188 516 .
3063 505 3239 510 -------
3274 505 3504 528 ,τ---η-νυ

1935 554 2093 594 usum
2133 548 2436 613 praposuit.
2485 544 2904 615 Semiperfectus
2953 549 3096 602 enim
3146 558 3311 615 esset,
3355 551 3400 606 si
3451 552 3506 604 in

254 597 384 666 μίας
409 598 496 706 τῷ.
527 601 818 706 πάθει-τῆς
845 605 1004 675 δίψης
1028 608 1346 680 ἐνδείξηται.
1376 614 1541 686 Ξηροὶ
1575 621 1684 691 γάρ
1707 625 1815 693 τρό·

1934 628 2036 683 bac
2085 633 2201 686 sola
2255 634 2542 689 affectione
2592 637 2935 698 consisteret,
2997 639 3318 706 appetitus:
3360 655 3505 694 nunc

251 703 355 739 πον
388 690 509 782 τινα
541 693 636 782 καὶ
659 694 952 762 φλογώδεις
979 700 1037 751 ὲν
1061 699 1140 768 τῷ
1166 703 1342 774 καιρῷ
1372 706 1466 758 τοῦ
1487 690 1671 777 δίψους
1694 690 1832 782 γινό-

254 792 436 842 μενοι,
469 778 544 840 ὡς
588 779 981 849 θεραπευτικὸν
1023 789 1122 857 τῆς
1152 793 1404 864 τοιαύτης
1439 778 1732 864 διαθέσεως
1769 804 1831 856 τὸ

249 867 414 966 ποτὸν
432 869 750 966 μεθ’ήδονῆς
769 879 1206 966 προσφερόμεθα.
1237 883 1385 938 Ἐπεὶ
1406 883 1498 941 οὖν
1523 891 1619 959 μία
1638 894 1734 962 μὲν
1751 895 1829 966 τῷ

246 957 396 1056 γένει
421 961 672 1056 ηὗρεξις
693 965 782 1016 ἐπὶ
816 965 1070 1036 βρώσεώς
1091 989 1149 1024 τε
1179 979 1271 1028 καὶ
1294 979 1504 1042 πόσεως
1525 957 1549 1012 ήο
1576 957 1828 1056 διάφορον

248 1045 305 1098 δὲ
334 1049 523 1144 ήπρδς
557 1054 814 1144 ἑκάτερον
848 1058 1048 1111 τούτων
1083 1061 1338 1130 διάθεσις,
1372 1068 1447 1132 ὡς
1476 1070 1541 1124 ἂν
1567 1073 1627 1126 τὸ
1664 1045 1828 1144 ἀκρό-

247 1153 408 1234 τατον
438 1141 536 1234 της
575 1142 710 1214 πρὸς
752 1145 812 1197 τὸ
856 1148 1056 1214 ἀγαθὸν
1092 1154 1387 1225 ἐπιθυμίας
1420 1162 1449 1212 ὁ
1492 1161 1650 1230 λόγος
1691 1141 1822 1234 ἡμῖν

248 1227 661 1299 νομοθετήσειεν
684 1249 696 1262 ·
735 1239 1030 1307 μακαρίζει
1078 1245 1204 1307 τοὺς
1241 1246 1308 1299 τὰ
1347 1248 1442 1301 δύο
1469 1251 1640 1306 ταῦτα
1691 1256 1826 1325 πρὸς

243 1316 345 1385 τὴν
391 1318 735 1394 δικαιοσύνην
765 1329 1073 1398 πάσχοντας
1095 1372 1109 1393 ,
1143 1332 1241 1404 τὴν
1282 1339 1470 1391 πεϊνάν
1498 1357 1557 1394 τε
1601 1345 1694 1397 καὶ
1723 1316 1822 1414 τὴν

243 1407 403 1476 δίψαν
425 1451 440 1476 ,
467 1411 542 1474 ὡς
567 1413 750 1468 ἱκανοῦ
795 1418 944 1482 ὄντος
971 1421 1064 1473 τού
1101 1422 1436 1496 ποθουμένου
1469 1431 1604 1501 πρὸς
1631 1407 1820 1487 ἐκατέ-

245 1515 349 1594 ραν
369 1501 712 1594 ἁρμοσθῆναι
738 1509 1086 1580 καταλλήλως
1115 1513 1213 1583 τὴν
1237 1515 1434 1585 ὄρεξιν,
1464 1521 1558 1573 καὶ
1589 1525 1821 1594 στερρὰν

247 1589 348 1658 μὶν
388 1591 466 1657 τῷ
515 1595 766 1649 πεινῶντι
806 1599 1049 1667 γίνεσθαι
1094 1605 1320 1676 τροφὴν,
1362 1609 1589 1681 πότιμον
1640 1589 1695 1666 δέ
1722 1589 1820 1686 -τῷ

240 1680 542 1750 διψητικῶς
571 1687 994 1763 ἐφελκυσαμένῳ
1024 1694 1121 1764 τὴν
1147 1697 1325 1766 χάριν.

1932 728 2114 773 autem
2145 723 2308 776 etiam
2337 725 2573 792 potabile
2603 726 2705 779 hoc
2746 726 2948 778 bonum
2981 724 3128 786 fecit,
3168 735 3223 778 ut
3249 729 3500 781 ardorem

1929 817 1983 862 et
2025 809 2290 866 fervorem
2327 815 2638 883 cupiditatis
2674 831 2768 884 per
2803 817 2924 870 sitis
2971 816 3312 870 affectionem
3358 820 3502 871 indi-

1929 911 2097 954 caret.
2135 901 2269 955 Cum
2297 905 2442 958 enim
2495 906 2548 958 iu
2586 915 2831 975 tempore
2874 907 2996 961 sitis
3051 907 3187 958 aridi
3235 907 3502 975 quodam1

1928 987 2088 1040 modo
2134 989 2327 1045 fiamus
2377 1000 2427 1046 et
2480 994 2753 1058 ardentes,
2798 1009 2894 1063 pro
2948 995 3190 1048 remedio
3231 997 3500 1063 ejusmodi

1927 1076 2234 1135 alfectionis
2283 1091 2469 1151 potum
2519 1086 2787 1139 sumimus
2835 1100 2957 1139 cum
2999 1088 3294 1156 voluptate.
3351 1087 3500 1152 Quo—

1928 1169 2077 1224 niam
2126 1173 2290 1242 igitur
2329 1191 2472 1230 unus
2501 1177 2717 1245 quidem
2769 1193 2965 1245 genere
2996 1179 3113 1247 ipso
3143 1179 3248 1232 cibi
3288 1180 3493 1248 pariter

1924 1271 1977 1315 et
2003 1264 2238 1331 potionis
2279 1269 2552 1337 appetitus
2587 1277 2706 1334 est;
2761 1269 2975 1324 diversa
3018 1285 3144 1324 vero
3173 1271 3242 1324 ad
3283 1279 3496 1324 utrum-

1928 1363 2034 1417 que
2063 1354 2256 1404 ltorum
2300 1357 2516 1409 affectio
2532 1367 2637 1422 est,
2661 1366 2719 1410 ut
2741 1375 3014 1414 summum
3047 1364 3205 1418 nobis
3237 1374 3288 1417 et
3311 1374 3494 1421 extre-

1924 1453 2073 1492 mum
2114 1440 2241 1495 boni
2281 1445 2616 1500 desiderium
2660 1464 2842 1503 sermo
2876 1454 3271 1520 prescriberet,
3304 1456 3492 1513 beatos

1917 1526 2129 1596 judicat
2149 1546 2266 1598 eos,
2287 1535 2379 1602 qui
2403 1535 2620 1592 duobus
2653 1537 2738 1593 bis
2765 1539 3072 1600 affectibus.
3097 1542 3238 1598 fame
3266 1547 3486 1607 pariter.

1920 1629 1973 1676 et
2004 1625 2094 1678 siti
2131 1625 2194 1678 ad
2219 1627 2491 1694 justitiam
2526 1635 2834 1689 moventur,
2876 1628 3032 1696 quasi
3075 1627 3208 1680 satis
3239 1626 3493 1678 idonettm

1919 1713 1990 1766 sit
2021 1714 2068 1766 id
2102 1716 2245 1782 quod
2281 1716 2646 1778 desideratur,
2679 1726 2737 1770 ut
2782 1733 2838 1771 se
2869 1720 3086 1784 utrique
3113 1715 3373 1786 appetitui
3411 1715 3496 1768 in-

239 1789 417 1880 v'cfm
451 1783 848 1880 ἦθθοωῖηοάθιν
899 1795 1062 1856 alque
1099 1792 1358 1847 esurienti
1387 1794 1605 1863 quidem
1647 1798 2038 1859 nutrimentum
2071 1809 2329 1872 solidum,
2361 1825 2483 1864 cum
2519 1810 2612 1864 siti
2660 1825 2788 1864 vero
2854 1810 3083 1880 gratiam
3280 1823 3339 1861 se.
3415 1815 3496 1860 at-

241 1870 478 1926 trahenti
509 1877 748 1942 potabile
789 1882 1039 1936 exsistat.

309 1966 597 2062 ριακάρίοι
618 1976 670 2025 ol
694 1973 1011 2043 πεινῶντες
1036 1979 1133 2032 καὶ
1151 1980 1443 2051 διψῶντες
1466 1985 1578 2053 τὴν
1597 1986 1814 2041 δικαιο-

1988 1991 2140 2044 Beati
2179 1993 2269 2062 qui
2311 1994 2551 2046 esuriant
2591 2001 2640 2046 et
2678 1992 2866 2045 sitiunt
2899 1990 3209 2058 justitiam,
3241 1990 3492 2055 quoniam

240 2058 462 2126 σύνην,
493 2058 581 2112 ὅτι
608 2063 776 2117 αὐτοὶ
809 2071 1344 2136 χορτασθήσονται.
1373 2069 1498 2147 Ἆρ’
1521 2073 1615 2131 οὖν
1636 2079 1695 2132 τὸ
1717 2081 1815 2150 μὲν

241 2151 378 2221 πρὸς
419 2153 516 2223 τὴν
547 2153 891 2228 δικαιοσύνην
929 2162 1228 2230 ὁρεκτικῶς
1265 2166 1407 2236 ἔχειν
1459 2172 1812 2242 μακαριστὸν,

239 2244 288 2296 εί
320 2243 377 2296 δέ
404 2261 488 2307 τις
514 2246 650 2316 πρὸς
672 2248 769 2318 τὴν
800 2254 1170 2325 σωφροσύνην,
1202 2256 1234 2326 ἢ
1259 2259 1358 2328 τὴν
1401 2261 1590 2328 σοφίαν
1609 2305 1622 2326 ,
1653 2263 1684 2333 ἢ
1718 2263 1814 2334 τὴν

241 2336 522 2407 φρόνησιν,
554 2339 584 2408 ἢ
619 2340 673 2391 εί
694 2358 745 2392 τι
766 2341 891 2395 ἄλλο
918 2345 1018 2414 τῆς
1049 2349 1248 2417 ἀρετῆς
1275 2347 1409 2414 εἶδός
1432 2354 1814 2424 ὲστιν,ὁμοίως

239 2426 378 2497 ἔχει,
413 2427 602 2483 τοῦτον
638 2433 697 2484 οὐ
747 2434 1038 2506 μακαρίζει
1067 2439 1096 2489 ὁ
1125 2440 1325 2508 Λόγος;
1373 2442 1530 2496 Ἀλλὰ
1576 2444 1813 2499 τοιοῦτόν

235 2536 360 2572 τινα
386 2519 525 2591 τάχα
557 2521 679 2576 νοῦν
702 2525 762 2577 τὸ
795 2525 1084 2596 λεγόμενον
1115 2529 1226 2600 ἔχει
1245 2545 1258 2558 ·
1281 2533 1376 2584 Ἓν
1401 2533 1508 2586 τῶν
1543 2537 1662 2588 κατ’
1689 2537 1815 2607 ἀρε-

236 2609 336 2680 τὴν
372 2611 694 2681 νοουμένων,
723 2617 756 2682 ἠ
782 2616 1094 2689 δικαιοσύνη
1127 2621 1292 2676 ἐστίν.
1322 2623 1572 2694 Συνήθως
1597 2626 1652 2679 δὲ
1687 2628 1815 2680 πολ-

235 2698 394 2759 λάκις
441 2701 475 2768 ἠ
524 2700 641 2753 θεία
680 2703 870 2776 Γραφὴ
918 2705 1004 2760 διὰ
1046 2710 1143 2778 τῆς
1173 2709 1263 2762 τοῦ
1312 2713 1510 2783 μέρους
1559 2716 1808 2786 μνήμης,

244 2791 638 2862 περιλαμϐάνει
682 2794 742 2846 τὸ
774 2796 924 2850 ὃλον⁶
963 2798 1035 2861 ὡς
1081 2801 1210 2853 ὅταν
1254 2801 1350 2872 τὴν
1382 2802 1531 2857 θείαν
1560 2805 1717 2873 φύσιν
1747 2789 1811 2860 δι’

235 2881 515 2950 ὀνομάτων
546 2883 704 2936 τινῶν
743 2886 1038 2959 ἑρμηνεύῃ.
1073 2888 1234 2956 Λέγει
1258 2892 1384 2961 γὰρ,
1420 2893 1559 2961 Ἐγὼ
1581 2895 1810 2960 Κύριος,

233 2972 311 3036 ὡς
332 2975 396 3026 ὲκ
410 2973 699 3044 προσώπου
715 2975 808 3028 τοῦ
825 2977 956 3029 Θεοῦ
973 2981 1004 3049 ἡ
1033 2981 1349 3049 προφητείαο
1373 2981 1548 3036 τοῦτό
1561 3001 1660 3051 μοι
1678 2983 1811 3038 δνο-

232 3085 315 3134 [la
333 3066 577 3120 αἰώνιον
596 3083 609 3095 ·
641 3069 738 3122 καὶ
764 3072 1162 3138 μνημόσυνον
1191 3071 1410 3140 γενεῶν
1429 3074 1676 3141 γενεαῖς.
1706 3077 1814 3129 Kal

237 3158 400 3211 πάλιν
424 3158 650 3228 ἑτέρωθί
682 3177 845 3228 φησιν
863 3177 876 3190 ο
908 3160 1054 3230 Ἐγώ
1075 3164 1190 3230 εἰμι
1213 3166 1244 3216 ό
1270 3162 1372 3215 ὧν.
1397 3165 1507 3216 Kal
1541 3166 1598 3216 ὲν
1619 3165 1808 3234 ἑτέρῳ

233 3251 316 3302 ὅτι
359 3251 663 3318 Ἐλεήμων
693 3253 833 3320 εἰμί.
859 3251 964 3304 Καὶ
996 3255 1207 3323 μυρίοις
1249 3253 1428 3318 ἄλλοις
1451 3255 1674 3325 ὀνόμασι
1703 3260 1813 3320 τοῖς

235 3342 295 3395 τὸ
343 3342 546 3413 ὑψηλόν
583 3360 642 3396 τε
677 3345 772 3396 καὶ
817 3344 1120 3414 θεοπρεπὲς
1156 3345 1603 3415 διασημαίνουσιν
1625 3388 1639 3411 ,
1674 3342 1813 3399 οἶδεν

236 3432 524 3502 ὀνομάζειν
553 3435 714 3487 αὑτὸν
741 3436 774 3505 ἡ
807 3435 936 3502 ἁγία
964 3435 1171 3505 Γραφὴ,
1199 3435 1338 3488 ὥστε
1369 3436 1456 3488 διὰ
1487 3437 1687 3489 τούτων
1719 3455 1813 3508 μαο

238 3523 351 3577 θεῖν
382 3525 644 3595 ἀκριϐῶς,
681 3527 763 3578 ὅτι
788 3526 916 3578 ὅταν
941 3525 1000 3578 ἓν
1029 3543 1080 3578 τι
1112 3526 1261 3596 εἴπῃ,
1295 3527 1403 3589 πᾶς
1431 3530 1458 3578 ὁ
1485 3527 1591 3580 τῶν
1627 3527 1816 3597 ὀνομά-

237 3632 344 3669 των
370 3616 668 3684 κατάλογος
700 3617 838 3670 κατὰ
867 3617 927 3669 τὸ
953 3617 1302 3686 σιωπώμενον
1331 3618 1409 3688 τῷ
1431 3619 1510 3670 ἑνὶ
1538 3635 1816 3688 συνεκφω-

237 3706 429 3757 νεῖται.
473 3706 547 3757 Ού
598 3705 706 3774 γᾴρ
760 3706 1054 3774 ἐνδέχεται,
1092 3707 1187 3759 tam
1229 3706 1432 3771 Κύριος
1465 3707 1708 3776 λέγηται,
1739 3708 1812 3778 μὴ

237 3796 329 3849 καὶ
351 3797 418 3849 τὰ
440 3796 575 3850 ἄλλα
600 3793 739 3849 εἷναι
769 3811 781 3824 ·
809 3797 947 3851 ἀλλά
977 3797 1153 3851 πάντα
1184 3798 1250 3851 δι’
1277 3798 1393 3861 ἑνὸς
1418 3799 1679 3870 ὀνόματος
1699 3786 1814 3854 tivo-

239 3889 492 3958 μάζεται.
532 3888 632 3941 Διὰ
676 3889 878 3942 τούτων
904 3886 996 3942 οὖν
1022 3889 1440 3960 μεμαθήκαμεν,
1472 3891 1550 3944 ὅτι
1594 3891 1682 3945 διὰ
1715 3891 1813 3960 μέ-

237 3995 364 4048 ρους
400 3978 545 4041 τινὸς
575 3978 744 4030 πολλά
778 3978 1206 4048 περιλαμϐάνειν
1231 3975 1370 4032 οἶδεν
1399 3983 1426 4033 ὁ
1456 3979 1814 4038 θεόπνευστος

235 4069 426 4136 Λόγος.
485 4069 691 4123 Οὐκοῦν
736 4072 830 4123 καὶ
869 4069 1102 4124 ἐνταῦθα
1153 4071 1250 4141 τὴν
1305 4073 1647 4143 δικαιοσύνην
1701 4074 1814 4136 τοῖς

239 4161 592 4232 μακαριστῶς
618 4161 838 4216 πεινῶσι
882 4162 1199 4235 προκεῖσθαι
1229 4166 1256 4216 ὁ
1284 4165 1453 4232 Λόγος
1486 4164 1683 4229 εἰπὼν,
1707 4167 1812 4219 πᾶν

235 4248 376 4316 εἶδος
407 4253 628 4324 ἀρετῆς,
680 4253 767 4306 διὰ
821 4253 1023 4324 ταύτης
1056 4253 1448 4324 ἀποσημαίνει,
1485 4255 1560 4318 ὡς
1617 4257 1812 4323 ἐπίσης

237 4347 568 4418 μακαριστὸν
607 4343 745 4398 εἶναι
776 4346 866 4398 τὸν
893 4347 984 4399 καὶ
1005 4346 1284 4417 φρόνησιν,
1305 4347 1398 4399 καὶ
1423 4348 1693 4418 ἀνδρείαν,
1719 4351 1813 4402 καὶ

237 4440 592 4509 σωφροσύνην
623 4437 912 4503 πεινῶντα,
943 4440 1037 4492 καὶ
1064 4439 1194 4492 εἴτι
1237 4440 1422 4510 ’ἕτερον
1456 4440 1512 4492 ὲν
1549 4441 1627 4510 τῷ
1665 4441 1812 4512 αύτῷ

233 4530 331 4600 τῆς
389 4529 588 4599 ἀρετῆς
639 4527 779 4596 λόγῳ
827 4527 1321 4598 καταλαμϐάνεται.
1369 4525 1500 4579 Οὐδὲ
1540 4527 1646 4596 γάρ
1697 4528 1813 4580 ἐστι

1917 2082 2020 2150 ipsi
2065 2083 2473 2136 saturabuutur.
2513 2081 2769 2151 Nunquid
2799 2096 2928 2148 ergo
2969 2080 3241 2149 justitiam
3271 2079 3491 2147 quidem

1915 2181 2169 2241 expetere
2216 2174 2432 2228 beatum
2471 2173 2825 2244 judicandum
2856 2179 2977 2237 est;
3012 2170 3105 2225 sed
3141 2171 3184 2225 si
3214 2171 3340 2239 quis
3366 2185 3493 2240 erga

1916 2264 2366 2332 temperantiam,
2395 2264 2786 2318 continentiam
2811 2304 2826 2329 ,
2857 2263 3206 2316 sobrietatem
3230 2303 3243 2324 ,
3277 2275 3369 2316 aut
3400 2279 3492 2318 sa-

1917 2353 2176 2422 pientiam
2202 2398 2216 2419 ,
2251 2364 2344 2409 aut
2380 2355 2756 2424 prudentiam,
2791 2361 2884 2407 aut
2919 2356 2963 2408 si
2996 2369 3102 2423 qua
3137 2355 3240 2406 alia
3277 2355 3494 2409 virtutis

1916 2445 2126 2513 species
2172 2454 2291 2509 est,
2346 2446 2600 2500 similiter
2649 2444 2876 2499 allectus
2909 2453 3022 2508 est,
3080 2445 3224 2498 hunc
3253 2443 3492 2499 Verbum

1916 2533 2134 2587 beatum
2169 2549 2279 2588 non
2327 2535 2574 2600 iudicat?
2603 2533 2802 2588 Verum
2857 2535 3017 2588 talem
3071 2533 3301 2589 forsitan
3347 2535 3492 2604 quod

1915 2623 2115 2677 dicitur
2143 2625 2467 2678 sententiam
2502 2624 2555 2676 in
2591 2638 2648 2677 se
2675 2624 2939 2678 continet:
2972 2623 3148 2676 Unum
3181 2639 3244 2678 ex
3280 2624 3346 2679 iis
3373 2639 3494 2692 qua:

1914 2727 2010 2782 per
2061 2713 2314 2767 virtutem
2360 2713 2754 2782 intelliguntur,
2797 2712 3011 2780 justitia
3056 2723 3175 2788 ρει..
3204 2712 3312 2766 Pro
3353 2729 3490 2767 eon-

1915 2802 2204 2860 suetudine
2233 2814 2412 2856 autem
2447 2801 2500 2855 id
2547 2817 2689 2870 saepe
2731 2801 2914 2855 divina
2959 2803 3242 2871 Scriptura
3287 2803 3490 2865 habet.

1914 2903 1974 2948 ut
2005 2894 2145 2948 facta
2181 2895 2456 2948 mentione
2485 2894 2654 2963 partis
2675 2932 2690 2956 ,
2724 2900 2895 2946 totum
2923 2893 3387 2962 comprehendat,
3433 2901 3493 2946 ut

1915 2999 2036 3040 cum
2069 2986 2308 3040 divinam
2344 2993 2596 3038 naturam
2627 2999 2724 3052 per
2751 2984 2930 3052 aliqua
2967 2985 3188 3036 nomina
3217 2983 3488 3052 designat.

1918 3075 2057 3130 Dicit
2086 3077 2232 3130 enim
2268 3083 2528 3144 tanquam
2563 3089 2628 3128 ex
2658 3088 2890 3143 persona
2921 3073 3012 3128 Dei
3042 3075 3305 3143 pmplteta
3333 3093 3346 3127 :
3377 3073 3491 3144 Ego

1916 3167 2174 3220 Dominus
2199 3205 2213 3230 ,
2261 3166 2357 3219 hoc
2387 3166 2513 3218 mihi
2546 3182 2730 3218 nomen
2761 3175 3053 3218 (etet-nunt:
3085 3177 3135 3218 et
3184 3166 3492 3220 memoriafe

1913 3258 2313 3327 generationum
2349 3257 2778 3325 generationibus
2809 3257 2886 3319 ¹⁹;
2935 3263 2989 3310 et
3037 3271 3232 3310 rursus
3283 3257 3338 3310 in
3385 3257 3494 3310 alio

1916 3349 2038 3402 loco
2067 3349 2142 3400 ait
2171 3367 2182 3400 :
2231 3346 2342 3416 Ego
2373 3363 2488 3400 sum
2533 3348 2623 3414 qui
2667 3363 2783 3400 sum
2817 3346 2863 3376 "
2892 3365 2904 3400 :
2937 3355 2990 3401 et
3023 3347 3076 3400 in
3107 3346 3251 3402 alio:
3284 3345 3494 3400 Miseri-

1914 3451 2032 3491 cors
2068 3452 2183 3490 sum
2219 3437 2262 3467 ’ί
2291 3453 2306 3489 :
2339 3444 2392 3489 ct
2428 3436 2706 3492 sexcentis
2737 3436 2860 3490 aliis
2908 3436 3226 3491 nominibus
3260 3435 3311 3490 id
3345 3435 3489 3505 quod

1916 3533 1970 3579 et
2013 3525 2184 3578 altum
2236 3531 2290 3578 et
2341 3533 2633 3592 augustum
2689 3533 2772 3577 est
2822 3523 3298 3592 significantibus,
3354 3524 3493 3578 solet

1916 3615 2085 3671 Deum
2118 3622 2304 3670 sancta
2334 3613 2620 3685 Scriptura
2651 3615 2965 3680 nominare,
3001 3625 3057 3669 ut
3086 3631 3181 3684 per
3206 3617 3319 3669 haec
3343 3626 3490 3671 certo

1917 3707 2190 3767 sciamus,
2222 3705 2366 3775 quod
2405 3720 2531 3759 cum
2563 3719 2732 3758 unum
2767 3704 2988 3774 aliquod
3030 3704 3192 3768 edat,
3237 3713 3348 3758 tota
3391 3721 3491 3758 no-

1915 3800 2124 3852 minum
2151 3798 2437 3867 congeries
2464 3797 2626 3851 tacite
2651 3811 2776 3850 cum
2804 3813 2914 3850 uno
2942 3798 3104 3852 simul
3130 3797 3486 3865 exprimatur.

1914 3891 2030 3947 Non
2056 3892 2198 3946 enim
2235 3891 2577 3957 conceditur,
2614 3907 2716 3946 nec
2749 3890 3030 3961 probabile
3059 3897 3174 3954 cst,
3213 3889 3259 3942 si
3310 3889 3490 3942 Domi-

1916 4001 2020 4040 nus
2045 3985 2280 4048 dicatur,
2307 4000 2430 4038 eum
2457 4024 2472 4048 ,
2506 3999 2614 4038 non
2645 3983 2810 4038 etiam
2845 3983 3048 4051 reliqua
3076 3996 3198 4036 esse
3217 4022 3230 4046 ,
3260 3981 3352 4035 sed
3380 3995 3490 4033 om-

1915 4077 2004 4130 nia
2039 4091 2136 4144 per
2167 4091 2334 4128 unum
2371 4089 2570 4129 nomen
2602 4074 3002 4143 exprimuntur.
3038 4071 3140 4126 Per
3177 4071 3290 4124 hate
3325 4071 3491 4140 igitur

1915 4169 2242 4232 didicimus,
2275 4167 2420 4237 quod
2457 4182 2551 4236 per
2584 4173 2790 4235 partem
2845 4165 3081 4233 aliquam
3134 4148 3304 4216 inulta
3341 4176 3490 4216 com-

1915 4262 2075 4331 plecti
2110 4261 2277 4316 soleat
2315 4259 2575 4313 divinitus
2609 4257 2820 4326 prodita
2853 4256 3158 4325 Scriptura.
3197 4253 3338 4323 Ergo
3365 4269 3488 4306 cum

1914 4352 2076 4405 etiam
2109 4351 2200 4404 hic
2235 4349 2470 4404 Verbum
2500 4349 2761 4413 dixisset,
2795 4348 3064 4416 justitiam
3092 4346 3189 4410 iis,
3217 4345 3308 4414 qui
3335 4346 3490 4400 beate

1915 4444 2192 4506 esuriant,
2229 4442 2564 4512 propositam
2597 4456 2746 4502 osse,
2787 4456 2882 4508 per
2917 4440 3057 4492 hanc
3081 4478 3094 4500 ,
3127 4453 3343 4492 omnem
3378 4438 3490 4491 vir-

1915 4536 2048 4590 tutis
2077 4533 2314 4604 speciem
2343 4533 2626 4602 designat,
2660 4540 2719 4585 ut
2749 4548 2812 4584 ex
2842 4547 2998 4600 :equo
3029 4531 3223 4584 beatus
3259 4531 3364 4593 sit,
3396 4529 3488 4599 qui

233 4621 458 4674 δυνατὸν
485 4620 547 4673 ’ἐν
592 4637 644 4672 τι
683 4621 782 4688 τῆς
812 4619 1011 4689 ἀρετῆς
1052 4614 1188 4681 εἶδος
1214 4617 1321 4670 τῶν
1368 4617 1568 4669 λοιπῶν
1600 4616 1804 4678 διεζευ-

1917 4637 1965 4681 et
1999 4626 2380 4696 prudentiam,
2433 4634 2485 4678 et
2535 4622 2948 4684 fortitudinem,
2996 4629 3049 4674 et
3101 4620 3487 4684 sobrietatem,

235 4715 456 4784 γμένον,
487 4713 617 4766 αὐτὸ
668 4711 788 4764 καθ’
825 4708 986 4763 ἑαυτὸ
1037 4709 1244 4762 τελείαν
1280 4709 1378 4779 τὴν
1421 4709 1621 4780 ἀρετὴν
1649 4703 1808 4763 εἶναι.

233 4801 306 4876 ⁷ῼ
334 4805 443 4876 γὰρ
476 4805 541 4859 ἂν
577 4804 651 4874 μὴ
705 4800 1071 4872 συνθεωρῆταί
1092 4819 1141 4854 τι
1175 4801 1283 4853 τῶν
1311 4803 1451 4854 κατά
1503 4800 1564 4853 τὸ
1608 4801 1812 4869 ἀγαθὸν

235 4895 558 4965 νοουμένων,
590 4894 803 4963 ἀνάγκη
849 4895 999 4946 πᾶσα
1047 4893 1108 4945 τὸ
1138 4892 1698 4961 ἁντιόιαστελλόμενον
1727 4895 1812 4946 ἐπ’

234 4985 400 5039 αὑτοῦ
446 4985 630 5057 χώραν
679 4985 824 5055 ἔχειν
856 5000 868 5012 ·
900 4983 1268 5054 ἀντιδιέστηκε
1302 4983 1357 5036 δὲ
1387 4987 1453 5055 τῇ
1490 4984 1810 5055 σωφροσύνῃ

237 5076 338 5146 μὲν
365 5076 427 5128 τὸ
476 5076 772 5129 ἀκόλαστον
800 5092 814 5107 ·
843 5079 906 5146 τῇ
949 5077 1206 5144 φρονήσει
1234 5075 1288 5128 δὲ
1333 5079 1365 5144 ἡ
1394 5077 1692 5147 ἀφροσύνη,
1720 5079 1813 5130 καὶ

233 5168 452 5238 ἑκάστῳ
484 5169 592 5222 τῶν
636 5170 768 5238 πρὸς
813 5169 872 5221 τὸ
905 5172 1146 5238 κρεῖττον
1179 5168 1597 5239 ὑπειλημμένων
1629 5169 1740 5221 ἐστί
1765 5187 1814 5221 τι

236 5260 454 5323 πάντως
488 5260 549 5312 τὸ
578 5263 642 5314 ἐκ
693 5259 786 5312 τοῦ
833 5260 1074 5312 ἐναντίου
1127 5259 1432 5329 νοούμενον.
1483 5261 1544 5312 Εἰ
1597 5256 1690 5312 οὖν
1738 5259 1814 5330 μὴ

236 5353 414 5406 πάντα
441 5357 506 5422 τῇ
548 5351 863 5424 δικαιοσύνῃ
907 5352 1256 5422 συνθεωροῖτο
1277 5392 1290 5414 ,
1322 5352 1602 5422 ἀμήχανον
1631 5351 1695 5404 ἂν
1729 5355 1812 5423 εἰη

235 5444 295 5498 τὸ
345 5444 667 5514 λειπόμενον
702 5445 906 5513 ἀγαθὸν
956 5440 1113 5498 εἶναι.
1167 5445 1278 5496 Ούκ
1306 5442 1369 5496 ἂν
1412 5444 1518 5512 γάρ
1547 5461 1628 5507 τις
1668 5445 1808 5498 εἴποι

234 5536 443 5605 ἄφρονα
480 5538 848 5609 δικαιοσύνην,
878 5538 909 5608 ἦ
942 5538 1219 5603 θρασεῖαν,
1251 5536 1282 5606 ἢ
1313 5535 1624 5600 ἀκόλαστον,
1658 5535 1690 5607 ἢ
1716 5535 1807 5589 ἅλ-

310 5722 354 5755 “
392 5722 493 5777 lsa.
525 5739 666 5789 sui,
710 5723 760 5777 8.
842 5718 1090 5780 "'Exod.
1124 5739 1219 5790 ιιι,
1259 5727 1298 5778 ί.

1922 4715 2355 4778 continentiam,
2391 4713 2791 4783 frugalitatem.
2825 4722 2876 4765 et
2926 4712 2970 4765 si
3023 4711 3153 4780 quid
3206 4709 3350 4764 aliud
3395 4725 3493 4781 per

1915 4811 2162 4863 eamdem
2213 4807 2432 4860 virtutis
2473 4805 2842 4859 definitionem
2901 4803 3199 4872 percipitur
3243 4811 3296 4856 et
3344 4817 3494 4857 eom-

1915 4898 2296 4970 prebenditur,
2331 4898 2560 4952 esuriat.
2600 4895 2786 4964 Neque
2824 4895 2967 4948 enim
3010 4893 3124 4946 fieri
3172 4901 3390 4962 potest,
3435 4901 3496 4946 ut

1918 5007 2022 5046 una
2050 4991 2229 5060 aliqua
2255 4989 2476 5042 virtutis
2503 4987 2713 5056 species
2739 5002 2766 5038 a
2793 4985 3018 5054 reliquis
3044 4984 3350 5053 disjuncta,
3377 4985 3491 5052 ipsa

1915 5098 2012 5151 per
2037 5097 2094 5137 se
2124 5082 2299 5135 virtus
2337 5078 2578 5149 perfecta
2614 5078 2702 5132 sit.
2736 5075 2871 5129 Nam
2905 5090 3027 5129 cum
3055 5091 3164 5144 quo
3191 5091 3298 5128 non
3331 5075 3492 5128 simul

1915 5172 2118 5243 aliquid
2151 5171 2534 5226 consideratur
2560 5185 2748 5224 eorum
2773 5211 2787 5232 ,
2821 5185 2941 5237 quze
2975 5183 3070 5237 per
3101 5167 3305 5219 bonum
3333 5165 3493 5218 intel-

1915 5265 2176 5334 liguntur,
2209 5263 2432 5316 omnino
2464 5277 2687 5316 necesse
2716 5267 2836 5322 est,
2875 5267 2933 5311 ut
2961 5257 3302 5311 contrarium
3337 5257 3390 5309 in
3425 5269 3490 5308 eo

1915 5356 2097 5410 locum
2144 5354 2343 5408 habeat
2373 5373 2384 5408 :
2422 5353 2718 5424 Opponitur
2767 5359 2946 5402 autetn
2982 5348 3336 5401 continentiae
3365 5345 3486 5414 qui-

1914 5449 2036 5503 dem
2064 5456 2116 5503 et
2145 5448 2439 5520 frugalitati
2469 5445 2678 5499 luxuria
2711 5451 2873 5510 atque
2905 5440 3297 5494 incontinentia
3324 5454 3339 5501 ;
3369 5451 3486 5506 pru-

1915 5539 2109 5595 dentia:
2158 5554 2283 5596 vero
2332 5537 2593 5601 stultitia,
2647 5542 2701 5590 et
2753 5532 3021 5602 cujusque
3054 5543 3243 5585 eorum
3278 5542 3396 5599 qua:
3431 5525 3487 5584 in

1379 5728 1415 5756 “
1465 5723 1631 5778 Exod.
1669 5741 1776 5779 χχιι
1802 5765 1817 5793 ,
1852 5725 1937 5778 ‘27.
