3996 6196
639 288 779 339 ius
1831 292 1889 347 S.
1931 293 2258 350 GRECORII
2299 293 2589 350 NYSSENI
3674 314 3773 372 litt

635 401 914 453 naetiorem
951 405 1156 469 partem
1191 403 1558 473 accipiuntur,
1590 423 1820 477 prorsus
1844 421 1929 467 est
1963 415 2200 485 aliquid,

2193 457 2200 481 ,
2232 425 2277 480 Α
2304 415 2363 467 λο
2387 433 2438 468 τι
2470 414 2575 468 τῶν
2601 416 2659 468 ἐν
2687 415 2854 488 κακίᾳ
2905 417 3305 491 θεωρουμένων.
3336 425 3394 477 Εἰ
3426 425 3476 479 δὲ
3518 431 3681 495 παντὸς
3706 437 3771 489 τοῦ

633 489 780 554 quod
809 504 874 542 ex
904 492 1184 545 contrario
1213 492 1569 564 intelligatur.
1603 497 1658 552 Si
1690 500 1855 570 igitur
1883 518 1990 558 non
2017 507 2202 558 omnia

2193 522 2202 558 ι
2310 507 2548 576 χείρονός
2574 507 2778 576 ἀμιγὴς
2807 511 2835 560 ὁ
2867 508 2964 579 τῆς
2991 489 3325 583 δικαιοσύνης
3347 515 3489 584 λόγος
3513 489 3771 585 ὲΨΕῙὴὲπαν

632 591 757 629 cum
795 578 1010 646 justitia
1053 584 1554 652 considerarentur,
1602 588 1718 643 ﬁeri
1766 607 1873 646 non
1913 606 2096 663 posset
2143 606 2202 649 ut

2192 606 2202 649 ι
2308 599 2366 650 ἐν
2389 597 2566 668 ἐαυτῷ
2596 598 2809 662 πάντως
2834 599 2895 652 τὸ
2924 578 3139 668 Ϋάγαθὸν
3181 578 3532 676 περιείληξοεῗνο
3556 578 3770 679 ἀγαθδνδὲ

632 666 777 733 quod
825 669 1256 739 relinqueretur,
1295 675 1495 728 bonum
1551 687 1730 745 esset;
1767 696 1874 735 non
1911 683 2054 736 enim
2097 685 2201 739 ali-

2193 714 2201 726 ι
2308 691 2415 742 πᾶν
2440 690 2499 741 τὸ
2533 666 2650 742 κατ’
2667 690 2867 759 ἀρετὴν
2891 691 3274 764 θεωρούμενον.
3293 697 3486 751 Οὐκοῦν
3505 703 3631 753 πᾶσα
3655 705 3771 775 ἀρετὴ

631 759 758 826 quis
799 760 1002 816 dixerit
1049 767 1270 818 stultam
1299 767 1567 836 justitiam
1587 809 1603 832 ,
1654 779 1747 824 aut
1778 773 2036 828 audacem
2059 816 2073 839 ,
2104 783 2200 829 aut

2191 784 2200 828 ι
2304 779 2382 848 τῷ
2408 780 2630 850 ὀνόματι
2665 781 2764 850 τῆς
2795 759 3139 854 δικαιοσύνης
3174 785 3396 839 ἐνταῦθα
3420 759 3769 859 διασημαίνέται,

632 846 1059 906 incontinentem
1114 866 1207 909 aut
1250 858 1397 910 aliud
1453 860 1750 929 quidquam
1800 880 2024 929 eorum,
2077 883 2199 937 qua

2192 886 2199 921 ξ
2399 846 2523 934 τοὺς
2548 846 2847 936 πεινῶντάς
2879 891 2938 926 τε
2964 876 3058 928 καὶ
3094 846 3358 941 ’διψῶντας
3397 846 3770 952 μακαρίζειόΛό-

628 953 727 1007 per
750 941 1094 998 vitiositatem
1116 946 1534 1004 considerantur
1553 961 1604 1005 et
1624 952 2017 1023 intelliguntur.
2042 955 2197 1021 Quod

2193 960 2197 1012 Ι
2302 979 2416 1030 γος,
2439 964 2536 1032 τὴν
2565 963 2881 1036 πλησμονὴν
2929 968 3112 1032 αὐτοῖς
3160 970 3264 1023 τῶν
3297 941 3771 1044 ἐπιθυμουμένωνὲπ-

630 1030 678 1082 si
710 1033 851 1085 ratio
882 1033 1105 1101 justitia:
1133 1037 1200 1090 ab
1231 1040 1518 1104 erunibus,
1553 1059 1889 1114 quaecunque
1939 1046 1992 1099 in
2043 1049 2194 1117 pejo-

1137 1037 1200 1090 ab
1231 1040 1518 1104 erunibus,
1553 1059 1889 1114 quaecunque
1939 1046 1992 1099 in
2043 1049 2194 1117 pejo-
2301 1030 2715 1124 ananépsvog.

628 1137 740 1176 rem
773 1134 979 1191 partem
1012 1130 1374 1198 accipiuntur,
1427 1148 1596 1187 vacua
1617 1175 1633 1198 ,
1682 1151 1817 1205 pura
1847 1147 2007 1207 atque
2047 1140 2255 1209 integra
2286 1153 2403 1209 est,
2435 1146 2750 1201 universum
2795 1147 2852 1201 in
2896 1163 2954 1202 se
2984 1145 3182 1224 bonum
3215 1153 3372 1220 plane
3429 1155 3670 1223 complexa
3687 1149 3768 1211 est:

627 1211 829 1266 bonum
884 1225 1062 1270 autem
1109 1232 1192 1272 est
1240 1222 1502 1290 quidquid
1559 1239 1655 1293 per
1705 1227 1957 1280 virtutem
2009 1229 2383 1286 consideratur
2431 1243 2486 1288 et
2530 1235 2866 1306 intelligitur.
2921 1221 3061 1307 Ergo
3099 1211 3276 1296 omnis
3310 1242 3474 1298 virtus
3510 1211 3586 1297 hic
3617 1247 3770 1299 nomine

626 1301 852 1370 iustitia:
907 1303 1269 1374 signiﬁcatur,
1329 1327 1489 1380 quam
1540 1316 1846 1370 esurientes
1900 1325 1954 1371 et
2010 1319 2259 1376 sitientes
2323 1321 2552 1379 Verbum
2611 1301 2799 1382 beatos
2846 1301 3089 1398 iudicat,
3141 1332 3436 1386 satietatem
3491 1348 3652 1387 eorum
3692 1351 3771 1404 qua

625 1401 974 1461 expetuntur,
1007 1400 1352 1466 promittens.

692 1481 845 1535 Beati
887 1487 1064 1552 enim,
1103 1489 1313 1557 inquit,
1352 1494 1637 1548 esurientes
1675 1506 1726 1550 et
1767 1499 2000 1553 sitientes
2025 1501 2190 1570 justi-

2364 1496 2648 1565 Μακάριοι
2670 1498 2800 1569 γὰρ,
2829 1502 3011 1571 φησὶν,
3039 1506 3092 1556 οι
3113 1505 3428 1572 πεινῶντες
3449 1511 3536 1562 καὶ
3555 1510 3770 1585 διψῶντες

623 1572 786 1638 tiam,
820 1577 1070 1643 quoniam
1103 1579 1204 1648 ipsi
1247 1583 1647 1640 saturabuntur.
1695 1587 1849 1652 Quod
1887 1602 2068 1644 autem
2105 1591 2188 1644 die

2299 1587 2413 1655 τὴν
2466 1589 2858 1658 δικαιοσύνην
2885 1633 2899 1656 ,
2955 1591 3044 1646 ὅτι
3097 1595 3269 1648 αὐτοὶ
3323 1572 3767 1668 χορτασθήσονταί

622 1665 764 1715 citur
783 1665 1049 1731 ejusmodi
1082 1672 1370 1737 quamdam
1398 1678 1723 1732 sententiam
1749 1682 2027 1736 continere
2051 1683 2194 1736 vide-

2189 1713 2194 1722 .
2299 1679 2372 1729 Τὸ
2405 1677 2461 1729 δὲ
2489 1679 2776 1748 λεγόμενον
2803 1681 3041 1735 τοιοῦτόν
3083 1685 3171 1753 μοί
3209 1703 3328 1738 τινα
3359 1687 3476 1740 νοῦν
3514 1690 3767 1760 ἐχεινδοχεί·

623 1760 713 1807 tur
744 1773 759 1809 :
791 1755 934 1810 Nihil
981 1775 1169 1814 earum
1223 1781 1401 1818 rerum
1451 1770 1652 1836 quibus
1693 1773 1983 1841 voluptatis
2016 1776 2191 1844 gratia

2225 1765 2268 1822 Β
2295 1768 2460 1820 Οὐδὲν
2502 1768 2610 1821 τῶν
2660 1770 2778 1822 καθ’
2805 1771 2994 1840 ἡδονὴν
3033 1774 3091 1825 ἐν
3137 1774 3218 1844 τῷ
3267 1775 3365 1847 βίῳ
3413 1755 3770 1853 σπουδαζομένων

621 1847 868 1900 studetur
894 1850 947 1902 in
981 1851 1080 1904 hoc
1112 1855 1344 1919 saeculo,
1402 1872 1620 1926 Operam
1653 1859 1913 1917 dantibus
1965 1867 2189 1920 satieta-

2291 1858 2559 1928 πλήσμιον
2603 1860 2811 1926 γίνεται
2854 1865 2966 1923 τοῖς
3011 1865 3435 1933 σπουδάζουσιν,
3465 1870 3603 1932 ἀλλὰ,
3647 1876 3771 1940 καθώς

619 1945 725 1989 tem
768 1937 964 2006 affert,
1015 1941 1148 2004 sed,
1203 1954 1260 1996 ut
1307 1946 1506 2001 alicubi
1556 1965 1650 2019 per
1695 1953 1982 2021 amigmata
2028 1963 2190 2023 atque

2289 1947 2421 2014 φησί
2455 1963 2552 1999 που
2584 1947 2648 1999 δι’
2675 1948 2991 2017 αἰνίγματος
3018 1953 3050 2020 ἡ
3079 1952 3272 2020 Σοφίαο
3300 1957 3472 2022 Πίθος
3501 1937 3772 2030 τετρημένοξ

617 2026 898 2082 involucra
931 2031 1218 2085 verborum
1244 2035 1516 2102 Sapientia
1547 2040 1715 2104 dicit,
1770 2041 1982 2095 Delium
2014 2046 2190 2113 perfo-

2287 2037 2458 2088 ἑστὶν
2484 2038 2522 2104 ἠ
2541 2039 2675 2104 περὶ
2703 2040 2810 2105 τὰς
2839 2039 3063 2106 ἡδονὰς
3092 2043 3384 2112 ἀσχολίαο
3401 2041 3443 2116 ᾧ
3464 2026 3658 2103 πάντοτε
3680 2026 3773 2106 acati

614 2125 791 2168 ratum
825 2128 903 2170 est
945 2124 1218 2188 occupatio
1246 2125 1389 2177 circa
1450 2126 1767 2194 voluptates,
1819 2147 1927 2200 quo
1976 2149 2189 2204 semper

2289 2128 2525 2198 σπουδὴν
2563 2129 2949 2196 ὲπαντλοῦντες
2973 2171 2988 2197 ,
3022 2135 3348 2205 ἀπλήρωτόν
3379 2156 3492 2191 τινα
3523 2141 3605 2193 καὶ
3637 2144 3773 2211 ἀνήνυι

613 2205 805 2260 sedulo
829 2208 910 2260 inf
913 2210 1200 2276 undentes,
1224 2213 1439 2267 irritum
1466 2225 1518 2270 et
1541 2218 1973 2288 inexplicabilem
1996 2240 2187 2293 quem-

2287 2235 2377 2271 τον
2398 2218 2796 2274 ἐπίδεικνυνται
2823 2223 2988 2276 κόπον
3008 2227 3056 2277 οἱ
3087 2228 3222 2296 περὶ
3251 2228 3418 2281 ταῦτα
3449 2233 3771 2297 σπουδάζοντες,

612 2294 737 2348 dam
766 2295 1143 2368 infinitumque
1174 2301 1412 2354 laborem
1444 2311 1758 2369 ostentant,
1787 2307 1878 2376 qui
1909 2308 1992 2363 bis
2021 2310 2185 2364 rebus

2287 2309 2566 2378 ἐγχέοντες
2601 2313 2697 2381 μὲν
2726 2313 2811 2365 ἀεί
2835 2331 2887 2366 τι
2925 2315 3005 2384 τῷ
3036 2316 3184 2387 βυθῷ
3219 2320 3314 2388 τῆς
3344 2322 3623 2391 ἐπιθυμίας,
3646 2325 3774 2376 καὶτὸ

609 2385 870 2451 student,
902 2403 1119 2456 semper
1145 2391 1365 2459 quidem
1395 2394 1602 2462 aliquid
1631 2396 1684 2448 in
1715 2395 1943 2452 fundum
1973 2401 2185 2470 cupidi-

2286 2401 2423 2469 πρὸς
2460 2401 2650 2471 ἡδονὴν
2704 2404 3156 2474 ἐπεμϐάλλοντες,
3189 2411 3268 2472 είς
3316 2411 3469 2481 κόρον
3500 2413 3547 2464 δὲ
3581 2416 3658 2483 τὴν
3693 2416 3771 2465 ἐπι-

610 2478 738 2531 tatis
767 2477 1112 2535 infundentes
1131 2521 1146 2543 ,
1181 2496 1242 2535 ac
1272 2483 1536 2552 quidquid
1565 2486 1631 2538 ad
1658 2490 1986 2557 voluptatem
2016 2491 2145 2545 facit
2165 2532 2180 2557 ,

2285 2488 2481 2560 θυμίαν
2513 2492 2611 2543 ούκ
2639 2492 2878 2560 ἄγοντες.
2898 2495 2991 2558 Τίς
3020 2497 3161 2564 ἕγνω
3190 2500 3288 2568 τῆς
3319 2501 3646 2572 φιλαργυρίας
3663 2506 3763 2572 ὅῳν,

607 2568 1105 2638 superinjicientes,
1128 2574 1191 2625 ad
1215 2577 1516 2630 satietatem
1546 2593 1673 2632 vero
1697 2581 2046 2648 cupiditatem
2073 2600 2180 2638 non

2282 2582 2370 2634 διὰ
2396 2581 2487 2634 τοῦ
2521 2585 2907 2650 προσγενέσθαι
2954 2591 3064 2651 τοῖς
3108 2591 3496 2664 φιλαργυροῦσι
3518 2595 3570 2646 τὸ
3600 2595 3770 2646 σπουδα-

607 2658 958 2716 deducentes.
979 2661 1111 2727 Quis
1132 2665 1517 2721 animadvertit
1537 2670 1605 2723 ad
1627 2672 1869 2726 avaritia:
1890 2677 2180 2728 terminum

2285 2671 2668 2741 ζόμενον;Τίς
2717 2676 3022 2746 δοξομανῶν
3071 2679 3286 2751 ἔληξεν,
3333 2685 3388 2736 ἐν
3439 2686 3510 2756 τῷ
3554 2690 3697 2754 τυχεῖν
3722 2678 3770 2737 ὧν

609 2760 925 2819 perventum
957 2769 1079 2808 esse
1113 2771 1207 2824 per
1243 2757 1294 2810 id
1317 2798 1332 2822 ,
1370 2760 1515 2827 quod
1547 2765 1845 2816 accesserit
1895 2767 2075 2820 avaris
2127 2766 2181 2820 id

2282 2763 2610 2827 ἐσπούδαζεν
2632 2769 2690 2830 ;ό
2708 2767 2762 2819 δὲ
2789 2768 2888 2838 τὴν
2911 2769 3104 2841 ἡδονὴν
3130 2775 3407 2844 ἐκπλήσας
3435 2779 3489 2829 ὲν
3512 2779 3772 2847 ἀκροάμασιν

606 2842 751 2908 quod
782 2845 1098 2912 quarebant
1121 2847 1143 2899 ?
1169 2848 1292 2915 quis
1325 2848 1551 2904 honoris
1581 2852 1773 2906 insana
1804 2855 2057 2922 cupidine
2087 2871 2180 2910 ca-

2281 2850 2313 2919 ἦ
2345 2851 2683 2924 θεάμασιν,
2710 2858 2774 2925 τῇ
2827 2857 2954 2927 περὶ
3005 2862 3254 2931 γαστέρα
3303 2866 3396 2916 καὶ
3442 2867 3564 2934 μετὰ
3599 2867 3773 2934 γαστέρα

605 2939 766 2999 ptus,
814 2935 1127 2990 ambitionis
1170 2938 1329 2990 tinem
1381 2938 1538 3004 fecit,
1590 2951 1874 2997 assecutus
1919 2958 2010 3006 ea,
2061 2961 2181 3013 qua:

2284 2940 2453 3009 μανία
2483 2942 2574 2992 καὶ
2604 2941 2774 3014 λύσσῃ
2796 2959 2808 2972 '
2831 2944 2883 2994 τί
2916 2937 3073 3015 εὗρεν
3100 2949 3166 3000 ἐκ
3201 2951 3296 3020 τῆς
3331 2953 3649 3016 ἀπολαύσεως
3670 2954 3772 3021 αὐτῷ

604 3024 930 3090 expetebat?
952 3026 1066 3094 jam
1101 3043 1229 3081 vero
1259 3030 1354 3099 qui
1387 3032 1722 3100 voluptatem
1753 3035 1988 3103 explevit
2021 3051 2177 3091 acro-

2279 3029 2482 3099 ταύτης
2528 3033 2942 3102 περιγενόμενον
2968 3053 2982 3098 ;
3010 3038 3082 3089 Οὐ
3135 3041 3317 3110 πάσης
3349 3043 3529 3114 ἡδονῆς
3562 3041 3674 3107 εἶδος
3706 3043 3773 3110 τῆς

606 3115 880 3169 amatibus
907 3122 1303 3185 spectaculisve
1322 3164 1335 3186 ,
1364 3133 1459 3176 aut
1486 3125 1693 3180 insanis
1719 3134 1772 3180 et
1798 3128 2023 3185 furiosis
2048 3146 2176 3184 ven-

2205 3111 2245 3167 C
2279 3119 2366 3171 διὰ
2410 3120 2656 3190 σώματος
2701 3123 3153 3196 ἐκπληρουμένης
3191 3131 3327 3199 ὁμοῦ
3357 3132 3432 3202 τῷ
3480 3134 3771 3203 apostasiam

603 3206 704 3258 tris
733 3207 930 3262 studiis
952 3246 966 3270 ,
1000 3216 1092 3261 aut
1137 3210 1204 3262 iis
1247 3211 1409 3265 rebus
1448 3213 1755 3278 sectandis,
1786 3230 1905 3284 qua:
1931 3228 2176 3273 ventrem

2282 3211 2772 3279 παρίπταται,οὐδὲ
2802 3215 2935 3284 πρὸς
2955 3215 3014 3266 τὸ
3045 3215 3389 3288 βραχύτατον
3417 3224 3521 3286 τοῖς
3547 3223 3769 3292 ἁψαμένοις

605 3296 822 3364 plenum
853 3302 1112 3369 consequi
1143 3302 1320 3355 solent
1349 3321 1360 3355 τ
1400 3303 1527 3371 quid
1562 3304 1666 3357 sibi
1695 3320 1760 3358 ex
1785 3321 1882 3374 eo,
1912 3308 2056 3377 quod
2091 3309 2177 3364 bis

2279 3302 2449 3371 αὐτῆς
2474 3306 2924 3376 παραμενούσηςς
2959 3307 3130 3361 Τοῦτο
3157 3313 3338 3365 τοίνυν
3371 3315 3428 3366 τὸ
3459 3315 3771 3385 ὑψηλὸνδόγμα

601 3387 766 3442 rebus
801 3388 904 3442 frui
956 3399 1118 3459 atque
1149 3393 1308 3461 potiri
1341 3393 1523 3456 licuit.
1562 3410 1850 3465 superesse
1878 3399 2178 3469 deprehen-

2279 3391 2429 3462 παρὰ
2459 3393 2554 3445 τοῦ
2595 3394 2796 3465 Κυρίου
2829 3397 3198 3467 μανθάνομεν,
3229 3404 3310 3455 ὅτι
3347 3405 3473 3476 μόνη
3499 3408 3528 3477 ὴ
3558 3405 3657 3458 κατ’
3685 3406 3770 3474 ἁρε-

601 3478 724 3531 dit?
786 3479 983 3535 Annon
1046 3483 1223 3537 omnis
1274 3485 1563 3554 voluptatis
1602 3489 1844 3556 species,
1890 3506 2011 3559 qua:
2051 3506 2174 3545 coro

2276 3482 2373 3552 τὴν
2402 3485 2532 3553 ἡμῖν
2569 3485 2890 3558 ἐγγινομένη
2933 3491 3139 3562 σπουδὴ
3184 3495 3382 3562 πάγιόν
3417 3496 3466 3548 τί
3498 3500 3597 3548 ἐστι
3619 3498 3690 3548 καὶ
3716 3497 3772 3545 ἐν·

599 3585 732 3639 pore
769 3573 1086 3643 percipitur,
1117 3575 1280 3629 simul
1313 3585 1477 3647 atque
1510 3581 1997 3651 appropinquavit,
2031 3599 2172 3654 pra:-

2276 3575 2596 3628 υπόστατον.
2649 3577 2707 3628 Ὀ
2731 3578 2838 3648 γάρ
2872 3597 2921 3631 τι
2959 3581 3065 3633 τῶν
3100 3583 3326 3656 ὑψηλῶν
3351 3587 3679 3659 κατορθώσας,
3696 3579 3772 3637 οἷον

598 3666 863 3728 tervolat,
890 3681 957 3720 ne
984 3667 1368 3722 brevissimum
1399 3669 1616 3739 quidem
1650 3679 1865 3742 tempus
1892 3673 2031 3743 apud
2055 3690 2170 3738 eos,

2275 3666 2645 3737 σωφροσύνην,
2682 3668 2713 3738 ἦ
2762 3672 3112 3743 μετριότητα,
3143 3675 3173 3746 ἦ
3213 3678 3314 3748 τὴν
3341 3679 3469 3750 πρὸς
3491 3679 3545 3731 τὸ
3568 3679 3692 3733 Θείον
3713 3678 3772 3728 εὑο

599 3755 691 3824 qui
745 3756 892 3809 illam
936 3758 1215 3826 attigerint
1240 3797 1257 3823 ,
1310 3761 1586 3814 manens?
1618 3760 1770 3814 lianc
1809 3763 1971 3833 igitur
2003 3765 2172 3818 subli-

2275 3755 2507 3819 σέϐειαν,
2545 3756 2577 3826 ἦ
2622 3758 2748 3812 ἄλλο
2782 3778 2832 3813 τι
2858 3762 2966 3814 τῶν
3008 3763 3233 3834 ὑψηλῶν
3266 3785 3324 3819 τε
3359 3770 3448 3820 καὶ
3475 3764 3769 3837 εὐαγγελικῶν

599 3860 762 3910 mem,
795 3857 996 3902 certam
1030 3850 1384 3919 stabilemque
1415 3854 1740 3907 sententiam
1777 3869 1807 3907 a
1829 3854 2056 3909 Domino
2084 3857 2171 3910 di-

2270 3846 2629 3917 διδαγμάτων,
2655 3851 2716 3901 οὐ
2747 3852 3042 3925 παροδικὴν
3077 3858 3166 3926 ἐφ’
3196 3859 3410 3928 ἑκάστῳ
3441 3861 3539 3913 τῶν
3562 3858 3771 3929 κατορθω-

597 3937 837 4002 scimus,
870 3940 1016 4008 quod
1052 3942 1226 3993 solum
1263 3943 1482 3998 virtutis
1519 3945 1762 3998 studium
1799 3946 1852 4000 in
1884 3947 2042 4002 nobis
2071 3963 2167 4001 ex-

2272 3938 2457 4008 μάτων
2487 3940 2580 3992 καὶ
2607 3942 2834 3995 ἄστατον
2856 3943 2954 4014 τὴν
2978 3946 3324 4019 εύφροσύνην
3350 3951 3477 4022 ἔχει,
3495 3952 3593 4004 ἀλλ’
3613 3949 3767 4019 ἐνιδρυ-

609 4027 849 4089 sistens,
887 4029 1132 4094 stabilis,
1169 4030 1273 4084 lixa
1293 4071 1308 4094 ,
1347 4033 1500 4085 firma
1524 4073 1540 4096 ,
1575 4035 1994 4104 consistensque
2024 4051 2169 4105 quae-

2273 4032 2439 4100 μένην
2466 4033 2557 4083 κα)⁵
2596 4031 2950 4101 διαμένουσαν
2973 4078 2988 4100 ,
3014 4037 3108 4094 καὶ⁵
3142 4041 3308 4092 παντὶ
3342 4059 3402 4093 συ
3412 4038 3768 4112 μπαρατεινομέ-

597 4119 723 4174 dam
762 4135 848 4176 res
875 4120 967 4177 sit.
1000 4122 1133 4176 Nam
1163 4126 1257 4194 qui
1293 4125 1496 4194 aliquid
1527 4142 1592 4180 ex
1636 4128 1800 4182 rebus
1844 4130 2168 4184 sublimibus

2268 4139 2363 4191 νην
2384 4122 2460 4192 τῷ
2486 4125 2583 4192 τῆς
2613 4123 2756 4193 ζωῆς
2783 4126 3132 4197 διαστήματι.
3161 4131 3261 4182 Διὰ
3284 4133 3366 4197 τί;
3391 4132 3505 4186 Ὀτι
3529 4132 3669 4184 ταῦτα
3699 4129 3767 4198 μὲν

595 4221 881 4266 assecutus
911 4220 1026 4278 est,
1067 4215 1214 4268 verbi
1250 4218 1423 4285 gratia
1445 4257 1459 4282 ,
1490 4217 1884 4272 continentiam
1904 4259 1920 4283 ,
1961 4230 2167 4289 tempe-

2267 4211 2437 4277 ἔξεστι
2465 4213 2752 4278 διαπαντὸς
2782 4218 3019 4287 ἐνεργεῖν
3040 4261 3054 4283 ,
3083 4223 3180 4274 καὶ
3210 4224 3384 4287 οὐδείς
3423 4229 3528 4278 ἐστι
3559 4224 3708 4292 καιρὸς
3730 4221 3768 4270 ἐν

593 4304 829 4357 rantiam
851 4343 866 4367 ,
900 4306 1218 4360 modestiam
1247 4315 1338 4360 aut
1372 4309 1799 4364 moderationem
1821 4351 1838 4376 ,
1874 4320 1964 4364 aut
1993 4311 2166 4381 picta-

2266 4305 2428 4356 παντὶ
2457 4302 2532 4373 τῷ
2570 4305 2669 4375 τῆς
2719 4303 2862 4376 ζωῆς
2907 4307 3259 4380 διαστήματι,
3293 4315 3390 4384 τῆς
3432 4314 3616 4382 ἀγαθῆς
3653 4311 3766 4376 κόρον

591 4401 700 4447 tem
731 4409 858 4465 erga
897 4411 1096 4451 numen
1126 4399 1406 4462 divinum,
1451 4410 1543 4453 aut
1576 4403 1721 4455 illam
1752 4403 2062 4473 quampiam
2094 4421 2159 4457 ex

2195 4449 2237 4478 ῃ
2265 4395 2507 4465 ἐμποιῶν
2543 4397 2840 4466 ἐνεργείας.
2861 4399 2934 4451 Ἦ
2955 4420 3010 4456 τε
3025 4402 3133 4473 γὰρ
3159 4406 3475 4478 σωφροσύνη
3499 4406 3579 4458 καὶ
3601 4407 3626 4475 ἡ
3651 4400 3766 4455 καθα-

794 4449 824 4465 υ
1039 4449 1094 4451 -νί
1133 4449 1367 4452 νίη-ίτνη
1393 4449 1406 4462 ν
1452 4449 1542 4453 ““--
1576 4449 1721 4455 --·“··-
1755 4449 2062 4473 ‘I""'"r"‘"'
2095 4449 2159 4457 ν·-

589 4483 918 4541 sublimibus
969 4489 1176 4556 pariter
1224 4498 1278 4543 et
1321 4492 1649 4560 evangelicis
1696 4493 1996 4559 doctrinis,
2051 4510 2160 4548 non

2193 4449 2237 4502 D
2267 4449 2447 4558 ρότης,
2481 4488 2575 4540 καλ⁸
2605 4449 2690 4540 τδ,
2715 4449 2773 4541 ἐν
2801 4449 2963 4543 ἶπαντὶ
2988 4449 3179 4564 ἀγαθῷ
3219 4449 3705 4566 ἀῖετάπτιωτον.⁸καὶ
3724 4489 3764 4539 τὸ

589 4574 967 4629 transitoriam
1007 4586 1060 4630 et
1098 4581 1479 4647 temporariam
1511 4582 1581 4635 ob
1612 4585 2037 4654 unumquodque
2069 4600 2160 4639 co-

2262 4579 2398 4648 πρὸς
2432 4577 2491 4629 τὸ
2540 4579 2705 4631 κακὸν
2749 4579 3111 4652 ἀκοινώνητον
3154 4586 3244 4640 ἀεὶ
3279 4585 3693 4659 ἐνεργεῖται,ἒως
3719 4579 3763 4632 ἀν

587 4675 746 4726 rum,
781 4679 902 4732 qua:
933 4676 1264 4722 consecutus
1299 4677 1383 4722 est
1408 4710 1421 4733 ,
1455 4679 1509 4724 et
1553 4671 1862 4728 instabilem
1917 4675 2158 4729 laetitiam

2259 4685 2343 4731 τις
2372 4669 2506 4738 πρὸς
2533 4671 2731 4740 ἀρετὴν
2755 4670 2954 4744 βλέπῃ,
2985 4676 3079 4726 καὶ
3112 4677 3660 4748 συμπαρατεινομένην
3683 4671 3762 4740 ἔχει

585 4751 787 4818 habet,
838 4755 933 4808 sed
978 4767 1357 4825 constantem,
1409 4773 1816 4830 permanentem
1845 4808 1860 4831 ,
1911 4776 1965 4822 et
2013 4768 2160 4822 omni

2258 4762 2325 4830 τῇ
2355 4761 2606 4835 ἐνεργείᾳ
2622 4762 2718 4830 τὴν
2751 4763 3104 4834 εὐφροσύνην.
3157 4768 3282 4822 Ἐπὶ
3314 4770 3371 4822 δὲ
3413 4769 3512 4822 τῶν
3549 4769 3647 4829 ταῖς
3671 4761 3760 4816 ἀτύ-

589 4843 764 4909 spatio
818 4845 941 4898 vita:
987 4847 1294 4904 durantem.
1342 4851 1561 4917 Quare?
1593 4855 1720 4924 quia
1776 4858 1890 4913 btec
1935 4861 2155 4930 quidem

2259 4867 2381 4913 ποις
2408 4851 2723 4920 ἐπιθυμίαις
2756 4855 3154 4925 ἐκκεχυμένων,
3181 4859 3285 4912 κᾶν
3333 4860 3601 4920 διαπαντὸς
3626 4853 3759 4909 αὐτοῖς

589 4947 806 5001 semper
836 4934 962 4988 licet
993 4953 1151 5007 agere
1174 4980 1190 5004 ,
1221 4958 1283 4996 ac
1327 4945 1537 4998 nullum
1590 4957 1674 5002 est
1721 4954 1980 5020 temporis
2013 4968 2154 5022 pun-

2257 4943 2290 5010 ή
2321 4941 2464 5011 ιἶκυχὴ
2517 4942 2684 5014 βλέπῃ
2735 4945 2870 5016 πρὸς
2912 4945 2972 4998 τὸ
3005 4947 3310 5002 ἀκόλαστον
3330 4992 3344 5014 ,
3371 4951 3478 5004 ἀλλ’
3499 4950 3587 5002 οὐκ
3612 4947 3687 5044 ἀεὶ
3717 4939 3755 4991 τὸ

585 5031 734 5074 etum
762 5022 815 5076 in
845 5025 992 5077 omni
1026 5031 1146 5081 vitae
1169 5032 1370 5098 spatio,
1409 5035 1554 5103 quod
1605 5040 1760 5092 bona:
1812 5041 2044 5096 actionis
2078 5044 2154 5096 in-

2255 5034 2477 5103 ἧδεσθαι
2536 5036 2816 5106 πάρεστιν.
2869 5037 2980 5108 Τήν
3023 5055 3080 5090 τε
3135 5041 3247 5112 γὰρ
3292 5043 3418 5113 περὶ
3461 5042 3551 5110 τὴν

583 5123 805 5182 generet
839 5116 1161 5172 satietatem.
1203 5119 1337 5174 Nam
1379 5134 1432 5177 et
1475 5130 1810 5183 continentia
1850 5140 1904 5185 et
1943 5134 2152 5202 puritas

2255 5116 2491 5188 λιχνείαν
2520 5121 2547 5170 ὁ
2589 5121 2748 5190 κόρος
2781 5122 3026 5191 ἔστησεν,
3056 5127 3151 5178 καὶ
3183 5130 3216 5197 ἡ
3263 5129 3355 5181 τοῦ
3392 5129 3608 5187 πίνοντος
3636 5116 3749 5190 ἡδονὴ

586 5207 756 5260 animi
792 5215 846 5261 et
871 5208 923 5261 in
957 5212 1104 5264 onmi
1136 5213 1276 5267 bono
1301 5222 1610 5274 constantia
1631 5262 1646 5285 ,
1694 5232 1748 5276 et
1778 5226 1965 5280 vitatio
1996 5229 2151 5294 mali,

2255 5211 2695 5281 συγκατεσδέσθη
2726 5216 2787 5284 τῇ
2818 5215 2962 5287 δίς-ῃ.
2993 5217 3082 5268 καὶ
3113 5218 3184 5270 τὰ
3215 5219 3352 5272 ἄλλα
3389 5220 3517 5273 κατὰ
3543 5209 3747 5268 cantat

586 5298 763 5354 donec
788 5299 986 5369 aliquis
1013 5303 1265 5359 virtutem
1295 5308 1398 5361 sibi
1427 5316 1757 5382 propositam
1791 5317 1980 5382 habet,
2011 5335 2153 5375 sem-

2250 5302 2450 5368 τρόπον
2493 5303 2584 5352 καὶ
2623 5302 2814 5370 χρόνου
2855 5305 2996 5366 τινὸς
3031 5305 3247 5375 χρῄζει,
3279 5311 3371 5363 καὶ¹
3411 5306 3741 5374 διαλείμματοςι

585 5406 683 5460 per
712 5402 1060 5458 exercentur,
1114 5406 1166 5450 et
1209 5415 1312 5453 una
1361 5415 1482 5454 cum
1528 5405 1745 5459 actione
1795 5417 1850 5459 et
1883 5411 2151 5463 exercita-

585 5484 725 5524 linnp
769 5499 890 5524 anan
932 5491 1316 5524 nrn.lnnm.i..m
1353 5503 1400 5524 ιιι
1440 5495 1724 5524 Annua...“
1775 5499 2010 5524 ιωιεοεη...
2055 5502 2117 5524 ι-..

2251 5388 2390 5441 ὥστε
2424 5389 2792 5459 μαρανθείσης
2827 5392 2931 5443 ἀπὸ
2959 5393 3058 5461 τῆς
3085 5393 3286 5466 ἡδονῆς
3315 5399 3402 5451 καὶ
3435 5398 3523 5465 τῆς
3563 5392 3745 5458 πλησμοα

2250 5483 2365 5524 υἷι
2398 5484 2558 5524 πάλιν
2591 5483 2952 5524 ὴνηγλττθῆνην
2982 5487 3074 5524 τὶν
3097 5485 3194 5524 σιτ-ἠῢ
3228 5489 3499 5524 ἧὲιὶυηυςιη-
3518 5481 3677 5524 ἧηῖὲιν.
3697 5472 3743 5524 Ἦ

575 5484 725 5538 tione
768 5499 891 5539 sese
931 5491 1317 5555 producentem
1351 5503 1405 5548 et
1439 5495 1724 5552 durantem
1773 5499 2013 5554 ltetitiam
2055 5502 2152 5554 ba-

2098 5517 2152 5554 a,
2250 5483 2370 5552 νῆς,
2398 5484 2558 5536 πάλιν
2591 5483 2956 5553 ἀνακληθῆναι
2982 5487 3074 5556 τὴν
3097 5485 3194 5538 τοῦ
3228 5489 3499 5557 ἡδύνοντος
3518 5483 3676 5554 6,055”-

2253 5572 2290 5590 θη
2366 5574 2389 5584 ἰ’
2463 5577 2474 5590 ο
2587 5575 2612 5585 ⁸⁵
2748 5577 2770 5587 ~
2950 5571 2974 5590 7
3037 5576 3056 5590 ο
3123 5577 3146 5590 σι
3248 5579 3269 5590 η
3298 5579 3320 5590 Α
3360 5579 3386 5590 Α
3430 5578 3441 5590 ι
3535 5577 3546 5590 ο
3604 5572 3671 5590 θ-..

578 5573 726 5627 bent.
769 5571 827 5630 In
867 5577 934 5634 iis
973 5591 1191 5648 autem,
1225 5586 1318 5654 qui
1349 5586 1606 5643 absurdis
1637 5589 2028 5660 cupiditatibus
2062 5611 2148 5648 ar-

578 5663 708 5705 alnnl
772 5671 1226 5705 ριίσιηηῖι-ηηιηη..
1272 5682 1447 5705 ηηεηυ.
1499 5697 1680 5705 --_..---
1732 5695 1931 5705 -..--._.
1983 5689 2050 5705 .-,
2102 5690 2111 5698 -

2247 5572 2301 5626 δὲ
2329 5574 2430 5643 τῆς
2452 5575 2651 5644 ἀρετῆς
2678 5577 2867 5646 κτῆσις
2883 5619 2896 5642 ,
2920 5571 3000 5639 οἷς
3032 5576 3094 5628 ἄν
3120 5577 3270 5641 ἅπαξ
3294 5578 3510 5646 βεσαίως
3531 5565 3740 5639 amputa.

2247 5666 2308 5705 ηιί
2343 5667 2519 5705 varium
2573 5671 2839 5705 ησφηεῗφηι
2902 5667 3020 5705 ηῆφς
3065 5669 3213 5705 νήπια
3254 5668 3614 5705 ρειηῆηἷῗςτην

578 5663 743 5732 dcnt,
772 5671 983 5728 etiamsi
1013 5689 1226 5746 semper
1271 5682 1451 5734 anima
1495 5697 1682 5738 eorum
1730 5695 1936 5753 spectet
1983 5689 2146 5744 lasci-

2141 5719 2146 5728 ,
2247 5666 2308 5719 οὐ
2341 5667 2519 5738 χρόνῳ
2571 5671 2877 5739 μετρεῖται,
2902 5667 3022 5722 οὔτε
3065 5669 3213 5740 κόρῳ
3254 5668 3614 5742 περιορίζεται·
3639 5663 3719 5712 vim
