3996 6196
256 321 393 376 1255

1278 332 1365 386 DE
1403 331 2004 390 BEATITUDINIBUS.
2024 333 2283 394 ORATIO
2315 334 2406 391 IV.

3364 289 3504 389 isis

253 437 484 490 πάντοτε
521 439 632 503 τοῖς
647 443 770 493 κατ’
795 441 962 515 αὐτὴν
992 442 1161 508 ζῶσιν
1189 447 1468 519 ἀκραιφνῆ
1495 467 1556 502 τε
1589 450 1682 503 καὶ
1708 467 1830 504 νεα-

1940 453 2072 504 viam
2104 459 2158 506 et
2187 450 2637 506 incontinentiam
2661 489 2676 515 ,
2707 456 2944 504 attamen
2981 462 3089 502 non
3125 462 3340 517 semper
3369 463 3498 518 gau-

253 528 376 598 ράν,
408 529 503 582 καὶ
537 531 890 599 ἀκμάζουσαν
924 535 1032 587 τῶν
1062 535 1204 591 ἰδίων
1229 539 1450 606 ἀγαθῶν
1477 540 1706 611 παρέχει
1733 540 1830 611 τὴν

251 616 523 687 αἴσθησιν.
542 619 632 672 Διὸ
659 623 771 683 τοῖς
797 621 965 675 ταῦτα
994 627 1270 692 πεινῶσιν,
1305 631 1334 682 ὀ
1367 629 1498 692 Θεὸς
1535 629 1705 696 Λόγος
1732 630 1832 700 τὴν

251 707 572 780 πλησμονὴν
622 712 1016 780 ἐπαγγέλλεται
1057 733 1073 748 ·
1122 717 1438 788 πλησμονήν
1496 721 1830 784 ἐξάπτουσαν

252 797 404 866 κόρῳ
430 799 525 870 τὴν
551 799 730 871 ὄρεξιν
748 845 760 864 ,
788 804 885 856 οὐκ
917 805 1314 874 ἀμϐλύνουσαν.
1347 810 1514 864 Τοῦτο
1540 809 1632 866 οὖν
1662 814 1828 877 ἐστιν,

250 887 283 940 δ
323 889 563 943 διδάσκει
601 894 666 944 ἐκ
707 892 800 945 τοῦ
830 895 1034 964 ὑψηλοῦ
1063 897 1170 950 τῶν
1210 901 1495 970 νοημάτων
1531 903 1688 973 ὄρους
1717 905 1833 959 δια-

253 979 569 1050 λεγόμενος,
606 983 684 1054 τῷ
725 986 914 1054 μηδενὶ
957 989 1181 1060 τοιούτῳ
1217 991 1316 1062 τὴν
1354 993 1644 1063 ἐπιθυμίαν
1677 997 1832 1065 ἡμῶν

257 1070 672 1141 προσασχολείν,
718 1066 780 1125 οῦ
813 1075 977 1144 μηδὲν
1012 1078 1297 1148 πρόκειται
1331 1082 1443 1144 τοῖς
1473 1084 1831 1148 σπουδάζουσι

258 1158 453 1228 πέρας,
489 1161 547 1214 ἐν
580 1155 663 1224 οἷς
693 1163 895 1231 ματαία
922 1181 982 1217 τε
1004 1166 1097 1218 καὶ
1126 1168 1350 1237 ἀνόητός
1377 1170 1526 1224 ἐστιν
1548 1173 1579 1243 ἡ
1604 1175 1827 1244 σπουδήο

257 1249 511 1320 καθάπερ
540 1253 653 1336 τοῖς
679 1255 743 1323 τῇ
781 1260 989 1328 κορυφῇ
1024 1259 1121 1328 τῆς
1166 1259 1374 1313 ἑαυτῶν
1411 1264 1570 1325 σκιᾶς
1616 1263 1832 1336 ἐπιτρέ-

259 1356 468 1408 χουσιν,
513 1335 646 1405 οῗςό
690 1344 888 1415 δρόμος
939 1349 1031 1400 ἐπὶ
1071 1349 1132 1402 τὸ
1164 1352 1424 1420 ἀνήνυτον
1471 1335 1834 1424 φέρεται,είς

261 1431 438 1484 ἐκεῖνο
466 1433 551 1486 ἀεὶ
571 1435 782 1505 ταχέως
802 1437 896 1490 τοῦ
917 1439 1245 1511 διωκομένου
1277 1444 1586 1509 ὑπεξιόντος
1613 1447 1690 1517 τῷ
1712 1449 1834 1500 ἐπι-

259 1519 506 1591 τρέχοντι
551 1539 564 1553 ο
597 1524 712 1576 ἀλλ’
753 1527 869 1579 ἐκεῖ
921 1528 1114 1598 τρέψαι
1157 1530 1254 1601 τὴν
1310 1531 1520 1602 ὄρεξιν,
1565 1537 1622 1587 ἐν
1669 1531 1751 1600 οἷς
1799 1539 1832 1607 ή

263 1613 464 1683 σπουδὴ
495 1615 678 1684 κτῆμα
700 1616 795 1668 τοῦ
837 1619 1224 1684 σπουδάζοντος
1248 1622 1475 1690 γίνεται.
1518 1625 1574 1677 '0
1598 1626 1705 1697 γὰρ
1735 1628 1836 1697 τῆς

263 1699 465 1770 ἀρετῆς
493 1703 856 1774 ἐπιθυμήσας,
896 1708 1080 1777 κτῆμα
1125 1710 1253 1762 ἴδιον
1283 1714 1512 1765 ποιεῖται
1528 1712 1588 1766 τὸ
1611 1714 1830 1781 ἀγαθὸν,

1930 543 2057 598 dere
2101 544 2246 598 licet.
2291 541 2428 597 Nam
2474 549 2529 596 ct
2576 539 2888 596 aviditatem
2932 537 3038 592 cibi
3086 539 3500 592 immoderatam

1931 632 2158 686 satietas
2186 631 2359 696 sistit,
2394 647 2445 686 et
2495 629 2732 685 bibentis
2777 629 3030 696 voluptas
3081 642 3187 680 una
3236 642 3358 680 cum
3409 625 3503 679 siti

1930 721 2327 789 exstinguitur;
2375 730 2680 789 czeteraque
2730 718 2797 772 ad
2857 718 3109 771 eumdem
3169 714 3388 768 modum
3449 723 3503 768 et
3559 765 3562 770 .

1931 819 2173 882 tempore
2211 814 2393 882 aliquo
2435 827 2572 882 opus
2620 812 2818 865 habent
2858 817 2912 865 et
2955 806 3269 868 intervallo,
3320 815 3378 858 ut
3407 822 3504 859 ex-

1933 903 2166 957 stinctus
2196 917 2226 956 a
2256 904 2534 972 voluptate
2580 910 2634 956 et
2680 903 2928 954 satietate
2975 914 3169 953 rursus
3217 903 3505 951 revocetur

1933 992 2054 1061 ejus
2094 994 2238 1062 quod
2262 993 2500 1048 delectat
2540 1001 2592 1047 et
2634 993 2809 1062 placet
2847 990 3138 1059 appetitus.
3185 987 3262 1040 Ac
3290 986 3506 1040 virtutis

1932 1086 2208 1154 possessio
2257 1064 2679 1155 quibuscunque
2729 1081 2896 1136 semel
2937 1079 3164 1133 ﬁrmiter
3208 1076 3501 1140 insederit,

1933 1190 2040 1228 non
2073 1177 2332 1243 temporis
2368 1173 2612 1242 subjacet
2640 1184 2910 1225 mensura:
2930 1207 2944 1233 ,
2983 1182 3091 1221 non
3119 1166 3367 1220 satietate
3394 1176 3506 1218 ter-

1934 1265 2194 1328 minatur,
2245 1264 2340 1319 sed
2393 1278 2608 1333 semper
2631 1276 2861 1332 purum,
2893 1260 3277 1326 sincerumque
3317 1265 3371 1309 et
3421 1271 3503 1308 re-

1933 1364 2142 1410 centem
2163 1393 2178 1417 ,
2211 1369 2275 1408 ac
2305 1355 2577 1425 vigentem
2617 1352 2916 1408 secundum
2947 1365 3005 1404 se
3037 1347 3344 1403 viventibus
3382 1361 3506 1400 sen-

1935 1461 2056 1500 sum
2093 1460 2320 1499 suorum
2354 1445 2618 1499 bonorum
2653 1443 2874 1514 praebet.
2915 1439 3278 1506 Quamobrem
3312 1438 3379 1506 iis
3415 1435 3506 1504 qui

1934 1535 2048 1588 lucc
2077 1535 2326 1589 esuriunt
2346 1575 2359 1599 ,
2390 1535 2531 1590 Deus
2552 1533 2789 1589 Verbum
2815 1531 3176 1602 expletionem
3203 1527 3504 1596 promittit:

1933 1627 2292 1695 expletionem
2312 1667 2328 1691 ,
2353 1627 2574 1696 inquam
2598 1667 2612 1690 ,
2644 1640 2764 1695 quae
2793 1625 3043 1679 satietate
3069 1619 3366 1678 accendat,
3398 1632 3506 1670 non

1938 1718 2154 1772 hebetet
2195 1719 2514 1787 appetitum.
2559 1717 2672 1771 Hoc
2716 1717 2880 1787 igitur
2925 1721 3009 1770 est
3057 1710 3204 1782 quod
3243 1711 3402 1764 docet
3440 1709 3510 1762 ab

263 1791 324 1842 ἐν
348 1791 521 1862 ἐαυτῷ
554 1792 764 1862 βλέπων
792 1797 820 1848 ὅ
852 1798 1217 1869 ἐπεθύμησεν.
1245 1803 1528 1874 Μακάριος
1554 1801 1646 1858 οὖν
1672 1807 1699 1858 ὀ
1721 1825 1837 1861 πει-

1941 1807 2158 1862 excelso
2212 1785 2582 1860 intellectuum
2644 1814 2825 1858 monte
2865 1802 3268 1863 sermocinans,
3315 1812 3510 1866 nempe

264 1882 435 1946 νάσας
491 1885 591 1955 τήν
645 1890 1037 1961 σωφροσύνην·
1075 1894 1516 1964 ἐμπλησθήσεται
1570 1899 1676 1968 γὰρ
1740 1901 1838 1970 τῆς

265 1973 653 2046 καθαρότητος.
690 1979 752 2030 'H
783 1980 840 2032 δὲ
890 1981 1167 2055 πλησμονὴ
1191 2025 1205 2050 ,
1237 1986 1416 2050 καθὼς
1464 1989 1709 2059 εἴρηται,
1741 1992 1840 2044 οὐκ

264 2063 616 2138 ἀποστροφὴν
639 2108 652 2131 ,
689 2070 804 2122 ἀλλ’
843 2072 1090 2129 ἐπίτασιν
1140 2078 1282 2129 ποιεῖ
1329 2079 1425 2149 τῆς
1469 2079 1718 2150 ὀρέξεως,
1747 2083 1840 2135 καὶ

268 2161 589 2226 συναύξεται
616 2164 864 2236 ἀλλήλοις
896 2169 1036 2223 κατά
1068 2171 1130 2224 τὸ
1172 2167 1287 2224 ἴσον
1314 2174 1617 2244 ἀμφότερα.
1657 2177 1734 2247 Τῇ
1778 2193 1837 2228 τε

267 2250 378 2322 γάρ
405 2253 668 2326 ἐπιθυμίᾳ
693 2257 792 2326 τῆς
827 2259 1026 2329 ἀρετῆς
1065 2262 1098 2330 ή
1130 2261 1223 2313 τοῦ
1260 2262 1689 2333 ἐπιθυμηθέντος
1711 2265 1841 2335 κτῆ-

272 2359 353 2405 σις
388 2344 821 2416 ἐπηκολούθησεν
842 2365 853 2378 ·
880 2350 974 2401 καὶ
997 2349 1056 2402 τὸ
1077 2353 1428 2422 ἐγγενόμενον
1453 2355 1652 2421 ἀγαθὸν
1675 2356 1843 2410 ἄπαυ-

269 2451 388 2488 στοι
425 2436 522 2507 τὴν
550 2439 884 2511 εὐφροσύνην
903 2449 968 2513 τῇ
988 2443 1130 2514 ψυχῇ
1159 2429 1591 2516 συνεισήνεγκεν.
1609 2448 1839 2519 Τοιαύτη

268 2526 378 2599 γὰρ
408 2530 440 2599 ή
471 2529 566 2582 τοῦ
600 2531 804 2598 ἀγαθοῦ
852 2535 1038 2586 τούτου
1071 2533 1230 2602 φύσις
1260 2535 1428 2601 ἐστὶν,
1457 2537 1532 2600 ὡς
1569 2537 1642 2609 μὴ
1685 2540 1742 2591 ἐν
1767 2539 1842 2607 τῷ

274 2615 498 2686 παρόντι
529 2617 687 2684 μόνον
726 2620 1178 2687 καταγλυκαίνειν
1212 2621 1302 2674 τὸν
1328 2621 1696 2689 ἀπολαύοντα,
1729 2625 1844 2678 ἀλλ’

272 2707 330 2757 ἐν
357 2707 494 2758 πᾶσι
529 2709 640 2770 τοῖς
677 2707 770 2760 τοῦ
821 2710 1012 2778 χρόνου
1056 2710 1274 2782 μέρεσιν
1317 2713 1535 2783 ἐνεργὸν
1585 2715 1845 2786 παρέχειν

270 2796 369 2867 τὴν
407 2797 762 2868 εὐφροσύνην.
823 2799 934 2852 Καὶ
970 2801 1132 2870 γὰρὴ
1177 2803 1364 2871 μνήμη
1408 2802 1514 2855 τῶν
1545 2803 1718 2873 ὀρθῶς
1758 2805 1846 2874 βε-

273 2885 552 2956 ϐιωμένων
581 2888 862 2957 εὐφραίνει
894 2890 984 2942 τὸν
1011 2889 1432 2961 κατορθώσαντα
1450 2909 1463 2923 ο
1493 2893 1642 2964 καὶή
1680 2895 1736 2946 ἐν
1769 2894 1846 2965 τῷ

276 2978 501 3050 παρόντι
528 2979 674 3051 ζωὴ,
708 2983 836 3034 ὅταν
870 2982 936 3035 δι’
984 2983 1183 3053 ἀρετῆς
1214 2981 1547 3052 διεξάγηται,
1576 2984 1670 3036 καὶ¹
1695 2986 1725 3054 ή
1749 2985 1847 3056 τῆς

1940 1906 2001 1951 ιιι
2031 1897 2095 1950 ad
2132 1897 2336 1950 nullam
2371 1896 2638 1964 ejusmodi
2673 1909 2785 1949 rem
2809 1935 2822 1958 ,
2874 1893 3226 1962 cupiditatem
3263 1898 3506 1942 nostram

1943 1988 2276 2056 applicemus
2299 2025 2313 2050 ,
2348 1989 2508 2055 cujus
2540 1987 2749 2040 nullum
2786 1986 3164 2054 expetentibus
3196 1980 3510 2050 prepositus

1942 2084 2026 2132 est
2059 2077 2211 2139 ﬁnis,
2245 2078 2301 2131 in
2338 2078 2538 2146 quibus
2569 2084 2623 2131 et
2653 2091 2850 2130 vanum
2876 2115 2890 2140 ,
2934 2088 2987 2130 et
3037 2074 3226 2127 inutile
3272 2069 3512 2125 studium

1945 2175 2065 2222 est:
2118 2168 2576 2236 quemadmodum
2629 2169 2683 2221 in
2737 2168 2806 2222 iis
2858 2166 2951 2236 qui
2997 2163 3257 2219 verticem
3307 2159 3516 2213 umbrae

1945 2272 2060 2312 suae.
2092 2273 2258 2313 cursu
2291 2260 2677 2327 insequuntur,
2716 2271 2950 2327 quorum
3000 2269 3200 2310 cursus
3248 2252 3420 2305 fertur
3459 2249 3516 2303 in

1945 2348 2252 2412 inﬁnitum,
2305 2357 2361 2401 et
2409 2349 2819 2416 inexplicabile,
2883 2361 2949 2400 eo
3000 2358 3216 2413 semper
3267 2340 3516 2395 celeriter

1945 2439 2224 2504 elabente,
2258 2453 2323 2492 eo
2352 2438 2495 2506 quod
2528 2442 2752 2508 petitur,
2784 2451 2892 2505 quo
2935 2449 3135 2490 cursus
3180 2431 3518 2500 insequentis

1945 2528 2257 2591 contendit,
2299 2529 2392 2582 sed
2441 2539 2497 2581 ut
2543 2529 2607 2581 ad
2639 2545 2732 2584 eas
2776 2543 2863 2582 res
2902 2527 3196 2597 appetitum
3235 2530 3519 2578 converta-

1946 2635 2067 2673 mus
2117 2620 2170 2673 in
2220 2621 2417 2688 quibus
2463 2635 2560 2690 per
2606 2622 2842 2675 studium
2890 2626 3039 2673 certa
3087 2615 3362 2686 possessio
3405 2620 3521 2667 stu-

1946 2709 2097 2764 denti
2142 2709 2468 2778 acquiritur.
2523 2709 2658 2763 Nam
2705 2711 2798 2780 qui
2858 2710 2924 2762 ad
2972 2709 3233 2762 virtutem
3280 2703 3516 2772 aspirat,

1947 2817 2060 2856 rem
2102 2803 2376 2870 propriam
2413 2802 2679 2870 acquirit,
2730 2802 2929 2856 bonum
2977 2797 3121 2867 quod
3163 2794 3421 2864 expetivit
3465 2791 3520 2844 in

1949 2908 2068 2949 sese
2089 2908 2339 2948 cernens.
2368 2894 2567 2948 Beatus
2609 2901 2693 2948 est
2735 2893 2900 2960 igitur
2928 2891 3017 2960 qui
3046 2887 3218 2943 esurit
3241 2884 3524 2940 continen-

1950 2985 2123 3050 tiam;
2166 2986 2477 3055 implebitur
2511 2985 2655 3038 enim
2706 2984 2962 3054 puritate.
3010 2979 3254 3049 Replelio
3311 2983 3521 3040 autem,

277 3068 595 3132 ἀντιδόσεως
634 3071 946 3140 προσδοκία,
983 3071 1048 3141 ἣν
1077 3071 1176 3124 οὐκ
1211 3071 1377 3140 ἄλλην
1407 3067 1544 3124 εἷναί
1575 3090 1696 3126 τινα
1720 3075 1837 3128 ὑπο-

1952 3077 2094 3130 sicut
2142 3077 2345 3130 dictum
2397 3085 2514 3142 est,
2552 3092 2660 3130 non
2697 3074 3086 3128 aversationem
3122 3081 3174 3124 et
3207 3067 3524 3126 fastidium,

277 3158 556 3228 λαμϐάνω,
585 3159 617 3229 ἢ
649 3159 817 3230 αὐτὴν
875 3158 1035 3212 πάλιν
1065 3158 1160 3230 τὴν
1201 3161 1423 3230 ἀρετὴν,
1458 3161 1492 3230 ἢ
1549 3162 1643 3213 καλ⁸
1690 3161 1851 3231 ἔργον

279 3250 393 3302 ἐστὶ
419 3249 530 3302 τῶν
558 3250 981 3321 κατορθούντων,
1008 3252 1101 3304 καὶ⁵
1131 3251 1299 3325 γέρας
1323 3251 1414 3304 ἐπὶ
1442 3253 1553 3315 τοῖς
1576 3252 1850 3323 κατορθώ·

283 3355 414 3408 μασι
445 3338 674 3406 γίνεται.

1955 3165 2048 3220 sed
2073 3166 2426 3220 intentionem
2453 3173 2505 3220 et
2533 3165 2924 3220 vehementiam
2952 3163 3113 3216 efﬁcit
3139 3157 3409 3228 appetitus
3430 3198 3444 3222 ,
3473 3163 3528 3209 et

1954 3270 2018 3310 ex
2047 3271 2203 3326 aequo
2234 3265 2461 3328 utraque
2491 3259 2652 3313 simul
2681 3257 2820 3312 inter
2848 3269 2968 3311 sese
2991 3261 3274 3322 augentur.
3307 3247 3442 3301 Nam
3475 3254 3530 3300 et

1954 3347 2192 3401 studium
2215 3360 2266 3404 et
2281 3349 2616 3405 affectionem
2636 3349 2852 3403 virtutis
2872 3349 2946 3404 rei
2969 3345 3230 3400 aﬂ'ectatae
3246 3338 3531 3410 acquisitio

280 3431 676 3507 consequitur;
715 3441 768 3486 et
806 3433 1051 3486 innatum
1081 3433 1283 3487 bonum
1313 3433 1592 3488 assiduam
1632 3442 2059 3507 perpetuamque
2106 3441 2346 3495 laetitiam
2396 3442 2559 3495 simul
2606 3442 2661 3494 in
2713 3442 2948 3494 animam
2995 3437 3178 3492 infert.
3213 3433 3362 3486 Talis
3389 3431 3532 3486 enim

283 3503 448 3592 hujus
476 3521 601 3575 boni
648 3530 843 3576 natura
882 3531 964 3577 est
987 3561 1004 3586 ,
1043 3530 1103 3576 ut
1131 3537 1239 3576 non
1277 3522 1657 3592 inpraesentia
1697 3503 1859 3579 modo
1896 3503 2164 3583 fruentem
2203 3531 2508 3585 demulceat
2540 3541 2702 3600 atque
2738 3531 3000 3591 delectet,
3047 3528 3140 3582 sed
3187 3528 3241 3580 in
3281 3525 3535 3579 omnibus

283 3614 546 3686 temporis
575 3614 826 3683 partibus
855 3615 1095 3668 lmtitiam
1125 3626 1488 3683 reprazsentet.
1523 3615 1656 3668 Nam
1688 3626 1741 3671 et
1768 3619 1891 3674 vita:
1924 3629 2068 3675 recte
2103 3631 2391 3677 transacta:
2420 3624 2714 3687 memoria,
2745 3638 2867 3678 eum
2897 3623 2989 3692 qui
3019 3623 3070 3676 id
3107 3631 3392 3676 assecutus
3424 3618 3533 3683 sit,

283 3715 337 3760 et
367 3720 605 3776 praesens
634 3706 765 3770 vita,
785 3705 912 3758 dum
942 3719 1041 3774 per
1068 3706 1319 3760 virtutem
1342 3706 1682 3775 transigitur,
1697 3717 1750 3762 et
1774 3712 2110 3779 exspectatio
2136 3713 2507 3767 retributionis
2535 3720 2589 3766 et
2617 3711 3075 3767 remunerationis
3103 3710 3535 3777 delectat,quam

286 3800 780 3856 remunerationem
817 3815 928 3854 non
972 3801 1133 3855 aliam
1173 3802 1461 3870 quamdam
1489 3817 1612 3856 esse
1641 3815 1799 3872 puto,
1823 3821 1985 3876 quam
2014 3808 2187 3879 ipsam
2217 3825 2409 3866 rursus
2436 3810 2690 3865 virtutem
2711 3849 2726 3874 ,
2755 3823 2876 3878 qua:
2902 3816 2955 3864 et
2985 3822 3124 3877 opus
3155 3812 3303 3860 recte
3337 3803 3538 3857 facien-

289 3893 423 3946 tium
463 3898 577 3958 est,
614 3899 668 3946 et
699 3894 979 3962 praemium
1009 3900 1154 3947 recte
1181 3893 1450 3947 factorum
1481 3895 1719 3951 exsistit.

361 3988 422 4040 Εἰ
455 3987 511 4040 δὲ
536 3989 640 4059 χρή
679 4005 820 4050 τινος
853 3988 948 4041 καὶ
977 3987 1246 4059 τολμηροῦ
1287 3989 1632 4059 καθάψασθαι
1659 3990 1817 4060 λόγου

2029 3992 2291 4049 (Ζωιθτυιη
2325 3992 2372 4046 si
2411 3991 2574 4046 etiam
2615 3990 2848 4060 aliquem
2910 3987 3172 4042 audacem
3266 3982 3532 4053 attingere

289 4080 435 4132 δοκεῖ
451 4080 588 4150 τάχα
614 4097 700 4150 μοι
725 4079 812 4132 διὰ
834 4078 926 4132 τοῦ
947 4081 1086 4134 κατά
1105 4081 1202 4152 τὴν
1227 4083 1429 4152 ἀρετήν
1459 4099 1517 4134 τε
1545 4083 1635 4135 καὶ
1663 4084 1837 4137 δικαιο

1962 4099 2268 4140 sermonem
2319 4091 2554 4153 Oportet,
2592 4082 2822 4137 forsitan
2853 4095 2948 4152 per
2974 4077 3196 4134 virtutis
3225 4086 3278 4131 et
3308 4074 3536 4145 justitia:

293 4170 457 4242 σύνην
490 4170 647 4239 λόγου
680 4169 867 4224 ἑαυτὸν
888 4171 1198 4242 προτιθέναι
1219 4175 1282 4242 τῇ
1309 4171 1484 4241 ὀρέξει
1504 4173 1611 4226 τῶν
1639 4175 1834 4229 ἀκουόν

1963 4171 2294 4226 mentionem
2318 4174 2555 4241 seipsuin
2596 4170 2930 4225 audientium
2955 4169 3215 4240 appetitui
3240 4179 3541 4238 proponere

290 4279 398 4314 των
423 4265 450 4315 ὀ
484 4260 680 4331 Κύριος
711 4277 722 4289 ·
747 4261 805 4324 ὃς
833 4261 1062 4332 ἐγενήθη
1098 4264 1227 4333 ήμῖν
1256 4262 1413 4330 σοφία
1449 4263 1556 4316 ἀπὸ
1599 4263 1756 4328 Θεοῦ,
1790 4266 1837 4319 δι

1970 4263 2105 4317 mihi
2129 4263 2396 4318 Dominus
2421 4262 2635 4316 videtur
2659 4281 2672 4316 :
2703 4262 2795 4331 qui
2828 4259 3004 4314 factus
3027 4268 3112 4315 est
3140 4259 3298 4312 nobis
3325 4256 3542 4326 sapien-

293 4353 552 4424 καιοσύνη
587 4371 645 4405 τε
689 4354 782 4406 καὶ
826 4352 1113 4422 ἁγιασμὸς,
1160 4353 1252 4405 καὶ
1303 4353 1710 4425 ἀπολύτρωσις,
1736 4356 1833 4408 ἀλλ

1975 4354 2052 4407 tia
2083 4370 2112 4407 a
2143 4353 2270 4417 Deo,
2305 4362 2360 4407 et
2386 4353 2618 4422 justitia,
2645 4359 2698 4406 et
2721 4353 3104 4411 sanctiﬁcatio,
3131 4356 3184 4404 et
3215 4346 3541 4416 redemptio,

293 4447 389 4499 καὶ
418 4445 577 4517 ἄρτος
608 4444 664 4510 ἐξ
704 4444 930 4514 ούρανοῦ
960 4443 1320 4508 καταϐαίνων,
1349 4445 1442 4497 καὶ
1477 4445 1618 4517 ὕδωρ
1649 4445 1754 4510 ζῶν
1775 4463 1788 4476 ο
1808 4464 1835 4499 ο

1976 4443 2270 4513 quinetiam
2307 4444 2462 4512 panis
2504 4442 2572 4498 de
2621 4443 2762 4497 caelo
2797 4441 3138 4496 descendens
3180 4447 3232 4494 et
3279 4453 3419 4507 aqua
3464 4436 3546 4489 vi-

293 4538 452 4605 cimv
484 4537 735 4606 ὁμολογεῖ
762 4536 923 4589 Δαὸὶδ
951 4535 1006 4589 ἐν
1052 4554 1168 4608 τινι*
1197 4535 1500 4608 ψαλμῳδίᾳ,
1539 4536 1601 4588 τὸ
1633 4554 1837 4607 μακαρι

1975 4551 2147 4590 vens:
2181 4550 2343 4604 quam
2375 4535 2528 4590 sitire
2558 4549 2680 4589 sese
2721 4532 2888 4586 David
2947 4533 3005 4585 in
3060 4528 3296 4600 quodam
3333 4527 3546 4597 psalmo

298 4628 422 4682 στὸν
454 4627 609 4680 τοῦτο
642 4627 741 4696 τῆς
778 4626 954 4696 ψυχῆς
983 4626 1150 4689 πάθος
1179 4625 1255 4695 τῷ
1287 4625 1404 4696 Θεῷ
1431 4628 1775 4697 προσφέρων,
1811 4630 1836 4681 ἐ

1940 4645 1946 4677 l
1976 4603 2285 4687 conﬁtetur,
2317 4623 2464 4677 hunc
2496 4623 2712 4678 beatum
2751 4621 3003 4677 aﬂ'ectum
3044 4621 3238 4674 anima:
3277 4618 3383 4671 Deo
3411 4615 3547 4671 olle—

297 4716 378 4783 οἷς
405 4737 568 4788 φησιν
594 4736 606 4748 ’
644 4719 969 4786 Ἐδιψιησεν
997 4720 1034 4786 ἠ
1063 4716 1232 4786 ψυχή
1255 4736 1374 4786 μου
1404 4717 1553 4786 πρὸς
1590 4718 1698 4772 τὸν
1728 4719 1836 4773 Θεό

1982 4729 2110 4770 rens
2141 4715 2224 4772 his
2254 4715 2436 4770 verbis
2463 4733 2476 4769 :
2508 4714 2686 4769 Sitirit
2731 4715 2912 4767 anima
2946 4729 3060 4766 mea
3091 4711 3160 4764 ad
3198 4711 3358 4764 Deum
3395 4708 3548 4761 illuni

296 4812 404 4865 τὸν
433 4810 706 4879 ἰσχυρὸν,
737 4811 843 4863 τὸν
884 4809 1066 4869 ζῶντα
1088 4827 1101 4841 ·
1130 4811 1274 4863 πότε
1313 4809 1439 4877 ἥξω
1467 4810 1565 4863 καὶ
1610 4811 1837 4880 ὀφθήσε

1981 4806 2234 4871 validum,
2270 4808 2559 4872 viventem;
2607 4807 2816 4876 quando
2851 4806 3052 4860 veniam
3087 4813 3136 4858 et
3184 4801 3443 4872 apparebo
3497 4800 3551 4853 in

297 4919 396 4971 μαι
428 4901 506 4966 τῷ
534 4900 832 4968 προσώπῳ
862 4901 965 4954 τοῦ
990 4901 1169 4964 Θεοῦ;
1192 4900 1292 4964 Ὃς
1329 4919 1416 4971 μοι
1437 4902 1586 4956 δοκεῖ
1623 4906 1688 4972 τῇ
1718 4904 1837 4957 δυνά

1983 4913 2259 4970 conspectu
2304 4902 2402 4957 Dei
2437 4903 2526 4956 "?
2563 4903 2666 4968 Qui
2707 4900 2871 4954 David
2918 4898 3050 4952 mihi
3095 4897 3308 4951 videtur
3357 4894 3552 4948 virtute

247 5018 250 5020 ·
302 5009 392 5061 μει
433 4991 525 5044 τοῦ
573 4991 888 5061 Πνεύματος
951 4992 1364 5061 προπαιδευθεὶς
1425 4992 1494 5045 τὰ
1559 4995 1834 5064 μεγαλοφυ

1989 4993 2344 5066 Spiritushas
2373 4995 2690 5064 magniﬁcas
2726 4992 2939 5049 Domini
2973 4991 3252 5046 doctrinas
3277 4988 3387 5058 jam
3426 4993 3552 5039 ante

298 5083 470 5136 ταῦτα
525 5083 618 5136 τοῦ
675 5085 877 5153 Κυρίου
928 5083 1253 5154 διδάγματα,
1281 5083 1376 5136 καὶ
1427 5087 1526 5152 τὴν
1565 5084 1837 5156 πλησμονῦ

1979 5087 2232 5152 edoctus,
2265 5087 2428 5142 etiam
2452 5087 2816 5157 expletionem
2843 5084 3110 5156 ejusmodi
3142 5081 3411 5153 appetitus
3443 5077 3551 5131 sibi

300 5176 396 5245 τῆς
430 5175 682 5245 τοιαύτης
726 5174 958 5244 ὀρέξεως
984 5176 1161 5246 ἐαυτῷ
1185 5179 1517 5246 προσειπεῖν.
1565 5175 1713 5246 Ἐγὼ
1750 5176 1837 5248 γάε

1981 5177 2313 5247 praedixisse.
2367 5175 2479 5248 Ego
2527 5181 2696 5243 enim,
2738 5179 2934 5247 inquit,
2972 5177 3024 5229 in
3049 5175 3257 5239 iustitia
3292 5165 3550 5240 apparebo

304 5267 486 5336 φησὶν,
508 5267 576 5319 ἐν
592 5265 948 5333 δικαιοσύνῃ
970 5266 1305 5336 ὀφθήσομαι
1327 5265 1407 5330 τῷ
1429 5267 1724 5334 προσώπῳ
1742 5282 1837 5321 σοι

1981 5269 2032 5321 in
2064 5279 2343 5336 covtspeclu
2379 5279 2488 5332 tuo,
2522 5270 2762 5323 satiabor
2797 5267 3014 5322 ridendo
3042 5265 3268 5334 gloriam
3311 5272 3458 5314 tuam
3481 5257 3548 5311 ".

303 5355 788 5426 χορτασθήσομαι
814 5357 886 5410 ὲν
909 5355 988 5422 τῷ
1009 5356 1264 5426 ὀφθῆναί
1276 5376 1376 5426 μοι
1399 5357 1514 5426 τὴν
1531 5357 1719 5423 δόξαν
1741 5375 1837 5412 σοι

1985 5355 2110 5411 Haec
2144 5357 2330 5427 igitur,
2363 5368 2421 5412 ut
2448 5375 2562 5414 mea
2594 5359 2810 5429 quidem
2844 5355 3027 5424 opinio
3059 5354 3182 5418 fert,
3216 5366 3340 5406 vera
3378 5349 3554 5401 virtus

302 5450 451 5519 Δῦτη
476 5446 566 5504 οὖν
596 5453 711 5503 ἐστι
736 5451 875 5505 κατά
895 5468 955 5519 γε
980 5451 1069 5504 τὸν
1089 5451 1220 5521 ἐμὸν
1237 5452 1442 5522 λόγονή
1468 5451 1673 5523 ἀληθὴς
1689 5454 1837 5524 ἁρετὶ

1986 5457 2090 5513 est,
2122 5449 2322 5504 bonum
2358 5452 2501 5521 quod
2541 5467 2663 5505 cum
2724 5449 2864 5502 malo
2899 5446 3217 5518 permistum
3274 5457 3381 5497 non
3443 5445 3550 5499 est.

303 5542 364 5595 τὺ
394 5541 592 5612 ἀμιγὲς
622 5541 716 5595 τοῦ
766 5543 1006 5613 χείρονος
1049 5541 1252 5612 ἀγαθὸν
1277 5585 1291 5608 ,
1328 5544 1450 5615 περὶ
1489 5543 1516 5596 ὃ
1553 5547 1658 5598 πᾶν
1703 5545 1837 5616 νόημ

1987 5542 2133 5598 circa
2163 5543 2306 5622 quod
2349 5543 2527 5600 omnis
2566 5541 2876 5597 intellectus
2909 5552 3118 5603 eorum,
3155 5551 3276 5607 qua:
3315 5535 3370 5588 in
3419 5547 3554 5602 prcc-
3595 5560 3598 5562 -

374 5723 420 5752 η
463 5720 602 5776 Psul.
647 5738 730 5776 xu
754 5765 766 5789 ,
799 5723 852 5776 3.
930 5722 973 5754 "
1011 5719 1153 5779 Psal.
1189 5737 1274 5775 xvr
1299 5762 1314 5789 ,
1351 5720 1434 5775 15.
