3996 6196
201 255 340 308 1Ξί9

1259 257 1346 312 DE
1385 253 1982 312 BEATITUDINIBUS.
2023 250 2276 310 ORATIO
2322 252 2385 307 V'.

3304 253 3444 309 1250

198 366 352 437 σοφῷ
382 367 472 421 διά
505 367 722 436 σοφίας,
768 369 863 422 καὶ
903 369 994 422 διὰ
1033 370 1402 442 καθαρότητος
1433 373 1510 442 τῷ
1550 371 1774 444 καθαρῷ

1889 371 1987 426 Deo
2037 370 2539 439 appropinquetur,
2595 365 2687 435 qui
2737 382 2862 422 vere
2917 367 3107 424 beatus
3163 379 3216 425 et
3274 386 3443 441 super

199 458 673 530 προσεγγίζομεν,
704 456 846 514 οὕτω
888 463 980 514 καὶ
1028 461 1106 532 τῷ
1144 465 1393 535 μακαρίῳ
1414 465 1501 518 διὰ
1531 465 1631 531 τῆς
1657 465 1775 518 6606

195 553 308 606 τῶν
355 549 721 622 μακαρισμῶν
747 551 1112 622 οἰκειούμεθα.
1145 551 1279 605 Θεοῦ
1315 554 1423 624 γὰρ
1459 555 1535 616 ὡς
1566 554 1779 625 ἀληθῶς

201 642 333 695 ἴδιον
379 642 412 711 ὴ
449 639 786 710 μακαριότης
818 639 997 691 ἐστίν·
1034 640 1114 692 διὸ
1144 641 1236 693 κα)⁸
1284 640 1673 710 ὲπεστηρίχθαι
1711 641 1778 710 τῇ

201 731 426 803 τοιαύτῃ
471 730 698 799 κλίμακι
751 733 780 783 6
823 729 1018 783 Ἰακὼὸ
1060 731 1151 784 τὸν
1192 732 1323 784 Θεὸν
1363 732 1678 801 διηγήσατο.
1716 731 1782 783 Ἦ

201 816 296 875 οὖν
323 821 431 873 τῶν
457 818 822 890 μακαρισμῶν
854 820 1110 888 μετουσία
1141 820 1291 873 οὐδὲν
1316 819 1461 882 ἄλλο,
1490 821 1536 872 εί
1566 819 1639 888 μὴ
1663 819 1777 871 θεό-

200 928 365 982 τητος
391 909 640 963 κοινωνία
681 910 817 975 ἐστὶ,
862 909 998 980 πρὸς
1029 910 1096 980 ἢν
1139 911 1285 980 ἡμᾶς
1313 911 1501 978 ἀνάγει
1545 910 1632 963 διὰ
1668 909 1776 964 τῶν

202 1001 507 1073 λεγομένων
527 1002 556 1054 6
577 1000 800 1070 Κύριος.

279 1354 434 1406 Δοκεῖ
461 1345 552 1405 οὑν
595 1368 683 1421 μοι
705 1349 967 1403 θεοποιεῖν
996 1350 1194 1421 τρόπον
1229 1351 1352 1405 τινὰ
1381 1351 1468 1405 διὰ
1489 1352 1687 1422 τῆς⁴εῐς
1719 1353 1781 1406 τὸ

207 1442 497 1497 ἀκόλουθον
525 1443 892 1526 προκειμένης
923 1443 1014 1495 τοῦ
1047 1433 1409 1514 μακαρισμοῦ
1429 1445 1775 1515 ὑφηγήσεως,

207 1534 300 1587 τὸν
341 1532 602 1586 ἀκούοντά
629 1550 686 1585 τε
728 1534 821 1587 καὶ
871 1534 1116 1588 συνιέντα
1155 1535 1248 1588 τοῦ
1292 1535 1470 1602 λόγου.
1492 1535 1778 1603 Μακάριοι

1875 475 2089 514 omnem
2128 456 2518 514 beatitudinem
2574 457 2908 513 constitutus
2957 468 3011 513 et
3051 463 3298 515 lirmatus
3331 467 3436 515 est.

1874 549 2109 604 Prorsus
2138 557 2339 608 autem,
2376 555 2436 599 ut
2484 547 2713 614 sapienti
2741 563 2838 615 per
2875 551 3200 618 sapientiam
3247 559 3300 606 et
3346 567 3442 621 per

1877 642 2170 710 puritatem
2207 653 2344 707 puro
2375 639 2898 706 appropinquamus,
2930 641 3003 693 ita
3032 641 3191 694 beato
3219 657 3440 712 quoque

1878 745 1974 800 per
2002 729 2145 782 viam
2183 728 2584 782 beatitudinum
2612 727 2988 782 conciliamur.
3031 729 3124 783 Dei
3158 732 3299 784 enim
3357 748 3442 786 rec

1881 836 2007 874 vera
2047 820 2267 888 propria
2303 818 2581 874 beatitudo
2611 827 2695 873 est
2724 837 2736 872 :
2765 821 3117 887 quamobrem
3149 823 3311 875 etiam
3350 822 3443 875 Ja-

1881 911 1984 965 cob
2014 926 2180 980 super
2204 910 2474 979 ejusmodi
2501 911 2700 965 scalam
2731 910 2897 965 Deum
2933 913 3151 967 stetisse
3180 915 3442 967 narravit.

1883 1003 2052 1071 Igitur
2081 1002 2433 1071 participatio
2485 1002 2881 1056 beatitudinum
2944 1003 3078 1056 nihil
3131 1013 3215 1058 est
3273 1006 3443 1068 aliud,

1877 1093 1984 1148 nisi
2017 1091 2244 1148 Deitatis
2277 1093 2702 1147 communicatio
2731 1111 2743 1146 :
2787 1092 2851 1145 ad
2883 1109 3045 1163 quam
3082 1109 3178 1164 per
3205 1110 3288 1162 ea,
3321 1110 3447 1165 qua:

1877 1184 2160 1249 dicuntur,
2193 1183 2455 1239 Dominus
2486 1199 2586 1239 nos
2620 1184 2897 1238 subducit.

1948 1358 2173 1415 Videtur
2198 1374 2328 1428 ergo
2362 1358 2492 1412 mihi
2523 1372 2617 1428 per
2643 1373 2783 1420 eam,
2817 1375 2936 1427 quae
2970 1359 3036 1412 ad
3093 1373 3444 1429 consequen-

1883 1450 2014 1504 tiam
2051 1451 2330 1518 proposita
2360 1457 2466 1512 est,
2492 1449 2847 1503 beatitudinis
2870 1451 3288 1518 expositionem,
3340 1452 3442 1504 ali-

1883 1554 1992 1609 quo
2019 1540 2180 1592 modo
2212 1537 2379 1593 Deum
2415 1538 2592 1593 facere
2620 1554 2767 1601 eum,
2803 1539 2893 1608 qui
2921 1547 2976 1593 et
3028 1540 3214 1593 audiat
3270 1549 3323 1594 et
3363 1540 3451 1594 in-

208 1627 337 1697 γὰρ,
364 1627 544 1696 φησὶν,
576 1629 629 1679 οἱ
653 1625 995 1694 ἐλεήμονες,
1022 1625 1107 1678 ὅτι
1131 1625 1298 1681 αὐτοὶ
1327 1625 1778 1693 ἐλεηθήσονται.

1889 1631 2088 1700 telligat
2117 1644 2442 1686 sermonem.
2491 1628 2643 1681 Beati
2679 1629 2844 1693 enim,
2895 1630 3092 1698 inquit,
3152 1631 3453 1684 misericor-

211 1714 343 1770 Οἶδα
391 1715 660 1786 πολλαχοῦ
698 1717 796 1786 τῆς
835 1715 984 1780 θείας
1018 1717 1270 1789 Γραφῆς,
1296 1717 1372 1787 τῷ
1415 1718 1636 1788 ὀνόματι
1687 1716 1780 1771 τοῦ

209 1809 497 1878 ἐλεήμονες
543 1808 667 1871 τοὺς
725 1808 910 1876 ἁγίους
952 1809 1149 1878 ἄνδρας
1200 1808 1298 1880 τὴν
1350 1808 1502 1862 θείαν
1555 1809 1781 1879 δύναμιν

209 1899 720 1970 προσκαλουμένους
741 1917 752 1928 ·
790 1899 960 1962 οὕτως
993 1901 1020 1951 6
1047 1899 1209 1952 Aa6‘t6
1234 1899 1292 1952 ὲν
1318 1902 1437 1963 ταῖς
1460 1899 1777 1970 ὑμνῳδίαις’

209 1990 380 2052 οὕτως
429 1990 612 2052 Ἰωνᾶς
649 1991 705 2042 ἐν
730 1991 794 2059 τῇ
825 1988 944 2041 καθ’
975 1989 1164 2042 ἑαυτὸν
1197 1989 1533 2060 προφητείᾳ·
1559 1987 1729 2050 οὓτως
1756 1989 1784 2040 6

214 2081 384 2149 μέγας
411 2081 652 2148 Μωῦσῆς
682 2081 740 2132 ὲν
785 2079 994 2142 πολλοῖς
1017 2081 1116 2149 τῆς
1137 2080 1454 2150 νομοθεσίας
1482 2081 1786 2150 κατανομά-

209 2170 556 2234 ζειτὸθεῖον.
591 2170 654 2222 Ei
701 2165 794 2222 οὖν
829 2169 1111 2240 πρέπουσα
1132 2171 1210 2240 τῷ
1239 2170 1357 2240 Θεῷ
1385 2172 1418 2241 ἡ
1446 2170 1786 2242 προσηγορία

209 2259 300 2312 τοῦ
327 2259 617 2329 ἐλεήμονες
642 2275 654 2288 ·
674 2259 725 2312 τί
744 2258 870 2312 ἄλλο
895 2260 989 2313 καὶ
1016 2260 1136 2330 οὐχὶ
1163 2259 1284 2314 θεόν
1313 2277 1372 2314 σε
1401 2260 1784 2330 προσκαλεῖται

209 2351 460 2417 γενέσθαι
485 2352 512 2404 6
539 2348 712 2416 λόγος,
740 2350 900 2402 οἱονεὶ
930 2349 1280 2420 μορφωθέντα
1302 2350 1379 2420 τῷ
1409 2353 1510 2420 τῆς
1536 2351 1785 2420 θεότητος

213 2441 496 2510 ίδιώματι;
530 2442 592 2494 Εἰ
611 2439 720 2511 γὰρ
750 2441 998 2511 ἐλεήμων
1019 2442 1046 2493 6
1077 2440 1208 2503 Θεὸς
1241 2442 1389 2510 παρά
1413 2443 1508 2512 τῆς
1532 2441 1786 2495 θεοπνεύ-

211 2554 334 2590 στου
364 2536 404 2587 Γ
408 2537 583 2606 ραφῆς
609 2533 930 2606 ὀνομάζεται
961 2553 973 2567 ·
1007 2535 1067 2588 τὸ
1095 2536 1151 2589 δὲ
1189 2537 1400 2606 ἀληθῶς
1432 2537 1784 2608 μακαριστὸν,

209 2630 240 2696 ἡ
279 2627 468 2697 θεότης
503 2625 617 2678 ἐστί
643 2643 655 2656 ·
683 2625 911 2698 φανερὸν
939 2625 1004 2678 ἂν
1052 2626 1137 2695 εἴη
1165 2626 1224 2679 τὸ
1252 2628 1315 2679 ὲκ
1347 2626 1440 2680 τοῦ
1494 2627 1785 2681 ἀκολούθου

209 2716 610 2784 νοούμενον,ὃτι
640 2714 742 2768 κᾶν
763 2715 1047 2786 ἄνθρωπός
1067 2732 1150 2778 τις
1170 2715 1244 2767 ὣν
1270 2715 1390 2785 ὲλεή
1401 2733 1514 2786 μων
1541 2715 1783 2786 γένηται,

210 2808 305 2878 τῆς
331 2806 484 2870 θείας
527 2805 771 2870 ἀξιοῦται
806 2807 1221 2877 μακαριότητος,
1261 2807 1318 2857 ὲν
1344 2807 1535 2877 ἐκείνῳ
1567 2805 1786 2878 γενόμεὲ

211 2914 317 2959 νος,
428 2895 488 2947 τὸ
511 2895 660 2949 Θεῖον
689 2896 1134 2967 κατονομάζεται.
1183 2897 1486 2966 Ἐλεήμων
1518 2901 1550 2951 ό
1573 2900 1788 2967 Κύριος

1883 1721 1995 1787 des,
2041 1721 2291 1789 quoniam
2316 1721 2417 1788 ipsi
2455 1720 2871 1773 misericordiam
2898 1731 3291 1789 consequentur.
3323 1721 3453 1776 Scio

1884 1814 1940 1868 in
1982 1812 2172 1866 multis
2201 1812 2337 1865 locis
2367 1811 2564 1864 divina:
2613 1810 2910 1879 Scriptura:
2958 1812 3180 1866 nomine
3236 1797 3452 1866 miseri-

1882 1903 2064 1959 cordis
2087 1909 2311 1957 sanctos
2351 1901 2498 1955 viros
2525 1900 2762 1954 divinam
2798 1903 3095 1970 potentiam
3137 1904 3445 1972 appellare:

1883 1994 1964 2050 sic
1991 1993 2158 2047 David
2191 1993 2244 2045 in
2277 1990 2534 2054 Psalmis,
2579 1991 2658 2046 sic
2691 1989 2858 2044 Jonas
2893 1991 2946 2044 in
2990 2007 3088 2045 sua
3141 1993 3449 2061 prophetia,

1882 2085 1956 2140 ita
1988 2099 2221 2153 magnus
2252 2082 2466 2153 Moyses
2491 2082 2547 2136 in
2586 2081 2774 2137 multis
2808 2081 2942 2136 locis
2975 2097 3087 2136 sua:
3150 2083 3455 2138 sanctiouis

1885 2175 2130 2230 nominat
2161 2189 2360 2228 numen
2391 2173 2659 2228 divinum.
2693 2171 2749 2225 Si
2779 2187 2911 2242 ergo
2946 2174 3321 2228 misericordis
3352 2188 3454 2242 ap-

1883 2266 2103 2336 pellatio
2133 2265 2297 2317 Deum
2334 2263 2527 2325 decet,
2566 2261 2632 2315 ad
2666 2262 2797 2332 quid
2845 2263 2992 2316 aliud
3023 2273 3075 2317 te
3113 2279 3295 2318 sermo
3331 2265 3458 2317 hor-

1885 2362 2052 2417 tatur,
2090 2353 2198 2408 nisi
2243 2362 2300 2406 ut
2343 2348 2479 2408 deus
2517 2349 2636 2417 ﬁas,
2670 2359 2928 2421 tanquam
2965 2352 3229 2411 formatus
3286 2362 3339 2409 et
3372 2355 3457 2409 in-

1885 2446 2122 2514 signitus
2152 2443 2374 2514 propria
2410 2449 2536 2496 nota
2582 2443 2844 2498 deitatis?
2867 2443 3002 2496 Nam
3035 2445 3080 2499 si
3115 2444 3256 2503 Deus
3287 2446 3457 2501 mise-

1886 2537 2060 2590 ricors
2089 2549 2119 2587 a
2151 2534 2334 2587 divina
2369 2531 2650 2601 Scriptura
2692 2534 3008 2587 nominatur
3034 2573 3048 2596 ,
3096 2536 3241 2604 quod
3273 2543 3456 2590 autem

1884 2640 2011 2679 vere
2040 2625 2258 2678 beatum
2302 2623 2660 2690 judicandum
2698 2622 2788 2687 sit,
2835 2622 2887 2676 id
2939 2624 3113 2678 deitas
3163 2634 3287 2679 est:
3339 2641 3461 2694 per-

1885 2714 2133 2786 spicuum
2168 2711 2330 2767 fuerit
2359 2710 2491 2781 quid
2550 2727 2617 2765 ex
2674 2713 3033 2780 consequenti
3091 2713 3450 2782 intelligatur,

1885 2803 2162 2866 videlicet,
2187 2802 2234 2857 si
2268 2803 2351 2856 vel
2386 2816 2453 2856 ex
2486 2801 2802 2856 hominibus
2830 2802 3029 2871 aliquis
3063 2804 3312 2865 exsistat,
3361 2805 3457 2872 qui

1888 2897 2204 2952 misericors
2235 2895 2328 2959 sit,
2373 2895 2710 2950 beatitudine
2735 2897 2920 2949 divina
2949 2896 3146 2965 dignus
3170 2897 3456 2960 habeatur,

213 2991 302 3044 καί
337 2990 597 3054 δίκαιος,
635 2988 733 3040 καὶ
777 2991 809 3042 ὁ
846 2987 992 3054 Θεὸς
1028 2986 1196 3058 ἡμῶν
1220 2989 1393 3042 ἐλεεῖ.
1432 2988 1556 3053 Πῶς
1589 2985 1682 3042 οὖν
1728 2991 1787 3042 οὑ

1894 2989 2092 3058 quippe
2119 3002 2242 3041 cum
2278 2986 2330 3040 id
2366 2996 2654 3042 assecutus
2687 2987 2778 3051 sit,
2830 3002 2938 3056 quo
2976 3003 3177 3042 numen
3209 2987 3456 3042 divinum

214 3080 482 3150 μακάριον
527 3081 702 3132 ἐκεῖνο
731 3077 994 3150 κληθῆναι
1027 3080 1117 3133 καὶ⁹
1160 3079 1414 3147 γενέσθαι
1445 3079 1535 3132 τὸν
1578 3080 1790 3152 ἄνθρω-

213 3188 330 3232 πον,
369 3163 522 3240 ᾧπερ
559 3171 586 3222 6
614 3169 744 3231 Θεὸς
777 3170 840 3222 ὲκ
864 3167 954 3221 τοῦ
976 3172 1146 3221 ποιεῖν
1175 3168 1536 3239 ὀνομάζεται;
1569 3169 1704 3223 ἀλλά
1730 3169 1790 3223 τό

216 3264 311 3333 μὲν
338 3261 534 3330 ζηλοῦν
555 3260 625 3314 τά
652 3260 870 3330 μείζονα
890 3259 997 3312 τῶν
1027 3261 1399 3331 χαρισμάτων,
1430 3261 1789 3333 συμϐουλεύει

125 3345 136 3358 “
212 3354 297 3407 διά
332 3351 442 3405 τῶν
476 3350 620 3404 ίδίων
647 3350 817 3418 λόγων
852 3351 946 3404 καὶ
973 3351 1000 3402 6
1025 3350 1167 3413 θεῖος
1194 3351 1512 3415 Ἀπόστολος
1532 3365 1546 3379 ⁶
1572 3352 1704 3421 ἡμῖν
1733 3350 1790 3403 δὲ

217 3444 418 3505 σκοπός
449 3445 616 3504 ἐστιν,
647 3443 744 3512 οὑχ
779 3443 926 3505 ὅπως
970 3442 1426 3513 ἀναπεισθείημεν
1466 3442 1575 3494 τῶν
1608 3439 1790 3494 καλῶν

213 3534 499 3608 ὀρέγεσθαι
558 3534 736 3604 (τοῦτο
756 3533 863 3604 γὰρ
889 3533 1207 3604 αὐτομάτως
1228 3532 1468 3602 ἔγκειται
1491 3535 1559 3602 τῇ
1591 3529 1793 3601 ἀνθρω·

217 3630 343 3700 πίνῃ
376 3627 554 3696 φύσει,
589 3627 650 3680 τὸ
681 3629 814 3697 πρὸς
845 3626 906 3678 τὸ
929 3625 1091 3680 καλὸν
1128 3624 1440 3698 ὲπιρῤεπῶς
1459 3624 1622 3694 ἔχειν)
1641 3640 1655 3654 ·
1676 3621 1789 3676 ἀλλ’

215 3721 359 3782 ὅπως
391 3718 456 3771 ἂν
482 3718 556 3789 μὴ
593 3718 934 3787 ἁμάρτοιμεν
962 3716 1061 3786 τῆς
1102 3718 1193 3769 τοῦ
1223 3715 1387 3770 καλοῦ
1413 3715 1664 3786 κρίσεως.
1705 3713 1792 3766 Ἐν

216 3807 387 3876 τούτῳ
419 3807 526 3875 γὰρ
579 3806 810 3876 μάλιστα
839 3804 917 3874 τῷ
962 3805 1115 3875 μέρει
1146 3804 1544 3875 πλημμελεῖται
1570 3801 1725 3872 ἡμῶν
1759 3801 1792 3870 ή

217 3895 349 3967 ζωὴ,
374 3898 432 3949 ὲν
462 3895 540 3965 τῷ
572 3895 646 3965 μὴ
666 3894 921 3949 δύνασθαι
946 3893 1188 3963 ἀκριϐῶς
1222 3893 1459 3947 συνιέναι
1485 3891 1534 3944 τί
1549 3893 1610 3944 τὸ
1635 3889 1794 3959 φύσει

216 3986 512 4045 καλὸν,καὶ
545 3986 597 4040 τί
628 3986 688 4038 τὸ
727 3985 794 4038 δι’
828 3986 1042 4056 ἀπάτης
1087 3983 1325 4038 τοιοῦτον
1375 3983 1792 4053 ὑπονοούμενον.

216 4079 277 4130 Et
310 4079 420 4149 γὰρ
446 4076 627 4147 γυμνὴ
655 4075 936 4146 προέκειτο
959 4078 992 4146 ἠ
1020 4076 1190 4129 κακία
1210 4076 1287 4144 τῷ
1311 4075 1431 4146 βίῳ,
1459 4075 1552 4128 καὶ
1588 4075 1660 4144 μή
1687 4089 1795 4125 τινι

217 4171 381 4224 καλοῦ
409 4168 1225 4240 φαντασίᾳπροσκεχρωσμὲνη,
1248 4168 1347 4220 οὑκ
1373 4167 1438 4221 ἂν
1459 4166 1795 4238 ηὐτομόλησε

218 4263 352 4332 πρὸς
406 4261 575 4332 αὑτὴν
610 4260 671 4312 τὸ
717 4259 1075 4329 ἀνθρώπινον.
1105 4258 1312 4313 Οὑκοῦν
1358 4258 1624 4321 συνέσεως
1664 4259 1797 4327 ἡμῖν

217 4331 396 4421 χρεία,
435 4331 568 4421 πρὸς
598 4349 695 4420 τὴν
715 4349 808 4402 τοῦ
843 4349 1199 4419 προκειμένου
1245 4349 1408 4422 ῥητοῦ
1441 4350 1787 4418 κατανόησιν,
1819 4331 1865 4387 Ῐ)

217 4445 292 4506 ὼς
329 4442 396 4496 ἂν
433 4441 770 4510 διδαχθέντες
811 4441 871 4494 τὸ
914 4440 1163 4510 ἀληθινὸν
1205 4441 1299 4494 τοῦ
1340 4441 1656 4510 ἐγκειμένου
1683 4441 1799 4510 νοή-

222 4548 390 4600 ματος
416 4531 625 4594 κάλλος,
658 4530 777 4584 κατ’
807 4529 939 4583 αὑτὸ
983 4530 1420 4600 μορφωθείημεν.
1460 4530 1668 4600 ’Ὠσπερ
1691 4529 1799 4600 γὰρ

222 4625 254 4692 ἡ
289 4623 420 4694 περὶ
450 4622 511 4674 τὸ
527 4623 682 4676 Θεῖον
733 4619 1020 4690 ὑπόληψις,
1057 4619 1297 4687 ἔγκειται
1331 4621 1428 4690 μὲν
1479 4621 1611 4674 πᾶσι
1642 4637 1799 4688 φυσι-

221 4714 330 4776 κῶς
367 4714 480 4774 τοῖς
530 4708 836 4781 ἀνθρώποις
876 4726 889 4740 °
933 4712 990 4762 ὲν
1018 4710 1075 4763 δὲ
1120 4712 1185 4780 τῇ
1233 4710 1424 4781 ἀγνοίᾳ.
1452 4711 1544 4764 τοῦ
1585 4711 1800 4783 ἀληθῶς

218 4806 371 4868 δντος
409 4803 574 4866 Θεοῦ,
610 4804 644 4873 ἡ
693 4803 820 4873 περὶ
865 4801 925 4854 τὸ
974 4800 1406 4871 σπουδαζόμενον
1456 4802 1662 4870 γίνεται
1715 4804 1796 4857 δι-

220 4915 253 4950 α
261 4894 464 4967 μαρτία
516 4888 617 4964 (οἷς
637 4893 734 4963 μὲν
751 4894 820 4960 γά
827 4912 858 4964 ρ
873 4893 904 4963 ἡ
922 4893 1124 4964 ἀληθὴς
1147 4893 1335 4962 θεότης
1351 4894 1466 4946 ἐστὶ
1483 4895 1794 4966 σεϐάσμιος,

220 4990 253 5057 ἡ
281 4989 337 5038 ἐν
358 4986 554 5055 Πατρὶ,
575 4985 667 5036 καὶ
699 4983 830 5054 Υίῷ,
845 4984 938 5036 καὶ
967 4983 1107 5054 ἁγίῳ
1129 4983 1405 5054 Πνεύματι
1426 4984 1792 5055 θεωρουμένη·

220 5078 269 5129 οἱ
331 5075 387 5127 δὲ
433 5074 568 5145 πρὸς
603 5074 832 5136 ἀτόπους
880 5073 1132 5138 ὑπονοίας
1181 5062 1590 5146 ἐπλανήθησαν,
1621 5077 1680 5128 ἐν
1729 5078 1796 5147 τῇ

222 5172 399 5224 κτίσει
419 5167 656 5221 τοιοῦτον
688 5165 1035 5229 ὑπονοοῦντες
1055 5165 1179 5218 ’καὶ
1207 5166 1293 5219 διὰ
1325 5165 1529 5237 τοῦτοή
1557 5169 1614 5219 ἐν
1635 5166 1798 5237 ὀλίγῳ

222 5264 322 5333 τῆς
352 5263 608 5333 ἀληθείας
633 5259 977 5332 παρατροπὴ,
994 5261 1058 5330 τῇ
1081 5259 1301 5330 ἀσεϐείᾳ
1328 5259 1423 5330 τὴν
1454 5259 1684 5329 πάροδον
1715 5259 1799 5313 δέ·

222 5355 428 5419 δωκεν)
456 5371 469 5385 ο
492 5354 633 5407 οῦτω
676 5354 769 5406 καὶ
807 5351 898 5404 ἐπὶ
937 5349 1028 5404 τοῦ
1067 5352 1424 5422 προκειμένου
1447 5352 1800 5422 νοήματος,εί

228 5447 306 5517 γὴ
350 5445 748 5516 καταλάϐοιμεν
794 5443 890 5514 τὴν
923 5442 1098 5514 ἀληθῆ
1132 5443 1388 5508 διάνοιαν,
1428 5443 1528 5497 οὑκ
1553 5445 1610 5498 ἐν
1639 5443 1801 5515 ὀλίγῳ

338 5625 392 5666 ³³.
416 5623 556 5677 i’sal.
588 5640 736 5685 cxtv,
775 5626 827 5678 5.

905 5625 945 5654 ³³
980 5624 997 5677 Ι
1028 5623 1153 5678 Cor.
1191 5638 1283 5690 xtl,
1325 5624 1340 5676 Ι
1383 5638 1504 5692 sqq.

1888 3077 2270 3134 denominatur
2299 3097 2311 3131 :
2344 3076 2649 3132 Misericors
2674 3077 2930 3132 Dominus
2949 3089 3000 3133 et
3014 3080 3216 3147 justus,
3238 3090 3286 3134 et
3319 3078 3459 3133 Deus

1889 3179 2063 3224 noster
2084 3171 2362 3223 miseretur
2384 3170 2454 3225 ³ο.
2485 3169 2588 3235 Qui
2617 3183 2746 3240 ergo
2771 3184 2880 3222 non
2908 3171 3124 3223 beatum
3148 3177 3232 3226 est
3255 3170 3386 3223 illud
3406 3178 3462 3224 et

1891 3261 2006 3314 ﬁeri
2035 3267 2090 3314 et
2121 3260 2306 3314 vocari
2339 3259 2610 3315 hominem
2634 3302 2649 3327 ,
2696 3274 2806 3330 quo
2845 3258 2989 3315 Deus
3014 3301 3030 3324 ,
3085 3276 3152 3314 ex
3190 3276 3255 3315 eo
3316 3260 3461 3330 quod

1891 3349 2042 3412 facit,
2080 3349 2512 3403 denominatur?
2546 3347 2746 3404 Verum
2778 3347 3033 3404 aﬂ'ectare
3057 3350 3275 3418 quidem
3321 3351 3463 3404 dona

1891 3439 2097 3509 majora
2140 3439 2197 3492 in
2237 3440 2354 3494 suis
2385 3440 2606 3508 scriptis
2645 3439 2841 3495 suadet
2871 3441 3036 3494 etiam
3065 3441 3284 3496 divinus
3316 3443 3464 3511 Apo-

1892 3529 2066 3584 stolus
2087 3525 2156 3594 ⁸¹,
2180 3526 2340 3583 nobis
2361 3535 2542 3582 autem
2601 3529 2656 3583 id
2683 3527 2951 3598 agendum
2975 3538 3091 3591 est,
3139 3548 3247 3586 non
3283 3540 3343 3585 ut
3408 3533 3464 3588 in

1891 3618 2133 3672 animum
2171 3617 2496 3671 inducamus
2531 3625 2784 3687 appetere
2833 3633 2922 3674 res
2961 3621 3128 3675 bonas
3181 3630 3235 3674 et
3293 3621 3464 3676 hone-

1894 3718 2011 3764 stas
2046 3709 2193 3777 (hoc
2225 3709 2370 3763 enim
2405 3719 2596 3778 sponte
2640 3709 2866 3763 insitum
2920 3717 3005 3764 est
3060 3710 3311 3764 humana
3367 3726 3465 3763 na-

1895 3808 2050 3860 turae,
2087 3805 2146 3851 ut
2182 3798 2249 3852 ad
2280 3798 2618 3854 honestatem
2649 3814 2920 3870 propensa
2952 3800 3082 3871 sit),
3119 3800 3213 3854 sed
3267 3815 3336 3855 ne
3377 3816 3465 3854 er-

1894 3905 2080 3945 remus
2118 3899 2170 3945 ct
2206 3889 2463 3945 fallamur
2485 3891 2856 3960 injudicando
2883 3899 3045 3961 atque
3080 3890 3462 3959 discernendo,

1893 3985 2023 4056 quid
2051 3986 2252 4040 bonum
2284 3994 2336 4040 et
2361 3985 2654 4040 honestum
2684 3987 2779 4041 sit.
2810 3985 2866 4038 ln
2899 3985 3000 4039 hac
3035 3985 3180 4039 enim
3224 3985 3465 4039 maxime

1895 4087 2050 4148 parte
2076 4078 2187 4133 vita
2211 4086 2401 4131 nostra
2444 4084 2652 4147 peccat,
2713 4093 2907 4147 nempe
2940 4079 2993 4132 in
3025 4093 3091 4133 eo
3120 4077 3266 4147 quod
3306 4077 3465 4149 plene

1899 4169 2202 4240 intelligere
2233 4183 2342 4223 non
2375 4179 2574 4239 potest,
2611 4170 2742 4239 quid
2776 4178 2975 4224 natura
3020 4171 3223 4225 bonum
3280 4181 3332 4225 et
3361 4171 3464 4225 ho-

1899 4269 2114 4316 nestum
2149 4261 2242 4325 sit,
2275 4261 2405 4331 quid
2444 4260 2580 4316 falso
2611 4262 2717 4317 tale
2747 4269 3004 4333 putetur:
3071 4278 3195 4316 nam
3229 4262 3273 4316 si
3311 4261 3457 4315 nulla

1893 4352 2017 4406 vitm
2047 4354 2322 4422 pr0posita
2347 4353 2549 4406 malitia
2579 4353 2951 4423 nequitiaque,
2979 4363 3034 4407 et
3091 4368 3199 4407 non
3238 4351 3456 4407 honesti

1894 4443 2126 4514 quadam
2170 4445 2406 4513 imagine
2436 4443 2672 4498 obducta
2706 4453 2872 4513 atque
2924 4445 3240 4499 decolorata
3297 4453 3462 4509 esset,

1895 4551 2066 4606 genus
2099 4536 2397 4588 humanum
2435 4534 2502 4588 ad
2545 4550 2664 4589 eam
2699 4551 2806 4589 non
2877 4534 3284 4606 transfugisset.
3321 4536 3468 4602 Quo-

1895 4624 2042 4679 circa
2075 4623 2428 4692 intelligentia
2463 4629 2625 4692 atque
2681 4623 2967 4692 prudentia
2999 4625 3156 4679 nobis
3207 4632 3291 4680 est
3328 4641 3468 4695 Opus

1898 4715 1963 4769 ad
2000 4714 2266 4784 propositi
2300 4713 2431 4768 dicti
2477 4714 2864 4785 cognitionem,
2903 4723 2962 4768 ut
2991 4715 3190 4778 edocti,
3229 4733 3351 4785 qua:
3394 4717 3469 4772 sit

1901 4821 2029 4862 vera
2058 4806 2207 4861 insiti
2255 4806 2565 4861 intellectus
2597 4807 2965 4876 pulchritudo,
2996 4808 3061 4862 ad
3093 4823 3212 4862 eam
3266 4808 3471 4864 forme-

1903 4913 2048 4953 mur.
2067 4896 2534 4962 Quemadmodum
2566 4897 2710 4951 enim
2737 4898 2919 4968 opinio
2947 4900 3014 4953 de
3029 4897 3263 4954 Numine
3285 4899 3474 4954 divino

1904 4987 2228 5042 naturaliter
2255 4987 2476 5056 quidem
2510 4987 2675 5042 insita
2706 4996 2790 5042 est
2843 4991 3098 5046 omnibus
3127 4991 3470 5057 hominibus,

1905 5081 1999 5136 sed
2037 5080 2343 5151 ignorantia
2373 5082 2487 5134 veri
2519 5080 2610 5136 Dei
2641 5091 2898 5152 peccatur
2926 5085 3071 5139 circa
3099 5085 3151 5139 id
3183 5085 3327 5154 quod
3347 5086 3475 5140 coli-

1907 5179 1997 5225 tur
2040 5173 2058 5240 (
2085 5186 2210 5226 nam
2238 5171 2329 5225 alii
2360 5173 2581 5242 quidem
2613 5183 2944 5230 venerantur
2974 5190 3154 5230 veram
3191 5177 3472 5238 deitatem,

1905 5275 2026 5331 qua
2053 5261 2185 5315 etin
2221 5259 2400 5324 Patre,
2432 5270 2486 5318 et
2510 5261 2670 5327 Filio,
2703 5274 2757 5320 et
2787 5264 2992 5334 Spiritu
3042 5275 3234 5319 sancto
3285 5264 3474 5318 cousi-

1905 5352 2171 5418 deratur;
2209 5352 2302 5406 alii
2356 5369 2487 5410 vero
2517 5355 2585 5409 ad
2615 5356 2880 5410 absurdas
2921 5355 3205 5423 opiniones
3244 5355 3470 5423 delapsi,

1908 5446 1962 5501 in
1991 5452 2245 5502 creatura
2277 5445 2382 5502 tale
2413 5447 2541 5517 quid
2581 5461 2704 5502 esse
2735 5445 3082 5516 suspicantur
3115 5464 3128 5500 :
3192 5458 3354 5517 atque
3394 5444 3475 5497 id-
