1976 3077
198 155 232 181 19
815 154 956 185 NOTITIA
976 155 1021 184 EX
1041 155 1210 185 FABRICIO.
1792 157 1826 184 Ξυ

199 211 311 247 majoris
326 213 426 248 operis,
444 213 470 240 in
486 221 541 248 quo
557 212 677 242 dillicilia
693 215 843 251 Scriptura;
864 217 923 244 loca
936 223 986 243 au-
1001 217 1022 244 Α
1037 222 1145 243 excusse
1158 235 1166 246 .
1197 213 1291 242 eodem
1323 214 1471 249 interprete
1522 212 1614 241 Lutet.
1650 220 1695 249 ap.
1726 212 1828 242 Vasco-

199 262 260 285 ctor
275 258 430 286 illustravit.
451 257 533 285 Fssn.
557 259 639 286 Conl'.
656 259 761 287 Semlcr
782 260 799 287 l.
817 268 842 288 e.
859 268 920 296 pag.
937 261 987 288 184

200 311 273 339 sqq.,
297 304 348 332 192
366 312 426 340 sqq.
444 304 594 332 Schroeckh
613 313 639 340 p.
655 306 689 333 74
705 314 766 341 sqq.
782 307 864 334 etiam
879 307 912 334 de
927 315 985 342 seq.

198 358 295 385 opusc.
310 349 439 378 Lambec.
452 355 479 378 et
492 351 596 379 Kollar.
611 351 718 380 Comm.
732 352 776 386 III,
792 360 853 388 pag.
866 353 985 388 δυξας.

199 396 307 424 de-cod.
321 395 401 424 LXV.
418 396 504 424 11Αιιι.

237 441 280 467 13.
297 440 336 467 Ad
354 440 538 469 Theodosium
555 442 725 477 episcopum,
745 442 867 477 Epistola
880 442 913 469 de
940 451 988 469 en-

198 487 374 522 gastrimytho
390 487 441 521 (a),
456 495 518 522 pag.
532 487 662 518 867871.
678 495 740 515 cum
756 488 880 522 ejusdem
895 487 986 515 Bucari

199 533 325 561 versione
351 537 378 561 et
400 533 482 560 notis.
511 533 620 568 Incipit:
655 534 684 561 '0
704 533 789 561 εἰπὼν
812 534 868 566 τοῖς
890 533 986 561 ἑαυτοῦ

200 579 345 615 μαθηταῖς.
366 579 395 606 1η
412 579 464 606 line
479 583 605 611 testatur,
622 587 652 607 se
669 579 724 615 ιδίῳ
737 579 809 615 λόγῳ
825 579 915 608 fusius
935 588 986 607 ex-

197 626 316 661 plicasse
341 625 401 657 πῶς
423 626 602 661 παραγίνεται
623 625 653 652 τὸ
680 625 788 661 πνεῦμα
813 626 866 661 πρὸ
889 622 982 661 βαπτίὲ

200 680 311 707 σματος.
338 671 372 698 At
387 672 533 705 sententia,
562 679 615 707 qua
631 679 684 699 non
700 679 795 699 verum
818 671 985 704 Samuelem,

198 719 245 745 sed
259 719 408 746 daemonem
421 718 472 745 sub
486 718 621 745 Samuelis
637 718 728 753 specie
741 717 817 745 Sauli
828 717 987 753 apparuisse

198 765 331 799 disputat,
355 766 511 792 communis
527 765 577 798 ipsi
593 768 636 792 est
649 771 710 791 cum
728 765 851 799 pluribus
866 763 987 799 antiquis

165 809 169 814 '
199 809 329 837 Ecclesiae
343 809 513 842 doctoribus,
528 814 557 837 ut
570 810 768 838 demonstravit
783 809 900 837 Allatius
913 809 985 836 Diss.

197 855 230 883 de
244 856 450 891 engasln’mytho
466 856 512 892 [ad
531 855 652 884 Eustath.
669 856 793 883 Antioch.
807 857 988 883 Hexaemeron

197 910 226 930 v.
251 909 310 937 cap.
334 910 391 936 seq.
417 902 467 937 §I,
489 910 530 929 nr.
550 902 594 938 2].
611 902 754 929 Prodierat
777 902 829 929 hoc
856 901 987 936 scriptum
1006 893 1026 920 Β

197 946 314 982 Nysseni
328 955 388 974 cum
407 947 496 975 Ducaei
510 949 645 980 versione,
663 948 813 983 Ingolstad.
827 947 907 979 1596,
926 947 953 974 8.

234 993 278 1020 14.
298 995 351 1025 Εἰς
366 993 423 1027 τὴν
439 994 547 1022 ἑαυτοῦ
561 995 764 1029 χειροτονίαν,
781 1003 840 1021 eum
853 994 989 1029 episcopus

199 1039 337 1066 ordinatus
364 1045 430 1066 esset
449 1040 503 1075 (ὁ),
528 1047 555 1075 p.
588 1040 727 1072 879-879,
754 1047 816 1066 cum
843 1038 990 1068 Frontonis

199 1085 288 1112 Duczci
314 1086 440 1113 versione
468 1093 500 1112 ac
526 1086 608 1113 netis.
634 1086 749 1120 Incipit:
765 1084 849 1112 Ἦλθε
876 1085 923 1112 καὶ
947 1086 989 1119 ἐφ’

197 1131 272 1165 ἡμᾶς
302 1132 318 1166 ή
348 1131 396 1166 ιῆς
429 1131 617 1167 πνευματικῆς
649 1132 796 1163 ἑστιάσεως
822 1131 987 1166 λειτουργίαι.

197 1175 269 1203 Cital
283 1175 402 1203 Joannes
423 1176 606 1204 Damascenus
621 1177 647 1203 in
667 1176 820 1208 Parallelis,
843 1183 903 1211 pag.
926 1177 988 1209 775,

199 1221 252 1249 sub
267 1222 346 1248 titulo
361 1221 429 1257 Περὶ
445 1222 494 1257 τῆς
518 1223 546 1248 ὲν
569 1222 774 1248 Κωνσταντίνου
802 1222 877 1248 πόλει
904 1230 988 1248 κατα-

199 1268 320 1299 στάσεως
343 1267 389 1294 τοῦ
414 1268 492 1301 ἁγίου
519 1268 680 1303 Γρηγορίου.
710 1267 804 1302 Itaque
819 1267 875 1294 haec
900 1267 989 1294 oratio

198 1313 271 1341 dicta
293 1321 318 1340 a.
345 1313 376 1341 C.
404 1313 466 1345 391,
484 1314 511 1341 in
535 1314 652 1340 concilio
673 1313 987 1348 Constantinopolitano,

199 1367 253 1386 non
275 1363 364 1386 autem
381 1360 443 1392 572,
460 1367 514 1395 quo
530 1360 676 1394 episcopus
691 1359 835 1386 ordinatus
848 1363 900 1387 est.
917 1359 990 1386 Con-

199 1404 241 1432 fer
257 1405 462 1432 Tilleulonlium
487 1410 552 1431 tom.
576 1404 620 1434 IX.
638 1413 664 1439 p.
683 1405 744 1437 775,
762 1405 823 1432 774.
846 1404 989 1432 Prodierat

200 1458 262 1478 cum
280 1450 369 1477 Ducaii
383 1450 507 1477 versione
526 1450 674 1485 Ingolstad.
691 1450 773 1482 1596,
791 1451 818 1478 8.

236 1497 278 1524 15.
301 1496 401 1524 Contra
416 1497 609 1531 Apollinarium
623 1497 860 1531 fragmentum(c),
875 1505 902 1532 p.
923 1496 987 1528 879,

199 1541 262 1573 880,
278 1549 339 1568 cum
355 1541 476 1575 ejusdem
497 1542 588 1569 Ducazi
607 1542 831 1577 interpretatione
858 1550 919 1569 cum
936 1551 989 1577 qua
1003 1558 1027 1588 ο

197 1587 254 1622 jam
267 1588 356 1615 lucem
368 1589 471 1615 viderat
486 1589 634 1624 Ingolslad.
650 1589 729 1623 1596,
742 1589 768 1617 8.
781 1589 893 1624 Incipit:
907 1590 990 1616 Ὥστε

201 1633 322 1665 κίνδυνός
353 1635 427 1661 ἐστιν
440 1635 506 1670 ἡμῖν
519 1634 616 1666 οὐδείς.
629 1635 709 1662 Aliud
725 1635 841 1670 Nysseni
857 1634 992 1670 fragmen-

200 1683 258 1706 tum
275 1680 400 1708 adversus
417 1680 612 1715 Apollinarium
629 1688 645 1708 e
664 1685 737 1708 msto
752 1681 876 1709 Caesareo
898 1672 992 1709 Graece

200 1725 352 1760 publicavit
376 1726 538 1754 Lambecius
559 1726 602 1760 Ill,
624 1735 652 1762 p.
668 1728 720 1755 167
739 1727 778 1763 [p.
797 1727 860 1761 416,
878 1735 920 1762 sq.
947 1727 990 1755 ed.

201 1770 304 1800 Kollar.
325 1772 404 1808 cujus
423 1777 491 1800 nott.
515 1773 577 1801 vide
597 1774 657 1810 IL].

236 1828 279 1856 16.
301 1829 370 1863 Περὶ
391 1830 606 1864 φιλοπτωχίας,
633 1829 669 1856 De
685 1829 844 1864 pauperibus
864 1829 992 1856 charilale

201 1875 414 1909 complectendis,
434 1876 511 1910 λόγος
528 1875 549 1911 β’
566 1876 652 1911 (prior
677 1875 773 1903 Latine
789 1875 871 1909 infra,
887 1884 929 1903 nr.
945 1876 991 1908 21,

200 1924 228 1946 et
244 1919 337 1957 Graece
352 1928 393 1946 nr.
412 1920 467 1955 72).
485 1921 512 1946 in
528 1921 593 1947 illud
609 1920 703 1948 Matth.
718 1929 780 1953 xxv,
797 1921 843 1952 40,
857 1920 992 1952 Quatenus

201 1964 247 1990 uni
266 1972 298 1990 ea:
308 1964 347 1990 his
362 1964 472 1998 fecistis,
488 1964 551 1991 mihi
562 1965 661 1998 fecistis
671 1965 720 2001 (Δ),
737 1973 763 2000 p.
781 1965 912 1999 881-893,
930 1974 993 1993 cum

200 2008 276 2036 Petri
292 2009 430 2037 Francisci
458 2009 517 2036 Ziui
542 2011 678 2044 versione,
693 2019 755 2045 qua:
776 2011 915 2046 prodierat
940 2011 993 2039 Ve-

203 2059 258 2082 net.
276 2054 356 2085 1571,
374 2054 400 2087 8,
422 2058 450 2082 ct
472 2063 553 2089 quam
576 2055 643 2083 locis
666 2056 806 2083 nonnullis
829 2056 944 2091 castigat
965 2056 994 2083 in

203 2100 276 2128 notis
300 2100 425 2128 Ducaius.
442 2100 538 2135 Incipit
556 2111 562 2127 :
585 2102 646 2127 Ἔτι
667 2102 735 2137 πρὸς
757 2101 794 2136 τῷ
812 2101 928 2137 θεάματι
945 2102 995 2137 τῆς

203 2146 321 2182 φοϐερᾶς
335 2146 382 2173 τοῦ
401 2147 531 2182 βασιλέως
543 2147 702 2182 ἐπιφανείας
718 2148 785 2183 ειμι.
811 2148 904 2175 Grmce
919 2147 995 2175 vide-

203 2198 246 2220 rat
260 2194 349 2221 lucem
364 2195 490 2229 Augustze
505 2194 575 2228 apud
591 2193 748 2229 Mangerum
765 2194 844 2226 1587,
858 2195 885 2226 8,
898 2194 996 2222 edente

1039 269 1100 290 san.
1129 261 1209 293 1550,
1238 261 1265 288 ὁ.
1289 260 1321 288 ν.
1348 260 1483 288 Maittaire
1510 261 1543 287 Δ.
1571 264 1592 288 ι.
1611 259 1643 291 Il,
1666 268 1693 295 p.
1716 260 1830 288 586.---

1039 305 1159 334 Venetiis
1186 305 1256 340 apud
1281 305 1342 332 Aldi
1364 305 1445 333 ﬁlios.
1465 302 1545 337 1550,
1567 304 1594 332 8.
1617 303 1650 332 V.
1673 303 1746 331 Seria
1768 304 1829 332 dell‘

1039 351 1118 379 Ediz.
1131 350 1236 385 Aldine,
1258 359 1286 386 p.
1299 351 1344 378 90.
1357 350 1426 378 lllud
1438 358 1534 386 opusc.
1547 353 1589 378 est
1603 350 1631 377 in
1643 350 1731 378 tribus
1746 350 1828 379 codd.

1038 397 1106 426 bibl.
1119 397 1208 426 Paris.
1230 398 1304 432 publ.
1324 396 1410 424 Hanc.

1074 442 1118 470 17.
1145 443 1226 470 Κατὰ
1255 441 1566 477 εΙμαρμέν-ης,ϐοπιι·σ
1595 441 1681 475 fatum
1706 440 1828 476 disputa-

1039 489 1075 516 tio
1091 497 1151 516 cum
1173 489 1276 516 ειὴηίεο
1291 489 1458 524 philosopho,
1476 488 1606 522 adjuncta
1623 487 1746 522 ejusdem
1770 487 1828 514 Ziui

1038 535 1164 562 versione
1189 534 1236 568 (e),
1264 541 1326 568 pag.
1363 532 1497 561 891-915.
1529 531 1626 567 Incipit
1652 541 1660 560 :
1685 532 1829 568 Μέμνησαι

1039 578 1147 610 πάντως
1158 579 1199 605 ὅτι
1211 587 1256 614 μοι
1271 578 1392 612 γέγονεν.
1408 578 1479 605 Cilat
1493 577 1656 604 Anastasius
1672 582 1770 612 quiest.
1785 577 1828 604 19.

1039 625 1213 652 Tillemontio
1245 625 1354 652 videtur
1386 624 1491 659 scripta
1526 622 1764 658 Constantinopoli
1802 629 1827 649 a.

1038 672 1068 699 (ἶ.
1089 671 1151 699 381.
1168 671 1237 699 Vide
1250 672 1310 706 ejus
1325 671 1470 698 Memorias
1488 674 1554 697 tom.
1570 669 1617 702 1X,
1636 677 1698 705 pag.
1713 668 1769 697 586
1785 677 1828 704 sq.

1038 717 1121 745 Fanu.
1138 717 1219 752 Greg.
1233 717 1314 753 Nyss.
1328 717 1411 745 libelli
1427 720 1489 749 octo
1501 716 1541 743 De
1555 716 1668 747 homine,
1684 715 1720 742 De
1728 715 1828 746 animo,

1039 764 1078 792 De
1099 764 1244 795 elementis,
1266 763 1304 790 De
1322 763 1421 790 viribus
1436 763 1543 794 animm,
1569 761 1605 788 De
1617 760 1777 792 voluntario,
1792 759 1831 787 De

1040 810 1228 841 inaoluntario,
1252 809 1290 836 De
1306 809 1372 844 fato,
1389 809 1426 836 De
1442 808 1522 835 libero
1539 807 1661 839 arbitrio,
1686 805 1721 833 De
1734 806 1827 833 Prori-

1039 857 1139 889 denlia,
1149 860 1214 889 etc.,
1225 854 1332 887 Latine.
1343 854 1506 889 Argentium,
1521 853 1592 889 typis
1606 852 1726 880 Matthiae
1744 851 1830 879 Schu-

1042 910 1109 934 rer.,
1135 901 1214 933 1512,
1243 901 1290 929 l'ol.
1322 900 1353 928 V.
1370 899 1539 927 Lambaclicr
1565 899 1592 926 in
1620 898 1689 926 Bibl.
1719 897 1830 931 antiqua

1040 948 1129 975 civica
1150 947 1269 974 Vindob.
1286 955 1313 981 p.
1342 945 1388 977 90.
1412 950 1439 973 et
1463 945 1514 972 cel.
1542 944 1656 971 Panzer.
1681 942 1714 971 Δ.
1741 946 1762 969 t.
1784 941 1829 972 VI,

1041 1001 1102 1029 pag.
1127 993 1173 1026 55,
1199 1001 1242 1020 nr.
1268 990 1460 1020 Sil—Cod.
1484 990 1574 1022 DLIX,
1591 990 1618 1016 in
1634 989 1701 1016 bibl.
1727 987 1830 1015 Veneta

1041 1039 1125 1067 Marc.
1156 1046 1218 1074 pag.
1242 1038 1313 1070 295,
1344 1037 1404 1065 Cat.
1434 1037 1514 1064 codd.
1546 1035 1592 1064 Gr.
1619 1049 1654 1055 —
1680 1033 1772 1062 Paris.
1802 1033 1830 1060 in

1040 1085 1101 1113 cod.
1122 1083 1189 1116 DIII,
1209 1083 1274 1110 bibl.
1286 1083 1366 1110 Publ.
1382 1081 1471 1110 HanL.

1078 1130 1121 1158 18.
1131 1130 1208 1163 Πρὸς
1223 1129 1375 1162 Ἕλληνας
1384 1128 1419 1155 ἐκ
1431 1127 1491 1154 τῶν
1509 1125 1618 1154 κοινῶν
1627 1124 1831 1157 ἐννοιῶν-,ΑΔ-

1041 1184 1129 1204 tersus
1141 1167 1257 1202 ethnicos
1275 1175 1309 1202 de
1319 1173 1375 1202 Deo
1388 1174 1458 1201 trino
1471 1181 1503 1200 ea:
1517 1172 1698 1200 communibus
1710 1171 1829 1198 notioni-

1042 1222 1088 1249 bus
1105 1221 1160 1258 (ι’),
1183 1229 1209 1256 p.
1233 1220 1367 1252 914-921,
1390 1227 1452 1247 cum
1474 1219 1603 1247 versione
1626 1216 1747 1245 Federiei
1776 1215 1831 1244 Mo-

1041 1267 1112 1295 relli.
1136 1266 1254 1301 Incipit:
1270 1265 1303 1292 El
1323 1265 1354 1291 τὸ
1374 1264 1440 1296 Θεὸς
1461 1263 1546 1299 ὄνομα
1564 1263 1719 1299 προσώπων
1743 1261 1829 1297 δηλω-

1040 1314 1115 1341 τικόν
1121 1332 1129 1341 .

1078 1360 1121 1388 19.
1140 1359 1210 1394 Περὶ
1225 1357 1338 1394 ψυχῆς,
1362 1357 1400 1385 De
1419 1358 1518 1389 animo,
1546 1364 1608 1384 cum
1631 1355 1754 1391 ejusdem
1777 1355 1832 1382 Μο-

1040 1407 1099 1435 relli
1120 1406 1246 1434 versione
1262 1405 1309 1440 (g),
1325 1411 1386 1439 pag.
1403 1402 1536 1430 922-945.
1557 1402 1654 1436 Incipit
1671 1411 1677 1428 ε
1694 1399 1831 1435 Διαπεφώ-

1040 1461 1118 1488 νηται
1145 1451 1236 1486 σχεδὸν
1262 1450 1346 1477 ἅπασι
1369 1449 1426 1480 τοῖς
1454 1447 1587 1478 παλαιοῖς.
1609 1446 1668 1473 Non
1696 1450 1739 1473 est
1759 1443 1828 1479 Nys-

1042 1499 1112 1529 seni,
1137 1497 1184 1525 sed
1207 1500 1288 1530 caput
1310 1493 1460 1523 secundum
1480 1499 1506 1521 et
1523 1493 1633 1524 tertium
1658 1491 1776 1519 Nemesii
1792 1490 1832 1517 De

1042 1549 1139 1572 natura
1157 1542 1282 1569 hominis.
1311 1540 1392 1569 Fann.
1408 1539 1465 1568 Sub
1484 1540 1595 1567 nomine
1612 1539 1691 1574 Greg.
1704 1537 1785 1574 Nyss.
1804 1537 1830 1564 in

1042 1590 1105 1617 cod.
1121 1587 1247 1615 Monach.
1262 1585 1355 1613 LXXI.
1377 1585 1406 1612 V.
1425 1585 1484 1612 Cat.
1503 1584 1583 1612 codd.
1597 1583 1645 1611 Gr.
1664 1584 1729 1610 Bav.
1743 1591 1768 1618 p.
1785 1582 1829 1609 2-1.

1041 1650 1077 1655 —
1091 1634 1120 1660 In
1136 1633 1197 1660 cod.
1222 1632 1337 1666 August.
1356 1629 1463 1657 Vindel.
1488 1635 1557 1658 teste
1583 1629 1696 1656 Reisero
1724 1629 1750 1655 in
1771 1628 1830 1655 Cat.

1043 1689 1069 1716 p.
1082 1680 1127 1707 21.
1140 1679 1217 1706 Conf.
1240 1678 1276 1704 cl.
1291 1676 1408 1703 Mattheei
1428 1676 1461 1703 ad
1478 1675 1636 1704 Nemesium
1649 1682 1711 1709 cap.
1731 1674 1748 1701 2
1765 1674 1831 1706 διδ,

1043 1736 1070 1763 p.
1090 1727 1124 1753 67
1142 1734 1202 1760 sqq.
1221 1725 1305 1752 IIARL.

1077 1786 1121 1813 20.
1144 1784 1267 1819 Epistola
1281 1791 1409 1811 canonica
1427 1783 1461 1809 ad
1476 1781 1607 1814 Letoium,
1626 1781 1672 1816 qui
1687 1780 1714 1807 in
1731 1780 1834 1815 episco-

1044 1837 1108 1868 patu
1125 1831 1261 1859 Mclitines
1272 1830 1455 1866 Cappadociae
1474 1829 1539 1864 (non
1551 1827 1706 1864 Mytilenes,
1721 1832 1750 1854 ut
1767 1826 1834 1853 Pos-

1044 1879 1178 1914 sevinus),
1209 1881 1272 1913 post
1301 1885 1329 1904 a.
1356 1876 1386 1904 C.
1403 1875 1466 1910 381,
1486 1875 1579 1903 Otreio
1603 1874 1746 1906 successit,
1770 1879 1832 1899 cum

1043 1925 1171 1953 Gentiani
1190 1923 1300 1951 Herveti
1315 1922 1454 1954 versione,
1476 1928 1536 1955 quae
1550 1921 1612 1956 plus
1635 1919 1717 1947 semel
1733 1917 1833 1953 prodiit

1044 1972 1115 1999 inter
1145 1969 1277 2006 epistolas
1310 1967 1361 1996 SS.
1390 1967 1501 1994 Patrum
1527 1965 1692 1995 canonicas,
1721 1962 1833 1990 scholiis

1045 2017 1149 2045 Theod.
1174 2015 1355 2047 Balsamonis,
1379 2012 1459 2040 Joan.
1490 2010 1614 2040 Zonaras,
1641 2014 1723 2044 atque
1746 2007 1834 2034 Alexii

1044 2063 1163 2091 Arisleni
1192 2062 1343 2089 illustratas
1367 2057 1415 2093 (h).
1450 2057 1575 2091 Incipit:
1604 2055 1652 2081 ’Ἐν
1681 2054 1727 2080 καὶ
1755 2052 1835 2080 τοῦτο

1044 2109 1098 2136 τῶν
1112 2109 1151 2140 εἰς
1163 2108 1211 2143 τὴν
1223 2106 1303 2141 ἁγίαν
1316 2104 1412 2140 ἑορτήν
1424 2104 1467 2138 (ἱ),
1482 2111 1508 2137 p.
1520 2100 1652 2135 946-955.
1665 2099 1740 2127 Vidit
1751 2099 1833 2126 etiam

1045 2155 1134 2182 lucem
1150 2152 1271 2181 Venetiis
1286 2150 1365 2183 1581,
1382 2149 1410 2181 4,
1432 2156 1494 2182 cum
1510 2145 1694 2174 Pmnitentiali
1710 2144 1836 2172 Romano

1046 2204 1073 2228 et
1097 2199 1181 2226 variis
1210 2195 1364 2224 canonibus
1392 2192 1628 2230 pcenitenlialibus
1651 2196 1677 2219 et
1702 2190 1780 2218 Beda
1803 2197 1836 2217 ac

203 2238 369 2272 “0350mm,
393 2249 446 2267 “0"
464 2240 542 2272 1527'
566 2243 595 2266 υῑ
616 2240 642 2266 in
660 2240 750 2267 υυείέῖ
767 2239 839 2268 ῐιοιῖε
858 2247 989 2268 exc"sum
1008 2234 1151 2278 DItabaui
1180 2243 1251 2270 libro
1277 2240 1491 2271 Pmnitentium,
1524 2246 1588 2265 cum
1622 2237 1695 2265 notis
1724 2235 1836 2263 Antonii

202 2288 254 2311 est.
274 2283 357 2311 Faun.
382 2285 494 2320 Grcgor.
512 2285 640 2313 Nazianz.
666 2285 704 2312 De
721 2285 879 2319 pauperibus
901 2295 990 2313 aman-

202 2330 260 2361 Δία,
286 2335 356 2358 orat.
384 2330 456 2363 Lat.,
472 2331 553 2358 Petro
582 2331 678 2358 Franc.
710 2331 793 2365 Zino,
820 2331 990 2366 Veronensi,

203 2377 365 2412 interprete:
386 2377 509 2412 Gregorii
530 2377 646 2413 Nysseni
663 2379 688 2405 in
712 2378 783 2406 idem
802 2385 990 2413 argumentum

202 2428 283 2450 oratt.
300 2424 361 2451 dna:
382 2423 638 2460 Laline,nnnquam
657 2425 771 2452 antehac
794 2434 881 2461 neque
895 2428 989 2457 Latine

239 2519 278 2557 (ᾳ)
298 2519 326 2557 In
345 2520 410 2548 edit.
425 2529 450 2548 a.
469 2521 546 2554 1658,
559 2525 625 2548 tom.
640 2520 673 2550 II.
692 2531 718 2557 p.
730 2522 773 2549 35.

239 2554 276 2588 (ιγ)
298 2554 362 2590 Pag.
379 2557 422 2584 10.

239 2590 275 2625 (c)
296 2589 361 2625 Pag.
377 2592 422 2618 47.

239 2625 279 2660 (tt)
299 2624 364 2661 Pag.
382 2627 427 2654 49.

240 2661 275 2695 (el
296 2660 360 2694 Pag.
381 2662 426 2688 62.

239 2697 278 2731 (Γ)
299 2695 364 2731 Pag-
382 2697 426 2725 82-

239 2730 277 2801 8g.)
298 2730 363 2766 Pag.
379 2731 423 2759 90.

270 2769 278 2801 )
305 2766 333 2793 In
355 2766 423 2794 Joan

249 2765 278 2802 h)
305 2765 434 2794 In’Joan.
464 2768 575 2795 Zonarae
605 2771 632 2794 et
656 2766 793 2795 Theodori
822 2765 993 2802 Balsamonis

204 2803 377 2838 Syntagmate
406 2811 551 2835 canonum,
579 2810 640 2830 cum
668 2811 763 2830 eorum
789 2801 993 2838 commentariis

204 2836 318 2868 Graecis,
337 2837 425 2865 Lutet.
445 2838 533 2866 Paris.
551 2838 620 2865 1618
641 2841 669 2864 et
685 2837 765 2870 1620,
787 2842 854 2865 tom.
877 2836 910 2868 Il,
929 2843 991 2871 pag.

206 2872 373 2901 1055-1059.
387 2888 418 2893 ——
436 2876 464 2903 In
486 2873 621 2907 Beveregii
646 2872 777 2908 Synodico
792 2877 858 2900 tom.
880 2872 913 2905 11,
930 2878 990 2906 pag.

1050 2287 1205 2324 Augustini,
1230 2293 1335 2313 necnon
1368 2284 1435 2312 ibid.
1464 2283 1543 2314 1585.
1561 2282 1588 2314 8,
1615 2290 1670 2308 una
1692 2288 1754 2308 cum
1773 2280 1834 2307 aliis

1045 2334 1209 2371 quibusdam
1241 2330 1374 2366 Nysseni,
1401 2330 1550 2364 interprete
1575 2327 1692 2354 Maximo
1727 2325 1837 2360 Mergu-

1045 2383 1103 2413 nio,
1131 2379 1259 2414 episcopo
1281 2376 1453 2412 Cytherensi.
1469 2375 1569 2402 Confer
1589 2373 1774 2404 Lambecium,
1791 2371 1833 2406 Ill,

1045 2434 1106 2463 pag.
1118 2425 1179 2456 101,
1191 2422 1252 2453 155,
1267 2421 1316 2448 149
1330 2420 1376 2454 (j).
1391 2420 1514 2454 Respicit
1528 2418 1674 2446 concilium
1692 2417 1720 2443 in
1742 2416 1835 2443 'l‘rullo

1046 2517 1108 2548 581,
1132 2525 1179 2543 vui
1205 2522 1337 2543 canones.
1353 2513 1428 2541 —In
1446 2506 1833 2548 Collectionenconcilior:ﬁed.

1047 2541 1334 2586 L‘aiilieiupagn1775
1360 2557 1421 2586 sqq.
1456 2548 1487 2574 ν.
1517 2549 1570 2575 vol.
1595 2546 1630 2573 XI
1676 2551 1736 2579 pag.
1755 2541 1790 2569 56
1807 2545 1834 2569 et

1047 2588 1114 2620 590;
1131 2584 1193 2613 add.
1205 2584 1270 2621 pag.
1292 2585 1353 2612 157.
1374 2584 1460 2612 HARL.

1083 2623 1113 2649 (il
1135 2622 1201 2649 Pau.
1222 2621 1282 2649 111.

1094 2624 1113 2651 2')
1135 2622 1201 2651 Ριιιξ.
1222 2622 1282 2649 111.

1094 2624 1113 2651 n
1135 2623 1201 2655 Pag.
1222 2623 1282 2649 ιιι.

1083 2623 1120 2693 ij)
1141 2655 1386 2693 Vide_co»d.ﬁL|X,
1407 2662 1451 2693 nr.
1479 2653 1520 2693 18.
1667 2646 1832 2693 co‘mmLIIMI:

1067 2685 1178 2728 ειξᾷῆδθ
1195 2691 1238 2718 ea.
1254 2691 1355 2728 Kollar.
1371 2685 1406 2710 '_
1423 2692 1449 2728 in
1465 2688 1526 2728 cod.
1543 2685 1633 2713 vau
1648 2707 1655 2728 ,
1668 2685 1738 2712 inter
1749 2689 1833 2728 epeia

1067 2702 1109 2728 ag.
1125 2702 1178 2719 200
1195 2702 1238 2718 Ctl.
1254 2702 1355 2719 nouar.
1371 2705 1406 2710 —
1423 2702 1449 2717 ιιι
1465 2702 1526 2715 cuu.
1543 2702 1605 2713 μην
1616 2702 1633 2712 ιι
1648 2707 1655 2718 ,
1668 2702 1733 2712 ...ιω
1751 2702 1832 2717 “re...

1046 2702 1150 2760 Basilii,
1177 2728 1220 2754 cui
1246 2726 1311 2753 illud
1328 2725 1481 2754 cncomiqu
1505 2724 1592 2760 ineo
1606 2721 1665 2748 cod.
1680 2725 1832 2760 perper-api

1045 2756 1225 2793 attribuitur,
1249 2765 1361 2789 notante
1389 2759 1515 2786 Lambee.
1539 2758 1606 2783 ibid.
1630 2764 1658 2791 p.
1679 2756 1743 2782 35L
1758 2759 1834 2777 -ιιι

1045 2799 1106 2826 cod.
1131 2796 1248 2829 ιλχνι,
1272 2804 1316 2824 nr.
1337 2796 1364 2826 5,
1389 2796 1472 2822 inscr.
1498 2793 1626 2829 auonyrmi
1649 2793 1833 2829 excerptancx

1227 2821 1464 2868 epistolaiquadam
1471 2821 1593 2868 pascbaii
1604 2836 1611 2860 ;
1624 2827 1670 2868 sed
1679 2821 1832 2868 Lambulll'.

1454 2856 1513 2900 ej'us
1533 2856 1621 2900 iNyss.
1643 2861 1730 2896 Epist.
1751 2858 1785 2886 ad
1801 2856 1832 2884 S.
