1976 3077
152 137 189 166 25
758 141 897 172 NOTITIA
920 144 963 172 EX
989 145 1157 174 FABRICIO.
1741 146 1779 174 2τῖ

152 196 278 230 545611,
295 203 356 222 cum
373 197 444 224 notis
461 197 562 229 Ducazi,
578 202 605 225 et
622 200 747 227 versione
764 199 836 228 Petri
860 201 941 229 Gale-
957 205 980 233 Α
994 203 1071 230 bonae
1090 207 1172 235 notze,
1196 207 1223 230 et
1240 207 1269 230 ut
1290 203 1437 238 plurimum
1458 204 1485 230 iu
1507 203 1552 235 iis,
1577 211 1638 238 quae
1660 203 1778 238 alicujus

153 242 225 274 sinii,
240 249 300 277 qua:
311 242 398 269 lucem
414 243 481 269 vidit
498 242 577 271 Rom.
594 244 674 276 I562,
689 245 715 276 ι,
731 252 774 280 ap.
792 246 822 273 P.
835 245 940 275 Manut.

151 287 286 316 Prmterea
306 287 379 315 hunc
395 289 496 316 librum
521 297 583 316 cum
601 290 727 318 versione
740 298 791 318 sua
813 293 943 327 notisque

152 336 272 371 vulgavit
282 335 402 363 Joannes
414 335 572 369 Liveneius,
588 335 729 371 Antwerp.
750 345 783 364 ex
798 337 843 364 oll‘.
860 338 941 366 Plan-

151 380 202 408 tin.
213 379 292 413 1576,
304 380 332 406 ι.
341 379 452 414 Incipit:
469 379 497 406 '0
510 380 560 414 μὲν
574 381 674 412 σκοπὸς
687 381 733 407 τοῦ
740 381 818 416 λόγου
831 383 939 410 ἐστὶν...

151 424 298 460 ἐπιθυμίαν
324 425 374 460 τῆς
405 426 466 451 κατ’
499 425 691 461 ἀρετὴνζωῆς.
724 426 850 462 Scriptus
866 420 940 456 circa

151 479 178 499 ει.
192 471 223 498 C.
237 471 300 498 571.
315 470 346 498 In
358 470 474 499 Livineii
487 472 612 499 versione
624 473 755 500 nonnulla
767 475 940 509 reprehendit

151 517 248 544 Billius
262 517 334 552 apud
346 516 537 546 Passerinum.
552 517 635 544 Faaa.
651 517 766 546 Strenue
778 524 806 546 et
818 520 940 548 inconsi-

151 563 281 591 tlcranter
296 563 480 595 commendat,
497 563 627 598 abreptus
642 565 841 592 consuetudine
853 569 880 593 et
895 566 940 600 ju-

150 609 224 636 dicio
248 610 375 642 aliorum,
399 614 504 637 mutata
520 610 633 645 pristina
656 612 802 645 sententia,
826 613 940 639 cmiiha-

151 659 218 683 tum.
234 654 267 684 ν.
283 655 442 684 Schrmckh.
466 655 538 682 Hist.
561 655 660 684 Eccles.
681 662 752 692 part.
766 665 825 690 vni,
848 666 874 693 p.
886 659 940 686 252

150 709 212 737 sqq.
225 706 295 736 part.
310 710 366 734 xtv,
381 709 409 736 p.
426 702 441 729 6
457 706 484 729 et
503 702 548 729 151
575 711 616 738 sq.
640 703 666 730 id
681 704 841 738 opusculum
862 705 940 739 abju-

106 754 107 757 ‘
151 747 252 774 dicavit
272 747 398 783 Nysseno
412 747 569 780 Scultetus;
591 748 638 776 sed
654 749 822 776 contrarium
840 751 939 778 docent

151 793 192 821 Du
206 793 255 820 Pin
277 797 304 820 et
315 790 450 821 Oudinus.
464 794 569 821 Auctor
583 802 660 822 novae
673 795 739 822 edit.
753 795 779 822 in
792 796 866 830 praef.
880 804 937 824 rem

151 840 180 867 in
195 840 278 868 dubio
294 841 415 875 reliquit.
433 848 482 868 nec
500 840 607 874 Riveto,
625 849 651 876 p.
667 842 719 868 547
731 850 771 877 sq.
786 843 820 869 de
832 849 860 869 re
872 843 939 870 levis

152 886 281 912 momenti
298 886 377 912 libuit
389 885 625 913 altercari—Est
640 893 735 921 opusc.
749 887 775 913 in
788 887 849 913 cod.
863 888 938 922 regio

152 929 253 957 Matrit.
275 929 429 962 LXXXVII,
453 938 507 957 una
531 938 593 957 cum
614 930 729 965 Nysseni
759 932 940 965 explicatione

152 976 258 1011 apolog.
268 976 296 1003 in
311 976 503 1010 Hexaemeron,
519 981 546 1003 et
561 976 598 1003 De
613 977 717 1011 opiﬁcio
728 976 835 1004 hom.V.
849 977 938 1004 Iriart.

152 1024 206 1048 cat.
221 1021 301 1048 codd.
329 1021 429 1048 Matrit.
456 1029 483 1056 p.
509 1021 665 1048 556.--11.
687 1022 715 1048 in
739 1022 799 1049 cod.
823 1021 938 1050 LXXIV.

152 1075 207 1094 una
222 1075 283 1094 cum
297 1067 375 1102 Nyss.
386 1067 510 1102 apologia
523 1067 550 1094 in
568 1066 759 1099 Hexaemeron,
774 1071 801 1095 et
816 1075 941 1095 sermone

152 1112 186 1140 In
206 1113 374 1140 dormientes.
399 1112 432 1140 V.
445 1113 533 1141 Iriart.
546 1120 608 1148 pag.
621 1112 670 1140 501
685 1121 726 1148 sq.
743 1114 771 1140 in
790 1113 851 1140 cod.
865 1112 939 1140 Tau-

150 1160 204 1188 rin.
232 1159 326 1187 LXXI.
347 1158 379 1187 γ.
401 1163 455 1186 cat.
478 1159 558 1187 codd.
578 1159 662 1186 'l‘aur.
679 1158 726 1186 Gr.
747 1167 774 1194 p.
791 1158 853 1191 I68,
870 1163 897 1186 et
912 1158 940 1186 in

151 1206 240 1234 tribus
255 1206 337 1233 codd.
353 1206 419 1233 bibl.
436 1206 510 1241 pubi.
530 1206 617 1233 Paris.
632 1205 718 1232 Hanc.

186 1253 231 1281 55.
246 1252 343 1280 Decem
358 1253 507 1287 syllogismi
520 1251 647 1279 adversus
664 1251 824 1279 Munia/neos
841 1251 891 1286 (a).
911 1258 938 1287 p.

151 1295 214 1329 612,
234 1305 297 1324 cum
319 1297 445 1324 versione
468 1296 615 1325 Frontonis
637 1296 740 1330 Ducasi,
761 1297 841 1331 cujus
857 1297 938 1324 etiam

151 1348 222 1371 nota:
233 1343 356 1371 videnda:
377 1351 404 1378 p.
425 1343 469 1370 I7.
486 1343 602 1377 Incipit:
620 1343 654 1369 Εἴ
670 1352 696 1369 τι
711 1343 744 1370 ἂν
766 1343 850 1370 κακὸν
862 1343 940 1370 κολα-

152 1389 238 1415 στέον.
256 1388 339 1416 Fam.
362 1388 391 1415 In
402 1389 454 1416 hoc
467 1389 558 1416 libello
575 1396 670 1423 parum
685 1390 760 1424 gravi
774 1380 939 1424 probatiirus

151 1439 210 1462 erat
230 1433 381 1470 Nysscnus,
404 1434 435 1461 τὸ
455 1434 538 1461 κακὴν
563 1442 614 1462 nec
630 1443 693 1462 esse
709 1435 865 1471 ἀγέννητον,
890 1443 940 1462 nec

150 1479 244 1506 οὐσίαν
259 1480 317 1507 sive
331 1479 370 1512 liv,
383 1480 448 1515 quia
470 1480 496 1507 id
518 1480 554 1508 sit
566 1481 652 1512 ποῖον,
668 1480 796 1515 qualitas.
815 1480 903 1507 IIAIIL.

993 252 1058 275 sunt
1088 247 1228 279 metuenti,
1255 249 1501 283 conspirantibus,
1521 248 1615 281 altero,
1639 247 1776 283 quondam

993 292 1215 324 Ull'enbachiano,
1230 299 1291 319 cum
1308 300 1365 320 var.
1399 294 1508 321 Iection.
1532 293 1632 328 partim
1658 293 1686 320 in
1708 299 1777 319 mar-

992 337 1065 372 gine,
1078 337 1175 372 partim
1193 338 1226 365 ad
1243 338 1344 366 calcem
1360 339 1479 373 scriptis,
1491 342 1518 366 et
1531 346 1611 373 quem
1625 341 1719 365 curate
1729 337 1778 365 de-

993 383 1103 417 scripsit
1118 381 1139 409 I.
1152 382 1185 410 1-1.
1204 382 1291 411 Maius
1315 384 1341 410 in
1356 384 1482 411 biblioth.
1508 382 1667 411 Uil‘enbach.
1693 387 1776 414 msta,

991 431 1062 463 part.
1080 436 1112 460 ιι,
1131 436 1158 463 p.
1188 428 1251 461 425,
1279 436 1353 464 sqq.;
1378 429 1463 456 altero
1486 428 1728 456 Hasselmanniano
1751 429 1777 464 (a

990 481 1150 508 possessore
1166 474 1249 506 illius,
1271 473 1388 501 Zachar.
1407 473 1617 505 Hasselmanno,
1638 473 1716 501 verbi
1737 473 1778 500 di-

990 520 1046 546 vini
1059 519 1131 554 apud
1144 519 1417 554 Ohlenburgenscsin
1432 519 1542 554 Wagria
1562 520 1698 551 ministro,
1708 527 1777 546 nun-

991 566 1111 600 cupato),
1127 565 1155 592 in
1170 573 1223 599 quo
1235 565 1448 600 colloquentium
1461 573 1614 598 sermones,
1634 564 1778 598 deseriptis

990 612 1075 638 rubro
1101 611 1193 638 colore
1224 611 1422 646 disputantium
1446 610 1568 646 Gregorii
1596 614 1622 638 et
1650 610 1778 637 Macrinte

991 657 1157 689 nominibus,
1172 664 1187 683 a
1205 664 1234 684 se
1250 657 1366 684 invicem
1377 657 1593 692 distinguuntur.
1608 656 1646 683 De
1660 656 1712 683 hoc
1720 655 1778 682 dia-

990 703 1063 738 logo,
1078 707 1104 729 et
1118 703 1152 730 de
1164 710 1261 737 opusc.
1275 702 1314 729 De
1337 699 1439 729 anima’
1449 703 1481 729 ad
1498 702 1641 729 historiam
1658 702 1777 736 antiquae

990 749 1168 784 philosophiae
1196 753 1223 776 et
1250 753 1371 776 veterum
1388 748 1577 784 philosophor.
1598 755 1631 774 ac
1663 746 1775 773 Patrum

989 795 1023 822 de
1044 795 1135 822 animo
1162 795 1306 830 opiniones
1331 795 1486 822 noscendas
1516 793 1593 820 valde
1617 793 1689 823 utili,
1715 792 1777 819 vide

990 840 1095 868 Semler
1112 841 1130 867 l.
1151 849 1175 868 c.
1196 849 1223 876 p.
1240 841 1293 868 255
1311 849 1371 876 sqq.
1384 845 1411 868 et
1430 839 1599 867 Schroeckb.
1619 847 1645 874 p.
1664 838 1699 865 97
1713 846 1775 873 sqq.

953 872 975 898 Β
989 891 1015 914 et
1034 886 1085 913 102
1107 893 1166 920 seq.
1184 872 1219 905 -——
1234 872 1413 913 Exstabvero
1438 880 1465 911 in
1491 872 1627 919 pluribus:
1636 883 1717 910 codd.
1737 872 1775 909 rex

989 931 1035 959 Gr.
1054 931 1188 959 Monachii
1206 932 1232 958 in
1242 931 1304 958 cod.
1317 929 1415 957 XXXII
1434 930 1530 957 Bavar.
1541 929 1698 964 —Angust.
1711 928 1777 956 Vin-

989 978 1042 1005 dcl.
1061 977 1113 1010 bis,
1128 982 1196 1005 teste
1213 977 1325 1005 Reisero
1339 978 1365 1004 in
1381 977 1443 1004 Cat.
1460 984 1486 1011 p.
1504 976 1540 1003 2‘3
1555 980 1582 1003 et
1601 977 1645 1002 54.
1663 991 1698 996 —-
1709 975 1776 1002 Vin—

989 1024 1052 1051 dob.
1067 1024 1094 1050 in
1112 1024 1173 1050 cod.
1191 1023 1291 1050 Caesar.
1304 1022 1399 1049 XVIII.
1411 1030 1453 1049 nr.
1467 1023 1492 1049 1.
1505 1021 1538 1048 ν.
1555 1021 1657 1048 Kollar.
1669 1022 1696 1047 in
1708 1027 1775 1054 sup—

989 1071 1071 1105 piem.
1088 1070 1122 1097 ad
1147 1069 1283 1096 Lambecii
1305 1069 1410 1096 Comm.
1431 1076 1458 1103 p.
1488 1068 1549 1095 I65.
1564 1083 1597 1087 —
1613 1066 1732 1094 Venetiis
1748 1066 1776 1093 in

989 1116 1056 1144 bibl.
1071 1115 1154 1143 Marc.
1169 1115 1245 1143 DCII.
1268 1115 1384 1151 Nysseni
1398 1114 1432 1141 ad
1458 1114 1605 1141 Macrinam
1624 1113 1661 1140 De
1686 1112 1776 1139 anima

990 1167 1014 1189 et
1033 1161 1231 1193 resurrectione,
1251 1165 1278 1188 et
1299 1161 1336 1187 De
1353 1161 1443 1187 anima
1458 1167 1558 1187 sermo.
1573 1174 1607 1179 —
1620 1158 1733 1184 Taurini
1746 1159 1772 1184 in

989 1208 1058 1236 bibi.
1075 1207 1141 1242 Reg.
1168 1207 1248 1234 codd.
1267 1205 1388 1238 XXXIV,
1416 1203 1507 1237 LXIX,
1534 1209 1560 1232 et
1587 1201 1774 1231 CCLXXXIX.

991 1251 1022 1279 V.
1034 1253 1093 1279 Cat.
1110 1251 1191 1279 codd.
1201 1250 1285 1278 Taur.
1301 1259 1362 1286 pag.
1375 1251 1437 1283 140,
1447 1249 1497 1277 159
1507 1254 1533 1277 et
1547 1249 1609 1276 586.
1621 1264 1646 1268 -
1664 1248 1776 1275 Floren-

990 1298 1035 1325 tiae
1051 1297 1076 1324 in
1095 1297 1162 1324 bibl.
1174 1297 1306 1324 Laurent.
1323 1296 1386 1323 cod.
1405 1295 1426 1328 1,
1444 1304 1486 1322 nr.
1506 1295 1534 1328 2,
1564 1295 1632 1330 plut.
1651 1294 1677 1321 7.
1697 1308 1731 1314 ——
1746 1293 1776 1320 In

989 1343 1050 1370 cod.
1064 1341 1174 1374 XXXV,
1187 1349 1231 1368 nr.
1246 1341 1282 1368 26
1296 1340 1387 1376 ejusd.
1410 1341 1477 1375 plut.
1494 1354 1529 1359 —
1541 1344 1568 1367 et
1581 1339 1608 1366 in
1622 1338 1683 1366 cod.
1705 1337 1775 1370 XIII,

990 1396 1032 1416 nr.
1049 1389 1076 1419 5,
1092 1388 1159 1423 plut.
1174 1387 1220 1415 86.
1234 1386 1296 1414 Vid.
1311 1378 1425 1413 Bandin.
1447 1390 1514 1416 cat..
1536 1389 1600 1416 etc.,
1616 1384 1636 1416 i,
1652 1392 1685 1419 p.
1711 1383 1773 1415 I65,

989 1435 1043 1462 298
1055 1439 1082 1462 et
1096 1434 1138 1467 III,
1152 1443 1180 1470 p.
1197 1434 1259 1462 555.
1273 1449 1308 1454 —
1322 1433 1350 1460 In
1370 1437 1472 1467 septem
1490 1432 1584 1462 eodd.,
1600 1434 1626 1458 et
1645 1431 1706 1457 vitm
1724 1429 1777 1456 Ma-

990 1483 1073 1508 crinae
1085 1481 1113 1508 in
1127 1481 1214 1507 tribus
1233 1479 1313 1507 codd.
1327 1479 1393 1506 bibl.
1415 1477 1495 1505 Publ.
1511 1477 1598 1504 Paris.
1613 1476 1697 1502 IIARL.
1748 1480 1751 1486 ‘

187 1526 231 1553 56.
267 1525 303 1553 Τὰ
337 1526 496 1560 Μακρίνια⁴
515 1526 579 1560 περὶ
606 1525 708 1560 ψυχῆς
733 1525 782 1552 καὶ
811 1525 937 1553 ἀναστά-

1025 1527 1069 1554 57.
1079 1527 1158 1554 Κατὰ
1173 1525 1411 1559 Ἀπολλιναρίου,
1423 1523 1521 1551 Contra
1531 1522 1738 1558 Apollinarium,
1746 1520 1778 1547 11-

149 1578 238 1604 σεως,
258 1570 402 1604 Matrinia,
412 1572 470 1599 sive
483 1571 516 1597 de
530 1571 620 1598 anima
630 1576 654 1598 et
670 1572 869 1603 resurrectione,
879 1570 939 1598 dia-

149 1616 227 1653 logus
243 1624 305 1644 cum
316 1624 412 1644 sorore
432 1616 636 1649 Macrina,cum
655 1616 785 1644 Basiliam
814 1616 937 1650 fratrem,

149 1663 221 1691 a.C.
249 1663 302 1691 379
330 1662 507 1693 exstinctum,
533 1661 656 1696 lugerent
674 1662 723 1697 (ὁ),
753 1669 780 1697 p.
805 1661 938 1694 613-692,

149 1717 211 1737 cum
233 1709 358 1737 versione
383 1708 524 1736 Laurentii
550 1707 647 1735 Sifani.
674 1708 792 1743 Incipit:
830 1707 938 1744 Ἐπειδὴ

148 1755 195 1782 τοῦ
214 1755 387 1790 ἀνθρωπίνου
403 1754 462 1790 βίου
485 1754 582 1786 πολύς.
600 1754 723 1781 Meminit
739 1753 852 1782 Photius
874 1754 936 1782 cod.

152 1801 316 1833 CCXXXIII,
339 1807 365 1829 et
384 1801 495 1834 Suidas,
512 1804 640 1832 testatus,
658 1800 819 1834 Gregorium
836 1800 937 1836 Nysse-

149 1855 214 1874 num
225 1847 372 1881 scripsisse
390 1846 494 1881 μακρόν
508 1854 570 1872 τινα
579 1846 627 1872 καὶ
640 1845 793 1880 περικαλλῆ
806 1839 876 1880 ’πρὸς
889 1846 938 1881 τὴν

148 1893 266 1928 ἀδελφὴν
287 1892 430 1927 Μακρίναν
449 1892 514 1926 περὶ
526 1891 614 1926 ψυχῆς
630 1891 720 1925 λόγον.
746 1890 794 1918 Hic
805 1895 848 1919 est
868 1891 939 1927 Nys-

149 1939 210 1968 seni
239 1939 276 1966 De
302 1938 504 1965 immortalitate
531 1945 627 1964 anmm:
657 1938 736 1970 liber,
759 1938 806 1973 qui
827 1937 939 1966 Danieie

149 1986 285 2022 Augentio
302 1986 448 2021 interprete
465 1984 565 2020 prodiit
576 1984 682 2016 Latine,
698 1984 786 2012 Paris.
811 1984 892 2016 I557,
907 1985 936 2011 8.

149 2033 232 2061 Fna.
248 2032 358 2060 Diversa
373 2033 512 2060 variorum
529 2031 564 2059 de
577 2031 624 2058 illo
641 2031 749 2066 dialogo
761 2030 866 2065 judicia
881 2030 938 2057 col-

148 2079 213 2115 legit
227 2078 351 2106 Oudinus
370 2078 388 2105 I.
407 2086 432 2105 c.
448 2086 474 2113 p.
486 2077 585 2104 60-I.—
595 2076 842 2111 Joan.Christoph.
852 2076 935 2103 Woll'.

147 2125 177 2154 in
197 2125 339 2152 Anecdotis
360 2123 469 2157 Gra'cis,
488 2129 555 2151 tom.
573 2124 604 2156 II,
620 2131 647 2158 p.
672 2123 708 2150 28
720 2131 794 2158 sqq.,
819 2123 937 2158 primum

148 2170 225 2198 dedit
240 2178 366 2206 [ungulam
389 2169 551 2204 particulam
567 2169 615 2197 Gr.
643 2177 674 2196 ac
692 2168 752 2196 Lat.
769 2177 832 2196 cum
864 2169 937 2196 notis

148 2220 178 2243 nt
191 2216 337 2252 plurimum
355 2216 468 2246 criticis,
484 2220 552 2248 tum,
563 2223 596 2242 ne
612 2215 719 2251 longior
730 2219 812 2247 esset,
828 2222 855 2250 p.
872 2214 935 2246 519,
951 2212 974 2239 Ι)

147 2268 236 2296 usque
249 2260 284 2288 ad
298 2268 325 2296 p.
342 2260 405 2292 550,
419 2264 447 2288 et
462 2261 491 2287 in
509 2264 585 2287 torno
599 2259 642 2292 Ill,
659 2267 685 2294 p.
706 2259 782 2292 H7,
796 2260 823 2286 in
838 2267 936 2286 eorum

147 2306 322 2334 commodum
340 2310 368 2333 et
388 2314 480 2338 usum,
497 2307 616 2340 quibus,
641 2309 672 2332 ut
701 2305 749 2337 ait,
778 2305 935 2332 consultum

147 2353 295 2385 videbitur,
321 2352 458 2388 egregiam
477 2352 552 2379 illam
583 2355 761 2379 commentat.
789 2351 936 2386 aliquando

147 2407 217 2427 nova
231 2399 291 2426 luce
311 2402 436 2425 ornatam
462 2398 573 2433 publico
589 2398 696 2430 sistere,
714 2398 804 2424 varias
820 2397 934 2424 duorum

147 2445 228 2472 codd.
249 2445 391 2473 lectiones.
411 2443 440 2471 In
458 2443 564 2478 przei'at.
580 2444 615 2470 ad
629 2448 697 2471 tom.
719 2443 751 2475 II,
780 2443 857 2470 valde
876 2443 935 2469 lau-

147 2490 223 2517 davit
238 2490 511 2522 commentationem,
529 2494 566 2522 et,
583 2489 655 2525 quod
673 2488 823 2524 perspexit,
850 2492 933 2515 totam

147 2538 221 2565 illam
236 2538 361 2573 pluribus
376 2538 445 2566 locis
466 2538 494 2566 in
510 2543 625 2574 utraque
641 2538 706 2565 edit.
723 2537 823 2570 Paris.,
840 2538 934 2572 impri—
959 2567 961 2569 ,

148 2583 201 2612 mis
211 2592 274 2612 vero
290 2585 317 2612 in
333 2585 435 2619 priore.
456 2585 574 2620 pessime
599 2589 738 2620 acceptam
762 2591 825 2611 esse
839 2588 865 2611 et
886 2584 934 2610 ha-

148 2629 232 2657 bitam
252 2639 260 2658 :
277 2636 380 2665 partem
409 2631 484 2658 illius
509 2635 593 2658 totam
609 2639 670 2658 cum
696 2630 822 2658 versione
839 2630 935 2657 Latina

148 2675 264 2712 pristina
281 2677 393 2712 suisque
411 2678 484 2705 notis
505 2677 638 2705 exhibuit.
668 2677 721 2704 llas
739 2677 884 2704 varietates
902 2677 936 2703 le-

148 2723 250 2750 ctionis
274 2724 390 2758 sumpsit
417 2732 449 2752 ex
475 2724 584 2752 duobus
604 2723 720 2752 diversis
741 2722 820 2751 codd.
850 2722 938 2757 iisque

184 2813 223 2850 ta)
240 2814 293 2850 Ed.
317 2822 342 2841 a.
361 2814 438 2846 1658,
455 2819 520 2843 tom.
537 2815 579 2848 III,
597 2823 622 2850 p.
638 2815 695 2842 I80.

184 2849 222 2884 (II)
239 2849 303 2885 Pag.
324 2849 382 2876 181.

990 1573 1039 1601 ber
1055 1572 1089 1600 ad
1105 1571 1284 1606 Theophilum,
1306 1571 1340 1598 ab
1357 1579 1382 1598 a.
1407 1570 1438 1597 C.
1462 1569 1515 1598 585
1535 1569 1694 1603 episcopum
1716 1567 1777 1594 Ale-

990 1618 1153 1646 xandrinum
1167 1617 1213 1654 (c),
1231 1625 1258 1652 p.
1276 1615 1407 1648 695-698,
1429 1623 1491 1642 cum
1512 1613 1660 1640 Frontonis
1684 1611 1774 1639 Dircaei

989 1664 1113 1690 versione
1127 1666 1154 1689 et
1169 1662 1252 1689 notis.
1270 1661 1364 1696 Incipit
1383 1670 1390 1688 :
1409 1660 1446 1686 Οὺ
1478 1659 1560 1695 μόνης
1576 1658 1634 1684 ἐστὶ
1659 1657 1711 1692 τῆς
1732 1665 1777 1687 κο-

990 1707 1093 1742 σμικῆς
1102 1707 1198 1741 σοφίας
1214 1706 1338 1741 εῡφορος.
1354 1705 1462 1733 Citatur
1478 1705 1512 1731 ab
1522 1703 1666 1739 Euthymio
1683 1703 1710 1729 in
1724 1701 1779 1728 Pa—

989 1753 1088 1786 noplia.
1118 1752 1223 1780 Prodiit
1242 1752 1345 1783 Graece,
1372 1755 1485 1779 curante
1509 1748 1775 1783 Hoaschelio,Lugd.

989 1799 1049 1825 Bat.
1065 1798 1144 1831 1595,
1165 1799 1192 1831 8,
1209 1805 1270 1825 cum
1292 1798 1353 1825 aliis
1379 1796 1497 1832 Nysseni
1512 1795 1665 1830 opusculis.
1694 1795 1725 1821 Iit
1744 1802 1778 1821 ex

990 1845 1079 1872 Ductei
1112 1844 1337 1880 interpretatione
1354 1843 1458 1870 Latine.
1473 1841 1621 1877 Ingolstad.
1649 1841 1727 1874 I596,
1749 1841 1775 1867 8.

990 1891 1027 1918 Ex
1041 1889 1170 1917 Turriani
1184 1894 1274 1916 autem
1287 1889 1413 1916 versione
1430 1888 1456 1914 in
1473 1892 1539 1914 tom.
1553 1887 1574 1913 V
1591 1886 1709 1913 Lection.
1730 1894 1778 1912 an-

990 1937 1121 1971 tiquarunt
1136 1935 1246 1962 Ilcnrici
1261 1934 1375 1967 Canisii,
1393 1933 1541 1968 lngolstad.
1560 1933 1640 1963 I604.
1664 1932 1691 1964 1,
1715 1939 1775 1966 pag.

991 1983 1052 2010 I9I.
1069 1981 1152 2008 Fara.
1180 1981 1209 2008 in
1235 1980 1361 2015 Basnagii
1391 1979 1524 2006 Thesauro
1549 1986 1665 2005 manum.
1685 1977 1776 2004 eccles.

987 2027 1100 2055 Amstel.
1119 2026 1198 2058 I725,
1213 2025 1258 2052 l‘ol.
1276 2030 1342 2053 tom.
1360 2024 1391 2051 V.
1402 2033 1429 2059 p.
1439 2024 1485 2051 161
1497 2043 1505 2056 ,
1518 2023 1668 2057 Basnagius
1681 2021 1775 2048 Graeca

988 2073 1093 2110 addidit
1110 2081 1144 2100 ex
1161 2072 1228 2100 edit.
1252 2071 1385 2098 Fronton.
1415 2069 1503 2097 Ducaei
1526 2073 1591 2096 tom.
1612 2068 1642 2100 II,
1663 2076 1688 2102 ιι.
1714 2067 1776 2093 677.

988 2118 1067 2146 ConI'.
1086 2117 1190 2145 Semler
1207 2118 1225 2144 I.
1244 2124 1268 2144 e.
1286 2125 1312 2151 p.
1338 2116 1401 2143 256.
1422 2123 1456 2135 -ι
1474 2115 1570 2142 Exstat
1582 2114 1610 2141 in
1627 2113 1689 2141 cod.
1717 2112 1772 2139 DIII

989 2165 1055 2192 bibl.
1075 2163 1155 2191 Publ.
1171 2163 1259 2190 Paris.
1277 2156 1363 2189 Hann.

1026 2221 1070 2249 58.
1091 2220 1158 2254 Περὶ
1176 2219 1239 2250 τοῦ,
1257 2218 1290 2245 Τί
1306 2218 1338 2245 τὸ
1352 2217 1534 2252 Χριστιανῶν
1547 2217 1640 2251 ὄνομα
1657 2215 1675 2249 ἣ
1690 2215 1779 2250 ἐπάγ-

989 2269 1094 2302 γελμα,
1112 2265 1182 2298 Quid
1204 2273 1296 2292 nomen
1313 2263 1472 2298 professiovc
1495 2262 1708 2302 Christianorum
1727 2261 1779 2287 sibi

989 2298 1061 2343 uelit,
1077 2311 1111 2337 ad
1132 2310 1309 2337 Harmoniam
1326 2309 1377 2344 (tl),
1397 2315 1457 2343 pag.
1481 2306 1609 2338 699-707,
1636 2298 1698 2333 cum
1720 2313 1779 2332 \‘cr-

991 2355 1068 2383 sione
1083 2354 1226 2381 Laurentii
1240 2352 1336 2380 Silani.
1353 2353 1452 2387 incipit
1474 2361 1480 2378 :
1498 2352 1587 2386 Ὅπερ
1600 2351 1698 2377 ποιῶσι
1710 2349 1778 2385 πρὸς

990 2402 1052 2432 τοὺς
1065 2399 1241 2435 κρατοῦντας.
1256 2398 1380 2426 Verterat
1404 2402 1432 2426 et
1451 2397 1585 2425 Maximus
1608 2396 1778 2430 Margunius,

987 2446 1166 2482 Cytherorum
1180 2445 1337 2479 cpiscopus,
1360 2443 1455 2471 Venet.
1471 2443 1550 2475 I585,
1568 2444 1595 2470 8.
1613 2442 1706 2469 Grace
1718 2449 1778 2476 pro-

988 2493 1039 2521 diit
1061 2491 1148 2527 Lugd.
1166 2491 1226 2518 But.
1249 2491 1327 2522 1595,
1344 2490 1370 2517 8.
1396 2489 1479 2517 ῈΑιηι.
1505 2489 1652 2524 Reperitur
1669 2489 1697 2516 in
1712 2496 1779 2523 qua-

989 2545 1051 2566 tuor
1065 2538 1144 2565 codd.
1159 2537 1224 2564 bibl.
1245 2535 1421 2565 Publ.?aris.
1434 2541 1461 2564 et
1472 2537 1500 2564 in
1517 2535 1579 2563 cod.
1593 2534 1777 2566 'I'aur.LXXl,

989 2584 1036 2611 fol.
1053 2583 1114 2610 164.
1129 2583 1216 2610 Ηλιιι..

1025 2629 1069 2658 59.
1095 2629 1164 2663 Περὶ
1199 2629 1396 2662 τελειότητος,
1423 2627 1473 2654 καὶ
1495 2626 1599 2654 ὁποῖον
1623 2626 1681 2661 χρὴ
1703 2623 1778 2652 εἶναι

989 2676 1042 2702 τὸν
1068 2674 1256 2709 Χριστιανόν.
1284 2673 1366 2701 Liber
1387 2673 1424 2701 De
1446 2673 1612 2708 perfectione,
1630 2678 1655 2699 et
1675 2670 1777 2706 qualem

990 2726 1107 2756 oporteat
1136 2729 1192 2748 esse
1220 2721 1414 2753 Christianum,
1439 2720 1473 2747 ad
1498 2719 1661 2754 Orympium,
1685 2725 1778 2744 mona-

1031 2812 1065 2846 (ε)
1087 2811 1151 2846 Pag.
1168 2811 1229 2838 ⁸216.

1025 2847 1063 2882 td)
1087 2846 1148 2882 Pag.
1167 2846 1231 2873 267.
