  <div class='ocr_page' id='page_1' title='image "/cluster/home/n/w/nwhite01/storage/ocr_20150623/44/njp.32101009003169/019.png"; bbox 0 0 1976 3077; ppageno 0'>
   <div class='ocr_carea' id='block_1_1' title="bbox 207 130 1191 162">
    <p class='ocr_par' dir='ltr' id='par_1_1' title="bbox 207 130 1191 162">
     <span class='ocr_line' id='line_1_1' title="bbox 207 130 1191 162; baseline 0.003 -3"><span class='ocrx_word' id='word_1_1' title='bbox 207 130 246 159; x_wconf 76' lang='lat'><strong>‘17</strong></span> <span class='ocrx_word' id='word_1_2' title='bbox 803 131 943 161; x_wconf 76' lang='lat' dir='ltr'><strong>NOTI&#39;I&#39;IA</strong></span> <span class='ocrx_word' id='word_1_3' title='bbox 955 131 998 160; x_wconf 78' lang='lat' dir='ltr'><strong>EX</strong></span> <span class='ocrx_word' id='word_1_4' title='bbox 1020 130 1191 162; x_wconf 76' lang='lat' dir='ltr'><strong>FABRICIO.</strong></span> 
     </span>
    </p>
   </div>
   <div class='ocr_carea' id='block_1_2' title="bbox 1808 130 1847 160">
    <p class='ocr_par' dir='ltr' id='par_1_2' title="bbox 1808 130 1847 160">
     <span class='ocr_line' id='line_1_2' title="bbox 1808 130 1847 160; baseline 0 0"><span class='ocrx_word' id='word_1_5' title='bbox 1808 130 1847 160; x_wconf 63' lang='lat'><strong>18‘</strong></span> 
     </span>
    </p>
   </div>
   <div class='ocr_carea' id='block_1_3' title="bbox 208 189 1840 230">
    <p class='ocr_par' dir='ltr' id='par_1_3' title="bbox 208 189 1840 230">
     <span class='ocr_line' id='line_1_3' title="bbox 208 189 1840 230; baseline -0.001 -12"><span class='ocrx_word' id='word_1_6' title='bbox 208 192 289 218; x_wconf 68' lang='lat' dir='ltr'><strong>chum</strong></span> <span class='ocrx_word' id='word_1_7' title='bbox 304 191 353 227; x_wconf 82' lang='grc' dir='ltr'><strong>(α),</strong></span> <span class='ocrx_word' id='word_1_8' title='bbox 368 200 394 226; x_wconf 85' lang='lat' dir='ltr'><strong>p.</strong></span> <span class='ocrx_word' id='word_1_9' title='bbox 406 190 539 223; x_wconf 75' lang='lat'><strong>706-730,</strong></span> <span class='ocrx_word' id='word_1_10' title='bbox 553 197 616 230; x_wconf 86' lang='lat' dir='ltr'><strong>cum</strong></span> <span class='ocrx_word' id='word_1_11' title='bbox 631 190 758 219; x_wconf 78' lang='lat' dir='ltr'><strong>versione</strong></span> <span class='ocrx_word' id='word_1_12' title='bbox 771 190 843 219; x_wconf 79' lang='lat' dir='ltr'><strong>Petri</strong></span> <span class='ocrx_word' id='word_1_13' title='bbox 856 191 997 220; x_wconf 77' lang='lat' dir='ltr'><strong>Francisci</strong></span> <span class='ocrx_word' id='word_1_14' title='bbox 1014 194 1036 223; x_wconf 77' lang='grc' dir='ltr'>Α</span> <span class='ocrx_word' id='word_1_15' title='bbox 1084 192 1128 219; x_wconf 71' lang='lat' dir='ltr'><strong>ﬂ.</strong></span> <span class='ocrx_word' id='word_1_16' title='bbox 1162 191 1195 218; x_wconf 86' lang='lat' dir='ltr'><strong>In</strong></span> <span class='ocrx_word' id='word_1_17' title='bbox 1218 191 1247 219; x_wconf 89' lang='lat' dir='ltr'><strong>S.</strong></span> <span class='ocrx_word' id='word_1_18' title='bbox 1274 190 1435 226; x_wconf 73' lang='lat' dir='ltr'><strong>Stephanum</strong></span> <span class='ocrx_word' id='word_1_19' title='bbox 1469 193 1691 224; x_wconf 80' lang='lat' dir='ltr'><strong>protmnartyrem</strong></span> <span class='ocrx_word' id='word_1_20' title='bbox 1705 189 1752 224; x_wconf 75' lang='grc' dir='ltr'><strong>(ε),</strong></span> <span class='ocrx_word' id='word_1_21' title='bbox 1781 196 1840 226; x_wconf 74' lang='lat' dir='ltr'><strong>pag.</strong></span> 
     </span>
    </p>
   </div>
   <div class='ocr_carea' id='block_1_4' title="bbox 212 236 998 270">
    <p class='ocr_par' dir='ltr' id='par_1_4' title="bbox 212 236 998 270">
     <span class='ocr_line' id='line_1_4' title="bbox 212 236 998 270; baseline 0.004 -7"><span class='ocrx_word' id='word_1_22' title='bbox 212 236 284 270; x_wconf 78' lang='lat' dir='ltr'><strong>Zini,</strong></span> <span class='ocrx_word' id='word_1_23' title='bbox 308 242 335 264; x_wconf 83' lang='lat' dir='ltr'><strong>ct</strong></span> <span class='ocrx_word' id='word_1_24' title='bbox 352 236 497 265; x_wconf 86' lang='lat' dir='ltr'><strong>Frontonis</strong></span> <span class='ocrx_word' id='word_1_25' title='bbox 520 236 608 264; x_wconf 72' lang='lat' dir='ltr'><strong>Ducaai</strong></span> <span class='ocrx_word' id='word_1_26' title='bbox 627 237 699 265; x_wconf 91' lang='lat' dir='ltr'><strong>notis</strong></span> <span class='ocrx_word' id='word_1_27' title='bbox 716 237 750 264; x_wconf 88' lang='lat' dir='ltr'><strong>ad</strong></span> <span class='ocrx_word' id='word_1_28' title='bbox 777 238 925 266; x_wconf 85' lang='lat' dir='ltr'><strong>voluminis</strong></span> <span class='ocrx_word' id='word_1_29' title='bbox 942 239 998 266; x_wconf 79' lang='lat' dir='ltr'><strong>cal-</strong></span> 
     </span>
    </p>
   </div>
   <div class='ocr_carea' id='block_1_5' title="bbox 211 282 1000 319">
    <p class='ocr_par' dir='ltr' id='par_1_5' title="bbox 211 282 1000 319">
     <span class='ocr_line' id='line_1_5' title="bbox 211 282 1000 319; baseline 0.004 -10"><span class='ocrx_word' id='word_1_30' title='bbox 211 291 280 310; x_wconf 87' lang='lat' dir='ltr'><strong>cctn.</strong></span> <span class='ocrx_word' id='word_1_31' title='bbox 295 282 391 318; x_wconf 79' lang='lat' dir='ltr'><strong>Incipit</strong></span> <span class='ocrx_word' id='word_1_32' title='bbox 402 292 408 310; x_wconf 87' lang='lat'><strong>:</strong></span> <span class='ocrx_word' id='word_1_33' title='bbox 421 283 565 318; x_wconf 82' lang='grc' dir='ltr'><strong>Πρέπουσα</strong></span> <span class='ocrx_word' id='word_1_34' title='bbox 575 285 608 318; x_wconf 82' lang='grc' dir='ltr'><strong>τῇ</strong></span> <span class='ocrx_word' id='word_1_35' title='bbox 620 282 776 318; x_wconf 73' lang='grc' dir='ltr'><strong>προαιρέσει</strong></span> <span class='ocrx_word' id='word_1_36' title='bbox 789 284 923 319; x_wconf 45' lang='lat' dir='ltr'><strong>nemo“).</strong></span> <span class='ocrx_word' id='word_1_37' title='bbox 939 284 1000 312; x_wconf 77' lang='lat' dir='ltr'><strong>Ver-</strong></span> 
     </span>
    </p>
   </div>
   <div class='ocr_carea' id='block_1_6' title="bbox 213 324 999 364">
    <p class='ocr_par' dir='ltr' id='par_1_6' title="bbox 213 324 999 364">
     <span class='ocr_line' id='line_1_6' title="bbox 213 324 999 364; baseline 0.004 -10"><span class='ocrx_word' id='word_1_38' title='bbox 213 328 245 354; x_wconf 88' lang='lat' dir='ltr'><strong>tit</strong></span> <span class='ocrx_word' id='word_1_39' title='bbox 269 332 296 355; x_wconf 88' lang='lat' dir='ltr'><strong>et</strong></span> <span class='ocrx_word' id='word_1_40' title='bbox 322 327 457 355; x_wconf 79' lang='lat' dir='ltr'><strong>Maximus</strong></span> <span class='ocrx_word' id='word_1_41' title='bbox 474 324 656 364; x_wconf 53' lang='lat' dir='ltr'><strong>.Klarguuius,</strong></span> <span class='ocrx_word' id='word_1_42' title='bbox 681 327 776 356; x_wconf 82' lang='lat' dir='ltr'><strong>Venet.</strong></span> <span class='ocrx_word' id='word_1_43' title='bbox 796 329 877 357; x_wconf 76' lang='grc'>1585.</span> <span class='ocrx_word' id='word_1_44' title='bbox 906 329 999 358; x_wconf 70' lang='lat' dir='ltr'><strong>Graece</strong></span> 
     </span>
    </p>
   </div>
   <div class='ocr_carea' id='block_1_7' title="bbox 210 373 997 410">
    <p class='ocr_par' dir='ltr' id='par_1_7' title="bbox 210 373 997 410">
     <span class='ocr_line' id='line_1_7' title="bbox 210 373 997 410; baseline 0.003 -10"><span class='ocrx_word' id='word_1_45' title='bbox 210 373 349 409; x_wconf 79' lang='lat' dir='ltr'><strong>prodierat</strong></span> <span class='ocrx_word' id='word_1_46' title='bbox 367 375 483 409; x_wconf 85' lang='lat' dir='ltr'><strong>primum</strong></span> <span class='ocrx_word' id='word_1_47' title='bbox 505 373 601 401; x_wconf 70' lang='lat' dir='ltr'><strong>Venet.</strong></span> <span class='ocrx_word' id='word_1_48' title='bbox 622 373 700 405; x_wconf 73' lang='grc'>1574,</span> <span class='ocrx_word' id='word_1_49' title='bbox 719 375 745 406; x_wconf 79' lang='grc'><strong>8,</strong></span> <span class='ocrx_word' id='word_1_50' title='bbox 764 378 791 401; x_wconf 88' lang='lat' dir='ltr'><strong>et</strong></span> <span class='ocrx_word' id='word_1_51' title='bbox 803 375 900 402; x_wconf 80' lang='lat' dir='ltr'><strong>deinde</strong></span> <span class='ocrx_word' id='word_1_52' title='bbox 911 375 997 410; x_wconf 76' lang='lat' dir='ltr'><strong>Lugd.</strong></span> 
     </span>
    </p>
   </div>
   <div class='ocr_carea' id='block_1_8' title="bbox 211 419 998 455">
    <p class='ocr_par' dir='ltr' id='par_1_8' title="bbox 211 419 998 455">
     <span class='ocr_line' id='line_1_8' title="bbox 211 419 998 455; baseline 0.003 -9"><span class='ocrx_word' id='word_1_53' title='bbox 211 419 270 446; x_wconf 71' lang='lat' dir='ltr'><strong>Bal.</strong></span> <span class='ocrx_word' id='word_1_54' title='bbox 291 420 368 449; x_wconf 75' lang='grc'>1595,</span> <span class='ocrx_word' id='word_1_55' title='bbox 381 420 407 446; x_wconf 88' lang='lat'><strong>8.</strong></span> <span class='ocrx_word' id='word_1_56' title='bbox 419 419 526 446; x_wconf 68' lang='lat' dir='ltr'><strong>tlitatur</strong></span> <span class='ocrx_word' id='word_1_57' title='bbox 543 420 576 446; x_wconf 84' lang='lat' dir='ltr'><strong>ab</strong></span> <span class='ocrx_word' id='word_1_58' title='bbox 600 419 748 446; x_wconf 74' lang='lat' dir='ltr'><strong>Anastasio</strong></span> <span class='ocrx_word' id='word_1_59' title='bbox 764 419 880 451; x_wconf 81' lang='lat' dir='ltr'><strong>Sinaita.</strong></span> <span class='ocrx_word' id='word_1_60' title='bbox 900 425 998 455; x_wconf 71' lang='lat' dir='ltr'><strong>quaest.</strong></span> 
     </span>
    </p>
   </div>
   <div class='ocr_carea' id='block_1_9' title="bbox 211 465 997 501">
    <p class='ocr_par' dir='ltr' id='par_1_9' title="bbox 211 465 997 501">
     <span class='ocr_line' id='line_1_9' title="bbox 211 465 997 501; baseline 0.001 -9"><span class='ocrx_word' id='word_1_61' title='bbox 211 465 230 493; x_wconf 93' lang='grc' dir='ltr'>Ι.</span> <span class='ocrx_word' id='word_1_62' title='bbox 260 465 401 501; x_wconf 76' lang='lat' dir='ltr'><strong>Nysscnus</strong></span> <span class='ocrx_word' id='word_1_63' title='bbox 425 466 459 492; x_wconf 86' lang='lat' dir='ltr'><strong>ad</strong></span> <span class='ocrx_word' id='word_1_64' title='bbox 488 465 641 500; x_wconf 66' lang='lat' dir='ltr'><strong>Olympium</strong></span> <span class='ocrx_word' id='word_1_65' title='bbox 666 465 798 500; x_wconf 70' lang='grc' dir='ltr'><strong>ἁσκητήν.</strong></span> <span class='ocrx_word' id='word_1_66' title='bbox 820 465 916 492; x_wconf 81' lang='lat' dir='ltr'><strong>Photio</strong></span> <span class='ocrx_word' id='word_1_67' title='bbox 936 466 997 493; x_wconf 90' lang='lat' dir='ltr'><strong>cod.</strong></span> 
     </span>
    </p>
   </div>
   <div class='ocr_carea' id='block_1_10' title="bbox 208 509 999 544">
    <p class='ocr_par' dir='ltr' id='par_1_10' title="bbox 208 509 999 544">
     <span class='ocr_line' id='line_1_10' title="bbox 208 509 999 544; baseline 0 -7"><span class='ocrx_word' id='word_1_68' title='bbox 208 509 375 544; x_wconf 70' lang='lat' dir='ltr'><strong>CCXXXIII,</strong></span> <span class='ocrx_word' id='word_1_69' title='bbox 404 510 481 543; x_wconf 70' lang='grc' dir='ltr'>λόγος</span> <span class='ocrx_word' id='word_1_70' title='bbox 504 510 567 544; x_wconf 78' lang='grc' dir='ltr'><strong>περὶ</strong></span> <span class='ocrx_word' id='word_1_71' title='bbox 588 509 636 536; x_wconf 74' lang='grc' dir='ltr'><strong>τοῦ</strong></span> <span class='ocrx_word' id='word_1_72' title='bbox 655 510 756 536; x_wconf 76' lang='grc' dir='ltr'><strong>τελείου</strong></span> <span class='ocrx_word' id='word_1_73' title='bbox 778 509 845 544; x_wconf 64' lang='grc' dir='ltr'><strong>βίον.</strong></span> <span class='ocrx_word' id='word_1_74' title='bbox 867 509 949 537; x_wconf 66' lang='lat' dir='ltr'><strong>Fam.</strong></span> <span class='ocrx_word' id='word_1_75' title='bbox 969 509 999 537; x_wconf 89' lang='lat' dir='ltr'><strong>In</strong></span> 
     </span>
    </p>
   </div>
   <div class='ocr_carea' id='block_1_11' title="bbox 207 555 998 592">
    <p class='ocr_par' dir='ltr' id='par_1_11' title="bbox 207 555 998 592">
     <span class='ocr_line' id='line_1_11' title="bbox 207 555 998 592; baseline 0.001 -9"><span class='ocrx_word' id='word_1_76' title='bbox 207 556 272 584; x_wconf 85' lang='lat' dir='ltr'><strong>cod.</strong></span> <span class='ocrx_word' id='word_1_77' title='bbox 290 556 403 584; x_wconf 88' lang='lat' dir='ltr'><strong>Taurin.</strong></span> <span class='ocrx_word' id='word_1_78' title='bbox 415 564 470 592; x_wconf 77' lang='lat' dir='ltr'><strong>reg.</strong></span> <span class='ocrx_word' id='word_1_79' title='bbox 485 555 578 589; x_wconf 73' lang='lat' dir='ltr'><strong>LXXI,</strong></span> <span class='ocrx_word' id='word_1_80' title='bbox 592 556 639 584; x_wconf 88' lang='lat' dir='ltr'><strong>I&#39;ol.</strong></span> <span class='ocrx_word' id='word_1_81' title='bbox 658 557 719 584; x_wconf 84' lang='grc'>159.</span> <span class='ocrx_word' id='word_1_82' title='bbox 736 555 768 583; x_wconf 86' lang='lat' dir='ltr'><strong>V.</strong></span> <span class='ocrx_word' id='word_1_83' title='bbox 785 560 838 584; x_wconf 83' lang='lat' dir='ltr'><strong>cat.</strong></span> <span class='ocrx_word' id='word_1_84' title='bbox 856 556 937 584; x_wconf 89' lang='lat' dir='ltr'><strong>codd.</strong></span> <span class='ocrx_word' id='word_1_85' title='bbox 949 556 998 584; x_wconf 88' lang='lat' dir='ltr'><strong>Gr.</strong></span> 
     </span>
    </p>
   </div>
   <div class='ocr_carea' id='block_1_12' title="bbox 209 601 999 638">
    <p class='ocr_par' dir='ltr' id='par_1_12' title="bbox 209 601 999 638">
     <span class='ocr_line' id='line_1_12' title="bbox 209 601 999 638; baseline 0.001 -10"><span class='ocrx_word' id='word_1_86' title='bbox 209 601 294 629; x_wconf 82' lang='lat' dir='ltr'><strong>Taur.</strong></span> <span class='ocrx_word' id='word_1_87' title='bbox 322 610 349 637; x_wconf 77' lang='grc' dir='ltr'>ι).</span> <span class='ocrx_word' id='word_1_88' title='bbox 371 602 433 630; x_wconf 76' lang='grc'>169.</span> <span class='ocrx_word' id='word_1_89' title='bbox 452 617 482 623; x_wconf 90' lang='grc'><strong><em>-</em></strong></span> <span class='ocrx_word' id='word_1_90' title='bbox 506 602 536 630; x_wconf 87' lang='lat' dir='ltr'><strong>In</strong></span> <span class='ocrx_word' id='word_1_91' title='bbox 563 607 683 638; x_wconf 84' lang='lat' dir='ltr'><strong>quatuor</strong></span> <span class='ocrx_word' id='word_1_92' title='bbox 704 602 785 630; x_wconf 90' lang='lat' dir='ltr'><strong>codd.</strong></span> <span class='ocrx_word' id='word_1_93' title='bbox 816 602 906 630; x_wconf 85' lang='lat' dir='ltr'><strong>Paris.</strong></span> <span class='ocrx_word' id='word_1_94' title='bbox 931 602 999 630; x_wconf 85' lang='lat' dir='ltr'><strong>bibl.</strong></span> 
     </span>
    </p>
   </div>
   <div class='ocr_carea' id='block_1_13' title="bbox 209 646 393 675">
    <p class='ocr_par' dir='ltr' id='par_1_13' title="bbox 209 646 393 675">
     <span class='ocr_line' id='line_1_13' title="bbox 209 646 393 675; baseline 0 -1"><span class='ocrx_word' id='word_1_95' title='bbox 209 646 289 675; x_wconf 81' lang='lat' dir='ltr'><strong>Publ.</strong></span> <span class='ocrx_word' id='word_1_96' title='bbox 307 647 393 675; x_wconf 63' lang='lat' dir='ltr'><strong>Ihm.</strong></span> 
     </span>
    </p>
   </div>
   <div class='ocr_carea' id='block_1_14' title="bbox 259 693 999 729">
    <p class='ocr_par' dir='ltr' id='par_1_14' title="bbox 259 693 999 729">
     <span class='ocr_line' id='line_1_14' title="bbox 259 693 999 729; baseline 0.001 -8"><span class='ocrx_word' id='word_1_97' title='bbox 259 695 304 721; x_wconf 75' lang='grc'><strong>40.</strong></span> <span class='ocrx_word' id='word_1_98' title='bbox 338 695 540 728; x_wconf 70' lang='grc' dir='ltr'><strong>Ύποτύπωσις</strong></span> <span class='ocrx_word' id='word_1_99' title='bbox 575 695 633 722; x_wconf 85' lang='lat' dir='ltr'><strong>sive</strong></span> <span class='ocrx_word' id='word_1_100' title='bbox 666 693 822 722; x_wconf 73' lang='lat' dir='ltr'><strong>Summaria</strong></span> <span class='ocrx_word' id='word_1_101' title='bbox 855 694 999 729; x_wconf 73' lang='lat' dir='ltr'><strong>descriptio</strong></span> 
     </span>
    </p>
   </div>
   <div class='ocr_carea' id='block_1_15' title="bbox 207 737 1000 772">
    <p class='ocr_par' dir='ltr' id='par_1_15' title="bbox 207 737 1000 772">
     <span class='ocr_line' id='line_1_15' title="bbox 207 737 1000 772; baseline 0.001 -8"><span class='ocrx_word' id='word_1_102' title='bbox 207 737 264 764; x_wconf 70' lang='lat' dir='ltr'><strong>veri</strong></span> <span class='ocrx_word' id='word_1_103' title='bbox 290 739 360 772; x_wconf 70' lang='lat' dir='ltr'><strong>scopi</strong></span> <span class='ocrx_word' id='word_1_104' title='bbox 382 739 441 766; x_wconf 70' lang='lat' dir='ltr'><strong>vite</strong></span> <span class='ocrx_word' id='word_1_105' title='bbox 465 739 598 771; x_wconf 72' lang='lat' dir='ltr'><strong>axeticaz,</strong></span> <span class='ocrx_word' id='word_1_106' title='bbox 620 746 683 765; x_wconf 90' lang='lat' dir='ltr'><strong>cum</strong></span> <span class='ocrx_word' id='word_1_107' title='bbox 705 738 833 766; x_wconf 85' lang='lat' dir='ltr'><strong>versione</strong></span> <span class='ocrx_word' id='word_1_108' title='bbox 858 738 923 766; x_wconf 82' lang='lat' dir='ltr'><strong>Fed.</strong></span> <span class='ocrx_word' id='word_1_109' title='bbox 940 739 1000 766; x_wconf 89' lang='lat' dir='ltr'><strong>Mo—</strong></span> 
     </span>
    </p>
   </div>
   <div class='ocr_carea' id='block_1_16' title="bbox 210 780 1000 820">
    <p class='ocr_par' dir='ltr' id='par_1_16' title="bbox 210 780 1000 820">
     <span class='ocr_line' id='line_1_16' title="bbox 210 780 1000 820; baseline 0 -10"><span class='ocrx_word' id='word_1_110' title='bbox 210 783 321 818; x_wconf 80' lang='lat' dir='ltr'><strong>rclli,p.</strong></span> <span class='ocrx_word' id='word_1_111' title='bbox 335 785 461 812; x_wconf 71' lang='lat'><strong>739-743.</strong></span> <span class='ocrx_word' id='word_1_112' title='bbox 477 784 575 819; x_wconf 88' lang='lat' dir='ltr'><strong>Incipit</strong></span> <span class='ocrx_word' id='word_1_113' title='bbox 591 794 598 811; x_wconf 94' lang='lat'>:</span> <span class='ocrx_word' id='word_1_114' title='bbox 614 780 698 816; x_wconf 73' lang='grc' dir='ltr'>Εῖτις</span> <span class='ocrx_word' id='word_1_115' title='bbox 711 783 827 820; x_wconf 78' lang='grc' dir='ltr'><strong>σμικρὸν</strong></span> <span class='ocrx_word' id='word_1_116' title='bbox 842 785 1000 819; x_wconf 72' lang='grc' dir='ltr'><strong>ἁποπτήσιις</strong></span> 
     </span>
    </p>
   </div>
   <div class='ocr_carea' id='block_1_17' title="bbox 208 829 1000 866">
    <p class='ocr_par' dir='ltr' id='par_1_17' title="bbox 208 829 1000 866">
     <span class='ocr_line' id='line_1_17' title="bbox 208 829 1000 866; baseline 0.003 -10"><span class='ocrx_word' id='word_1_117' title='bbox 208 830 256 856; x_wconf 78' lang='grc' dir='ltr'><strong>τοῦ</strong></span> <span class='ocrx_word' id='word_1_118' title='bbox 270 830 402 865; x_wconf 79' lang='grc' dir='ltr'><strong>σώματος.</strong></span> <span class='ocrx_word' id='word_1_119' title='bbox 416 830 560 858; x_wconf 83' lang='lat' dir='ltr'><strong>Prodierat</strong></span> <span class='ocrx_word' id='word_1_120' title='bbox 577 830 724 866; x_wconf 84' lang='lat' dir='ltr'><strong>separatim</strong></span> <span class='ocrx_word' id='word_1_121' title='bbox 740 837 803 857; x_wconf 87' lang='lat' dir='ltr'><strong>cum</strong></span> <span class='ocrx_word' id='word_1_122' title='bbox 821 829 924 858; x_wconf 78' lang='lat' dir='ltr'><strong>Morelli</strong></span> <span class='ocrx_word' id='word_1_123' title='bbox 941 838 1000 858; x_wconf 83' lang='lat' dir='ltr'><strong>ver-</strong></span> 
     </span>
    </p>
   </div>
   <div class='ocr_carea' id='block_1_18' title="bbox 207 876 524 908">
    <p class='ocr_par' dir='ltr' id='par_1_18' title="bbox 207 876 524 908">
     <span class='ocr_line' id='line_1_18' title="bbox 207 876 524 908; baseline 0 -4"><span class='ocrx_word' id='word_1_124' title='bbox 207 877 288 904; x_wconf 85' lang='lat' dir='ltr'><strong>sione</strong></span> <span class='ocrx_word' id='word_1_125' title='bbox 301 876 387 904; x_wconf 78' lang='lat' dir='ltr'><strong>Paris.</strong></span> <span class='ocrx_word' id='word_1_126' title='bbox 403 877 481 908; x_wconf 84' lang='lat' dir='ltr'><strong>I606.</strong></span> <span class='ocrx_word' id='word_1_127' title='bbox 498 877 524 904; x_wconf 88' lang='lat'><strong>8.</strong></span> 
     </span>
    </p>
   </div>
   <div class='ocr_carea' id='block_1_19' title="bbox 244 921 1000 957">
    <p class='ocr_par' dir='ltr' id='par_1_19' title="bbox 244 921 1000 957">
     <span class='ocr_line' id='line_1_19' title="bbox 244 921 1000 957; baseline -0.001 -7"><span class='ocrx_word' id='word_1_128' title='bbox 244 923 289 950; x_wconf 77' lang='grc'><strong>41.</strong></span> <span class='ocrx_word' id='word_1_129' title='bbox 309 922 387 957; x_wconf 73' lang='grc' dir='ltr'><strong>Ιζρὸς</strong></span> <span class='ocrx_word' id='word_1_130' title='bbox 407 922 478 955; x_wconf 79' lang='grc' dir='ltr'><em>τοὺς</em></span> <span class='ocrx_word' id='word_1_131' title='bbox 492 921 678 957; x_wconf 76' lang='grc' dir='ltr'><strong>ἀχθομένους</strong></span> <span class='ocrx_word' id='word_1_132' title='bbox 690 921 755 954; x_wconf 85' lang='grc' dir='ltr'><strong>ταῖς</strong></span> <span class='ocrx_word' id='word_1_133' title='bbox 779 921 1000 956; x_wconf 70' lang='grc' dir='ltr'><strong>ἐπιτιμήσεων·</strong></span> 
     </span>
    </p>
   </div>
   <div class='ocr_carea' id='block_1_20' title="bbox 209 967 998 1003">
    <p class='ocr_par' dir='ltr' id='par_1_20' title="bbox 209 967 998 1003">
     <span class='ocr_line' id='line_1_20' title="bbox 209 967 998 1003; baseline -0.001 -9"><span class='ocrx_word' id='word_1_134' title='bbox 209 968 251 995; x_wconf 76' lang='lat' dir='ltr'><strong>Ad</strong></span> <span class='ocrx_word' id='word_1_135' title='bbox 264 977 307 996; x_wconf 78' lang='lat' dir='ltr'><strong>eos</strong></span> <span class='ocrx_word' id='word_1_136' title='bbox 323 969 367 1003; x_wconf 77' lang='lat' dir='ltr'><strong>qui</strong></span> <span class='ocrx_word' id='word_1_137' title='bbox 387 968 578 1003; x_wconf 69' lang='lat' dir='ltr'><strong>castigationes</strong></span> <span class='ocrx_word' id='word_1_138' title='bbox 589 975 658 1001; x_wconf 80' lang='lat' dir='ltr'><strong>wgre</strong></span> <span class='ocrx_word' id='word_1_139' title='bbox 668 969 756 1001; x_wconf 75' lang='lat' dir='ltr'><strong>[erant</strong></span> <span class='ocrx_word' id='word_1_140' title='bbox 770 967 818 1002; x_wconf 81' lang='lat' dir='ltr'><strong>(b),</strong></span> <span class='ocrx_word' id='word_1_141' title='bbox 829 974 855 1002; x_wconf 92' lang='lat' dir='ltr'><strong>p.</strong></span> <span class='ocrx_word' id='word_1_142' title='bbox 867 967 998 999; x_wconf 68' lang='lat'><strong>753-749,</strong></span> 
     </span>
    </p>
   </div>
   <div class='ocr_carea' id='block_1_21' title="bbox 208 1011 1001 1047">
    <p class='ocr_par' dir='ltr' id='par_1_21' title="bbox 208 1011 1001 1047">
     <span class='ocr_line' id='line_1_21' title="bbox 208 1011 1001 1047; baseline -0.003 -8"><span class='ocrx_word' id='word_1_143' title='bbox 208 1020 273 1039; x_wconf 92' lang='lat' dir='ltr'><strong>cum</strong></span> <span class='ocrx_word' id='word_1_144' title='bbox 290 1013 415 1039; x_wconf 83' lang='lat' dir='ltr'><strong>versione</strong></span> <span class='ocrx_word' id='word_1_145' title='bbox 433 1011 561 1039; x_wconf 83' lang='lat' dir='ltr'><strong>Gentiani</strong></span> <span class='ocrx_word' id='word_1_146' title='bbox 577 1011 698 1039; x_wconf 84' lang='lat' dir='ltr'><strong>Herveti.</strong></span> <span class='ocrx_word' id='word_1_147' title='bbox 715 1011 812 1046; x_wconf 88' lang='lat' dir='ltr'><strong>Incipit</strong></span> <span class='ocrx_word' id='word_1_148' title='bbox 829 1021 835 1038; x_wconf 88' lang='lat'>:</span> <span class='ocrx_word' id='word_1_149' title='bbox 853 1011 928 1038; x_wconf 77' lang='grc' dir='ltr'>θεῖον</span> <span class='ocrx_word' id='word_1_150' title='bbox 940 1012 1001 1047; x_wconf 82' lang='grc' dir='ltr'><strong>ἁλη-</strong></span> 
     </span>
    </p>
   </div>
   <div class='ocr_carea' id='block_1_22' title="bbox 207 1057 1000 1094">
    <p class='ocr_par' dir='ltr' id='par_1_22' title="bbox 207 1057 1000 1094">
     <span class='ocr_line' id='line_1_22' title="bbox 207 1057 1000 1094; baseline 0.003 -10"><span class='ocrx_word' id='word_1_151' title='bbox 207 1058 263 1090; x_wconf 81' lang='grc' dir='ltr'>οῶς</span> <span class='ocrx_word' id='word_1_152' title='bbox 275 1058 323 1084; x_wconf 83' lang='grc' dir='ltr'><strong>καὶ</strong></span> <span class='ocrx_word' id='word_1_153' title='bbox 335 1058 406 1093; x_wconf 65' lang='grc' dir='ltr'><strong>ἱερὸν</strong></span> <span class='ocrx_word' id='word_1_154' title='bbox 417 1058 509 1094; x_wconf 78' lang='grc' dir='ltr'><strong>χρῆμα</strong></span> <span class='ocrx_word' id='word_1_155' title='bbox 521 1059 535 1084; x_wconf 80' lang='grc' dir='ltr'>ὁ</span> <span class='ocrx_word' id='word_1_156' title='bbox 549 1058 626 1092; x_wconf 76' lang='grc' dir='ltr'>λόγος</span> <span class='ocrx_word' id='word_1_157' title='bbox 643 1057 721 1084; x_wconf 80' lang='grc' dir='ltr'>Θεοῦ.</span> <span class='ocrx_word' id='word_1_158' title='bbox 743 1057 884 1085; x_wconf 81' lang='lat' dir='ltr'><strong>Prodierut</strong></span> <span class='ocrx_word' id='word_1_159' title='bbox 907 1058 1000 1086; x_wconf 80' lang='lat' dir='ltr'><strong>Graece</strong></span> 
     </span>
    </p>
   </div>
   <div class='ocr_carea' id='block_1_23' title="bbox 208 1103 999 1138">
    <p class='ocr_par' dir='ltr' id='par_1_23' title="bbox 208 1103 999 1138">
     <span class='ocr_line' id='line_1_23' title="bbox 208 1103 999 1138; baseline 0.003 -8"><span class='ocrx_word' id='word_1_160' title='bbox 208 1103 297 1131; x_wconf 60' lang='lat' dir='ltr'><strong>l‘aris.</strong></span> <span class='ocrx_word' id='word_1_161' title='bbox 314 1104 393 1137; x_wconf 80' lang='grc'>1570,</span> <span class='ocrx_word' id='word_1_162' title='bbox 408 1105 434 1131; x_wconf 85' lang='lat'><strong>8.</strong></span> <span class='ocrx_word' id='word_1_163' title='bbox 452 1103 533 1131; x_wconf 72' lang='lat' dir='ltr'><strong>Fur.</strong></span> <span class='ocrx_word' id='word_1_164' title='bbox 556 1105 649 1131; x_wconf 77' lang='lat' dir='ltr'><strong>Exstat</strong></span> <span class='ocrx_word' id='word_1_165' title='bbox 667 1105 693 1131; x_wconf 92' lang='lat' dir='ltr'><strong>in</strong></span> <span class='ocrx_word' id='word_1_166' title='bbox 708 1109 828 1138; x_wconf 84' lang='lat' dir='ltr'><strong>quatuor</strong></span> <span class='ocrx_word' id='word_1_167' title='bbox 843 1105 923 1132; x_wconf 81' lang='lat' dir='ltr'><strong>codd.</strong></span> <span class='ocrx_word' id='word_1_168' title='bbox 949 1104 999 1132; x_wconf 82' lang='lat' dir='ltr'><strong>Pa-</strong></span> 
     </span>
    </p>
   </div>
   <div class='ocr_carea' id='block_1_24' title="bbox 208 1149 764 1177">
    <p class='ocr_par' dir='ltr' id='par_1_24' title="bbox 208 1149 764 1177">
     <span class='ocr_line' id='line_1_24' title="bbox 208 1149 764 1177; baseline 0.002 -1"><span class='ocrx_word' id='word_1_169' title='bbox 208 1150 257 1177; x_wconf 91' lang='lat' dir='ltr'><strong>ris.</strong></span> <span class='ocrx_word' id='word_1_170' title='bbox 274 1153 300 1177; x_wconf 89' lang='lat' dir='ltr'><strong>et</strong></span> <span class='ocrx_word' id='word_1_171' title='bbox 317 1151 342 1176; x_wconf 94' lang='lat' dir='ltr'><strong>iu</strong></span> <span class='ocrx_word' id='word_1_172' title='bbox 359 1150 420 1177; x_wconf 88' lang='lat' dir='ltr'><strong>cod.</strong></span> <span class='ocrx_word' id='word_1_173' title='bbox 435 1150 547 1177; x_wconf 87' lang='lat' dir='ltr'><strong>Taurin.</strong></span> <span class='ocrx_word' id='word_1_174' title='bbox 564 1150 658 1177; x_wconf 75' lang='lat' dir='ltr'><strong>LXXI.</strong></span> <span class='ocrx_word' id='word_1_175' title='bbox 677 1149 764 1177; x_wconf 73' lang='grc' dir='ltr'><strong>ἰΙΑκι..</strong></span> 
     </span>
    </p>
   </div>
   <div class='ocr_carea' id='block_1_25' title="bbox 244 1196 984 1232">
    <p class='ocr_par' dir='ltr' id='par_1_25' title="bbox 244 1196 984 1232">
     <span class='ocr_line' id='line_1_25' title="bbox 244 1196 984 1232; baseline 0.003 -10"><span class='ocrx_word' id='word_1_176' title='bbox 244 1196 289 1223; x_wconf 71' lang='grc'><strong>42,</strong></span> <span class='ocrx_word' id='word_1_177' title='bbox 311 1196 380 1230; x_wconf 75' lang='grc' dir='ltr'><strong>Περὶ</strong></span> <span class='ocrx_word' id='word_1_178' title='bbox 405 1196 464 1222; x_wconf 84' lang='grc' dir='ltr'><em>τῶν</em></span> <span class='ocrx_word' id='word_1_179' title='bbox 493 1197 550 1230; x_wconf 82' lang='grc' dir='ltr'><strong>πρὸ</strong></span> <span class='ocrx_word' id='word_1_180' title='bbox 573 1196 651 1232; x_wconf 78' lang='grc' dir='ltr'><strong>ὥρας</strong></span> <span class='ocrx_word' id='word_1_181' title='bbox 678 1197 928 1232; x_wconf 72' lang='grc' dir='ltr'><strong>ἀφαρπαζομένων</strong></span> <span class='ocrx_word' id='word_1_182' title='bbox 946 1206 984 1232; x_wconf 81' lang='grc' dir='ltr'><strong>νη</strong></span> 
     </span>
    </p>
   </div>
   <div class='ocr_carea' id='block_1_26' title="bbox 206 1241 998 1277">
    <p class='ocr_par' dir='ltr' id='par_1_26' title="bbox 206 1241 998 1277">
     <span class='ocr_line' id='line_1_26' title="bbox 206 1241 998 1277; baseline 0.001 -9"><span class='ocrx_word' id='word_1_183' title='bbox 206 1242 294 1272; x_wconf 70' lang='grc' dir='ltr'><strong>πίων.</strong></span> <span class='ocrx_word' id='word_1_184' title='bbox 322 1241 359 1268; x_wconf 84' lang='lat' dir='ltr'><strong>De</strong></span> <span class='ocrx_word' id='word_1_185' title='bbox 382 1242 528 1276; x_wconf 73' lang='lat' dir='ltr'><strong>infantibus</strong></span> <span class='ocrx_word' id='word_1_186' title='bbox 559 1243 603 1277; x_wconf 82' lang='lat' dir='ltr'><strong>qui</strong></span> <span class='ocrx_word' id='word_1_187' title='bbox 634 1247 795 1276; x_wconf 78' lang='lat' dir='ltr'><strong>pra&#39;mature</strong></span> <span class='ocrx_word' id='word_1_188' title='bbox 821 1243 998 1277; x_wconf 80' lang='lat' dir='ltr'><strong>abripiuntur,</strong></span> 
     </span>
    </p>
   </div>
   <div class='ocr_carea' id='block_1_27' title="bbox 208 1287 998 1323">
    <p class='ocr_par' dir='ltr' id='par_1_27' title="bbox 208 1287 998 1323">
     <span class='ocr_line' id='line_1_27' title="bbox 208 1287 998 1323; baseline 0.001 -10"><span class='ocrx_word' id='word_1_189' title='bbox 208 1287 243 1314; x_wconf 73' lang='lat' dir='ltr'><strong>at!</strong></span> <span class='ocrx_word' id='word_1_190' title='bbox 256 1287 378 1314; x_wconf 76' lang='lat' dir='ltr'><strong>Hirrium</strong></span> <span class='ocrx_word' id='word_1_191' title='bbox 394 1288 442 1323; x_wconf 66' lang='lat' dir='ltr'><strong>(cl,</strong></span> <span class='ocrx_word' id='word_1_192' title='bbox 472 1287 650 1322; x_wconf 74' lang='lat' dir='ltr'><strong>Cappadocia:</strong></span> <span class='ocrx_word' id='word_1_193' title='bbox 660 1289 824 1322; x_wconf 68' lang='lat' dir='ltr'><strong>prwfeqtutn,</strong></span> <span class='ocrx_word' id='word_1_194' title='bbox 836 1296 862 1323; x_wconf 93' lang='lat' dir='ltr'><strong>p.</strong></span> <span class='ocrx_word' id='word_1_195' title='bbox 873 1288 998 1321; x_wconf 67' lang='lat'><strong>748-770,</strong></span> 
     </span>
    </p>
   </div>
   <div class='ocr_carea' id='block_1_28' title="bbox 205 1333 997 1369">
    <p class='ocr_par' dir='ltr' id='par_1_28' title="bbox 205 1333 997 1369">
     <span class='ocr_line' id='line_1_28' title="bbox 205 1333 997 1369; baseline -0.001 -8"><span class='ocrx_word' id='word_1_196' title='bbox 205 1341 270 1361; x_wconf 83' lang='lat' dir='ltr'><strong>cum</strong></span> <span class='ocrx_word' id='word_1_197' title='bbox 290 1334 419 1361; x_wconf 77' lang='lat' dir='ltr'><strong>versione</strong></span> <span class='ocrx_word' id='word_1_198' title='bbox 434 1333 573 1362; x_wconf 80' lang='lat' dir='ltr'><strong>Laurentii</strong></span> <span class='ocrx_word' id='word_1_199' title='bbox 588 1333 685 1360; x_wconf 78' lang='lat' dir='ltr'><strong>Sil‘aui.</strong></span> <span class='ocrx_word' id='word_1_200' title='bbox 716 1334 816 1368; x_wconf 90' lang='lat' dir='ltr'><strong>Incipit</strong></span> <span class='ocrx_word' id='word_1_201' title='bbox 843 1343 850 1362; x_wconf 89' lang='lat'><strong>:</strong></span> <span class='ocrx_word' id='word_1_202' title='bbox 881 1335 926 1361; x_wconf 74' lang='grc' dir='ltr'><strong>Σοὶ</strong></span> <span class='ocrx_word' id='word_1_203' title='bbox 938 1335 997 1369; x_wconf 74' lang='grc' dir='ltr'><strong>μὲν,</strong></span> 
     </span>
    </p>
   </div>
   <div class='ocr_carea' id='block_1_29' title="bbox 204 1375 999 1415">
    <p class='ocr_par' dir='ltr' id='par_1_29' title="bbox 204 1375 999 1415">
     <span class='ocr_line' id='line_1_29' title="bbox 204 1375 999 1415; baseline 0.003 -10"><span class='ocrx_word' id='word_1_204' title='bbox 204 1375 230 1405; x_wconf 76' lang='grc' dir='ltr'>ὧ</span> <span class='ocrx_word' id='word_1_205' title='bbox 241 1379 345 1412; x_wconf 78' lang='grc' dir='ltr'><strong>ἄριστε,</strong></span> <span class='ocrx_word' id='word_1_206' title='bbox 357 1379 458 1411; x_wconf 81' lang='grc' dir='ltr'>πάντες</span> <span class='ocrx_word' id='word_1_207' title='bbox 470 1379 594 1413; x_wconf 53' lang='lat' dir='ltr'><strong>cepto-at</strong></span> <span class='ocrx_word' id='word_1_208' title='bbox 605 1388 634 1406; x_wconf 79' lang='grc' dir='ltr'>τε</span> <span class='ocrx_word' id='word_1_209' title='bbox 645 1379 691 1406; x_wconf 78' lang='grc' dir='ltr'><strong>καὶ</strong></span> <span class='ocrx_word' id='word_1_210' title='bbox 705 1379 880 1415; x_wconf 78' lang='grc' dir='ltr'><strong>λογογράφοι.</strong></span> <span class='ocrx_word' id='word_1_211' title='bbox 892 1380 999 1408; x_wconf 80' lang='lat' dir='ltr'><strong>Citatur</strong></span> 
     </span>
    </p>
   </div>
   <div class='ocr_carea' id='block_1_30' title="bbox 206 1424 999 1460">
    <p class='ocr_par' dir='ltr' id='par_1_30' title="bbox 206 1424 999 1460">
     <span class='ocr_line' id='line_1_30' title="bbox 206 1424 999 1460; baseline 0.001 -8"><span class='ocrx_word' id='word_1_212' title='bbox 206 1424 243 1452; x_wconf 78' lang='lat' dir='ltr'><strong>ab</strong></span> <span class='ocrx_word' id='word_1_213' title='bbox 258 1424 416 1455; x_wconf 77' lang='lat' dir='ltr'><strong>Anastasio.</strong></span> <span class='ocrx_word' id='word_1_214' title='bbox 430 1431 527 1459; x_wconf 62' lang='lat' dir='ltr'><strong>quaest.</strong></span> <span class='ocrx_word' id='word_1_215' title='bbox 548 1425 591 1452; x_wconf 81' lang='grc'><strong>16.</strong></span> <span class='ocrx_word' id='word_1_216' title='bbox 607 1425 628 1450; x_wconf 77' lang='grc' dir='ltr'>Α</span> <span class='ocrx_word' id='word_1_217' title='bbox 644 1424 768 1460; x_wconf 85' lang='lat' dir='ltr'><strong>Nysseno</strong></span> <span class='ocrx_word' id='word_1_218' title='bbox 788 1426 844 1460; x_wconf 89' lang='lat' dir='ltr'><strong>jam</strong></span> <span class='ocrx_word' id='word_1_219' title='bbox 861 1433 926 1453; x_wconf 83' lang='lat' dir='ltr'><strong>sene</strong></span> <span class='ocrx_word' id='word_1_220' title='bbox 943 1426 999 1454; x_wconf 66' lang='lat' dir='ltr'><strong>hare</strong></span> 
     </span>
    </p>
   </div>
   <div class='ocr_carea' id='block_1_31' title="bbox 205 1469 997 1505">
    <p class='ocr_par' dir='ltr' id='par_1_31' title="bbox 205 1469 997 1505">
     <span class='ocr_line' id='line_1_31' title="bbox 205 1469 997 1505; baseline 0.001 -8"><span class='ocrx_word' id='word_1_221' title='bbox 205 1469 323 1504; x_wconf 86' lang='lat' dir='ltr'><strong>epistola</strong></span> <span class='ocrx_word' id='word_1_222' title='bbox 339 1471 440 1505; x_wconf 85' lang='lat' dir='ltr'><strong>scripta</strong></span> <span class='ocrx_word' id='word_1_223' title='bbox 456 1475 506 1498; x_wconf 88' lang='lat' dir='ltr'><strong>est.</strong></span> <span class='ocrx_word' id='word_1_224' title='bbox 521 1469 602 1497; x_wconf 69' lang='lat' dir='ltr'><strong>Eun.</strong></span> <span class='ocrx_word' id='word_1_225' title='bbox 616 1470 763 1505; x_wconf 80' lang='lat' dir='ltr'><strong>Reperitur</strong></span> <span class='ocrx_word' id='word_1_226' title='bbox 776 1471 803 1498; x_wconf 89' lang='lat' dir='ltr'><strong>in</strong></span> <span class='ocrx_word' id='word_1_227' title='bbox 814 1471 903 1498; x_wconf 88' lang='lat' dir='ltr'><strong>tribus</strong></span> <span class='ocrx_word' id='word_1_228' title='bbox 916 1472 997 1499; x_wconf 88' lang='lat' dir='ltr'><strong>codd.</strong></span> 
     </span>
    </p>
   </div>
   <div class='ocr_carea' id='block_1_32' title="bbox 207 1513 998 1546">
    <p class='ocr_par' dir='ltr' id='par_1_32' title="bbox 207 1513 998 1546">
     <span class='ocr_line' id='line_1_32' title="bbox 207 1513 998 1546; baseline 0.001 -6"><span class='ocrx_word' id='word_1_229' title='bbox 207 1513 296 1542; x_wconf 83' lang='lat' dir='ltr'><strong>Paris.</strong></span> <span class='ocrx_word' id='word_1_230' title='bbox 316 1519 343 1542; x_wconf 87' lang='lat' dir='ltr'><strong>et</strong></span> <span class='ocrx_word' id='word_1_231' title='bbox 361 1515 388 1541; x_wconf 92' lang='lat' dir='ltr'><strong>iu</strong></span> <span class='ocrx_word' id='word_1_232' title='bbox 407 1515 468 1541; x_wconf 63' lang='grc' dir='ltr'><strong>σοι).</strong></span> <span class='ocrx_word' id='word_1_233' title='bbox 492 1514 605 1542; x_wconf 84' lang='lat' dir='ltr'><strong>Taurin.</strong></span> <span class='ocrx_word' id='word_1_234' title='bbox 620 1513 713 1546; x_wconf 78' lang='lat' dir='ltr'><strong>LXXI,</strong></span> <span class='ocrx_word' id='word_1_235' title='bbox 740 1514 788 1541; x_wconf 82' lang='lat' dir='ltr'><strong>fol.</strong></span> <span class='ocrx_word' id='word_1_236' title='bbox 815 1515 876 1542; x_wconf 76' lang='lat' dir='ltr'><strong>55L</strong></span> <span class='ocrx_word' id='word_1_237' title='bbox 901 1514 929 1540; x_wconf 89' lang='lat' dir='ltr'><strong>In</strong></span> <span class='ocrx_word' id='word_1_238' title='bbox 947 1514 998 1541; x_wconf 90' lang='lat' dir='ltr'><strong>hoc</strong></span> 
     </span>
    </p>
   </div>
   <div class='ocr_carea' id='block_1_33' title="bbox 204 1559 999 1595">
    <p class='ocr_par' dir='ltr' id='par_1_33' title="bbox 204 1559 999 1595">
     <span class='ocr_line' id='line_1_33' title="bbox 204 1559 999 1595; baseline -0.001 -8"><span class='ocrx_word' id='word_1_239' title='bbox 204 1567 303 1595; x_wconf 88' lang='lat' dir='ltr'><strong>opusc.</strong></span> <span class='ocrx_word' id='word_1_240' title='bbox 323 1568 349 1594; x_wconf 88' lang='lat' dir='ltr'><strong>p.</strong></span> <span class='ocrx_word' id='word_1_241' title='bbox 365 1560 417 1587; x_wconf 69' lang='lat'><strong>322</strong></span> <span class='ocrx_word' id='word_1_242' title='bbox 432 1564 475 1588; x_wconf 84' lang='lat' dir='ltr'><strong>est</strong></span> <span class='ocrx_word' id='word_1_243' title='bbox 498 1568 513 1587; x_wconf 91' lang='lat' dir='ltr'><strong>a</strong></span> <span class='ocrx_word' id='word_1_244' title='bbox 530 1559 627 1587; x_wconf 69' lang='lat' dir='ltr'><strong>Ducam</strong></span> <span class='ocrx_word' id='word_1_245' title='bbox 644 1561 722 1587; x_wconf 86' lang='lat' dir='ltr'><strong>locus</strong></span> <span class='ocrx_word' id='word_1_246' title='bbox 738 1560 770 1588; x_wconf 87' lang='lat' dir='ltr'><strong>de</strong></span> <span class='ocrx_word' id='word_1_247' title='bbox 792 1561 854 1595; x_wconf 75' lang='lat' dir='ltr'><strong>igne</strong></span> <span class='ocrx_word' id='word_1_248' title='bbox 871 1563 999 1595; x_wconf 80' lang='lat' dir='ltr'><strong>purgato-</strong></span> 
     </span>
    </p>
   </div>
   <div class='ocr_carea' id='block_1_34' title="bbox 207 1603 1000 1639">
    <p class='ocr_par' dir='ltr' id='par_1_34' title="bbox 207 1603 1000 1639">
     <span class='ocr_line' id='line_1_34' title="bbox 207 1603 1000 1639; baseline -0.001 -8"><span class='ocrx_word' id='word_1_249' title='bbox 207 1605 250 1631; x_wconf 86' lang='lat' dir='ltr'><strong>rio</strong></span> <span class='ocrx_word' id='word_1_250' title='bbox 264 1604 382 1631; x_wconf 85' lang='lat' dir='ltr'><strong>insertus</strong></span> <span class='ocrx_word' id='word_1_251' title='bbox 398 1613 404 1631; x_wconf 94' lang='lat'>:</span> <span class='ocrx_word' id='word_1_252' title='bbox 419 1612 472 1639; x_wconf 85' lang='lat' dir='ltr'><strong>qua</strong></span> <span class='ocrx_word' id='word_1_253' title='bbox 485 1604 519 1631; x_wconf 88' lang='lat' dir='ltr'><strong>de</strong></span> <span class='ocrx_word' id='word_1_254' title='bbox 534 1612 563 1631; x_wconf 86' lang='lat' dir='ltr'><strong>re</strong></span> <span class='ocrx_word' id='word_1_255' title='bbox 579 1604 623 1630; x_wconf 90' lang='lat' dir='ltr'><strong>alii</strong></span> <span class='ocrx_word' id='word_1_256' title='bbox 643 1604 670 1630; x_wconf 93' lang='lat' dir='ltr'><strong>id</strong></span> <span class='ocrx_word' id='word_1_257' title='bbox 691 1604 731 1631; x_wconf 86' lang='lat' dir='ltr'><strong>vel</strong></span> <span class='ocrx_word' id='word_1_258' title='bbox 755 1606 878 1639; x_wconf 89' lang='lat' dir='ltr'><strong>spurium</strong></span> <span class='ocrx_word' id='word_1_259' title='bbox 900 1604 941 1630; x_wconf 85' lang='lat' dir='ltr'><strong>vel</strong></span> <span class='ocrx_word' id='word_1_260' title='bbox 957 1603 1000 1630; x_wconf 88' lang='lat' dir='ltr'><strong>in-</strong></span> 
     </span>
    </p>
   </div>
   <div class='ocr_carea' id='block_1_35' title="bbox 208 1649 998 1685">
    <p class='ocr_par' dir='ltr' id='par_1_35' title="bbox 208 1649 998 1685">
     <span class='ocr_line' id='line_1_35' title="bbox 208 1649 998 1685; baseline -0.003 -8"><span class='ocrx_word' id='word_1_261' title='bbox 208 1650 372 1684; x_wconf 88' lang='lat' dir='ltr'><strong>terpolatum</strong></span> <span class='ocrx_word' id='word_1_262' title='bbox 389 1650 556 1677; x_wconf 84' lang='lat' dir='ltr'><strong>habuerunt.</strong></span> <span class='ocrx_word' id='word_1_263' title='bbox 573 1649 605 1676; x_wconf 66' lang='grc' dir='ltr'>ν.</span> <span class='ocrx_word' id='word_1_264' title='bbox 616 1649 715 1677; x_wconf 89' lang='lat' dir='ltr'><strong>Oudin.</strong></span> <span class='ocrx_word' id='word_1_265' title='bbox 728 1658 755 1685; x_wconf 91' lang='lat' dir='ltr'><strong>p.</strong></span> <span class='ocrx_word' id='word_1_266' title='bbox 770 1650 822 1677; x_wconf 78' lang='lat'><strong>605</strong></span> <span class='ocrx_word' id='word_1_267' title='bbox 836 1654 862 1677; x_wconf 93' lang='lat' dir='ltr'><strong>et</strong></span> <span class='ocrx_word' id='word_1_268' title='bbox 874 1649 998 1676; x_wconf 74' lang='lat' dir='ltr'><strong>Rivetum</strong></span> 
     </span>
    </p>
   </div>
   <div class='ocr_carea' id='block_1_36' title="bbox 208 1694 999 1731">
    <p class='ocr_par' dir='ltr' id='par_1_36' title="bbox 208 1694 999 1731">
     <span class='ocr_line' id='line_1_36' title="bbox 208 1694 999 1731; baseline -0.001 -8"><span class='ocrx_word' id='word_1_269' title='bbox 208 1696 235 1723; x_wconf 92' lang='lat' dir='ltr'><strong>in</strong></span> <span class='ocrx_word' id='word_1_270' title='bbox 250 1696 351 1723; x_wconf 83' lang='lat' dir='ltr'><strong>Critico</strong></span> <span class='ocrx_word' id='word_1_271' title='bbox 371 1704 459 1729; x_wconf 69' lang='lat' dir='ltr'><strong>sacro,</strong></span> <span class='ocrx_word' id='word_1_272' title='bbox 474 1703 536 1730; x_wconf 86' lang='lat' dir='ltr'><strong>cap.</strong></span> <span class='ocrx_word' id='word_1_273' title='bbox 551 1696 597 1727; x_wconf 71' lang='lat'><strong>25.</strong></span> <span class='ocrx_word' id='word_1_274' title='bbox 614 1704 642 1731; x_wconf 88' lang='lat' dir='ltr'><strong>q.</strong></span> <span class='ocrx_word' id='word_1_275' title='bbox 659 1695 711 1722; x_wconf 73' lang='grc'>548</span> <span class='ocrx_word' id='word_1_276' title='bbox 725 1704 785 1731; x_wconf 86' lang='lat' dir='ltr'><strong>sqq.</strong></span> <span class='ocrx_word' id='word_1_277' title='bbox 806 1694 858 1723; x_wconf 85' lang='lat' dir='ltr'><strong>Sed</strong></span> <span class='ocrx_word' id='word_1_278' title='bbox 870 1703 999 1731; x_wconf 86' lang='lat' dir='ltr'><strong>compara</strong></span> 
     </span>
    </p>
   </div>
   <div class='ocr_carea' id='block_1_37' title="bbox 207 1740 999 1777">
    <p class='ocr_par' dir='ltr' id='par_1_37' title="bbox 207 1740 999 1777">
     <span class='ocr_line' id='line_1_37' title="bbox 207 1740 999 1777; baseline 0.001 -9"><span class='ocrx_word' id='word_1_279' title='bbox 207 1741 362 1769; x_wconf 84' lang='lat' dir='ltr'><strong>Tillemonl.</strong></span> <span class='ocrx_word' id='word_1_280' title='bbox 372 1741 453 1777; x_wconf 71' lang='lat' dir='ltr'><strong>p.6l2</strong></span> <span class='ocrx_word' id='word_1_281' title='bbox 460 1745 487 1768; x_wconf 91' lang='lat' dir='ltr'><strong>et</strong></span> <span class='ocrx_word' id='word_1_282' title='bbox 495 1741 557 1774; x_wconf 85' lang='grc'>615,</span> <span class='ocrx_word' id='word_1_283' title='bbox 568 1740 683 1772; x_wconf 83' lang='lat' dir='ltr'><strong>Semler.</strong></span> <span class='ocrx_word' id='word_1_284' title='bbox 692 1741 711 1768; x_wconf 92' lang='lat' dir='ltr'><strong>l.</strong></span> <span class='ocrx_word' id='word_1_285' title='bbox 719 1749 744 1768; x_wconf 90' lang='lat' dir='ltr'><strong>c.</strong></span> <span class='ocrx_word' id='word_1_286' title='bbox 754 1750 780 1777; x_wconf 93' lang='lat' dir='ltr'><strong>p.</strong></span> <span class='ocrx_word' id='word_1_287' title='bbox 790 1742 853 1774; x_wconf 71' lang='lat'><strong>257,</strong></span> <span class='ocrx_word' id='word_1_288' title='bbox 865 1741 999 1777; x_wconf 89' lang='lat' dir='ltr'><strong>imprimis</strong></span> 
     </span>
    </p>
   </div>
   <div class='ocr_carea' id='block_1_38' title="bbox 211 1786 997 1822">
    <p class='ocr_par' dir='ltr' id='par_1_38' title="bbox 211 1786 997 1822">
     <span class='ocr_line' id='line_1_38' title="bbox 211 1786 997 1822; baseline 0 -8"><span class='ocrx_word' id='word_1_289' title='bbox 211 1787 372 1815; x_wconf 70' lang='lat' dir='ltr'><strong>St-hrmclth.</strong></span> <span class='ocrx_word' id='word_1_290' title='bbox 387 1788 422 1814; x_wconf 89' lang='lat' dir='ltr'><strong>de</strong></span> <span class='ocrx_word' id='word_1_291' title='bbox 431 1787 478 1814; x_wconf 85' lang='lat' dir='ltr'><strong>IIIO</strong></span> <span class='ocrx_word' id='word_1_292' title='bbox 488 1795 584 1822; x_wconf 86' lang='lat' dir='ltr'><strong>opusc.</strong></span> <span class='ocrx_word' id='word_1_293' title='bbox 595 1787 711 1822; x_wconf 87' lang='lat' dir='ltr'><strong>locoque</strong></span> <span class='ocrx_word' id='word_1_294' title='bbox 718 1795 777 1822; x_wconf 75' lang='lat' dir='ltr'><strong>pag.</strong></span> <span class='ocrx_word' id='word_1_295' title='bbox 785 1787 834 1814; x_wconf 52' lang='grc' dir='ltr'>ίῶ</span> <span class='ocrx_word' id='word_1_296' title='bbox 843 1795 903 1822; x_wconf 85' lang='lat' dir='ltr'><strong>sqq.</strong></span> <span class='ocrx_word' id='word_1_297' title='bbox 912 1786 997 1814; x_wconf 71' lang='lat' dir='ltr'><strong>IIARL.</strong></span> 
     </span>
    </p>
   </div>
   <div class='ocr_carea' id='block_1_39' title="bbox 245 1831 998 1867">
    <p class='ocr_par' dir='ltr' id='par_1_39' title="bbox 245 1831 998 1867">
     <span class='ocr_line' id='line_1_39' title="bbox 245 1831 998 1867; baseline 0.001 -8"><span class='ocrx_word' id='word_1_298' title='bbox 245 1832 288 1859; x_wconf 72' lang='grc'><strong>45.</strong></span> <span class='ocrx_word' id='word_1_299' title='bbox 311 1834 362 1866; x_wconf 77' lang='grc' dir='ltr'><strong>Εἰς</strong></span> <span class='ocrx_word' id='word_1_300' title='bbox 378 1833 435 1866; x_wconf 78' lang='grc' dir='ltr'><strong>τὴν</strong></span> <span class='ocrx_word' id='word_1_301' title='bbox 451 1831 605 1867; x_wconf 76' lang='grc' dir='ltr'><strong>γέννησιν.</strong></span> <span class='ocrx_word' id='word_1_302' title='bbox 628 1832 661 1859; x_wconf 78' lang='lat' dir='ltr'><strong>In</strong></span> <span class='ocrx_word' id='word_1_303' title='bbox 674 1833 790 1860; x_wconf 82' lang='lat' dir='ltr'><strong>natalem</strong></span> <span class='ocrx_word' id='word_1_304' title='bbox 800 1833 998 1860; x_wconf 81' lang='lat' dir='ltr'><strong>Domininostri</strong></span> 
     </span>
    </p>
   </div>
   <div class='ocr_carea' id='block_1_40' title="bbox 206 1877 997 1914">
    <p class='ocr_par' dir='ltr' id='par_1_40' title="bbox 206 1877 997 1914">
     <span class='ocr_line' id='line_1_40' title="bbox 206 1877 997 1914; baseline 0.003 -10"><span class='ocrx_word' id='word_1_305' title='bbox 206 1877 271 1905; x_wconf 76' lang='lat' dir='ltr'><strong>Jesn</strong></span> <span class='ocrx_word' id='word_1_306' title='bbox 282 1877 395 1909; x_wconf 78' lang='lat' dir='ltr'><strong>Christi,</strong></span> <span class='ocrx_word' id='word_1_307' title='bbox 410 1882 436 1905; x_wconf 84' lang='lat' dir='ltr'><strong>et</strong></span> <span class='ocrx_word' id='word_1_308' title='bbox 453 1879 480 1904; x_wconf 80' lang='lat' dir='ltr'><strong>in</strong></span> <span class='ocrx_word' id='word_1_309' title='bbox 494 1878 610 1913; x_wconf 73' lang='lat' dir='ltr'><strong>infantes</strong></span> <span class='ocrx_word' id='word_1_310' title='bbox 626 1878 854 1906; x_wconf 78' lang='lat' dir='ltr'><strong>Betltleltemiticos</strong></span> <span class='ocrx_word' id='word_1_311' title='bbox 870 1878 922 1914; x_wconf 75' lang='lat' dir='ltr'><strong>(tt),</strong></span> <span class='ocrx_word' id='word_1_312' title='bbox 935 1887 997 1914; x_wconf 75' lang='lat' dir='ltr'><strong>pag.</strong></span> 
     </span>
    </p>
   </div>
   <div class='ocr_carea' id='block_1_41' title="bbox 206 1923 999 1957">
    <p class='ocr_par' dir='ltr' id='par_1_41' title="bbox 206 1923 999 1957">
     <span class='ocr_line' id='line_1_41' title="bbox 206 1923 999 1957; baseline 0.004 -7"><span class='ocrx_word' id='word_1_313' title='bbox 206 1924 337 1956; x_wconf 87' lang='grc'>771-786,</span> <span class='ocrx_word' id='word_1_314' title='bbox 351 1931 414 1951; x_wconf 90' lang='lat' dir='ltr'><strong>cum</strong></span> <span class='ocrx_word' id='word_1_315' title='bbox 429 1925 554 1952; x_wconf 83' lang='lat' dir='ltr'><strong>versione</strong></span> <span class='ocrx_word' id='word_1_316' title='bbox 570 1923 644 1951; x_wconf 82' lang='lat' dir='ltr'><strong>Petri</strong></span> <span class='ocrx_word' id='word_1_317' title='bbox 660 1924 799 1952; x_wconf 84' lang='lat' dir='ltr'><strong>Francisci</strong></span> <span class='ocrx_word' id='word_1_318' title='bbox 810 1925 882 1957; x_wconf 80' lang='lat' dir='ltr'><strong>Zini.</strong></span> <span class='ocrx_word' id='word_1_319' title='bbox 903 1929 930 1952; x_wconf 90' lang='lat' dir='ltr'><strong>et</strong></span> <span class='ocrx_word' id='word_1_320' title='bbox 947 1926 999 1953; x_wconf 90' lang='lat' dir='ltr'><strong>Du-</strong></span> 
     </span>
    </p>
   </div>
   <div class='ocr_carea' id='block_1_42' title="bbox 208 1969 997 2006">
    <p class='ocr_par' dir='ltr' id='par_1_42' title="bbox 208 1969 997 2006">
     <span class='ocr_line' id='line_1_42' title="bbox 208 1969 997 2006; baseline 0.004 -11"><span class='ocrx_word' id='word_1_321' title='bbox 208 1970 256 1996; x_wconf 63' lang='lat' dir='ltr'><strong>rati</strong></span> <span class='ocrx_word' id='word_1_322' title='bbox 273 1970 346 1996; x_wconf 91' lang='lat' dir='ltr'><strong>notis</strong></span> <span class='ocrx_word' id='word_1_323' title='bbox 362 1969 395 1995; x_wconf 86' lang='lat' dir='ltr'><strong>ad</strong></span> <span class='ocrx_word' id='word_1_324' title='bbox 410 1970 559 1997; x_wconf 85' lang='lat' dir='ltr'><strong>voluminis</strong></span> <span class='ocrx_word' id='word_1_325' title='bbox 574 1971 690 1997; x_wconf 78' lang='lat' dir='ltr'><strong>calcem.</strong></span> <span class='ocrx_word' id='word_1_326' title='bbox 707 1971 805 2006; x_wconf 88' lang='lat' dir='ltr'><strong>Incipit</strong></span> <span class='ocrx_word' id='word_1_327' title='bbox 823 1979 829 1996; x_wconf 89' lang='lat'>:</span> <span class='ocrx_word' id='word_1_328' title='bbox 846 1971 997 1998; x_wconf 74' lang='grc' dir='ltr'><strong>Σαλπίσατε</strong></span> 
     </span>
    </p>
   </div>
   <div class='ocr_carea' id='block_1_43' title="bbox 207 2015 998 2050">
    <p class='ocr_par' dir='ltr' id='par_1_43' title="bbox 207 2015 998 2050">
     <span class='ocr_line' id='line_1_43' title="bbox 207 2015 998 2050; baseline 0.005 -10"><span class='ocrx_word' id='word_1_329' title='bbox 207 2015 237 2041; x_wconf 83' lang='grc' dir='ltr'><strong>ὲν</strong></span> <span class='ocrx_word' id='word_1_330' title='bbox 249 2015 378 2050; x_wconf 75' lang='grc' dir='ltr'><strong>νεομηνίᾳ</strong></span> <span class='ocrx_word' id='word_1_331' title='bbox 389 2015 532 2049; x_wconf 82' lang='grc' dir='ltr'><strong>σάλπιγγι.</strong></span> <span class='ocrx_word' id='word_1_332' title='bbox 542 2015 635 2043; x_wconf 64' lang='lat' dir='ltr'><strong>Graece</strong></span> <span class='ocrx_word' id='word_1_333' title='bbox 647 2017 769 2043; x_wconf 77' lang='lat' dir='ltr'><strong>ediderat</strong></span> <span class='ocrx_word' id='word_1_334' title='bbox 782 2016 850 2043; x_wconf 87' lang='lat' dir='ltr'><strong>Dan.</strong></span> <span class='ocrx_word' id='word_1_335' title='bbox 868 2016 998 2045; x_wconf 69' lang='lat' dir='ltr'><strong>Ilmsclte-</strong></span> 
     </span>
    </p>
   </div>
   <div class='ocr_carea' id='block_1_44' title="bbox 207 2060 996 2095">
    <p class='ocr_par' dir='ltr' id='par_1_44' title="bbox 207 2060 996 2095">
     <span class='ocr_line' id='line_1_44' title="bbox 207 2060 996 2095; baseline 0.006 -9"><span class='ocrx_word' id='word_1_336' title='bbox 207 2060 271 2091; x_wconf 79' lang='lat' dir='ltr'><strong>lius,</strong></span> <span class='ocrx_word' id='word_1_337' title='bbox 288 2061 420 2095; x_wconf 63' lang='lat' dir='ltr'><strong>Augustae</strong></span> <span class='ocrx_word' id='word_1_338' title='bbox 433 2060 539 2089; x_wconf 89' lang='lat' dir='ltr'><strong>Vindel.</strong></span> <span class='ocrx_word' id='word_1_339' title='bbox 556 2062 636 2094; x_wconf 85' lang='grc'>1587,</span> <span class='ocrx_word' id='word_1_340' title='bbox 653 2061 681 2093; x_wconf 88' lang='lat'><strong>8,</strong></span> <span class='ocrx_word' id='word_1_341' title='bbox 696 2062 767 2089; x_wconf 87' lang='lat' dir='ltr'><strong>inter</strong></span> <span class='ocrx_word' id='word_1_342' title='bbox 783 2064 874 2090; x_wconf 86' lang='lat' dir='ltr'><strong>varias</strong></span> <span class='ocrx_word' id='word_1_343' title='bbox 885 2063 996 2091; x_wconf 86' lang='lat' dir='ltr'><strong>Patrum</strong></span> 
     </span>
    </p>
   </div>
   <div class='ocr_carea' id='block_1_45' title="bbox 207 2107 999 2143">
    <p class='ocr_par' dir='ltr' id='par_1_45' title="bbox 207 2107 999 2143">
     <span class='ocr_line' id='line_1_45' title="bbox 207 2107 999 2143; baseline 0.004 -9"><span class='ocrx_word' id='word_1_344' title='bbox 207 2107 338 2134; x_wconf 70' lang='lat' dir='ltr'><strong>llomilias</strong></span> <span class='ocrx_word' id='word_1_345' title='bbox 358 2115 386 2142; x_wconf 91' lang='lat' dir='ltr'><strong>p.</strong></span> <span class='ocrx_word' id='word_1_346' title='bbox 408 2107 469 2140; x_wconf 82' lang='grc'>105,</span> <span class='ocrx_word' id='word_1_347' title='bbox 484 2112 511 2135; x_wconf 90' lang='lat' dir='ltr'><strong>et</strong></span> <span class='ocrx_word' id='word_1_348' title='bbox 531 2115 584 2135; x_wconf 91' lang='lat' dir='ltr'><strong>uua</strong></span> <span class='ocrx_word' id='word_1_349' title='bbox 594 2115 656 2135; x_wconf 92' lang='lat' dir='ltr'><strong>cum</strong></span> <span class='ocrx_word' id='word_1_350' title='bbox 669 2107 749 2143; x_wconf 85' lang='lat' dir='ltr'><strong>Nyss.</strong></span> <span class='ocrx_word' id='word_1_351' title='bbox 766 2114 837 2136; x_wconf 87' lang='lat' dir='ltr'><strong>orat.</strong></span> <span class='ocrx_word' id='word_1_352' title='bbox 852 2109 888 2136; x_wconf 82' lang='lat' dir='ltr'><strong>De</strong></span> <span class='ocrx_word' id='word_1_353' title='bbox 902 2109 930 2136; x_wconf 89' lang='lat' dir='ltr'><strong>S.</strong></span> <span class='ocrx_word' id='word_1_354' title='bbox 943 2109 999 2137; x_wconf 72' lang='lat' dir='ltr'><strong>Ste-</strong></span> 
     </span>
    </p>
   </div>
   <div class='ocr_carea' id='block_1_46' title="bbox 144 2152 998 2188">
    <p class='ocr_par' dir='ltr' id='par_1_46' title="bbox 144 2152 998 2188">
     <span class='ocr_line' id='line_1_46' title="bbox 144 2152 998 2188; baseline 0.006 -11"><span class='ocrx_word' id='word_1_355' title='bbox 144 2175 146 2177; x_wconf 78' lang='lat'><strong>.</strong></span> <span class='ocrx_word' id='word_1_356' title='bbox 205 2152 305 2186; x_wconf 73' lang='lat' dir='ltr'><strong>pluma,</strong></span> <span class='ocrx_word' id='word_1_357' title='bbox 318 2153 403 2188; x_wconf 89' lang='lat' dir='ltr'><strong>primo</strong></span> <span class='ocrx_word' id='word_1_358' title='bbox 417 2159 544 2188; x_wconf 81' lang='lat' dir='ltr'><strong>martyre,</strong></span> <span class='ocrx_word' id='word_1_359' title='bbox 560 2161 622 2181; x_wconf 90' lang='lat' dir='ltr'><strong>cum</strong></span> <span class='ocrx_word' id='word_1_360' title='bbox 639 2153 764 2181; x_wconf 84' lang='lat' dir='ltr'><strong>versione</strong></span> <span class='ocrx_word' id='word_1_361' title='bbox 780 2161 829 2181; x_wconf 86' lang='lat' dir='ltr'><strong>sua</strong></span> <span class='ocrx_word' id='word_1_362' title='bbox 840 2153 936 2181; x_wconf 78' lang='lat' dir='ltr'><strong>Joaclt.</strong></span> <span class='ocrx_word' id='word_1_363' title='bbox 947 2155 998 2182; x_wconf 85' lang='lat' dir='ltr'><strong>Ca-</strong></span> 
     </span>
    </p>
   </div>
   <div class='ocr_carea' id='block_1_47' title="bbox 1052 234 1841 270">
    <p class='ocr_par' dir='ltr' id='par_1_47' title="bbox 1052 234 1841 270">
     <span class='ocr_line' id='line_1_47' title="bbox 1052 234 1841 270; baseline 0 -6"><span class='ocrx_word' id='word_1_364' title='bbox 1052 238 1180 270; x_wconf 76' lang='lat'><strong>786-798,</strong></span> <span class='ocrx_word' id='word_1_365' title='bbox 1204 246 1267 266; x_wconf 87' lang='lat' dir='ltr'><strong>cutn</strong></span> <span class='ocrx_word' id='word_1_366' title='bbox 1285 237 1409 265; x_wconf 82' lang='lat' dir='ltr'><strong>versione</strong></span> <span class='ocrx_word' id='word_1_367' title='bbox 1421 235 1562 264; x_wconf 86' lang='lat' dir='ltr'><strong>Laurentii</strong></span> <span class='ocrx_word' id='word_1_368' title='bbox 1591 235 1679 263; x_wconf 80' lang='lat' dir='ltr'><strong>Sifani</strong></span> <span class='ocrx_word' id='word_1_369' title='bbox 1703 241 1730 263; x_wconf 87' lang='lat' dir='ltr'><strong>et</strong></span> <span class='ocrx_word' id='word_1_370' title='bbox 1754 234 1841 264; x_wconf 73' lang='grc' dir='ltr'>Βυαηί</span> 
     </span>
    </p>
   </div>
   <div class='ocr_carea' id='block_1_48' title="bbox 1051 281 1840 319">
    <p class='ocr_par' dir='ltr' id='par_1_48' title="bbox 1051 281 1840 319">
     <span class='ocr_line' id='line_1_48' title="bbox 1051 281 1840 319; baseline -0.001 -9"><span class='ocrx_word' id='word_1_371' title='bbox 1051 284 1133 311; x_wconf 88' lang='lat' dir='ltr'><strong>notis.</strong></span> <span class='ocrx_word' id='word_1_372' title='bbox 1150 283 1248 319; x_wconf 86' lang='lat' dir='ltr'><strong>Incipit</strong></span> <span class='ocrx_word' id='word_1_373' title='bbox 1264 292 1270 310; x_wconf 92' lang='lat'>:</span> <span class='ocrx_word' id='word_1_374' title='bbox 1292 283 1337 315; x_wconf 75' lang='grc' dir='ltr'><strong>Ὠς</strong></span> <span class='ocrx_word' id='word_1_375' title='bbox 1363 282 1432 317; x_wconf 81' lang='grc' dir='ltr'><strong>καλὴ</strong></span> <span class='ocrx_word' id='word_1_376' title='bbox 1443 282 1496 309; x_wconf 84' lang='grc' dir='ltr'><strong>τῶν</strong></span> <span class='ocrx_word' id='word_1_377' title='bbox 1514 281 1625 316; x_wconf 80' lang='grc' dir='ltr'><strong>ἀγαθῶν</strong></span> <span class='ocrx_word' id='word_1_378' title='bbox 1642 283 1659 317; x_wconf 85' lang='grc' dir='ltr'>ἡ</span> <span class='ocrx_word' id='word_1_379' title='bbox 1686 282 1840 310; x_wconf 77' lang='grc' dir='ltr'><strong>ἀκολουθία.</strong></span> 
     </span>
    </p>
   </div>
   <div class='ocr_carea' id='block_1_49' title="bbox 1050 325 1841 362">
    <p class='ocr_par' dir='ltr' id='par_1_49' title="bbox 1050 325 1841 362">
     <span class='ocr_line' id='line_1_49' title="bbox 1050 325 1841 362; baseline -0.001 -7"><span class='ocrx_word' id='word_1_380' title='bbox 1050 328 1154 355; x_wconf 83' lang='lat' dir='ltr'><strong>Laudat</strong></span> <span class='ocrx_word' id='word_1_381' title='bbox 1176 328 1275 355; x_wconf 82' lang='lat' dir='ltr'><strong>Suidas</strong></span> <span class='ocrx_word' id='word_1_382' title='bbox 1303 332 1330 355; x_wconf 86' lang='lat' dir='ltr'><strong>et</strong></span> <span class='ocrx_word' id='word_1_383' title='bbox 1360 326 1585 362; x_wconf 64' lang='lat' dir='ltr'><strong>miuﬂaﬁpu‘rov</strong></span> <span class='ocrx_word' id='word_1_384' title='bbox 1617 326 1746 361; x_wconf 68' lang='lat' dir='ltr'><strong>appellat.</strong></span> <span class='ocrx_word' id='word_1_385' title='bbox 1777 325 1841 354; x_wconf 74' lang='grc' dir='ltr'><strong>Ειιὶ-</strong></span> 
     </span>
    </p>
   </div>
   <div class='ocr_carea' id='block_1_50' title="bbox 1050 372 1842 407">
    <p class='ocr_par' dir='ltr' id='par_1_50' title="bbox 1050 372 1842 407">
     <span class='ocr_line' id='line_1_50' title="bbox 1050 372 1842 407; baseline -0.003 -5"><span class='ocrx_word' id='word_1_386' title='bbox 1050 375 1128 402; x_wconf 88' lang='lat' dir='ltr'><strong>derat</strong></span> <span class='ocrx_word' id='word_1_387' title='bbox 1141 373 1312 402; x_wconf 74' lang='lat' dir='ltr'><strong>llmschelius</strong></span> <span class='ocrx_word' id='word_1_388' title='bbox 1329 372 1426 400; x_wconf 61' lang='lat' dir='ltr'><strong>Graece</strong></span> <span class='ocrx_word' id='word_1_389' title='bbox 1442 373 1460 400; x_wconf 94' lang='lat' dir='ltr'><strong>l.</strong></span> <span class='ocrx_word' id='word_1_390' title='bbox 1479 373 1525 400; x_wconf 88' lang='lat' dir='ltr'><strong>cit.</strong></span> <span class='ocrx_word' id='word_1_391' title='bbox 1544 380 1570 399; x_wconf 69' lang='grc' dir='ltr'>η.</span> <span class='ocrx_word' id='word_1_392' title='bbox 1587 372 1668 404; x_wconf 85' lang='grc'>1587,</span> <span class='ocrx_word' id='word_1_393' title='bbox 1687 373 1714 404; x_wconf 92' lang='lat'><strong>8,</strong></span> <span class='ocrx_word' id='word_1_394' title='bbox 1733 380 1760 407; x_wconf 90' lang='lat' dir='ltr'><strong>p.</strong></span> <span class='ocrx_word' id='word_1_395' title='bbox 1779 373 1842 404; x_wconf 66' lang='grc' dir='ltr'>151ν</span> 
     </span>
    </p>
   </div>
   <div class='ocr_carea' id='block_1_51' title="bbox 1051 417 1841 456">
    <p class='ocr_par' dir='ltr' id='par_1_51' title="bbox 1051 417 1841 456">
     <span class='ocr_line' id='line_1_51' title="bbox 1051 417 1841 456; baseline -0.005 -8"><span class='ocrx_word' id='word_1_396' title='bbox 1051 421 1181 456; x_wconf 68' lang='lat' dir='ltr'><strong>Augusta:</strong></span> <span class='ocrx_word' id='word_1_397' title='bbox 1196 419 1301 447; x_wconf 80' lang='lat' dir='ltr'><strong>Vindel.</strong></span> <span class='ocrx_word' id='word_1_398' title='bbox 1320 418 1416 446; x_wconf 84' lang='lat' dir='ltr'><strong>Latine</strong></span> <span class='ocrx_word' id='word_1_399' title='bbox 1431 426 1464 446; x_wconf 81' lang='lat' dir='ltr'><strong>ex</strong></span> <span class='ocrx_word' id='word_1_400' title='bbox 1482 417 1541 445; x_wconf 88' lang='lat' dir='ltr'><strong>Zini</strong></span> <span class='ocrx_word' id='word_1_401' title='bbox 1568 418 1696 445; x_wconf 84' lang='lat' dir='ltr'><strong>versione</strong></span> <span class='ocrx_word' id='word_1_402' title='bbox 1715 419 1841 445; x_wconf 79' lang='lat' dir='ltr'><strong>occurrit</strong></span> 
     </span>
    </p>
   </div>
   <div class='ocr_carea' id='block_1_52' title="bbox 1053 462 1839 500">
    <p class='ocr_par' dir='ltr' id='par_1_52' title="bbox 1053 462 1839 500">
     <span class='ocr_line' id='line_1_52' title="bbox 1053 462 1839 500; baseline -0.004 -8"><span class='ocrx_word' id='word_1_403' title='bbox 1053 465 1125 500; x_wconf 79' lang='lat' dir='ltr'><strong>apud</strong></span> <span class='ocrx_word' id='word_1_404' title='bbox 1144 465 1254 492; x_wconf 90' lang='lat' dir='ltr'><strong>Surium</strong></span> <span class='ocrx_word' id='word_1_405' title='bbox 1266 464 1299 491; x_wconf 90' lang='lat' dir='ltr'><strong>ad</strong></span> <span class='ocrx_word' id='word_1_406' title='bbox 1314 463 1349 491; x_wconf 76' lang='lat'><strong>9.6</strong></span> <span class='ocrx_word' id='word_1_407' title='bbox 1361 463 1487 492; x_wconf 86' lang='lat' dir='ltr'><strong>Decemb.</strong></span> <span class='ocrx_word' id='word_1_408' title='bbox 1502 462 1617 489; x_wconf 84' lang='lat' dir='ltr'><strong>Fallitur</strong></span> <span class='ocrx_word' id='word_1_409' title='bbox 1629 467 1690 497; x_wconf 88' lang='lat' dir='ltr'><strong>post</strong></span> <span class='ocrx_word' id='word_1_410' title='bbox 1704 462 1839 490; x_wconf 83' lang='lat' dir='ltr'><strong>Labbeutn</strong></span> 
     </span>
    </p>
   </div>
   <div class='ocr_carea' id='block_1_53' title="bbox 1051 509 1841 546">
    <p class='ocr_par' dir='ltr' id='par_1_53' title="bbox 1051 509 1841 546">
     <span class='ocr_line' id='line_1_53' title="bbox 1051 509 1841 546; baseline -0.003 -7"><span class='ocrx_word' id='word_1_411' title='bbox 1051 511 1176 540; x_wconf 84' lang='lat' dir='ltr'><strong>Oudinus</strong></span> <span class='ocrx_word' id='word_1_412' title='bbox 1189 520 1215 546; x_wconf 89' lang='lat' dir='ltr'><strong>p.</strong></span> <span class='ocrx_word' id='word_1_413' title='bbox 1230 511 1282 538; x_wconf 77' lang='lat'><strong>605</strong></span> <span class='ocrx_word' id='word_1_414' title='bbox 1295 519 1351 546; x_wconf 57' lang='grc' dir='ltr'><strong>δίδη</strong></span> <span class='ocrx_word' id='word_1_415' title='bbox 1371 510 1418 546; x_wconf 87' lang='lat' dir='ltr'><strong>qui</strong></span> <span class='ocrx_word' id='word_1_416' title='bbox 1432 509 1648 537; x_wconf 85' lang='lat' dir='ltr'><strong>hanchomiliam</strong></span> <span class='ocrx_word' id='word_1_417' title='bbox 1663 509 1762 536; x_wconf 80' lang='lat' dir='ltr'><strong>Asterii</strong></span> <span class='ocrx_word' id='word_1_418' title='bbox 1779 517 1841 537; x_wconf 84' lang='lat' dir='ltr'><strong>esse</strong></span> 
     </span>
    </p>
   </div>
   <div class='ocr_carea' id='block_1_54' title="bbox 1053 554 1842 591">
    <p class='ocr_par' dir='ltr' id='par_1_54' title="bbox 1053 554 1842 591">
     <span class='ocr_line' id='line_1_54' title="bbox 1053 554 1842 591; baseline -0.005 -6"><span class='ocrx_word' id='word_1_419' title='bbox 1053 557 1179 585; x_wconf 82' lang='lat' dir='ltr'><strong>aﬂirmat.</strong></span> <span class='ocrx_word' id='word_1_420' title='bbox 1196 557 1254 584; x_wconf 78' lang='lat' dir='ltr'><strong>Alia</strong></span> <span class='ocrx_word' id='word_1_421' title='bbox 1280 557 1356 584; x_wconf 88' lang='lat' dir='ltr'><strong>enim</strong></span> <span class='ocrx_word' id='word_1_422' title='bbox 1378 555 1460 591; x_wconf 77' lang='lat' dir='ltr'><strong>hujus</strong></span> <span class='ocrx_word' id='word_1_423' title='bbox 1486 556 1513 582; x_wconf 94' lang='lat' dir='ltr'><strong>in</strong></span> <span class='ocrx_word' id='word_1_424' title='bbox 1539 554 1708 589; x_wconf 78' lang='lat' dir='ltr'><strong>Stephanum</strong></span> <span class='ocrx_word' id='word_1_425' title='bbox 1730 554 1842 581; x_wconf 78' lang='lat' dir='ltr'><strong>homilia</strong></span> 
     </span>
    </p>
   </div>
   <div class='ocr_carea' id='block_1_55' title="bbox 1051 600 1840 639">
    <p class='ocr_par' dir='ltr' id='par_1_55' title="bbox 1051 600 1840 639">
     <span class='ocr_line' id='line_1_55' title="bbox 1051 600 1840 639; baseline -0.008 -7"><span class='ocrx_word' id='word_1_426' title='bbox 1051 608 1104 635; x_wconf 81' lang='lat' dir='ltr'><strong>est.</strong></span> <span class='ocrx_word' id='word_1_427' title='bbox 1119 612 1179 639; x_wconf 67' lang='lat' dir='ltr'><strong>qua:</strong></span> <span class='ocrx_word' id='word_1_428' title='bbox 1195 603 1287 631; x_wconf 88' lang='lat' dir='ltr'><strong>itidem</strong></span> <span class='ocrx_word' id='word_1_429' title='bbox 1311 605 1413 634; x_wconf 78' lang='lat' dir='ltr'><strong>exstat,</strong></span> <span class='ocrx_word' id='word_1_430' title='bbox 1443 605 1470 629; x_wconf 85' lang='lat' dir='ltr'><strong>et</strong></span> <span class='ocrx_word' id='word_1_431' title='bbox 1484 601 1557 628; x_wconf 85' lang='lat' dir='ltr'><strong>edita</strong></span> <span class='ocrx_word' id='word_1_432' title='bbox 1574 605 1617 628; x_wconf 88' lang='lat' dir='ltr'><strong>est</strong></span> <span class='ocrx_word' id='word_1_433' title='bbox 1631 608 1646 628; x_wconf 85' lang='lat' dir='ltr'><strong>a</strong></span> <span class='ocrx_word' id='word_1_434' title='bbox 1676 600 1840 627; x_wconf 82' lang='lat' dir='ltr'><strong>Gombeiisio</strong></span> 
     </span>
    </p>
   </div>
   <div class='ocr_carea' id='block_1_56' title="bbox 1052 645 1840 683">
    <p class='ocr_par' dir='ltr' id='par_1_56' title="bbox 1052 645 1840 683">
     <span class='ocr_line' id='line_1_56' title="bbox 1052 645 1840 683; baseline -0.006 -7"><span class='ocrx_word' id='word_1_435' title='bbox 1052 653 1117 676; x_wconf 88' lang='lat' dir='ltr'><strong>tom.</strong></span> <span class='ocrx_word' id='word_1_436' title='bbox 1135 649 1143 676; x_wconf 98' lang='lat' dir='ltr'><strong>I</strong></span> <span class='ocrx_word' id='word_1_437' title='bbox 1161 649 1282 677; x_wconf 73' lang='lat' dir='ltr'><strong>Auctarii</strong></span> <span class='ocrx_word' id='word_1_438' title='bbox 1295 649 1366 680; x_wconf 81' lang='lat' dir='ltr'><strong>noui.</strong></span> <span class='ocrx_word' id='word_1_439' title='bbox 1381 655 1441 683; x_wconf 67' lang='lat' dir='ltr'><strong>pag.</strong></span> <span class='ocrx_word' id='word_1_440' title='bbox 1461 647 1523 674; x_wconf 68' lang='lat'><strong>283.</strong></span> <span class='ocrx_word' id='word_1_441' title='bbox 1543 646 1640 681; x_wconf 90' lang='lat' dir='ltr'><strong>Incipit</strong></span> <span class='ocrx_word' id='word_1_442' title='bbox 1656 655 1663 673; x_wconf 87' lang='lat'><strong>:</strong></span> <span class='ocrx_word' id='word_1_443' title='bbox 1702 646 1746 677; x_wconf 82' lang='grc' dir='ltr'><strong>Ὡς</strong></span> <span class='ocrx_word' id='word_1_444' title='bbox 1770 645 1840 681; x_wconf 76' lang='grc' dir='ltr'>ἱερὸς</span> 
     </span>
    </p>
   </div>
   <div class='ocr_carea' id='block_1_57' title="bbox 1050 691 1842 730">
    <p class='ocr_par' dir='ltr' id='par_1_57' title="bbox 1050 691 1842 730">
     <span class='ocr_line' id='line_1_57' title="bbox 1050 691 1842 730; baseline -0.003 -9"><span class='ocrx_word' id='word_1_445' title='bbox 1050 694 1168 730; x_wconf 75' lang='grc' dir='ltr'><strong>ἀληθῶς.</strong></span> <span class='ocrx_word' id='word_1_446' title='bbox 1185 694 1267 721; x_wconf 70' lang='grc' dir='ltr'><strong>ΡΑΒι.</strong></span> <span class='ocrx_word' id='word_1_447' title='bbox 1284 693 1363 721; x_wconf 79' lang='lat' dir='ltr'><strong>Conf.</strong></span> <span class='ocrx_word' id='word_1_448' title='bbox 1377 691 1537 720; x_wconf 68' lang='lat' dir='ltr'><strong>Schreckh.</strong></span> <span class='ocrx_word' id='word_1_449' title='bbox 1559 700 1586 727; x_wconf 89' lang='lat' dir='ltr'><strong>p.</strong></span> <span class='ocrx_word' id='word_1_450' title='bbox 1606 692 1668 725; x_wconf 67' lang='lat' dir='ltr'><strong>15I;</strong></span> <span class='ocrx_word' id='word_1_451' title='bbox 1681 691 1744 719; x_wconf 83' lang='lat' dir='ltr'><strong>add.</strong></span> <span class='ocrx_word' id='word_1_452' title='bbox 1757 692 1842 724; x_wconf 66' lang='lat' dir='ltr'><strong>infra,</strong></span> 
     </span>
    </p>
   </div>
   <div class='ocr_carea' id='block_1_58' title="bbox 1052 737 1840 767">
    <p class='ocr_par' dir='ltr' id='par_1_58' title="bbox 1052 737 1840 767">
     <span class='ocr_line' id='line_1_58' title="bbox 1052 737 1840 767; baseline -0.004 0"><span class='ocrx_word' id='word_1_453' title='bbox 1052 747 1095 767; x_wconf 92' lang='lat' dir='ltr'><strong>nr.</strong></span> <span class='ocrx_word' id='word_1_454' title='bbox 1113 739 1155 767; x_wconf 89' lang='lat'><strong>79.</strong></span> <span class='ocrx_word' id='word_1_455' title='bbox 1168 755 1204 760; x_wconf 89' lang='lat'><strong>-—-</strong></span> <span class='ocrx_word' id='word_1_456' title='bbox 1219 739 1350 767; x_wconf 80' lang='lat' dir='ltr'><strong>Servatur</strong></span> <span class='ocrx_word' id='word_1_457' title='bbox 1365 739 1392 766; x_wconf 90' lang='lat' dir='ltr'><strong>in</strong></span> <span class='ocrx_word' id='word_1_458' title='bbox 1420 737 1477 765; x_wconf 74' lang='lat' dir='ltr'><strong>XVI</strong></span> <span class='ocrx_word' id='word_1_459' title='bbox 1495 738 1578 765; x_wconf 85' lang='lat' dir='ltr'><strong>codd.</strong></span> <span class='ocrx_word' id='word_1_460' title='bbox 1603 738 1669 765; x_wconf 92' lang='lat' dir='ltr'><strong>bibl.</strong></span> <span class='ocrx_word' id='word_1_461' title='bbox 1694 738 1774 765; x_wconf 83' lang='lat' dir='ltr'><strong>Publ.</strong></span> <span class='ocrx_word' id='word_1_462' title='bbox 1791 738 1840 765; x_wconf 84' lang='lat' dir='ltr'><strong>Pa-</strong></span> 
     </span>
    </p>
   </div>
   <div class='ocr_carea' id='block_1_59' title="bbox 1051 783 1838 817">
    <p class='ocr_par' dir='ltr' id='par_1_59' title="bbox 1051 783 1838 817">
     <span class='ocr_line' id='line_1_59' title="bbox 1051 783 1838 817; baseline -0.004 -3"><span class='ocrx_word' id='word_1_463' title='bbox 1051 787 1100 814; x_wconf 66' lang='lat' dir='ltr'><strong>ris,</strong></span> <span class='ocrx_word' id='word_1_464' title='bbox 1112 787 1184 813; x_wconf 89' lang='lat' dir='ltr'><strong>—in</strong></span> <span class='ocrx_word' id='word_1_465' title='bbox 1200 785 1260 814; x_wconf 86' lang='lat' dir='ltr'><strong>cod.</strong></span> <span class='ocrx_word' id='word_1_466' title='bbox 1282 785 1395 814; x_wconf 80' lang='lat' dir='ltr'><strong>Coislin.</strong></span> <span class='ocrx_word' id='word_1_467' title='bbox 1411 784 1522 817; x_wconf 80' lang='lat' dir='ltr'><strong><em>CCCVI,</em></strong></span> <span class='ocrx_word' id='word_1_468' title='bbox 1543 783 1577 812; x_wconf 89' lang='lat' dir='ltr'><strong>ad</strong></span> <span class='ocrx_word' id='word_1_469' title='bbox 1595 784 1623 812; x_wconf 90' lang='lat' dir='ltr'><strong>d.</strong></span> <span class='ocrx_word' id='word_1_470' title='bbox 1639 784 1674 810; x_wconf 77' lang='lat'><strong>27</strong></span> <span class='ocrx_word' id='word_1_471' title='bbox 1698 784 1838 812; x_wconf 81' lang='lat' dir='ltr'><strong>Decembr.</strong></span> 
     </span>
    </p>
   </div>
   <div class='ocr_carea' id='block_1_60' title="bbox 1052 829 1839 868">
    <p class='ocr_par' dir='ltr' id='par_1_60' title="bbox 1052 829 1839 868">
     <span class='ocr_line' id='line_1_60' title="bbox 1052 829 1839 868; baseline -0.004 -8"><span class='ocrx_word' id='word_1_472' title='bbox 1052 833 1080 860; x_wconf 91' lang='lat' dir='ltr'><strong>in</strong></span> <span class='ocrx_word' id='word_1_473' title='bbox 1097 837 1174 868; x_wconf 88' lang='lat' dir='ltr'><strong>parte</strong></span> <span class='ocrx_word' id='word_1_474' title='bbox 1200 840 1209 859; x_wconf 86' lang='grc' dir='ltr'>ι</span> <span class='ocrx_word' id='word_1_475' title='bbox 1234 832 1370 859; x_wconf 78' lang='lat' dir='ltr'><strong>bomiliar.</strong></span> <span class='ocrx_word' id='word_1_476' title='bbox 1398 831 1429 858; x_wconf 88' lang='lat' dir='ltr'><strong>V.</strong></span> <span class='ocrx_word' id='word_1_477' title='bbox 1455 829 1604 858; x_wconf 77' lang='lat' dir='ltr'><strong>Montl&#39;auc.</strong></span> <span class='ocrx_word' id='word_1_478' title='bbox 1630 829 1696 858; x_wconf 89' lang='lat' dir='ltr'><strong>bibl.</strong></span> <span class='ocrx_word' id='word_1_479' title='bbox 1722 830 1839 858; x_wconf 84' lang='lat' dir='ltr'><strong>Coislin.</strong></span> 
     </span>
    </p>
   </div>
   <div class='ocr_carea' id='block_1_61' title="bbox 1015 871 1840 913">
    <p class='ocr_par' dir='ltr' id='par_1_61' title="bbox 1015 871 1840 913">
     <span class='ocr_line' id='line_1_61' title="bbox 1015 871 1840 913; baseline -0.001 -9"><span class='ocrx_word' id='word_1_480' title='bbox 1015 871 1039 900; x_wconf 80' lang='grc' dir='ltr'><strong>Β</strong></span> <span class='ocrx_word' id='word_1_481' title='bbox 1053 885 1080 913; x_wconf 92' lang='lat' dir='ltr'><strong>p.</strong></span> <span class='ocrx_word' id='word_1_482' title='bbox 1096 877 1149 904; x_wconf 69' lang='lat'><strong>4‘23</strong></span> <span class='ocrx_word' id='word_1_483' title='bbox 1166 881 1194 903; x_wconf 89' lang='lat' dir='ltr'><strong>ct</strong></span> <span class='ocrx_word' id='word_1_484' title='bbox 1209 877 1243 903; x_wconf 87' lang='lat' dir='ltr'><strong>ad</strong></span> <span class='ocrx_word' id='word_1_485' title='bbox 1259 876 1383 904; x_wconf 88' lang='lat' dir='ltr'><strong>eumdem</strong></span> <span class='ocrx_word' id='word_1_486' title='bbox 1401 875 1472 903; x_wconf 83' lang='lat' dir='ltr'><strong>diem</strong></span> <span class='ocrx_word' id='word_1_487' title='bbox 1489 875 1561 902; x_wconf 89' lang='lat' dir='ltr'><strong>inter</strong></span> <span class='ocrx_word' id='word_1_488' title='bbox 1573 875 1700 902; x_wconf 86' lang='lat' dir='ltr'><strong>homilias</strong></span> <span class='ocrx_word' id='word_1_489' title='bbox 1713 875 1740 902; x_wconf 91' lang='lat' dir='ltr'><strong>in</strong></span> <span class='ocrx_word' id='word_1_490' title='bbox 1756 875 1840 903; x_wconf 81' lang='lat' dir='ltr'><strong>festos</strong></span> 
     </span>
    </p>
   </div>
   <div class='ocr_carea' id='block_1_62' title="bbox 1052 920 1841 953">
    <p class='ocr_par' dir='ltr' id='par_1_62' title="bbox 1052 920 1841 953">
     <span class='ocr_line' id='line_1_62' title="bbox 1052 920 1841 953; baseline -0.005 -2"><span class='ocrx_word' id='word_1_491' title='bbox 1052 923 1110 951; x_wconf 86' lang='lat' dir='ltr'><strong>dies</strong></span> <span class='ocrx_word' id='word_1_492' title='bbox 1127 922 1248 950; x_wconf 82' lang='lat' dir='ltr'><strong>Floreat.</strong></span> <span class='ocrx_word' id='word_1_493' title='bbox 1269 922 1295 949; x_wconf 91' lang='lat' dir='ltr'><strong>in</strong></span> <span class='ocrx_word' id='word_1_494' title='bbox 1313 921 1375 949; x_wconf 89' lang='lat' dir='ltr'><strong>cod.</strong></span> <span class='ocrx_word' id='word_1_495' title='bbox 1399 921 1530 948; x_wconf 84' lang='lat' dir='ltr'><strong>Laurent.</strong></span> <span class='ocrx_word' id='word_1_496' title='bbox 1550 920 1594 953; x_wconf 88' lang='lat' dir='ltr'><strong>IV,</strong></span> <span class='ocrx_word' id='word_1_497' title='bbox 1621 928 1663 948; x_wconf 90' lang='lat' dir='ltr'><strong>nr.</strong></span> <span class='ocrx_word' id='word_1_498' title='bbox 1688 920 1732 947; x_wconf 65' lang='grc' dir='ltr'><strong>ξε.</strong></span> <span class='ocrx_word' id='word_1_499' title='bbox 1757 936 1790 941; x_wconf 93' lang='lat'><strong>——-</strong></span> <span class='ocrx_word' id='word_1_500' title='bbox 1813 921 1841 947; x_wconf 85' lang='lat' dir='ltr'><strong>in</strong></span> 
     </span>
    </p>
   </div>
   <div class='ocr_carea' id='block_1_63' title="bbox 1051 966 1838 1001">
    <p class='ocr_par' dir='ltr' id='par_1_63' title="bbox 1051 966 1838 1001">
     <span class='ocr_line' id='line_1_63' title="bbox 1051 966 1838 1001; baseline -0.003 -6"><span class='ocrx_word' id='word_1_501' title='bbox 1051 969 1112 996; x_wconf 87' lang='lat' dir='ltr'><strong>cod.</strong></span> <span class='ocrx_word' id='word_1_502' title='bbox 1129 968 1211 995; x_wconf 75' lang='lat' dir='ltr'><strong>XXVI</strong></span> <span class='ocrx_word' id='word_1_503' title='bbox 1231 976 1272 995; x_wconf 93' lang='lat' dir='ltr'><strong>nr.</strong></span> <span class='ocrx_word' id='word_1_504' title='bbox 1288 969 1314 995; x_wconf 69' lang='lat'><strong>‘2.</strong></span> <span class='ocrx_word' id='word_1_505' title='bbox 1331 967 1364 995; x_wconf 72' lang='grc' dir='ltr'>γ.</span> <span class='ocrx_word' id='word_1_506' title='bbox 1381 967 1497 994; x_wconf 82' lang='lat' dir='ltr'><strong>Bandin.</strong></span> <span class='ocrx_word' id='word_1_507' title='bbox 1521 970 1576 994; x_wconf 85' lang='lat' dir='ltr'><strong>cat.</strong></span> <span class='ocrx_word' id='word_1_508' title='bbox 1595 966 1674 994; x_wconf 74' lang='lat' dir='ltr'><strong>codd.</strong></span> <span class='ocrx_word' id='word_1_509' title='bbox 1696 966 1743 994; x_wconf 90' lang='lat' dir='ltr'><strong>Gr.</strong></span> <span class='ocrx_word' id='word_1_510' title='bbox 1765 967 1791 998; x_wconf 84' lang='lat' dir='ltr'><strong>I,</strong></span> <span class='ocrx_word' id='word_1_511' title='bbox 1811 974 1838 1001; x_wconf 87' lang='lat' dir='ltr'><strong>p.</strong></span> 
     </span>
    </p>
   </div>
   <div class='ocr_carea' id='block_1_64' title="bbox 1051 1010 1843 1047">
    <p class='ocr_par' dir='ltr' id='par_1_64' title="bbox 1051 1010 1843 1047">
     <span class='ocr_line' id='line_1_64' title="bbox 1051 1010 1843 1047; baseline 0 -9"><span class='ocrx_word' id='word_1_512' title='bbox 1051 1011 1102 1039; x_wconf 71' lang='lat'><strong>277</strong></span> <span class='ocrx_word' id='word_1_513' title='bbox 1122 1016 1149 1039; x_wconf 89' lang='lat' dir='ltr'><strong>et</strong></span> <span class='ocrx_word' id='word_1_514' title='bbox 1166 1012 1218 1039; x_wconf 63' lang='lat'><strong>5‘22</strong></span> <span class='ocrx_word' id='word_1_515' title='bbox 1229 1015 1256 1039; x_wconf 85' lang='lat' dir='ltr'><strong>et</strong></span> <span class='ocrx_word' id='word_1_516' title='bbox 1272 1012 1369 1047; x_wconf 73' lang='lat' dir='ltr'><strong>fragm.</strong></span> <span class='ocrx_word' id='word_1_517' title='bbox 1389 1011 1416 1038; x_wconf 92' lang='lat' dir='ltr'><strong>in</strong></span> <span class='ocrx_word' id='word_1_518' title='bbox 1434 1011 1495 1038; x_wconf 83' lang='lat' dir='ltr'><strong>cod.</strong></span> <span class='ocrx_word' id='word_1_519' title='bbox 1513 1010 1622 1043; x_wconf 72' lang='lat' dir='ltr'><strong>XXVII,</strong></span> <span class='ocrx_word' id='word_1_520' title='bbox 1648 1018 1690 1037; x_wconf 94' lang='lat' dir='ltr'><strong>nr.</strong></span> <span class='ocrx_word' id='word_1_521' title='bbox 1707 1011 1734 1041; x_wconf 68' lang='grc' dir='ltr'>Ξ.</span> <span class='ocrx_word' id='word_1_522' title='bbox 1757 1010 1843 1038; x_wconf 62' lang='lat' dir='ltr'><strong>Laur.</strong></span> 
     </span>
    </p>
   </div>
   <div class='ocr_carea' id='block_1_65' title="bbox 1051 1056 1838 1093">
    <p class='ocr_par' dir='ltr' id='par_1_65' title="bbox 1051 1056 1838 1093">
     <span class='ocr_line' id='line_1_65' title="bbox 1051 1056 1838 1093; baseline -0.001 -8"><span class='ocrx_word' id='word_1_523' title='bbox 1051 1058 1178 1093; x_wconf 85' lang='lat' dir='ltr'><strong>(Bandin.</strong></span> <span class='ocrx_word' id='word_1_524' title='bbox 1194 1057 1214 1090; x_wconf 88' lang='lat' dir='ltr'><strong>I,</strong></span> <span class='ocrx_word' id='word_1_525' title='bbox 1235 1066 1261 1093; x_wconf 89' lang='lat' dir='ltr'><strong>p.</strong></span> <span class='ocrx_word' id='word_1_526' title='bbox 1280 1057 1355 1093; x_wconf 65' lang='lat'><strong>491).</strong></span> <span class='ocrx_word' id='word_1_527' title='bbox 1369 1071 1400 1078; x_wconf 67' lang='grc' dir='ltr'><strong>-ο</strong></span> <span class='ocrx_word' id='word_1_528' title='bbox 1423 1057 1450 1084; x_wconf 90' lang='lat' dir='ltr'><strong>in</strong></span> <span class='ocrx_word' id='word_1_529' title='bbox 1463 1056 1525 1084; x_wconf 89' lang='lat' dir='ltr'><strong>cod.</strong></span> <span class='ocrx_word' id='word_1_530' title='bbox 1544 1056 1656 1084; x_wconf 89' lang='lat' dir='ltr'><strong>Taurin.</strong></span> <span class='ocrx_word' id='word_1_531' title='bbox 1675 1056 1768 1084; x_wconf 74' lang='lat' dir='ltr'><strong>LXXI.</strong></span> <span class='ocrx_word' id='word_1_532' title='bbox 1792 1057 1838 1084; x_wconf 81' lang='grc' dir='ltr'>[οι.</span> 
     </span>
    </p>
   </div>
   <div class='ocr_carea' id='block_1_66' title="bbox 1014 1099 1211 1132">
    <p class='ocr_par' dir='ltr' id='par_1_66' title="bbox 1014 1099 1211 1132">
     <span class='ocr_line' id='line_1_66' title="bbox 1014 1099 1211 1132; baseline -0.005 -1"><span class='ocrx_word' id='word_1_533' title='bbox 1014 1099 1023 1104; x_wconf 85' lang='grc'><strong>’</strong></span> <span class='ocrx_word' id='word_1_534' title='bbox 1052 1104 1114 1132; x_wconf 67' lang='grc'>106.</span> <span class='ocrx_word' id='word_1_535' title='bbox 1128 1103 1211 1130; x_wconf 64' lang='lat' dir='ltr'><strong>Haut.</strong></span> 
     </span>
    </p>
   </div>
   <div class='ocr_carea' id='block_1_67' title="bbox 1085 1148 1840 1184">
    <p class='ocr_par' dir='ltr' id='par_1_67' title="bbox 1085 1148 1840 1184">
     <span class='ocr_line' id='line_1_67' title="bbox 1085 1148 1840 1184; baseline 0 -7"><span class='ocrx_word' id='word_1_536' title='bbox 1085 1150 1120 1177; x_wconf 76' lang='grc'>45</span> <span class='ocrx_word' id='word_1_537' title='bbox 1151 1151 1203 1183; x_wconf 80' lang='grc' dir='ltr'><strong>Εἰς</strong></span> <span class='ocrx_word' id='word_1_538' title='bbox 1217 1149 1273 1182; x_wconf 76' lang='grc' dir='ltr'><strong>τὴν</strong></span> <span class='ocrx_word' id='word_1_539' title='bbox 1287 1149 1401 1184; x_wconf 76' lang='grc' dir='ltr'><strong>ἡμέραν</strong></span> <span class='ocrx_word' id='word_1_540' title='bbox 1415 1149 1474 1176; x_wconf 83' lang='grc' dir='ltr'><strong>τῶν</strong></span> <span class='ocrx_word' id='word_1_541' title='bbox 1487 1148 1601 1183; x_wconf 69' lang='grc' dir='ltr'><em>φωτῶν,</em></span> <span class='ocrx_word' id='word_1_542' title='bbox 1617 1148 1650 1175; x_wconf 79' lang='lat' dir='ltr'><strong>In</strong></span> <span class='ocrx_word' id='word_1_543' title='bbox 1671 1150 1739 1176; x_wconf 75' lang='lat' dir='ltr'><strong>diem</strong></span> <span class='ocrx_word' id='word_1_544' title='bbox 1758 1151 1840 1177; x_wconf 87' lang='lat' dir='ltr'><strong>Iunti-</strong></span> 
     </span>
    </p>
   </div>
   <div class='ocr_carea' id='block_1_68' title="bbox 1052 1194 1838 1231">
    <p class='ocr_par' dir='ltr' id='par_1_68' title="bbox 1052 1194 1838 1231">
     <span class='ocr_line' id='line_1_68' title="bbox 1052 1194 1838 1231; baseline 0.001 -9"><span class='ocrx_word' id='word_1_545' title='bbox 1052 1204 1124 1228; x_wconf 86' lang='lat' dir='ltr'><strong>num,</strong></span> <span class='ocrx_word' id='word_1_546' title='bbox 1147 1204 1199 1230; x_wconf 82' lang='lat' dir='ltr'><strong>qua</strong></span> <span class='ocrx_word' id='word_1_547' title='bbox 1215 1194 1335 1222; x_wconf 71' lang='lat' dir='ltr'><strong>Christus</strong></span> <span class='ocrx_word' id='word_1_548' title='bbox 1351 1195 1500 1229; x_wconf 78' lang='lat' dir='ltr'><strong>baptizatus</strong></span> <span class='ocrx_word' id='word_1_549' title='bbox 1514 1199 1553 1222; x_wconf 76' lang='lat' dir='ltr'><strong>est</strong></span> <span class='ocrx_word' id='word_1_550' title='bbox 1572 1195 1621 1231; x_wconf 79' lang='grc' dir='ltr'><strong>(ι’),</strong></span> <span class='ocrx_word' id='word_1_551' title='bbox 1637 1195 1838 1231; x_wconf 78' lang='lat' dir='ltr'><strong>pag.798-8I3,</strong></span> 
     </span>
    </p>
   </div>
   <div class='ocr_carea' id='block_1_69' title="bbox 1050 1240 1838 1277">
    <p class='ocr_par' dir='ltr' id='par_1_69' title="bbox 1050 1240 1838 1277">
     <span class='ocr_line' id='line_1_69' title="bbox 1050 1240 1838 1277; baseline 0.003 -9"><span class='ocrx_word' id='word_1_552' title='bbox 1050 1248 1112 1268; x_wconf 88' lang='lat' dir='ltr'><strong>cum</strong></span> <span class='ocrx_word' id='word_1_553' title='bbox 1122 1240 1242 1275; x_wconf 83' lang='lat' dir='ltr'><strong>ejusdem</strong></span> <span class='ocrx_word' id='word_1_554' title='bbox 1257 1240 1343 1267; x_wconf 78' lang='lat' dir='ltr'><strong>Sifani</strong></span> <span class='ocrx_word' id='word_1_555' title='bbox 1356 1241 1482 1268; x_wconf 86' lang='lat' dir='ltr'><strong>versione</strong></span> <span class='ocrx_word' id='word_1_556' title='bbox 1489 1245 1516 1268; x_wconf 88' lang='lat' dir='ltr'><strong>et</strong></span> <span class='ocrx_word' id='word_1_557' title='bbox 1527 1241 1617 1268; x_wconf 58' lang='lat' dir='ltr'><strong>Ducati</strong></span> <span class='ocrx_word' id='word_1_558' title='bbox 1629 1242 1710 1269; x_wconf 85' lang='lat' dir='ltr'><strong>notis.</strong></span> <span class='ocrx_word' id='word_1_559' title='bbox 1723 1241 1817 1277; x_wconf 89' lang='lat' dir='ltr'><strong>Incipit</strong></span> <span class='ocrx_word' id='word_1_560' title='bbox 1831 1251 1838 1270; x_wconf 92' lang='lat'>:</span> 
     </span>
    </p>
   </div>
   <div class='ocr_carea' id='block_1_70' title="bbox 1051 1285 1839 1321">
    <p class='ocr_par' dir='ltr' id='par_1_70' title="bbox 1051 1285 1839 1321">
     <span class='ocr_line' id='line_1_70' title="bbox 1051 1285 1839 1321; baseline 0.003 -9"><span class='ocrx_word' id='word_1_561' title='bbox 1051 1285 1107 1312; x_wconf 85' lang='grc' dir='ltr'><strong>Νῦν</strong></span> <span class='ocrx_word' id='word_1_562' title='bbox 1119 1285 1243 1321; x_wconf 74' lang='grc' dir='ltr'>γνωρίζω</span> <span class='ocrx_word' id='word_1_563' title='bbox 1258 1286 1305 1320; x_wconf 77' lang='grc' dir='ltr'><strong>τὴν</strong></span> <span class='ocrx_word' id='word_1_564' title='bbox 1327 1285 1396 1321; x_wconf 72' lang='grc' dir='ltr'><strong>ἐμὴν</strong></span> <span class='ocrx_word' id='word_1_565' title='bbox 1409 1285 1519 1321; x_wconf 80' lang='grc' dir='ltr'><strong>ἀγέλην.</strong></span> <span class='ocrx_word' id='word_1_566' title='bbox 1541 1285 1569 1313; x_wconf 92' lang='lat' dir='ltr'><strong>In</strong></span> <span class='ocrx_word' id='word_1_567' title='bbox 1592 1285 1712 1314; x_wconf 87' lang='lat' dir='ltr'><strong>editione</strong></span> <span class='ocrx_word' id='word_1_568' title='bbox 1734 1287 1839 1319; x_wconf 57' lang='lat' dir='ltr'><strong>Graeca,</strong></span> 
     </span>
    </p>
   </div>
   <div class='ocr_carea' id='block_1_71' title="bbox 1052 1329 1839 1366">
    <p class='ocr_par' dir='ltr' id='par_1_71' title="bbox 1052 1329 1839 1366">
     <span class='ocr_line' id='line_1_71' title="bbox 1052 1329 1839 1366; baseline 0.004 -9"><span class='ocrx_word' id='word_1_569' title='bbox 1052 1338 1136 1365; x_wconf 73' lang='lat' dir='ltr'><strong>quam</strong></span> <span class='ocrx_word' id='word_1_570' title='bbox 1158 1331 1223 1357; x_wconf 88' lang='lat' dir='ltr'><strong>Dav.</strong></span> <span class='ocrx_word' id='word_1_571' title='bbox 1250 1329 1423 1358; x_wconf 75' lang='lat' dir='ltr'><strong>Hcescbelius</strong></span> <span class='ocrx_word' id='word_1_572' title='bbox 1450 1332 1556 1357; x_wconf 83' lang='lat' dir='ltr'><strong>curavit</strong></span> <span class='ocrx_word' id='word_1_573' title='bbox 1580 1331 1710 1366; x_wconf 70' lang='lat' dir='ltr'><strong>Augustae</strong></span> <span class='ocrx_word' id='word_1_574' title='bbox 1732 1331 1839 1360; x_wconf 81' lang='lat' dir='ltr'><strong>Vindcl.</strong></span> 
     </span>
    </p>
   </div>
   <div class='ocr_carea' id='block_1_72' title="bbox 1051 1375 1840 1412">
    <p class='ocr_par' dir='ltr' id='par_1_72' title="bbox 1051 1375 1840 1412">
     <span class='ocr_line' id='line_1_72' title="bbox 1051 1375 1840 1412; baseline 0.001 -8"><span class='ocrx_word' id='word_1_575' title='bbox 1051 1377 1130 1409; x_wconf 82' lang='lat' dir='ltr'><strong>I587,</strong></span> <span class='ocrx_word' id='word_1_576' title='bbox 1155 1376 1180 1405; x_wconf 89' lang='lat'><strong>8.</strong></span> <span class='ocrx_word' id='word_1_577' title='bbox 1213 1375 1270 1403; x_wconf 69' lang='lat' dir='ltr'><strong>hsce</strong></span> <span class='ocrx_word' id='word_1_578' title='bbox 1297 1376 1407 1403; x_wconf 88' lang='lat' dir='ltr'><strong>homilia</strong></span> <span class='ocrx_word' id='word_1_579' title='bbox 1439 1377 1598 1404; x_wconf 84' lang='lat' dir='ltr'><strong>inscribitur</strong></span> <span class='ocrx_word' id='word_1_580' title='bbox 1635 1377 1680 1408; x_wconf 81' lang='grc' dir='ltr'><strong>Εἰς</strong></span> <span class='ocrx_word' id='word_1_581' title='bbox 1711 1377 1743 1408; x_wconf 61' lang='grc' dir='ltr'><strong>τὸ</strong></span> <span class='ocrx_word' id='word_1_582' title='bbox 1764 1377 1840 1412; x_wconf 73' lang='grc' dir='ltr'>ἅγιον</span> 
     </span>
    </p>
   </div>
   <div class='ocr_carea' id='block_1_73' title="bbox 1050 1422 1840 1458">
    <p class='ocr_par' dir='ltr' id='par_1_73' title="bbox 1050 1422 1840 1458">
     <span class='ocr_line' id='line_1_73' title="bbox 1050 1422 1840 1458; baseline 0.001 -9"><span class='ocrx_word' id='word_1_583' title='bbox 1050 1424 1203 1458; x_wconf 75' lang='grc' dir='ltr'><strong>βάπτισμα.</strong></span> <span class='ocrx_word' id='word_1_584' title='bbox 1216 1423 1321 1450; x_wconf 87' lang='lat' dir='ltr'><strong>Gallice</strong></span> <span class='ocrx_word' id='word_1_585' title='bbox 1336 1430 1351 1449; x_wconf 87' lang='lat' dir='ltr'><strong>a</strong></span> <span class='ocrx_word' id='word_1_586' title='bbox 1368 1422 1433 1450; x_wconf 78' lang='lat' dir='ltr'><strong>ch.</strong></span> <span class='ocrx_word' id='word_1_587' title='bbox 1451 1423 1563 1450; x_wconf 82' lang='lat' dir='ltr'><strong>Morello</strong></span> <span class='ocrx_word' id='word_1_588' title='bbox 1579 1431 1654 1450; x_wconf 83' lang='lat' dir='ltr'><strong>versa</strong></span> <span class='ocrx_word' id='word_1_589' title='bbox 1671 1424 1771 1458; x_wconf 85' lang='lat' dir='ltr'><strong>prodiit</strong></span> <span class='ocrx_word' id='word_1_590' title='bbox 1788 1423 1840 1450; x_wconf 74' lang='lat' dir='ltr'><strong>I’a-</strong></span> 
     </span>
    </p>
   </div>
   <div class='ocr_carea' id='block_1_74' title="bbox 1050 1467 1839 1504">
    <p class='ocr_par' dir='ltr' id='par_1_74' title="bbox 1050 1467 1839 1504">
     <span class='ocr_line' id='line_1_74' title="bbox 1050 1467 1839 1504; baseline 0.003 -9"><span class='ocrx_word' id='word_1_591' title='bbox 1050 1468 1100 1495; x_wconf 85' lang='lat' dir='ltr'><strong>ris.</strong></span> <span class='ocrx_word' id='word_1_592' title='bbox 1129 1468 1208 1500; x_wconf 81' lang='lat' dir='ltr'><strong>I606,</strong></span> <span class='ocrx_word' id='word_1_593' title='bbox 1231 1468 1272 1494; x_wconf 76' lang='grc'><strong>12.</strong></span> <span class='ocrx_word' id='word_1_594' title='bbox 1291 1467 1376 1495; x_wconf 71' lang='grc' dir='ltr'><strong>ΡΑθῐι,</strong></span> <span class='ocrx_word' id='word_1_595' title='bbox 1396 1467 1475 1494; x_wconf 79' lang='lat' dir='ltr'><strong>Conf.</strong></span> <span class='ocrx_word' id='word_1_596' title='bbox 1496 1468 1670 1495; x_wconf 69' lang='lat' dir='ltr'><strong>SchrmkhJ.</strong></span> <span class='ocrx_word' id='word_1_597' title='bbox 1689 1476 1714 1496; x_wconf 70' lang='grc' dir='ltr'><strong>(ι.</strong></span> <span class='ocrx_word' id='word_1_598' title='bbox 1741 1477 1767 1504; x_wconf 89' lang='lat' dir='ltr'><strong>p.</strong></span> <span class='ocrx_word' id='word_1_599' title='bbox 1788 1469 1839 1497; x_wconf 72' lang='grc'><strong>128</strong></span> 
     </span>
    </p>
   </div>
   <div class='ocr_carea' id='block_1_75' title="bbox 1026 1513 1837 1550">
    <p class='ocr_par' dir='ltr' id='par_1_75' title="bbox 1026 1513 1837 1550">
     <span class='ocr_line' id='line_1_75' title="bbox 1026 1513 1837 1550; baseline 0.001 -8"><span class='ocrx_word' id='word_1_600' title='bbox 1026 1541 1032 1548; x_wconf 69' lang='grc'>,</span> <span class='ocrx_word' id='word_1_601' title='bbox 1051 1522 1093 1550; x_wconf 91' lang='lat' dir='ltr'><strong>sq.</strong></span> <span class='ocrx_word' id='word_1_602' title='bbox 1109 1519 1135 1543; x_wconf 90' lang='lat' dir='ltr'><strong>et</strong></span> <span class='ocrx_word' id='word_1_603' title='bbox 1153 1514 1271 1542; x_wconf 86' lang='lat' dir='ltr'><strong>Semler.</strong></span> <span class='ocrx_word' id='word_1_604' title='bbox 1296 1521 1324 1549; x_wconf 85' lang='lat' dir='ltr'><strong>p.</strong></span> <span class='ocrx_word' id='word_1_605' title='bbox 1341 1513 1405 1546; x_wconf 74' lang='lat'><strong>237,</strong></span> <span class='ocrx_word' id='word_1_606' title='bbox 1424 1521 1465 1549; x_wconf 90' lang='lat' dir='ltr'><strong>sq.</strong></span> <span class='ocrx_word' id='word_1_607' title='bbox 1484 1514 1518 1541; x_wconf 89' lang='lat' dir='ltr'><strong>de</strong></span> <span class='ocrx_word' id='word_1_608' title='bbox 1540 1514 1592 1542; x_wconf 86' lang='lat' dir='ltr'><strong>hac</strong></span> <span class='ocrx_word' id='word_1_609' title='bbox 1614 1519 1642 1542; x_wconf 87' lang='lat' dir='ltr'><strong>et</strong></span> <span class='ocrx_word' id='word_1_610' title='bbox 1668 1516 1837 1543; x_wconf 84' lang='lat' dir='ltr'><strong>antecedenti</strong></span> 
     </span>
    </p>
   </div>
   <div class='ocr_carea' id='block_1_76' title="bbox 1050 1560 1837 1590">
    <p class='ocr_par' dir='ltr' id='par_1_76' title="bbox 1050 1560 1837 1590">
     <span class='ocr_line' id='line_1_76' title="bbox 1050 1560 1837 1590; baseline 0.001 -2"><span class='ocrx_word' id='word_1_611' title='bbox 1050 1561 1182 1588; x_wconf 88' lang='lat' dir='ltr'><strong>homiliis.</strong></span> <span class='ocrx_word' id='word_1_612' title='bbox 1195 1576 1228 1580; x_wconf 91' lang='lat'><strong>—</strong></span> <span class='ocrx_word' id='word_1_613' title='bbox 1242 1560 1289 1588; x_wconf 87' lang='lat' dir='ltr'><strong>Est</strong></span> <span class='ocrx_word' id='word_1_614' title='bbox 1302 1561 1329 1587; x_wconf 91' lang='lat' dir='ltr'><strong>in</strong></span> <span class='ocrx_word' id='word_1_615' title='bbox 1347 1561 1434 1587; x_wconf 89' lang='lat' dir='ltr'><strong>tribus</strong></span> <span class='ocrx_word' id='word_1_616' title='bbox 1449 1560 1530 1587; x_wconf 86' lang='lat' dir='ltr'><strong>codd.</strong></span> <span class='ocrx_word' id='word_1_617' title='bbox 1553 1560 1642 1588; x_wconf 84' lang='lat' dir='ltr'><strong>Paris.</strong></span> <span class='ocrx_word' id='word_1_618' title='bbox 1659 1561 1725 1588; x_wconf 89' lang='lat' dir='ltr'><strong>bibl.</strong></span> <span class='ocrx_word' id='word_1_619' title='bbox 1758 1561 1837 1590; x_wconf 82' lang='lat' dir='ltr'><strong>Publ.</strong></span> 
     </span>
    </p>
   </div>
   <div class='ocr_carea' id='block_1_77' title="bbox 1048 1605 1837 1637">
    <p class='ocr_par' dir='ltr' id='par_1_77' title="bbox 1048 1605 1837 1637">
     <span class='ocr_line' id='line_1_77' title="bbox 1048 1605 1837 1637; baseline 0.001 -3"><span class='ocrx_word' id='word_1_620' title='bbox 1048 1622 1083 1629; x_wconf 93' lang='lat'>—</span> <span class='ocrx_word' id='word_1_621' title='bbox 1095 1606 1125 1634; x_wconf 93' lang='lat' dir='ltr'><strong>In</strong></span> <span class='ocrx_word' id='word_1_622' title='bbox 1139 1607 1201 1634; x_wconf 87' lang='lat' dir='ltr'><strong>cod.</strong></span> <span class='ocrx_word' id='word_1_623' title='bbox 1217 1606 1300 1634; x_wconf 87' lang='lat' dir='ltr'><strong>Taur.</strong></span> <span class='ocrx_word' id='word_1_624' title='bbox 1318 1605 1410 1633; x_wconf 78' lang='lat' dir='ltr'><strong>LXXI.</strong></span> <span class='ocrx_word' id='word_1_625' title='bbox 1427 1605 1460 1633; x_wconf 86' lang='lat' dir='ltr'><strong>V.</strong></span> <span class='ocrx_word' id='word_1_626' title='bbox 1477 1606 1565 1637; x_wconf 76' lang='lat' dir='ltr'><strong>Catal.</strong></span> <span class='ocrx_word' id='word_1_627' title='bbox 1587 1606 1668 1634; x_wconf 86' lang='lat' dir='ltr'><strong>codd.</strong></span> <span class='ocrx_word' id='word_1_628' title='bbox 1684 1606 1731 1634; x_wconf 87' lang='lat' dir='ltr'><strong>Gr.</strong></span> <span class='ocrx_word' id='word_1_629' title='bbox 1753 1606 1837 1636; x_wconf 87' lang='lat' dir='ltr'><strong>Taur.</strong></span> 
     </span>
    </p>
   </div>
   <div class='ocr_carea' id='block_1_78' title="bbox 1050 1652 1255 1689">
    <p class='ocr_par' dir='ltr' id='par_1_78' title="bbox 1050 1652 1255 1689">
     <span class='ocr_line' id='line_1_78' title="bbox 1050 1652 1255 1689; baseline -0.01 -8"><span class='ocrx_word' id='word_1_630' title='bbox 1050 1661 1076 1689; x_wconf 89' lang='lat' dir='ltr'><strong>p.</strong></span> <span class='ocrx_word' id='word_1_631' title='bbox 1092 1653 1153 1680; x_wconf 81' lang='grc'>169.</span> <span class='ocrx_word' id='word_1_632' title='bbox 1167 1652 1255 1680; x_wconf 71' lang='lat' dir='ltr'><strong>Hanc.</strong></span> 
     </span>
    </p>
   </div>
   <div class='ocr_carea' id='block_1_79' title="bbox 1084 1698 1839 1734">
    <p class='ocr_par' dir='ltr' id='par_1_79' title="bbox 1084 1698 1839 1734">
     <span class='ocr_line' id='line_1_79' title="bbox 1084 1698 1839 1734; baseline 0.001 -8"><span class='ocrx_word' id='word_1_633' title='bbox 1084 1699 1129 1726; x_wconf 79' lang='grc'><strong>46.</strong></span> <span class='ocrx_word' id='word_1_634' title='bbox 1150 1700 1201 1732; x_wconf 78' lang='grc' dir='ltr'><strong>Εἰς</strong></span> <span class='ocrx_word' id='word_1_635' title='bbox 1217 1699 1249 1725; x_wconf 84' lang='grc' dir='ltr'><strong>τὸ</strong></span> <span class='ocrx_word' id='word_1_636' title='bbox 1263 1698 1348 1733; x_wconf 77' lang='grc' dir='ltr'><strong>ἅγιον</strong></span> <span class='ocrx_word' id='word_1_637' title='bbox 1360 1698 1477 1733; x_wconf 78' lang='grc' dir='ltr'><strong>Πάσχα,</strong></span> <span class='ocrx_word' id='word_1_638' title='bbox 1498 1699 1546 1725; x_wconf 76' lang='grc' dir='ltr'><strong>καὶ</strong></span> <span class='ocrx_word' id='word_1_639' title='bbox 1566 1698 1632 1733; x_wconf 64' lang='grc' dir='ltr'><strong>περὶ</strong></span> <span class='ocrx_word' id='word_1_640' title='bbox 1652 1699 1707 1733; x_wconf 81' lang='grc' dir='ltr'><strong>τῆς</strong></span> <span class='ocrx_word' id='word_1_641' title='bbox 1724 1699 1839 1734; x_wconf 81' lang='grc' dir='ltr'><strong>τριημέ-</strong></span> 
     </span>
    </p>
   </div>
   <div class='ocr_carea' id='block_1_80' title="bbox 1044 1745 1837 1780">
    <p class='ocr_par' dir='ltr' id='par_1_80' title="bbox 1044 1745 1837 1780">
     <span class='ocr_line' id='line_1_80' title="bbox 1044 1745 1837 1780; baseline 0.001 -8"><span class='ocrx_word' id='word_1_642' title='bbox 1044 1754 1103 1780; x_wconf 85' lang='grc' dir='ltr'><strong>ρου</strong></span> <span class='ocrx_word' id='word_1_643' title='bbox 1121 1746 1304 1780; x_wconf 78' lang='grc' dir='ltr'><strong>προθεσμίας</strong></span> <span class='ocrx_word' id='word_1_644' title='bbox 1323 1745 1378 1779; x_wconf 83' lang='grc' dir='ltr'><strong>τῆς</strong></span> <span class='ocrx_word' id='word_1_645' title='bbox 1401 1745 1454 1772; x_wconf 78' lang='grc' dir='ltr'><strong>τοῦ</strong></span> <span class='ocrx_word' id='word_1_646' title='bbox 1480 1746 1609 1780; x_wconf 85' lang='grc' dir='ltr'><strong>Χριστοῦ</strong></span> <span class='ocrx_word' id='word_1_647' title='bbox 1630 1746 1837 1780; x_wconf 78' lang='grc' dir='ltr'><strong>ἀναστάσεως,</strong></span> 
     </span>
    </p>
   </div>
   <div class='ocr_carea' id='block_1_81' title="bbox 1050 1791 1838 1826">
    <p class='ocr_par' dir='ltr' id='par_1_81' title="bbox 1050 1791 1838 1826">
     <span class='ocr_line' id='line_1_81' title="bbox 1050 1791 1838 1826; baseline 0.003 -8"><span class='ocrx_word' id='word_1_648' title='bbox 1050 1791 1082 1818; x_wconf 90' lang='lat' dir='ltr'><strong>In</strong></span> <span class='ocrx_word' id='word_1_649' title='bbox 1094 1791 1125 1818; x_wconf 89' lang='lat' dir='ltr'><strong>S.</strong></span> <span class='ocrx_word' id='word_1_650' title='bbox 1140 1791 1246 1819; x_wconf 78' lang='lat' dir='ltr'><strong>Pascha</strong></span> <span class='ocrx_word' id='word_1_651' title='bbox 1257 1791 1323 1818; x_wconf 80' lang='lat' dir='ltr'><strong>etde</strong></span> <span class='ocrx_word' id='word_1_652' title='bbox 1335 1791 1460 1818; x_wconf 83' lang='lat' dir='ltr'><strong>triduano</strong></span> <span class='ocrx_word' id='word_1_653' title='bbox 1473 1792 1540 1826; x_wconf 77' lang='lat' dir='ltr'><strong>[esto</strong></span> <span class='ocrx_word' id='word_1_654' title='bbox 1547 1793 1748 1820; x_wconf 72' lang='lat' dir='ltr'><strong>resurrectionis</strong></span> <span class='ocrx_word' id='word_1_655' title='bbox 1760 1793 1838 1820; x_wconf 79' lang='lat' dir='ltr'><strong>Chri-</strong></span> 
     </span>
    </p>
   </div>
   <div class='ocr_carea' id='block_1_82' title="bbox 1048 1838 1837 1875">
    <p class='ocr_par' dir='ltr' id='par_1_82' title="bbox 1048 1838 1837 1875">
     <span class='ocr_line' id='line_1_82' title="bbox 1048 1838 1837 1875; baseline 0 -8"><span class='ocrx_word' id='word_1_656' title='bbox 1048 1840 1141 1875; x_wconf 74' lang='lat' dir='ltr'><strong>sti(g),</strong></span> <span class='ocrx_word' id='word_1_657' title='bbox 1160 1848 1221 1875; x_wconf 82' lang='lat' dir='ltr'><strong>pag.</strong></span> <span class='ocrx_word' id='word_1_658' title='bbox 1242 1839 1369 1872; x_wconf 60' lang='lat' dir='ltr'><strong>Sil-83L</strong></span> <span class='ocrx_word' id='word_1_659' title='bbox 1382 1846 1445 1866; x_wconf 91' lang='lat' dir='ltr'><strong>cum</strong></span> <span class='ocrx_word' id='word_1_660' title='bbox 1462 1838 1553 1867; x_wconf 71' lang='grc' dir='ltr'><strong>Ι)υωί</strong></span> <span class='ocrx_word' id='word_1_661' title='bbox 1564 1838 1636 1866; x_wconf 84' lang='lat' dir='ltr'><strong>notis</strong></span> <span class='ocrx_word' id='word_1_662' title='bbox 1648 1839 1681 1866; x_wconf 86' lang='lat' dir='ltr'><strong>ad</strong></span> <span class='ocrx_word' id='word_1_663' title='bbox 1692 1839 1837 1867; x_wconf 88' lang='lat' dir='ltr'><strong>voluminis</strong></span> 
     </span>
    </p>
   </div>
   <div class='ocr_carea' id='block_1_83' title="bbox 1048 1884 1838 1925">
    <p class='ocr_par' dir='ltr' id='par_1_83' title="bbox 1048 1884 1838 1925">
     <span class='ocr_line' id='line_1_83' title="bbox 1048 1884 1838 1925; baseline -0.001 -11"><span class='ocrx_word' id='word_1_664' title='bbox 1048 1887 1164 1919; x_wconf 81' lang='lat' dir='ltr'><strong>calcem,</strong></span> <span class='ocrx_word' id='word_1_665' title='bbox 1180 1891 1207 1913; x_wconf 85' lang='lat' dir='ltr'><strong>et</strong></span> <span class='ocrx_word' id='word_1_666' title='bbox 1224 1886 1352 1914; x_wconf 89' lang='lat' dir='ltr'><strong>versione</strong></span> <span class='ocrx_word' id='word_1_667' title='bbox 1378 1885 1477 1918; x_wconf 85' lang='lat' dir='ltr'><strong>Sil&#39;ani,</strong></span> <span class='ocrx_word' id='word_1_668' title='bbox 1497 1893 1558 1920; x_wconf 66' lang='lat' dir='ltr'><strong>quae</strong></span> <span class='ocrx_word' id='word_1_669' title='bbox 1583 1885 1710 1925; x_wconf 76' lang='lat' dir='ltr'><strong>exstatin</strong></span> <span class='ocrx_word' id='word_1_670' title='bbox 1735 1884 1838 1913; x_wconf 85' lang='lat' dir='ltr'><strong>Latinis</strong></span> 
     </span>
    </p>
   </div>
   <div class='ocr_carea' id='block_1_84' title="bbox 1048 1929 1837 1968">
    <p class='ocr_par' dir='ltr' id='par_1_84' title="bbox 1048 1929 1837 1968">
     <span class='ocr_line' id='line_1_84' title="bbox 1048 1929 1837 1968; baseline -0.003 -8"><span class='ocrx_word' id='word_1_671' title='bbox 1048 1932 1164 1968; x_wconf 80' lang='lat' dir='ltr'><strong>Nysseni</strong></span> <span class='ocrx_word' id='word_1_672' title='bbox 1176 1940 1288 1967; x_wconf 83' lang='lat' dir='ltr'><strong>operum</strong></span> <span class='ocrx_word' id='word_1_673' title='bbox 1297 1931 1475 1959; x_wconf 84' lang='lat' dir='ltr'><strong>editionibus.</strong></span> <span class='ocrx_word' id='word_1_674' title='bbox 1486 1929 1583 1966; x_wconf 84' lang='lat' dir='ltr'><strong>Incipit</strong></span> <span class='ocrx_word' id='word_1_675' title='bbox 1593 1941 1600 1958; x_wconf 84' lang='lat'>:</span> <span class='ocrx_word' id='word_1_676' title='bbox 1610 1930 1644 1958; x_wconf 78' lang='lat' dir='ltr'><strong>Ei</strong></span> <span class='ocrx_word' id='word_1_677' title='bbox 1653 1940 1694 1963; x_wconf 83' lang='grc' dir='ltr'><strong>τις</strong></span> <span class='ocrx_word' id='word_1_678' title='bbox 1706 1940 1837 1967; x_wconf 85' lang='grc' dir='ltr'><strong>πατριαρ-</strong></span> 
     </span>
    </p>
   </div>
   <div class='ocr_carea' id='block_1_85' title="bbox 1048 1977 1835 2014">
    <p class='ocr_par' dir='ltr' id='par_1_85' title="bbox 1048 1977 1835 2014">
     <span class='ocr_line' id='line_1_85' title="bbox 1048 1977 1835 2014; baseline 0 -9"><span class='ocrx_word' id='word_1_679' title='bbox 1048 1979 1103 2014; x_wconf 80' lang='grc' dir='ltr'><strong>χῶν</strong></span> <span class='ocrx_word' id='word_1_680' title='bbox 1113 1979 1232 2013; x_wconf 76' lang='grc' dir='ltr'><strong>εὐλογία.</strong></span> <span class='ocrx_word' id='word_1_681' title='bbox 1248 1978 1330 2005; x_wconf 64' lang='grc' dir='ltr'><strong>ῈΛΒΒ.</strong></span> <span class='ocrx_word' id='word_1_682' title='bbox 1347 1978 1377 2004; x_wconf 85' lang='grc' dir='ltr'><strong>1η</strong></span> <span class='ocrx_word' id='word_1_683' title='bbox 1394 1978 1456 2004; x_wconf 85' lang='lat' dir='ltr'><strong>cod.</strong></span> <span class='ocrx_word' id='word_1_684' title='bbox 1474 1977 1599 2004; x_wconf 79' lang='lat' dir='ltr'><strong>Monach.</strong></span> <span class='ocrx_word' id='word_1_685' title='bbox 1619 1977 1711 2006; x_wconf 81' lang='lat' dir='ltr'><strong>CXIV.</strong></span> <span class='ocrx_word' id='word_1_686' title='bbox 1727 1978 1757 2005; x_wconf 82' lang='lat' dir='ltr'><strong>V.</strong></span> <span class='ocrx_word' id='word_1_687' title='bbox 1774 1978 1835 2005; x_wconf 86' lang='lat' dir='ltr'><strong>Cat.</strong></span> 
     </span>
    </p>
   </div>
   <div class='ocr_carea' id='block_1_86' title="bbox 1048 2022 1834 2058">
    <p class='ocr_par' dir='ltr' id='par_1_86' title="bbox 1048 2022 1834 2058">
     <span class='ocr_line' id='line_1_86' title="bbox 1048 2022 1834 2058; baseline -0.001 -6"><span class='ocrx_word' id='word_1_688' title='bbox 1048 2025 1128 2052; x_wconf 87' lang='lat' dir='ltr'><strong>codd.</strong></span> <span class='ocrx_word' id='word_1_689' title='bbox 1156 2025 1202 2052; x_wconf 90' lang='lat' dir='ltr'><strong>Gr.</strong></span> <span class='ocrx_word' id='word_1_690' title='bbox 1229 2024 1325 2050; x_wconf 77' lang='lat' dir='ltr'><strong>Bavar.</strong></span> <span class='ocrx_word' id='word_1_691' title='bbox 1353 2031 1379 2058; x_wconf 90' lang='lat' dir='ltr'><strong>p.</strong></span> <span class='ocrx_word' id='word_1_692' title='bbox 1406 2023 1451 2050; x_wconf 74' lang='grc' dir='ltr'><strong>ιι.</strong></span> <span class='ocrx_word' id='word_1_693' title='bbox 1471 2037 1505 2042; x_wconf 88' lang='grc'><strong><em>-</em></strong></span> <span class='ocrx_word' id='word_1_694' title='bbox 1523 2022 1692 2050; x_wconf 75' lang='lat' dir='ltr'><strong>Vindobonte</strong></span> <span class='ocrx_word' id='word_1_695' title='bbox 1719 2024 1746 2050; x_wconf 93' lang='lat' dir='ltr'><strong>in</strong></span> <span class='ocrx_word' id='word_1_696' title='bbox 1773 2024 1834 2051; x_wconf 86' lang='lat' dir='ltr'><strong>cod.</strong></span> 
     </span>
    </p>
   </div>
   <div class='ocr_carea' id='block_1_87' title="bbox 1048 2068 1835 2102">
    <p class='ocr_par' dir='ltr' id='par_1_87' title="bbox 1048 2068 1835 2102">
     <span class='ocr_line' id='line_1_87' title="bbox 1048 2068 1835 2102; baseline -0.003 -5"><span class='ocrx_word' id='word_1_697' title='bbox 1048 2070 1150 2097; x_wconf 70' lang='lat' dir='ltr'><strong>Caesar.</strong></span> <span class='ocrx_word' id='word_1_698' title='bbox 1161 2068 1300 2100; x_wconf 71' lang='lat' dir='ltr'><strong>CCXLIV,</strong></span> <span class='ocrx_word' id='word_1_699' title='bbox 1319 2077 1337 2099; x_wconf 85' lang='grc' dir='ltr'><strong>ι,</strong></span> <span class='ocrx_word' id='word_1_700' title='bbox 1355 2072 1483 2102; x_wconf 78' lang='lat' dir='ltr'><strong>excerpta</strong></span> <span class='ocrx_word' id='word_1_701' title='bbox 1500 2076 1533 2095; x_wconf 79' lang='lat' dir='ltr'><strong>ex</strong></span> <span class='ocrx_word' id='word_1_702' title='bbox 1546 2069 1596 2094; x_wconf 88' lang='lat' dir='ltr'><strong>hac</strong></span> <span class='ocrx_word' id='word_1_703' title='bbox 1612 2074 1682 2095; x_wconf 80' lang='lat' dir='ltr'><strong>orat.</strong></span> <span class='ocrx_word' id='word_1_704' title='bbox 1698 2068 1729 2095; x_wconf 75' lang='grc' dir='ltr'>γ.</span> <span class='ocrx_word' id='word_1_705' title='bbox 1752 2069 1835 2096; x_wconf 83' lang='lat' dir='ltr'><strong>Latn-</strong></span> 
     </span>
    </p>
   </div>
   <div class='ocr_carea' id='block_1_88' title="bbox 1047 2113 1833 2149">
    <p class='ocr_par' dir='ltr' id='par_1_88' title="bbox 1047 2113 1833 2149">
     <span class='ocr_line' id='line_1_88' title="bbox 1047 2113 1833 2149; baseline -0.001 -6"><span class='ocrx_word' id='word_1_706' title='bbox 1047 2116 1109 2143; x_wconf 89' lang='lat' dir='ltr'><strong>bcc.</strong></span> <span class='ocrx_word' id='word_1_707' title='bbox 1121 2123 1219 2143; x_wconf 88' lang='lat' dir='ltr'><strong>comtn.</strong></span> <span class='ocrx_word' id='word_1_708' title='bbox 1240 2114 1272 2143; x_wconf 84' lang='lat' dir='ltr'><strong>V.</strong></span> <span class='ocrx_word' id='word_1_709' title='bbox 1289 2123 1315 2149; x_wconf 87' lang='lat' dir='ltr'><strong>p.</strong></span> <span class='ocrx_word' id='word_1_710' title='bbox 1333 2114 1474 2141; x_wconf 50' lang='lat' dir='ltr'><strong>iii—In</strong></span> <span class='ocrx_word' id='word_1_711' title='bbox 1490 2113 1741 2142; x_wconf 72' lang='lat' dir='ltr'><strong>tribuscodd.bilil.</strong></span> <span class='ocrx_word' id='word_1_712' title='bbox 1756 2115 1833 2142; x_wconf 83' lang='lat' dir='ltr'><strong>Publ.</strong></span> 
     </span>
    </p>
   </div>
   <div class='ocr_carea' id='block_1_89' title="bbox 1047 2159 1833 2196">
    <p class='ocr_par' dir='ltr' id='par_1_89' title="bbox 1047 2159 1833 2196">
     <span class='ocr_line' id='line_1_89' title="bbox 1047 2159 1833 2196; baseline 0 -8"><span class='ocrx_word' id='word_1_713' title='bbox 1047 2161 1136 2188; x_wconf 83' lang='lat' dir='ltr'><strong>Paris.</strong></span> <span class='ocrx_word' id='word_1_714' title='bbox 1152 2177 1186 2181; x_wconf 93' lang='lat'><strong>—</strong></span> <span class='ocrx_word' id='word_1_715' title='bbox 1202 2161 1230 2188; x_wconf 92' lang='lat' dir='ltr'><strong>In</strong></span> <span class='ocrx_word' id='word_1_716' title='bbox 1246 2160 1308 2188; x_wconf 90' lang='lat' dir='ltr'><strong>cod.</strong></span> <span class='ocrx_word' id='word_1_717' title='bbox 1326 2160 1439 2187; x_wconf 89' lang='lat' dir='ltr'><strong>Taurin.</strong></span> <span class='ocrx_word' id='word_1_718' title='bbox 1453 2160 1547 2192; x_wconf 72' lang='lat' dir='ltr'><strong>LXXI,</strong></span> <span class='ocrx_word' id='word_1_719' title='bbox 1560 2159 1607 2187; x_wconf 78' lang='grc' dir='ltr'>1ἰι1.</span> <span class='ocrx_word' id='word_1_720' title='bbox 1626 2160 1688 2188; x_wconf 72' lang='grc'><strong>102.</strong></span> <span class='ocrx_word' id='word_1_721' title='bbox 1705 2175 1738 2181; x_wconf 95' lang='grc'><strong>-</strong></span> <span class='ocrx_word' id='word_1_722' title='bbox 1753 2160 1833 2196; x_wconf 76' lang='lat' dir='ltr'><strong>Nyss.</strong></span> 
     </span>
    </p>
   </div>
   <div class='ocr_carea' id='block_1_90' title="bbox 206 2198 997 2240">
    <p class='ocr_par' dir='ltr' id='par_1_90' title="bbox 206 2198 995 2236">
     <span class='ocr_line' id='line_1_90' title="bbox 206 2198 995 2236; baseline 0.004 -11"><span class='ocrx_word' id='word_1_723' title='bbox 206 2200 352 2230; x_wconf 79' lang='lat' dir='ltr'><strong>tncrarius,</strong></span> <span class='ocrx_word' id='word_1_724' title='bbox 368 2199 442 2234; x_wconf 86' lang='lat' dir='ltr'><strong>Lips.</strong></span> <span class='ocrx_word' id='word_1_725' title='bbox 462 2199 542 2232; x_wconf 74' lang='grc'>1564,</span> <span class='ocrx_word' id='word_1_726' title='bbox 559 2200 584 2227; x_wconf 89' lang='lat'><strong>8.</strong></span> <span class='ocrx_word' id='word_1_727' title='bbox 600 2198 628 2226; x_wconf 93' lang='lat' dir='ltr'><strong>In</strong></span> <span class='ocrx_word' id='word_1_728' title='bbox 640 2199 690 2226; x_wconf 84' lang='lat' dir='ltr'><strong>hoc</strong></span> <span class='ocrx_word' id='word_1_729' title='bbox 705 2207 832 2227; x_wconf 88' lang='lat' dir='ltr'><strong>sermone</strong></span> <span class='ocrx_word' id='word_1_730' title='bbox 845 2206 909 2227; x_wconf 88' lang='lat' dir='ltr'><strong>sunt</strong></span> <span class='ocrx_word' id='word_1_731' title='bbox 920 2209 995 2236; x_wconf 69' lang='lat' dir='ltr'><strong>quaa—</strong></span> 
     </span>
    </p>
   </div>
   <div class='ocr_carea' id='block_1_91' title="bbox 1051 2198 1832 2240">
    <p class='ocr_par' dir='ltr' id='par_1_91' title="bbox 1051 2204 1832 2240">
     <span class='ocr_line' id='line_1_91' title="bbox 1051 2204 1832 2240; baseline -0.003 -6"><span class='ocrx_word' id='word_1_732' title='bbox 1051 2208 1187 2235; x_wconf 82' lang='lat' dir='ltr'><strong>orationes</strong></span> <span class='ocrx_word' id='word_1_733' title='bbox 1200 2207 1231 2238; x_wconf 87' lang='lat' dir='ltr'><strong>Il,</strong></span> <span class='ocrx_word' id='word_1_734' title='bbox 1250 2214 1304 2233; x_wconf 88' lang='lat' dir='ltr'><strong>una</strong></span> <span class='ocrx_word' id='word_1_735' title='bbox 1319 2206 1357 2234; x_wconf 83' lang='lat' dir='ltr'><strong>De</strong></span> <span class='ocrx_word' id='word_1_736' title='bbox 1372 2205 1435 2232; x_wconf 85' lang='lat' dir='ltr'><strong>Filii</strong></span> <span class='ocrx_word' id='word_1_737' title='bbox 1450 2210 1474 2232; x_wconf 85' lang='lat' dir='ltr'><strong>et</strong></span> <span class='ocrx_word' id='word_1_738' title='bbox 1488 2204 1603 2240; x_wconf 70' lang='lat' dir='ltr'><strong>Spiritus</strong></span> <span class='ocrx_word' id='word_1_739' title='bbox 1624 2205 1653 2233; x_wconf 92' lang='lat' dir='ltr'><strong>S.</strong></span> <span class='ocrx_word' id='word_1_740' title='bbox 1664 2205 1778 2238; x_wconf 71' lang='lat' dir='ltr'><strong>deitate;</strong></span> <span class='ocrx_word' id='word_1_741' title='bbox 1793 2205 1832 2232; x_wconf 78' lang='lat' dir='ltr'><strong>al—</strong></span> 
     </span>
    </p>
   </div>
   <div class='ocr_carea' id='block_1_92' title="bbox 205 2244 997 2281">
    <p class='ocr_par' dir='ltr' id='par_1_92' title="bbox 205 2244 997 2281">
     <span class='ocr_line' id='line_1_92' title="bbox 205 2244 997 2281; baseline 0.004 -10"><span class='ocrx_word' id='word_1_742' title='bbox 205 2244 269 2272; x_wconf 80' lang='lat' dir='ltr'><strong>dam</strong></span> <span class='ocrx_word' id='word_1_743' title='bbox 285 2252 318 2272; x_wconf 75' lang='lat' dir='ltr'><strong>ex</strong></span> <span class='ocrx_word' id='word_1_744' title='bbox 336 2246 502 2281; x_wconf 74' lang='lat' dir='ltr'><strong>apocryphis</strong></span> <span class='ocrx_word' id='word_1_745' title='bbox 528 2250 554 2273; x_wconf 91' lang='lat' dir='ltr'><strong>ct</strong></span> <span class='ocrx_word' id='word_1_746' title='bbox 576 2245 691 2272; x_wconf 82' lang='lat' dir='ltr'><strong>incertis</strong></span> <span class='ocrx_word' id='word_1_747' title='bbox 710 2245 808 2273; x_wconf 84' lang='lat' dir='ltr'><strong>hausta</strong></span> <span class='ocrx_word' id='word_1_748' title='bbox 830 2246 997 2274; x_wconf 82' lang='lat' dir='ltr'><strong>narrationi-</strong></span> 
     </span>
    </p>
   </div>
   <div class='ocr_carea' id='block_1_93' title="bbox 208 2291 994 2328">
    <p class='ocr_par' dir='ltr' id='par_1_93' title="bbox 208 2291 994 2328">
     <span class='ocr_line' id='line_1_93' title="bbox 208 2291 994 2328; baseline 0.004 -11"><span class='ocrx_word' id='word_1_749' title='bbox 208 2291 270 2318; x_wconf 79' lang='lat' dir='ltr'><strong>bus.</strong></span> <span class='ocrx_word' id='word_1_750' title='bbox 296 2291 366 2317; x_wconf 86' lang='lat' dir='ltr'><strong>Sunt</strong></span> <span class='ocrx_word' id='word_1_751' title='bbox 389 2295 416 2318; x_wconf 82' lang='lat' dir='ltr'><strong>et</strong></span> <span class='ocrx_word' id='word_1_752' title='bbox 438 2291 563 2326; x_wconf 63' lang='lat' dir='ltr'><strong>quaedam</strong></span> <span class='ocrx_word' id='word_1_753' title='bbox 588 2292 673 2326; x_wconf 83' lang='lat' dir='ltr'><strong>petita</strong></span> <span class='ocrx_word' id='word_1_754' title='bbox 700 2300 732 2319; x_wconf 88' lang='lat' dir='ltr'><strong>ex</strong></span> <span class='ocrx_word' id='word_1_755' title='bbox 754 2299 851 2328; x_wconf 83' lang='lat' dir='ltr'><strong>magno</strong></span> <span class='ocrx_word' id='word_1_756' title='bbox 879 2291 994 2327; x_wconf 85' lang='lat' dir='ltr'><strong>Nyssen.</strong></span> 
     </span>
    </p>
   </div>
   <div class='ocr_carea' id='block_1_94' title="bbox 208 2336 994 2372">
    <p class='ocr_par' dir='ltr' id='par_1_94' title="bbox 208 2336 994 2372">
     <span class='ocr_line' id='line_1_94' title="bbox 208 2336 994 2372; baseline 0.005 -11"><span class='ocrx_word' id='word_1_757' title='bbox 208 2343 333 2363; x_wconf 86' lang='lat' dir='ltr'><strong>sermone</strong></span> <span class='ocrx_word' id='word_1_758' title='bbox 345 2337 524 2364; x_wconf 72' lang='lat' dir='ltr'><strong>eateclietico.</strong></span> <span class='ocrx_word' id='word_1_759' title='bbox 541 2336 671 2370; x_wconf 72' lang='lat' dir='ltr'><strong>Quaedam</strong></span> <span class='ocrx_word' id='word_1_760' title='bbox 688 2337 783 2364; x_wconf 86' lang='lat' dir='ltr'><strong>iisdem</strong></span> <span class='ocrx_word' id='word_1_761' title='bbox 799 2337 994 2372; x_wconf 89' lang='lat' dir='ltr'><strong>propemodum</strong></span> 
     </span>
    </p>
   </div>
   <div class='ocr_carea' id='block_1_95' title="bbox 207 2383 994 2419">
    <p class='ocr_par' dir='ltr' id='par_1_95' title="bbox 207 2383 994 2419">
     <span class='ocr_line' id='line_1_95' title="bbox 207 2383 994 2419; baseline 0.001 -10"><span class='ocrx_word' id='word_1_762' title='bbox 207 2383 298 2410; x_wconf 84' lang='lat' dir='ltr'><strong>verbis</strong></span> <span class='ocrx_word' id='word_1_763' title='bbox 311 2383 440 2418; x_wconf 70' lang='lat' dir='ltr'><strong>leguntur</strong></span> <span class='ocrx_word' id='word_1_764' title='bbox 455 2384 526 2418; x_wconf 86' lang='lat' dir='ltr'><strong>apud</strong></span> <span class='ocrx_word' id='word_1_765' title='bbox 539 2383 669 2419; x_wconf 86' lang='lat' dir='ltr'><strong>Cyrillum</strong></span> <span class='ocrx_word' id='word_1_766' title='bbox 683 2390 776 2411; x_wconf 85' lang='lat' dir='ltr'><strong>contra</strong></span> <span class='ocrx_word' id='word_1_767' title='bbox 785 2384 994 2418; x_wconf 77' lang='lat' dir='ltr'><strong>Anthropomor-</strong></span> 
     </span>
    </p>
   </div>
   <div class='ocr_carea' id='block_1_96' title="bbox 207 2428 994 2465">
    <p class='ocr_par' dir='ltr' id='par_1_96' title="bbox 207 2428 994 2465">
     <span class='ocr_line' id='line_1_96' title="bbox 207 2428 994 2465; baseline 0.003 -11"><span class='ocrx_word' id='word_1_768' title='bbox 207 2429 305 2456; x_wconf 80' lang='lat' dir='ltr'><strong>oltitas.</strong></span> <span class='ocrx_word' id='word_1_769' title='bbox 325 2428 393 2455; x_wconf 83' lang='lat' dir='ltr'><strong>Vide</strong></span> <span class='ocrx_word' id='word_1_770' title='bbox 411 2428 612 2456; x_wconf 84' lang='lat' dir='ltr'><strong>Tillemontinm</strong></span> <span class='ocrx_word' id='word_1_771' title='bbox 636 2433 701 2456; x_wconf 85' lang='lat' dir='ltr'><strong>tom.</strong></span> <span class='ocrx_word' id='word_1_772' title='bbox 728 2428 760 2455; x_wconf 79' lang='grc' dir='ltr'><strong>ΙΧ</strong></span> <span class='ocrx_word' id='word_1_773' title='bbox 796 2428 908 2456; x_wconf 78' lang='lat' dir='ltr'><strong>Mentor.</strong></span> <span class='ocrx_word' id='word_1_774' title='bbox 932 2438 994 2465; x_wconf 80' lang='lat' dir='ltr'><strong>pag.</strong></span> 
     </span>
    </p>
   </div>
   <div class='ocr_carea' id='block_1_97' title="bbox 205 2473 996 2510">
    <p class='ocr_par' dir='ltr' id='par_1_97' title="bbox 205 2473 996 2510">
     <span class='ocr_line' id='line_1_97' title="bbox 205 2473 996 2510; baseline 0.003 -10"><span class='ocrx_word' id='word_1_775' title='bbox 205 2473 268 2501; x_wconf 75' lang='grc'>612.</span> <span class='ocrx_word' id='word_1_776' title='bbox 290 2473 371 2501; x_wconf 69' lang='grc' dir='ltr'><strong>ΡΑΒκ.</strong></span> <span class='ocrx_word' id='word_1_777' title='bbox 389 2475 421 2501; x_wconf 69' lang='lat' dir='ltr'><strong>Et</strong></span> <span class='ocrx_word' id='word_1_778' title='bbox 441 2474 603 2502; x_wconf 68' lang='lat' dir='ltr'><strong>Scltrmckh.</strong></span> <span class='ocrx_word' id='word_1_779' title='bbox 632 2475 651 2502; x_wconf 93' lang='lat' dir='ltr'><strong>I.</strong></span> <span class='ocrx_word' id='word_1_780' title='bbox 666 2483 690 2502; x_wconf 93' lang='lat' dir='ltr'><strong>c.</strong></span> <span class='ocrx_word' id='word_1_781' title='bbox 703 2483 730 2510; x_wconf 91' lang='lat' dir='ltr'><strong>p.</strong></span> <span class='ocrx_word' id='word_1_782' title='bbox 748 2475 798 2502; x_wconf 69' lang='grc'>1⁵25</span> <span class='ocrx_word' id='word_1_783' title='bbox 811 2484 891 2510; x_wconf 84' lang='lat' dir='ltr'><strong>sq.—-</strong></span> <span class='ocrx_word' id='word_1_784' title='bbox 902 2475 996 2503; x_wconf 83' lang='lat' dir='ltr'><strong>Exstat</strong></span> 
     </span>
    </p>
   </div>
   <div class='ocr_carea' id='block_1_98' title="bbox 207 2518 994 2549">
    <p class='ocr_par' dir='ltr' id='par_1_98' title="bbox 207 2518 994 2549">
     <span class='ocr_line' id='line_1_98' title="bbox 207 2518 994 2549; baseline 0.004 -4"><span class='ocrx_word' id='word_1_785' title='bbox 207 2519 233 2545; x_wconf 94' lang='lat' dir='ltr'><strong>in</strong></span> <span class='ocrx_word' id='word_1_786' title='bbox 251 2518 286 2545; x_wconf 81' lang='lat' dir='ltr'><strong>IX</strong></span> <span class='ocrx_word' id='word_1_787' title='bbox 312 2519 392 2546; x_wconf 88' lang='lat' dir='ltr'><strong>codd.</strong></span> <span class='ocrx_word' id='word_1_788' title='bbox 413 2520 479 2547; x_wconf 88' lang='lat' dir='ltr'><strong>bibl.</strong></span> <span class='ocrx_word' id='word_1_789' title='bbox 501 2519 579 2547; x_wconf 87' lang='lat' dir='ltr'><strong>Publ.</strong></span> <span class='ocrx_word' id='word_1_790' title='bbox 598 2519 731 2547; x_wconf 83' lang='lat' dir='ltr'><strong>Paris.——</strong></span> <span class='ocrx_word' id='word_1_791' title='bbox 746 2519 773 2546; x_wconf 92' lang='lat' dir='ltr'><strong>in</strong></span> <span class='ocrx_word' id='word_1_792' title='bbox 800 2521 860 2547; x_wconf 77' lang='lat' dir='ltr'><strong>cod.</strong></span> <span class='ocrx_word' id='word_1_793' title='bbox 879 2520 994 2549; x_wconf 84' lang='lat' dir='ltr'><strong>Taurin.</strong></span> 
     </span>
    </p>
   </div>
   <div class='ocr_carea' id='block_1_99' title="bbox 206 2563 993 2599">
    <p class='ocr_par' dir='ltr' id='par_1_99' title="bbox 206 2563 993 2599">
     <span class='ocr_line' id='line_1_99' title="bbox 206 2563 993 2599; baseline 0.005 -8"><span class='ocrx_word' id='word_1_794' title='bbox 206 2563 300 2592; x_wconf 72' lang='lat' dir='ltr'><strong>LXXI.</strong></span> <span class='ocrx_word' id='word_1_795' title='bbox 315 2580 350 2585; x_wconf 85' lang='lat'><strong>——</strong></span> <span class='ocrx_word' id='word_1_796' title='bbox 367 2565 510 2594; x_wconf 65' lang='lat' dir='ltr'><strong>Florentiae</strong></span> <span class='ocrx_word' id='word_1_797' title='bbox 525 2566 553 2593; x_wconf 93' lang='lat' dir='ltr'><strong>in</strong></span> <span class='ocrx_word' id='word_1_798' title='bbox 568 2567 633 2593; x_wconf 91' lang='lat' dir='ltr'><strong>bibl.</strong></span> <span class='ocrx_word' id='word_1_799' title='bbox 650 2566 781 2595; x_wconf 83' lang='lat' dir='ltr'><strong>Laurent.</strong></span> <span class='ocrx_word' id='word_1_800' title='bbox 797 2567 859 2594; x_wconf 85' lang='lat' dir='ltr'><strong>cod.</strong></span> <span class='ocrx_word' id='word_1_801' title='bbox 883 2567 927 2599; x_wconf 87' lang='lat' dir='ltr'><strong>IV,</strong></span> <span class='ocrx_word' id='word_1_802' title='bbox 949 2576 993 2595; x_wconf 85' lang='lat' dir='ltr'><strong>nr.</strong></span> 
     </span>
    </p>
   </div>
   <div class='ocr_carea' id='block_1_100' title="bbox 206 2607 993 2647">
    <p class='ocr_par' dir='ltr' id='par_1_100' title="bbox 206 2607 993 2647">
     <span class='ocr_line' id='line_1_100' title="bbox 206 2607 993 2647; baseline 0.008 -13"><span class='ocrx_word' id='word_1_803' title='bbox 206 2607 252 2637; x_wconf 68' lang='lat'><strong>99.</strong></span> <span class='ocrx_word' id='word_1_804' title='bbox 269 2608 301 2636; x_wconf 85' lang='lat' dir='ltr'><strong>V.</strong></span> <span class='ocrx_word' id='word_1_805' title='bbox 328 2609 441 2637; x_wconf 83' lang='lat' dir='ltr'><strong>Bandin.</strong></span> <span class='ocrx_word' id='word_1_806' title='bbox 463 2611 522 2638; x_wconf 85' lang='lat' dir='ltr'><strong>Cat.</strong></span> <span class='ocrx_word' id='word_1_807' title='bbox 550 2611 629 2638; x_wconf 84' lang='lat' dir='ltr'><strong>codd.</strong></span> <span class='ocrx_word' id='word_1_808' title='bbox 654 2611 701 2639; x_wconf 89' lang='lat' dir='ltr'><strong>Gr.</strong></span> <span class='ocrx_word' id='word_1_809' title='bbox 726 2612 810 2639; x_wconf 90' lang='lat' dir='ltr'><strong>Laur.</strong></span> <span class='ocrx_word' id='word_1_810' title='bbox 834 2612 853 2644; x_wconf 84' lang='lat' dir='ltr'><strong>I,</strong></span> <span class='ocrx_word' id='word_1_811' title='bbox 877 2621 902 2647; x_wconf 90' lang='lat' dir='ltr'><strong>p.</strong></span> <span class='ocrx_word' id='word_1_812' title='bbox 931 2613 993 2642; x_wconf 73' lang='lat'><strong>522.</strong></span> 
     </span>
    </p>
   </div>
   <div class='ocr_carea' id='block_1_101' title="bbox 207 2654 293 2682">
    <p class='ocr_par' dir='ltr' id='par_1_101' title="bbox 207 2654 293 2682">
     <span class='ocr_line' id='line_1_101' title="bbox 207 2654 293 2682; baseline 0.012 -1"><span class='ocrx_word' id='word_1_813' title='bbox 207 2654 293 2682; x_wconf 69' lang='lat' dir='ltr'><strong>HARL.</strong></span> 
     </span>
    </p>
   </div>
   <div class='ocr_carea' id='block_1_102' title="bbox 240 2726 840 2765">
    <p class='ocr_par' dir='ltr' id='par_1_102' title="bbox 240 2726 840 2765">
     <span class='ocr_line' id='line_1_102' title="bbox 240 2726 840 2765; baseline 0.007 -13"><span class='ocrx_word' id='word_1_814' title='bbox 240 2726 278 2765; x_wconf 58' lang='grc' dir='ltr'><strong>(ᾳ)</strong></span> <span class='ocrx_word' id='word_1_815' title='bbox 300 2726 370 2765; x_wconf 69' lang='lat' dir='ltr'><strong>Edil.</strong></span> <span class='ocrx_word' id='word_1_816' title='bbox 383 2727 499 2765; x_wconf 17' lang='lat'><strong>3.71658</strong></span> <span class='ocrx_word' id='word_1_817' title='bbox 514 2747 522 2760; x_wconf 85' lang='lat'><strong>,</strong></span> <span class='ocrx_word' id='word_1_818' title='bbox 555 2733 621 2756; x_wconf 91' lang='lat' dir='ltr'><strong>tom.</strong></span> <span class='ocrx_word' id='word_1_819' title='bbox 641 2729 686 2762; x_wconf 90' lang='lat' dir='ltr'><strong>III,</strong></span> <span class='ocrx_word' id='word_1_820' title='bbox 700 2737 759 2765; x_wconf 79' lang='lat' dir='ltr'><strong>pag.</strong></span> <span class='ocrx_word' id='word_1_821' title='bbox 776 2729 840 2758; x_wconf 74' lang='grc'>298.</span> 
     </span>
    </p>
   </div>
   <div class='ocr_carea' id='block_1_103' title="bbox 243 2761 444 2797">
    <p class='ocr_par' dir='ltr' id='par_1_103' title="bbox 243 2761 444 2797">
     <span class='ocr_line' id='line_1_103' title="bbox 243 2761 444 2797; baseline 0.01 -10"><span class='ocrx_word' id='word_1_822' title='bbox 243 2761 279 2797; x_wconf 71' lang='grc' dir='ltr'><strong>ψ)</strong></span> <span class='ocrx_word' id='word_1_823' title='bbox 298 2761 361 2797; x_wconf 61' lang='grc' dir='ltr'>[ηις.</span> <span class='ocrx_word' id='word_1_824' title='bbox 382 2762 412 2788; x_wconf 82' lang='lat'><strong>5|</strong></span> <span class='ocrx_word' id='word_1_825' title='bbox 422 2764 444 2789; x_wconf 88' lang='lat' dir='ltr'><strong>t.</strong></span> 
     </span>
    </p>
   </div>
   <div class='ocr_carea' id='block_1_104' title="bbox 241 2795 445 2831">
    <p class='ocr_par' dir='ltr' id='par_1_104' title="bbox 241 2795 445 2831">
     <span class='ocr_line' id='line_1_104' title="bbox 241 2795 445 2831; baseline 0.02 -11"><span class='ocrx_word' id='word_1_826' title='bbox 241 2795 277 2829; x_wconf 71' lang='lat' dir='ltr'><strong>(CI</strong></span> <span class='ocrx_word' id='word_1_827' title='bbox 299 2795 362 2831; x_wconf 53' lang='lat' dir='ltr'><strong>P38.</strong></span> <span class='ocrx_word' id='word_1_828' title='bbox 384 2798 445 2824; x_wconf 74' lang='grc'>517.</span> 
     </span>
    </p>
   </div>
   <div class='ocr_carea' id='block_1_105' title="bbox 246 2830 451 2866">
    <p class='ocr_par' dir='ltr' id='par_1_105' title="bbox 246 2830 451 2866">
     <span class='ocr_line' id='line_1_105' title="bbox 246 2830 451 2866; baseline 0.02 -10"><span class='ocrx_word' id='word_1_829' title='bbox 246 2830 285 2863; x_wconf 70' lang='lat' dir='ltr'><strong>Id,</strong></span> <span class='ocrx_word' id='word_1_830' title='bbox 305 2830 368 2866; x_wconf 68' lang='lat' dir='ltr'><strong>Pug.</strong></span> <span class='ocrx_word' id='word_1_831' title='bbox 390 2833 451 2860; x_wconf 77' lang='lat'><strong>539.</strong></span> 
     </span>
    </p>
   </div>
   <div class='ocr_carea' id='block_1_106' title="bbox 1048 2249 1830 2282">
    <p class='ocr_par' dir='ltr' id='par_1_106' title="bbox 1048 2249 1830 2282">
     <span class='ocr_line' id='line_1_106' title="bbox 1048 2249 1830 2282; baseline -0.003 -3"><span class='ocrx_word' id='word_1_832' title='bbox 1048 2256 1106 2279; x_wconf 85' lang='lat' dir='ltr'><strong>tera</strong></span> <span class='ocrx_word' id='word_1_833' title='bbox 1117 2252 1190 2279; x_wconf 90' lang='lat' dir='ltr'><strong>dicta</strong></span> <span class='ocrx_word' id='word_1_834' title='bbox 1202 2251 1245 2279; x_wconf 88' lang='lat' dir='ltr'><strong>die</strong></span> <span class='ocrx_word' id='word_1_835' title='bbox 1261 2250 1423 2282; x_wconf 80' lang='lat' dir='ltr'><strong>Paschatos,</strong></span> <span class='ocrx_word' id='word_1_836' title='bbox 1436 2249 1484 2277; x_wconf 88' lang='lat' dir='ltr'><strong>Gr.</strong></span> <span class='ocrx_word' id='word_1_837' title='bbox 1494 2254 1520 2277; x_wconf 89' lang='lat' dir='ltr'><strong>et</strong></span> <span class='ocrx_word' id='word_1_838' title='bbox 1534 2249 1596 2278; x_wconf 86' lang='lat' dir='ltr'><strong>Lat.</strong></span> <span class='ocrx_word' id='word_1_839' title='bbox 1613 2258 1647 2278; x_wconf 76' lang='lat' dir='ltr'><strong>ex</strong></span> <span class='ocrx_word' id='word_1_840' title='bbox 1655 2258 1727 2278; x_wconf 89' lang='lat' dir='ltr'><strong>vers.</strong></span> <span class='ocrx_word' id='word_1_841' title='bbox 1741 2250 1830 2278; x_wconf 85' lang='lat' dir='ltr'><strong>loacb.</strong></span> 
     </span>
    </p>
   </div>
   <div class='ocr_carea' id='block_1_107' title="bbox 1048 2294 1544 2330">
    <p class='ocr_par' dir='ltr' id='par_1_107' title="bbox 1048 2294 1544 2330">
     <span class='ocr_line' id='line_1_107' title="bbox 1048 2294 1544 2330; baseline -0.006 -6"><span class='ocrx_word' id='word_1_842' title='bbox 1048 2296 1208 2328; x_wconf 87' lang='lat' dir='ltr'><strong>Camerarii,</strong></span> <span class='ocrx_word' id='word_1_843' title='bbox 1222 2296 1297 2330; x_wconf 87' lang='lat' dir='ltr'><strong>Lips.</strong></span> <span class='ocrx_word' id='word_1_844' title='bbox 1315 2295 1396 2327; x_wconf 65' lang='lat'><strong>1565,</strong></span> <span class='ocrx_word' id='word_1_845' title='bbox 1411 2295 1438 2322; x_wconf 90' lang='lat'><strong>8.</strong></span> <span class='ocrx_word' id='word_1_846' title='bbox 1457 2294 1544 2322; x_wconf 74' lang='lat' dir='ltr'><strong>IIARL.</strong></span> 
     </span>
    </p>
   </div>
   <div class='ocr_carea' id='block_1_108' title="bbox 1081 2340 1835 2374">
    <p class='ocr_par' dir='ltr' id='par_1_108' title="bbox 1081 2340 1835 2374">
     <span class='ocr_line' id='line_1_108' title="bbox 1081 2340 1835 2374; baseline -0.001 -5"><span class='ocrx_word' id='word_1_847' title='bbox 1081 2343 1126 2370; x_wconf 65' lang='lat'><strong>47.</strong></span> <span class='ocrx_word' id='word_1_848' title='bbox 1149 2342 1264 2369; x_wconf 89' lang='lat' dir='ltr'><strong>llomilia</strong></span> <span class='ocrx_word' id='word_1_849' title='bbox 1291 2341 1323 2374; x_wconf 92' lang='lat' dir='ltr'><strong>ll,</strong></span> <span class='ocrx_word' id='word_1_850' title='bbox 1346 2341 1384 2368; x_wconf 78' lang='lat' dir='ltr'><strong>De</strong></span> <span class='ocrx_word' id='word_1_851' title='bbox 1404 2341 1596 2368; x_wconf 80' lang='lat' dir='ltr'><strong>resurrectione</strong></span> <span class='ocrx_word' id='word_1_852' title='bbox 1617 2340 1727 2374; x_wconf 68' lang='lat' dir='ltr'><strong>Christi,</strong></span> <span class='ocrx_word' id='word_1_853' title='bbox 1752 2345 1778 2369; x_wconf 85' lang='lat' dir='ltr'><strong>et</strong></span> <span class='ocrx_word' id='word_1_854' title='bbox 1794 2341 1835 2368; x_wconf 66' lang='lat' dir='ltr'><strong>an</strong></span> 
     </span>
    </p>
   </div>
   <div class='ocr_carea' id='block_1_109' title="bbox 1047 2386 1832 2423">
    <p class='ocr_par' dir='ltr' id='par_1_109' title="bbox 1047 2386 1832 2423">
     <span class='ocr_line' id='line_1_109' title="bbox 1047 2386 1832 2423; baseline -0.004 -8"><span class='ocrx_word' id='word_1_855' title='bbox 1047 2388 1116 2415; x_wconf 83' lang='grc' dir='ltr'><strong>κατὰ</strong></span> <span class='ocrx_word' id='word_1_856' title='bbox 1129 2387 1211 2423; x_wconf 81' lang='grc' dir='ltr'><strong>μηδὲν</strong></span> <span class='ocrx_word' id='word_1_857' title='bbox 1222 2387 1345 2422; x_wconf 81' lang='grc' dir='ltr'><strong>ἀλλήλοις</strong></span> <span class='ocrx_word' id='word_1_858' title='bbox 1365 2386 1569 2418; x_wconf 79' lang='grc' dir='ltr'><strong>ἐναντιωθέντες</strong></span> <span class='ocrx_word' id='word_1_859' title='bbox 1585 2388 1608 2413; x_wconf 85' lang='lat' dir='ltr'><strong>ol</strong></span> <span class='ocrx_word' id='word_1_860' title='bbox 1625 2386 1832 2421; x_wconf 78' lang='grc' dir='ltr'><strong>Εὐαγγελισταί,</strong></span> 
     </span>
    </p>
   </div>
   <div class='ocr_carea' id='block_1_110' title="bbox 1047 2432 1833 2468">
    <p class='ocr_par' dir='ltr' id='par_1_110' title="bbox 1047 2432 1833 2468">
     <span class='ocr_line' id='line_1_110' title="bbox 1047 2432 1833 2468; baseline -0.001 -8"><span class='ocrx_word' id='word_1_861' title='bbox 1047 2434 1122 2467; x_wconf 80' lang='lat' dir='ltr'><strong>Quod</strong></span> <span class='ocrx_word' id='word_1_862' title='bbox 1131 2434 1204 2460; x_wconf 78' lang='lat' dir='ltr'><strong>nullo</strong></span> <span class='ocrx_word' id='word_1_863' title='bbox 1214 2433 1289 2460; x_wconf 80' lang='lat' dir='ltr'><strong>modo</strong></span> <span class='ocrx_word' id='word_1_864' title='bbox 1297 2433 1425 2460; x_wconf 83' lang='lat' dir='ltr'><strong>contrarii</strong></span> <span class='ocrx_word' id='word_1_865' title='bbox 1434 2433 1503 2459; x_wconf 81' lang='lat' dir='ltr'><strong>inter</strong></span> <span class='ocrx_word' id='word_1_866' title='bbox 1509 2441 1536 2459; x_wconf 86' lang='lat' dir='ltr'><strong>se</strong></span> <span class='ocrx_word' id='word_1_867' title='bbox 1543 2432 1775 2468; x_wconf 74' lang='lat' dir='ltr'><strong>sinlEvangelistte</strong></span> <span class='ocrx_word' id='word_1_868' title='bbox 1785 2433 1833 2468; x_wconf 87' lang='lat' dir='ltr'><strong>(lt),</strong></span> 
     </span>
    </p>
   </div>
   <div class='ocr_carea' id='block_1_111' title="bbox 1045 2473 1857 2513">
    <p class='ocr_par' dir='ltr' id='par_1_111' title="bbox 1045 2473 1857 2513">
     <span class='ocr_line' id='line_1_111' title="bbox 1045 2473 1857 2513; baseline 0 -9"><span class='ocrx_word' id='word_1_869' title='bbox 1045 2486 1073 2513; x_wconf 90' lang='lat' dir='ltr'><strong>p.</strong></span> <span class='ocrx_word' id='word_1_870' title='bbox 1099 2477 1229 2511; x_wconf 59' lang='lat'><strong>852-848,</strong></span> <span class='ocrx_word' id='word_1_871' title='bbox 1246 2485 1307 2504; x_wconf 88' lang='lat' dir='ltr'><strong>cutn</strong></span> <span class='ocrx_word' id='word_1_872' title='bbox 1327 2476 1411 2504; x_wconf 87' lang='lat' dir='ltr'><strong>Laur.</strong></span> <span class='ocrx_word' id='word_1_873' title='bbox 1445 2477 1531 2504; x_wconf 69' lang='grc' dir='ltr'>ὅπειηί</span> <span class='ocrx_word' id='word_1_874' title='bbox 1558 2478 1693 2504; x_wconf 85' lang='lat' dir='ltr'><strong>versione.</strong></span> <span class='ocrx_word' id='word_1_875' title='bbox 1712 2476 1809 2512; x_wconf 78' lang='lat' dir='ltr'><strong>Incipit</strong></span> <span class='ocrx_word' id='word_1_876' title='bbox 1825 2473 1857 2511; x_wconf 43' lang='grc' dir='ltr'><strong>εξ</strong></span> 
     </span>
    </p>
   </div>
   <div class='ocr_carea' id='block_1_112' title="bbox 1046 2522 1834 2558">
    <p class='ocr_par' dir='ltr' id='par_1_112' title="bbox 1046 2522 1834 2558">
     <span class='ocr_line' id='line_1_112' title="bbox 1046 2522 1834 2558; baseline 0 -8"><span class='ocrx_word' id='word_1_877' title='bbox 1046 2523 1149 2555; x_wconf 79' lang='grc' dir='ltr'>Πάντες</span> <span class='ocrx_word' id='word_1_878' title='bbox 1160 2524 1219 2558; x_wconf 83' lang='grc' dir='ltr'><strong>μὲν,</strong></span> <span class='ocrx_word' id='word_1_879' title='bbox 1232 2522 1377 2558; x_wconf 76' lang='grc' dir='ltr'><strong>ἀγαπητοὶ,</strong></span> <span class='ocrx_word' id='word_1_880' title='bbox 1392 2523 1430 2554; x_wconf 84' lang='grc' dir='ltr'><strong>ὡς</strong></span> <span class='ocrx_word' id='word_1_881' title='bbox 1448 2523 1533 2549; x_wconf 79' lang='grc' dir='ltr'><strong>εἰπεῖν</strong></span> <span class='ocrx_word' id='word_1_882' title='bbox 1552 2523 1733 2557; x_wconf 81' lang='grc' dir='ltr'><strong>ἀναδέχονται.</strong></span> <span class='ocrx_word' id='word_1_883' title='bbox 1759 2522 1834 2550; x_wconf 86' lang='lat' dir='ltr'><strong>Ilanc</strong></span> 
     </span>
    </p>
   </div>
   <div class='ocr_carea' id='block_1_113' title="bbox 1046 2566 1834 2603">
    <p class='ocr_par' dir='ltr' id='par_1_113' title="bbox 1046 2566 1834 2603">
     <span class='ocr_line' id='line_1_113' title="bbox 1046 2566 1834 2603; baseline -0.003 -8"><span class='ocrx_word' id='word_1_884' title='bbox 1046 2568 1098 2596; x_wconf 79' lang='lat' dir='ltr'><strong>sub</strong></span> <span class='ocrx_word' id='word_1_885' title='bbox 1118 2568 1243 2603; x_wconf 78' lang='lat' dir='ltr'><strong>Ilesyebii</strong></span> <span class='ocrx_word' id='word_1_886' title='bbox 1259 2567 1396 2595; x_wconf 89' lang='lat' dir='ltr'><strong>Ilicrosol.</strong></span> <span class='ocrx_word' id='word_1_887' title='bbox 1412 2568 1521 2594; x_wconf 89' lang='lat' dir='ltr'><strong>nomine</strong></span> <span class='ocrx_word' id='word_1_888' title='bbox 1535 2567 1619 2594; x_wconf 87' lang='lat' dir='ltr'><strong>edidit</strong></span> <span class='ocrx_word' id='word_1_889' title='bbox 1634 2567 1726 2594; x_wconf 65' lang='lat' dir='ltr'><strong>Graece</strong></span> <span class='ocrx_word' id='word_1_890' title='bbox 1741 2572 1767 2594; x_wconf 85' lang='lat' dir='ltr'><strong>et</strong></span> <span class='ocrx_word' id='word_1_891' title='bbox 1783 2566 1834 2594; x_wconf 88' lang='lat' dir='ltr'><strong>La-</strong></span> 
     </span>
    </p>
   </div>
   <div class='ocr_carea' id='block_1_114' title="bbox 1047 2612 1830 2648">
    <p class='ocr_par' dir='ltr' id='par_1_114' title="bbox 1047 2612 1830 2648">
     <span class='ocr_line' id='line_1_114' title="bbox 1047 2612 1830 2648; baseline 0 -8"><span class='ocrx_word' id='word_1_892' title='bbox 1047 2614 1103 2640; x_wconf 89' lang='lat' dir='ltr'><strong>tine</strong></span> <span class='ocrx_word' id='word_1_893' title='bbox 1122 2612 1221 2640; x_wconf 81' lang='lat' dir='ltr'><strong>Franc.</strong></span> <span class='ocrx_word' id='word_1_894' title='bbox 1235 2613 1414 2640; x_wconf 82' lang='lat' dir='ltr'><strong>Combeiisius</strong></span> <span class='ocrx_word' id='word_1_895' title='bbox 1425 2618 1489 2640; x_wconf 89' lang='lat' dir='ltr'><strong>tom.</strong></span> <span class='ocrx_word' id='word_1_896' title='bbox 1501 2612 1709 2639; x_wconf 77' lang='lat' dir='ltr'><strong>IAuctariinovt&#39;</strong></span> <span class='ocrx_word' id='word_1_897' title='bbox 1726 2621 1753 2648; x_wconf 89' lang='lat' dir='ltr'><strong>p.</strong></span> <span class='ocrx_word' id='word_1_898' title='bbox 1771 2612 1830 2640; x_wconf 64' lang='grc'>755.</span> 
     </span>
    </p>
   </div>
   <div class='ocr_carea' id='block_1_115' title="bbox 1048 2657 1834 2693">
    <p class='ocr_par' dir='ltr' id='par_1_115' title="bbox 1048 2657 1834 2693">
     <span class='ocr_line' id='line_1_115' title="bbox 1048 2657 1834 2693; baseline 0 -8"><span class='ocrx_word' id='word_1_899' title='bbox 1048 2658 1132 2685; x_wconf 78' lang='lat' dir='ltr'><strong>Ftnn.</strong></span> <span class='ocrx_word' id='word_1_900' title='bbox 1143 2657 1266 2686; x_wconf 68' lang='lat' dir='ltr'><strong>Comltel&#39;.</strong></span> <span class='ocrx_word' id='word_1_901' title='bbox 1280 2666 1307 2693; x_wconf 92' lang='lat' dir='ltr'><strong>p.</strong></span> <span class='ocrx_word' id='word_1_902' title='bbox 1320 2658 1370 2685; x_wconf 80' lang='lat'><strong>775</strong></span> <span class='ocrx_word' id='word_1_903' title='bbox 1382 2662 1409 2685; x_wconf 88' lang='lat' dir='ltr'><strong>ct</strong></span> <span class='ocrx_word' id='word_1_904' title='bbox 1423 2657 1486 2689; x_wconf 78' lang='lat'><strong>777,</strong></span> <span class='ocrx_word' id='word_1_905' title='bbox 1504 2657 1639 2692; x_wconf 81' lang='lat' dir='ltr'><strong>Hesychio</strong></span> <span class='ocrx_word' id='word_1_906' title='bbox 1663 2657 1733 2686; x_wconf 85' lang='lat' dir='ltr'><strong>hanc</strong></span> <span class='ocrx_word' id='word_1_907' title='bbox 1746 2657 1834 2686; x_wconf 79' lang='lat' dir='ltr'><strong>homi-</strong></span> 
     </span>
    </p>
   </div>
   <div class='ocr_carea' id='block_1_116' title="bbox 1079 2728 1278 2763">
    <p class='ocr_par' dir='ltr' id='par_1_116' title="bbox 1079 2728 1278 2763">
     <span class='ocr_line' id='line_1_116' title="bbox 1079 2728 1278 2763; baseline 0 -8"><span class='ocrx_word' id='word_1_908' title='bbox 1079 2729 1112 2763; x_wconf 80' lang='grc' dir='ltr'><strong>(ε)</strong></span> <span class='ocrx_word' id='word_1_909' title='bbox 1133 2728 1197 2763; x_wconf 78' lang='lat' dir='ltr'><strong>Pag.</strong></span> <span class='ocrx_word' id='word_1_910' title='bbox 1215 2729 1278 2756; x_wconf 78' lang='grc'>554.</span> 
     </span>
    </p>
   </div>
   <div class='ocr_carea' id='block_1_117' title="bbox 1083 2763 1286 2798">
    <p class='ocr_par' dir='ltr' id='par_1_117' title="bbox 1083 2763 1286 2798">
     <span class='ocr_line' id='line_1_117' title="bbox 1083 2763 1286 2798; baseline 0.005 -9"><span class='ocrx_word' id='word_1_911' title='bbox 1083 2764 1121 2798; x_wconf 67' lang='grc' dir='ltr'><strong>(ω</strong></span> <span class='ocrx_word' id='word_1_912' title='bbox 1139 2763 1206 2798; x_wconf 68' lang='grc' dir='ltr'>ριιε.</span> <span class='ocrx_word' id='word_1_913' title='bbox 1222 2763 1286 2790; x_wconf 75' lang='lat' dir='ltr'><strong>sos.</strong></span> 
     </span>
    </p>
   </div>
   <div class='ocr_carea' id='block_1_118' title="bbox 1080 2797 1278 2832">
    <p class='ocr_par' dir='ltr' id='par_1_118' title="bbox 1080 2797 1278 2832">
     <span class='ocr_line' id='line_1_118' title="bbox 1080 2797 1278 2832; baseline 0.005 -9"><span class='ocrx_word' id='word_1_914' title='bbox 1080 2797 1116 2832; x_wconf 64' lang='grc' dir='ltr'><strong>(ς)</strong></span> <span class='ocrx_word' id='word_1_915' title='bbox 1137 2797 1201 2832; x_wconf 72' lang='lat' dir='ltr'><strong>pag.</strong></span> <span class='ocrx_word' id='word_1_916' title='bbox 1217 2798 1278 2825; x_wconf 71' lang='lat'><strong>582.</strong></span> 
     </span>
    </p>
   </div>
   <div class='ocr_carea' id='block_1_119' title="bbox 1082 2832 1278 2868">
    <p class='ocr_par' dir='ltr' id='par_1_119' title="bbox 1082 2832 1278 2868">
     <span class='ocr_line' id='line_1_119' title="bbox 1082 2832 1278 2868; baseline 0.015 -10"><span class='ocrx_word' id='word_1_917' title='bbox 1082 2834 1120 2868; x_wconf 83' lang='lat' dir='ltr'><strong>(It)</strong></span> <span class='ocrx_word' id='word_1_918' title='bbox 1140 2832 1205 2867; x_wconf 72' lang='lat' dir='ltr'><strong>Pag.</strong></span> <span class='ocrx_word' id='word_1_919' title='bbox 1217 2833 1278 2861; x_wconf 73' lang='grc'><strong>600.</strong></span> 
     </span>
    </p>
   </div>
  </div>
