1976 3077
113 156 148 186 19
707 156 848 187 NOTITIA
871 158 914 187 EX
935 157 1103 190 FABRICIO.
1710 158 1746 187 δῦ

112 218 177 245 liam
203 216 341 252 ascripsit,
369 216 500 252 quoniam
527 219 555 246 in
569 219 631 246 cod.
655 219 774 254 quodam
800 219 902 247 tributa
917 223 940 250 Α
954 221 1079 257 απαντὴν
1097 228 1248 254 sermones,
1261 221 1309 256 qui
1322 219 1446 248 feruntur
1460 218 1512 248 sub
1525 218 1682 247 nominibus
1695 226 1745 245 an-

112 264 149 291 sit
165 262 313 299 Ilesychio,
329 267 358 290 et
374 263 420 291 illa
437 263 556 292 homiliaa
571 264 666 299 primae
677 264 704 292 in
723 265 905 300 explicatione

113 308 165 337 loci
191 309 335 344 cujusdam
362 309 391 337 in
416 309 535 337 Matthazi
567 309 671 346 Evang.
686 316 832 346 repugnet,
853 319 905 339 nec

112 354 238 382 eumdem
254 355 389 384 orationis
400 359 483 391 atque
494 356 657 391 eloquentiae
671 357 802 388 colorem,
812 357 859 392 qui
874 357 904 385 in

113 399 227 435 reliquis
253 399 371 436 Nysseni
393 404 477 428 oratt.
510 405 650 434 cernatur,
682 409 738 437 prie
754 410 784 430 se
810 402 901 430 ferat:

113 445 184 473 idem
203 445 320 478 dubitat,
337 453 402 473 num
423 446 511 481 prima
528 447 627 475 similis
647 448 801 482 argumenti
815 448 904 475 oratio

113 492 148 519 sit
162 493 290 528 genuina.
313 492 366 520 Sed
383 500 438 520 non
456 492 591 520 satisfecit
605 493 784 522 Schrmckhio
794 502 823 530 p.
839 494 903 527 128,

113 539 160 574 qui
175 539 249 566 illam
264 539 388 566 criticam
404 539 587 574 quastionem
601 540 726 568 curatius
750 548 812 568 esse
830 540 904 568 inve—

114 585 268 621 stigandam
284 590 366 620 atque
380 585 589 619 examinandum
604 585 731 620 judicat:
749 594 780 614 ac
807 594 833 622 p.
851 586 903 614 126

115 639 175 666 sqq.
194 632 275 659 latius
289 631 411 666 disputat
429 631 464 658 de
478 630 499 657 V
514 631 636 659 homiliis
658 631 696 658 De
713 632 904 659 resurrectione

114 677 222 704 Christi.
238 692 273 698 —
288 677 325 704 De
347 677 539 704 resurrectione
556 677 583 704 in
608 685 706 704 novem
729 677 810 705 codd.
836 678 902 705 bibl.

114 721 192 749 Publ.
216 722 304 750 Paris.
322 738 355 742 —
383 722 420 749 De
443 723 632 750 resurrectione
659 722 760 750 Christi
785 727 810 750 et
834 722 902 758 quod

115 765 188 791 nulla
205 765 281 792 modo
304 766 432 792 contrarii
458 766 526 793 inter
544 773 571 792 se
596 760 650 793 sint
672 765 858 801 Evangelistte,
875 766 903 793 in

115 810 178 838 cod.
194 809 308 838 Taurin.
339 810 432 842 LXXI,
462 810 508 838 fol.
526 811 588 838 11L
606 826 640 831 —
659 810 760 839 Eadem
787 812 813 838 in
840 812 902 839 eod.

115 854 271 890 Mosquensi
286 854 307 882 V
332 859 444 882 notante
459 855 579 883 Matthaai
597 855 624 883 in
642 860 698 883 not.
720 855 801 883 codd.
830 856 903 883 Mos-

115 908 211 936 quens.
228 909 255 936 p.
272 900 298 934 7,
314 909 357 928 nr.
374 901 420 929 25.
435 915 471 922 —
485 900 516 928 In
531 901 593 928 cod.
614 901 730 929 Coislin.
745 901 823 933 CVII,
835 906 904 929 sunt
920 892 941 918 Β

114 955 158 975 nr.
173 947 216 975 6—9
232 951 350 982 quatuor
362 946 479 983 Nysseni
497 947 572 974 hom.
602 947 629 974 in
644 947 673 974 S.
704 947 811 975 Pascha
831 948 859 974 li.
884 948 901 975 I.

115 998 263 1021 numeratae
276 992 367 1022 16-19.
384 992 416 1020 γ.
436 992 586 1020 Monll'auc.
613 993 680 1021 bibl.
707 992 823 1021 Coislin.
840 1001 901 1029 pag.

116 1039 178 1067 182.
195 1039 290 1075 Hmi..}

150 1085 197 1113 48.
214 1084 248 1112 In
264 1092 361 1120 magna
384 1084 545 1117 Dominica,
567 1084 679 1112 homilia
705 1084 749 1117 IlI,
777 1085 815 1112 De
836 1085 903 1120 festo

115 1131 262 1159 Paw/natos
269 1136 293 1159 et
306 1131 496 1158 resurrectione
510 1131 559 1166 (a),
573 1130 700 1162 848-866,
710 1138 771 1158 cum
780 1130 903 1166 ejusdem

116 1177 203 1204 Silani
220 1178 354 1205 versione.
376 1177 473 1213 Incipit
490 1186 496 1204 :
516 1177 548 1204 Οἰ
561 1176 675 1212 πένητες
687 1176 740 1204 τῶν
751 1176 903 1212 ἀνθρώπων

114 1223 258 1259 φιλέορτοι.

148 1270 192 1298 49.
210 1269 326 1296 Homilia
341 1267 387 1300 IV,
406 1269 452 1300 Εἰς
461 1269 490 1295 τὸ
507 1268 584 1303 ἅγιον
595 1269 642 1295 καὶ
654 1269 785 1304 σωτήριον
798 1269 902 1304 Πάσχα,

115 1315 154 1343 De
164 1320 256 1342 sancto
272 1320 297 1342 et
311 1314 451 1349 salutifero
465 1313 593 1341 Pass/tate
606 1314 654 1350 (ὁ),
663 1322 689 1349 p.
701 1314 828 1347 866-869,
841 1322 902 1342 cum

115 1361 254 1389 Laurentii
271 1360 359 1388 Sil‘ani
373 1361 510 1388 versione.
526 1360 623 1395 Incipit
640 1370 646 1388 ε
670 1360 702 1387 Ἡ
722 1360 834 1396 ἀληθινὴ
856 1361 902 1387 τοῦ

116 1408 250 1435 σιὸὃὰτου
257 1407 438 1439 κατάπαυσις.
450 1407 545 1435 Exstat
554 1410 581 1434 et
596 1414 656 1434 cum
668 1407 792 1435 versione
804 1406 902 1434 .Ioach.

114 1454 276 1486 (Ianierarii,
291 1453 390 1489 Lipsiae
403 1453 482 1485 1565,
496 1453 523 1486 8,
555 1457 582 1480 et
597 1460 658 1480 cum
677 1453 904 1487 interpretatione

114 1499 238 1534 ejusdem
251 1499 410 1532 Camerarii,
431 1503 514 1534 atque
528 1499 614 1526 altera
638 1498 746 1526 I'Ienrici
762 1498 912 1527 Oelschlte-

956 266 1106 301 tiquiorum
1118 265 1241 299 Patrum,
1260 265 1401 298 Methodii,
1416 264 1511 300 Cyrilli
1524 263 1672 295 Ilierosol.,
1688 263 1745 290 Na-

955 312 1091 345 zianzeni,
1108 310 1236 348 Nysseni,
1252 311 1401 343 Ambrosii,
1423 310 1611 346 Chrysostomi
1628 314 1658 338 et
1681 308 1747 336 Ful-

953 358 1037 393 gentii
1051 368 1058 386 :
1087 366 1148 386 cum
1165 358 1264 386 festum
1285 356 1350 384 illud
1367 359 1474 384 constet
1487 355 1596 382 demum
1613 355 1744 382 celebrari

954 404 1073 438 empisse
1098 404 1126 431 in
1140 403 1261 431 Ecclesia
1289 409 1362 430 anno
1376 410 1412 429 xv
1425 401 1585 434 Justiniani,
1601 401 1666 435 imp.
1680 399 1747 427 Vide

954 447 1166 477 Thomassinum
1199 449 1226 476 in
1248 449 1351 483 scripto
1374 447 1478 475 Gallice
1497 447 1570 475 edito
1589 446 1626 473 De
1650 446 1743 480 festis,

955 493 1002 520 lib.
1019 501 1049 526 II,
1063 498 1091 521 et
1105 493 1188 521 Wilh.
1206 493 1352 521 Ernestum
1369 491 1539 519 Tentzelium
1555 491 1623 518 diss.
1641 489 1677 516 Dc
1690 490 1745 516 ritu

955 540 1094 567 lectionum
1115 549 1217 568 sacrar.
1233 540 1247 576 §
1263 540 1290 568 6.
1305 538 1388 566 Faue.
1411 538 1474 565 Acc.
1490 536 1658 565 Schroeckh.
1683 543 1746 572 pag.

955 586 1016 614 150.
1038 586 1094 613 Sub
1110 586 1219 614 nemine
1234 590 1325 613 tamen
1357 584 1470 620 Nysseni
1487 588 1529 611 est
1551 583 1577 609 in
1599 582 1660 609 rod.
1686 581 1744 608 IIIo-

954 634 1036 661 nacli.
1056 631 1123 659 VIII.
1142 631 1172 658 V.
1197 631 1257 659 Cat.
1270 630 1350 658 codd.
1366 629 1413 657 Gr.
1436 629 1532 655 Bavar.
1550 636 1611 663 pag.
1628 628 1654 655 5.
1667 642 1703 647 --
1718 627 1745 653 in

954 680 1016 707 cod.
1046 675 1200 715 Vindobou.
1227 677 1330 705 Caesar.
1352 676 1397 709 XI,
1428 684 1471 703 nr.
1495 675 1521 702 5.
1539 673 1599 701 Vid.
1616 674 1745 700 Lamhec.

953 724 1024 758 VIII,
1039 733 1066 760 p.
1086 724 1146 751 155.
1162 738 1197 743 —-
1226 722 1372 749 Florentiae
1385 721 1411 748 in
1432 720 1494 748 cod.
1515 719 1644 746 Laurent.
1663 717 1744 749 XVII.

955 780 997 798 nr.
1014 772 1044 798 51
1058 779 1065 802 ;
1077 769 1124 798 sed
1140 769 1177 796 ibi
1193 776 1278 796 sermo
1291 768 1318 794 in
1335 774 1474 794 occursum
1491 764 1601 791 Domini
1614 767 1641 791 et
1656 763 1703 791 Dei
1718 768 1746 791 et

954 817 979 845 J.
993 818 1058 844 Chr.
1070 816 1196 843 diversus
1209 818 1251 842 est
1266 814 1299 841 ab
1309 813 1393 844 edito,
1404 817 1431 840 et
1449 811 1544 846 incipit
1560 820 1566 838 :
1581 808 1646 845 Εἶχε
1662 809 1711 845 μὲν
1727 811 1744 845 ἡ

954 863 1008 890 τῶν
1033 862 1177 898 γενεθλίων
1195 861 1358 896 πανήγυρις,
1376 863 1430 886 etc.
1444 857 1477 884 ν.
1493 858 1570 892 plura
1588 857 1614 884 in
1628 855 1744 883 Bandini

955 910 1014 937 Cat.
1036 908 1114 936 codd.
1128 907 1176 935 Gr.
1194 907 1277 934 Laur.
1295 905 1315 938 l,
1332 913 1358 940 p.
1372 904 1435 931 .119.
1449 918 1484 924 -—
1497 903 1525 929 In
1543 901 1603 929 cod.
1629 901 1744 928 Tuurin.

957 954 1035 982 LXX.
1051 954 1097 981 fol.
1116 953 1168 980 543
1197 952 1261 987 (cat.
1293 950 1373 978 codd.
1405 948 1453 977 Gr.
1469 947 1554 975 'I‘aur.
1584 955 1643 982 pag.
1669 946 1744 980 167).

954 1001 1040 1028 HARL.
1299 1017 1303 1020 ι

989 1047 1033 1074 55.
1050 1045 1121 1080 Περὶ
1155 1044 1303 1077 θεότητος,
1321 1041 1358 1068 De
1385 1040 1483 1067 deitate
1498 1039 1565 1066 Filii
1588 1042 1612 1065 et
1629 1037 1744 1072 Spiritus

954 1091 1041 1119 sancti
1058 1095 1082 1117 et
1105 1090 1137 1117 de
1153 1089 1204 1123 ﬁde
1227 1086 1372 1114 Abrahami
1402 1085 1503 1119 (sermo
1522 1083 1612 1112 dictus
1630 1083 1658 1110 in
1680 1089 1746 1109 con-

955 1136 1018 1163 cilio
1028 1135 1110 1162 CPol.
1124 1134 1223 1161 a.Clir.
1233 1133 1297 1162 58⁸5,
1313 1136 1341 1158 ut
1351 1135 1473 1157 notatum
1489 1127 1666 1156 Tillemontio
1678 1131 1743 1153 tom.

955 1180 1000 1213 IX,
1017 1176 1199 1215 pag.586[f]).
1219 1185 1279 1212 pag.
1297 1175 1501 1205 896-910,cum
1522 1172 1643 1207 ejusdem
1657 1171 1745 1198 Silani

955 1226 1091 1256 versione,
1102 1224 1148 1259 qui
1163 1222 1289 1250 Grmceet
1306 1221 1366 1247 Lat.
1377 1219 1499 1247 ediderat
1507 1218 1603 1245 Colon.
1617 1216 1687 1244 1386
1700 1236 1708 1248 ,
1717 1216 1743 1243 8.

954 1270 1106 1306 Nyssenum
1127 1267 1174 1300 Εἰς
1193 1267 1238 1293 τὸν
1255 1266 1380 1302 Ἀϐραὰμ
1398 1265 1508 1292 laudant
1519 1263 1702 1290 Theodoritus
1717 1261 1745 1288 in

956 1314 1121 1347 Dial.,Joan.
1150 1313 1343 1343 Damascenus,
1358 1318 1378 1342 ι,
1396 1310 1434 1336 De
1452 1310 1562 1344 imagg.,
1575 1308 1711 1335 Adrianus
1723 1306 1744 1338 ι,

955 1369 1023 1396 papa
1035 1381 1042 1393 ,
1057 1361 1084 1387 in
1104 1360 1200 1394 epist.,
1212 1363 1238 1385 et
1252 1357 1397 1384 concilium
1413 1363 1433 1383 ιι
1447 1355 1548 1382 Nicazn.
1562 1357 1615 1381 act.
1636 1354 1663 1384 4.
1678 1357 1743 1380 tom.

956 1407 999 1438 Ill,
1013 1406 1083 1434 Binii
1096 1413 1158 1440 pag.
1179 1403 1240 1436 542,
1254 1407 1281 1430 et
1296 1402 1457 1437 Euthymius
1479 1401 1506 1428 in
1530 1399 1672 1433 Panoptia.
1688 1397 1746 1425 Ho—

955 1453 1028 1480 milia
1045 1452 1073 1479 in
1105 1449 1238 1478 Abraham
1252 1450 1276 1475 et
1293 1448 1372 1475 Isaac
1387 1447 1521 1474 Latineex
1538 1445 1650 1472 Achillis
1669 1443 1747 1471 Statii

955 1498 1080 1526 versione
1093 1497 1192 1532 prodiit
1213 1494 1324 1522 Lovanii
1349 1493 1427 1524 1551,
1450 1499 1503 1519 una
1520 1499 1582 1518 cum
1603 1491 1632 1517 S.
1658 1489 1747 1524 Chry-

115 1546 194 1582 gerii,
205 1546 341 1581 liujusquc
358 1546 430 1574 nolis
449 1545 624 1580 philologicis
638 1552 671 1572 ac
686 1545 862 1581 theologicis,
875 1546 903 1573 in
917 1562 939 1591 ο
954 1543 1068 1573 sostomi
1082 1541 1271 1577 explanatione
1280 1539 1354 1567 Orat.
1367 1538 1515 1566 Dominicae
1532 1541 1559 1564 et
1573 1536 1747 1564 sermonibus

116 1593 236 1620 tironum
253 1600 320 1620 usus
334 1592 488 1620 adornatis.
505 1591 616 1619 Dresdte
629 1591 708 1624 1628,
725 1592 751 1620 8.

150 1637 193 1665 50.
217 1637 334 1665 Homilia
345 1637 377 1670 V,
394 1637 440 1669 Et;
451 1636 500 1672 τὴν
513 1637 669 1673 φωτοφόρον
687 1636 734 1664 καὶ
747 1637 827 1671 ἁγίαν
840 1637 906 1664 ἀνά-

117 1692 221 1716 στασιν,
235 1683 269 1710 In
292 1683 470 1717 lumiuiferam
491 1688 516 1710 et
543 1687 665 1710 sanciunt
688 1683 904 1710 resurrectionem

119 1729 222 1758 Domini
235 1734 259 1756 et
270 1728 318 1756 Dei
334 1728 418 1756 nostri
432 1728 478 1764 (ο),
492 1735 551 1762 pag.
566 1727 695 1760 869-873,
707 1735 769 1755 cum
783 1728 906 1755 versione

119 1775 241 1803 cherici
260 1775 375 1802 Morelli.
398 1774 497 1808 Incipit
509 1784 515 1801 :
528 1774 681 1810 Εὐλογητὸς
693 1775 708 1801 ὁ
723 1774 799 1804 Θεός.
814 1775 906 1809 Εὐφη-

118 1822 257 1858 μήσωμεν.
289 1820 432 1847 Prodierat
459 1820 608 1854 separatim
639 1819 688 1847 Gr.
710 1810 780 1846 'cum
801 1819 905 1847 Illorclli

116 1868 240 1894 versione
254 1866 341 1893 Paris.
358 1865 440 1894 1600.
457 1865 484 1896 8,
509 1870 537 1892 et
563 1863 739 1891 Tillemontio
757 1869 787 1891 ut
811 1872 904 1892 rerum

116 1914 219 1945 inanis,
232 1914 269 1940 ita
286 1913 406 1940 recentis
429 1911 548 1938 Graeculi
571 1918 632 1938 esse
646 1911 757 1938 videtur
771 1915 839 1939 tom.
869 1910 907 1938 IX

117 1959 230 1987 Memor.
259 1958 351 1985 eccles.
375 1965 402 1993 p.
419 1957 482 1984 615.
715 1954 717 1956 ’

151 2006 195 2033 51.
216 2005 269 2038 Εἰς
283 2004 344 2038 τὴν
356 2003 521 2038 ἀνάληψιν,
541 2002 576 2031 1η
592 2003 773 2030 ascensionem
798 2001 907 2029 Domini

116 2052 201 2080 nostri
216 2051 282 2078 Iesu
305 2050 415 2082 Christi,
444 2058 505 2085 qua:
519 2049 577 2077 dies
605 2049 673 2077 l‘esta
697 2049 905 2084 Cappadocibus

116 2099 189 2126 dicta
205 2101 247 2126 est
261 2098 276 2134 ή
288 2097 477 2132 ὲπισωζομένη
496 2096 548 2133 (d).
568 2104 594 2132 p.
609 2096 739 2129 875-876,
767 2104 829 2125 cum
845 2105 906 2124 ver-

117 2143 194 2170 sione
208 2141 280 2170 Petri
295 2142 432 2169 Francisci
447 2141 517 2169 Zini.
535 2141 634 2176 Incipit
649 2151 655 2169 :
671 2141 713 2173 Ὧς
725 2141 828 2175 γλυκὺς
840 2150 906 2168 συν-

117 2189 236 2224 ἔμπορος
260 2188 307 2214 τοῦ
330 2188 500 2224 ἀνθρωπίνου
526 2187 585 2222 βίου
612 2188 626 2213 ὁ
651 2189 792 2223 προφήτης
814 2187 904 2215 Δαυῖδ.

116 2233 204 2270 Vertit
218 2239 245 2262 et
253 2233 336 2260 Laur.
355 2233 477 2261 Silanus.
509 2232 562 2260 Sed
577 2232 637 2259 Zini
658 2234 749 2259 versio
766 2233 849 2260 etiam
877 2233 905 2260 in
923 2241 945 2268 ι)

117 2279 255 2308 Breviario
271 2279 394 2306 Romano
419 2278 574 2314 prml‘ertur,
599 2282 629 2305 ut
650 2277 808 2306 Possevino
834 2277 912 2305 nota-

117 2329 186 2354 tum.
211 2325 294 2353 FABR.
311 2325 360 2354 Est
375 2326 401 2352 in
417 2324 440 2351 II
465 2325 546 2352 codd.
563 2324 652 2352 Paris.
667 2329 694 2352 et
707 2325 735 2351 in
750 2324 813 2352 cod.
829 2324 911 2351 LXXI

118 2371 230 2399 Taurin.
249 2371 335 2398 “ARL.

154 2418 194 2446 δί.
229 2419 280 2450 Εἰς
315 2417 372 2452 τὴν
403 2416 593 2449 ὑπαπαντήν,
628 2415 666 2443 De
690 2423 800 2443 occursu
818 2415 911 2442 Domi-

117 2463 156 2496 m',
171 2462 283 2496 Deipara
295 2466 319 2488 et
334 2462 404 2495 iusto
417 2462 537 2489 Simeone
551 2461 597 2497 (e),
620 2469 681 2496 pag.
698 2459 829 2492 876-896,
846 2466 908 2486 cum

116 2509 243 2536 versione
257 2507 338 2535 Laur.
354 2507 453 2534 Sil'ani.
474 2507 595 2541 Incipit:
626 2507 666 2542 Τῇ
697 2506 828 2541 φρονήσει
853 2504 908 2531 τῶν

117 2554 252 2590 οὐρανίων
266 2554 414 2589 μετέωρος.
430 2552 524 2580 Exstat
539 2556 567 2579 et
592 2552 687 2579 Latine
710 2550 781 2586 apud
797 2549 909 2577 Surium

117 2598 135 2626 2
154 2599 233 2630 Febr.
251 2599 441 2635 Metaphrastze
461 2598 665 2634 interpolatoris
684 2597 798 2633 vestigia
815 2597 841 2624 in
855 2597 907 2623 hac

118 2645 231 2673 humilia
256 2650 350 2673 notant
376 2646 426 2673 viri
447 2645 532 2674 docti.
554 2645 587 2672 Et
601 2653 617 2672 a
636 2644 706 2672 Lud.
724 2643 908 2671 Thomassino

118 2699 169 2727 pro
185 2692 367 2727 supposititiis
393 2692 529 2720 habentur
544 2699 641 2719 omnes
671 2691 709 2718 illi
735 2690 763 2718 in
791 2689 840 2726 τὴν
856 2689 910 2716 ὑπ-

155 2762 193 2798 (a)
215 2761 288 2789 Edit.
307 2770 331 2798 ιιἶ
347 2761 426 2794 1658,
439 2761 482 2794 Ill,
499 2771 561 2798 pag.
583 2762 645 2789 U6.

157 2798 194 2833 (lt)
215 2799 278 2832 Pag.
303 2797 365 2833 4‘15.

156 2834 191 2865 (el
214 2833 276 2868 Pag.
298 2832 359 2868 L57.

158 2868 197 2899 id)
217 2867 280 2900 Pag.
302 2867 364 2895 411.

958 1590 1046 1617 tribus
1059 1587 1089 1616 In
1099 1587 1216 1615 natalem
1222 1586 1339 1617 Domini,
1351 1584 1383 1612 In
1393 1588 1487 1612 sancta
1497 1583 1666 1617 Theapltania
1674 1586 1700 1609 et
1710 1581 1748 1608 De

959 1635 1057 1663 Doride
1063 1635 1198 1669 propheta,
1207 1638 1233 1661 et
1240 1633 1380 1660 Athanasii
1394 1631 1426 1659 In
1441 1638 1564 1666 magnam
1574 1637 1742 1664 parasceven,

959 1680 1142 1716 Amphilochii
1160 1679 1192 1707 In
1209 1680 1348 1707 sabbatum
1366 1683 1497 1710 sanctum,
1512 1674 1634 1711 Gregorii
1656 1674 1749 1700 Antio-

959 1727 1038 1755 cheni
1065 1726 1098 1753 In
1125 1727 1287 1759 sepulturam
1316 1728 1340 1751 et
1370 1722 1589 1750 resurrectionem
1617 1719 1748 1746 Domini:

961 1772 1106 1808 Soplironii
1120 1771 1152 1798 In
1165 1769 1351 1798 exultationem
1366 1772 1465 1795 sanatio
1482 1767 1567 1793 crucis
1580 1770 1604 1792 et
1619 1772 1750 1792 resurrec-

958 1822 1071 1852 tionem;
1083 1819 1175 1855 Cyrilli
1190 1819 1267 1846 Alex.
1287 1817 1320 1844 In
1332 1816 1487 1851 parabolam
1497 1815 1595 1845 vincte;
1612 1812 1750 1840 Anastasii

961 1866 1072 1894 Sinaita:
1085 1864 1121 1893 De
1137 1873 1216 1892 sacra
1230 1863 1336 1899 synaxi,
1348 1867 1375 1890 et
1393 1862 1430 1889 De
1444 1861 1552 1896 injuriis
1569 1858 1750 1889 remittendis;

960 1911 1090 1939 Marciani
1113 1910 1316 1938 Bethlchemitte
1346 1908 1508 1943 fragmento,
1539 1905 1603 1937 Nili,
1630 1904 1748 1935 abbatis.

959 1958 1083 1993 epistolis
1105 1956 1146 1988 Ill.
1158 1960 1186 1984 et
1200 1956 1271 1991 typis
1281 1954 1434 1990 epistolicis
1449 1951 1575 1987 anonymi
1588 1954 1614 1978 et
1632 1949 1750 1981 Libanii,

960 2012 1066 2032 necnon
1091 2004 1150 2030 loco
1170 2002 1203 2029 de
1219 2000 1360 2036 epistolica
1378 1999 1497 2025 dictione
1511 2005 1542 2024 cx
1562 1995 1690 2023 Demetrii
1719 1994 1752 2021 li-

959 2051 1010 2078 bro
1030 2050 1096 2084 [Ispi
1118 2047 1275 2084 ἑρμηνείας.
1295 2047 1390 2073 Exstat
1410 2048 1512 2072 etcum
1530 2041 1752 2077 interpretatione

960 2097 1054 2124 Joach.
1076 2093 1236 2125 Camerarii,
1261 2092 1359 2126 Lipsia:
1384 2090 1463 2121 1564,
1481 2089 1507 2121 8,
1521 2092 1547 2115 et
1569 2088 1666 2115 edente
1691 2085 1752 2112 Hie-

961 2141 1064 2170 sclielio
1086 2140 1189 2171 Grtcce,
1215 2139 1345 2173 Augusti:
1360 2135 1467 2162 Vindel.
1490 2133 1570 2164 159l,
1590 2132 1616 2159 8.
1633 2131 1749 2165 Incipit:

961 2185 1023 2215 Οἴόν
1046 2195 1072 2213 τι
1103 2185 1239 2220 πάσχουσι
1262 2183 1330 2219 πρὸς
1349 2182 1412 2213 τοὺς
1436 2179 1595 2210 πολυανθεῖς
1614 2177 1668 2203 τῶν
1694 2177 1751 2203 λει-

962 2233 1070 2270 μώνων.
1086 2232 1171 2259 Ἐλιικ.
1190 2230 1285 2258 Exstat
1301 2229 1328 2255 in
1341 2228 1461 2262 quinque
1483 2224 1563 2252 codd.
1581 2224 1647 2250 bibl.
1671 2222 1750 2249 Publ.

961 2279 1049 2307 Paris.
1067 2282 1094 2306 et
1121 2278 1149 2305 in
1169 2277 1230 2304 cod.
1245 2275 1360 2302 Taurin.
1377 2272 1470 2300 LXXI.
1494 2270 1527 2298 ν.
1547 2271 1607 2298 Cat.
1625 2269 1672 2296 cit.
1690 2277 1751 2303 pag.

962 2325 1123 2360 169.ζ11λιιι..

995 2372 1039 2399 51.
1062 2369 1240 2404 Ἐπιτάφιος,
1256 2368 1349 2396 Oratio
1365 2365 1482 2401 funebris
1497 2364 1523 2390 in
1536 2363 1657 2397 fratrem,
1675 2360 1753 2386 Itasi-

959 2416 1025 2442 lium
1044 2422 1183 2449 magnum,
1199 2413 1361 2440 defunctum
1374 2418 1399 2438 a.
1416 2409 1481 2436 (ηπ.
1496 2408 1558 2440 379,
1575 2407 1647 2434 dicta
1664 2405 1754 2432 Caesa-

958 2469 1010 2489 reae
1023 2461 1049 2487 in
1062 2461 1106 2488 die
1120 2460 1179 2494 ejus
1203 2458 1353 2486 meinoriali
1386 2457 1431 2493 [9],
1449 2452 1662 2490 pag.91|-930,
1691 2459 1753 2478 cum

959 2506 1087 2534 versione
1100 2505 1240 2532 Laurentii
1259 2503 1355 2531 Sil'ani.
1377 2501 1473 2536 Incipit
1487 2510 1494 2527 :
1511 2499 1604 2534 Καλὴν
1617 2497 1754 2532 ὲπὲῦηκεν

957 2553 972 2579 ὀ
980 2552 1047 2584 Θεὸς
1059 2552 1107 2587 τὴν
1117 2551 1204 2583 τάξιν.
1215 2550 1347 2577 Memorat
1355 2546 1561 2583 Amphilochius
1576 2545 1603 2571 in
1616 2544 1646 2572 S.
1657 2543 1755 2570 Basilii

962 2597 1033 2626 Vita.
1050 2597 1110 2633 [Est
1127 2598 1154 2625 iu
1170 2596 1203 2623 III
1216 2595 1295 2624 codd.
1308 2594 1411 2630 Paris.]

994 2645 1038 2672 55.
1071 2644 1244 2679 Ἐγκώμιον,
1267 2642 1338 2669 Laus
1351 2646 1505 2670 sanctorum
1522 2638 1570 2666 XL
1604 2641 1753 2672 martyrum

967 2691 1182 2724 Sebastenorum,
1208 2689 1328 2718 homiliis
1344 2689 1376 2721 II,
1398 2693 1515 2724 quarum
1539 2685 1615 2721 prior
1635 2682 1752 2717 incipit:

1003 2760 1039 2795 (ei
1051 2760 1113 2796 Pag.
1130 2760 1191 2796 Hi.

1004 2796 1043 2832 (ν)
1055 2795 1122 2832 ρης.
1136 2795 1197 2832 49.4-

1003 2830 1038 2867 (ῃ)
1053 2830 1107 2866 Pag
1133 2830 1195 2857 479.
