1976 3077
238 108 272 138 55
849 106 987 134 NOTITIA
1008 105 1052 133 EX
1080 104 1248 133 FABRIGIO.
1832 100 1870 130 56

238 176 268 198 ut
282 171 398 202 videtur,
416 169 510 205 Nyssa:
524 170 550 196 in
567 177 661 196 eorum
676 168 817 203 martyrio,
836 167 893 194 sive
910 165 1019 200 templo,
1035 169 1059 197 Α
1076 168 1170 200 postea
1186 164 1324 193 recensuit
1335 164 1466 191 Lambec.
1479 163 1505 190 in
1519 163 1571 190 vol.
1587 161 1654 195 VIII,
1670 169 1730 198 pag.
1743 162 1795 190 155
1805 170 1867 198 sqq-

239 223 266 245 et
281 210 342 244 cum
361 216 418 244 .lac.
445 216 566 244 Gretseri
591 215 718 243 versione
740 222 813 242 nunc
828 214 946 249 primum
967 213 1026 240 edi-

239 267 266 290 ta
278 263 326 298 (τι).
344 261 441 296 Incipit
454 269 461 287 :
474 263 505 288 Οἱ
518 262 568 297 μὲν
581 260 689 287 ὁπλῖται
710 259 862 295 Ῥωμαίων.
877 259 943 286 Duae
955 257 1027 294 prio-

239 315 283 335 res
296 307 416 334 humilia:
431 314 524 342 supra,
540 314 583 333 nr.
596 306 641 333 55.

275 364 320 391 70.
339 363 439 391 Contra
451 372 494 390 eos
524 363 567 397 qui
582 362 707 396 diﬂ’arunt
726 361 886 396 baptismum
904 359 952 396 (ὓ),
966 366 1027 386 cum

240 410 367 437 versione
383 408 509 436 Genliani
534 408 655 435 llervcti.
682 408 779 442 Incipit
800 417 805 434 :
824 407 856 432 Ol.
873 405 922 440 τῆς
939 406 1029 431 οἰκου-

242 456 326 490 μένης
338 455 438 490 ταύτης
450 454 577 489 βασιλεῖς.
592 454 686 481 Latine
695 453 752 488 jam
763 452 814 480 fuit
823 459 917 487 supra,
929 459 972 477 nr.
981 450 1026 477 21.

242 500 285 536 [ν.
307 500 468 528 Sclirmckh.
485 508 511 535 μ.
528 500 577 527 117
591 499 664 536 sqq.]

277 556 322 583 71.
337 557 417 583 Κατά
435 555 616 588 τοκιζόντων,
633 555 737 583 Contra
755 555 903 587 usurarios,
920 546 978 581 sive
994 552 1030 586 fe-

242 607 386 634 neratores,
404 609 465 629 cum
478 602 602 629 versione
619 601 678 628 Jac.
697 601 819 628 Gretseri
835 599 883 635 (c).
908 598 1005 633 Incipit
1020 607 1028 625 :

243 649 304 674 Τῶν
325 647 477 683 φιλαρέτων
493 647 654 683 ἀνθρώπων.
672 646 768 673 Latine
787 646 843 680 jam
860 644 912 672 fuit
936 651 1029 678 supra,

242 701 286 720 nr.
299 693 343 720 26.
357 693 463 720 Laudat
479 693 507 720 S.
527 690 657 720 Basilium
671 696 698 719 et
718 700 779 727 qua:
796 692 841 718 ille
851 692 878 718 in
891 690 1030 718 Psalmum

242 747 297 769 xtv.
313 743 408 765 contra
422 739 588 766 feneratores
602 739 762 773 scripserat.

278 795 320 821 72.
340 795 377 821 De
398 794 555 828 pauperibus
570 798 595 820 et
614 793 794 827 beneﬁcentia,
807 792 875 826 Περὶ
885 793 1029 826 εὐποιτας,

242 847 304 867 cum
328 839 387 866 Zini
404 839 529 866 versione
545 839 594 873 (tl).
619 838 715 873 Incipit
729 847 736 865 :
763 837 791 864 '0
806 838 855 873 τῆς
871 837 1032 872 Ἐκκλησίας
1048 838 1070 867 Β

241 885 344 920 ταύτης
369 884 509 920 πρόεδρος.
530 884 626 911 Latine
646 884 702 918 jam
728 883 778 910 fuit
797 891 890 918 supra,
914 891 958 910 nr.
984 883 1030 916 21,

243 929 348 963 Gru‘ce,
366 930 457 956 addita
475 929 536 956 Zini
555 929 792 964 inlerpretatione,
809 929 914 963 primus
938 929 1032 963 vulga-

243 977 277 1004 vil
300 976 457 1008 Gretserus,
471 983 486 1003 e
503 972 753 1006 codice'Ctesareo,
768 974 848 1009 cujus
867 973 1033 1009 Seb.Teng—

243 1023 367 1057 nagelius
394 1022 445 1057 ipsi
460 1022 567 1056 copiam
583 1020 657 1052 fecit,
686 1027 711 1047 a.
735 1020 814 1050 1617,
835 1020 983 1055 lngolstad.
1004 1020 1030 1052 1,

243 1069 276 1096 ad
295 1069 397 1095 calcem
409 1067 593 1101 Quaestionum
611 1066 751 1102 Anastasii
766 1066 890 1092 Sinaitze.

278 1115 322 1141 73.
350 1114 381 1140 In
403 1114 561 1147 principium
582 1112 1030 1147 jejuniorum,Elcnapelaﬁacrw

243 1158 399 1192 νηστειῶν,
409 1165 470 1184 cum
486 1157 613 1184 versione
627 1156 685 1184 Jac.
711 1156 843 1188 GreiSeri,
865 1156 910 1190 qui
930 1157 1033 1190 prinius

243 1208 358 1238 utraque
378 1203 469 1238 lingua
483 1203 566 1230 edidit
584 1202 732 1238 lngolstad.
748 1202 827 1233 1517,
848 1203 864 1230 4
888 1202 935 1238 (e).
961 1201 1033 1228 Inci-

244 1250 298 1284 pit:
314 1249 443 1276 Σύνθετον
455 1248 523 1280 ζῶον
534 1249 547 1274 ὁ
560 1248 712 1284 ἄνθρωπος.
727 1247 789 1275 llam
801 1247 912 1274 homilia
927 1247 1035 1274 Asterio

243 1296 380 1322 Amaseno
402 1294 533 1321 tribuitur
557 1300 572 1320 a
591 1292 698 1326 Photio,
724 1293 770 1328 qui
800 1292 923 1320 nonnihil
947 1300 980 1320 ex
1003 1299 1034 1319 ea

243 1339 322 1366 all‘crt
336 1339 397 1366 cod.
416 1338 551 1366 CCLXXI.
571 1337 611 1374 [In
634 1338 695 1365 cod.
717 1337 844 1365 Laurent.
862 1336 957 1369 XXVI,
981 1345 1024 1364 nr.

247 1384 292 1415 14,
312 1384 382 1418 plut.
400 1383 426 1410 7.
445 1383 478 1410 ν.
495 1383 611 1410 Bandin.
628 1383 648 1415 Ι,
664 1391 691 1418 p.
708 1384 771 1417 279,
789 1384 815 1411 in
837 1384 857 1410 Il
887 1383 967 1411 codd.
982 1383 1034 1410 Pa-

244 1428 338 1461 ris.,in
352 1427 413 1456 cod.
429 1427 542 1456 Taurin.
558 1427 650 1456 LXXI.
667 1427 769 1464 Hann]

280 1472 323 1500 71.
348 1472 447 1501 Contra
467 1473 637 1507 fornicarios,
666 1474 722 1500 sive
746 1473 773 1500 in
794 1472 861 1500 illud
875 1472 998 1507 Apostoli
1020 1472 1028 1498 I

1079 211 1143 238 etin
1156 218 1220 246 quo,
1233 211 1270 238 ibi
1280 212 1341 237 cod.
1351 209 1375 236 Χ
1387 213 1540 242 numerato,
1552 208 1627 235 varia
1635 212 1700 236 sunt
1710 208 1781 235 Max.
1790 207 1868 236 Plan.

1079 257 1222 291 opuscula,
1236 257 1262 283 in
1274 257 1317 284 his
1325 264 1367 283 nr.
1381 255 1407 287 5,
1421 258 1571 283 memorata
1582 254 1680 287 oratio,
1689 253 1868 288 cujuscliam,

1079 302 1131 329 sub
1147 301 1215 328 Max.
1232 301 1312 328 Plan.
1330 301 1461 334 nomine,
1479 300 1602 327 meminit
1626 300 1682 326 Leo
1702 299 1818 327 Allatius
1841 300 1869 327 in

1080 347 1196 374 diatriba
1214 347 1248 374 de
1265 347 1433 382 Symconum
1449 345 1558 384 scriptis
1577 352 1638 380 pag.
1657 345 1702 378 87,
1721 345 1783 372 add.
1801 344 1870 373 Nes-

1080 395 1139 422 selli
1156 398 1209 422 cat.
1227 394 1307 421 codd.
1322 393 1424 421 Cmsar.
1441 397 1511 427 part.
1529 400 1555 424 ι,
1572 400 1599 426 p.
1615 392 1666 419 536
1677 412 1684 423 ,
1701 396 1728 419 et
1743 395 1814 427 part.
1830 399 1871 422 iv.

1080 448 1141 476 pag.
1157 440 1208 467 138
1218 459 1225 472 ,
1239 440 1316 466 codd.
1332 438 1469 467 CCLXIX.
1486 453 1519 458 —
1531 437 1590 465 Sub
1602 437 1710 464 Maximi
1726 437 1805 464 Plan.
1819 445 1872 464 no-

1081 487 1152 512 mine
1165 488 1256 512 exstat
1269 492 1376 519 quoque
1391 484 1418 510 in
1434 483 1494 510 cod.
1518 483 1650 510 Laurent.
1671 482 1742 509 XXII
1753 503 1760 514 ,
1777 490 1819 510 nr.
1837 483 1871 515 5.

1080 530 1148 564 plut.
1166 530 1209 558 56.
1229 529 1259 556 V.
1277 529 1393 557 Bandin.
1408 529 1468 556 Cat.
1487 529 1572 556 codd.
1591 528 1637 556 Gr.
1653 527 1734 555 Laur.
1752 528 1790 559 Il,
1805 536 1869 563 pag.

1079 575 1143 603 527.
1155 574 1222 602 Add.
1239 575 1310 602 infra
1324 575 1377 602 vol.
1397 574 1437 606 Χ,
1454 582 1515 609 pag.
1531 574 1584 601 534
1595 594 1603 606 ,
1620 581 1662 600 ur.
1683 573 1728 600 14.
1744 573 1834 601 Hau.

1115 621 1160 648 76.
1176 620 1312 654 Expositio
1323 620 1427 647 Cantici
1442 620 1616 651 canticorum,
1631 627 1677 652 per
1693 619 1870 652 parapltrasin

1081 667 1202 698 collecta,
1227 675 1261 693 ex
1284 666 1334 693 SS.
1357 665 1479 701 Gregorii
1496 665 1623 701 Nysseni,
1649 665 1702 692 Nili
1716 670 1743 693 et
1759 666 1870 692 Maximi

1081 711 1298 744 commentariis,
1315 711 1407 738 Grazcc
1420 718 1481 738 cum
1494 710 1718 739 Petri.Francisci
1734 710 1794 738 Zini
1809 717 1871 737 ver-

1082 756 1159 784 sione
1170 756 1268 791 lcgitur
1279 759 1344 783 tom.
1355 755 1514 786 ILAuctarii
1530 755 1600 782 Bibl.
1608 755 1719 782 Patrum
1733 755 1870 786 Ducazani,

1082 800 1170 829 Paris.
1189 801 1268 833 1624,
1285 805 1311 828 et
1326 800 1353 827 in
1366 800 1528 827 Bibliotheca
1544 800 1669 833 Patrum,
1688 800 1773 827 Paris.
1791 799 1868 831 1651,
1896 830 1901 833 _

1085 853 1149 875 tom.
1163 847 1232 879 XIII,
1253 855 1305 874 ms.
1322 846 1415 874 Grazcc
1437 852 1499 881 post
1513 841 1709 874 Tlieodoritum
1727 846 1754 872 in
1776 844 1870 873 Canti-

1083 902 1142 920 cum
1173 894 1337 920 canticorum
1370 893 1398 919 in
1435 893 1530 920 codice
1564 892 1715 927 tlieologico
1745 891 1871 919 Caesareo

1083 937 1218 965 CCCXIII.
1248 937 1331 964 FABu.
1347 952 1383 957 —
1399 937 1527 964 Monach.-
1556 937 1583 964 in
1609 937 1670 964 cod.
1696 936 1815 963 XXXIX.
1837 935 1870 963 ν.

1083 988 1135 1010 cat.
1155 982 1201 1010 Gr.
1225 982 1306 1009 codd.
1335 982 1430 1009 Bavar.
1457 991 1484 1018 p.
1506 983 1550 1010 10.
1564 999 1597 1004 —
1612 982 1691 1010 Conf.
1720 982 1781 1010 cod.
1802 981 1870 1014 LVI,

1082 1028 1183 1055 Czcsar.
1211 1032 1237 1055 et
1252 1028 1285 1055 de
1306 1029 1353 1055 illo
1375 1027 1502 1055 Lambec.
1521 1036 1620 1056 comm.
1646 1027 1691 1060 III,
1718 1036 1745 1063 ρ.
1759 1028 1823 1058 212,
1840 1035 1872 1055 ae

1083 1074 1110 1102 in
1130 1075 1182 1102 hoc
1204 1075 1258 1101 vol.
1283 1082 1309 1109 p.
1330 1075 1383 1102 285
1402 1082 1444 1110 sq.
1469 1083 1512 1102 nr.
1529 1075 1556 1108 5,
1572 1083 1604 1102 ac
1617 1082 1678 1110 pag.
1696 1074 1731 1102 96
1759 1075 1810 1102 sub
1825 1075 1871 1102 lin.

1085 1121 1171 1148 IIARL.

1120 1187 1163 1214 77.
1186 1186 1307 1221 Epistola
1319 1186 1353 1213 ad
1364 1186 1521 1222 angrium,
1538 1186 1706 1218 monachum,
1724 1185 1790 1213 latet
1801 1186 1873 1213 inter

1083 1233 1224 1260 orationes
1249 1232 1425 1266 Nazianzeni,
1451 1241 1566 1261 numero
1583 1233 1663 1267 XLV,
1688 1233 1734 1261 sed
1753 1233 1871 1269 Nysseni

1083 1287 1145 1307 esse
1157 1280 1277 1311 videtur,
1294 1279 1425 1314 quoniam
1442 1279 1470 1305 in
1485 1286 1518 1307 ea
1533 1279 1672 1314 leguntur,
1690 1287 1752 1314 qua:
1768 1278 1872 1314 Euthy-

1084 1327 1155 1353 mius
1171 1327 1198 1354 in
1214 1325 1347 1359 Panoplia
1363 1325 1442 1353 affert
1459 1333 1491 1353 ex
1509 1325 1634 1361 Nysseno
1649 1325 1716 1361 πρὸς
1739 1325 1872 1360 Εὐάγριον

1085 1372 1200 1408 μόναχον
1211 1373 1275 1407 περὶ
1287 1372 1428 1407 Θεότητος,
1445 1376 1472 1399 et
1485 1372 1537 1399 sub
1552 1371 1604 1398 hoc
1618 1371 1698 1398 titulo
1712 1371 1833 1398 occurrit
1844 1371 1871 1397 in

1083 1418 1168 1445 variis
1195 1417 1276 1445 codd.
1299 1425 1367 1445 mss.
1393 1421 1424 1445 ut
1448 1418 1574 1445 Caesareo
1603 1417 1698 1444 Graeco
1717 1416 1871 1451 theologico

1085 1464 1154 1492 XLII
1171 1465 1217 1500 (ῃ).
1244 1464 1347 1492 Confer
1368 1471 1430 1499 qua
1452 1471 1536 1498 supra
1558 1463 1585 1490 in
1606 1461 1779 1490 Nazianzeno
1805 1461 1870 1488 dixi.

243 1518 308 1545 Cor.
324 1526 361 1550 γι,
379 1519 420 1550 18,
433 1518 484 1551 Qui
500 1519 659 1552 fornicatur,
672 1519 698 1545 in
713 1518 848 1553 proprium
863 1526 957 1552 corpus
972 1526 1032 1552 pec-
1045 1511 1066 1539 C
1082 1510 1156 1538 Idem
1176 1511 1316 1546 Ενίιενίιιες
1339 1518 1400 1546 qua?
1413 1518 1428 1537 ³
1441 1509 1571 1545 θτεὲοτίο
1588 1509 1622 1536 de
1633 1513 1753 1543 (Ιυεῑυοτ
1767 1507 1874 1535 mei-

244 1570 287 1592 cat
301 1565 346 1600 if).
359 1574 421 1592 cum
443 1566 567 1593 versione
579 1566 705 1592 Genliani
723 1565 842 1593 Herveti.
854 1565 951 1600 Incipit
965 1566 1032 1593 εΦο-

245 1610 312 1647 ϐερὰ
325 1611 375 1646 τῆς
394 1611 573 1647 ἀποστολικῆς
590 1611 776 1648 παραγγελίας
787 1612 817 1646 ⁷ἡ
837 1611 964 1646 σάλπιγξ.
982 1611 1033 1639 La-

245 1657 302 1684 tine
321 1657 376 1691 jam
389 1657 438 1684 fuit
452 1664 534 1692 supra
551 1665 594 1684 nr.
605 1657 650 1684 22.
666 1656 758 1684 Grmce
773 1658 877 1692 primus
889 1665 949 1684 cum
966 1657 1033 1685 Her-

244 1701 299 1729 veti
329 1702 458 1729 versione
472 1702 559 1729 edidit
574 1702 732 1731 Grelserus.
747 1703 895 1738 Ingolstad.
914 1703 992 1736 1617,
1003 1703 1031 1731 II.

245 1746 384 1774 Lacunam
399 1755 430 1775 ex
442 1747 537 1775 codice
547 1747 642 1775 Graeco
653 1748 786 1775 Vaticano
797 1749 933 1783 supplevit
950 1748 1031 1775 Laur.

245 1793 423 1828 Zaccagnius,
446 1793 472 1821 in
504 1793 676 1821 Collectancis
699 1799 926 1822 monumentorum
953 1799 1032 1822 vete-

245 1845 316 1869 rum,
338 1838 417 1866 Rom.
436 1838 516 1872 1698,
534 1839 561 1872 4,
579 1847 606 1874 p.
625 1839 688 1866 553.

280 1883 313 1911 ν.
332 1883 364 1910 In
380 1889 474 1911 neutra
492 1884 606 1912 editione
629 1884 834 1913 Graeco-Latina
851 1885 997 1912 habentur:

280 1927 424 1960 Praeterea.
443 1937 504 1964 quae
518 1937 580 1957 cum
594 1930 722 1958 referrem
736 1930 820 1964 e‘dita,
835 1931 915 1959 simul
931 1938 1034 1959 memo-

245 1973 314 2005 ravi,
331 1981 373 2000 nr.
395 1974 420 2006 7,
442 1975 485 2007 15,
502 1975 547 2009 25,
562 1975 607 2009 27,
622 1976 656 2003 58
672 1981 698 2004 et
714 1977 756 2004 71.

280 2025 326 2053 75.
357 2025 391 2052 In
409 2025 519 2054 Petrum
542 2032 567 2054 et
608 2028 731 2057 Paulum.
763 2029 880 2057 Homilia
917 2031 1034 2066 longior,

246 2078 328 2106 quant
339 2079 372 2099 ex
384 2080 436 2100 ms.
449 2071 573 2100 Ctesareo
584 2082 645 2102 cum
661 2077 788 2104 versione
799 2084 849 2104 sua
864 2077 947 2104 edidit
957 2077 1037 2105 Jaco-

247 2117 299 2145 bus
310 2116 456 2146 Gretserus
468 2119 615 2155 Ingolstad.
629 2121 707 2154 1620,
725 2122 750 2149 8.
764 2123 911 2156 Incertum,
921 2130 955 2149 an
970 2123 1038 2159 Nys-

1084 1556 1135 1584 bus
1150 1556 1338 1584 cardinalibus
1353 1556 1489 1587 didicerit,
1514 1555 1607 1583 retulit
1622 1555 1649 1581 in
1670 1553 1720 1582 s'uo
1738 1554 1872 1586 Gnostico,

1083 1609 1099 1629 e
1121 1609 1175 1636 quo
1205 1601 1334 1628 Socrates
1359 1608 1396 1633 ιν,
1424 1600 1478 1627 23:
1501 1600 1544 1626 Ἐν
1558 1598 1598 1631 τῷ
1611 1598 1771 1631 Γνωστικῷ
1790 1597 1872 1625 αὐτοῦ

1084 1646 1241 1681 (Εὑάγριος)
1257 1644 1370 1671 τοιαῦτά
1389 1650 1466 1679 (mor
1481 1643 1623 1679 Τέσσαρας
1639 1643 1738 1678 ἀρετὰς
1761 1643 1807 1669 καὶ
1823 1641 1873 1673 τὰς

1060 1690 1070 1695 ’
1084 1692 1200 1727 θεωρίας
1226 1691 1315 1718 αὐτῶν
1338 1690 1413 1726 παρὰ
1425 1690 1472 1716 τοῦ
1493 1690 1599 1717 δικαίου
1617 1689 1767 1725 Γρηγορὶου
1786 1697 1874 1725 μεμαο

1085 1738 1209 1780 Θήκᾳμεν
1227 1735 1308 1768 εἶναι,
1327 1736 1467 1772 φρόνησιν,
1481 1739 1535 1763 etc.

1119 1801 1164 1828 78.
1174 1799 1390 1835 Ἀντιρῤητικὸς
1403 1799 1477 1833 πρὸς
1487 1798 1523 1826 τὰ
1539 1798 1773 1833 Ἀπολλιναρίου,
1781 1797 1875 1825 Antir—

1085 1847 1198 1875 rheticus
1211 1847 1336 1874 adversus
1350 1845 1543 1880 Apollinarem.
1560 1843 1673 1880 Incipit:
1686 1844 1774 1871 Καλὸν
1783 1843 1816 1871 ἂν
1827 1842 1874 1878 γέ-

1086 1902 1157 1921 νοιτο
1178 1893 1320 1929 προοίμιον
1340 1893 1417 1927 ἡμῖν,
1441 1891 1551 1927 Insigne
1571 1891 1622 1917 hoc
1642 1897 1710 1924 opus
1727 1897 1742 1916 a
1759 1888 1874 1916 LeoutIo

1087 1939 1151 1975 Byz.
1167 1938 1289 1974 invariis
1303 1938 1426 1973 scriptis,
1441 1945 1455 1964 a
1468 1937 1546 1964 Joan.
1559 1936 1726 1964 Damasceno
1736 1939 1763 1963 et
1773 1934 1876 1970 Euthy-

1087 1986 1151 2018 mio,
1169 1992 1277 2012 necnon
1292 1985 1319 2011 in
1339 1984 1410 2011 actis
1428 1988 1511 2010 sextae
1535 1982 1634 2018 synodi
1655 1982 1763 2009 actione
1777 1981 1802 2008 Χ
1815 1981 1876 2007 lau-

1086 2032 1190 2063 datum,
1218 2036 1454 2065 memoratumque
1478 2029 1630 2064 Nic-ephoro
1657 2024 1705 2060 xl,
1727 2029 1771 2061 19,
1785 2027 1874 2060 .Ilist.,

1087 2077 1192 2112 primus
1207 2084 1240 2104 ex
1257 2076 1353 2104 codice
1375 2075 1515 2106 Vaticano.
1532 2074 1583 2101 700
1603 2073 1713 2100 circiter
1728 2079 1875 2102 annorum,

1087 2124 1206 2159 vulgavit
1221 2131 1283 2150 cum
1304 2122 1430 2150 versione
1447 2128 1496 2148 sua
1518 2120 1646 2155 notisque
1666 2118 1748 2145 Laur.
1775 2117 1877 2145 Zacca-

248 2165 305 2192 seni
325 2165 369 2192 sit.
384 2164 468 2193 Faan.
484 2166 532 2194 Est
543 2166 651 2194 Maximi
667 2167 806 2200 Planudae,
824 2172 852 2195 ut
869 2168 923 2195 late
943 2169 1035 2196 docuit
1052 2170 1177 2204 Dgnius,
1195 2169 1221 2195 in
1239 2168 1410 2195 Collectaneis
1428 2170 1619 2193 monumentor.
1639 2169 1767 2196 veterum,
1793 2164 1875 2190 Ilion].

247 2209 375 2239 Lambec.
385 2211 411 2238 in
423 2211 529 2241 Comm.
542 2212 596 2240 vol.
608 2212 653 2243 IV.
667 2221 693 2248 p.
711 2213 762 2240 119
776 2221 836 2248 sqq.
853 2213 887 2241 de
895 2214 958 2241 cod.
968 2214 1037 2245 CIX.

247 2255 349 2284 Caesar.
364 2257 392 2283 in
406 2265 461 2290 quo
474 2263 518 2284 nr.
540 2258 584 2289 12,
597 2259 642 2285 illa
658 2259 757 2290 oratio,
773 2259 908 2294 principio
926 2261 1035 2291 mutila.

247 2300 379 2336 Gregorio
395 2301 474 2338 Nyss.
491 2304 648 2337 ascribitur,
663 2308 689 2331 et
706 2312 738 2331 ex
753 2312 806 2339 quo
826 2304 982 2337 Gretserus,
1002 2314 1035 2334 ex

248 2347 328 2380 cujus
349 2347 454 2382 praefat.
477 2348 606 2376 Lambec.
632 2349 741 2384 longum
768 2351 906 2384 excerpsit
927 2351 1034 2383 locum,

249 2391 322 2418 illam
337 2392 422 2419 edidit
438 2393 599 2421 oralionem.
619 2394 671 2422 Sed
684 2394 811 2423 Lambec.
830 2395 1035 2428 animadvertit,

248 2437 276 2464 in
289 2437 354 2466 bibl.
367 2438 423 2466 duo
434 2440 579 2467 memorari
595 2441 705 2469 codices
719 2442 820 2470 Casar.
836 2449 951 2477 quorum
968 2441 1038 2469 alter

249 2483 321 2519 inter
332 2484 413 2512 codd.
427 2485 525 2513 liistor.
543 2485 590 2514 Gr.
608 2487 690 2514 etiam
705 2487 825 2515 continet
838 2487 906 2515 duas
925 2486 1036 2514 Maximi

250 2529 380 2559 Planudis
391 2535 486 2564 oralt.,
498 2532 526 2559 in
541 2532 584 2560 his
598 2537 668 2560 orat.
681 2534 709 2561 in
723 2533 857 2568 apostolos
887 2532 995 2560 Petrum
1011 2537 1037 2559 et

249 2577 386 2610 Paulum;
404 2579 484 2611 alter,
501 2579 566 2606 olim
581 2588 636 2612 ut,
654 2581 725 2608 inter
735 2581 815 2608 codd.
830 2579 938 2615 pliilol..
954 2588 1035 2615 quem

285 2667 324 2705 (a)
337 2667 408 2705 ξειη.
423 2675 454 2705 δη
466 2668 545 2703 mss,
561 2674 628 2698 tom.
643 2669 676 2702 ιι,
691 2677 752 2705 pag.
768 2669 831 2697 eos.

284 2703 323 2736 (ὁ)
342 2703 406 2738 Pug.
423 2703 486 2732 225.

297 2740 321 2767 ε)
339 2738 403 2773 Pag.
421 2739 481 2766 111.

297 2773 324 2808 ά)
340 2773 403 2808 Pag.
418 2773 481 2801 255.

285 2808 320 2845 te)
337 2809 403 2844 Pag.
420 2808 483 2836 217.

1093 2214 1172 2246 1698,
1188 2215 1215 2246 4,
1230 2222 1258 2250 p.
1277 2213 1405 2242 125—287.
1420 2212 1521 2240 Confer
1541 2219 1636 2247 supra,
1660 2219 1702 2238 nr.
1722 2211 1765 2241 15.
1781 2209 1827 2236 ubi
1843 2209 1877 2236 de

1088 2260 1248 2296 fragmentis
1261 2264 1325 2288 ante
1342 2259 1424 2287 editis
1443 2258 1559 2294 Nysseni
1573 2262 1666 2285 contra
1682 2257 1875 2291 Apollinarem.

1088 2305 1172 2333 Faan.
1189 2305 1357 2341 Zaccagnius
1373 2305 1391 2332 l.
1408 2313 1431 2332 c.
1446 2313 1472 2340 p.
1487 2305 1542 2338 121
1567 2312 1609 2338 sq.
1626 2303 1736 2338 collegit
1755 2301 1878 2329 testimo-

1089 2352 1134 2379 nia
1158 2352 1191 2379 de
1211 2352 1257 2379 illo
1273 2350 1388 2387 Nysseiii
1416 2350 1614 2381 Antirrhetico,
1642 2354 1724 2383 atque
1748 2348 1775 2375 in
1800 2347 1876 2382 praef.

1090 2406 1151 2434 pag.
1172 2399 1205 2425 18
1232 2406 1293 2433 sqq.
1310 2398 1480 2425 demonstrat
1496 2397 1628 2432 primum,
1647 2403 1716 2430 opus
1732 2394 1798 2422 illud
1816 2395 1878 2421 esse

1090 2443 1237 2478 genuinum
1253 2443 1366 2479 Nysseni
1382 2443 1483 2476 fetum;
1508 2448 1574 2470 tunr
1584 2442 1698 2477 inquirit
1715 2442 1742 2468 in
1758 2445 1877 2475 tempus,

1091 2495 1145 2523 quo
1155 2488 1220 2515 illud
1230 2487 1280 2515 fuit
1289 2492 1441 2520 exaratum,
1449 2493 1475 2515 et
1484 2489 1638 2523 suspicatur
1646 2488 1782 2522 latiusque
1790 2490 1880 2514 osten-

1091 2533 1131 2560 dit
1145 2534 1249 2561 editum
1278 2533 1363 2561 fuisse
1379 2541 1394 2560 a
1409 2532 1535 2568 Nysseno
1550 2533 1640 2561 medio
1658 2537 1782 2567 tempore
1807 2531 1879 2559 inter

1091 2587 1192 2607 annum
1214 2579 1277 2613 575,
1300 2583 1328 2607 et
1347 2579 1681 2614 Constantinopolitanam
1704 2576 1876 2612 isynodum,

1125 2669 1158 2702 if)
1172 2667 1237 2703 Pag.
1248 2668 1310 2695 260.
1805 2697 1812 2702 ,

1125 2705 1160 2738 (gl
1178 2704 1206 2730 In
1230 2704 1293 2738 cod.
1316 2704 1418 2738 Caesar.
1441 2701 1559 2738 LXXIX.
1585 2709 1628 2729 nr.
1651 2701 1685 2738 ξ.
1699 2702 1751 2738 sub
1768 2700 1879 2738 nomine

1089 2736 1212 2770 Gregorii
1230 2737 1525 2773 Nazianz.Videsupra
1537 2736 1564 2762 in
1585 2737 1639 2764 vol.
1655 2736 1723 2769 Vlll,
1753 2745 1779 2771 Ρ.
1813 2736 1877 2764 HI.

1090 2773 1206 2844 “‘(llll'ln
1220 2808 1278 2836 cod.
1296 2807 1376 2836 Laur.
1396 2808 1443 2835 καὶ
1459 2809 1534 2836 ποῖον
1547 2807 1642 2836 τοῦτον
1655 2807 1745 2839 ἄνθος.
1779 2815 1805 2835 υ.
