1976 3077
132 105 163 129 37
615 122 618 123 ν
747 107 890 135 ΝΟΤΙΤΙᾹ

979 108 1149 140 FABRICIO.
1435 138 1438 142 .
1729 123 1762 149 53

127 165 193 187 ante
224 163 422 190 ecumcnicam
466 172 484 191 ιι
514 165 650 200 synodum
675 170 702 193 ct
731 171 793 194 ante
819 168 922 195 obitum
938 169 961 197 Α
975 168 1055 205 Nyss.
1069 179 1122 206 qua
1137 172 1210 200 hunc
1222 173 1341 202 vindicat
1360 182 1456 205 contra
1476 186 1533 211 eos,
1550 179 1596 214 qui
1613 179 1703 215 ipsum
1720 181 1764 208 iu-

130 207 311 242 Apollinaris:
333 217 396 244 pag.
419 209 450 237 2|
471 218 557 245 usque
577 212 611 238 ad
634 219 695 247 pag.
719 212 750 239 41
768 214 921 241 doctrinam

129 253 287 288 placitaque
307 254 424 290 Nysseni
448 258 571 291 qua-dam
598 258 727 292 explicat,
755 263 781 285 ct
806 259 922 287 liberare

129 300 222 326 studet
243 308 305 327 eum
320 308 335 327 a
354 302 469 329 crimine
495 302 688 334 heterodoxizn,
710 311 792 338 quam
808 308 917 338 vocant,

128 344 239 379 agitque
257 345 290 372 de
313 346 438 381 reliquis,
465 355 534 382 quos
554 347 647 381 edidit,
674 347 789 384 Nysseni
807 350 916 378 libellis.

130 390 183 418 Sed
200 398 330 426 compara
346 392 508 420 Schroackh.
531 394 550 423 Ι.
575 401 600 421 c.
622 403 683 429 pag.
697 395 731 422 69
744 404 804 430 sqq.
820 396 854 424 de
872 397 918 425 illo

128 443 220 470 opz-re,
246 438 293 472 qui
322 439 451 472 opinatur
478 441 566 467 serius
607 441 729 475 potuisse
755 450 769 468 a
794 442 918 478 Nysseno

128 481 261 516 scriptum
281 490 353 514 esse,
380 487 407 510 el
433 484 525 511 laudat
545 485 647 513 Christ.
665 486 733 521 Aug.
747 487 844 522 Salig.,
870 489 916 523 qui

127 526 287 562 diligentius
306 532 333 555 et
349 529 518 558 moderatius
534 531 559 557 in
579 531 626 558 lib.
641 531 677 558 De
695 532 915 567 Eurychianismo

129 579 188 600 ante
214 574 359 609 Eutychen,
384 583 444 610 cap.
466 577 511 608 20,
536 585 561 611 p.
587 577 638 604 176
665 587 724 613 sqq.
749 579 916 610 defendisset

128 618 242 654 Nyssen.
268 621 409 648 catholica!
431 621 582 657 disciplimc
605 623 737 655 deditum.
764 633 778 652 a
802 627 915 654 crimine

128 663 201 691 falsae
215 665 358 693 doctrinae.
379 666 449 694 Add.
472 667 577 696 Semler
595 677 621 704 p.
635 669 697 696 256.
715 676 741 697 et
768 671 867 699 Oudin.
887 681 912 708 p.

128 709 188 736 609.
218 718 259 745 sq.
284 726 320 730 ——-
346 711 374 738 Id
396 720 465 747 opus
483 718 571 741 exstat
590 723 698 750 quoque
723 716 868 746 Florentiae
887 721 912 747 in

126 755 256 783 Laurent.
276 757 354 784 codd.
372 757 416 789 IV,
442 766 484 785 nr.
505 759 547 793 10,
571 761 638 795 plut.
657 763 682 792 7.
707 767 733 789 ct
750 763 805 797 XII,
828 773 869 792 nr.
885 765 911 799 6,

128 802 194 835 plut.
223 802 265 829 I0.
285 802 318 829 ν.
340 803 456 831 Bandin.
485 809 539 832 cat.
565 807 645 834 codd.
663 808 709 835 Gr.
733 807 814 837 Laur.
837 811 863 842 I,
884 819 910 846 p.

122 847 177 874 205
191 852 219 875 ct
237 849 299 875 482.
318 849 402 876 ΙῐΛιιι..

160 893 204 920 79.
224 893 342 922 Ilomilia
354 894 396 925 11.
410 896 438 922 in
453 895 481 923 S.
503 895 662 930 Stephanum
681 903 911 936 protomartyrem,

123 939 295 975 Ἐπεδήμησε
306 941 422 975 Χριστὸς
436 941 475 976 τῷ
488 942 631 978 κόσμῳεις
643 945 789 979 σωτηρίαν.
805 946 914 976 Primus

121 985 217 1012 Gricce
232 994 263 1013 ex
279 986 374 1013 codice
388 986 522 1014 Vaticano
535 995 597 1015 cum
613 991 738 1018 versione
760 999 808 1019 sua
830 995 915 1022 edidit

125 1031 294 1067 Zaccagnius
304 1033 471 1067 p.5506’t5,
488 1043 549 1062 cuin
567 1037 649 1063 nolis.
665 1036 744 1065 Prior
755 1038 805 1066 fuit
818 1048 912 1076 supra,

126 1085 166 1104 ur.
183 1078 226 1104 34.

159 1121 204 1148 80.
220 1121 347 1155 Epistola-
359 1121 400 1148 XI
409 1122 438 1149 νς
452 1123 475 1150 1.
489 1124 524 1150 ad
542 1124 694 1158 Eusebium,
708 1126 804 1162 incipit
814 1137 820 1154 :
830 1129 913 1156 Ὅταν

123 1167 281 1199 πλεονάζειν
305 1168 430 1203 ἄρχηται.
454 1169 482 1196 2.
497 1169 531 1196 ad
556 1170 722 1204 Sebastenos,
747 1173 913 1210 Ἐγνώρισαν

123 1212 189 1247 ἡμῖν
198 1220 279 1243 τινες.
291 1212 316 1239 5.
325 1213 458 1239 Διέσωσεν
469 1215 542 1248 ἡμᾶς
555 1215 569 1241 ὁ
579 1215 690 1251 Κύριος.
701 1217 718 1244 4
741 1218 832 1252 Νόμος
840 1220 912 1247 ἐστὶν

124 1257 257 1294 ἡμέτερος
265 1258 369 1285 κλαίειν
387 1259 455 1293 μετὰ
473 1260 629 1288 κλαιόντων.
644 1263 671 1288 5.
689 1263 747 1298 Ἐφ’
761 1260 783 1297 ᾧ
795 1265 912 1298 μάλιστα

123 1303 199 1338 παρὰ
209 1303 262 1330 τῶν
275 1304 364 1338 σοφῶν
374 1306 388 1330 ὸ
400 1305 527 1339 βασιλεὺς
537 1307 591 1333 τῶν
603 1308 774 1337 Μακεδόνων.
788 1311 814 1338 ii.
823 1312 912 1340 Τοιοῦ-

123 1349 168 1374 τόν
191 1358 216 1376 τι
236 1349 329 1384 θαῦμά
357 1359 438 1384 φασιν
471 1352 499 1377 ὲν
529 1354 584 1383 τοῖς
616 1353 750 1390 Θεάτροις,
780 1357 801 1384 7.
833 1359 911 1386 Ποῖον
935 1381 943 1382 κ

123 1394 242 1420 τοιοῦτον
255 1395 292 1429 (α)
310 1395 390 1428 ἄνθος
404 1398 432 1422 ὲν
444 1396 513 1432 ἔαρι.
531 1397 556 1424 8.
571 1399 658 1426 Λῐτῶν
671 1409 696 1427 τι
717 1403 753 1436 (lt)
774 1407 912 1439 προσφυὲς

122 1440 170 1465 καὶ
184 1441 291 1466 οἰκεῖον.
308 1440 335 1467 9.
351 1441 418 1467 Οὐδὲ
428 1442 568 1478 τοῦθέαρος
580 1445 597 1478 ἡ
618 1445 706 1480 χάρις.
729 1448 771 1475 10.
787 1450 910 1478 ’Ἤκουσα

121 1494 195 1517 τινος
217 1486 360 1521 Ἰατρικοῦ.
379 1487 421 1514 11.
438 1487 549 1524 Ἐορτὴν
566 1489 643 1523 ἄγειν
659 1491 771 1527 σύνηθες
778 1496 833 1527 τοῖς
849 1497 912 1524 Ῥω·
924 1504 946 1533 c

124 1531 224 1567 μαίοις.
248 1533 289 1559 12.
306 1533 360 1559 Καὶ
371 1533 425 1560 τῶν
440 1534 526 1560 ἄλλων
540 1535 667 1564 ἁπάντων
681 1540 780 1575 μικροῦ
793 1542 848 1570 δεῖν
863 1545 909 1579 (ε).

125 1579 166 1605 15.
189 1579 275 1613 ’Υμᾱς
293 1579 341 1614 μὲν
356 1581 370 1606 ὁ
385 1580 476 1616 πατὴρ
501 1581 555 1607 τῶν
576 1583 735 1619 οἰκτιρμῶν,
752 1591 778 1614 et
799 1589 842 1616 14,
867 1590 911 1623 Ὠς

122 1623 192 1651 καλὰ
208 1625 262 1651 τῶν
278 1626 367 1652 καλῶν
382 1626 438 1652 ἔστι
453 1626 487 1653 τὰ
501 1627 673 1662 ὁμοιώματα.
694 1630 802 1661 Primus
817 1635 911 1664 (ἔναιρε

122 1677 184 1695 cum
206 1670 331 1697 versione
355 1679 404 1698 sua
420 1675 447 1698 ct
464 1673 536 1699 notis
551 1674 635 1701 edidit
653 1675 723 1703 idem
741 1677 910 1715 Zaccagnius

123 1722 184 1748 pag.
207 1715 339 1743 ὅδιοιοο.
359 1715 443 1744 ΡΑιιιι.
462 1717 532 1752 Idem
553 1719 686 1755 Zaccagu.
707 1722 733 1749 in
750 1725 910 1758 praefatione

123 1767 149 1794 p.
167 1760 200 1786 I2
215 1768 270 1795 sq.,
282 1761 404 1795 quaedam
421 1767 516 1790 notato
532 1764 613 1799 digna
629 1765 663 1793 de
679 1767 732 1795 illis
743 1769 909 1802 observavit.

121 1820 157 1826 —
173 1805 201 1832 In
215 1807 276 1834 cod.
301 1811 391 1834 autem
413 1807 542 1837 Laurent.
557 1810 627 1842 XIII,
639 1812 707 1846 plut.
721 1814 764 1845 76.
782 1823 796 1842 a
811 1816 910 1846 Bandi-

121 1852 169 1879 uio
187 1852 212 1879 in
228 1852 315 1880 Catal.
335 1853 414 1881 codd.
432 1854 480 1881 Gr.
498 1855 628 1884 Laurent.
650 1861 716 1885 tom.
736 1860 779 1895 Ill,
801 1870 828 1896 p.
856 1865 909 1892 555

121 1905 183 1932 sqq.
202 1898 326 1924 curatius
339 1897 488 1933 descripto,
506 1904 569 1927 sunt
586 1905 684 1941 prater
697 1902 777 1938 Nyss.
800 1907 911 1942 physic-

121 1943 220 1978 Iogiam
234 1950 257 1969 s.
276 1941 312 1968 De
325 1947 423 1970 natura
435 1943 548 1972 hominis
561 1950 587 1973 et
602 1954 754 1976 sermonem
768 1950 809 1978 De
819 1941 914 1981 anima'

121 1991 204 2022 atque
222 1987 428 2021 Caterhelicum,
449 1997 481 2017 ac
500 1997 597 2026 praeter
610 2001 672 2028 epp.
692 1995 719 2022 in
737 1997 802 2024 edit.
819 1998 907 2029 Paris.

120 2035 232 2068 partim,
266 2035 366 2068 partim
394 2043 410 2062 a
437 2035 590 2072 Zaccaguio
616 2039 778 2075 publicatas,
805 2051 907 2080 septem

120 2079 190 2111 alite,
205 2088 238 2107 ex
258 2079 310 2107 boc
322 2081 384 2108 cod.
400 2088 416 2108 a
426 2081 585 2111 Garacciolo
598 2084 644 2112 Gr.
660 2091 687 2114 et
699 2087 758 2116 Lat.
777 2089 805 2117 in
820 2079 907 2119 lucem

119 2126 236 2153 emissae.
256 2126 389 2162 Inscripta
409 2132 499 2156 autem
515 2133 557 2157 est
574 2130 672 2159 editio:

156 2181 184 2209 S.
200 2182 289 2210 Putris
304 2185 389 2211 nostri
402 2183 533 2221 Gregorii,
544 2189 658 2223 episcopi
669 2189 774 2225 Νῃεδιε.
791 2194 909 2227 epistula
926 2182 946 2208 θ

120 2232 225 2260 septem.
241 2228 333 2257 Primo
344 2229 439 2258 Latine
451 2232 541 2264 vertit,
554 2240 582 2260 et
595 2234 688 2267 edidit,
703 2240 907 2268 commentariis

120 2274 314 2309 nonnullisque
343 2276 626 2308 animadversionibus
658 2281 791 2315 adjectis,
822 2283 846 2311 J.
876 2285 905 2312 Β.

121 2317 306 2353 Caracciolus,
335 2320 367 2347 C.
385 2320 418 2348 ﬂ.
439 2322 465 2348 in
482 2321 581 2351 Pisano
595 2324 684 2360 Lyceo
703 2328 829 2362 publicus
845 2331 907 2365 phi-

121 2364 253 2412 l_osophi:e
275 2365 346 2401 prol‘.
368 2366 522 2401 Florentiae,
550 2370 622 2405 typis
638 2374 728 2407 magni
753 2364 905 2412 ducis,rap.

121 2407 274 2436 Tortinium
287 2414 313 2438 et
327 2410 502 2440 Franchium.
520 2414 598 2441 I75I.
615 2415 662 2443 fol.
683 2415 863 2455 Subiungitur
874 2407 907 2450 ad

121 2454 223 2482 calcem
236 2463 268 2483 ex
283 2457 344 2484 eod.
363 2458 424 2486 cod.
438 2459 467 2486 S.
487 2459 597 2487 Maximi
619 2463 743 2499 apologia
761 2454 810 2500 pro
824 2465 904 2503 Greg.

161 2511 360 2547 Ἐπευξάμενος
383 2514 472 2542 τοῖνυν
494 2516 550 2547 τοῖς
566 2519 776 2546 πεπιστευκόσιν
793 2521 842 2557 ἤδη
859 2523 909 2558 τὴν

120 2556 160 2587 εις
176 2556 250 2589 τέλος
264 2558 387 2593 αὔξησιν,
398 2561 446 2587 καὶ
454 2560 504 2597 τὴν
518 2562 685 2599 ἐπιστροφὴν
701 2566 757 2597 τοῖς
772 2556 907 2601 ἀπίστοιξ,

157 2638 195 2675 (ᾳ)
212 2636 242 2675 _Iu
255 2638 413 2675 cod._Laur.
429 2639 508 2675 Ζητῶ
519 2649 555 2667 τι.
572 2641 659 2670 ΙΙΑιιι..

157 2672 195 2712 μη
211 2671 238 2699 In
245 2673 306 2712 cotL
318 2673 446 2702 Laurent.
455 2671 586 2712 dividitur
599 2677 655 2704 luec
665 2678 819 2712 epistola'in
827 2681 907 2711 duas.

121 2705 200 2743 Prior
217 2707 250 2733 ad
272 2706 402 2736 Joannem
426 2715 451 2737 et
474 2705 907 2743 Maximianum

121 2742 222 2786 92.2503;
239 2744 381 2786 ppgterior,
398 2746 498 2786 quain
513 2746 673 2786 collectione
696 2748 821 2786 theagnii
845 2742 905 2786 pag.

122 2776 184 2807 382.
198 2776 244 2817 lin.
254 2777 300 2807 ἓξ.
316 2776 414 2820 inultas
429 2781 508 2806 habet
520 2781 634 2820 _Ia_cuna_s
647 2786 672 2820 e_t
686 2790 708 2820 a_
718 2776 905 2820 Zac'agnidifti

123 2813 230 2848 ingenio
249 2814 398 2848 suppletas,
419 2819 446 2841 at
461 2816 641 2844 seruicirculis
657 2813 828 2853 inclusasfet
841 2813 905 2850 con.

974 216 1151 250 simulabant,
1166 219 1238 253 quod
1249 219 1370 248 fallacem
1383 224 1528 258 quamdam
1545 225 1761 255 immutationem

975 265 1062 289 status
1095 263 1248 291 animarum
1279 265 1306 293 in
1338 267 1395 294 suis
1427 270 1539 303 scriptis
1569 277 1760 301 memorasset.

973 309 1086 335 Accedit
1105 310 1190 337 series
1209 311 1372 339 varietatum
1394 314 1571 348 epistolarum
1593 316 1728 353 Gregorii,
1745 327 1762 347 a

973 353 1128 389 Zaccagnio
1143 356 1289 390 editarum,
1302 366 1371 392 quas
1386 366 1419 386 ex
1431 360 1575 388 collatione
1595 363 1655 389 cod.
1670 363 1757 391 Vatic.

972 404 999 427 et
1011 400 1122 428 Mcdicci
1138 401 1286 430 observare
1300 403 1372 435 licet,
1388 405 1551 440 interposito
1566 407 1703 435 interdum
1727 409 1760 436 de

972 445 1005 473 iis
1026 446 1141 481 judicio.
1159 447 1240 475 Plura
1256 449 1328 484 leges
1352 449 1385 477 de
1404 451 1454 478 hac
1474 452 1540 480 edit.
1561 453 1588 480 in
1606 462 1670 481 nov.
1689 455 1759 483 acti

970 492 1047 520 erud.
1060 492 1134 528 Lips.
1150 501 1186 520 m.
1200 493 1266 522 Jun.
1282 502 1308 522 a.
1322 495 1400 523 i739.
1415 500 1484 532 part.
1500 506 1528 530 ιι,
1545 506 1605 534 pag.
1618 500 1680 531 557,
1697 508 1758 535 sqq.

968 537 1169 566 Animadvertit
1185 545 1274 567 tamen
1299 539 1413 568 Bandin.
1431 542 1449 568 l.
1464 550 1488 569 c.
1506 552 1566 578 pag.
1583 545 1635 572 557
1652 551 1761 580 postre-

969 590 1028 610 mas
1043 591 1104 617 epp.
1118 585 1144 610 in
1154 584 1198 612 cd.
1210 585 1361 614 Caraccioli
1376 588 1467 615 minus
1479 589 1531 615 ﬁde
1542 597 1574 615 cx
1587 590 1647 616 cod.
1661 590 1758 617 Medic.

969 625 1053 653 fuisse
1068 627 1229 663 descriptas,
1246 636 1272 657 et
1284 638 1298 656 a
1313 631 1405 658 Iuturo
1422 639 1485 666 opp.
1498 632 1578 668 Nyss.
1593 634 1698 662 editore
1710 643 1762 662 no-

966 679 1027 699 vam
1051 673 1124 700 illius
1145 675 1206 701 cod.
1221 676 1394 703 collationem
1420 685 1481 704 esse
1498 678 1706 707 instituendam.
1724 694 1759 699 —-

968 718 1056 746 Paris.
1074 719 1101 746 iu
1124 720 1190 747 bibl.
1206 720 1284 748 Pnbl.
1302 726 1365 749 sunt
1385 722 1466 758 Nyss.
1488 731 1581 758 paucae
1596 724 1652 759 jam
1678 725 1760 752 edita:

967 764 1088 798 epistolae
1102 765 1129 792 in
1145 765 1201 793 XIII
1216 767 1309 798 codd.,
1322 768 1348 795 in
1365 768 1490 802 plurimis
1509 774 1597 796 tamen
1613 771 1693 798 codd.
1713 779 1757 799 so-

965 809 1104 838 lummodo
1118 816 1159 839 cst
1177 813 1292 848 epistola
1306 821 1406 841 canon.
1421 814 1453 841 ad
1472 814 1605 842 Letoium.
1622 815 1707 844 ΗΑιιι.

1006 867 1132 900 Epistula
1144 868 1257 904 Nysseni
1271 870 1305 896 ad
1317 871 1539 905 Amphilochium,
1557 881 1610 907 qua
1630 874 1758 908 queritur

966 911 1000 937 ab
1015 911 1138 940 IIcIladio
1156 921 1210 940 non
1233 914 1376 941 invitatum
1399 923 1439 948 se,
1458 921 1486 942 ut
1506 917 1533 943 in
1559 918 1677 945 ecclesia
1696 919 1757 953 ejus

964 957 1045 983 verba
1064 965 1143 986 sacra
1162 961 1275 991 I'accrct,
1312 961 1435 988 meminit
1467 962 1612 990 I3aronius.
1631 963 1757 999 [Diversa

964 1002 1047 1037 igitur
1068 1006 1119 1031 erit
1140 1006 1174 1032 ab
1202 1005 1286 1039 Epist.
1315 1006 1350 1032 ad
1371 1007 1536 1042 Amphiloclz.
1555 1017 1615 1043 qua:
1638 1010 1756 1044 septima

962 1052 1006 1075 cst
1026 1050 1051 1076 in
1066 1050 1109 1077 cd.
1124 1051 1284 1080 (Iaracrioli.
1305 1053 1351 1089 H.]

999 1115 1044 1144 VI.
1066 1117 1094 1144 In
1117 1116 1249 1153 Catalogo
1272 1119 1339 1146 bibl.
1353 1119 1512 1147 Barberinm
1536 1129 1562 1155 p.
1580 1121 1633 1148 494
1653 1129 1756 1149 memo-

965 1165 1041 1189 ratur
1049 1162 1130 1198 Greg.
1141 1163 1282 1199 Nysseuus
1296 1165 1335 1192 De
1345 1166 1652 1194 trunssubslattlialione.
1669 1167 1757 1196 Nimi-

964 1217 1024 1236 rum
1049 1210 1163 1238 Parisiis
1186 1218 1211 1238 a.
1234 1211 1312 1243 1560,
1335 1212 1384 1239 fol.
1407 1216 1470 1247 post
1496 1212 1632 1248 Liturgias
1648 1213 1755 1246 Jacobi.

963 1255 1057 1282 Basilii
1078 1259 1104 1283 et
1121 1256 1309 1292 Chrysostomi
1329 1258 1401 1285 inter
1416 1259 1491 1285 varia
1505 1264 1626 1286 veterum
1641 1258 1754 1286 Patrum

963 1302 1063 1336 scripta
1085 1302 1119 1330 de
1143 1302 1172 1330 S.
1191 1303 1272 1330 Casna
1289 1311 1312 1338 p.
1336 1304 1466 1336 I25-125,
1491 1304 1584 1333 Grmce
1600 1310 1690 1333 exstat
1703 1306 1758 1333 sub

963 1346 1077 1382 Nyssoni
1096 1348 1216 1380 nomine,
1240 1349 1301 1375 Ὅτι
1324 1350 1503 1384 ἁγιαζόμενος
1520 1350 1600 1385 ἄρτος
1616 1351 1656 1382 εἰς
1677 1351 1757 1386 σῶμα

962 1391 1008 1417 τοῦ
1034 1391 1195 1425 ΘεοῦΛόγου
1212 1394 1410 1428 μεταποιεῖται,
1423 1393 1470 1419 καὶ
1489 1393 1530 1419 ὃτι
1552 1394 1705 1427 ἐπάναγκες
1720 1395 1755 1429 τῇ

963 1436 1120 1471 ἀνθρωπεία
1142 1436 1219 1470 φύσει
1243 1436 1325 1463 αὐτοῦ
1347 1436 1576 1472 μεταλαμῦάνειν.
1600 1436 1676 1468 Quod
1696 1445 1756 1463 san-

963 1482 1094 1517 cti/icutus
1115 1482 1192 1516 panis
1214 1482 1356 1521 iit—corpus
1376 1482 1424 1510 Dui
1450 1482 1528 1509 Verbi
1550 1487 1753 1514 transmittatur,

964 1527 1083 1562 quodque
1097 1535 1200 1555 necesse
1222 1528 1257 1554 sit
1283 1529 1405 1555 humana:
1419 1533 1523 1555 natura:
1539 1537 1569 1555 eo
1585 1529 1754 1562 participare.

965 1573 1063 1600 Eadem
1077 1572 1216 1608 Liturgica
1232 1573 1327 1601 Latine
1349 1574 1424 1601 cdita
1447 1582 1462 1601 ιι
1481 1574 1595 1601 Claudio
1610 1574 1645 1601 de
1660 1573 1756 1601 Sainc-

965 1623 1015 1653 tes,
1036 1621 1174 1654 Antwerp.
1193 1619 1273 1651 1562,
1288 1620 1315 1651 8.
1333 1620 1377 1647 tibi
1400 1619 1515 1656 Nysseni
1538 1620 1609 1647 idem
1634 1627 1756 1654 apospa-

964 1665 1081 1692 smation
1101 1673 1163 1700 pag.
1183 1665 1216 1692 74
1233 1665 1330 1693 Latine
1342 1666 1451 1701 legitur.
1468 1666 1516 1693 Est
1531 1671 1621 1693 autem
1640 1665 1755 1700 petitum

963 1717 998 1737 ex
1007 1718 1105 1745 magno
1121 1711 1195 1738 illius
1214 1710 1388 1739 Cateclietico
1407 1719 1468 1746 cap.
1486 1711 1531 1744 57,
1550 1715 1630 1745 atque
1651 1717 1756 1744 expen-

964 1756 1039 1783 ditur
1052 1748 1164 1792 copiose
1178 1757 1212 1784 ab
1229 1757 1373 1785 Edmundo
1392 1758 1545 1790 Albertino,
1564 1758 1592 1784 in
1614 1765 1696 1792 opere
1716 1756 1757 1784 De

964 1801 1135 1829 Sacramenta
1155 1801 1329 1829 Eucharistiw
1344 1810 1368 1836 p.
1385 1802 1438 1829 485
1453 1810 1512 1837 seq.
1534 1801 1572 1829 De
1584 1801 1756 1829 catechetico

964 1848 1010 1875 illo
1031 1848 1101 1874 libro
1115 1848 1219 1874 dictmn
1235 1855 1316 1882 supra
1332 1855 1374 1874 nr.
1396 1848 1440 1875 55.

999 1900 1152 1936 Symbolum
1174 1900 1236 1934 ﬁdei
1257 1899 1423 1933 Christianae.
1438 1900 1509 1936 quod
1524 1899 1646 1935 Gregorii
1662 1899 1755 1926 'I'bau—

963 1946 1081 1981 maturgi
1096 1951 1150 1977 est,
1173 1945 1320 1973 adducitur
1338 1954 1352 1973 a
1365 1945 1489 1982 Nysseno
1512 1946 1540 1973 in
1560 1946 1618 1973 Vita
1634 1945 1756 1981 Gregorii

969 1992 1178 2026 Thaumaturgi,
1215 1992 1242 2018 in
1272 1992 1435 2026 quibusdam
1458 1992 1597 2020 codicibus
1628 2000 1694 2020 mss.
1723 1997 1754 2021 ut

962 2037 1058 2065 Grtcco
1077 2037 1203 2064 Caesareo
1218 2037 1371 2074 theologica
1386 2037 1480 2064 XLXII
1501 2038 1599 2073 legitur
1615 2038 1666 2066 sub
1682 2038 1753 2075 Nys-

963 2083 1022 2111 seni
1037 2084 1157 2111 nomine.

997 2148 1025 2174 In
1049 2150 1143 2176 codice
1161 2150 1247 2177 altero
1271 2149 1338 2178 bibl.
1363 2149 1549 2185 Seguieriana:
1575 2151 1632 2179 sive
1654 2151 1753 2180 Coisli-

960 2194 1052 2222 niana
1077 2194 1138 2222 Vita
1164 2195 1284 2232 Gregorii
1301 2196 1493 2231 Thaumaturgi
1522 2205 1589 2230 non,
1615 2201 1643 2224 ut
1664 2198 1690 2224 in
1712 2199 1753 2225 al-

962 2243 1030 2274 tcro,
1055 2240 1157 2268 desinit
1185 2241 1212 2268 in
1235 2241 1293 2269 hinc
1320 2243 1413 2273 verba,
1437 2241 1534 2276 ψευδὲς
1558 2243 1674 2277 οἰόμενοι
1695 2245 1752 2275 rei;

961 2287 1164 2322 γεγραμμένοις
1174 2287 1204 2314 οὐ
1218 2287 1460 2323 προστεθείκαμεν,
1472 2295 1569 2323 neque,
1582 2294 1609 2315 ut
1619 2289 1646 2315 in
1659 2289 1751 2321 editis.

962 2332 1054 2359 statim
1071 2332 1212 2368 subiungit
1231 2333 1446 2367 conclusionem,
1468 2334 1495 2362 in
1513 2334 1633 2362 homiIiis
1645 2340 1672 2362 et
1686 2335 1751 2363 vitis

962 2381 1120 2405 sanctorum
1137 2378 1264 2408 solitam:
1283 2378 1333 2406 sed
1345 2379 1405 2414 ejus
1421 2380 1482 2407 loco
1502 2379 1586 2407 habet
1608 2380 1675 2412 haec,
1691 2389 1752 2416 qua:

962 2431 995 2451 ex
1013 2423 1198 2451 Montl'auconi
1223 2423 1354 2460 Catalogo
1373 2425 1438 2453 bibl.
1455 2425 1630 2454 Coiinnianae
1651 2434 1678 2462 p.
1699 2427 1753 2455 I80

963 2469 1008 2498 hic
1024 2470 1162 2498 ascribere
1173 2470 1251 2504 juvat
1267 2480 1274 2497 :

996 2524 1143 2560 Postquam
1166 2525 1249 2561 igitur
1269 2531 1397 2561 precatus
1414 2533 1488 2556 esset
1504 2535 1553 2563 pro
1568 2528 1603 2557 iis
1626 2529 1672 2564 qui
1692 2529 1751 2564 jam

960 2570 1143 2604 crediderant,
1168 2575 1198 2599 ut
1213 2579 1299 2608 usque
1312 2573 1346 2600 ad
1370 2573 1450 2601 ﬁnem
1467 2574 1496 2601 in
1518 2575 1623 2604 melius.
1633 2576 1754 2610 proiice-

958 2651 1056 2691 juncta
1070 2656 1111 2680 est
1125 2660 1187 2691 cum
1202 2655 1356 2691 superiore;
1371 2653 1398 2681 in
1412 2653 1473 2691 eqd.
1493 2654 1577 2683 Laur.
1591 2656 1691 2691 Scripta
1707 2663 1752 2686 est

960 2687 995 2712 ad
1018 2686 1191 2729 τςινιιιεθίιυῃ,
1211 2686 1382 2729 _it_icipi_tqrie:
1410 2686 1472 2729 ρῖόν
1495 2686 1662 2729 vinario-Lahm
1675 2693 1700 2718 ot
1715 2695 1752 2729 τῇ

961 2722 1076 2765 δφσιίρςιι
1091 2727 1145 2750 etc.
1166 2723 1194 2750 In
1210 2723 1257 2765 ilIo_
1273 2722 1360 2765 igitur
1372 2724 1432 2752 cod.
1445 2728 1509 2765 sunt
1523 2724 1580 2752 XIV
1604 2734 1665 2765 epp.
1680 2722 1752 2758 qua;

960 2754 1112 2818 {iaca'giiius
1143 2765 1180 2786 ex
1207 2758 1268 2786 cod.
1284 2754 1391 2787 'Vatic.
1424 2760 1530 2795 primus
1562 2754 1748 2796 erudiat-erat.

984 2799 1046 2818 Διί..

984 2799 1046 2819 Διι..
