1976 3077
204 95 238 121 33
820 90 959 119 NOTITIA
980 88 1023 116 EX
1041 87 1209 115 FAllIlIClO.
1791 89 1824 114 ω

205 155 276 182 rent.
304 155 330 178 et
349 150 377 178 in
403 150 536 183 fidelibus,
570 155 598 177 ιιι
623 153 848 177 converterentur
867 158 873 175 :
890 149 931 176 sic
954 155 986 174 ex

1051 145 1124 176 »ὓτως
1154 146 1200 171 τοῦ
1234 144 1402 180 ἀνθρωπίνου
1436 144 1493 180 βίου
1514 143 1581 179 πρὸς
1600 144 1645 170 τὸν
1667 143 1732 171 Θεὸν
1745 152 1826 178 μετα-

205 196 323 223 humana
337 196 393 224 vita
411 195 443 222 ad
456 195 539 223 Deum
556 195 732 226 transfertur,
750 203 811 222 cum
829 194 987 221 domesticis

206 242 264 269 suis
291 242 473 276 praecepisset.
496 246 525 268 ut
543 249 577 268 ne
605 241 656 276 ipsi
680 241 768 267 locum
790 241 932 275 proprium
953 239 986 266 ad

206 288 373 322 sepulturam
388 291 509 314 emerent
523 296 529 313 :
544 294 605 313 nam
626 287 689 321 quia
708 286 772 313 dum
793 286 896 313 viveret
919 293 989 312 nun-

206 341 287 368 quam
301 333 418 360 voluerit
435 333 487 359 loci
503 332 655 367 cujuspiam
670 332 798 359 dominus
815 332 920 363 vocari.
941 331 987 359 sed

206 382 236 404 ut
251 378 410 412 peregrinus
431 381 457 404 et
477 377 580 404 advena
606 377 633 403 in
649 377 710 404 aliis
727 377 794 404 locis
809 377 892 403 vitam
913 376 990 410 dege—

206 424 252 455 rit,
268 431 356 458 neque
371 428 432 457 post
447 427 561 449 mortem
580 421 691 457 pudebit
710 422 881 456 peregrinum
898 429 988 456 agere.

208 470 260 496 Sed
278 473 339 504 post
355 469 426 495 hanc
440 468 535 500 vitam,
558 468 656 503 inquit.
674 468 726 494 hoc
743 467 770 494 in
785 475 834 494 ore
849 468 989 494 hominum

207 519 340 546 versetur.
364 521 460 548 nempe
481 512 653 548 Gregorium,
678 512 742 539 dum
768 513 794 539 in
811 512 879 539 vivis
908 515 989 543 esset,

208 560 275 586 nulli
300 560 360 586 loco
375 566 473 586 nomen
499 557 631 585 indidisse
648 565 737 588 suum,
752 560 780 584 et
796 561 856 592 post
876 560 989 584 mortem

208 605 280 640 apud
294 606 398 632 alienos
419 605 496 640 quasi
515 604 645 631 advenam
665 604 760 636 fuisse,
777 604 840 638 quia
860 611 890 631 se
907 611 920 630 a
933 607 991 630 toto

208 651 274 678 orbo
291 656 424 677 terrarum
448 650 564 676 alienum
590 648 702 680 fecerat,
727 649 763 674 ita
780 652 806 674 ut
825 655 860 675 ne
884 650 911 674 in
931 647 992 674 loco

208 695 318 730 quidem
332 694 383 721 sibi
397 694 508 728 proprio
520 694 629 728 sepeliri
642 693 758 720 voluerit
770 702 779 719 ς
793 693 878 720 solam
892 693 992 728 quippe

208 741 260 769 sibi
287 741 488 775 possessionem
515 738 703 766 honorabilem
724 746 786 766 esse
819 746 899 768 eam.
932 745 992 773 qua:

208 787 330 814 avaritia:
345 787 449 813 nullum
463 785 581 812 admittit
596 785 793 820 vestigiurn,’in
805 783 914 811 Christo
926 783 992 812 Iesu

1040 192 1172 221 νίσταται,
1186 190 1338 225 ἐπισκέψεις
1354 192 1410 221 τοῖς
1432 190 1594 226 ἐπιτηδείοις
1610 190 1647 225 μὴ
1673 188 1826 224 κτήσασθαι

1041 236 1115 271 αὐτῷ
1133 236 1215 262 τόπον
1230 237 1296 272 πρὸς
1315 236 1404 271 ταφὴν
1421 236 1564 268 ἰδιάζοντα.
1584 236 1615 262 Ei
1632 235 1686 271 γὰρ
1701 234 1755 267 ζῶν
1770 235 1827 262 Κύ-

1043 292 1098 319 ριος
1120 283 1251 319 κληθῆναι
1264 284 1346 310 τόπου
1362 284 1433 315 τινὸς
1446 284 1477 310 οὐ
1493 284 1665 316 κατεδέξατο,
1679 283 1747 310 ἀλλὰ
1761 291 1827 318 παρ-

1041 329 1122 356 οικῶν
1139 331 1167 356 ἐν
1192 329 1341 365 ἀλλοτρίοις
1365 330 1409 356 τὸν
1435 330 1491 364 βίον
1516 329 1660 364 διήγαγεν,
1675 330 1735 355 οὐδὲ
1760 329 1828 364 μετὰ

1041 375 1156 402 θάνατον
1170 377 1203 411 τῇ
1224 375 1355 411 παροικίᾳ
1370 376 1478 406 ’πάντως
1502 375 1756 411 ἐπαισχυνθήσεται,
1771 375 1827 401 ἀλλ’

1041 422 1121 453 ἔστω,
1143 422 1236 456 φησὶν,
1251 422 1290 457 τῷ
1304 421 1372 456 μετὰ
1385 421 1470 448 ταῦτα
1484 421 1534 457 βίῳ
1551 422 1681 457 διήγημα,
1697 422 1738 448 ὃτι
1757 422 1829 456 Γρη-

1041 468 1132 502 γόριος
1152 466 1213 493 οὔτε
1240 467 1293 499 ζῶν
1317 467 1496 503 ἐπωνομάσθη
1511 468 1586 501 τόπῳ
1608 467 1671 499 τινὶ,
1689 467 1735 493 καὶ
1759 466 1828 502 μετᾶ

1042 513 1156 539 θάνατον
1178 512 1325 547 ἀλλοτρίων
1348 513 1455 546 ἐγένετο
1472 513 1561 548 πάσης
1585 513 1634 548 τῆς
1659 512 1710 548 γῆς
1735 512 1829 539 ἑαυτὸν

1042 558 1218 593 ἀποστήσας,
1244 557 1282 588 ὡς
1310 558 1346 592 μὴ
1374 558 1520 592 ἐνταφῆναι
1552 558 1607 592 ἰδίῳ
1632 555 1828 590 καταδέξασθαι

1042 602 1127 637 τόπῳ.
1144 602 1235 635 Mdqu
1262 602 1315 636 γὰρ
1339 602 1413 637 αὐτῷ
1437 602 1534 637 κτῆσιν
1561 602 1652 637 τιμίαν
1680 601 1828 636 ὲκείνην,ῆ

1043 647 1199 680 πλεονεξίας
1212 648 1254 682 ἐφ’
1270 648 1369 682 ἑαυτὴν
1394 647 1465 682 [χνος
1489 647 1518 674 οὐ
1538 647 1655 682 δέχεται,
1677 648 1704 673 ὲν
1720 645 1829 682 Χριστῷ

1049 692 1136 728 Ἰησοῦ
1159 693 1197 728 τῷ
1223 694 1318 728 Κυρίῳ
1335 693 1427 728 ἡμῶν·
1486 694 1502 728 ἡ
1519 693 1582 724 δόξα
1603 694 1651 720 σὺν
1672 693 1760 727 Πατρὶ
1783 691 1830 718 καὶ

1043 739 1182 774 Πνεύματι
1208 737 1258 766 νῦν
1282 738 1330 765 καὶ
1358 739 1398 769 εἰς
1426 738 1489 769 τοὺς
1513 737 1613 769 αἰῶνας
1628 737 1683 764 τῶν
1706 735 1826 763 αἰώνων.

1050 785 1078 811 Ἀ
1083 786 1146 820 μήν.

209 833 323 860 Domino
343 837 439 860 nostro
453 841 460 859 :
476 833 519 859 cui
545 831 631 867 gloria
655 839 716 858 cum
735 830 816 858 Patre
832 835 858 858 et
882 831 996 867 Spiritu,
1012 839 1086 858 nunc
1101 834 1128 858 et
1142 831 1169 857 in
1186 831 1284 858 szecula
1302 831 1474 858 saeculorum.
1490 830 1586 858 Amen.

243 889 391 925 Gregorius
403 888 544 924 Nyssenus
558 888 596 914 De
610 887 722 920 homine,
737 887 837 919 anima,
849 887 992 919 elementis,
1010 882 1030 908 Β

209 934 306 962 viribus
337 935 445 965 animm.
467 933 563 960 Latine
586 932 664 960 Joan.
694 932 815 965 (‘onone,
839 932 996 960 Norimber-

208 980 296 1016 gensi,
329 980 486 1014 interprete.
511 979 601 1006 editus
629 986 674 1013 per
699 978 807 1005 Beatum
835 976 996 1005 Rhenanum

209 1028 352 1061 Argentor.
371 1025 441 1060 apud
459 1024 678 1055 Schurer.151‘2,
692 1023 739 1051 fol.
755 1023 843 1051 Paris.
856 1024 935 1055 1515,
948 1023 995 1051 fol.

209 1073 292 1100 Basil.
313 1072 390 1102 1521,
405 1071 432 1103 Ii,
449 1070 540 1106 [1512.
557 1070 588 1104 εἰη
604 1069 716 1096 Panzcri
733 1068 766 1095 Α.
782 1072 802 1096 t.
814 1067 860 1100 VI,
879 1076 905 1103 p.
920 1068 996 1105 190].

211 1118 244 1145 Hi
260 1122 325 1145 sunt
342 1117 404 1144 libri
418 1124 465 1144 vni
499 1115 677 1150 philosophia:
692 1114 731 1142 De
751 1119 849 1142 natura
866 1115 995 1146 humana,

210 1164 256 1198 qui
278 1163 330 1191 sub
351 1162 467 1198 Nysscni
492 1162 600 1188 nomine
622 1164 731 1188 exstant
751 1160 778 1187 in
803 1160 925 1195 antiquis
940 1160 998 1187 edi-

209 1209 330 1236 tionibus
359 1208 483 1238 Latinis,
507 1212 534 1233 ul
562 1205 711 1233 Basileensi
741 1205 825 1238 1562,
854 1205 901 1233 fol.
924 1205 998 1233 Nihil

191 1259 300 1287 ,autem
328 1253 400 1280 aliud
430 1253 472 1280 his
496 1253 663 1283 continetur,
687 1259 769 1286 quam
792 1252 860 1279 liber
878 1251 997 1279 Nemesii

213 1299 249 1326 De
268 1299 380 1328 Itomine.
394 1297 421 1324 in
436 1300 498 1324 octo
516 1295 623 1323 libellos
638 1295 799 1327 distractus.
816 1299 846 1321 ut
862 1295 917 1329 jam
936 1302 997 1322 mo-

211 1345 258 1372 nui
290 1343 347 1370 V’Iil
380 1342 516 1369 volumine
544 1341 591 1368 lib.
616 1349 632 1367 ν
659 1340 729 1376 {cap
754 1340 804 1371 10.
831 1340 845 1375 §
870 1339 903 1371 6,
935 1348 995 1376 pag.

210 1389 262 1417 M8
281 1397 341 1424 sqq.
353 1387 422 1415 Add.
440 1387 574 1414 Mansium
589 1386 623 1413 ad
636 1386 741 1414 Fabric.
762 1386 833 1413 Bibl.
847 1385 909 1413 Lat.
927 1385 995 1413 med.

210 1441 233 1463 et
245 1435 294 1470 inf.
313 1439 357 1462 rut.
372 1439 438 1461 tom.
457 1433 475 1465 Ι,
492 1441 518 1468 p.
532 1432 585 1459 505
597 1440 638 1467 sq.
654 1431 768 1468 [Luxu].

438 1477 492 1504 VII.
514 1477 620 1511 Scripta
636 1476 780 1510 deperdita.

247 1524 280 1551 In
294 1523 438 1550 Proverbia
454 1522 600 1558 scripsisse
622 1530 662 1554 se,
681 1522 788 1549 videtur
801 1521 915 1549 innuere
928 1521 996 1557 Nys-

211 1578 294 1598 senus
304 1569 420 1597 homiLI
435 1569 462 1594 in
477 1568 644 1600 Ecclesium,
661 1567 724 1595 licet
735 1568 811 1595 locus
823 1575 877 1594 non
892 1568 928 1595 ita
939 1567 998 1595 evi-

211 1616 307 1642 denter
321 1615 372 1642 hoc
391 1614 508 1642 evincat.
522 1613 623 1640 Confer
642 1612 847 1640 Tillemontium
868 1617 933 1640 tom.
951 1612 996 1648 IX,

211 1670 239 1697 p.
255 1661 316 1688 742.

247 1707 279 1734 In
310 1707 395 1742 Epist.
416 1707 449 1733 ad
481 1706 669 1741 Pltilippenses.
695 1706 814 1742 Cyrillus
851 1706 941 1738 Alex.,
962 1707 997 1733 ad

213 1753 362 1788 Evoptiam.

247 1798 288 1825 Ad
301 1798 483 1832 Theodosium,
499 1798 590 1832 cpiam,
604 1790 740 1830 Quoiuodo
756 1788 893 1825 Cornelius
909 1797 998 1831 Spiri-

212 1850 267 1871 tum
299 1849 417 1871 sanciunt
439 1849 499 1871 ante
524 1844 679 1878 baptismum
701 1843 839 1878 acceperit.
876 1842 999 1869 Meminit

211 1891 351 1926 Nyssenus
375 1891 470 1926 ipsein
492 1891 544 1918 fine
566 1890 660 1926 scripti
679 1889 715 1917 De
736 1889 941 1924 engastrimytho
964 1888 996 1916 ad

213 1937 337 1964 eumdem
355 1935 550 1962 Theodosium.
693 1939 697 1942 ‘

248 1979 431 2007 Damasccnus
450 1981 478 2006 in
496 1980 638 2007 Parallelis
654 1988 680 2014 p.
698 1981 750 2007 775
763 1980 829 2007 citat
842 1979 996 2015 Nyssenum

212 2026 241 2054 in
256 2026 322 2053 illud
338 2035 344 2052 :
358 2025 408 2052 Hic
427 2031 466 2052 est
481 2025 566 2053 Filius
584 2034 655 2053 utens
671 2026 791 2052 dilectus.

250 2071 410 2107 Euthymius
426 2071 453 2098 in
473 2071 602 2105 Panoplia
619 2071 696 2098 affert
712 2072 841 2098 nonnuila
854 2072 885 2098 ὲκ
897 2072 946 2106 τῆς
956 2072 999 2097 λε‹

213 2118 331 2152 γομὲνης
348 2115 416 2143 εἷναι
432 2117 478 2143 τοῦ
499 2116 673 2152 Naso-rigata!
694 2117 862 2152 καλουμένης
877 2117 999 2151 Θεογνω-

214 2171 282 2193 σιας.

1045 888 1091 915 sed
1105 888 1150 915 illa
1167 888 1366 922 interpretatio,
1382 887 1453 922 quod
1470 887 1568 919 sciam,
1588 887 1674 914 lucem
1700 893 1754 913 non
1784 891 1830 912 as-

1048 934 1132 969 perit.

1082 979 1306 1007 Grazco-Latinze.
1320 995 1354 1000 —
1367 980 1455 1008 Paris.
1479 980 1557 1012 1615,
1577 980 1595 1006 2
1610 979 1741 1011 volumin,
1771 978 1829 1009 fol.,

1048 1029 1162 1052 curante
1177 1024 1314 1051 Frontone
1333 1024 1443 1056 Ducaao,
1456 1032 1488 1052 ex
1508 1024 1616 1052 officina
1630 1023 1794 1052 Nivelliana.

1083 1070 1223 1104 Appendix
1234 1070 1298 1097 ibid.
1314 1070 1392 1103 1618,
1406 1070 1464 1103 fol.,
1476 1077 1508 1097 ex
1517 1069 1695 1105 suppeditatis
1706 1073 1733 1096 ct
1743 1073 1832 1096 trans-

1049 1115 1140 1143 missis
1157 1123 1170 1141 a
1187 1115 1290 1142 Iacobo
1303 1115 1441 1143 Gretsero.

1083 1160 1171 1188 Paris.
1192 1161 1272 1192 1658,
1288 1161 1336 1188 fol.
1354 1162 1443 1189 tribus
1460 1161 1573 1192 volum.,
1591 1161 1617 1188 in
1640 1168 1692 1194 qua
1713 1160 1832 1188 editione

1048 1205 1116 1232 nihil
1132 1210 1230 1240 pra’ter
1243 1207 1418 1241 appendicem
1436 1206 1490 1240 jam
1508 1211 1685 1233 memoratam
1705 1206 1831 1235 accessit.

1049 1257 1110 1277 cum
1127 1250 1229 1285 alioqui
1244 1258 1293 1277 nec
1310 1254 1365 1277 tam
1384 1251 1469 1278 nitida
1483 1250 1528 1282 sit,
1546 1259 1595 1278 nec
1610 1256 1664 1277 tam
1679 1250 1831 1281 emendata,

1049 1302 1131 1330 quam
1148 1295 1223 1329 prior
1248 1294 1409 1322 Nirelliana.
1441 1295 1477 1322 De
1501 1301 1617 1331 utraque
1646 1295 1795 1326 Labbeutn.
1810 1295 1832 1322 si

1050 1340 1148 1375 placet,
1167 1340 1229 1367 vide
1247 1343 1274 1367 et
1291 1340 1438 1367 Oudinum.
1457 1339 1541 1367 Fann.

1087 1385 1139 1412 Sed
1154 1392 1234 1420 quam
1250 1386 1405 1414 necessaria
1422 1387 1457 1413 sit
1472 1393 1540 1413 nova
1560 1385 1640 1421 Greg.
1653 1385 1733 1421 Nyss.
1753 1386 1796 1413 ed.
1818 1393 1833 1413 e

1050 1430 1129 1458 codd.
1144 1430 1323 1463 emendanda,
1339 1436 1366 1458 et
1376 1439 1407 1458 ex
1424 1431 1477 1458 illis
1493 1436 1519 1458 et
1541 1431 1667 1466 Zaeagnii
1685 1435 1765 1465 atque
1782 1430 1834 1458 Ca-

1051 1476 1162 1503 raccioli
1176 1476 1253 1503 editt.
1274 1477 1430 1504 memoratis
1450 1477 1651 1512 Iocupletanda.
1664 1485 1696 1504 ev
1718 1477 1762 1507 iis.
1775 1483 1834 1511 quae

1050 1522 1192 1557 hucusque
1209 1530 1224 1549 a
1240 1530 1284 1550 me
1296 1526 1323 1550 et
1338 1529 1352 1549 a
1369 1522 1496 1550 Fabricio
1510 1523 1652 1550 observata
1670 1528 1744 1554 sunt,
1757 1523 1834 1549 facile

1051 1568 1177 1595 elucebit.
1198 1568 1391 1603 Amplissimus
1410 1573 1500 1596 autem
1528 1569 1619 1596 futuro
1643 1569 1740 1596 eilitori
1764 1573 1834 1603 patet

1050 1621 1176 1648 campus,
1195 1613 1223 1640 in
1249 1621 1303 1648 quo
1321 1614 1393 1641 vires
1422 1613 1534 1649 ingenii,
1556 1614 1729 1646 eruditionis,
1754 1619 1835 1648 atque

1050 1660 1197 1695 diligentiae
1211 1667 1273 1687 cum
1285 1659 1365 1687 laude
1379 1660 1480 1694 pariter
1494 1667 1525 1686 ac
1537 1660 1652 1686 utilitate
1665 1660 1751 1694 possit
1763 1666 1835 1686 εκεῖ-

1050 1713 1122 1733 cere.

1084 1752 1189 1779 Aldina:
1200 1751 1333 1779 editiones
1355 1755 1444 1781 sunt:
1472 1751 1596 1786 Gregorii
1627 1751 1742 1787 Nysseni
1767 1751 1835 1779 liber

1050 1796 1090 1825 De
1113 1798 1226 1829 homine,
1241 1806 1303 1824 cum
1322 1797 1436 1832 Gregor.
1457 1797 1680 1825 Nazianz.oratt.
1702 1797 1747 1829 IX.
1777 1805 1836 1832 quae

1049 1843 1141 1870 om.tia
1164 1850 1236 1869 nunc
1255 1843 1371 1877 primum
1382 1844 1602 1871 emendatissima
1616 1844 1642 1871 in
1668 1845 1753 1871 lucent
1773 1853 1836 1879 pro-

1050 1889 1146 1921 deunt,
1178 1888 1224 1916 Gr.
1258 1887 1355 1916 Venet.
1381 1889 1408 1916 in
1428 1890 1533 1916 aedibus
1552 1891 1611 1917 her.
1629 1890 1689 1917 Aldi
1706 1894 1733 1917 et
1750 1890 1834 1917 Andr.

1050 1934 1163 1962 Asulani
1180 1934 1278 1961 soceri.
1297 1934 1376 1965 1.356,
1395 1935 1421 1962 8.
1439 1950 1474 1956 -—
1496 1935 1576 1970 Greg.
1605 1935 1684 1971 Nyss.
1705 1935 1835 1972 opuscula

1051 1979 1148 2008 Venet.
1165 1980 1236 2015 apud
1249 1979 1311 2006 Aldi
1337 1981 1407 2007 filios
1432 1981 1509 2013 1553,
1531 1981 1558 2009 8.
1589 1996 1623 2001 ——
1647 1982 1799 2009 Coneiones
1820 1990 1836 2009 ν

1052 2025 1089 2052 De
1103 2027 1222 2053 oratione
1235 2025 1352 2054 Domini.
1370 2026 1465 2061 Ejusd.
1479 2027 1625 2054 conciones
1636 2031 1698 2054 octo
1710 2028 1748 2054 De
1760 2028 1837 2055 licata

1051 2072 1113 2098 ιιίια.
1125 2071 1226 2100 Omnes
1241 2080 1256 2099 a
1266 2072 1347 2100 Petro
1362 2072 1500 2100 Galesinio
1509 2080 1648 2100 conversa:
1662 2083 1668 2100 τ
1683 2074 1724 2102 his
1740 2075 1837 2109 adjun-

1050 2123 1092 2145 cta
1109 2122 1151 2146 est
1166 2119 1200 2146 ab
1211 2118 1305 2146 eodem
1323 2119 1438 2154 Nysseni
1454 2119 1518 2149 vita.
1545 2127 1560 2147 e
1583 2120 1721 2147 veteribus
1743 2127 1837 2149 aucto-

1052 2164 1127 2192 ribus
1144 2165 1267 2192 colleeta.
1279 2165 1381 2198 Romae,
1391 2164 1478 2192 Pauli.
1492 2164 1639 2198 Manutius,
1653 2166 1732 2197 1565.
1748 2167 1775 2193 4.

248 2209 320 2236 Idem
342 2216 373 2236 ex
393 2207 517 2244 Nysseno
537 2198 571 2234 αὶι
596 2208 736 2235 Ablabium
748 2208 870 2243 quaedam
889 2209 997 2241 recitat,
1014 2221 1036 2248 ι)
1086 2210 1225 2246 Frequens
1251 2212 1355 2238 mentio
1382 2212 1512 2246 quoniam
1553 2212 1623 2238 facta
1646 2216 1689 2239 est
1709 2212 1836 2240 editionis

214 2261 274 2288 qua
291 2261 346 2280 non
364 2254 491 2287 leguntur
511 2253 538 2279 in
554 2254 656 2288 scripto
668 2252 708 2279 Ad
728 2252 879 2285 Ablabium,
895 2254 927 2280 de.
943 2261 998 2288 quo

214 2306 307 2332 supra,
321 2305 363 2324 nr.
381 2297 425 2325 30.
449 2301 451 2303 '

372 2342 442 2371 VIII.
457 2344 593 2371 Editiones
607 2351 711 2377 operum
729 2344 852 2380 Nysseni.

249 2389 402 2416 Latinw.—
421 2389 558 2420 Coloniae,
583 2389 661 2423 1557,
686 2390 745 2423 fol.,
765 2389 844 2423 cujus
870 2389 998 2417 editionis

215 2436 337 2463 notitiam
356 2440 446 2470 petere
461 2436 525 2463 licet
539 2443 570 2463 ex
590 2435 753 2462 Bibliotheca
768 2435 893 2463 Gcsneri.

253 2481 334 2508 Basil.
350 2481 428 2512 1562,
445 2480 503 2513 fol.,
516 2481 644 2515 pleraque
655 2480 801 2507 Laurentio
815 2479 1001 2507 Sifanointer-

216 2532 301 2561 prete.
310 2526 385 2553 Ilanc
397 2526 542 2554 editionem
556 2531 679 2553 recenset
688 2526 869 2554 Bellarminus
882 2526 915 2552 de
928 2526 957 2554 S.
968 2526 998 2553 E.

252 2571 335 2598 Basil.
354 2571 431 2603 1571,
450 2571 509 2601 fol.,
521 2570 608 2598 Paris.
623 2572 702 2603 1575,
719 2571 777 2603 fol.,
794 2579 853 2609 quae
862 2571 945 2598 editio
962 2579 1001 2598 re-

215 2621 342 2645 censetur
357 2625 373 2643 a
398 2616 545 2645 Possevino
559 2618 585 2644 in
600 2618 736 2651 Apparatn
752 2617 780 2644 S.
812 2617 899 2645 Paris.
921 2617 1000 2649 1605,

217 2663 400 2694 fol.,curante
424 2662 563 2690 Frontone
589 2662 698 2697 Duczeo,
720 2671 780 2699 qua:
803 2667 830 2691 et
857 2664 961 2698 plenior
975 2668 1002 2690 et

215 2709 371 2736 accuratior
383 2709 488 2736 czeteris
507 2713 548 2737 est
563 2709 657 2736 editio.

250 2753 503 2782 CarolurnBovium
525 2753 641 2789 Nysscni
672 2761 754 2789 opera
787 2754 902 2781 vertisse
928 2754 1001 2789 legas

215 2798 243 2826 in
260 2804 333 2826 tomo
349 2799 382 2827 IX
413 2798 502 2826 Italiae
522 2799 560 2826 8..
575 2799 738 2826 Fcrdinandi
761 2799 866 2834 llghelli
899 2807 924 2834 p.
955 2799 1000 2831 60,

1053 2255 1201 2287 Ιῐωδείιριη
1218 2257 1341 2284 curatius
1357 2264 1416 2284 eam
1438 2262 1464 2284 et
1473 2261 1582 2292 propter
1596 2258 1735 2286 raritatem
1752 2259 1835 2290 illius.

1053 2309 1113 2337 quae
1128 2309 1210 2337 penes
1229 2309 1273 2329 me
1288 2307 1340 2333 est,
1357 2306 1385 2329 et
1404 2307 1516 2337 propter
1535 2303 1719 2332 additamenta
1734 2304 1837 2332 descri-

1052 2347 1124 2375 bam.
1138 2347 1241 2382 Inlegra
1251 2352 1340 2374 autem
1351 2352 1393 2375 est
1405 2348 1563 2383 inscriptio:
1578 2358 1586 2374 ι
1598 2348 1627 2376 1).
1637 2349 1759 2385 Gregorii
1773 2350 1838 2386 Nyso

1051 2392 1108 2419 seni
1119 2393 1249 2426 opuscula
1261 2393 1406 2427 quinque.»
1422 2394 1441 2420 1.
1454 2393 1491 2420 De
1504 2395 1665 2428 professione
1674 2395 1835 2425 Christiana.

1050 2438 1082 2464 11.
1100 2438 1136 2464 De
1149 2438 1314 2472 perfectione,
1324 2444 1348 2465 et
1360 2430 1463 2473 qualem
1479 2440 1660 2468 Christianum
1673 2450 1728 2469 esse
1737 2442 1837 2471 deceat.

1049 2480 1093 2507 111.
1108 2482 1260 2517 Anngugica
1270 2484 1328 2509 vita;
1344 2482 1446 2517 Moysis
1459 2485 1604 2516 enarratio,
1616 2492 1668 2519 qua
1678 2485 1740 2512 vitm
1759 2485 1839 2513 Chri-

1051 2528 1146 2555 stianae
1158 2528 1267 2562 quidam
1285 2528 1307 2555 is
1320 2532 1401 2563 typus
1426 2529 1512 2557 fuisse
1524 2529 1689 2557 ostenditur.
1705 2529 1749 2556 IV.
1765 2530 1838 2557 Con-

1052 2578 1095 2600 tra
1106 2574 1312 2608 Apollinarium.
1335 2573 1366 2601 V.
1383 2574 1421 2601 De
1439 2575 1502 2609 ﬁde.
1524 2575 1616 2603 Graece
1632 2583 1705 2603 nunc
1718 2576 1838 2611 primum

1051 2619 1122 2646 edita
1134 2619 1224 2646 studio
1235 2625 1261 2646 et
1274 2627 1356 2654 opera
1376 2619 1485 2648 Davidis
1499 2620 1656 2654 Hceschelii,
1674 2622 1838 2657 Augustani,

1052 2663 1138 2699 Lugd.
1159 2664 1251 2691 Batav.
1266 2673 1298 2692 ex
1317 2665 1390 2692 offic.
1417 2665 1536 2693 Plantin.
1558 2668 1630 2702 apud
1653 2667 1755 2696 Franc.
1782 2669 1839 2696 lla-

1053 2710 1333 2744 phelengium,1595,
1351 2711 1377 2744 8,
1393 2719 1425 2738 ex
1444 2711 1523 2739 codd.
1539 2712 1656 2748 August.
1682 2719 1709 2742 et
1730 2715 1840 2742 Maximi

1053 2754 1197 2789 Margunii;
1214 2755 1246 2782 de
1262 2756 1361 2789 quibus
1375 2757 1429 2790 agit
1443 2757 1469 2784 in
1487 2758 1602 2792 prmfat.,
1618 2764 1644 2787 et
1657 2767 1707 2796 ego
1715 2760 1839 2795 quaedam

1057 2800 1183 2828 adnotavi
1197 2801 1223 2828 in
1237 2800 1387 2829 Introduct.
1406 2807 1459 2829 etc.
1478 2803 1507 2836 ll,
1528 2804 1556 2836 ‘2,
1569 2813 1595 2840 p.
1616 2805 1680 2840 255,
1705 2815 1747 2839 su.
1767 2806 1842 2837 0υο-
