1976 3077
223 102 257 130 «Π
804 100 832 127 S.
852 99 1049 128 GREGORIUS
1066 96 1220 126 NYSSENU
1226 97 1253 125 S.
1807 95 1842 124 68

259 161 369 188 Lectum
392 164 433 188 est
456 161 570 187 alterum
597 159 719 195 ejusdem
740 159 866 195 Gregorii
890 159 1004 196 Nysseni
1021 166 1043 194 Α

223 214 301 241 opus.
325 206 358 234 de
379 205 473 233 eadem
501 205 559 240 ipsa
579 213 608 232 re
626 214 633 232 :
650 204 677 232 in
690 212 744 239 quo
766 205 918 232 rationibtts
940 205 1008 232 vali-

223 252 348 279 dioribus
369 258 430 277 cum
450 250 585 277 Eunomio
605 257 702 277 manus
720 257 879 283 conserens,
901 258 964 277 eum
983 249 1007 277 vi

222 300 378 331 expugnat,
404 294 496 321 omnia
525 294 675 329 impietatis
702 293 872 321 ﬁrmamenta
906 294 1008 321 labefa-

222 343 310 366 ctans.
330 338 463 365 Venustas
479 345 544 365 vero
561 337 704 370 orationis,
720 342 748 365 et
763 338 891 373 splendor
908 338 1009 373 jucun-

223 384 307 412 ditale
336 384 446 417 mistus,
474 384 557 412 etiam
585 384 613 411 in
638 384 690 412 hoc
714 391 796 419 opere
825 385 952 412 decenter
979 392 1009 413 se

223 431 351 459 ostendit.

540 483 583 511 Ea:
597 485 691 512 Suida.

259 530 406 566 Gregorius
415 529 557 567 Nyssenus
575 531 732 566 episcopus,
749 529 841 558 Basilii
859 530 1009 557 Caesarien-

225 578 264 605 sis
281 577 376 609 frater,
402 577 444 604 vir
466 580 494 604 et
519 577 578 611 ipse
598 576 725 612 insignis,
741 577 870 611 omnique
885 577 1009 603 doctrina

225 622 387 653 exuberans,
405 621 539 648 addictior
552 625 641 649 tamen
660 622 812 649 rhetorices
825 622 934 654 studiis.
953 625 1009 649 tam

225 667 330 694 celeber
347 668 549 702 prmelarusque
565 667 591 694 in
611 675 643 695 ea
655 668 751 700 evasit,
769 675 849 702 quam
866 667 1009 702 quisquam

226 719 357 740 veterum.
380 713 406 740 is
419 713 581 747 conscripsit
600 713 738 748 egregium
764 713 862 739 librum
880 712 1010 739 Adversus

227 758 399 790 Eunomium,
428 763 484 785 tum
507 766 575 794 opus
604 759 793 785 admirandum
822 758 860 785 De
879 759 1012 784 creatione

226 804 358 836 hominis;
382 805 536 839 complures
565 808 695 839 praeterea
721 804 878 835 conciones,
904 808 959 830 tum
984 804 1010 830 in

227 849 339 877 Cantica
355 850 530 880 canticorum,
542 853 624 884 atque
645 849 670 875 in
684 848 861 876 Ecclesiasten
877 857 885 875 :
905 852 962 875 tum
977 848 1010 874 ad
1028 835 1046 862 Β

227 904 341 922 sororem
364 895 513 922 Macrinam
533 902 660 929 magnum
682 899 709 921 et
731 895 925 929 perpulchrum
947 894 1011 921 Ser-

227 949 334 968 monem
356 941 395 968 De
418 942 508 968 anima
522 940 685 975 composuit,
703 941 841 975 multaque
863 940 915 967 alia
939 948 1013 967 com-

228 992 335 1014 mentus
361 991 404 1014 est
434 995 492 1016 :ex
530 987 630 1022 quibus
659 987 764 1013 Celebre
786 986 851 1013 illud
885 986 1014 1021 Stephani

229 1033 437 1068 protomartyris
454 1033 620 1066 encomium,
635 1037 663 1061 et
677 1032 800 1068 Gregorii
819 1032 1014 1059 miraculorum

229 1078 333 1114 opiﬁcis
353 1079 406 1106 vita
421 1078 565 1106 habentur.

1098 158 1266 194 ’Δνεγνώσθη
1284 158 1366 193 ἑτέρα
1389 155 1563 192 πραγματεία
1579 155 1627 183 τοῦ
1642 155 1724 183 αὑτοῦ
1737 156 1843 192 Γρηγο-

1058 205 1116 240 ρίου
1131 205 1251 239 Νύσσης,
1268 203 1332 239 περὶ⁸
1351 204 1400 238 τῆς
1419 202 1505 237 αὐτῆς
1528 201 1681 234 ὑποθέσεως
1694 210 1701 217 ·
1726 202 1755 228 ἐν
1798 200 1844 226 λο-

1057 252 1205 286 γικώτερον
1222 249 1346 284 Εὗνομίῳ
1364 249 1543 283 συμπλακεὶς,
1557 248 1627 275 κατὰ
1643 248 1744 283 κράτος
1759 247 1842 282 αίρεῖ,

1059 297 1145 323 πάντα
1169 295 1310 330 σαθρώσας
1335 295 1384 330 τῆς
1403 293 1559 325 δυσσεϐείας
1577 292 1660 320 αὐτοῦ
1684 292 1719 319 τὰ
1740 293 1844 328 ὀχυρώ-

1060 350 1141 376 ματα.
1170 341 1206 368 Τὸ
1229 340 1258 367 δὲ
1282 340 1379 372 κάλλος
1400 339 1446 366 τοῦ
1470 339 1561 373 λόγου.
1585 339 1631 366 καὶ
1651 339 1668 374 ἡ
1691 338 1844 374 σύγκρατος

1058 386 1234 421 λαμπρότης,
1261 384 1410 419 γλυκύτητι
1434 383 1574 411 κάνταῦθα
1599 382 1760 418 διαπρεπῶς
1784 384 1844 410 ἐπι-

1059 431 1193 458 δείκνυται

1327 487 1377 513 Ἐκ
1392 484 1451 514 τῶν
1464 486 1584 513 Σουίδα.

1095 535 1243 571 Γρηγόριος
1264 533 1374 568 Νύσσης
1396 532 1553 563 ἐπίσκοπος,
1576 531 1690 566 ἁδελφὸς
1706 530 1845 558 Βασιλείου

1059 580 1107 607 τοῦ
1121 580 1282 614 Καισαρέως
1296 587 1303 594 ·
1328 578 1397 613 ἀνὴρ
1411 578 1458 604 καὶ
1475 577 1555 608 αὐτὸς
1572 577 1785 611 ἐλλογιμώτατος
1799 577 1846 603 καὶ

1061 627 1151 661 πάσης
1170 625 1299 660 ὑπάρχων
1323 625 1445 656 παιδείας
1466 623 1607 654 ἀνάπλεως
1620 632 1626 638 ·
1650 623 1846 658 προσκείμενος

1060 673 1088 698 δὲ
1104 672 1202 707 μᾶλλον
1217 672 1273 702 τοῖς
1294 671 1326 704 τῇ
1347 670 1477 705 ῥητορικῇ
1498 668 1632 704 χαίρουσι.
1653 669 1707 695 Καὶ
1723 668 1788 702 γοῦν
1803 669 1847 694 εὐ-

1061 718 1170 752 δόκιμος
1186 717 1214 742 ἐν
1229 715 1314 752 ταύτῃ
1328 715 1483 750 γεγένηται,
1500 715 1547 740 καὶ
1561 714 1694 750 λαμπρὸς,
1704 713 1730 740 εῐ
1743 723 1784 745 τις
1800 714 1846 740 ἆλ-

1061 762 1107 794 λος
1121 762 1174 788 τῶν
1187 761 1271 788 πάλαι
1284 760 1370 796 ταύτῃ
1388 759 1576 794 γεγενημένων
1592 767 1598 775 ·
1623 756 1699 790 οὗτος
1721 758 1846 790 συνέταξε

1063 807 1282 840 κατἘὺν-ομίου
1297 806 1375 840 λόγον
1391 805 1540 840 ἐξαίρετον,
1556 805 1603 831 καὶ
1624 804 1719 839 τεῦχος
1742 804 1849 839 θαυμά-

1063 861 1118 879 σιον
1128 853 1172 885 εἰς
1183 852 1240 884 τὴν
1252 851 1304 878 τοῦ
1316 850 1472 884 ἀνθρώπου
1488 850 1680 884 κατασκευήν
1689 858 1695 865 ·
1718 849 1803 881 ἄλλως
1819 858 1847 875 τε

1061 898 1165 929 πυκνὰς
1180 898 1227 924 καὶ
1241 898 1361 932 συνεχεῖς
1373 897 1492 931 ὁμιλίας,
1506 897 1551 928 εἷς
1564 905 1595 922 τε
1610 896 1646 922 τὰ
1659 895 1776 930 ᾅσματα
1790 895 1850 921 τῶν

1061 943 1215 977 ᾀσμάτων,
1239 943 1286 969 καὶ
1308 944 1351 975 εις
1365 943 1420 969 τὸν
1444 941 1700 974 Ἐκκλησιιιστήν”
1716 941 1762 968 καὶ
1774 941 1850 974 πρὸς·

1063 988 1119 1022 τὴν
1128 988 1266 1022 ἀδελφὴν
1280 988 1444 1021 Μακρίναν,
1464 986 1568 1020 μακρόν
1578 994 1637 1012 τινα
1647 986 1693 1012 καὶ
1704 986 1853 1022 περικαλλῆ

1064 1033 1131 1068 περὶ
1147 1033 1250 1068 ψυχῆς
1264 1033 1394 1067 συνέθηκε
1412 1033 1489 1066 λόγον
1499 1041 1505 1047 ·
1524 1032 1591 1058 ἄλλα
1603 1039 1633 1057 τε
1647 1030 1731 1057 πολλὰ
1749 1038 1850 1065 γεγρα-

1067 1080 1147 1115 φήκει
1158 1089 1164 1095 ·
1190 1081 1237 1106 καὶ
1253 1079 1475 1114 πολυθαύμαστον
1488 1078 1596 1104 ἔπαινον
1612 1076 1659 1103 τοῦ
1676 1076 1783 1111 πρώτου
1797 1075 1851 1102 τῶν

1068 1125 1214 1161 μαρτύρων
1237 1125 1384 1160 Στεφάνου,
1403 1125 1450 1151 καὶ
1475 1124 1531 1159 βίον
1551 1123 1580 1150 δὲ
1601 1121 1728 1154 συνέταξε
1748 1122 1851 1157 Γρηγο-

1070 1171 1126 1208 ρίου
1141 1171 1188 1198 τοῦ
1204 1172 1232 1198 ὲν
1249 1170 1369 1206 θαύμασι
1381 1169 1588 1205 διαλάμψαντος.

265 1229 331 1262 Quis
355 1233 526 1264 quantusque
550 1228 592 1255 vir
612 1228 693 1256 fuerit
713 1228 861 1263 Gregorius
884 1227 1034 1264 Nyssenus,
1059 1229 1139 1257 docet
1167 1229 1388 1264 Martyrologium
1413 1228 1560 1255 Romanum
1586 1227 1621 1254 ιχ
1638 1226 1738 1254 Martii.
1757 1223 1852 1259 Nyua:

231 1276 358 1311 depasitio
380 1274 409 1302 S.
432 1273 549 1308 Gregorii
571 1274 695 1308 episcopi,
720 1274 814 1308 fratris
834 1273 931 1300 Basilii
950 1273 1052 1309 Magni,
1071 1275 1124 1302 vita
1141 1280 1166 1302 et
1187 1275 1333 1302 eruditione
1357 1274 1510 1306 clarissimi,
1532 1274 1577 1309 qui
1591 1273 1621 1299 ob
1637 1272 1699 1307 ﬁdei
1716 1270 1852 1298 catholica!

231 1323 406 1358 defensionem
418 1321 464 1348 sub
481 1321 586 1348 Valente
610 1322 767 1354 imperatore
786 1321 887 1347 Ariano
906 1322 1014 1355 civitate
1025 1331 1075 1349 sua
1083 1323 1175 1356 pulsus
1188 1329 1237 1350 est.

794 1364 925 1392 Memeum
940 1364 1092 1393 Graecorum
1107 1366 1130 1393 Χ
1147 1366 1285 1395 Januarii.

269 1410 319 1438 llic
333 1415 392 1438 erat
409 1410 493 1437 frater
506 1410 597 1438 Basilii
616 1409 715 1445 Magni,
731 1410 888 1446 eloquentia
904 1411 1017 1446 praecla-

233 1466 281 1485 rus
300 1461 327 1485 et
353 1456 510 1483 orthodoxae
527 1456 587 1482 ﬁdei
600 1457 752 1488 aamulator,
774 1461 916 1491 propterea
935 1458 1018 1484 etiam

1106 1410 1190 1446 Οὗτος
1203 1412 1237 1450 ἦν
1249 1414 1363 1449 ἀδελφὸς
1380 1414 1426 1441 τοῦ
1443 1414 1560 1450 μεγάλου
1578 1412 1716 1439 Βασιλείου
1730 1410 1855 1446 λαμπρὸς

1071 1458 1100 1484 ἐν
1122 1458 1212 1492 λόγοις
1232 1460 1279 1486 καὶ
1299 1460 1349 1494 τῆς
1363 1460 1502 1494 ὁρθοδόξου
1516 1459 1632 1489 πίστεως
1651 1457 1784 1492 ζηλωτής.
1807 1456 1857 1483 Διά

235 1504 364 1530 Ecclesia:
378 1502 423 1530 Dei
445 1502 568 1537 praefuit;
589 1506 615 1529 et
630 1510 692 1529 cum
707 1503 771 1534 illis,
800 1503 847 1537 qui
863 1503 1020 1530 Constanti-

1073 1513 1113 1531 τοι
1128 1504 1207 1531 τοῦτο
1222 1505 1331 1540 καὶτῆς
1353 1505 1515 1540 Ἐκκλησίας
1530 1504 1647 1539 Χριοτοῠ
1663 1504 1792 1539 προέστη,
1808 1502 1856 1528 καὶ

236 1549 327 1584 nopoli
345 1549 492 1576 secundam
509 1548 642 1582 synodum
666 1549 839 1576 celebrarunt
854 1554 948 1577 contra
968 1550 1019 1577 im-

236 1596 296 1630 pias
312 1595 427 1622 hazreses
453 1598 518 1621 tunc
532 1598 720 1629 exsurgentes,
746 1594 876 1622 invictum
903 1596 1020 1630 pugilem

237 1649 298 1669 sese
312 1640 436 1675 praebuit,
456 1640 621 1667 adversariis
635 1640 744 1667 dicendi
767 1641 888 1675 potentia
905 1646 930 1668 et
946 1641 1022 1668 Scri-

238 1690 378 1722 pturarum
407 1685 686 1712 demonstrationibus
712 1685 872 1720 proﬂigatis.
899 1685 927 1712 In
948 1686 1023 1713 omni

237 1732 310 1760 enim
325 1731 457 1758 orationis
471 1738 571 1765 genere
582 1731 760 1762 exercitatus,
774 1735 802 1758 et
812 1731 922 1758 virtutis
937 1731 1023 1765 gloria

240 1777 367 1808 illustris,
385 1777 438 1804 vim
456 1781 483 1804 et
500 1777 584 1804 robur
598 1777 727 1808 obtinuit.
746 1780 773 1804 et
787 1777 820 1803 ad
833 1777 934 1810 justam
947 1784 1026 1805 sene-

239 1827 340 1851 ctutem
353 1825 507 1857 provectus,
520 1821 696 1854 obdormivit,
707 1826 734 1848 et
744 1821 778 1848 ad
793 1821 935 1848 Dominum
947 1822 1023 1848 abiit.

241 1869 306 1896 Erat
322 1873 411 1894 autem
433 1867 557 1901 corporis
570 1866 766 1894 constitutione
785 1871 811 1894 et
825 1867 910 1902 ﬁgura
925 1867 1024 1895 similis

241 1922 290 1950 per
304 1914 399 1941 omnia
423 1913 502 1940 fratri
527 1920 578 1939 suo
601 1911 714 1944 Basilio.
740 1916 853 1948 excepta
874 1913 974 1940 canitie
998 1916 1025 1940 et

242 1961 332 1988 minus
344 1960 463 1995 gratioso
487 1962 604 1993 tdpcctu.

1073 1550 1142 1585 μετὰ
1156 1550 1210 1577 τῶν
1224 1550 1446 1585 συγκροτούντων
1457 1551 1506 1585 τὴν
1529 1551 1558 1576 ὲν
1572 1548 1856 1576 Κωνσταντινουπόλει

1069 1595 1199 1630 δευτέραν
1222 1595 1329 1622 σύνοδον
1354 1595 1425 1622 κατὰ
1439 1595 1492 1621 τῶν
1511 1594 1648 1621 δυσσεὸὦν
1662 1594 1793 1629 αἱρέσεων
1812 1594 1857 1619 ὲν-

1073 1640 1224 1675 ισταμένων
1248 1640 1333 1667 ὲλθὼν
1352 1641 1510 1675 ὑπέρμαχος
1530 1639 1629 1675 εὑρέθη
1642 1639 1704 1671 τοὺς
1720 1638 1858 1669 ἐναντίους

1071 1686 1158 1720 λόγων
1170 1687 1283 1721 δυνάμει
1306 1687 1353 1713 καὶ
1375 1687 1525 1722 γραφικωίς
1545 1685 1697 1717 ἀποδείξεσι
1716 1683 1859 1719 τροπωσά-

1074 1739 1164 1766 μενος.
1178 1731 1227 1757 Διὰ
1243 1731 1297 1766 γὰρ
1310 1731 1400 1766 πάσης
1415 1730 1500 1756 ἐλθὼν
1513 1730 1587 1761 ὶδέας
1597 1730 1685 1764 λόγων
1699 1729 1746 1756 καὶ
1759 1729 1859 1764 ἀρετῆς

1073 1776 1247 1811 εὐδοκιμήσει
1259 1776 1289 1802 τὸ
1300 1775 1399 1811 κράτος
1415 1775 1531 1807 ἐδέξατο.
1547 1775 1601 1801 Καὶ
1617 1774 1721 1808 φθάσας
1739 1774 1768 1799 ὲν
1778 1775 1859 1807 γήρει

1073 1821 1148 1856 καλῷ
1169 1821 1302 1856 ἐκοιμήθη
1313 1840 1320 1852 ,
1344 1820 1390 1847 καὶ
1406 1820 1474 1855 πρὸς
1490 1819 1592 1855 Κύριον
1605 1819 1781 1854 ἐξεδήμησεν.
1804 1814 1859 1844 Ἦν

1073 1866 1102 1892 δὲ
1128 1867 1199 1893 κατὰ
1223 1867 1268 1893 τὸν
1292 1865 1338 1892 τοῦ
1365 1866 1490 1901 σώματος
1514 1866 1598 1892 τύπον
1621 1864 1691 1891 κατὰ
1711 1864 1801 1890 πάντα
1819 1863 1860 1898 τῷ

1074 1911 1182 1946 ἀδελφῷ
1193 1911 1325 1946 Βασιλειῳ
1337 1911 1513 1946 προσεοικὼς,
1528 1910 1597 1945 πλὴν
1609 1910 1655 1937 τοῦ
1667 1908 1758 1936 πολιοῦ
1769 1916 1799 1934 τε
1813 1908 1862 1935 καὶ

1079 1958 1258 1993 χαριεστάτου
1273 1958 1319 1983 ἐπὶ
1334 1957 1430 1992 βραχύ.

753 2006 782 2033 S.
797 2005 970 2040 Hieronymus
983 2005 1030 2033 lib.
1046 2005 1084 2033 De
1098 2006 1165 2032 viris
1182 2005 1345 2033 illustribus.

279 2051 418 2086 Gregorius
439 2051 573 2085 Nyssenus
590 2051 726 2086 episcopus
739 2052 823 2085 frater
836 2051 933 2078 Basilii
947 2051 1131 2081 Caesariensis,
1147 2055 1207 2078 ante
1223 2058 1320 2084 paucos
1336 2057 1417 2076 annos
1434 2049 1498 2076 mihi
1509 2053 1533 2076 et
1549 2048 1674 2084 Gregorio
1687 2049 1862 2077 Nazianzeno

243 2101 338 2126 contra
352 2095 585 2131 Eunomium-legit
596 2096 677 2123 libros
688 2105 696 2123 :
709 2097 753 2131 qui
764 2103 789 2123 et
800 2097 884 2123 multa
900 2097 956 2123 alia
972 2097 1116 2130 scripsisse,
1129 2101 1153 2123 et
1169 2097 1280 2123 scribere
1290 2096 1396 2122 dicitur.

281 2140 316 2175 Ut
338 2149 403 2168 vero
430 2146 486 2168 tota
509 2142 567 2169 hinc
591 2149 653 2168 cum
679 2141 813 2169 Eunomio
840 2143 1026 2170 controversia
1043 2147 1064 2174 D
1079 2142 1239 2174 contudisse,
1268 2150 1298 2168 ac
1311 2142 1396 2176 putidi
1417 2141 1552 2168 cadaveris
1571 2141 1666 2172 instar,
1683 2142 1738 2168 risu
1753 2141 1861 2176 dignum

245 2183 342 2216 melius
374 2187 548 2221 intelligatur,
587 2186 729 2214 sciendum
761 2191 814 2220 est,
850 2188 1025 2222 Ειηιοιιιίυηι,

245 2233 353 2260 Arianae
376 2236 457 2259 sectze
472 2231 679 2266 antesignanum
701 2235 728 2258 et
743 2230 832 2267 Cyzici
856 2234 1025 2268 episcopum,

245 2277 496 2314 pestilentissintum
524 2277 622 2303 librum
653 2275 970 2304 adversusorthodoxam
988 2279 1022 2306 de

244 2323 378 2351 Trinitate
386 2322 546 2350 sententiam
554 2322 685 2351 edidisse:
700 2321 734 2348 de
747 2330 802 2357 quo
813 2323 904 2350 libello
915 2323 1028 2351 Photins

245 2367 273 2394 in
288 2374 337 2395 sua
354 2366 515 2393 Bibliotheca
531 2366 587 2401 (u):
599 2365 662 2401 Legi
685 2367 802 2396 libellum
821 2368 953 2400 Eunomii,
977 2378 1028 2404 qua

245 2420 322 2440 suam
341 2413 396 2445 ipse
415 2412 501 2445 prodit
524 2412 694 2447 impietatem.
715 2414 791 2447 cujus
807 2414 848 2440 hic
866 2419 908 2441 est
924 2416 1028 2444 titulus.

246 2455 375 2483 Libellum
387 2455 463 2487 hunc,
471 2456 540 2491 quod
552 2456 723 2485 Eunomianis
730 2459 755 2484 in
766 2459 942 2487 admiratione
949 2466 1028 2492 esset,

246 2500 278 2526 de
289 2500 431 2533 industria,
453 2510 484 2529 ne
500 2501 534 2528 ad
547 2503 614 2530 alios
629 2505 782 2538 perveniret,
800 2506 971 2538 occultatum,
989 2507 1033 2534 vix

247 2545 351 2573 tandem
378 2551 470 2574 nactus
494 2546 610 2574 Basilius
635 2548 759 2583 Magnus,
789 2551 894 2584 fortiter
919 2559 978 2577 eum
1002 2559 1033 2577 ac

248 2590 391 2625 splendide,
403 2588 555 2628 omnemque
568 2593 632 2620 adeo
649 2595 753 2621 dicendi
768 2596 818 2622 vim
830 2604 860 2622 ac
876 2596 1032 2629 facultatem

246 2636 400 2669 pervadens,
417 2638 506 2665 evertit
530 2647 560 2665 ac
571 2639 719 2674 jagularit:
733 2640 831 2667 diceres
844 2650 902 2668 eum
914 2642 1030 2676 Babylo-

247 2682 334 2710 nicum
355 2682 484 2716 infantem
505 2683 540 2711 ad
557 2685 662 2720 firmam
687 2686 749 2720 ﬁdei
770 2692 871 2722 petram
895 2687 1031 2715 allidendo

283 2774 321 2804 ta)
338 2773 445 2802 Volum.
463 2775 524 2804 I57.

1082 2188 1235 2221 ostendisse,
1248 2187 1317 2222 quod
1334 2192 1434 2214 tantam
1449 2191 1509 2214 ante
1523 2187 1565 2213 sui
1578 2186 1781 2214 admirationem
1800 2187 1863 2214 aliis

1082 2233 1240 2260 concitarat.

1120 2280 1231 2307 Exstant
1246 2279 1336 2306 adhuc
1352 2279 1472 2314 quinque
1495 2278 1556 2305 libri
1571 2278 1602 2306 S.
1618 2278 1712 2306 Basilii
1738 2279 1862 2306 adversus

1085 2324 1254 2356 Eunomium,
1270 2327 1297 2350 et
1311 2324 1370 2358 ipse
1380 2323 1462 2350 etiam
1476 2323 1575 2358 impius
1587 2323 1711 2350 Eunomii
1725 2330 1864 2351 common.

1083 2371 1196 2398 tariolus
1225 2370 1253 2397 in
1272 2369 1446 2397 Bibliothecis
1474 2369 1623 2404 reperitur:
1648 2369 1809 2396 nominatim
1835 2369 1863 2395 in

1084 2417 1223 2450 Bavarica,
1250 2421 1277 2444 et
1301 2416 1328 2444 in
1356 2415 1450 2443 codice
1472 2413 1596 2445 Livineii,
1623 2418 1684 2448 post
1698 2413 1813 2449 Nysseni
1837 2413 1864 2441 in

1087 2463 1245 2490 Eunomium
1256 2463 1340 2490 libros
1356 2461 1531 2495 snbjungitur
1540 2459 1665 2486 Eunomii
1679 2459 1797 2491 libellus,
1813 2459 1865 2486 hac

1082 2508 1281 2543 inscriptione:
1310 2507 1342 2533 Ἡ
1365 2506 1411 2533 τοῦ
1436 2506 1568 2540 δόγματος
1589 2504 1720 2539 Εὐνομίαν
1746 2503 1863 2534 ἔκθεσις,

1083 2554 1220 2588 Expositio
1232 2553 1363 2587 dogmatis
1377 2551 1510 2582 Eunomii,
1527 2549 1600 2577 unde
1615 2549 1740 2576 fortassis
1755 2549 1864 2582 explere

1080 2600 1173 2627 licebit
1198 2599 1322 2625 lacunam
1338 2597 1509 2624 Photianam.
1524 2595 1673 2629 Praeposuit
1695 2594 1759 2620 huic
1783 2594 1863 2620 titulo

1080 2643 1190 2679 quidam
1218 2644 1275 2670 hsce
1291 2643 1394 2670 verba:
1426 2642 1509 2675 Σίγα,
1525 2640 1606 2676 μιαρὲ
1633 2640 1679 2666 καὶ
1703 2639 1791 2674 ψυχὴν
1816 2639 1863 2665 καὶ

1081 2688 1204 2724 καρδίαν.
1224 2688 1280 2716 Sile
1293 2693 1317 2715 et
1339 2687 1428 2714 animo
1449 2691 1473 2714 et
1490 2686 1567 2713 corde
1583 2685 1764 2713 exsecrabilis.
1783 2683 1862 2719 ltnpii
