  <div class='ocr_page' id='page_1' title='image "/cluster/home/n/w/nwhite01/storage/ocr_20150623/44/njp.32101009003169/030.png"; bbox 0 0 1976 3077; ppageno 0'>
   <div class='ocr_carea' id='block_1_1' title="bbox 138 163 1761 197">
    <p class='ocr_par' dir='ltr' id='par_1_1' title="bbox 138 163 1761 197">
     <span class='ocr_line' id='line_1_1' title="bbox 138 163 1761 197; baseline 0.002 -6"><span class='ocrx_word' id='word_1_1' title='bbox 138 163 174 191; x_wconf 70' lang='grc'><strong>49</strong></span> <span class='ocrx_word' id='word_1_2' title='bbox 812 164 1079 197; x_wconf 73' lang='lat' dir='ltr'><strong>PBOLEGOMENA.</strong></span> <span class='ocrx_word' id='word_1_3' title='bbox 1727 167 1761 194; x_wconf 77' lang='lat'><strong>50</strong></span> 
     </span>
    </p>
   </div>
   <div class='ocr_carea' id='block_1_2' title="bbox 139 221 936 264">
    <p class='ocr_par' dir='ltr' id='par_1_2' title="bbox 139 222 924 263">
     <span class='ocr_line' id='line_1_2' title="bbox 139 222 924 263; baseline 0.006 -14"><span class='ocrx_word' id='word_1_4' title='bbox 139 222 221 258; x_wconf 84' lang='lat' dir='ltr'><strong>hujus</strong></span> <span class='ocrx_word' id='word_1_5' title='bbox 235 223 330 259; x_wconf 86' lang='lat' dir='ltr'><strong>scripti</strong></span> <span class='ocrx_word' id='word_1_6' title='bbox 344 224 507 260; x_wconf 82' lang='lat' dir='ltr'><strong>principium</strong></span> <span class='ocrx_word' id='word_1_7' title='bbox 522 230 579 254; x_wconf 85' lang='lat' dir='ltr'><strong>est:</strong></span> <span class='ocrx_word' id='word_1_8' title='bbox 595 226 648 253; x_wconf 75' lang='grc' dir='ltr'><strong>Τοῦ</strong></span> <span class='ocrx_word' id='word_1_9' title='bbox 662 226 730 254; x_wconf 80' lang='grc' dir='ltr'><strong>Θεοῦ</strong></span> <span class='ocrx_word' id='word_1_10' title='bbox 741 227 788 254; x_wconf 76' lang='grc' dir='ltr'><strong>καὶ</strong></span> <span class='ocrx_word' id='word_1_11' title='bbox 798 227 924 263; x_wconf 80' lang='grc' dir='ltr'><strong>Σωτῆρος</strong></span> 
     </span>
    </p>
   </div>
   <div class='ocr_carea' id='block_1_3' title="bbox 990 221 1759 264">
    <p class='ocr_par' dir='ltr' id='par_1_3' title="bbox 990 221 1759 264">
     <span class='ocr_line' id='line_1_3' title="bbox 990 221 1759 264; baseline -0.007 -10"><span class='ocrx_word' id='word_1_12' title='bbox 990 227 1109 262; x_wconf 71' lang='lat' dir='ltr'><strong>multoque</strong></span> <span class='ocrx_word' id='word_1_13' title='bbox 1122 226 1204 262; x_wconf 86' lang='lat' dir='ltr'><strong>magis</strong></span> <span class='ocrx_word' id='word_1_14' title='bbox 1218 231 1316 264; x_wconf 79' lang='lat' dir='ltr'><strong>nostra:</strong></span> <span class='ocrx_word' id='word_1_15' title='bbox 1330 225 1465 261; x_wconf 61' lang='lat' dir='ltr'><strong>theologia</strong></span> <span class='ocrx_word' id='word_1_16' title='bbox 1477 225 1595 260; x_wconf 82' lang='lat' dir='ltr'><strong>pluribus</strong></span> <span class='ocrx_word' id='word_1_17' title='bbox 1613 221 1759 250; x_wconf 68' lang='lat' dir='ltr'><strong>ostenderas.</strong></span> 
     </span>
    </p>
   </div>
   <div class='ocr_carea' id='block_1_4' title="bbox 137 269 925 308">
    <p class='ocr_par' dir='ltr' id='par_1_4' title="bbox 137 269 925 308">
     <span class='ocr_line' id='line_1_4' title="bbox 137 269 925 308; baseline 0.005 -13"><span class='ocrx_word' id='word_1_18' title='bbox 137 269 218 304; x_wconf 74' lang='grc' dir='ltr'>ἡμῶν</span> <span class='ocrx_word' id='word_1_19' title='bbox 242 269 328 304; x_wconf 78' lang='grc' dir='ltr'><strong>Ἰησοῦ</strong></span> <span class='ocrx_word' id='word_1_20' title='bbox 344 270 462 306; x_wconf 81' lang='grc' dir='ltr'><strong>Χριστοῦ</strong></span> <span class='ocrx_word' id='word_1_21' title='bbox 477 271 548 299; x_wconf 82' lang='grc' dir='ltr'><strong>κατὰ</strong></span> <span class='ocrx_word' id='word_1_22' title='bbox 563 272 669 299; x_wconf 79' lang='grc' dir='ltr'>δικαίαν</span> <span class='ocrx_word' id='word_1_23' title='bbox 685 273 775 307; x_wconf 83' lang='grc' dir='ltr'>κρίσιν</span> <span class='ocrx_word' id='word_1_24' title='bbox 790 273 925 308; x_wconf 80' lang='grc' dir='ltr'><strong>φήσαντος</strong></span> 
     </span>
    </p>
   </div>
   <div class='ocr_carea' id='block_1_5' title="bbox 138 315 772 353">
    <p class='ocr_par' dir='ltr' id='par_1_5' title="bbox 138 315 772 353">
     <span class='ocr_line' id='line_1_5' title="bbox 138 315 772 353; baseline 0.006 -12"><span class='ocrx_word' id='word_1_25' title='bbox 138 315 278 350; x_wconf 77' lang='grc' dir='ltr'><strong>ὁμολογεῖν</strong></span> <span class='ocrx_word' id='word_1_26' title='bbox 292 315 445 351; x_wconf 74' lang='grc' dir='ltr'><strong>ἔμπροσθεν</strong></span> <span class='ocrx_word' id='word_1_27' title='bbox 458 317 505 343; x_wconf 82' lang='grc' dir='ltr'><strong>τοῦ</strong></span> <span class='ocrx_word' id='word_1_28' title='bbox 520 317 586 344; x_wconf 83' lang='grc' dir='ltr'><strong>Θεοῦ</strong></span> <span class='ocrx_word' id='word_1_29' title='bbox 599 318 645 344; x_wconf 78' lang='grc' dir='ltr'><strong>καὶ</strong></span> <span class='ocrx_word' id='word_1_30' title='bbox 659 318 772 353; x_wconf 76' lang='grc' dir='ltr'><strong>πατρὸς.</strong></span> 
     </span>
    </p>
   </div>
   <div class='ocr_carea' id='block_1_6' title="bbox 176 359 925 398">
    <p class='ocr_par' dir='ltr' id='par_1_6' title="bbox 176 359 925 398">
     <span class='ocr_line' id='line_1_6' title="bbox 176 359 925 398; baseline 0.005 -12"><span class='ocrx_word' id='word_1_31' title='bbox 176 359 212 386; x_wconf 85' lang='lat' dir='ltr'><strong>De</strong></span> <span class='ocrx_word' id='word_1_32' title='bbox 236 361 330 387; x_wconf 85' lang='lat' dir='ltr'><strong>eodem</strong></span> <span class='ocrx_word' id='word_1_33' title='bbox 349 361 482 389; x_wconf 82' lang='lat' dir='ltr'><strong>Eunomio</strong></span> <span class='ocrx_word' id='word_1_34' title='bbox 499 361 528 389; x_wconf 88' lang='lat' dir='ltr'><strong>S.</strong></span> <span class='ocrx_word' id='word_1_35' title='bbox 546 362 728 398; x_wconf 73' lang='lat' dir='ltr'><strong>Hieronymus</strong></span> <span class='ocrx_word' id='word_1_36' title='bbox 747 363 773 390; x_wconf 93' lang='lat' dir='ltr'><strong>iu</strong></span> <span class='ocrx_word' id='word_1_37' title='bbox 797 362 925 397; x_wconf 82' lang='lat' dir='ltr'><strong>Catalogo</strong></span> 
     </span>
    </p>
   </div>
   <div class='ocr_carea' id='block_1_7' title="bbox 138 405 926 441">
    <p class='ocr_par' dir='ltr' id='par_1_7' title="bbox 138 405 926 441">
     <span class='ocr_line' id='line_1_7' title="bbox 138 405 926 441; baseline 0.005 -9"><span class='ocrx_word' id='word_1_38' title='bbox 138 405 299 438; x_wconf 82' lang='lat' dir='ltr'><strong>scriptorum</strong></span> <span class='ocrx_word' id='word_1_39' title='bbox 335 407 574 435; x_wconf 71' lang='lat' dir='ltr'><strong>ecclesiasticarum</strong></span> <span class='ocrx_word' id='word_1_40' title='bbox 592 416 602 434; x_wconf 89' lang='lat'><em>:</em></span> <span class='ocrx_word' id='word_1_41' title='bbox 622 408 787 441; x_wconf 85' lang='lat' dir='ltr'><strong>Eunontius,</strong></span> <span class='ocrx_word' id='word_1_42' title='bbox 817 409 926 436; x_wconf 71' lang='lat' dir='ltr'><strong>Ariona:</strong></span> 
     </span>
    </p>
   </div>
   <div class='ocr_carea' id='block_1_8' title="bbox 137 451 926 489">
    <p class='ocr_par' dir='ltr' id='par_1_8' title="bbox 137 451 926 489">
     <span class='ocr_line' id='line_1_8' title="bbox 137 451 926 489; baseline 0.006 -13"><span class='ocrx_word' id='word_1_43' title='bbox 137 451 239 483; x_wconf 81' lang='lat' dir='ltr'><strong>partis,</strong></span> <span class='ocrx_word' id='word_1_44' title='bbox 266 452 403 486; x_wconf 83' lang='lat' dir='ltr'><strong>episcopus</strong></span> <span class='ocrx_word' id='word_1_45' title='bbox 423 453 570 488; x_wconf 75' lang='lat' dir='ltr'><strong>Cyzicenus</strong></span> <span class='ocrx_word' id='word_1_46' title='bbox 597 455 625 481; x_wconf 87' lang='lat' dir='ltr'><strong>in</strong></span> <span class='ocrx_word' id='word_1_47' title='bbox 653 459 774 489; x_wconf 80' lang='lat' dir='ltr'><strong>apertam</strong></span> <span class='ocrx_word' id='word_1_48' title='bbox 799 454 926 482; x_wconf 65' lang='lat' dir='ltr'><strong>horrescas</strong></span> 
     </span>
    </p>
   </div>
   <div class='ocr_carea' id='block_1_9' title="bbox 139 497 925 535">
    <p class='ocr_par' dir='ltr' id='par_1_9' title="bbox 139 497 925 535">
     <span class='ocr_line' id='line_1_9' title="bbox 139 497 925 535; baseline 0.005 -13"><span class='ocrx_word' id='word_1_49' title='bbox 139 503 310 530; x_wconf 71' lang='lat' dir='ltr'><strong>prorumpens</strong></span> <span class='ocrx_word' id='word_1_50' title='bbox 330 497 529 532; x_wconf 77' lang='lat' dir='ltr'><strong>blasphemiam,</strong></span> <span class='ocrx_word' id='word_1_51' title='bbox 554 504 583 526; x_wconf 90' lang='lat' dir='ltr'><strong>ut</strong></span> <span class='ocrx_word' id='word_1_52' title='bbox 604 499 673 534; x_wconf 84' lang='lat' dir='ltr'><strong>quod</strong></span> <span class='ocrx_word' id='word_1_53' title='bbox 695 500 736 526; x_wconf 96' lang='lat' dir='ltr'><strong>illi</strong></span> <span class='ocrx_word' id='word_1_54' title='bbox 754 504 853 535; x_wconf 87' lang='lat' dir='ltr'><strong>tegunt,</strong></span> <span class='ocrx_word' id='word_1_55' title='bbox 876 501 925 527; x_wconf 84' lang='lat' dir='ltr'><strong>iste</strong></span> 
     </span>
    </p>
   </div>
   <div class='ocr_carea' id='block_1_10' title="bbox 139 542 925 580">
    <p class='ocr_par' dir='ltr' id='par_1_10' title="bbox 139 542 925 580">
     <span class='ocr_line' id='line_1_10' title="bbox 139 542 925 580; baseline 0.005 -12"><span class='ocrx_word' id='word_1_56' title='bbox 139 542 240 575; x_wconf 84' lang='lat' dir='ltr'><strong>publice</strong></span> <span class='ocrx_word' id='word_1_57' title='bbox 254 542 392 577; x_wconf 77' lang='lat' dir='ltr'><strong><em>fateretur,</em></strong></span> <span class='ocrx_word' id='word_1_58' title='bbox 409 552 491 579; x_wconf 87' lang='lat' dir='ltr'><strong>usque</strong></span> <span class='ocrx_word' id='word_1_59' title='bbox 504 544 581 571; x_wconf 82' lang='lat' dir='ltr'><strong>hodie</strong></span> <span class='ocrx_word' id='word_1_60' title='bbox 595 546 678 572; x_wconf 85' lang='lat' dir='ltr'><strong>vivere</strong></span> <span class='ocrx_word' id='word_1_61' title='bbox 696 545 797 572; x_wconf 85' lang='lat' dir='ltr'><strong>dicitur</strong></span> <span class='ocrx_word' id='word_1_62' title='bbox 813 546 840 572; x_wconf 89' lang='lat' dir='ltr'><strong>in</strong></span> <span class='ocrx_word' id='word_1_63' title='bbox 856 545 925 580; x_wconf 88' lang='lat' dir='ltr'><strong>Cap-</strong></span> 
     </span>
    </p>
   </div>
   <div class='ocr_carea' id='block_1_11' title="bbox 140 588 930 625">
    <p class='ocr_par' dir='ltr' id='par_1_11' title="bbox 140 588 930 625">
     <span class='ocr_line' id='line_1_11' title="bbox 140 588 930 625; baseline 0.005 -11"><span class='ocrx_word' id='word_1_64' title='bbox 140 588 263 622; x_wconf 86' lang='lat' dir='ltr'><strong>padocia,</strong></span> <span class='ocrx_word' id='word_1_65' title='bbox 279 593 303 615; x_wconf 86' lang='lat' dir='ltr'><strong>et</strong></span> <span class='ocrx_word' id='word_1_66' title='bbox 319 590 403 616; x_wconf 90' lang='lat' dir='ltr'><strong>multa</strong></span> <span class='ocrx_word' id='word_1_67' title='bbox 417 595 509 617; x_wconf 87' lang='lat' dir='ltr'><strong>contra</strong></span> <span class='ocrx_word' id='word_1_68' title='bbox 522 590 669 618; x_wconf 83' lang='lat' dir='ltr'><strong>Ecclesium</strong></span> <span class='ocrx_word' id='word_1_69' title='bbox 682 591 803 618; x_wconf 82' lang='lat' dir='ltr'><strong>scribere.</strong></span> <span class='ocrx_word' id='word_1_70' title='bbox 816 591 930 625; x_wconf 83' lang='lat' dir='ltr'><strong>Respon-</strong></span> 
     </span>
    </p>
   </div>
   <div class='ocr_carea' id='block_1_12' title="bbox 141 633 930 670">
    <p class='ocr_par' dir='ltr' id='par_1_12' title="bbox 141 633 930 670">
     <span class='ocr_line' id='line_1_12' title="bbox 141 633 930 670; baseline 0.006 -11"><span class='ocrx_word' id='word_1_71' title='bbox 141 633 236 659; x_wconf 83' lang='lat' dir='ltr'><strong>derunt</strong></span> <span class='ocrx_word' id='word_1_72' title='bbox 245 634 269 660; x_wconf 90' lang='lat' dir='ltr'><strong>ei</strong></span> <span class='ocrx_word' id='word_1_73' title='bbox 280 634 472 668; x_wconf 83' lang='lat' dir='ltr'><strong>Apollinarius,</strong></span> <span class='ocrx_word' id='word_1_74' title='bbox 491 635 632 670; x_wconf 83' lang='lat' dir='ltr'><strong>Didymus,</strong></span> <span class='ocrx_word' id='word_1_75' title='bbox 650 636 769 663; x_wconf 74' lang='lat' dir='ltr'><strong>Basilius</strong></span> <span class='ocrx_word' id='word_1_76' title='bbox 785 636 930 664; x_wconf 73' lang='lat' dir='ltr'><strong>Carsurien-</strong></span> 
     </span>
    </p>
   </div>
   <div class='ocr_carea' id='block_1_13' title="bbox 141 678 928 717">
    <p class='ocr_par' dir='ltr' id='par_1_13' title="bbox 141 678 928 717">
     <span class='ocr_line' id='line_1_13' title="bbox 141 678 928 717; baseline 0.005 -13"><span class='ocrx_word' id='word_1_77' title='bbox 141 679 189 710; x_wconf 87' lang='lat' dir='ltr'><strong>sis,</strong></span> <span class='ocrx_word' id='word_1_78' title='bbox 211 678 354 713; x_wconf 87' lang='lat' dir='ltr'><strong>Gregorius</strong></span> <span class='ocrx_word' id='word_1_79' title='bbox 371 679 572 713; x_wconf 67' lang='lat' dir='ltr'><strong>Nazianzenus,</strong></span> <span class='ocrx_word' id='word_1_80' title='bbox 588 687 612 708; x_wconf 90' lang='lat' dir='ltr'><strong>et</strong></span> <span class='ocrx_word' id='word_1_81' title='bbox 627 681 768 716; x_wconf 82' lang='lat' dir='ltr'><strong>Gregorius</strong></span> <span class='ocrx_word' id='word_1_82' title='bbox 781 681 928 717; x_wconf 79' lang='lat' dir='ltr'><strong>Ngssenus.</strong></span> 
     </span>
    </p>
   </div>
   <div class='ocr_carea' id='block_1_14' title="bbox 179 725 930 764">
    <p class='ocr_par' dir='ltr' id='par_1_14' title="bbox 179 725 930 764">
     <span class='ocr_line' id='line_1_14' title="bbox 179 725 930 764; baseline 0.007 -13"><span class='ocrx_word' id='word_1_83' title='bbox 179 725 231 752; x_wconf 83' lang='lat' dir='ltr'><strong>Sed</strong></span> <span class='ocrx_word' id='word_1_84' title='bbox 248 726 304 753; x_wconf 61' lang='lat' dir='ltr'><strong>hanc</strong></span> <span class='ocrx_word' id='word_1_85' title='bbox 326 726 417 754; x_wconf 91' lang='lat' dir='ltr'><strong>minus</strong></span> <span class='ocrx_word' id='word_1_86' title='bbox 432 727 560 755; x_wconf 80' lang='lat' dir='ltr'><strong>distincte</strong></span> <span class='ocrx_word' id='word_1_87' title='bbox 578 728 605 755; x_wconf 71' lang='grc' dir='ltr'><strong>ὃ.</strong></span> <span class='ocrx_word' id='word_1_88' title='bbox 625 728 816 764; x_wconf 85' lang='lat' dir='ltr'><strong>Hieronymus,</strong></span> <span class='ocrx_word' id='word_1_89' title='bbox 839 729 930 763; x_wconf 86' lang='lat' dir='ltr'><strong><em>priora</em></strong></span> 
     </span>
    </p>
   </div>
   <div class='ocr_carea' id='block_1_15' title="bbox 141 772 929 809">
    <p class='ocr_par' dir='ltr' id='par_1_15' title="bbox 141 772 929 809">
     <span class='ocr_line' id='line_1_15' title="bbox 141 772 929 809; baseline 0.006 -12"><span class='ocrx_word' id='word_1_90' title='bbox 141 775 168 797; x_wconf 88' lang='lat' dir='ltr'><strong>et</strong></span> <span class='ocrx_word' id='word_1_91' title='bbox 181 772 347 805; x_wconf 83' lang='lat' dir='ltr'><strong>prosteriora</strong></span> <span class='ocrx_word' id='word_1_92' title='bbox 362 773 443 799; x_wconf 84' lang='lat' dir='ltr'><strong>simul</strong></span> <span class='ocrx_word' id='word_1_93' title='bbox 457 773 586 809; x_wconf 71' lang='lat' dir='ltr'><strong>juugeus.</strong></span> <span class='ocrx_word' id='word_1_94' title='bbox 610 773 643 801; x_wconf 91' lang='lat' dir='ltr'><strong>Ut</strong></span> <span class='ocrx_word' id='word_1_95' title='bbox 657 782 722 809; x_wconf 77' lang='lat' dir='ltr'><strong>ergo</strong></span> <span class='ocrx_word' id='word_1_96' title='bbox 738 774 929 802; x_wconf 79' lang='lat' dir='ltr'><strong>confusionem</strong></span> 
     </span>
    </p>
   </div>
   <div class='ocr_carea' id='block_1_16' title="bbox 143 816 931 854">
    <p class='ocr_par' dir='ltr' id='par_1_16' title="bbox 143 816 931 854">
     <span class='ocr_line' id='line_1_16' title="bbox 143 816 931 854; baseline 0.005 -11"><span class='ocrx_word' id='word_1_97' title='bbox 143 816 223 850; x_wconf 76' lang='lat' dir='ltr'><strong>vites,</strong></span> <span class='ocrx_word' id='word_1_98' title='bbox 238 818 278 844; x_wconf 85' lang='lat' dir='ltr'><strong>sic</strong></span> <span class='ocrx_word' id='word_1_99' title='bbox 290 816 399 849; x_wconf 68' lang='lat' dir='ltr'><strong>habeto.</strong></span> <span class='ocrx_word' id='word_1_100' title='bbox 416 818 461 845; x_wconf 89' lang='lat' dir='ltr'><strong>ubi</strong></span> <span class='ocrx_word' id='word_1_101' title='bbox 473 823 568 846; x_wconf 87' lang='lat' dir='ltr'><strong>contra</strong></span> <span class='ocrx_word' id='word_1_102' title='bbox 579 819 699 854; x_wconf 88' lang='lat' dir='ltr'><strong>primum</strong></span> <span class='ocrx_word' id='word_1_103' title='bbox 710 820 836 848; x_wconf 88' lang='lat' dir='ltr'><strong>Eunomii</strong></span> <span class='ocrx_word' id='word_1_104' title='bbox 847 819 931 848; x_wconf 78' lang='lat' dir='ltr'><strong>letum</strong></span> 
     </span>
    </p>
   </div>
   <div class='ocr_carea' id='block_1_17' title="bbox 144 862 930 900">
    <p class='ocr_par' dir='ltr' id='par_1_17' title="bbox 144 862 930 900">
     <span class='ocr_line' id='line_1_17' title="bbox 144 862 930 900; baseline 0.005 -12"><span class='ocrx_word' id='word_1_105' title='bbox 144 862 343 896; x_wconf 87' lang='lat' dir='ltr'><strong>disputationes</strong></span> <span class='ocrx_word' id='word_1_106' title='bbox 374 863 403 890; x_wconf 90' lang='lat' dir='ltr'><strong>S.</strong></span> <span class='ocrx_word' id='word_1_107' title='bbox 434 863 526 891; x_wconf 81' lang='lat' dir='ltr'><strong>Basilii</strong></span> <span class='ocrx_word' id='word_1_108' title='bbox 554 864 583 891; x_wconf 91' lang='lat' dir='ltr'><strong>in</strong></span> <span class='ocrx_word' id='word_1_109' title='bbox 613 864 753 900; x_wconf 88' lang='lat' dir='ltr'><strong>publicum</strong></span> <span class='ocrx_word' id='word_1_110' title='bbox 776 865 930 896; x_wconf 80' lang='lat' dir='ltr'><strong>esiverunt,</strong></span> 
     </span>
    </p>
   </div>
   <div class='ocr_carea' id='block_1_18' title="bbox 145 907 933 945">
    <p class='ocr_par' dir='ltr' id='par_1_18' title="bbox 145 907 933 945">
     <span class='ocr_line' id='line_1_18' title="bbox 145 907 933 945; baseline 0.006 -12"><span class='ocrx_word' id='word_1_111' title='bbox 145 912 203 934; x_wconf 87' lang='lat' dir='ltr'><strong>tum</strong></span> <span class='ocrx_word' id='word_1_112' title='bbox 219 907 264 934; x_wconf 88' lang='lat' dir='ltr'><strong>ille</strong></span> <span class='ocrx_word' id='word_1_113' title='bbox 277 908 377 942; x_wconf 79' lang='lat' dir='ltr'><strong>furere,</strong></span> <span class='ocrx_word' id='word_1_114' title='bbox 393 912 420 936; x_wconf 85' lang='lat' dir='ltr'><strong>et.</strong></span> <span class='ocrx_word' id='word_1_115' title='bbox 432 909 519 937; x_wconf 79' lang='lat' dir='ltr'><strong>instar</strong></span> <span class='ocrx_word' id='word_1_116' title='bbox 529 910 625 937; x_wconf 78' lang='lat' dir='ltr'><strong>calcati</strong></span> <span class='ocrx_word' id='word_1_117' title='bbox 639 911 774 945; x_wconf 84' lang='lat' dir='ltr'><strong>serpentis</strong></span> <span class='ocrx_word' id='word_1_118' title='bbox 785 910 854 937; x_wconf 83' lang='lat' dir='ltr'><strong>colla</strong></span> <span class='ocrx_word' id='word_1_119' title='bbox 870 918 933 938; x_wconf 87' lang='lat' dir='ltr'><strong>con-</strong></span> 
     </span>
    </p>
   </div>
   <div class='ocr_carea' id='block_1_19' title="bbox 144 953 931 990">
    <p class='ocr_par' dir='ltr' id='par_1_19' title="bbox 144 953 931 990">
     <span class='ocr_line' id='line_1_19' title="bbox 144 953 931 990; baseline 0.005 -11"><span class='ocrx_word' id='word_1_120' title='bbox 144 953 210 980; x_wconf 84' lang='lat' dir='ltr'><strong>trita</strong></span> <span class='ocrx_word' id='word_1_121' title='bbox 231 954 365 986; x_wconf 84' lang='lat' dir='ltr'><strong>attollere,</strong></span> <span class='ocrx_word' id='word_1_122' title='bbox 388 961 551 990; x_wconf 79' lang='lat' dir='ltr'><strong>arreptaque</strong></span> <span class='ocrx_word' id='word_1_123' title='bbox 570 956 676 983; x_wconf 78' lang='lat' dir='ltr'><strong>calamo</strong></span> <span class='ocrx_word' id='word_1_124' title='bbox 697 956 860 984; x_wconf 85' lang='lat' dir='ltr'><strong>virulentius</strong></span> <span class='ocrx_word' id='word_1_125' title='bbox 876 959 931 983; x_wconf 85' lang='lat' dir='ltr'><strong>tam</strong></span> 
     </span>
    </p>
   </div>
   <div class='ocr_carea' id='block_1_20' title="bbox 145 999 931 1035">
    <p class='ocr_par' dir='ltr' id='par_1_20' title="bbox 145 999 931 1035">
     <span class='ocr_line' id='line_1_20' title="bbox 145 999 931 1035; baseline 0.005 -9"><span class='ocrx_word' id='word_1_126' title='bbox 145 999 173 1026; x_wconf 89' lang='lat' dir='ltr'><strong>iu</strong></span> <span class='ocrx_word' id='word_1_127' title='bbox 188 999 329 1034; x_wconf 78' lang='lat' dir='ltr'><strong>Basiliam,</strong></span> <span class='ocrx_word' id='word_1_128' title='bbox 350 1009 431 1035; x_wconf 83' lang='lat' dir='ltr'><strong>quam</strong></span> <span class='ocrx_word' id='word_1_129' title='bbox 447 1002 474 1029; x_wconf 92' lang='lat' dir='ltr'><strong>iu</strong></span> <span class='ocrx_word' id='word_1_130' title='bbox 491 1002 645 1030; x_wconf 84' lang='lat' dir='ltr'><strong>doctrinam</strong></span> <span class='ocrx_word' id='word_1_131' title='bbox 662 1003 841 1030; x_wconf 77' lang='lat' dir='ltr'><strong>orthodoxam</strong></span> <span class='ocrx_word' id='word_1_132' title='bbox 865 1003 931 1030; x_wconf 86' lang='lat' dir='ltr'><strong>bac-</strong></span> 
     </span>
    </p>
   </div>
   <div class='ocr_carea' id='block_1_21' title="bbox 146 1045 933 1083">
    <p class='ocr_par' dir='ltr' id='par_1_21' title="bbox 146 1045 933 1083">
     <span class='ocr_line' id='line_1_21' title="bbox 146 1045 933 1083; baseline 0.005 -11"><span class='ocrx_word' id='word_1_133' title='bbox 146 1045 222 1072; x_wconf 82' lang='lat' dir='ltr'><strong>chari</strong></span> <span class='ocrx_word' id='word_1_134' title='bbox 244 1046 336 1080; x_wconf 62' lang='lat' dir='ltr'><strong>capit,</strong></span> <span class='ocrx_word' id='word_1_135' title='bbox 350 1049 377 1073; x_wconf 84' lang='lat' dir='ltr'><strong>et</strong></span> <span class='ocrx_word' id='word_1_136' title='bbox 392 1047 500 1082; x_wconf 88' lang='lat' dir='ltr'><strong>quidem</strong></span> <span class='ocrx_word' id='word_1_137' title='bbox 515 1048 617 1083; x_wconf 85' lang='lat' dir='ltr'><strong>triplici</strong></span> <span class='ocrx_word' id='word_1_138' title='bbox 630 1049 775 1080; x_wconf 83' lang='lat' dir='ltr'><strong>invectiva,</strong></span> <span class='ocrx_word' id='word_1_139' title='bbox 788 1048 818 1075; x_wconf 92' lang='lat' dir='ltr'><strong>S.</strong></span> <span class='ocrx_word' id='word_1_140' title='bbox 830 1049 933 1076; x_wconf 84' lang='lat' dir='ltr'><strong>Basilio</strong></span> 
     </span>
    </p>
   </div>
   <div class='ocr_carea' id='block_1_22' title="bbox 146 1091 932 1123">
    <p class='ocr_par' dir='ltr' id='par_1_22' title="bbox 146 1091 932 1123">
     <span class='ocr_line' id='line_1_22' title="bbox 146 1091 932 1123; baseline 0.005 -5"><span class='ocrx_word' id='word_1_141' title='bbox 146 1091 256 1119; x_wconf 85' lang='lat' dir='ltr'><strong>interim</strong></span> <span class='ocrx_word' id='word_1_142' title='bbox 280 1092 312 1119; x_wconf 87' lang='lat' dir='ltr'><strong>ad</strong></span> <span class='ocrx_word' id='word_1_143' title='bbox 331 1093 470 1120; x_wconf 79' lang='lat' dir='ltr'><strong>caelestem</strong></span> <span class='ocrx_word' id='word_1_144' title='bbox 488 1093 685 1122; x_wconf 81' lang='lat' dir='ltr'><strong>beatitudinem</strong></span> <span class='ocrx_word' id='word_1_145' title='bbox 702 1095 844 1123; x_wconf 86' lang='lat' dir='ltr'><strong>translato.</strong></span> <span class='ocrx_word' id='word_1_146' title='bbox 861 1095 932 1123; x_wconf 84' lang='lat' dir='ltr'><strong>Audi</strong></span> 
     </span>
    </p>
   </div>
   <div class='ocr_carea' id='block_1_23' title="bbox 146 1135 933 1173">
    <p class='ocr_par' dir='ltr' id='par_1_23' title="bbox 146 1135 933 1173">
     <span class='ocr_line' id='line_1_23' title="bbox 146 1135 933 1173; baseline 0.005 -11"><span class='ocrx_word' id='word_1_147' title='bbox 146 1135 273 1163; x_wconf 83' lang='lat' dir='ltr'><strong>Photium</strong></span> <span class='ocrx_word' id='word_1_148' title='bbox 293 1137 347 1172; x_wconf 87' lang='lat' dir='ltr'><strong>(a):</strong></span> <span class='ocrx_word' id='word_1_149' title='bbox 373 1137 481 1165; x_wconf 84' lang='lat' dir='ltr'><strong>Lectum</strong></span> <span class='ocrx_word' id='word_1_150' title='bbox 506 1138 623 1173; x_wconf 82' lang='lat' dir='ltr'><strong>ejusdem</strong></span> <span class='ocrx_word' id='word_1_151' title='bbox 649 1139 724 1173; x_wconf 83' lang='lat' dir='ltr'><strong>impii</strong></span> <span class='ocrx_word' id='word_1_152' title='bbox 741 1140 856 1166; x_wconf 87' lang='lat' dir='ltr'><strong>hominis</strong></span> <span class='ocrx_word' id='word_1_153' title='bbox 881 1145 933 1167; x_wconf 87' lang='lat' dir='ltr'><strong>tres</strong></span> 
     </span>
    </p>
   </div>
   <div class='ocr_carea' id='block_1_24' title="bbox 147 1181 934 1220">
    <p class='ocr_par' dir='ltr' id='par_1_24' title="bbox 147 1181 934 1220">
     <span class='ocr_line' id='line_1_24' title="bbox 147 1181 934 1220; baseline 0.005 -12"><span class='ocrx_word' id='word_1_154' title='bbox 147 1181 228 1209; x_wconf 75' lang='lat' dir='ltr'><strong>libros</strong></span> <span class='ocrx_word' id='word_1_155' title='bbox 244 1184 378 1210; x_wconf 88' lang='lat' dir='ltr'><strong>continens</strong></span> <span class='ocrx_word' id='word_1_156' title='bbox 402 1184 532 1216; x_wconf 82' lang='lat' dir='ltr'><strong>volumen,</strong></span> <span class='ocrx_word' id='word_1_157' title='bbox 552 1185 621 1219; x_wconf 88' lang='lat' dir='ltr'><strong>quod</strong></span> <span class='ocrx_word' id='word_1_158' title='bbox 645 1185 714 1212; x_wconf 83' lang='lat' dir='ltr'><strong>velut</strong></span> <span class='ocrx_word' id='word_1_159' title='bbox 732 1186 878 1220; x_wconf 82' lang='lat' dir='ltr'><strong>confatalia</strong></span> <span class='ocrx_word' id='word_1_160' title='bbox 894 1190 934 1212; x_wconf 83' lang='lat' dir='ltr'><strong>est</strong></span> 
     </span>
    </p>
   </div>
   <div class='ocr_carea' id='block_1_25' title="bbox 147 1227 934 1265">
    <p class='ocr_par' dir='ltr' id='par_1_25' title="bbox 147 1227 934 1265">
     <span class='ocr_line' id='line_1_25' title="bbox 147 1227 934 1265; baseline 0.005 -11"><span class='ocrx_word' id='word_1_161' title='bbox 147 1227 255 1254; x_wconf 89' lang='lat' dir='ltr'><strong>illarum</strong></span> <span class='ocrx_word' id='word_1_162' title='bbox 267 1229 436 1262; x_wconf 88' lang='lat' dir='ltr'><strong>ineptiarum,</strong></span> <span class='ocrx_word' id='word_1_163' title='bbox 460 1238 526 1265; x_wconf 89' lang='lat' dir='ltr'><strong>quas</strong></span> <span class='ocrx_word' id='word_1_164' title='bbox 542 1231 569 1256; x_wconf 87' lang='lat' dir='ltr'><strong>in</strong></span> <span class='ocrx_word' id='word_1_165' title='bbox 590 1230 673 1265; x_wconf 78' lang='lat' dir='ltr'><strong>ipsius</strong></span> <span class='ocrx_word' id='word_1_166' title='bbox 688 1232 798 1265; x_wconf 86' lang='lat' dir='ltr'><strong>reperiri</strong></span> <span class='ocrx_word' id='word_1_167' title='bbox 814 1231 934 1265; x_wconf 86' lang='lat' dir='ltr'><strong>blasphe—</strong></span> 
     </span>
    </p>
   </div>
   <div class='ocr_carea' id='block_1_26' title="bbox 148 1274 934 1311">
    <p class='ocr_par' dir='ltr' id='par_1_26' title="bbox 148 1274 934 1311">
     <span class='ocr_line' id='line_1_26' title="bbox 148 1274 934 1311; baseline 0.005 -11"><span class='ocrx_word' id='word_1_168' title='bbox 148 1274 208 1301; x_wconf 81' lang='lat' dir='ltr'><strong>miis</strong></span> <span class='ocrx_word' id='word_1_169' title='bbox 233 1274 263 1302; x_wconf 90' lang='lat' dir='ltr'><strong>S.</strong></span> <span class='ocrx_word' id='word_1_170' title='bbox 285 1275 402 1302; x_wconf 89' lang='lat' dir='ltr'><strong>Basilius</strong></span> <span class='ocrx_word' id='word_1_171' title='bbox 426 1276 599 1303; x_wconf 82' lang='lat' dir='ltr'><strong>demonstrat.</strong></span> <span class='ocrx_word' id='word_1_172' title='bbox 627 1276 683 1304; x_wconf 85' lang='lat' dir='ltr'><strong>Hoc</strong></span> <span class='ocrx_word' id='word_1_173' title='bbox 702 1278 728 1303; x_wconf 90' lang='lat' dir='ltr'><strong>in</strong></span> <span class='ocrx_word' id='word_1_174' title='bbox 749 1285 824 1309; x_wconf 84' lang='lat' dir='ltr'><strong>opere</strong></span> <span class='ocrx_word' id='word_1_175' title='bbox 839 1282 934 1311; x_wconf 85' lang='lat' dir='ltr'><strong>partu-</strong></span> 
     </span>
    </p>
   </div>
   <div class='ocr_carea' id='block_1_27' title="bbox 147 1319 936 1357">
    <p class='ocr_par' dir='ltr' id='par_1_27' title="bbox 147 1319 936 1357">
     <span class='ocr_line' id='line_1_27' title="bbox 147 1319 936 1357; baseline 0.004 -11"><span class='ocrx_word' id='word_1_176' title='bbox 147 1319 248 1352; x_wconf 87' lang='lat' dir='ltr'><strong>rieudo,</strong></span> <span class='ocrx_word' id='word_1_177' title='bbox 262 1320 360 1348; x_wconf 86' lang='lat' dir='ltr'><strong>multas</strong></span> <span class='ocrx_word' id='word_1_178' title='bbox 374 1329 432 1348; x_wconf 87' lang='lat' dir='ltr'><strong>eum</strong></span> <span class='ocrx_word' id='word_1_179' title='bbox 446 1330 576 1349; x_wconf 88' lang='lat' dir='ltr'><strong>aunornnt</strong></span> <span class='ocrx_word' id='word_1_180' title='bbox 586 1322 753 1357; x_wconf 69' lang='lat' dir='ltr'><strong>olympiadas</strong></span> <span class='ocrx_word' id='word_1_181' title='bbox 767 1323 886 1350; x_wconf 66' lang='lat' dir='ltr'><strong>radicula:</strong></span> <span class='ocrx_word' id='word_1_182' title='bbox 897 1324 936 1351; x_wconf 87' lang='lat' dir='ltr'><strong>in-</strong></span> 
     </span>
    </p>
   </div>
   <div class='ocr_carea' id='block_1_28' title="bbox 148 1366 935 1403">
    <p class='ocr_par' dir='ltr' id='par_1_28' title="bbox 148 1366 935 1403">
     <span class='ocr_line' id='line_1_28' title="bbox 148 1366 935 1403; baseline 0.005 -11"><span class='ocrx_word' id='word_1_183' title='bbox 148 1366 250 1392; x_wconf 81' lang='lat' dir='ltr'><strong>clusum</strong></span> <span class='ocrx_word' id='word_1_184' title='bbox 266 1374 321 1393; x_wconf 77' lang='lat' dir='ltr'><strong>sure</strong></span> <span class='ocrx_word' id='word_1_185' title='bbox 336 1367 514 1401; x_wconf 76' lang='lat' dir='ltr'><strong>absumpsisse</strong></span> <span class='ocrx_word' id='word_1_186' title='bbox 525 1368 613 1403; x_wconf 87' lang='lat' dir='ltr'><strong>ferunt</strong></span> <span class='ocrx_word' id='word_1_187' title='bbox 626 1378 633 1402; x_wconf 93' lang='lat'>;</span> <span class='ocrx_word' id='word_1_188' title='bbox 654 1377 685 1395; x_wconf 89' lang='lat' dir='ltr'><strong>uc</strong></span> <span class='ocrx_word' id='word_1_189' title='bbox 700 1370 744 1396; x_wconf 79' lang='lat' dir='ltr'><strong>vix</strong></span> <span class='ocrx_word' id='word_1_190' title='bbox 755 1369 860 1396; x_wconf 83' lang='lat' dir='ltr'><strong>tandem</strong></span> <span class='ocrx_word' id='word_1_191' title='bbox 877 1375 935 1403; x_wconf 85' lang='lat' dir='ltr'><strong>post</strong></span> 
     </span>
    </p>
   </div>
   <div class='ocr_carea' id='block_1_29' title="bbox 149 1412 935 1450">
    <p class='ocr_par' dir='ltr' id='par_1_29' title="bbox 149 1412 935 1450">
     <span class='ocr_line' id='line_1_29' title="bbox 149 1412 935 1450; baseline 0.006 -13"><span class='ocrx_word' id='word_1_192' title='bbox 149 1412 292 1439; x_wconf 88' lang='lat' dir='ltr'><strong>multorum</strong></span> <span class='ocrx_word' id='word_1_193' title='bbox 307 1421 436 1440; x_wconf 73' lang='lat' dir='ltr'><strong>nituerunt</strong></span> <span class='ocrx_word' id='word_1_194' title='bbox 447 1414 613 1440; x_wconf 85' lang='lat' dir='ltr'><strong>intervallum</strong></span> <span class='ocrx_word' id='word_1_195' title='bbox 623 1414 775 1442; x_wconf 83' lang='lat' dir='ltr'><strong>abortiendo</strong></span> <span class='ocrx_word' id='word_1_196' title='bbox 789 1415 935 1450; x_wconf 86' lang='lat' dir='ltr'><strong>improbum</strong></span> 
     </span>
    </p>
   </div>
   <div class='ocr_carea' id='block_1_30' title="bbox 149 1456 936 1495">
    <p class='ocr_par' dir='ltr' id='par_1_30' title="bbox 149 1456 936 1495">
     <span class='ocr_line' id='line_1_30' title="bbox 149 1456 936 1495; baseline 0.005 -12"><span class='ocrx_word' id='word_1_197' title='bbox 149 1456 226 1483; x_wconf 85' lang='lat' dir='ltr'><strong>illum</strong></span> <span class='ocrx_word' id='word_1_198' title='bbox 251 1465 282 1484; x_wconf 89' lang='lat' dir='ltr'><strong>ac</strong></span> <span class='ocrx_word' id='word_1_199' title='bbox 303 1459 493 1492; x_wconf 77' lang='lat' dir='ltr'><strong>prodigiosum,</strong></span> <span class='ocrx_word' id='word_1_200' title='bbox 521 1467 597 1494; x_wconf 83' lang='lat' dir='ltr'><strong>quem</strong></span> <span class='ocrx_word' id='word_1_201' title='bbox 624 1460 730 1494; x_wconf 87' lang='lat' dir='ltr'><strong>furtivis</strong></span> <span class='ocrx_word' id='word_1_202' title='bbox 754 1461 936 1495; x_wconf 79' lang='lat' dir='ltr'><strong>congressibus</strong></span> 
     </span>
    </p>
   </div>
   <div class='ocr_carea' id='block_1_31' title="bbox 150 1504 936 1540">
    <p class='ocr_par' dir='ltr' id='par_1_31' title="bbox 150 1504 936 1540">
     <span class='ocr_line' id='line_1_31' title="bbox 150 1504 936 1540; baseline 0.005 -11"><span class='ocrx_word' id='word_1_203' title='bbox 150 1510 314 1538; x_wconf 84' lang='lat' dir='ltr'><strong>conceperat,</strong></span> <span class='ocrx_word' id='word_1_204' title='bbox 330 1504 410 1538; x_wconf 87' lang='lat' dir='ltr'><strong>fetum</strong></span> <span class='ocrx_word' id='word_1_205' title='bbox 425 1505 452 1531; x_wconf 84' lang='lat' dir='ltr'><strong>in</strong></span> <span class='ocrx_word' id='word_1_206' title='bbox 465 1505 549 1532; x_wconf 83' lang='lat' dir='ltr'><strong>lucem</strong></span> <span class='ocrx_word' id='word_1_207' title='bbox 564 1506 681 1540; x_wconf 74' lang='lat' dir='ltr'><strong>ejecisse.</strong></span> <span class='ocrx_word' id='word_1_208' title='bbox 703 1506 773 1539; x_wconf 80' lang='lat' dir='ltr'><strong>Quin</strong></span> <span class='ocrx_word' id='word_1_209' title='bbox 787 1512 848 1533; x_wconf 89' lang='lat' dir='ltr'><strong>tunc</strong></span> <span class='ocrx_word' id='word_1_210' title='bbox 856 1507 936 1534; x_wconf 87' lang='lat' dir='ltr'><strong>etiam</strong></span> 
     </span>
    </p>
   </div>
   <div class='ocr_carea' id='block_1_32' title="bbox 978 271 1632 306">
    <p class='ocr_par' dir='ltr' id='par_1_32' title="bbox 978 271 1632 306">
     <span class='ocr_line' id='line_1_32' title="bbox 978 271 1632 306; baseline -0.003 -6"><span class='ocrx_word' id='word_1_211' title='bbox 978 272 1029 300; x_wconf 84' lang='lat' dir='ltr'><strong>Hic</strong></span> <span class='ocrx_word' id='word_1_212' title='bbox 1044 281 1103 300; x_wconf 88' lang='lat' dir='ltr'><strong>vero</strong></span> <span class='ocrx_word' id='word_1_213' title='bbox 1116 272 1297 306; x_wconf 63' lang='lat' dir='ltr'><strong>Mopsuestia,</strong></span> <span class='ocrx_word' id='word_1_214' title='bbox 1312 272 1560 306; x_wconf 84' lang='lat' dir='ltr'><strong>utputo,episcopus</strong></span> <span class='ocrx_word' id='word_1_215' title='bbox 1570 271 1632 306; x_wconf 82' lang='lat' dir='ltr'><strong>fuit.</strong></span> 
     </span>
    </p>
   </div>
   <div class='ocr_carea' id='block_1_33' title="bbox 1013 315 1762 352">
    <p class='ocr_par' dir='ltr' id='par_1_33' title="bbox 1013 315 1762 352">
     <span class='ocr_line' id='line_1_33' title="bbox 1013 315 1762 352; baseline 0 -8"><span class='ocrx_word' id='word_1_216' title='bbox 1013 317 1051 345; x_wconf 90' lang='lat' dir='ltr'><strong>De</strong></span> <span class='ocrx_word' id='word_1_217' title='bbox 1064 316 1219 352; x_wconf 86' lang='lat' dir='ltr'><strong>Sophronio</strong></span> <span class='ocrx_word' id='word_1_218' title='bbox 1238 317 1309 344; x_wconf 89' lang='lat' dir='ltr'><strong>idem</strong></span> <span class='ocrx_word' id='word_1_219' title='bbox 1327 316 1503 351; x_wconf 84' lang='lat' dir='ltr'><strong>Photius{c):</strong></span> <span class='ocrx_word' id='word_1_220' title='bbox 1526 315 1620 343; x_wconf 83' lang='lat' dir='ltr'><strong>Lectus</strong></span> <span class='ocrx_word' id='word_1_221' title='bbox 1640 316 1762 344; x_wconf 69' lang='lat' dir='ltr'><strong>similiter</strong></span> 
     </span>
    </p>
   </div>
   <div class='ocr_carea' id='block_1_34' title="bbox 979 362 1761 398">
    <p class='ocr_par' dir='ltr' id='par_1_34' title="bbox 979 362 1761 398">
     <span class='ocr_line' id='line_1_34' title="bbox 979 362 1761 398; baseline -0.003 -8"><span class='ocrx_word' id='word_1_222' title='bbox 979 362 1122 397; x_wconf 86' lang='lat' dir='ltr'><strong>Sophronii</strong></span> <span class='ocrx_word' id='word_1_223' title='bbox 1137 363 1202 390; x_wconf 89' lang='lat' dir='ltr'><strong>liber</strong></span> <span class='ocrx_word' id='word_1_224' title='bbox 1211 371 1258 398; x_wconf 86' lang='lat' dir='ltr'><strong>pro</strong></span> <span class='ocrx_word' id='word_1_225' title='bbox 1271 363 1370 390; x_wconf 85' lang='lat' dir='ltr'><strong>Basilio</strong></span> <span class='ocrx_word' id='word_1_226' title='bbox 1381 365 1476 390; x_wconf 87' lang='lat' dir='ltr'><strong>contra</strong></span> <span class='ocrx_word' id='word_1_227' title='bbox 1492 362 1666 394; x_wconf 89' lang='lat' dir='ltr'><strong>Eunomium,</strong></span> <span class='ocrx_word' id='word_1_228' title='bbox 1678 362 1761 389; x_wconf 86' lang='lat' dir='ltr'><strong>Theo-</strong></span> 
     </span>
    </p>
   </div>
   <div class='ocr_carea' id='block_1_35' title="bbox 978 406 1762 443">
    <p class='ocr_par' dir='ltr' id='par_1_35' title="bbox 978 406 1762 443">
     <span class='ocr_line' id='line_1_35' title="bbox 978 406 1762 443; baseline -0.003 -7"><span class='ocrx_word' id='word_1_229' title='bbox 978 409 1043 436; x_wconf 85' lang='lat' dir='ltr'><strong>doro</strong></span> <span class='ocrx_word' id='word_1_230' title='bbox 1054 409 1169 443; x_wconf 83' lang='lat' dir='ltr'><strong>apertior</strong></span> <span class='ocrx_word' id='word_1_231' title='bbox 1182 413 1207 436; x_wconf 87' lang='lat' dir='ltr'><strong>et</strong></span> <span class='ocrx_word' id='word_1_232' title='bbox 1219 408 1301 435; x_wconf 90' lang='lat' dir='ltr'><strong>multo</strong></span> <span class='ocrx_word' id='word_1_233' title='bbox 1316 407 1419 435; x_wconf 83' lang='lat' dir='ltr'><strong>doctior</strong></span> <span class='ocrx_word' id='word_1_234' title='bbox 1433 412 1458 435; x_wconf 87' lang='lat' dir='ltr'><strong>et</strong></span> <span class='ocrx_word' id='word_1_235' title='bbox 1473 408 1582 435; x_wconf 80' lang='lat' dir='ltr'><strong>brevior.</strong></span> <span class='ocrx_word' id='word_1_236' title='bbox 1596 406 1686 442; x_wconf 82' lang='lat' dir='ltr'><strong>Neque</strong></span> <span class='ocrx_word' id='word_1_237' title='bbox 1694 408 1762 435; x_wconf 81' lang='lat' dir='ltr'><strong>enim</strong></span> 
     </span>
    </p>
   </div>
   <div class='ocr_carea' id='block_1_36' title="bbox 978 452 1763 489">
    <p class='ocr_par' dir='ltr' id='par_1_36' title="bbox 978 452 1763 489">
     <span class='ocr_line' id='line_1_36' title="bbox 978 452 1763 489; baseline -0.001 -8"><span class='ocrx_word' id='word_1_238' title='bbox 978 463 1024 489; x_wconf 84' lang='lat' dir='ltr'><strong>per</strong></span> <span class='ocrx_word' id='word_1_239' title='bbox 1043 455 1131 482; x_wconf 82' lang='lat' dir='ltr'><strong>omnia</strong></span> <span class='ocrx_word' id='word_1_240' title='bbox 1147 453 1306 482; x_wconf 82' lang='lat' dir='ltr'><strong>Eunomium</strong></span> <span class='ocrx_word' id='word_1_241' title='bbox 1328 454 1508 488; x_wconf 82' lang='lat' dir='ltr'><strong>persequitur,</strong></span> <span class='ocrx_word' id='word_1_242' title='bbox 1530 452 1575 480; x_wconf 89' lang='lat' dir='ltr'><strong>sed</strong></span> <span class='ocrx_word' id='word_1_243' title='bbox 1591 452 1640 479; x_wconf 89' lang='lat' dir='ltr'><strong>illa</strong></span> <span class='ocrx_word' id='word_1_244' title='bbox 1654 453 1763 487; x_wconf 81' lang='lat' dir='ltr'><strong>potissi-</strong></span> 
     </span>
    </p>
   </div>
   <div class='ocr_carea' id='block_1_37' title="bbox 979 499 1764 535">
    <p class='ocr_par' dir='ltr' id='par_1_37' title="bbox 979 499 1764 535">
     <span class='ocr_line' id='line_1_37' title="bbox 979 499 1764 535; baseline -0.003 -8"><span class='ocrx_word' id='word_1_245' title='bbox 979 508 1051 527; x_wconf 87' lang='lat' dir='ltr'><strong>mum</strong></span> <span class='ocrx_word' id='word_1_246' title='bbox 1071 500 1202 534; x_wconf 63' lang='lat' dir='ltr'><strong>exagitat,</strong></span> <span class='ocrx_word' id='word_1_247' title='bbox 1227 505 1305 535; x_wconf 87' lang='lat' dir='ltr'><strong>atque</strong></span> <span class='ocrx_word' id='word_1_248' title='bbox 1328 499 1436 534; x_wconf 88' lang='lat' dir='ltr'><strong>refellit,</strong></span> <span class='ocrx_word' id='word_1_249' title='bbox 1461 507 1520 534; x_wconf 71' lang='lat' dir='ltr'><strong>qua</strong></span> <span class='ocrx_word' id='word_1_250' title='bbox 1545 506 1649 525; x_wconf 81' lang='lat' dir='ltr'><strong>summa</strong></span> <span class='ocrx_word' id='word_1_251' title='bbox 1676 499 1764 532; x_wconf 86' lang='lat' dir='ltr'><strong>capita</strong></span> 
     </span>
    </p>
   </div>
   <div class='ocr_carea' id='block_1_38' title="bbox 979 544 1765 574">
    <p class='ocr_par' dir='ltr' id='par_1_38' title="bbox 979 544 1765 574">
     <span class='ocr_line' id='line_1_38' title="bbox 979 544 1765 574; baseline -0.001 -1"><span class='ocrx_word' id='word_1_252' title='bbox 979 547 1087 574; x_wconf 69' lang='lat' dir='ltr'><strong>haeresis</strong></span> <span class='ocrx_word' id='word_1_253' title='bbox 1108 546 1232 573; x_wconf 86' lang='lat' dir='ltr'><strong>Eunomii</strong></span> <span class='ocrx_word' id='word_1_254' title='bbox 1257 546 1389 573; x_wconf 88' lang='lat' dir='ltr'><strong>continere</strong></span> <span class='ocrx_word' id='word_1_255' title='bbox 1414 545 1578 572; x_wconf 81' lang='lat' dir='ltr'><strong>videbantur.</strong></span> <span class='ocrx_word' id='word_1_256' title='bbox 1605 544 1765 572; x_wconf 74' lang='lat' dir='ltr'><strong>Cltarnctere</strong></span> 
     </span>
    </p>
   </div>
   <div class='ocr_carea' id='block_1_39' title="bbox 980 590 1765 627">
    <p class='ocr_par' dir='ltr' id='par_1_39' title="bbox 980 590 1765 627">
     <span class='ocr_line' id='line_1_39' title="bbox 980 590 1765 627; baseline -0.004 -8"><span class='ocrx_word' id='word_1_257' title='bbox 980 601 1043 620; x_wconf 87' lang='lat' dir='ltr'><strong>usus</strong></span> <span class='ocrx_word' id='word_1_258' title='bbox 1060 597 1099 619; x_wconf 88' lang='lat' dir='ltr'><strong>est</strong></span> <span class='ocrx_word' id='word_1_259' title='bbox 1120 591 1295 627; x_wconf 85' lang='lat' dir='ltr'><strong>distinguente</strong></span> <span class='ocrx_word' id='word_1_260' title='bbox 1307 599 1339 618; x_wconf 88' lang='lat' dir='ltr'><strong>ac</strong></span> <span class='ocrx_word' id='word_1_261' title='bbox 1357 591 1504 626; x_wconf 85' lang='lat' dir='ltr'><strong>deﬁciente,</strong></span> <span class='ocrx_word' id='word_1_262' title='bbox 1529 595 1553 618; x_wconf 87' lang='lat' dir='ltr'><strong>et</strong></span> <span class='ocrx_word' id='word_1_263' title='bbox 1573 595 1601 617; x_wconf 87' lang='lat' dir='ltr'><strong>ut</strong></span> <span class='ocrx_word' id='word_1_264' title='bbox 1620 590 1765 625; x_wconf 77' lang='lat' dir='ltr'><strong>plurimum</strong></span> 
     </span>
    </p>
   </div>
   <div class='ocr_carea' id='block_1_40' title="bbox 980 637 1765 672">
    <p class='ocr_par' dir='ltr' id='par_1_40' title="bbox 980 637 1765 672">
     <span class='ocr_line' id='line_1_40' title="bbox 980 637 1765 672; baseline -0.001 -8"><span class='ocrx_word' id='word_1_265' title='bbox 980 638 1085 664; x_wconf 82' lang='lat' dir='ltr'><strong>solutus</strong></span> <span class='ocrx_word' id='word_1_266' title='bbox 1104 637 1157 671; x_wconf 86' lang='lat' dir='ltr'><strong>illi,</strong></span> <span class='ocrx_word' id='word_1_267' title='bbox 1173 637 1330 672; x_wconf 81' lang='lat' dir='ltr'><strong>minimeque</strong></span> <span class='ocrx_word' id='word_1_268' title='bbox 1337 637 1448 672; x_wconf 88' lang='lat' dir='ltr'><strong>junctus</strong></span> <span class='ocrx_word' id='word_1_269' title='bbox 1464 644 1560 668; x_wconf 84' lang='lat' dir='ltr'><strong>sermo,</strong></span> <span class='ocrx_word' id='word_1_270' title='bbox 1578 645 1629 664; x_wconf 88' lang='lat' dir='ltr'><strong>non</strong></span> <span class='ocrx_word' id='word_1_271' title='bbox 1645 637 1765 672; x_wconf 87' lang='lat' dir='ltr'><strong>ingratus</strong></span> 
     </span>
    </p>
   </div>
   <div class='ocr_carea' id='block_1_41' title="bbox 981 681 1765 718">
    <p class='ocr_par' dir='ltr' id='par_1_41' title="bbox 981 681 1765 718">
     <span class='ocr_line' id='line_1_41' title="bbox 981 681 1765 718; baseline -0.003 -8"><span class='ocrx_word' id='word_1_272' title='bbox 981 688 1080 715; x_wconf 89' lang='lat' dir='ltr'><strong>tamen,</strong></span> <span class='ocrx_word' id='word_1_273' title='bbox 1107 684 1159 711; x_wconf 85' lang='lat' dir='ltr'><strong>iuta</strong></span> <span class='ocrx_word' id='word_1_274' title='bbox 1183 688 1208 710; x_wconf 80' lang='lat' dir='ltr'><strong>et</strong></span> <span class='ocrx_word' id='word_1_275' title='bbox 1231 682 1323 718; x_wconf 86' lang='lat' dir='ltr'><strong>logicis</strong></span> <span class='ocrx_word' id='word_1_276' title='bbox 1345 681 1618 718; x_wconf 78' lang='lat' dir='ltr'><strong>argumentationibus</strong></span> <span class='ocrx_word' id='word_1_277' title='bbox 1640 689 1765 717; x_wconf 82' lang='lat' dir='ltr'><strong>perquam</strong></span> 
     </span>
    </p>
   </div>
   <div class='ocr_carea' id='block_1_42' title="bbox 980 728 1154 762">
    <p class='ocr_par' dir='ltr' id='par_1_42' title="bbox 980 728 1154 762">
     <span class='ocr_line' id='line_1_42' title="bbox 980 728 1154 762; baseline 0.011 -9"><span class='ocrx_word' id='word_1_278' title='bbox 980 728 1092 762; x_wconf 78' lang='lat' dir='ltr'><strong>ﬂoridus</strong></span> <span class='ocrx_word' id='word_1_279' title='bbox 1104 733 1154 756; x_wconf 87' lang='lat' dir='ltr'><strong>est.</strong></span> 
     </span>
    </p>
   </div>
   <div class='ocr_carea' id='block_1_43' title="bbox 1017 773 1765 810">
    <p class='ocr_par' dir='ltr' id='par_1_43' title="bbox 1017 773 1765 810">
     <span class='ocr_line' id='line_1_43' title="bbox 1017 773 1765 810; baseline 0 -10"><span class='ocrx_word' id='word_1_280' title='bbox 1017 774 1054 802; x_wconf 87' lang='lat' dir='ltr'><strong>De</strong></span> <span class='ocrx_word' id='word_1_281' title='bbox 1070 774 1202 809; x_wconf 75' lang='lat' dir='ltr'><strong>Gregorio</strong></span> <span class='ocrx_word' id='word_1_282' title='bbox 1224 773 1349 810; x_wconf 82' lang='lat' dir='ltr'><strong>Nysseno</strong></span> <span class='ocrx_word' id='word_1_283' title='bbox 1373 774 1444 802; x_wconf 85' lang='lat' dir='ltr'><strong>idem</strong></span> <span class='ocrx_word' id='word_1_284' title='bbox 1464 774 1580 801; x_wconf 84' lang='lat' dir='ltr'><strong>Photius</strong></span> <span class='ocrx_word' id='word_1_285' title='bbox 1598 773 1653 809; x_wconf 86' lang='lat' dir='ltr'><strong>(d):</strong></span> <span class='ocrx_word' id='word_1_286' title='bbox 1671 773 1765 800; x_wconf 81' lang='lat' dir='ltr'><strong>Lectus</strong></span> 
     </span>
    </p>
   </div>
   <div class='ocr_carea' id='block_1_44' title="bbox 981 819 1767 855">
    <p class='ocr_par' dir='ltr' id='par_1_44' title="bbox 981 819 1767 855">
     <span class='ocr_line' id='line_1_44' title="bbox 981 819 1767 855; baseline -0.001 -8"><span class='ocrx_word' id='word_1_287' title='bbox 981 824 1020 847; x_wconf 87' lang='lat' dir='ltr'><strong>est</strong></span> <span class='ocrx_word' id='word_1_288' title='bbox 1034 819 1153 855; x_wconf 79' lang='lat' dir='ltr'><strong>Gregorii</strong></span> <span class='ocrx_word' id='word_1_289' title='bbox 1172 819 1197 845; x_wconf 88' lang='grc' dir='ltr'><em>Ν</em></span> <span class='ocrx_word' id='word_1_290' title='bbox 1200 828 1268 854; x_wconf 77' lang='lat' dir='ltr'><strong>yssa:</strong></span> <span class='ocrx_word' id='word_1_291' title='bbox 1279 820 1393 854; x_wconf 89' lang='lat' dir='ltr'><strong>episcopi</strong></span> <span class='ocrx_word' id='word_1_292' title='bbox 1408 820 1531 847; x_wconf 84' lang='lat' dir='ltr'><strong>similiter</strong></span> <span class='ocrx_word' id='word_1_293' title='bbox 1541 828 1589 854; x_wconf 89' lang='lat' dir='ltr'><strong>pro</strong></span> <span class='ocrx_word' id='word_1_294' title='bbox 1601 819 1703 846; x_wconf 83' lang='lat' dir='ltr'><strong>Basilio</strong></span> <span class='ocrx_word' id='word_1_295' title='bbox 1719 819 1767 846; x_wconf 87' lang='lat' dir='ltr'><strong>ad-</strong></span> 
     </span>
    </p>
   </div>
   <div class='ocr_carea' id='block_1_45' title="bbox 981 865 1769 901">
    <p class='ocr_par' dir='ltr' id='par_1_45' title="bbox 981 865 1769 901">
     <span class='ocr_line' id='line_1_45' title="bbox 981 865 1769 901; baseline 0 -8"><span class='ocrx_word' id='word_1_296' title='bbox 981 873 1078 893; x_wconf 81' lang='lat' dir='ltr'><strong>versus</strong></span> <span class='ocrx_word' id='word_1_297' title='bbox 1099 865 1261 892; x_wconf 81' lang='lat' dir='ltr'><strong>Eunomium</strong></span> <span class='ocrx_word' id='word_1_298' title='bbox 1281 865 1355 893; x_wconf 86' lang='lat' dir='ltr'><strong>liber.</strong></span> <span class='ocrx_word' id='word_1_299' title='bbox 1374 865 1464 901; x_wconf 81' lang='lat' dir='ltr'><strong>Stglus</strong></span> <span class='ocrx_word' id='word_1_300' title='bbox 1483 865 1569 897; x_wconf 88' lang='lat' dir='ltr'><strong>illius,</strong></span> <span class='ocrx_word' id='word_1_301' title='bbox 1585 867 1608 892; x_wconf 88' lang='lat' dir='ltr'><strong>si</strong></span> <span class='ocrx_word' id='word_1_302' title='bbox 1624 866 1667 895; x_wconf 84' lang='lat' dir='ltr'><strong>cui</strong></span> <span class='ocrx_word' id='word_1_303' title='bbox 1682 865 1769 893; x_wconf 84' lang='lat' dir='ltr'><strong>rheto-</strong></span> 
     </span>
    </p>
   </div>
   <div class='ocr_carea' id='block_1_46' title="bbox 983 911 1766 945">
    <p class='ocr_par' dir='ltr' id='par_1_46' title="bbox 983 911 1766 945">
     <span class='ocr_line' id='line_1_46' title="bbox 983 911 1766 945; baseline 0 -7"><span class='ocrx_word' id='word_1_304' title='bbox 983 920 1053 944; x_wconf 88' lang='lat' dir='ltr'><strong>rum,</strong></span> <span class='ocrx_word' id='word_1_305' title='bbox 1079 911 1205 944; x_wconf 86' lang='lat' dir='ltr'><strong>illustris,</strong></span> <span class='ocrx_word' id='word_1_306' title='bbox 1229 916 1254 938; x_wconf 88' lang='lat' dir='ltr'><strong>et</strong></span> <span class='ocrx_word' id='word_1_307' title='bbox 1271 911 1467 945; x_wconf 84' lang='lat' dir='ltr'><strong>jucunditatem</strong></span> <span class='ocrx_word' id='word_1_308' title='bbox 1490 911 1599 938; x_wconf 80' lang='lat' dir='ltr'><strong>auribus</strong></span> <span class='ocrx_word' id='word_1_309' title='bbox 1619 911 1766 938; x_wconf 84' lang='lat' dir='ltr'><strong>instillans.</strong></span> 
     </span>
    </p>
   </div>
   <div class='ocr_carea' id='block_1_47' title="bbox 983 957 1769 993">
    <p class='ocr_par' dir='ltr' id='par_1_47' title="bbox 983 957 1769 993">
     <span class='ocr_line' id='line_1_47' title="bbox 983 957 1769 993; baseline 0 -8"><span class='ocrx_word' id='word_1_310' title='bbox 983 957 1034 985; x_wconf 88' lang='lat' dir='ltr'><strong>Sed</strong></span> <span class='ocrx_word' id='word_1_311' title='bbox 1051 966 1097 985; x_wconf 89' lang='lat' dir='ltr'><strong>nec</strong></span> <span class='ocrx_word' id='word_1_312' title='bbox 1109 959 1163 992; x_wconf 89' lang='lat' dir='ltr'><strong>ipse</strong></span> <span class='ocrx_word' id='word_1_313' title='bbox 1177 958 1281 993; x_wconf 82' lang='lat' dir='ltr'><strong>quidem</strong></span> <span class='ocrx_word' id='word_1_314' title='bbox 1297 957 1388 984; x_wconf 87' lang='lat' dir='ltr'><strong>&#39;ordine</strong></span> <span class='ocrx_word' id='word_1_315' title='bbox 1400 957 1524 985; x_wconf 86' lang='lat' dir='ltr'><strong>Eunomii</strong></span> <span class='ocrx_word' id='word_1_316' title='bbox 1543 959 1670 991; x_wconf 88' lang='lat' dir='ltr'><strong>scriptum</strong></span> <span class='ocrx_word' id='word_1_317' title='bbox 1683 966 1769 990; x_wconf 77' lang='lat' dir='ltr'><strong>repre-</strong></span> 
     </span>
    </p>
   </div>
   <div class='ocr_carea' id='block_1_48' title="bbox 982 1003 1770 1037">
    <p class='ocr_par' dir='ltr' id='par_1_48' title="bbox 982 1003 1770 1037">
     <span class='ocr_line' id='line_1_48' title="bbox 982 1003 1770 1037; baseline 0 -7"><span class='ocrx_word' id='word_1_318' title='bbox 982 1004 1081 1032; x_wconf 87' lang='lat' dir='ltr'><strong>hendit.</strong></span> <span class='ocrx_word' id='word_1_319' title='bbox 1112 1004 1289 1037; x_wconf 82' lang='lat' dir='ltr'><strong>Quamobrem</strong></span> <span class='ocrx_word' id='word_1_320' title='bbox 1314 1008 1338 1030; x_wconf 88' lang='lat' dir='ltr'><strong>et</strong></span> <span class='ocrx_word' id='word_1_321' title='bbox 1360 1003 1497 1031; x_wconf 86' lang='lat' dir='ltr'><strong>Theodoro</strong></span> <span class='ocrx_word' id='word_1_322' title='bbox 1519 1004 1650 1030; x_wconf 87' lang='lat' dir='ltr'><strong>concisior</strong></span> <span class='ocrx_word' id='word_1_323' title='bbox 1667 1009 1716 1035; x_wconf 81' lang='lat' dir='ltr'><strong>est,</strong></span> <span class='ocrx_word' id='word_1_324' title='bbox 1742 1008 1770 1031; x_wconf 84' lang='lat' dir='ltr'><strong>et</strong></span> 
     </span>
    </p>
   </div>
   <div class='ocr_carea' id='block_1_49' title="bbox 983 1049 1770 1085">
    <p class='ocr_par' dir='ltr' id='par_1_49' title="bbox 983 1049 1770 1085">
     <span class='ocr_line' id='line_1_49' title="bbox 983 1049 1770 1085; baseline -0.001 -8"><span class='ocrx_word' id='word_1_325' title='bbox 983 1050 1129 1085; x_wconf 87' lang='lat' dir='ltr'><strong>Sophronia</strong></span> <span class='ocrx_word' id='word_1_326' title='bbox 1142 1051 1240 1082; x_wconf 85' lang='lat' dir='ltr'><strong>latior;</strong></span> <span class='ocrx_word' id='word_1_327' title='bbox 1258 1049 1375 1076; x_wconf 86' lang='lat' dir='ltr'><strong>abundat</strong></span> <span class='ocrx_word' id='word_1_328' title='bbox 1385 1051 1454 1076; x_wconf 88' lang='lat' dir='ltr'><strong>enint</strong></span> <span class='ocrx_word' id='word_1_329' title='bbox 1469 1049 1680 1084; x_wconf 72' lang='lat' dir='ltr'><strong>enthymematis,</strong></span> <span class='ocrx_word' id='word_1_330' title='bbox 1694 1049 1770 1084; x_wconf 87' lang='lat' dir='ltr'><strong>atque</strong></span> 
     </span>
    </p>
   </div>
   <div class='ocr_carea' id='block_1_50' title="bbox 983 1096 1769 1131">
    <p class='ocr_par' dir='ltr' id='par_1_50' title="bbox 983 1096 1769 1131">
     <span class='ocr_line' id='line_1_50' title="bbox 983 1096 1769 1131; baseline 0 -9"><span class='ocrx_word' id='word_1_331' title='bbox 983 1096 1118 1130; x_wconf 66' lang='lat' dir='ltr'><strong>exemplis.</strong></span> <span class='ocrx_word' id='word_1_332' title='bbox 1136 1096 1209 1123; x_wconf 85' lang='lat' dir='ltr'><strong>Illud</strong></span> <span class='ocrx_word' id='word_1_333' title='bbox 1220 1101 1307 1122; x_wconf 88' lang='lat' dir='ltr'><strong>autem</strong></span> <span class='ocrx_word' id='word_1_334' title='bbox 1323 1104 1380 1123; x_wconf 82' lang='lat' dir='ltr'><strong>uere</strong></span> <span class='ocrx_word' id='word_1_335' title='bbox 1390 1096 1623 1129; x_wconf 84' lang='lat' dir='ltr'><strong>pronuntiaverim,</strong></span> <span class='ocrx_word' id='word_1_336' title='bbox 1642 1101 1769 1131; x_wconf 88' lang='lat' dir='ltr'><strong>quantum</strong></span> 
     </span>
    </p>
   </div>
   <div class='ocr_carea' id='block_1_51' title="bbox 985 1140 1771 1177">
    <p class='ocr_par' dir='ltr' id='par_1_51' title="bbox 985 1140 1771 1177">
     <span class='ocr_line' id='line_1_51' title="bbox 985 1140 1771 1177; baseline -0.001 -9"><span class='ocrx_word' id='word_1_337' title='bbox 985 1141 1125 1177; x_wconf 81' lang='lat' dir='ltr'><strong>Gregorius</strong></span> <span class='ocrx_word' id='word_1_338' title='bbox 1143 1146 1287 1173; x_wconf 80' lang='lat' dir='ltr'><strong>venustate,</strong></span> <span class='ocrx_word' id='word_1_339' title='bbox 1312 1140 1458 1175; x_wconf 83' lang='lat' dir='ltr'><strong>splendore,</strong></span> <span class='ocrx_word' id='word_1_340' title='bbox 1484 1146 1508 1167; x_wconf 86' lang='lat' dir='ltr'><strong>et</strong></span> <span class='ocrx_word' id='word_1_341' title='bbox 1524 1141 1639 1175; x_wconf 85' lang='lat' dir='ltr'><strong>miriﬁca</strong></span> <span class='ocrx_word' id='word_1_342' title='bbox 1648 1141 1771 1175; x_wconf 85' lang='lat' dir='ltr'><strong>jucundi-</strong></span> 
     </span>
    </p>
   </div>
   <div class='ocr_carea' id='block_1_52' title="bbox 986 1187 1770 1222">
    <p class='ocr_par' dir='ltr' id='par_1_52' title="bbox 986 1187 1770 1222">
     <span class='ocr_line' id='line_1_52' title="bbox 986 1187 1770 1222; baseline -0.003 -7"><span class='ocrx_word' id='word_1_343' title='bbox 986 1193 1038 1215; x_wconf 90' lang='lat' dir='ltr'><strong>.‘ate</strong></span> <span class='ocrx_word' id='word_1_344' title='bbox 1051 1188 1182 1215; x_wconf 80' lang='lat' dir='ltr'><strong>antecellit</strong></span> <span class='ocrx_word' id='word_1_345' title='bbox 1193 1187 1339 1219; x_wconf 83' lang='lat' dir='ltr'><strong>Theodoro,</strong></span> <span class='ocrx_word' id='word_1_346' title='bbox 1352 1191 1454 1214; x_wconf 86' lang='lat' dir='ltr'><strong>tantum</strong></span> <span class='ocrx_word' id='word_1_347' title='bbox 1466 1187 1545 1213; x_wconf 88' lang='lat' dir='ltr'><strong>etiam</strong></span> <span class='ocrx_word' id='word_1_348' title='bbox 1557 1191 1770 1222; x_wconf 79' lang='lat' dir='ltr'><strong>argumentorum</strong></span> 
     </span>
    </p>
   </div>
   <div class='ocr_carea' id='block_1_53' title="bbox 984 1232 1770 1269">
    <p class='ocr_par' dir='ltr' id='par_1_53' title="bbox 984 1232 1770 1269">
     <span class='ocr_line' id='line_1_53' title="bbox 984 1232 1770 1269; baseline -0.004 -8"><span class='ocrx_word' id='word_1_349' title='bbox 984 1235 1059 1269; x_wconf 84' lang='lat' dir='ltr'><strong>copia</strong></span> <span class='ocrx_word' id='word_1_350' title='bbox 1073 1239 1095 1261; x_wconf 89' lang='lat' dir='ltr'><strong>et</strong></span> <span class='ocrx_word' id='word_1_351' title='bbox 1109 1233 1227 1260; x_wconf 88' lang='lat' dir='ltr'><strong>ubertate</strong></span> <span class='ocrx_word' id='word_1_352' title='bbox 1241 1233 1359 1259; x_wconf 89' lang='lat' dir='ltr'><strong>eumdem</strong></span> <span class='ocrx_word' id='word_1_353' title='bbox 1375 1233 1475 1259; x_wconf 81' lang='lat' dir='ltr'><strong>vincere</strong></span> <span class='ocrx_word' id='word_1_354' title='bbox 1489 1232 1642 1259; x_wconf 89' lang='lat' dir='ltr'><strong>conuititur.</strong></span> <span class='ocrx_word' id='word_1_355' title='bbox 1662 1232 1770 1259; x_wconf 86' lang='lat' dir='ltr'><strong>Lectum</strong></span> 
     </span>
    </p>
   </div>
   <div class='ocr_carea' id='block_1_54' title="bbox 984 1277 1772 1312">
    <p class='ocr_par' dir='ltr' id='par_1_54' title="bbox 984 1277 1772 1312">
     <span class='ocr_line' id='line_1_54' title="bbox 984 1277 1772 1312; baseline -0.003 -5"><span class='ocrx_word' id='word_1_356' title='bbox 984 1285 1023 1308; x_wconf 83' lang='lat' dir='ltr'><strong>est</strong></span> <span class='ocrx_word' id='word_1_357' title='bbox 1041 1280 1155 1306; x_wconf 81' lang='lat' dir='ltr'><strong>alterunt</strong></span> <span class='ocrx_word' id='word_1_358' title='bbox 1173 1278 1290 1312; x_wconf 85' lang='lat' dir='ltr'><strong>ejusdem</strong></span> <span class='ocrx_word' id='word_1_359' title='bbox 1306 1277 1426 1312; x_wconf 88' lang='lat' dir='ltr'><strong>Gregorii</strong></span> <span class='ocrx_word' id='word_1_360' title='bbox 1451 1277 1565 1312; x_wconf 83' lang='lat' dir='ltr'><strong>Nysseni</strong></span> <span class='ocrx_word' id='word_1_361' title='bbox 1583 1285 1658 1312; x_wconf 89' lang='lat' dir='ltr'><strong>opus,</strong></span> <span class='ocrx_word' id='word_1_362' title='bbox 1676 1278 1708 1305; x_wconf 88' lang='lat' dir='ltr'><strong>de</strong></span> <span class='ocrx_word' id='word_1_363' title='bbox 1730 1287 1772 1305; x_wconf 85' lang='lat' dir='ltr'><strong>ea-</strong></span> 
     </span>
    </p>
   </div>
   <div class='ocr_carea' id='block_1_55' title="bbox 985 1322 1773 1360">
    <p class='ocr_par' dir='ltr' id='par_1_55' title="bbox 985 1322 1773 1360">
     <span class='ocr_line' id='line_1_55' title="bbox 985 1322 1773 1360; baseline -0.004 -7"><span class='ocrx_word' id='word_1_364' title='bbox 985 1325 1042 1353; x_wconf 86' lang='lat' dir='ltr'><strong>dem</strong></span> <span class='ocrx_word' id='word_1_365' title='bbox 1051 1327 1107 1360; x_wconf 88' lang='lat' dir='ltr'><strong>ipsa</strong></span> <span class='ocrx_word' id='word_1_366' title='bbox 1116 1333 1144 1352; x_wconf 87' lang='lat' dir='ltr'><strong>re</strong></span> <span class='ocrx_word' id='word_1_367' title='bbox 1154 1333 1163 1352; x_wconf 94' lang='lat'><em>:</em></span> <span class='ocrx_word' id='word_1_368' title='bbox 1174 1325 1201 1351; x_wconf 90' lang='lat' dir='ltr'><strong>in</strong></span> <span class='ocrx_word' id='word_1_369' title='bbox 1210 1333 1259 1360; x_wconf 88' lang='lat' dir='ltr'><strong>quo</strong></span> <span class='ocrx_word' id='word_1_370' title='bbox 1270 1323 1418 1350; x_wconf 83' lang='lat' dir='ltr'><strong>rationibus</strong></span> <span class='ocrx_word' id='word_1_371' title='bbox 1430 1322 1601 1349; x_wconf 85' lang='lat' dir='ltr'><strong>validioribus</strong></span> <span class='ocrx_word' id='word_1_372' title='bbox 1613 1331 1672 1350; x_wconf 84' lang='lat' dir='ltr'><strong>cum</strong></span> <span class='ocrx_word' id='word_1_373' title='bbox 1683 1322 1773 1350; x_wconf 87' lang='lat' dir='ltr'><strong>Euno-</strong></span> 
     </span>
    </p>
   </div>
   <div class='ocr_carea' id='block_1_56' title="bbox 985 1369 1771 1402">
    <p class='ocr_par' dir='ltr' id='par_1_56' title="bbox 985 1369 1771 1402">
     <span class='ocr_line' id='line_1_56' title="bbox 985 1369 1771 1402; baseline -0.003 -4"><span class='ocrx_word' id='word_1_374' title='bbox 985 1372 1038 1399; x_wconf 86' lang='lat' dir='ltr'><strong>mia</strong></span> <span class='ocrx_word' id='word_1_375' title='bbox 1052 1379 1145 1398; x_wconf 85' lang='lat' dir='ltr'><strong>manus</strong></span> <span class='ocrx_word' id='word_1_376' title='bbox 1163 1379 1316 1402; x_wconf 77' lang='lat' dir='ltr'><strong>conserens,</strong></span> <span class='ocrx_word' id='word_1_377' title='bbox 1341 1377 1400 1396; x_wconf 88' lang='lat' dir='ltr'><strong>eum</strong></span> <span class='ocrx_word' id='word_1_378' title='bbox 1417 1369 1441 1396; x_wconf 79' lang='lat' dir='ltr'><strong>ni</strong></span> <span class='ocrx_word' id='word_1_379' title='bbox 1454 1373 1595 1402; x_wconf 74' lang='lat' dir='ltr'><strong>expugnat,</strong></span> <span class='ocrx_word' id='word_1_380' title='bbox 1613 1369 1702 1395; x_wconf 85' lang='lat' dir='ltr'><strong>omnia</strong></span> <span class='ocrx_word' id='word_1_381' title='bbox 1722 1370 1771 1396; x_wconf 83' lang='lat' dir='ltr'><strong>itu-</strong></span> 
     </span>
    </p>
   </div>
   <div class='ocr_carea' id='block_1_57' title="bbox 985 1412 1773 1452">
    <p class='ocr_par' dir='ltr' id='par_1_57' title="bbox 985 1412 1773 1452">
     <span class='ocr_line' id='line_1_57' title="bbox 985 1412 1773 1452; baseline -0.004 -8"><span class='ocrx_word' id='word_1_382' title='bbox 985 1418 1092 1452; x_wconf 83' lang='lat' dir='ltr'><strong>pietatis</strong></span> <span class='ocrx_word' id='word_1_383' title='bbox 1115 1418 1284 1452; x_wconf 73' lang='lat' dir='ltr'><strong>ﬁrtnamenta</strong></span> <span class='ocrx_word' id='word_1_384' title='bbox 1299 1414 1475 1449; x_wconf 77' lang='lat' dir='ltr'><strong>labefactans.</strong></span> <span class='ocrx_word' id='word_1_385' title='bbox 1500 1412 1627 1440; x_wconf 79' lang='lat' dir='ltr'><strong>Venustus</strong></span> <span class='ocrx_word' id='word_1_386' title='bbox 1641 1423 1699 1441; x_wconf 81' lang='lat' dir='ltr'><strong>rere</strong></span> <span class='ocrx_word' id='word_1_387' title='bbox 1711 1423 1773 1441; x_wconf 90' lang='lat' dir='ltr'><strong>ora-</strong></span> 
     </span>
    </p>
   </div>
   <div class='ocr_carea' id='block_1_58' title="bbox 987 1458 1773 1496">
    <p class='ocr_par' dir='ltr' id='par_1_58' title="bbox 987 1458 1773 1496">
     <span class='ocr_line' id='line_1_58' title="bbox 987 1458 1773 1496; baseline -0.004 -7"><span class='ocrx_word' id='word_1_388' title='bbox 987 1463 1066 1489; x_wconf 85' lang='lat' dir='ltr'><strong>tionis</strong></span> <span class='ocrx_word' id='word_1_389' title='bbox 1087 1467 1113 1489; x_wconf 89' lang='lat' dir='ltr'><strong>et</strong></span> <span class='ocrx_word' id='word_1_390' title='bbox 1137 1461 1260 1496; x_wconf 78' lang='lat' dir='ltr'><strong>splendor</strong></span> <span class='ocrx_word' id='word_1_391' title='bbox 1283 1459 1451 1495; x_wconf 85' lang='lat' dir='ltr'><strong>jucunditate</strong></span> <span class='ocrx_word' id='word_1_392' title='bbox 1475 1458 1584 1491; x_wconf 76' lang='lat' dir='ltr'><strong>mistus,</strong></span> <span class='ocrx_word' id='word_1_393' title='bbox 1613 1461 1693 1487; x_wconf 86' lang='lat' dir='ltr'><strong>etiam</strong></span> <span class='ocrx_word' id='word_1_394' title='bbox 1725 1461 1773 1486; x_wconf 86' lang='lat' dir='ltr'><strong>hoc</strong></span> 
     </span>
    </p>
   </div>
   <div class='ocr_carea' id='block_1_59' title="bbox 986 1506 1376 1545">
    <p class='ocr_par' dir='ltr' id='par_1_59' title="bbox 986 1506 1376 1545">
     <span class='ocr_line' id='line_1_59' title="bbox 986 1506 1376 1545; baseline -0.013 -8"><span class='ocrx_word' id='word_1_395' title='bbox 986 1518 1064 1545; x_wconf 76' lang='lat' dir='ltr'><strong>opere</strong></span> <span class='ocrx_word' id='word_1_396' title='bbox 1078 1509 1197 1536; x_wconf 86' lang='lat' dir='ltr'><strong>decenter</strong></span> <span class='ocrx_word' id='word_1_397' title='bbox 1213 1516 1240 1534; x_wconf 89' lang='lat' dir='ltr'><strong>se</strong></span> <span class='ocrx_word' id='word_1_398' title='bbox 1252 1506 1376 1535; x_wconf 84' lang='lat' dir='ltr'><strong>ostendit.</strong></span> 
     </span>
    </p>
   </div>
   <div class='ocr_carea' id='block_1_60' title="bbox 151 1549 1772 1595">
    <p class='ocr_par' dir='ltr' id='par_1_60' title="bbox 151 1549 1772 1595">
     <span class='ocr_line' id='line_1_60' title="bbox 151 1549 1772 1595; baseline 0.002 -20"><span class='ocrx_word' id='word_1_399' title='bbox 151 1549 277 1576; x_wconf 85' lang='lat' dir='ltr'><strong>miserum</strong></span> <span class='ocrx_word' id='word_1_400' title='bbox 300 1549 356 1576; x_wconf 88' lang='lat' dir='ltr'><strong>illic</strong></span> <span class='ocrx_word' id='word_1_401' title='bbox 375 1550 485 1584; x_wconf 85' lang='lat' dir='ltr'><strong>fovendo</strong></span> <span class='ocrx_word' id='word_1_402' title='bbox 513 1556 631 1584; x_wconf 89' lang='lat' dir='ltr'><strong>partum,</strong></span> <span class='ocrx_word' id='word_1_403' title='bbox 651 1551 715 1585; x_wconf 85' lang='lat' dir='ltr'><strong>ipsis</strong></span> <span class='ocrx_word' id='word_1_404' title='bbox 735 1559 837 1586; x_wconf 84' lang='lat' dir='ltr'><strong>quoque</strong></span> <span class='ocrx_word' id='word_1_405' title='bbox 859 1557 973 1595; x_wconf 70' lang='lat' dir='ltr'><strong>sectwc</strong></span> <span class='ocrx_word' id='word_1_406' title='bbox 1023 1556 1158 1591; x_wconf 77' lang='lat' dir='ltr'><strong>Loquitur</strong></span> <span class='ocrx_word' id='word_1_407' title='bbox 1183 1553 1297 1582; x_wconf 76' lang='lat' dir='ltr'><strong>Pliotius</strong></span> <span class='ocrx_word' id='word_1_408' title='bbox 1321 1555 1356 1582; x_wconf 90' lang='lat' dir='ltr'><strong>de</strong></span> <span class='ocrx_word' id='word_1_409' title='bbox 1379 1555 1548 1590; x_wconf 64' lang='lat' dir='ltr'><strong>longissima</strong></span> <span class='ocrx_word' id='word_1_410' title='bbox 1564 1553 1611 1581; x_wconf 77' lang='lat' dir='ltr'><strong>illa</strong></span> <span class='ocrx_word' id='word_1_411' title='bbox 1635 1552 1772 1582; x_wconf 81' lang='lat' dir='ltr'><strong>oratione.</strong></span> 
     </span>
    </p>
   </div>
   <div class='ocr_carea' id='block_1_61' title="bbox 150 1594 937 1629">
    <p class='ocr_par' dir='ltr' id='par_1_61' title="bbox 150 1594 937 1629">
     <span class='ocr_line' id='line_1_61' title="bbox 150 1594 937 1629; baseline 0.005 -9"><span class='ocrx_word' id='word_1_412' title='bbox 150 1594 260 1621; x_wconf 84' lang='lat' dir='ltr'><strong>asseclis</strong></span> <span class='ocrx_word' id='word_1_413' title='bbox 289 1603 341 1621; x_wconf 89' lang='lat' dir='ltr'><strong>non</strong></span> <span class='ocrx_word' id='word_1_414' title='bbox 366 1600 461 1622; x_wconf 87' lang='lat' dir='ltr'><strong>temere</strong></span> <span class='ocrx_word' id='word_1_415' title='bbox 485 1595 644 1629; x_wconf 70' lang='lat' dir='ltr'><strong>exhibuisse,</strong></span> <span class='ocrx_word' id='word_1_416' title='bbox 675 1597 786 1624; x_wconf 82' lang='lat' dir='ltr'><strong>veritum</strong></span> <span class='ocrx_word' id='word_1_417' title='bbox 811 1597 937 1624; x_wconf 85' lang='lat' dir='ltr'><strong>nimirum</strong></span> 
     </span>
    </p>
   </div>
   <div class='ocr_carea' id='block_1_62' title="bbox 151 1640 936 1676">
    <p class='ocr_par' dir='ltr' id='par_1_62' title="bbox 151 1640 936 1676">
     <span class='ocr_line' id='line_1_62' title="bbox 151 1640 936 1676; baseline 0.005 -10"><span class='ocrx_word' id='word_1_418' title='bbox 151 1640 280 1673; x_wconf 70' lang='lat' dir='ltr'><strong>maxime,</strong></span> <span class='ocrx_word' id='word_1_419' title='bbox 286 1648 316 1667; x_wconf 90' lang='lat' dir='ltr'><strong>ne</strong></span> <span class='ocrx_word' id='word_1_420' title='bbox 326 1640 432 1675; x_wconf 81' lang='lat' dir='ltr'><strong>quando</strong></span> <span class='ocrx_word' id='word_1_421' title='bbox 444 1640 526 1668; x_wconf 84' lang='lat' dir='ltr'><strong>ethoc</strong></span> <span class='ocrx_word' id='word_1_422' title='bbox 537 1649 601 1675; x_wconf 90' lang='lat' dir='ltr'><strong>opus</strong></span> <span class='ocrx_word' id='word_1_423' title='bbox 614 1642 640 1667; x_wconf 89' lang='lat' dir='ltr'><strong>in</strong></span> <span class='ocrx_word' id='word_1_424' title='bbox 651 1642 747 1669; x_wconf 84' lang='lat' dir='ltr'><strong>Basilii</strong></span> <span class='ocrx_word' id='word_1_425' title='bbox 758 1651 851 1669; x_wconf 86' lang='lat' dir='ltr'><strong>manus</strong></span> <span class='ocrx_word' id='word_1_426' title='bbox 862 1644 936 1676; x_wconf 87' lang='lat' dir='ltr'><strong>prius</strong></span> 
     </span>
    </p>
   </div>
   <div class='ocr_carea' id='block_1_63' title="bbox 151 1687 936 1725">
    <p class='ocr_par' dir='ltr' id='par_1_63' title="bbox 151 1687 936 1725">
     <span class='ocr_line' id='line_1_63' title="bbox 151 1687 936 1725; baseline 0.005 -12"><span class='ocrx_word' id='word_1_427' title='bbox 151 1687 264 1718; x_wconf 82' lang='lat' dir='ltr'><strong>ueniens,</strong></span> <span class='ocrx_word' id='word_1_428' title='bbox 281 1695 360 1721; x_wconf 86' lang='lat' dir='ltr'><strong>quam</strong></span> <span class='ocrx_word' id='word_1_429' title='bbox 375 1687 540 1720; x_wconf 81' lang='lat' dir='ltr'><strong>coalesceret,</strong></span> <span class='ocrx_word' id='word_1_430' title='bbox 558 1687 746 1723; x_wconf 88' lang='lat' dir='ltr'><strong>dissiparetur,</strong></span> <span class='ocrx_word' id='word_1_431' title='bbox 759 1694 784 1716; x_wconf 86' lang='lat' dir='ltr'><strong>et</strong></span> <span class='ocrx_word' id='word_1_432' title='bbox 796 1695 936 1725; x_wconf 86' lang='lat' dir='ltr'><strong>antequam</strong></span> 
     </span>
    </p>
   </div>
   <div class='ocr_carea' id='block_1_64' title="bbox 150 1733 940 1771">
    <p class='ocr_par' dir='ltr' id='par_1_64' title="bbox 150 1733 940 1771">
     <span class='ocr_line' id='line_1_64' title="bbox 150 1733 940 1771; baseline 0.004 -12"><span class='ocrx_word' id='word_1_433' title='bbox 150 1733 267 1766; x_wconf 70' lang='lat' dir='ltr'><strong>ﬂoreret,</strong></span> <span class='ocrx_word' id='word_1_434' title='bbox 287 1738 446 1767; x_wconf 75' lang='lat' dir='ltr'><strong>pramature</strong></span> <span class='ocrx_word' id='word_1_435' title='bbox 468 1739 620 1767; x_wconf 77' lang='lat' dir='ltr'><strong>corruptum</strong></span> <span class='ocrx_word' id='word_1_436' title='bbox 646 1740 825 1762; x_wconf 84' lang='lat' dir='ltr'><strong>marcesceret.</strong></span> <span class='ocrx_word' id='word_1_437' title='bbox 853 1735 940 1771; x_wconf 84' lang='lat' dir='ltr'><strong>Igitur</strong></span> 
     </span>
    </p>
   </div>
   <div class='ocr_carea' id='block_1_65' title="bbox 151 1779 940 1814">
    <p class='ocr_par' dir='ltr' id='par_1_65' title="bbox 151 1779 940 1814">
     <span class='ocr_line' id='line_1_65' title="bbox 151 1779 940 1814; baseline 0.003 -8"><span class='ocrx_word' id='word_1_438' title='bbox 151 1779 268 1806; x_wconf 83' lang='lat' dir='ltr'><strong>studiose</strong></span> <span class='ocrx_word' id='word_1_439' title='bbox 283 1779 352 1806; x_wconf 84' lang='lat' dir='ltr'><strong>velut</strong></span> <span class='ocrx_word' id='word_1_440' title='bbox 364 1780 434 1806; x_wconf 81' lang='lat' dir='ltr'><strong>alter</strong></span> <span class='ocrx_word' id='word_1_441' title='bbox 449 1780 475 1806; x_wconf 89' lang='lat' dir='ltr'><strong>in</strong></span> <span class='ocrx_word' id='word_1_442' title='bbox 488 1779 586 1814; x_wconf 84' lang='lat' dir='ltr'><strong>fabulis</strong></span> <span class='ocrx_word' id='word_1_443' title='bbox 602 1780 747 1812; x_wconf 84' lang='lat' dir='ltr'><strong>Saturnus,</strong></span> <span class='ocrx_word' id='word_1_444' title='bbox 760 1786 851 1807; x_wconf 85' lang='lat' dir='ltr'><strong>natum</strong></span> <span class='ocrx_word' id='word_1_445' title='bbox 868 1782 940 1808; x_wconf 82' lang='lat' dir='ltr'><strong>devo-</strong></span> 
     </span>
    </p>
   </div>
   <div class='ocr_carea' id='block_1_66' title="bbox 152 1824 940 1860">
    <p class='ocr_par' dir='ltr' id='par_1_66' title="bbox 152 1824 940 1860">
     <span class='ocr_line' id='line_1_66' title="bbox 152 1824 940 1860; baseline 0.003 -10"><span class='ocrx_word' id='word_1_446' title='bbox 152 1824 236 1851; x_wconf 83' lang='lat' dir='ltr'><strong>rando</strong></span> <span class='ocrx_word' id='word_1_447' title='bbox 254 1825 329 1855; x_wconf 69' lang='lat' dir='ltr'><strong>texit,</strong></span> <span class='ocrx_word' id='word_1_448' title='bbox 354 1828 431 1858; x_wconf 83' lang='lat' dir='ltr'><strong>atque</strong></span> <span class='ocrx_word' id='word_1_449' title='bbox 445 1824 593 1857; x_wconf 80' lang='lat' dir='ltr'><strong>abscondit,</strong></span> <span class='ocrx_word' id='word_1_450' title='bbox 609 1824 727 1860; x_wconf 85' lang='lat' dir='ltr'><strong>quandiu</strong></span> <span class='ocrx_word' id='word_1_451' title='bbox 740 1825 845 1860; x_wconf 79' lang='lat' dir='ltr'><strong>quidem</strong></span> <span class='ocrx_word' id='word_1_452' title='bbox 863 1825 940 1852; x_wconf 86' lang='lat' dir='ltr'><strong>Basi-</strong></span> 
     </span>
    </p>
   </div>
   <div class='ocr_carea' id='block_1_67' title="bbox 153 1870 942 1904">
    <p class='ocr_par' dir='ltr' id='par_1_67' title="bbox 153 1870 942 1904">
     <span class='ocr_line' id='line_1_67' title="bbox 153 1870 942 1904; baseline 0.004 -8"><span class='ocrx_word' id='word_1_453' title='bbox 153 1870 204 1896; x_wconf 85' lang='lat' dir='ltr'><strong>lius</strong></span> <span class='ocrx_word' id='word_1_454' title='bbox 216 1870 242 1896; x_wconf 89' lang='lat' dir='ltr'><strong>in</strong></span> <span class='ocrx_word' id='word_1_455' title='bbox 253 1870 329 1904; x_wconf 74' lang='lat' dir='ltr'><strong>ﬂuxa</strong></span> <span class='ocrx_word' id='word_1_456' title='bbox 341 1870 394 1896; x_wconf 87' lang='lat' dir='ltr'><strong>ista</strong></span> <span class='ocrx_word' id='word_1_457' title='bbox 408 1870 462 1896; x_wconf 85' lang='lat' dir='ltr'><strong>vita</strong></span> <span class='ocrx_word' id='word_1_458' title='bbox 485 1870 578 1904; x_wconf 77' lang='lat' dir='ltr'><strong>degens</strong></span> <span class='ocrx_word' id='word_1_459' title='bbox 596 1875 693 1896; x_wconf 88' lang='lat' dir='ltr'><strong>metum</strong></span> <span class='ocrx_word' id='word_1_460' title='bbox 708 1871 844 1898; x_wconf 79' lang='lat' dir='ltr'><strong>incuteret.</strong></span> <span class='ocrx_word' id='word_1_461' title='bbox 862 1871 942 1899; x_wconf 83' lang='lat' dir='ltr'><strong>Post-</strong></span> 
     </span>
    </p>
   </div>
   <div class='ocr_carea' id='block_1_68' title="bbox 152 1915 942 1950">
    <p class='ocr_par' dir='ltr' id='par_1_68' title="bbox 152 1915 942 1950">
     <span class='ocr_line' id='line_1_68' title="bbox 152 1915 942 1950; baseline 0.004 -9"><span class='ocrx_word' id='word_1_462' title='bbox 152 1923 233 1950; x_wconf 75' lang='lat' dir='ltr'><strong>quam</strong></span> <span class='ocrx_word' id='word_1_463' title='bbox 253 1923 312 1942; x_wconf 88' lang='lat' dir='ltr'><strong>vero</strong></span> <span class='ocrx_word' id='word_1_464' title='bbox 335 1915 374 1941; x_wconf 80' lang='lat' dir='ltr'><strong>vir</strong></span> <span class='ocrx_word' id='word_1_465' title='bbox 398 1915 443 1942; x_wconf 83' lang='lat' dir='ltr'><strong>ille</strong></span> <span class='ocrx_word' id='word_1_466' title='bbox 466 1915 582 1947; x_wconf 77' lang='lat' dir='ltr'><strong>divinus,</strong></span> <span class='ocrx_word' id='word_1_467' title='bbox 619 1916 757 1950; x_wconf 85' lang='lat' dir='ltr'><strong>peregrina</strong></span> <span class='ocrx_word' id='word_1_468' title='bbox 779 1916 942 1944; x_wconf 89' lang='lat' dir='ltr'><strong>habitatione</strong></span> 
     </span>
    </p>
   </div>
   <div class='ocr_carea' id='block_1_69' title="bbox 155 1961 942 1997">
    <p class='ocr_par' dir='ltr' id='par_1_69' title="bbox 155 1961 942 1997">
     <span class='ocr_line' id='line_1_69' title="bbox 155 1961 942 1997; baseline 0.003 -10"><span class='ocrx_word' id='word_1_469' title='bbox 155 1961 259 1990; x_wconf 87' lang='lat' dir='ltr'><strong>relicta.</strong></span> <span class='ocrx_word' id='word_1_470' title='bbox 286 1961 314 1987; x_wconf 86' lang='lat' dir='ltr'><strong>in</strong></span> <span class='ocrx_word' id='word_1_471' title='bbox 330 1969 417 1993; x_wconf 82' lang='lat' dir='ltr'><strong>suout,</strong></span> <span class='ocrx_word' id='word_1_472' title='bbox 437 1961 488 1988; x_wconf 89' lang='lat' dir='ltr'><strong>hoc</strong></span> <span class='ocrx_word' id='word_1_473' title='bbox 503 1967 552 1993; x_wconf 85' lang='lat' dir='ltr'><strong>est,</strong></span> <span class='ocrx_word' id='word_1_474' title='bbox 576 1961 602 1988; x_wconf 84' lang='lat' dir='ltr'><strong>in</strong></span> <span class='ocrx_word' id='word_1_475' title='bbox 619 1961 747 1988; x_wconf 76' lang='lat' dir='ltr'><strong>caelestem</strong></span> <span class='ocrx_word' id='word_1_476' title='bbox 762 1963 942 1997; x_wconf 59' lang='lat' dir='ltr'><strong>commigravit</strong></span> 
     </span>
    </p>
   </div>
   <div class='ocr_carea' id='block_1_70' title="bbox 155 2002 939 2042">
    <p class='ocr_par' dir='ltr' id='par_1_70' title="bbox 155 2002 939 2042">
     <span class='ocr_line' id='line_1_70' title="bbox 155 2002 939 2042; baseline 0.004 -9"><span class='ocrx_word' id='word_1_477' title='bbox 155 2006 346 2038; x_wconf 81' lang='lat' dir='ltr'><strong>ha-reditutem,</strong></span> <span class='ocrx_word' id='word_1_478' title='bbox 365 2013 390 2034; x_wconf 90' lang='lat' dir='ltr'><strong>et</strong></span> <span class='ocrx_word' id='word_1_479' title='bbox 406 2007 502 2042; x_wconf 80' lang='lat' dir='ltr'><strong>ingenti</strong></span> <span class='ocrx_word' id='word_1_480' title='bbox 521 2007 568 2034; x_wconf 89' lang='lat' dir='ltr'><strong>illo</strong></span> <span class='ocrx_word' id='word_1_481' title='bbox 584 2002 654 2035; x_wconf 66' lang='lat' dir='ltr'><strong>metu</strong></span> <span class='ocrx_word' id='word_1_482' title='bbox 672 2008 803 2040; x_wconf 83' lang='lat' dir='ltr'><strong>discusso,</strong></span> <span class='ocrx_word' id='word_1_483' title='bbox 827 2009 870 2036; x_wconf 75' lang='lat' dir='ltr'><strong>via:</strong></span> <span class='ocrx_word' id='word_1_484' title='bbox 882 2013 939 2036; x_wconf 88' lang='lat' dir='ltr'><strong>tan-</strong></span> 
     </span>
    </p>
   </div>
   <div class='ocr_carea' id='block_1_71' title="bbox 155 2053 942 2090">
    <p class='ocr_par' dir='ltr' id='par_1_71' title="bbox 155 2053 942 2090">
     <span class='ocr_line' id='line_1_71' title="bbox 155 2053 942 2090; baseline 0.003 -10"><span class='ocrx_word' id='word_1_485' title='bbox 155 2053 214 2080; x_wconf 86' lang='lat' dir='ltr'><strong>dem</strong></span> <span class='ocrx_word' id='word_1_486' title='bbox 238 2061 295 2081; x_wconf 86' lang='lat' dir='ltr'><strong>sero</strong></span> <span class='ocrx_word' id='word_1_487' title='bbox 312 2053 405 2080; x_wconf 84' lang='lat' dir='ltr'><strong>edendi</strong></span> <span class='ocrx_word' id='word_1_488' title='bbox 430 2053 534 2081; x_wconf 87' lang='lat' dir='ltr'><strong>advenit</strong></span> <span class='ocrx_word' id='word_1_489' title='bbox 560 2054 675 2085; x_wconf 83' lang='lat' dir='ltr'><strong>occasio,</strong></span> <span class='ocrx_word' id='word_1_490' title='bbox 696 2063 727 2081; x_wconf 88' lang='lat' dir='ltr'><strong>ne</strong></span> <span class='ocrx_word' id='word_1_491' title='bbox 754 2060 815 2082; x_wconf 84' lang='lat' dir='ltr'><strong>tum:</strong></span> <span class='ocrx_word' id='word_1_492' title='bbox 839 2055 942 2090; x_wconf 86' lang='lat' dir='ltr'><strong>quidem</strong></span> 
     </span>
    </p>
   </div>
   <div class='ocr_carea' id='block_1_72' title="bbox 155 2100 941 2136">
    <p class='ocr_par' dir='ltr' id='par_1_72' title="bbox 155 2100 941 2136">
     <span class='ocr_line' id='line_1_72' title="bbox 155 2100 941 2136; baseline 0.003 -8"><span class='ocrx_word' id='word_1_493' title='bbox 155 2101 286 2132; x_wconf 85' lang='lat' dir='ltr'><strong>omnibus,</strong></span> <span class='ocrx_word' id='word_1_494' title='bbox 305 2101 351 2128; x_wconf 86' lang='lat' dir='ltr'><strong>sed</strong></span> <span class='ocrx_word' id='word_1_495' title='bbox 364 2101 458 2127; x_wconf 82' lang='lat' dir='ltr'><strong>amicis</strong></span> <span class='ocrx_word' id='word_1_496' title='bbox 485 2100 628 2132; x_wconf 71' lang='lat' dir='ltr'><strong>duntaxat,</strong></span> <span class='ocrx_word' id='word_1_497' title='bbox 653 2101 774 2136; x_wconf 87' lang='lat' dir='ltr'><strong>evulgare</strong></span> <span class='ocrx_word' id='word_1_498' title='bbox 797 2110 877 2130; x_wconf 86' lang='lat' dir='ltr'><strong>ausus</strong></span> <span class='ocrx_word' id='word_1_499' title='bbox 892 2107 941 2130; x_wconf 87' lang='lat' dir='ltr'><strong>est.</strong></span> 
     </span>
    </p>
   </div>
   <div class='ocr_carea' id='block_1_73' title="bbox 156 2145 943 2182">
    <p class='ocr_par' dir='ltr' id='par_1_73' title="bbox 156 2145 943 2182">
     <span class='ocr_line' id='line_1_73' title="bbox 156 2145 943 2182; baseline 0.003 -10"><span class='ocrx_word' id='word_1_500' title='bbox 156 2146 191 2173; x_wconf 86' lang='lat' dir='ltr'><strong>In</strong></span> <span class='ocrx_word' id='word_1_501' title='bbox 206 2154 282 2181; x_wconf 85' lang='lat' dir='ltr'><strong>quem</strong></span> <span class='ocrx_word' id='word_1_502' title='bbox 305 2145 448 2173; x_wconf 83' lang='lat' dir='ltr'><strong>incidentes</strong></span> <span class='ocrx_word' id='word_1_503' title='bbox 467 2146 620 2173; x_wconf 85' lang='lat' dir='ltr'><strong>Theodorus</strong></span> <span class='ocrx_word' id='word_1_504' title='bbox 635 2152 660 2174; x_wconf 89' lang='lat' dir='ltr'><strong>et</strong></span> <span class='ocrx_word' id='word_1_505' title='bbox 681 2146 824 2180; x_wconf 79' lang='lat' dir='ltr'><strong>Gregorius</strong></span> <span class='ocrx_word' id='word_1_506' title='bbox 841 2147 943 2182; x_wconf 85' lang='lat' dir='ltr'><strong>Nysse-</strong></span> 
     </span>
    </p>
   </div>
   <div class='ocr_carea' id='block_1_74' title="bbox 155 2190 944 2226">
    <p class='ocr_par' dir='ltr' id='par_1_74' title="bbox 155 2190 944 2226">
     <span class='ocr_line' id='line_1_74' title="bbox 155 2190 944 2226; baseline 0 -8"><span class='ocrx_word' id='word_1_507' title='bbox 155 2198 216 2224; x_wconf 80' lang='lat' dir='ltr'><strong>nus,</strong></span> <span class='ocrx_word' id='word_1_508' title='bbox 234 2195 310 2225; x_wconf 83' lang='lat' dir='ltr'><strong>atque</strong></span> <span class='ocrx_word' id='word_1_509' title='bbox 322 2190 486 2224; x_wconf 72' lang='lat' dir='ltr'><strong>Sophronias</strong></span> <span class='ocrx_word' id='word_1_510' title='bbox 498 2192 619 2226; x_wconf 88' lang='lat' dir='ltr'><strong>(quorum</strong></span> <span class='ocrx_word' id='word_1_511' title='bbox 631 2199 712 2226; x_wconf 86' lang='lat' dir='ltr'><strong>supra</strong></span> <span class='ocrx_word' id='word_1_512' title='bbox 723 2196 763 2218; x_wconf 80' lang='lat' dir='ltr'><strong>est</strong></span> <span class='ocrx_word' id='word_1_513' title='bbox 774 2199 789 2217; x_wconf 93' lang='lat' dir='ltr'><strong>a</strong></span> <span class='ocrx_word' id='word_1_514' title='bbox 801 2199 840 2218; x_wconf 85' lang='lat' dir='ltr'><strong>me</strong></span> <span class='ocrx_word' id='word_1_515' title='bbox 852 2191 944 2218; x_wconf 87' lang='lat' dir='ltr'><strong>Itabita</strong></span> 
     </span>
    </p>
   </div>
   <div class='ocr_carea' id='block_1_75' title="bbox 988 1598 1774 1637">
    <p class='ocr_par' dir='ltr' id='par_1_75' title="bbox 988 1598 1774 1637">
     <span class='ocr_line' id='line_1_75' title="bbox 988 1598 1774 1637; baseline -0.006 -8"><span class='ocrx_word' id='word_1_516' title='bbox 988 1611 1049 1637; x_wconf 74' lang='lat' dir='ltr'><strong>qua:</strong></span> <span class='ocrx_word' id='word_1_517' title='bbox 1066 1602 1092 1629; x_wconf 95' lang='lat' dir='ltr'><strong>in</strong></span> <span class='ocrx_word' id='word_1_518' title='bbox 1106 1609 1189 1636; x_wconf 85' lang='lat' dir='ltr'><strong>opere</strong></span> <span class='ocrx_word' id='word_1_519' title='bbox 1207 1605 1301 1628; x_wconf 86' lang='lat' dir='ltr'><strong>contra</strong></span> <span class='ocrx_word' id='word_1_520' title='bbox 1324 1598 1668 1631; x_wconf 60' lang='lat' dir='ltr'><strong>Eutioritium,_socundtttti</strong></span> <span class='ocrx_word' id='word_1_521' title='bbox 1688 1605 1774 1632; x_wconf 84' lang='lat' dir='ltr'><strong>quos-</strong></span> 
     </span>
    </p>
   </div>
   <div class='ocr_carea' id='block_1_76' title="bbox 989 1643 1776 1679">
    <p class='ocr_par' dir='ltr' id='par_1_76' title="bbox 989 1643 1776 1679">
     <span class='ocr_line' id='line_1_76' title="bbox 989 1643 1776 1679; baseline -0.006 -5"><span class='ocrx_word' id='word_1_522' title='bbox 989 1648 1062 1679; x_wconf 85' lang='lat' dir='ltr'><strong>dam,</strong></span> <span class='ocrx_word' id='word_1_523' title='bbox 1078 1646 1269 1674; x_wconf 86' lang='lat' dir='ltr'><strong>duodecimum</strong></span> <span class='ocrx_word' id='word_1_524' title='bbox 1280 1667 1287 1678; x_wconf 89' lang='lat'><strong>,</strong></span> <span class='ocrx_word' id='word_1_525' title='bbox 1308 1645 1553 1676; x_wconf 66' lang='lat' dir='ltr'><strong>secundumalios,</strong></span> <span class='ocrx_word' id='word_1_526' title='bbox 1570 1643 1707 1671; x_wconf 84' lang='lat' dir='ltr'><strong>decimum</strong></span> <span class='ocrx_word' id='word_1_527' title='bbox 1720 1646 1776 1670; x_wconf 73' lang='lat' dir='ltr'><strong>tur-</strong></span> 
     </span>
    </p>
   </div>
   <div class='ocr_carea' id='block_1_77' title="bbox 989 1690 1775 1726">
    <p class='ocr_par' dir='ltr' id='par_1_77' title="bbox 989 1690 1775 1726">
     <span class='ocr_line' id='line_1_77' title="bbox 989 1690 1775 1726; baseline -0.005 -7"><span class='ocrx_word' id='word_1_528' title='bbox 989 1693 1057 1720; x_wconf 91' lang='lat' dir='ltr'><strong>tium</strong></span> <span class='ocrx_word' id='word_1_529' title='bbox 1078 1693 1168 1719; x_wconf 86' lang='lat' dir='ltr'><strong>locum</strong></span> <span class='ocrx_word' id='word_1_530' title='bbox 1188 1695 1272 1723; x_wconf 84' lang='lat' dir='ltr'><strong>tenet,</strong></span> <span class='ocrx_word' id='word_1_531' title='bbox 1291 1691 1377 1726; x_wconf 75' lang='lat' dir='ltr'><strong>cujus.</strong></span> <span class='ocrx_word' id='word_1_532' title='bbox 1390 1691 1447 1718; x_wconf 69' lang='lat' dir='ltr'><strong>haec</strong></span> <span class='ocrx_word' id='word_1_533' title='bbox 1468 1692 1552 1719; x_wconf 81' lang='lat' dir='ltr'><strong>estJn</strong></span> <span class='ocrx_word' id='word_1_534' title='bbox 1576 1690 1708 1717; x_wconf 81' lang='lat' dir='ltr'><strong>Bavarico</strong></span> <span class='ocrx_word' id='word_1_535' title='bbox 1727 1696 1775 1716; x_wconf 88' lang='lat' dir='ltr'><strong>co-</strong></span> 
     </span>
    </p>
   </div>
   <div class='ocr_carea' id='block_1_78' title="bbox 989 1736 1777 1773">
    <p class='ocr_par' dir='ltr' id='par_1_78' title="bbox 989 1736 1777 1773">
     <span class='ocr_line' id='line_1_78' title="bbox 989 1736 1777 1773; baseline -0.009 -5"><span class='ocrx_word' id='word_1_536' title='bbox 989 1740 1049 1768; x_wconf 83' lang='lat' dir='ltr'><strong>dice</strong></span> <span class='ocrx_word' id='word_1_537' title='bbox 1060 1738 1201 1773; x_wconf 85' lang='lat' dir='ltr'><strong>inscriptio</strong></span> <span class='ocrx_word' id='word_1_538' title='bbox 1217 1747 1224 1765; x_wconf 88' lang='lat'><strong>:</strong></span> <span class='ocrx_word' id='word_1_539' title='bbox 1243 1737 1298 1764; x_wconf 81' lang='grc' dir='ltr'><strong>Τοῦ</strong></span> <span class='ocrx_word' id='word_1_540' title='bbox 1311 1737 1393 1765; x_wconf 73' lang='grc' dir='ltr'><strong>αὑτοῦ</strong></span> <span class='ocrx_word' id='word_1_541' title='bbox 1418 1737 1496 1771; x_wconf 77' lang='grc' dir='ltr'><strong>ἁγίου</strong></span> <span class='ocrx_word' id='word_1_542' title='bbox 1512 1736 1661 1772; x_wconf 82' lang='grc' dir='ltr'><strong>Γρηγορίου</strong></span> <span class='ocrx_word' id='word_1_543' title='bbox 1684 1736 1777 1771; x_wconf 73' lang='grc' dir='ltr'><strong>ἀντιρ-</strong></span> 
     </span>
    </p>
   </div>
   <div class='ocr_carea' id='block_1_79' title="bbox 991 1780 1776 1820">
    <p class='ocr_par' dir='ltr' id='par_1_79' title="bbox 991 1780 1776 1820">
     <span class='ocr_line' id='line_1_79' title="bbox 991 1780 1776 1820; baseline -0.006 -8"><span class='ocrx_word' id='word_1_544' title='bbox 991 1785 1101 1820; x_wconf 81' lang='grc' dir='ltr'><strong>ρητικὺς</strong></span> <span class='ocrx_word' id='word_1_545' title='bbox 1116 1785 1185 1820; x_wconf 80' lang='grc' dir='ltr'>πρὸς</span> <span class='ocrx_word' id='word_1_546' title='bbox 1198 1784 1245 1810; x_wconf 85' lang='grc' dir='ltr'>τὺν</span> <span class='ocrx_word' id='word_1_547' title='bbox 1266 1783 1397 1818; x_wconf 66' lang='grc' dir='ltr'><strong>Εὑνομίου</strong></span> <span class='ocrx_word' id='word_1_548' title='bbox 1411 1783 1457 1810; x_wconf 75' lang='grc' dir='ltr'><strong>τοῦ</strong></span> <span class='ocrx_word' id='word_1_549' title='bbox 1479 1782 1626 1814; x_wconf 75' lang='grc' dir='ltr'><strong>δυσσεϐοῦς</strong></span> <span class='ocrx_word' id='word_1_550' title='bbox 1649 1780 1776 1816; x_wconf 70' lang='grc' dir='ltr'><strong>δεύτερον</strong></span> 
     </span>
    </p>
   </div>
   <div class='ocr_carea' id='block_1_80' title="bbox 1005 1826 1777 1864">
    <p class='ocr_par' dir='ltr' id='par_1_80' title="bbox 1005 1826 1777 1864">
     <span class='ocr_line' id='line_1_80' title="bbox 1005 1826 1777 1864; baseline -0.004 -8"><span class='ocrx_word' id='word_1_551' title='bbox 1005 1829 1082 1864; x_wconf 82' lang='grc' dir='ltr'>λόγον</span> <span class='ocrx_word' id='word_1_552' title='bbox 1095 1838 1101 1844; x_wconf 83' lang='lat'>&#39;</span> <span class='ocrx_word' id='word_1_553' title='bbox 1117 1829 1196 1863; x_wconf 87' lang='lat' dir='ltr'><strong>cujus</strong></span> <span class='ocrx_word' id='word_1_554' title='bbox 1208 1829 1371 1864; x_wconf 79' lang='lat' dir='ltr'><strong>principium</strong></span> <span class='ocrx_word' id='word_1_555' title='bbox 1385 1833 1438 1861; x_wconf 80' lang='lat' dir='ltr'><strong>est,</strong></span> <span class='ocrx_word' id='word_1_556' title='bbox 1452 1828 1492 1856; x_wconf 83' lang='grc' dir='ltr'><strong>Τὰ</strong></span> <span class='ocrx_word' id='word_1_557' title='bbox 1507 1828 1556 1863; x_wconf 79' lang='grc' dir='ltr'><strong>μὲν</strong></span> <span class='ocrx_word' id='word_1_558' title='bbox 1568 1827 1600 1863; x_wconf 84' lang='grc' dir='ltr'>δὴ</span> <span class='ocrx_word' id='word_1_559' title='bbox 1616 1826 1711 1862; x_wconf 84' lang='grc' dir='ltr'><strong>πρῶτα</strong></span> <span class='ocrx_word' id='word_1_560' title='bbox 1722 1826 1777 1856; x_wconf 69' lang='grc' dir='ltr'>τῶν</span> 
     </span>
    </p>
   </div>
   <div class='ocr_carea' id='block_1_81' title="bbox 991 1873 1367 1911">
    <p class='ocr_par' dir='ltr' id='par_1_81' title="bbox 991 1873 1367 1911">
     <span class='ocr_line' id='line_1_81' title="bbox 991 1873 1367 1911; baseline 0 -10"><span class='ocrx_word' id='word_1_561' title='bbox 991 1875 1059 1911; x_wconf 82' lang='grc' dir='ltr'><strong>πρὸς</strong></span> <span class='ocrx_word' id='word_1_562' title='bbox 1075 1875 1206 1909; x_wconf 81' lang='grc' dir='ltr'><strong>Εὐνόμιον</strong></span> <span class='ocrx_word' id='word_1_563' title='bbox 1222 1873 1346 1908; x_wconf 73' lang='grc' dir='ltr'><strong>ἀγῲνων.</strong></span> <span class='ocrx_word' id='word_1_564' title='bbox 1364 1898 1367 1901; x_wconf 93' lang='grc'>.</span> 
     </span>
    </p>
   </div>
   <div class='ocr_carea' id='block_1_82' title="bbox 1027 1917 1778 1954">
    <p class='ocr_par' dir='ltr' id='par_1_82' title="bbox 1027 1917 1778 1954">
     <span class='ocr_line' id='line_1_82' title="bbox 1027 1917 1778 1954; baseline -0.003 -8"><span class='ocrx_word' id='word_1_565' title='bbox 1027 1919 1057 1946; x_wconf 89' lang='lat' dir='ltr'><strong>In</strong></span> <span class='ocrx_word' id='word_1_566' title='bbox 1071 1919 1176 1953; x_wconf 85' lang='lat' dir='ltr'><strong>judicio</strong></span> <span class='ocrx_word' id='word_1_567' title='bbox 1196 1919 1230 1946; x_wconf 81' lang='lat' dir='ltr'><strong>de</strong></span> <span class='ocrx_word' id='word_1_568' title='bbox 1260 1918 1330 1954; x_wconf 84' lang='lat' dir='ltr'><strong>stylo</strong></span> <span class='ocrx_word' id='word_1_569' title='bbox 1354 1917 1525 1946; x_wconf 85' lang='lat' dir='ltr'><strong>Eunomiano</strong></span> <span class='ocrx_word' id='word_1_570' title='bbox 1550 1917 1629 1953; x_wconf 74' lang='lat' dir='ltr'><strong>plane</strong></span> <span class='ocrx_word' id='word_1_571' title='bbox 1657 1917 1778 1945; x_wconf 84' lang='lat' dir='ltr'><strong>concinit</strong></span> 
     </span>
    </p>
   </div>
   <div class='ocr_carea' id='block_1_83' title="bbox 992 1963 1777 2000">
    <p class='ocr_par' dir='ltr' id='par_1_83' title="bbox 992 1963 1777 2000">
     <span class='ocr_line' id='line_1_83' title="bbox 992 1963 1777 2000; baseline -0.003 -8"><span class='ocrx_word' id='word_1_572' title='bbox 992 1965 1108 1992; x_wconf 87' lang='lat' dir='ltr'><strong>Photius</strong></span> <span class='ocrx_word' id='word_1_573' title='bbox 1123 1972 1185 1991; x_wconf 90' lang='lat' dir='ltr'><strong>cum</strong></span> <span class='ocrx_word' id='word_1_574' title='bbox 1204 1964 1336 1999; x_wconf 74' lang='lat' dir='ltr'><strong>Gregorio</strong></span> <span class='ocrx_word' id='word_1_575' title='bbox 1359 1963 1507 2000; x_wconf 83' lang='lat' dir='ltr'><strong>Nysseuo:</strong></span> <span class='ocrx_word' id='word_1_576' title='bbox 1526 1963 1554 1991; x_wconf 91' lang='lat' dir='ltr'><strong>id</strong></span> <span class='ocrx_word' id='word_1_577' title='bbox 1583 1963 1717 1998; x_wconf 73' lang='lat' dir='ltr'><strong>intelliges</strong></span> <span class='ocrx_word' id='word_1_578' title='bbox 1743 1971 1777 1991; x_wconf 77' lang='lat' dir='ltr'><strong>ex</strong></span> 
     </span>
    </p>
   </div>
   <div class='ocr_carea' id='block_1_84' title="bbox 994 2007 1777 2047">
    <p class='ocr_par' dir='ltr' id='par_1_84' title="bbox 994 2007 1777 2047">
     <span class='ocr_line' id='line_1_84' title="bbox 994 2007 1777 2047; baseline -0.004 -9"><span class='ocrx_word' id='word_1_579' title='bbox 994 2012 1083 2047; x_wconf 87' lang='lat' dir='ltr'><strong>primo</strong></span> <span class='ocrx_word' id='word_1_580' title='bbox 1107 2010 1178 2038; x_wconf 87' lang='lat' dir='ltr'><strong>libro</strong></span> <span class='ocrx_word' id='word_1_581' title='bbox 1199 2009 1326 2045; x_wconf 83' lang='lat' dir='ltr'><strong>Nysseni,</strong></span> <span class='ocrx_word' id='word_1_582' title='bbox 1344 2014 1372 2036; x_wconf 89' lang='lat' dir='ltr'><strong>et</strong></span> <span class='ocrx_word' id='word_1_583' title='bbox 1388 2017 1420 2036; x_wconf 85' lang='lat' dir='ltr'><strong>ex</strong></span> <span class='ocrx_word' id='word_1_584' title='bbox 1445 2009 1487 2036; x_wconf 90' lang='lat' dir='ltr'><strong>his</strong></span> <span class='ocrx_word' id='word_1_585' title='bbox 1500 2007 1587 2036; x_wconf 76' lang='lat' dir='ltr'><strong>Photii</strong></span> <span class='ocrx_word' id='word_1_586' title='bbox 1608 2008 1717 2036; x_wconf 83' lang='lat' dir='ltr'><strong>verbis:</strong></span> <span class='ocrx_word' id='word_1_587' title='bbox 1736 2009 1777 2035; x_wconf 82' lang='lat' dir='ltr'><strong>Ad</strong></span> 
     </span>
    </p>
   </div>
   <div class='ocr_carea' id='block_1_85' title="bbox 994 2052 1780 2091">
    <p class='ocr_par' dir='ltr' id='par_1_85' title="bbox 994 2052 1780 2091">
     <span class='ocr_line' id='line_1_85' title="bbox 994 2052 1780 2091; baseline -0.006 -8"><span class='ocrx_word' id='word_1_588' title='bbox 994 2056 1093 2091; x_wconf 82' lang='lat' dir='ltr'><strong>stylum</strong></span> <span class='ocrx_word' id='word_1_589' title='bbox 1110 2054 1258 2091; x_wconf 77' lang='lat' dir='ltr'><strong>(Eunomii)</strong></span> <span class='ocrx_word' id='word_1_590' title='bbox 1279 2053 1348 2089; x_wconf 89' lang='lat' dir='ltr'><strong>quod</strong></span> <span class='ocrx_word' id='word_1_591' title='bbox 1364 2054 1468 2086; x_wconf 84' lang='lat' dir='ltr'><strong>attinet,</strong></span> <span class='ocrx_word' id='word_1_592' title='bbox 1495 2057 1598 2080; x_wconf 86' lang='lat' dir='ltr'><strong>tantum</strong></span> <span class='ocrx_word' id='word_1_593' title='bbox 1613 2053 1636 2079; x_wconf 85' lang='lat' dir='ltr'><strong>is</strong></span> <span class='ocrx_word' id='word_1_594' title='bbox 1656 2052 1688 2079; x_wconf 88' lang='lat' dir='ltr'><strong>ab</strong></span> <span class='ocrx_word' id='word_1_595' title='bbox 1708 2053 1780 2079; x_wconf 88' lang='lat' dir='ltr'><strong>omni</strong></span> 
     </span>
    </p>
   </div>
   <div class='ocr_carea' id='block_1_86' title="bbox 994 2098 1780 2139">
    <p class='ocr_par' dir='ltr' id='par_1_86' title="bbox 994 2098 1780 2139">
     <span class='ocr_line' id='line_1_86' title="bbox 994 2098 1780 2139; baseline -0.006 -10"><span class='ocrx_word' id='word_1_596' title='bbox 994 2103 1084 2139; x_wconf 86' lang='lat' dir='ltr'><strong>gratia</strong></span> <span class='ocrx_word' id='word_1_597' title='bbox 1103 2107 1127 2129; x_wconf 89' lang='lat' dir='ltr'><strong>et</strong></span> <span class='ocrx_word' id='word_1_598' title='bbox 1147 2101 1317 2136; x_wconf 83' lang='lat' dir='ltr'><strong>jucunditate</strong></span> <span class='ocrx_word' id='word_1_599' title='bbox 1332 2105 1447 2127; x_wconf 83' lang='lat' dir='ltr'><strong>remotus</strong></span> <span class='ocrx_word' id='word_1_600' title='bbox 1461 2105 1513 2131; x_wconf 87' lang='lat' dir='ltr'><strong>est,</strong></span> <span class='ocrx_word' id='word_1_601' title='bbox 1534 2103 1562 2127; x_wconf 85' lang='lat' dir='ltr'><strong>ut</strong></span> <span class='ocrx_word' id='word_1_602' title='bbox 1580 2098 1780 2133; x_wconf 52' lang='lat' dir='ltr'><strong>ne‘cognovissc</strong></span> 
     </span>
    </p>
   </div>
   <div class='ocr_carea' id='block_1_87' title="bbox 994 2144 1779 2184">
    <p class='ocr_par' dir='ltr' id='par_1_87' title="bbox 994 2144 1779 2184">
     <span class='ocr_line' id='line_1_87' title="bbox 994 2144 1779 2184; baseline -0.006 -9"><span class='ocrx_word' id='word_1_603' title='bbox 994 2149 1109 2184; x_wconf 86' lang='lat' dir='ltr'><strong>quidem,</strong></span> <span class='ocrx_word' id='word_1_604' title='bbox 1132 2156 1166 2175; x_wconf 90' lang='lat' dir='ltr'><strong>an</strong></span> <span class='ocrx_word' id='word_1_605' title='bbox 1181 2147 1233 2174; x_wconf 87' lang='lat' dir='ltr'><strong>tale</strong></span> <span class='ocrx_word' id='word_1_606' title='bbox 1245 2147 1307 2182; x_wconf 84' lang='lat' dir='ltr'><strong>quid</strong></span> <span class='ocrx_word' id='word_1_607' title='bbox 1322 2151 1449 2176; x_wconf 71' lang='lat' dir='ltr'><strong>exstaret,</strong></span> <span class='ocrx_word' id='word_1_608' title='bbox 1467 2145 1597 2172; x_wconf 83' lang='lat' dir='ltr'><strong>videatur.</strong></span> <span class='ocrx_word' id='word_1_609' title='bbox 1613 2144 1779 2171; x_wconf 76' lang='lat' dir='ltr'><strong>laetantium</strong></span> 
     </span>
    </p>
   </div>
   <div class='ocr_carea' id='block_1_88' title="bbox 995 2191 1779 2228">
    <p class='ocr_par' dir='ltr' id='par_1_88' title="bbox 995 2191 1779 2228">
     <span class='ocr_line' id='line_1_88' title="bbox 995 2191 1779 2228; baseline -0.008 -7"><span class='ocrx_word' id='word_1_610' title='bbox 995 2193 1178 2222; x_wconf 84' lang='lat' dir='ltr'><strong>tantummodo</strong></span> <span class='ocrx_word' id='word_1_611' title='bbox 1202 2192 1346 2228; x_wconf 87' lang='lat' dir='ltr'><strong>quamdam</strong></span> <span class='ocrx_word' id='word_1_612' title='bbox 1361 2191 1509 2226; x_wconf 69' lang='lat' dir='ltr'><strong>prodigiose</strong></span> <span class='ocrx_word' id='word_1_613' title='bbox 1529 2195 1653 2221; x_wconf 83' lang='lat' dir='ltr'><strong>ostentat,</strong></span> <span class='ocrx_word' id='word_1_614' title='bbox 1670 2198 1779 2216; x_wconf 87' lang='lat' dir='ltr'><strong>sonum-</strong></span> 
     </span>
    </p>
   </div>
   <div class='ocr_carea' id='block_1_89' title="bbox 157 2235 1780 2276">
    <p class='ocr_par' dir='ltr' id='par_1_89' title="bbox 157 2235 1780 2276">
     <span class='ocr_line' id='line_1_89' title="bbox 157 2235 1780 2276; baseline -0.004 -13"><span class='ocrx_word' id='word_1_615' title='bbox 157 2237 264 2273; x_wconf 86' lang='lat' dir='ltr'><strong>meutio)</strong></span> <span class='ocrx_word' id='word_1_616' title='bbox 285 2238 375 2264; x_wconf 87' lang='lat' dir='ltr'><strong>multis</strong></span> <span class='ocrx_word' id='word_1_617' title='bbox 400 2237 537 2264; x_wconf 76' lang='lat' dir='ltr'><strong>verborum</strong></span> <span class='ocrx_word' id='word_1_618' title='bbox 561 2237 658 2272; x_wconf 76' lang='lat' dir='ltr'><strong>plagis;</strong></span> <span class='ocrx_word' id='word_1_619' title='bbox 687 2245 737 2263; x_wconf 89' lang='lat' dir='ltr'><strong>non</strong></span> <span class='ocrx_word' id='word_1_620' title='bbox 760 2244 836 2264; x_wconf 83' lang='lat' dir='ltr'><strong>secus</strong></span> <span class='ocrx_word' id='word_1_621' title='bbox 862 2245 941 2272; x_wconf 84' lang='lat' dir='ltr'><strong>quam</strong></span> <span class='ocrx_word' id='word_1_622' title='bbox 957 2247 980 2276; x_wconf 73' lang='grc' dir='ltr'><strong>ο</strong></span> <span class='ocrx_word' id='word_1_623' title='bbox 995 2247 1043 2274; x_wconf 85' lang='lat' dir='ltr'><strong>que</strong></span> <span class='ocrx_word' id='word_1_624' title='bbox 1057 2238 1193 2266; x_wconf 85' lang='lat' dir='ltr'><strong>dissonum</strong></span> <span class='ocrx_word' id='word_1_625' title='bbox 1206 2235 1341 2263; x_wconf 79' lang='lat' dir='ltr'><strong>stridendo</strong></span> <span class='ocrx_word' id='word_1_626' title='bbox 1353 2235 1618 2268; x_wconf 39' lang='lat' dir='ltr'><strong>edereaﬂiectamum</strong></span> <span class='ocrx_word' id='word_1_627' title='bbox 1631 2241 1780 2260; x_wconf 80' lang='lat' dir='ltr'><strong>consonan-</strong></span> 
     </span>
    </p>
   </div>
   <div class='ocr_carea' id='block_1_90' title="bbox 156 2283 946 2320">
    <p class='ocr_par' dir='ltr' id='par_1_90' title="bbox 156 2283 946 2320">
     <span class='ocr_line' id='line_1_90' title="bbox 156 2283 946 2320; baseline 0 -9"><span class='ocrx_word' id='word_1_628' title='bbox 156 2285 270 2318; x_wconf 89' lang='lat' dir='ltr'><strong>priorem</strong></span> <span class='ocrx_word' id='word_1_629' title='bbox 281 2283 369 2320; x_wconf 86' lang='lat' dir='ltr'><strong>(illum</strong></span> <span class='ocrx_word' id='word_1_630' title='bbox 377 2284 504 2319; x_wconf 87' lang='lat' dir='ltr'><strong>ejusdem)</strong></span> <span class='ocrx_word' id='word_1_631' title='bbox 516 2284 642 2316; x_wconf 85' lang='lat' dir='ltr'><strong>Basilius,</strong></span> <span class='ocrx_word' id='word_1_632' title='bbox 651 2284 826 2318; x_wconf 79' lang='lat' dir='ltr'><strong>conﬁcientes.</strong></span> <span class='ocrx_word' id='word_1_633' title='bbox 833 2284 946 2320; x_wconf 86' lang='lat' dir='ltr'><strong>jugula-</strong></span> 
     </span>
    </p>
   </div>
   <div class='ocr_carea' id='block_1_91' title="bbox 157 2320 944 2365">
    <p class='ocr_par' dir='ltr' id='par_1_91' title="bbox 157 2320 944 2365">
     <span class='ocr_line' id='line_1_91' title="bbox 157 2320 944 2365; baseline 0.001 -9"><span class='ocrx_word' id='word_1_634' title='bbox 157 2330 288 2364; x_wconf 81' lang='lat' dir='ltr'><strong>tumjam,</strong></span> <span class='ocrx_word' id='word_1_635' title='bbox 301 2335 326 2357; x_wconf 87' lang='lat' dir='ltr'><strong>et</strong></span> <span class='ocrx_word' id='word_1_636' title='bbox 340 2339 396 2365; x_wconf 71' lang='lat' dir='ltr'><strong>prie</strong></span> <span class='ocrx_word' id='word_1_637' title='bbox 407 2331 565 2364; x_wconf 84' lang='lat' dir='ltr'><strong>impuritate.</strong></span> <span class='ocrx_word' id='word_1_638' title='bbox 574 2330 673 2357; x_wconf 87' lang='lat' dir='ltr'><strong>olidunt</strong></span> <span class='ocrx_word' id='word_1_639' title='bbox 686 2330 713 2356; x_wconf 86' lang='lat' dir='ltr'><strong>in</strong></span> <span class='ocrx_word' id='word_1_640' title='bbox 723 2320 856 2356; x_wconf 79' lang='lat' dir='ltr'><strong>auctorem</strong></span> <span class='ocrx_word' id='word_1_641' title='bbox 867 2339 944 2357; x_wconf 87' lang='lat' dir='ltr'><strong>suum</strong></span> 
     </span>
    </p>
   </div>
   <div class='ocr_carea' id='block_1_92' title="bbox 157 2375 943 2410">
    <p class='ocr_par' dir='ltr' id='par_1_92' title="bbox 157 2375 943 2410">
     <span class='ocr_line' id='line_1_92' title="bbox 157 2375 943 2410; baseline 0.001 -8"><span class='ocrx_word' id='word_1_642' title='bbox 157 2375 333 2410; x_wconf 86' lang='lat' dir='ltr'><strong>conjecerunt.</strong></span> <span class='ocrx_word' id='word_1_643' title='bbox 353 2375 410 2402; x_wconf 79' lang='lat' dir='ltr'><strong>Has</strong></span> <span class='ocrx_word' id='word_1_644' title='bbox 425 2376 512 2410; x_wconf 81' lang='lat' dir='ltr'><strong>itaque</strong></span> <span class='ocrx_word' id='word_1_645' title='bbox 525 2381 579 2402; x_wconf 89' lang='lat' dir='ltr'><strong>tum</strong></span> <span class='ocrx_word' id='word_1_646' title='bbox 598 2376 741 2409; x_wconf 80' lang='lat' dir='ltr'><strong>impietatis</strong></span> <span class='ocrx_word' id='word_1_647' title='bbox 757 2383 847 2409; x_wconf 70' lang='lat' dir='ltr'><strong>plenas</strong></span> <span class='ocrx_word' id='word_1_648' title='bbox 861 2375 943 2403; x_wconf 85' lang='lat' dir='ltr'><strong>dedit.</strong></span> 
     </span>
    </p>
   </div>
   <div class='ocr_carea' id='block_1_93' title="bbox 192 2420 945 2456">
    <p class='ocr_par' dir='ltr' id='par_1_93' title="bbox 192 2420 945 2456">
     <span class='ocr_line' id='line_1_93' title="bbox 192 2420 945 2456; baseline -0.001 -8"><span class='ocrx_word' id='word_1_649' title='bbox 192 2420 231 2448; x_wconf 81' lang='lat' dir='ltr'><strong>De</strong></span> <span class='ocrx_word' id='word_1_650' title='bbox 246 2421 360 2456; x_wconf 75' lang='lat' dir='ltr'><strong>singulis</strong></span> <span class='ocrx_word' id='word_1_651' title='bbox 381 2421 456 2448; x_wconf 86' lang='lat' dir='ltr'><strong>hisce</strong></span> <span class='ocrx_word' id='word_1_652' title='bbox 479 2421 601 2447; x_wconf 83' lang='lat' dir='ltr'><strong>Eunomii</strong></span> <span class='ocrx_word' id='word_1_653' title='bbox 624 2420 860 2455; x_wconf 76' lang='lat' dir='ltr'><strong>oppugnatoribus</strong></span> <span class='ocrx_word' id='word_1_654' title='bbox 874 2428 945 2455; x_wconf 74' lang='lat' dir='ltr'><strong>spe-</strong></span> 
     </span>
    </p>
   </div>
   <div class='ocr_carea' id='block_1_94' title="bbox 157 2465 944 2502">
    <p class='ocr_par' dir='ltr' id='par_1_94' title="bbox 157 2465 944 2502">
     <span class='ocr_line' id='line_1_94' title="bbox 157 2465 944 2502; baseline -0.003 -8"><span class='ocrx_word' id='word_1_655' title='bbox 157 2467 249 2494; x_wconf 77' lang='lat' dir='ltr'><strong>eiatim</strong></span> <span class='ocrx_word' id='word_1_656' title='bbox 271 2466 396 2494; x_wconf 85' lang='lat' dir='ltr'><strong>Photius.</strong></span> <span class='ocrx_word' id='word_1_657' title='bbox 420 2466 458 2494; x_wconf 84' lang='lat' dir='ltr'><strong>De</strong></span> <span class='ocrx_word' id='word_1_658' title='bbox 478 2466 621 2493; x_wconf 82' lang='lat' dir='ltr'><strong>Theodoro</strong></span> <span class='ocrx_word' id='word_1_659' title='bbox 641 2465 758 2502; x_wconf 80' lang='lat' dir='ltr'><strong>istu(b):</strong></span> <span class='ocrx_word' id='word_1_660' title='bbox 783 2465 857 2492; x_wconf 83' lang='lat' dir='ltr'><strong>Lecti</strong></span> <span class='ocrx_word' id='word_1_661' title='bbox 882 2470 944 2492; x_wconf 78' lang='lat' dir='ltr'><strong>sunt</strong></span> 
     </span>
    </p>
   </div>
   <div class='ocr_carea' id='block_1_95' title="bbox 159 2512 945 2547">
    <p class='ocr_par' dir='ltr' id='par_1_95' title="bbox 159 2512 945 2547">
     <span class='ocr_line' id='line_1_95' title="bbox 159 2512 945 2547; baseline -0.003 -7"><span class='ocrx_word' id='word_1_662' title='bbox 159 2513 289 2540; x_wconf 83' lang='lat' dir='ltr'><strong>Theodori</strong></span> <span class='ocrx_word' id='word_1_663' title='bbox 296 2513 453 2540; x_wconf 82' lang='lat' dir='ltr'><strong>Antiocheni</strong></span> <span class='ocrx_word' id='word_1_664' title='bbox 463 2521 509 2547; x_wconf 86' lang='lat' dir='ltr'><strong>pro</strong></span> <span class='ocrx_word' id='word_1_665' title='bbox 520 2513 622 2540; x_wconf 85' lang='lat' dir='ltr'><strong>Basilio</strong></span> <span class='ocrx_word' id='word_1_666' title='bbox 640 2513 772 2540; x_wconf 82' lang='lat' dir='ltr'><strong>adversus</strong></span> <span class='ocrx_word' id='word_1_667' title='bbox 782 2512 945 2539; x_wconf 80' lang='lat' dir='ltr'><strong>Eunumium</strong></span> 
     </span>
    </p>
   </div>
   <div class='ocr_carea' id='block_1_96' title="bbox 159 2558 945 2594">
    <p class='ocr_par' dir='ltr' id='par_1_96' title="bbox 159 2558 945 2594">
     <span class='ocr_line' id='line_1_96' title="bbox 159 2558 945 2594; baseline -0.003 -9"><span class='ocrx_word' id='word_1_668' title='bbox 159 2558 220 2586; x_wconf 73' lang='lat' dir='ltr'><strong>libri</strong></span> <span class='ocrx_word' id='word_1_669' title='bbox 237 2560 329 2594; x_wconf 78' lang='lat' dir='ltr'><strong>viginti</strong></span> <span class='ocrx_word' id='word_1_670' title='bbox 348 2560 469 2594; x_wconf 86' lang='lat' dir='ltr'><strong>quinque.</strong></span> <span class='ocrx_word' id='word_1_671' title='bbox 485 2561 534 2586; x_wconf 84' lang='lat' dir='ltr'><strong>Est</strong></span> <span class='ocrx_word' id='word_1_672' title='bbox 550 2559 590 2585; x_wconf 92' lang='lat' dir='ltr'><strong>illi</strong></span> <span class='ocrx_word' id='word_1_673' title='bbox 610 2559 714 2593; x_wconf 88' lang='lat' dir='ltr'><strong>phrasis</strong></span> <span class='ocrx_word' id='word_1_674' title='bbox 728 2566 780 2585; x_wconf 87' lang='lat' dir='ltr'><strong>non</strong></span> <span class='ocrx_word' id='word_1_675' title='bbox 799 2565 945 2593; x_wconf 81' lang='lat' dir='ltr'><strong>usquequa-</strong></span> 
     </span>
    </p>
   </div>
   <div class='ocr_carea' id='block_1_97' title="bbox 158 2604 946 2640">
    <p class='ocr_par' dir='ltr' id='par_1_97' title="bbox 158 2604 946 2640">
     <span class='ocr_line' id='line_1_97' title="bbox 158 2604 946 2640; baseline -0.001 -10"><span class='ocrx_word' id='word_1_676' title='bbox 158 2613 207 2640; x_wconf 75' lang='lat' dir='ltr'><strong>que</strong></span> <span class='ocrx_word' id='word_1_677' title='bbox 225 2607 372 2640; x_wconf 83' lang='lat' dir='ltr'><strong>perspicua,</strong></span> <span class='ocrx_word' id='word_1_678' title='bbox 385 2606 503 2632; x_wconf 81' lang='lat' dir='ltr'><strong>sensibus</strong></span> <span class='ocrx_word' id='word_1_679' title='bbox 518 2611 605 2632; x_wconf 89' lang='lat' dir='ltr'><strong>tamen</strong></span> <span class='ocrx_word' id='word_1_680' title='bbox 621 2611 645 2632; x_wconf 88' lang='lat' dir='ltr'><strong>et</strong></span> <span class='ocrx_word' id='word_1_681' title='bbox 659 2604 820 2640; x_wconf 85' lang='lat' dir='ltr'><strong>argumentis</strong></span> <span class='ocrx_word' id='word_1_682' title='bbox 835 2604 946 2630; x_wconf 88' lang='lat' dir='ltr'><strong>nimium</strong></span> 
     </span>
    </p>
   </div>
   <div class='ocr_carea' id='block_1_98' title="bbox 158 2649 947 2686">
    <p class='ocr_par' dir='ltr' id='par_1_98' title="bbox 158 2649 947 2686">
     <span class='ocr_line' id='line_1_98' title="bbox 158 2649 947 2686; baseline -0.003 -9"><span class='ocrx_word' id='word_1_683' title='bbox 158 2656 287 2686; x_wconf 86' lang='lat' dir='ltr'><strong>quantum</strong></span> <span class='ocrx_word' id='word_1_684' title='bbox 310 2651 417 2683; x_wconf 75' lang='lat' dir='ltr'><strong>densus,</strong></span> <span class='ocrx_word' id='word_1_685' title='bbox 449 2651 478 2679; x_wconf 91' lang='lat' dir='ltr'><strong>S.</strong></span> <span class='ocrx_word' id='word_1_686' title='bbox 500 2651 644 2684; x_wconf 75' lang='lat' dir='ltr'><strong>Scriptum</strong></span> <span class='ocrx_word' id='word_1_687' title='bbox 669 2650 825 2678; x_wconf 84' lang='lat' dir='ltr'><strong>testimoniis</strong></span> <span class='ocrx_word' id='word_1_688' title='bbox 846 2649 947 2684; x_wconf 82' lang='lat' dir='ltr'><strong>egregie</strong></span> 
     </span>
    </p>
   </div>
   <div class='ocr_carea' id='block_1_99' title="bbox 160 2695 945 2731">
    <p class='ocr_par' dir='ltr' id='par_1_99' title="bbox 160 2695 945 2731">
     <span class='ocr_line' id='line_1_99' title="bbox 160 2695 945 2731; baseline -0.001 -9"><span class='ocrx_word' id='word_1_689' title='bbox 160 2696 289 2724; x_wconf 86' lang='lat' dir='ltr'><strong>abundat.</strong></span> <span class='ocrx_word' id='word_1_690' title='bbox 311 2697 350 2723; x_wconf 78' lang='lat' dir='ltr'><strong>Ad</strong></span> <span class='ocrx_word' id='word_1_691' title='bbox 364 2700 468 2724; x_wconf 81' lang='lat' dir='ltr'><strong>verbum</strong></span> <span class='ocrx_word' id='word_1_692' title='bbox 484 2697 537 2731; x_wconf 85' lang='lat' dir='ltr'><strong>fere</strong></span> <span class='ocrx_word' id='word_1_693' title='bbox 554 2696 678 2723; x_wconf 82' lang='lat' dir='ltr'><strong>Eunomii</strong></span> <span class='ocrx_word' id='word_1_694' title='bbox 699 2696 814 2722; x_wconf 86' lang='lat' dir='ltr'><strong>rationes</strong></span> <span class='ocrx_word' id='word_1_695' title='bbox 836 2695 945 2729; x_wconf 78' lang='lat' dir='ltr'><strong>refellit,</strong></span> 
     </span>
    </p>
   </div>
   <div class='ocr_carea' id='block_1_100' title="bbox 161 2740 945 2778">
    <p class='ocr_par' dir='ltr' id='par_1_100' title="bbox 161 2740 945 2778">
     <span class='ocr_line' id='line_1_100' title="bbox 161 2740 945 2778; baseline -0.004 -9"><span class='ocrx_word' id='word_1_696' title='bbox 161 2743 311 2778; x_wconf 84' lang='lat' dir='ltr'><strong>imperitum</strong></span> <span class='ocrx_word' id='word_1_697' title='bbox 344 2750 403 2769; x_wconf 88' lang='lat' dir='ltr'><strong>eum</strong></span> <span class='ocrx_word' id='word_1_698' title='bbox 435 2742 510 2770; x_wconf 86' lang='lat' dir='ltr'><strong>valde</strong></span> <span class='ocrx_word' id='word_1_699' title='bbox 537 2746 705 2769; x_wconf 65' lang='lat' dir='ltr'><strong>euenturum</strong></span> <span class='ocrx_word' id='word_1_700' title='bbox 742 2740 945 2775; x_wconf 88' lang='lat' dir='ltr'><strong>disciplinarum</strong></span> 
     </span>
    </p>
   </div>
   <div class='ocr_carea' id='block_1_101' title="bbox 197 2834 497 2868">
    <p class='ocr_par' dir='ltr' id='par_1_101' title="bbox 197 2834 497 2868">
     <span class='ocr_line' id='line_1_101' title="bbox 197 2834 497 2868; baseline 0 -7"><span class='ocrx_word' id='word_1_701' title='bbox 197 2835 235 2868; x_wconf 63' lang='lat' dir='ltr'><strong>(ai</strong></span> <span class='ocrx_word' id='word_1_702' title='bbox 250 2834 358 2862; x_wconf 76' lang='lat' dir='ltr'><strong>\‘nlum.</strong></span> <span class='ocrx_word' id='word_1_703' title='bbox 374 2835 438 2862; x_wconf 63' lang='lat' dir='ltr'><strong>l57.</strong></span> <span class='ocrx_word' id='word_1_704' title='bbox 488 2856 497 2866; x_wconf 46' lang='grc' dir='ltr'><em>δ</em></span> 
     </span>
    </p>
   </div>
   <div class='ocr_carea' id='block_1_102' title="bbox 197 2870 362 2903">
    <p class='ocr_par' dir='ltr' id='par_1_102' title="bbox 197 2870 362 2903">
     <span class='ocr_line' id='line_1_102' title="bbox 197 2870 362 2903; baseline -0.006 -5"><span class='ocrx_word' id='word_1_705' title='bbox 197 2870 234 2903; x_wconf 62' lang='grc' dir='ltr'><strong>ψ)</strong></span> <span class='ocrx_word' id='word_1_706' title='bbox 247 2870 302 2898; x_wconf 73' lang='grc' dir='ltr'><strong>νυι.</strong></span> <span class='ocrx_word' id='word_1_707' title='bbox 319 2870 362 2897; x_wconf 75' lang='grc' dir='ltr'><strong>ιν.</strong></span> 
     </span>
    </p>
   </div>
   <div class='ocr_carea' id='block_1_103' title="bbox 996 2277 1783 2312">
    <p class='ocr_par' dir='ltr' id='par_1_103' title="bbox 996 2277 1783 2312">
     <span class='ocr_line' id='line_1_103' title="bbox 996 2277 1783 2312; baseline -0.005 -4"><span class='ocrx_word' id='word_1_708' title='bbox 996 2283 1062 2308; x_wconf 85' lang='lat' dir='ltr'><strong>tium</strong></span> <span class='ocrx_word' id='word_1_709' title='bbox 1079 2281 1182 2308; x_wconf 87' lang='lat' dir='ltr'><strong>alterna</strong></span> <span class='ocrx_word' id='word_1_710' title='bbox 1200 2279 1391 2312; x_wconf 84' lang='lat' dir='ltr'><strong>vicissitudine,</strong></span> <span class='ocrx_word' id='word_1_711' title='bbox 1413 2283 1467 2305; x_wconf 89' lang='lat' dir='ltr'><strong>tum</strong></span> <span class='ocrx_word' id='word_1_712' title='bbox 1484 2278 1588 2305; x_wconf 82' lang='lat' dir='ltr'><strong>vocibus</strong></span> <span class='ocrx_word' id='word_1_713' title='bbox 1606 2277 1783 2312; x_wconf 80' lang='lat' dir='ltr'><strong>pronuntiatu</strong></span> 
     </span>
    </p>
   </div>
   <div class='ocr_carea' id='block_1_104' title="bbox 995 2323 1780 2362">
    <p class='ocr_par' dir='ltr' id='par_1_104' title="bbox 995 2323 1780 2362">
     <span class='ocr_line' id='line_1_104' title="bbox 995 2323 1780 2362; baseline -0.005 -8"><span class='ocrx_word' id='word_1_714' title='bbox 995 2327 1156 2362; x_wconf 76' lang='lat' dir='ltr'><strong>difﬁcilibus.</strong></span> <span class='ocrx_word' id='word_1_715' title='bbox 1172 2331 1196 2352; x_wconf 86' lang='lat' dir='ltr'><strong>et</strong></span> <span class='ocrx_word' id='word_1_716' title='bbox 1211 2333 1269 2361; x_wconf 81' lang='lat' dir='ltr'><strong>qua:</strong></span> <span class='ocrx_word' id='word_1_717' title='bbox 1286 2325 1378 2352; x_wconf 81' lang='lat' dir='ltr'><strong>multis</strong></span> <span class='ocrx_word' id='word_1_718' title='bbox 1398 2323 1534 2351; x_wconf 88' lang='lat' dir='ltr'><strong>abundant</strong></span> <span class='ocrx_word' id='word_1_719' title='bbox 1558 2323 1780 2350; x_wconf 83' lang='lat' dir='ltr'><strong>consonantibus:</strong></span> 
     </span>
    </p>
   </div>
   <div class='ocr_carea' id='block_1_105' title="bbox 997 2369 1783 2409">
    <p class='ocr_par' dir='ltr' id='par_1_105' title="bbox 997 2369 1783 2409">
     <span class='ocr_line' id='line_1_105' title="bbox 997 2369 1783 2409; baseline -0.006 -8"><span class='ocrx_word' id='word_1_720' title='bbox 997 2374 1074 2409; x_wconf 84' lang='lat' dir='ltr'><strong>idque</strong></span> <span class='ocrx_word' id='word_1_721' title='bbox 1085 2373 1185 2407; x_wconf 88' lang='lat' dir='ltr'><strong>poetico</strong></span> <span class='ocrx_word' id='word_1_722' title='bbox 1199 2380 1281 2402; x_wconf 86' lang='lat' dir='ltr'><strong>more,</strong></span> <span class='ocrx_word' id='word_1_723' title='bbox 1293 2371 1341 2403; x_wconf 86' lang='lat' dir='ltr'><strong>vel,</strong></span> <span class='ocrx_word' id='word_1_724' title='bbox 1366 2375 1396 2397; x_wconf 90' lang='lat' dir='ltr'><strong>ut</strong></span> <span class='ocrx_word' id='word_1_725' title='bbox 1408 2371 1492 2398; x_wconf 73' lang='lat' dir='ltr'><strong>verius</strong></span> <span class='ocrx_word' id='word_1_726' title='bbox 1505 2370 1605 2402; x_wconf 89' lang='lat' dir='ltr'><strong>dicam,</strong></span> <span class='ocrx_word' id='word_1_727' title='bbox 1630 2369 1783 2404; x_wconf 82' lang='lat' dir='ltr'><strong>dithyram-</strong></span> 
     </span>
    </p>
   </div>
   <div class='ocr_carea' id='block_1_106' title="bbox 997 2414 1782 2450">
    <p class='ocr_par' dir='ltr' id='par_1_106' title="bbox 997 2414 1782 2450">
     <span class='ocr_line' id='line_1_106' title="bbox 997 2414 1782 2450; baseline -0.005 -7"><span class='ocrx_word' id='word_1_728' title='bbox 997 2417 1054 2443; x_wconf 77' lang='lat' dir='ltr'><strong>bico</strong></span> <span class='ocrx_word' id='word_1_729' title='bbox 1068 2417 1155 2450; x_wconf 84' lang='lat' dir='ltr'><strong>potius</strong></span> <span class='ocrx_word' id='word_1_730' title='bbox 1172 2415 1239 2442; x_wconf 56' lang='lat' dir='ltr'><strong>ritu:</strong></span> <span class='ocrx_word' id='word_1_731' title='bbox 1256 2414 1416 2449; x_wconf 82' lang='lat' dir='ltr'><strong>Compositio</strong></span> <span class='ocrx_word' id='word_1_732' title='bbox 1432 2415 1515 2448; x_wconf 85' lang='lat' dir='ltr'><strong>ipsius</strong></span> <span class='ocrx_word' id='word_1_733' title='bbox 1538 2418 1630 2440; x_wconf 87' lang='lat' dir='ltr'><strong>coacta</strong></span> <span class='ocrx_word' id='word_1_734' title='bbox 1645 2417 1695 2446; x_wconf 63' lang='grc' dir='ltr'><strong>δι’,</strong></span> <span class='ocrx_word' id='word_1_735' title='bbox 1717 2417 1742 2441; x_wconf 85' lang='lat' dir='ltr'><strong>et</strong></span> <span class='ocrx_word' id='word_1_736' title='bbox 1757 2414 1782 2440; x_wconf 71' lang='lat' dir='ltr'><strong>ei</strong></span> 
     </span>
    </p>
   </div>
   <div class='ocr_carea' id='block_1_107' title="bbox 996 2459 1782 2497">
    <p class='ocr_par' dir='ltr' id='par_1_107' title="bbox 996 2459 1782 2497">
     <span class='ocr_line' id='line_1_107' title="bbox 996 2459 1782 2497; baseline -0.004 -8"><span class='ocrx_word' id='word_1_737' title='bbox 996 2470 1147 2497; x_wconf 78' lang='lat' dir='ltr'><strong>compressa</strong></span> <span class='ocrx_word' id='word_1_738' title='bbox 1165 2466 1244 2496; x_wconf 78' lang='lat' dir='ltr'><strong>atque</strong></span> <span class='ocrx_word' id='word_1_739' title='bbox 1254 2465 1357 2491; x_wconf 67' lang='lat' dir='ltr'><strong>cattusa,</strong></span> <span class='ocrx_word' id='word_1_740' title='bbox 1370 2465 1399 2486; x_wconf 82' lang='lat' dir='ltr'><strong>ut</strong></span> <span class='ocrx_word' id='word_1_741' title='bbox 1410 2459 1613 2487; x_wconf 77' lang='lat' dir='ltr'><strong>necessehabeat</strong></span> <span class='ocrx_word' id='word_1_742' title='bbox 1624 2459 1697 2485; x_wconf 82' lang='lat' dir='ltr'><strong>illius</strong></span> <span class='ocrx_word' id='word_1_743' title='bbox 1713 2460 1782 2486; x_wconf 77' lang='lat' dir='ltr'><strong>seri-</strong></span> 
     </span>
    </p>
   </div>
   <div class='ocr_carea' id='block_1_108' title="bbox 993 2505 1782 2544">
    <p class='ocr_par' dir='ltr' id='par_1_108' title="bbox 993 2505 1782 2544">
     <span class='ocr_line' id='line_1_108' title="bbox 993 2505 1782 2544; baseline -0.005 -8"><span class='ocrx_word' id='word_1_744' title='bbox 993 2514 1039 2544; x_wconf 86' lang='lat' dir='ltr'><strong>pta</strong></span> <span class='ocrx_word' id='word_1_745' title='bbox 1063 2509 1159 2544; x_wconf 86' lang='lat' dir='ltr'><strong>legens,</strong></span> <span class='ocrx_word' id='word_1_746' title='bbox 1186 2516 1273 2536; x_wconf 84' lang='lat' dir='ltr'><strong>aerem</strong></span> <span class='ocrx_word' id='word_1_747' title='bbox 1298 2508 1460 2534; x_wconf 85' lang='lat' dir='ltr'><strong>vehementer</strong></span> <span class='ocrx_word' id='word_1_748' title='bbox 1489 2505 1567 2533; x_wconf 88' lang='lat' dir='ltr'><strong>labiis</strong></span> <span class='ocrx_word' id='word_1_749' title='bbox 1591 2506 1736 2538; x_wconf 73' lang='lat' dir='ltr'><strong>verberare,</strong></span> <span class='ocrx_word' id='word_1_750' title='bbox 1757 2507 1782 2532; x_wconf 87' lang='lat' dir='ltr'><strong>si</strong></span> 
     </span>
    </p>
   </div>
   <div class='ocr_carea' id='block_1_109' title="bbox 995 2551 1782 2590">
    <p class='ocr_par' dir='ltr' id='par_1_109' title="bbox 995 2551 1782 2590">
     <span class='ocr_line' id='line_1_109' title="bbox 995 2551 1782 2590; baseline -0.008 -8"><span class='ocrx_word' id='word_1_751' title='bbox 995 2555 1071 2582; x_wconf 88' lang='lat' dir='ltr'><strong>modo</strong></span> <span class='ocrx_word' id='word_1_752' title='bbox 1087 2560 1175 2589; x_wconf 85' lang='lat' dir='ltr'><strong>aperte</strong></span> <span class='ocrx_word' id='word_1_753' title='bbox 1189 2553 1360 2589; x_wconf 86' lang='lat' dir='ltr'><strong>pronuntiare</strong></span> <span class='ocrx_word' id='word_1_754' title='bbox 1377 2552 1450 2583; x_wconf 78' lang='lat' dir='ltr'><strong>velit,</strong></span> <span class='ocrx_word' id='word_1_755' title='bbox 1467 2560 1526 2587; x_wconf 77' lang='lat' dir='ltr'><strong>qua:</strong></span> <span class='ocrx_word' id='word_1_756' title='bbox 1541 2551 1782 2590; x_wconf 32' lang='lat' dir='ltr'><strong>forte’nancisceus</strong></span> 
     </span>
    </p>
   </div>
   <div class='ocr_carea' id='block_1_110' title="bbox 995 2596 1784 2636">
    <p class='ocr_par' dir='ltr' id='par_1_110' title="bbox 995 2596 1784 2636">
     <span class='ocr_line' id='line_1_110' title="bbox 995 2596 1784 2636; baseline -0.01 -8"><span class='ocrx_word' id='word_1_757' title='bbox 995 2606 1073 2636; x_wconf 84' lang='lat' dir='ltr'><strong>atque</strong></span> <span class='ocrx_word' id='word_1_758' title='bbox 1086 2605 1271 2635; x_wconf 88' lang='lat' dir='ltr'><strong>contorquens,</strong></span> <span class='ocrx_word' id='word_1_759' title='bbox 1287 2602 1333 2625; x_wconf 87' lang='lat' dir='ltr'><strong>aut</strong></span> <span class='ocrx_word' id='word_1_760' title='bbox 1344 2597 1471 2625; x_wconf 86' lang='lat' dir='ltr'><strong>collidens</strong></span> <span class='ocrx_word' id='word_1_761' title='bbox 1487 2597 1578 2628; x_wconf 88' lang='lat' dir='ltr'><strong>etiam,</strong></span> <span class='ocrx_word' id='word_1_762' title='bbox 1598 2605 1628 2623; x_wconf 89' lang='lat' dir='ltr'><strong>ac</strong></span> <span class='ocrx_word' id='word_1_763' title='bbox 1641 2603 1735 2624; x_wconf 85' lang='lat' dir='ltr'><strong>temere</strong></span> <span class='ocrx_word' id='word_1_764' title='bbox 1746 2596 1784 2621; x_wconf 88' lang='lat' dir='ltr'><strong>iu-</strong></span> 
     </span>
    </p>
   </div>
   <div class='ocr_carea' id='block_1_111' title="bbox 997 2640 1784 2680">
    <p class='ocr_par' dir='ltr' id='par_1_111' title="bbox 997 2640 1784 2680">
     <span class='ocr_line' id='line_1_111' title="bbox 997 2640 1784 2680; baseline -0.009 -8"><span class='ocrx_word' id='word_1_765' title='bbox 997 2645 1139 2680; x_wconf 85' lang='lat' dir='ltr'><strong>terjict&#39;ens,</strong></span> <span class='ocrx_word' id='word_1_766' title='bbox 1155 2645 1207 2671; x_wconf 87' lang='lat' dir='ltr'><strong>into</strong></span> <span class='ocrx_word' id='word_1_767' title='bbox 1224 2648 1249 2670; x_wconf 89' lang='lat' dir='ltr'><strong>et</strong></span> <span class='ocrx_word' id='word_1_768' title='bbox 1266 2648 1403 2672; x_wconf 75' lang='lat' dir='ltr'><strong>truncatis.</strong></span> <span class='ocrx_word' id='word_1_769' title='bbox 1422 2643 1466 2669; x_wconf 73' lang='lat' dir='ltr'><strong>ria:</strong></span> <span class='ocrx_word' id='word_1_770' title='bbox 1486 2641 1591 2667; x_wconf 87' lang='lat' dir='ltr'><strong>tandem</strong></span> <span class='ocrx_word' id='word_1_771' title='bbox 1609 2641 1653 2668; x_wconf 87' lang='lat' dir='ltr'><strong>ille</strong></span> <span class='ocrx_word' id='word_1_772' title='bbox 1673 2640 1784 2673; x_wconf 86' lang='lat' dir='ltr'><strong>conjun-</strong></span> 
     </span>
    </p>
   </div>
   <div class='ocr_carea' id='block_1_112' title="bbox 999 2685 1782 2726">
    <p class='ocr_par' dir='ltr' id='par_1_112' title="bbox 999 2685 1782 2726">
     <span class='ocr_line' id='line_1_112' title="bbox 999 2685 1782 2726; baseline -0.011 -7"><span class='ocrx_word' id='word_1_773' title='bbox 999 2693 1049 2719; x_wconf 64' lang='lat' dir='ltr'><strong>xit.</strong></span> <span class='ocrx_word' id='word_1_774' title='bbox 1068 2691 1173 2726; x_wconf 83' lang='lat' dir='ltr'><strong>Longas</strong></span> <span class='ocrx_word' id='word_1_775' title='bbox 1189 2697 1289 2725; x_wconf 83' lang='lat' dir='ltr'><strong>quoque</strong></span> <span class='ocrx_word' id='word_1_776' title='bbox 1301 2687 1442 2720; x_wconf 84' lang='lat' dir='ltr'><strong>interdum,</strong></span> <span class='ocrx_word' id='word_1_777' title='bbox 1454 2691 1479 2714; x_wconf 83' lang='lat' dir='ltr'><strong>ct</strong></span> <span class='ocrx_word' id='word_1_778' title='bbox 1491 2687 1631 2713; x_wconf 85' lang='lat' dir='ltr'><strong>immodice</strong></span> <span class='ocrx_word' id='word_1_779' title='bbox 1639 2685 1782 2720; x_wconf 85' lang='lat' dir='ltr'><strong>productas</strong></span> 
     </span>
    </p>
   </div>
   <div class='ocr_carea' id='block_1_113' title="bbox 1001 2731 1785 2773">
    <p class='ocr_par' dir='ltr' id='par_1_113' title="bbox 1001 2731 1785 2773">
     <span class='ocr_line' id='line_1_113' title="bbox 1001 2731 1785 2773; baseline -0.008 -8"><span class='ocrx_word' id='word_1_780' title='bbox 1001 2737 1121 2773; x_wconf 87' lang='lat' dir='ltr'><strong>periodos</strong></span> <span class='ocrx_word' id='word_1_781' title='bbox 1144 2736 1210 2770; x_wconf 85' lang='lat' dir='ltr'><strong>facit</strong></span> <span class='ocrx_word' id='word_1_782' title='bbox 1227 2743 1236 2762; x_wconf 91' lang='lat'><em>:</em></span> <span class='ocrx_word' id='word_1_783' title='bbox 1252 2734 1439 2762; x_wconf 84' lang='lat' dir='ltr'><strong>obscuritatem</strong></span> <span class='ocrx_word' id='word_1_784' title='bbox 1456 2733 1561 2767; x_wconf 80' lang='lat' dir='ltr'><strong>insuper</strong></span> <span class='ocrx_word' id='word_1_785' title='bbox 1579 2737 1657 2767; x_wconf 80' lang='lat' dir='ltr'><strong>atque</strong></span> <span class='ocrx_word' id='word_1_786' title='bbox 1677 2731 1785 2759; x_wconf 62' lang='lat' dir='ltr'><strong>incertis</strong></span> 
     </span>
    </p>
   </div>
   <div class='ocr_carea' id='block_1_114' title="bbox 1037 2826 1238 2861">
    <p class='ocr_par' dir='ltr' id='par_1_114' title="bbox 1037 2826 1238 2861">
     <span class='ocr_line' id='line_1_114' title="bbox 1037 2826 1238 2861; baseline -0.005 -7"><span class='ocrx_word' id='word_1_787' title='bbox 1037 2829 1072 2861; x_wconf 64' lang='lat' dir='ltr'><strong>(ri</strong></span> <span class='ocrx_word' id='word_1_788' title='bbox 1093 2828 1151 2855; x_wconf 84' lang='lat' dir='ltr'><strong>Vol.</strong></span> <span class='ocrx_word' id='word_1_789' title='bbox 1169 2826 1202 2853; x_wconf 68' lang='grc' dir='ltr'>ν.</span> <span class='ocrx_word' id='word_1_790' title='bbox 1235 2843 1238 2846; x_wconf 94' lang='grc'><strong>-</strong></span> 
     </span>
    </p>
   </div>
   <div class='ocr_carea' id='block_1_115' title="bbox 1037 2862 1200 2899">
    <p class='ocr_par' dir='ltr' id='par_1_115' title="bbox 1037 2862 1200 2899">
     <span class='ocr_line' id='line_1_115' title="bbox 1037 2862 1200 2899; baseline -0.012 -9"><span class='ocrx_word' id='word_1_791' title='bbox 1037 2863 1144 2899; x_wconf 49' lang='grc' dir='ltr'><strong>μιθγυι.</strong></span> <span class='ocrx_word' id='word_1_792' title='bbox 1158 2862 1200 2889; x_wconf 66' lang='lat' dir='ltr'><strong>Vl.</strong></span> 
     </span>
    </p>
   </div>
  </div>
