1976 3077
217 152 246 181 II
797 158 824 185 S.
846 158 1048 186 GREGORIUS
1068 158 1257 191 NYSSENUS.
1808 167 1843 196 52

218 216 333 243 tudinem
349 223 394 250 per
409 224 485 244 onme
498 225 562 252 opus
574 218 725 252 olfimdens.
744 219 810 246 Cum
830 225 857 246 ut
869 220 945 255 uulgo
966 220 1001 247 υί-
1019 221 1041 250 Α
1058 226 1174 253 munitas
1188 231 1214 253 et
1231 227 1409 261 improbitatis
1423 228 1558 262 refutatio,
1579 233 1604 255 et
1621 237 1654 256 ex
1671 229 1842 256 antecedenti-

216 264 311 290 deatur
330 263 388 297 ipsa
402 271 459 290 sum
483 262 637 298 eloquentia
652 265 677 291 vi
697 272 788 291 eorum
807 265 882 300 longe
899 270 1004 297 captum

216 309 355 341 excedere;
374 315 429 336 tum
444 315 483 341 ut,
502 309 571 344 quod
583 310 609 336 in
623 310 679 342 ejus
691 311 774 337 sensi:
789 315 867 345 atque
881 312 1004 346 cogitatis

217 353 377 380 imbecillum
388 359 425 381 est
436 355 475 389 (ut
488 359 526 382 est
537 363 601 382 sane
612 355 778 391 plurimum),
791 356 839 383 hac
847 357 904 390 ipsa
912 357 1006 384 obscu-

217 401 296 427 ritate
310 405 335 427 et
355 401 518 436 intelligendi
533 401 687 436 difﬁcultate
708 403 837 437 obtegere.
853 403 1004 430 sententia:-

216 454 265 480 quc
284 447 369 473 celare
381 448 475 474 uitium
491 449 585 482 possit.
607 447 714 475 Videtur
728 457 787 476 vero
809 454 833 476 et
850 449 942 484 logicis
962 450 1003 476 in-

216 493 265 518 niti
277 494 450 528 argumentis,
479 494 542 520 dum
556 495 653 528 partim
668 495 736 522 alios
748 495 797 522 hoc
816 496 921 522 nomine
940 495 1006 529 infe-

217 542 315 569 ctatur,
332 539 430 571 partim
449 540 504 573 ipse
532 540 704 568 libentissime
729 541 763 568 iis
786 542 883 571 utitur,
899 541 1006 568 tametsi

218 584 365 618 frequenter
378 586 448 619 (cum
466 593 525 613 sero
549 586 597 613 hoc
608 586 726 613 studium
751 587 907 621 arripuerit,
925 595 1007 622 neque

218 630 254 656 ad
269 631 325 665 ejus
339 631 433 658 intima
444 632 600 666 penrtrarit)
618 633 646 659 in
664 632 755 660 multis
771 641 839 667 stepe
857 633 950 660 merito
964 641 1007 660 er-

217 677 288 703 roris
308 681 427 705 notatur.
445 677 507 705 llaec
524 677 637 706 Pbotius
651 679 684 707 de
704 687 803 714 genere
825 679 934 706 dicendi
954 679 1007 706 Eu-

218 723 357 751 nonniano.

254 769 337 797 Visus
354 774 395 796 est
408 769 438 798 S.
455 769 603 805 Gregorius
617 769 759 806 Nyssenus
776 770 868 798 lavere
883 770 1006 806 opinioni

218 813 344 850 Origcnis
352 820 380 843 et
391 815 607 850 Origenistarum
621 816 654 844 de
665 818 801 844 communi
817 817 938 844 omnium
953 822 1006 845 tam

218 861 383 893 daemonum,
402 870 484 896 quam
495 862 636 890 hominum
649 863 840 890 damnatorum
855 871 889 891 ex
899 863 1007 891 inferno

219 906 391 935 liberatione.
405 907 459 935 Sed
484 907 623 944 Nyssenus
640 909 760 936 validum
788 913 816 937 et
834 913 890 936 tam
915 909 1007 937 erudi-

217 952 301 985 tione,
325 961 406 988 quam
419 954 567 981 sanctitate
584 959 720 989 potentem
736 955 944 991 llypcraspisten
963 963 1007 983 re-

218 999 289 1033 perit
306 997 335 1025 S.
360 998 538 1031 Germanum,
567 1000 750 1035 patriarcham
775 1001 1007 1036 Constantinopo-

218 1043 353 1078 litanum;
369 1052 402 1072 ex
417 1045 497 1079 cujus
519 1053 568 1082 pro
582 1045 715 1081 Gregorio
738 1047 928 1075 lucubratione
950 1048 1008 1075 haec

218 1095 347 1126 excerpta
371 1091 486 1119 Photius
511 1092 591 1120 nobis
616 1093 726 1128 reliquit
738 1093 871 1128 (a)=Legi
899 1093 1006 1124 librum,

218 1142 325 1163 auctore
337 1136 478 1169 Germano,
495 1139 540 1173 qui
559 1138 774 1174 primungzict
789 1138 1008 1173 ordinatus,post

218 1181 532 1215 Constantinopolitanus
543 1183 698 1217 patriarcha
713 1184 828 1218 fuit,qui
839 1184 905 1210 liber
913 1185 1007 1211 inscri-

219 1226 300 1259 bitur,
322 1227 487 1255 Retribuens
516 1233 543 1256 et
562 1229 701 1262 legitimus
724 1240 730 1257 :
753 1230 823 1265 quod
840 1231 949 1264 perinde
969 1235 1008 1258 est

219 1280 251 1300 ac
265 1273 289 1300 si
310 1274 410 1300 dixeris
426 1281 435 1300 :
449 1274 486 1300 De
503 1283 564 1301 vera
579 1279 603 1301 et
615 1275 732 1310 legitima
748 1276 931 1308 retributione,
939 1278 1008 1312 quod

218 1319 379 1353 rependatur
390 1319 635 1354 hominibus,praut
648 1322 774 1348 vixerint.
793 1321 827 1348 Et
839 1322 895 1349 lucc
902 1322 1007 1357 quidem

220 1364 293 1392 tituli
310 1365 458 1398 inscriptio.
484 1365 625 1392 Contendit
645 1374 704 1393 uero
731 1365 885 1402 Gregorium
913 1366 1009 1402 Ngssa:

220 1410 380 1443 episcopum,
394 1411 502 1446 ejusque
516 1412 616 1446 scripta
643 1412 675 1438 ab
696 1411 817 1447 Origeuis
844 1421 935 1440 errore
953 1422 1009 1441 esse

220 1456 360 1483 immunia.
375 1456 482 1483 Etenim
499 1458 593 1492 quibus
607 1457 731 1485 delirium
750 1459 818 1485 illud
841 1459 937 1493 placet.
953 1459 1009 1486 dce-

220 1501 340 1528 mouibus
353 1507 377 1529 et
391 1502 542 1530 hominibus
558 1504 583 1530 in
605 1509 734 1531 cateruam
754 1513 857 1538 partam
877 1506 1006 1539 conjectis

222 1547 404 1574 liberationem
428 1548 488 1575 inde
510 1549 713 1583 exspectandam
733 1550 799 1577 :illi
831 1551 900 1586 quod
927 1553 1009 1579 cirum

220 1591 344 1620 doctrina
375 1593 549 1628 singularem,
576 1599 601 1622 et
626 1595 775 1630 eloquentia
797 1597 927 1632 insignem
951 1606 1011 1624 eum

223 1644 403 1673 agnoscerent,
429 1640 580 1676 claramque.
607 1642 760 1671 sanctitatis
787 1643 1011 1671 existimationem

220 1693 267 1720 per
281 1686 399 1713 omnium
420 1695 467 1713 ora
480 1687 651 1715 decantatam
672 1689 798 1722 uiderent,
820 1691 935 1725 aggressi
950 1697 1010 1718 sunt

221 1731 303 1760 claris
318 1737 342 1759 et
358 1733 524 1761 salutaribus
546 1735 604 1769 ejus
615 1735 732 1769 scriptis,
750 1736 863 1763 obscura
885 1742 908 1764 et
927 1739 1013 1771 perni-

221 1777 295 1806 ciosa
309 1778 465 1814 Origeniani
477 1781 562 1807 somni
580 1789 677 1808 venena
697 1783 853 1814 admiscere,
872 1784 1012 1818 virtutique

221 1823 345 1858 hominis,
359 1829 384 1852 et
397 1826 525 1854 doctrina:
539 1827 634 1854 celebri
649 1828 800 1855 Iuereticum
811 1829 912 1856 occulte
922 1838 1012 1857 anten-

223 1870 287 1897 tiam
314 1871 453 1904 subjicere.
473 1873 564 1906 Quare
585 1874 684 1908 partim
711 1875 900 1903 additamentis
922 1876 1011 1910 falsis,

221 1916 320 1949 partim
332 1918 408 1944 rectis
421 1920 582 1952 argumentis
601 1919 726 1947 uiolenter
744 1921 864 1953 detortis,
880 1922 964 1948 multa
980 1930 1013 1949 ex

223 1962 496 1996 lrreprehensibilibus
511 1964 567 1998 ejus
586 1967 762 1994 monumentis
787 1967 949 1994 calumniari
968 1976 1013 1995 co-

222 2009 281 2035 nati
295 2014 366 2036 sunt.
390 2009 490 2037 Contra
515 2019 579 2047 quos
598 2011 745 2039 Germanus
755 2014 862 2048 pietatis
873 2020 1012 2048 patronus,

223 2055 460 2081 acutumveritatis
474 2055 593 2089 gladium
614 2057 757 2092 stringens,
778 2063 803 2084 et
822 2059 926 2085 vulnere
950 2067 1012 2094 pro-

222 2102 321 2126 stratos
349 2099 436 2127 ltostes
470 2101 618 2136 relinquens
649 2103 772 2129 uictorem
804 2105 1013 2140 superioremque

221 2152 281 2172 eum
298 2147 446 2178 constituit,
464 2147 491 2173 in
506 2156 581 2182 quem
605 2149 728 2176 ha'retica
752 2149 877 2178 colluvies
900 2152 1013 2179 insidias

227 2195 362 2219 struxerat
376 2198 400 2219 et
412 2199 546 2226 posuerat.

1058 270 1106 298 bus
1119 271 1182 299 locis
1193 272 1354 306 depravatis,
1382 279 1407 300 et
1421 282 1453 301 ex
1466 274 1684 309 consequentibus
1704 275 1842 310 conﬁcitur

1056 321 1082 343 et
1106 316 1320 352 demonstratur;
1340 324 1364 346 et
1384 328 1416 346 e1;
1432 320 1493 346 aliis
1519 321 1646 347 sexcentis
1664 320 1696 347 B.
1725 320 1843 355 Gregorii

1059 361 1175 397 Nysseni
1194 364 1279 397 libris,
1301 366 1345 400 qui
1369 366 1513 394 orthodoxe
1535 371 1559 393 ct
1583 367 1695 401 legitime
1716 367 1842 400 sentiunt,

1057 412 1125 434 recte
1147 410 1291 441 erudiens,
1315 415 1344 436 ut
1361 418 1436 437 nemo
1452 410 1546 438 melius
1559 411 1586 437 in
1609 411 1742 438 salutares
1755 419 1842 444 preces

1056 458 1082 480 et
1101 453 1192 480 laudes
1207 454 1254 481 Dei
1263 454 1379 482 laborent
1394 457 1503 490 ﬁnierit.
1521 455 1596 483 Libri
1607 461 1705 486 autem,
1720 463 1785 490 quos
1803 456 1842 482 iu-

1057 499 1134 526 sidiis
1155 500 1272 534 excipere
1299 501 1415 528 lueretici
1440 501 1524 528 moliti
1543 506 1619 533 sunt,
1645 505 1669 528 et
1690 509 1754 536 quos
1777 500 1841 528 Ger-

1059 551 1152 571 manus
1174 545 1292 572 veritatis
1313 550 1492 580 propugnator
1509 545 1652 580 primarius
1675 553 1690 571 a
1710 545 1842 571 latronum

1057 589 1158 616 insultu
1175 590 1231 617 sine
1243 599 1312 618 noxa
1325 592 1448 623 servavit,
1461 595 1533 623 sunt,
1552 590 1681 625 Dialogus
1698 590 1731 617 ad
1747 589 1841 617 Macri-

1059 642 1120 661 nam
1139 642 1261 662 sororem
1277 636 1310 663 de
1326 636 1427 668 anima,
1446 641 1468 663 et
1487 635 1569 662 Liber
1594 635 1791 666 catecheticus,
1818 641 1841 661 et

1057 681 1104 708 ille
1119 682 1165 715 qui
1179 681 1216 709 De
1229 682 1350 716 perfecta
1366 682 1421 709 vita
1435 682 1617 709 narrationem
1632 683 1758 709 continet.
1780 680 1842 708 llaec

1060 734 1109 761 pro
1127 726 1251 761 Nysseuo
1271 726 1435 756 Germanus.
1458 725 1498 753 Ex
1514 727 1614 762 quibus
1643 726 1782 753 evanescit
1799 734 1843 752 ca-

1058 772 1161 799 lumnia
1189 771 1358 802 Casa-ubmri.
1382 772 1430 807 qui
1453 772 1480 798 in
1507 772 1625 799 Scholiis
1645 771 1678 798 ad
1700 770 1842 806 epistolam

1058 816 1204 851 quamdam
1229 815 1354 852 Nysscno
1377 816 1536 852 ascriptant,
1558 821 1586 844 et
1603 816 1762 848 Eustathiaz,
1783 817 1843 843 Am.

1059 862 1169 894 brosiae,
1196 867 1224 890 et
1247 863 1384 891 Basilissce
1404 863 1576 898 inscriptam,
1599 863 1759 890 criminatur
1775 861 1845 897 Nys-

1061 916 1159 936 senum
1174 909 1200 936 in
1211 909 1378 936 catechetica
1392 909 1515 936 oratione
1526 916 1617 936 naevos
1633 909 1765 943 quosdam
1773 915 1840 935 cou-

1057 954 1174 982 traxisse
1191 962 1223 982 ex
1236 954 1351 982 lectione
1367 954 1502 989 Origenis.

1094 999 1223 1027 Eamdem
1245 1001 1417 1036 Drigenicam
1438 1001 1525 1028 labem
1550 999 1585 1027 ab
1605 999 1699 1027 eodem
1721 999 1846 1035 Nysseno

1059 1045 1172 1081 depellit
1195 1050 1291 1074 auctor
1313 1054 1477 1084 anonymus,
1500 1046 1546 1081 qui
1571 1045 1652 1073 vitam
1668 1044 1790 1080 ejusdem
1817 1044 1846 1073 in
1871 1075 1876 1080 ,

1059 1092 1162 1119 litteras
1177 1092 1281 1121 retulit.
1758 1088 1761 1089 ν

1096 1138 1164 1165 illud
1185 1143 1274 1166 tamen
1295 1139 1458 1170 monuerim,
1479 1139 1558 1165 linem
1576 1137 1706 1165 orationis
1722 1136 1847 1163 cateche-

1062 1185 1124 1212 lica:
1140 1193 1194 1212 non
1213 1193 1275 1213 esse
1292 1185 1415 1220 Gregorii
1434 1183 1560 1220 Nysseni.
1580 1183 1647 1210 Cum
1661 1183 1734 1209 enim
1752 1181 1845 1209 Severi

1061 1231 1227 1258 mentionem
1244 1231 1335 1263 faciat,
1350 1234 1377 1258 et
1387 1239 1456 1265 opus
1478 1231 1512 1258 dc
1534 1228 1710 1257 distinctione
1725 1227 1845 1254 vocabu-

1061 1277 1148 1304 lorum
1164 1281 1261 1304 contra
1279 1277 1355 1305 illum
1384 1278 1536 1311 promittat,
1564 1276 1668 1302 clarum
1694 1277 1736 1301 cst
1761 1276 1845 1299 totum

1060 1323 1127 1350 illud
1143 1323 1210 1350 nihil
1227 1323 1309 1353 aliud,
1325 1330 1406 1357 quam
1426 1321 1536 1349 aliunde
1552 1321 1687 1349 adscitum
1705 1326 1848 1346 assumen-

1060 1369 1124 1396 dqu
1140 1377 1212 1401 esse,
1227 1377 1289 1396 cum
1307 1369 1425 1396 Severus
1436 1368 1636 1402 Acephalorum
1652 1365 1849 1398 antesignanus

1061 1416 1155 1443 multis
1172 1415 1251 1443 anuis
1260 1415 1369 1442 demum
1385 1419 1446 1450 post
1459 1413 1574 1449 Nysseni
1583 1413 1687 1440 obitum
1700 1411 1849 1439 exstiterit;

1061 1462 1133 1497 quod
1149 1466 1223 1489 recte
1238 1461 1320 1488 etiam
1345 1461 1502 1488 observavit
1515 1459 1617 1486 Fronto
1634 1457 1747 1484 Ducaaus
1757 1460 1851 1483 noster

1062 1509 1088 1535 in
1111 1507 1344 1535 Annotationibus
1363 1506 1397 1534 ad
1419 1513 1546 1541 magnam
1567 1503 1765 1532 catecltcticam
1788 1508 1850 1528 ora-

1062 1553 1162 1580 tionem

1097 1598 1183 1626 Porro
1201 1598 1264 1626 licet
1279 1600 1335 1625 tam
1352 1596 1429 1624 multi
1445 1599 1541 1624 contra
1555 1594 1668 1630 impium
1687 1593 1850 1620 Eunomium

1062 1644 1234 1680 scripserint,
1249 1651 1399 1679 paucorum
1419 1649 1510 1670 tamen
1526 1644 1704 1669 monumenta
1720 1639 1770 1667 avi
1787 1639 1850 1666 lon-

1063 1699 1138 1727 gaeva
1155 1695 1278 1719 vetustas
1293 1690 1398 1725 reliqua
1424 1689 1504 1716 nobis
1528 1688 1610 1721 fecit;
1637 1687 1683 1714 ubi
1709 1686 1782 1714 enim
1801 1684 1851 1711 So<

1064 1738 1183 1774 phronii,
1197 1737 1344 1770 Theodori,
1362 1736 1480 1771 Didymi,
1501 1739 1528 1763 et
1544 1733 1705 1770 Apollinarii
1727 1732 1852 1782 disputa-

1062 1784 1173 1811 tiones?
1191 1784 1250 1818 lpse
1265 1784 1348 1810 etiam
1367 1781 1520 1818 Nysseuus,
1539 1780 1654 1808 nimium
1671 1782 1805 1814 quantum
1824 1780 1851 1804 in

1063 1831 1182 1858 tenebris
1200 1830 1307 1857 delituit
1323 1839 1329 1856 :
1349 1836 1429 1864 quem
1452 1828 1508 1862 jam
1525 1828 1590 1854 olim
1611 1827 1638 1853 in
1655 1826 1741 1852 lucem
1763 1822 1853 1851 vindi-

1062 1885 1127 1905 care
1145 1877 1267 1911 aggressi
1282 1883 1409 1908 eramus;
1431 1882 1524 1902 verum
1543 1873 1604 1900 aliis
1620 1878 1701 1906 atque
1717 1871 1779 1897 aliis
1803 1877 1852 1897 ne-

1062 1923 1144 1958 gotiis
1157 1930 1265 1956 semper
1286 1921 1483 1952 incidentibus.
1513 1918 1700 1947 desistendum
1716 1916 1777 1943 fuit.
1797 1915 1852 1942 Sed

1063 1969 1246 1996 cessationem
1263 1975 1349 1995 meam
1358 1967 1553 2002 suppleverunt
1569 1972 1655 1999 nuper
1670 1963 1852 1993 Parisienses,

1063 2016 1110 2050 qui
1125 2022 1207 2050 opera
1214 2013 1330 2049 Nysseni
1344 2013 1436 2040 Graece
1448 2016 1475 2039 et
1489 2011 1584 2038 Latine
1598 2009 1704 2037 duobus
1716 2007 1855 2036 tomiselc‘

1064 2065 1159 2097 gantcr
1178 2058 1456 2095 evulgarunt,additis
1469 2057 1550 2084 etiam
1571 2055 1648 2082 libris
1659 2059 1751 2081 contra
1763 2052 1855 2079 Eunoo

1065 2108 1146 2134 mium
1157 2116 1167 2139 ;
1183 2106 1230 2134 sed
1245 2106 1347 2133 omisso
1361 2105 1459 2139 primo,
1473 2102 1553 2136 cujus
1567 2101 1714 2136 exemplari
1734 2099 1854 2126 editores

1065 2154 1308 2187 carebauhquem
1321 2158 1395 2178 nunc
1412 2158 1443 2177 ex
1461 2149 1592 2175 Bavarico
1616 2146 1711 2174 codice
1729 2145 1855 2180 publiea-

1067 2207 1139 2232 mus,
1156 2203 1186 2224 ut
1201 2201 1229 2225 et
1243 2197 1296 2224 alia
1311 2195 1454 2225 nonnulla.
1469 2193 1568 2228 quibus
1586 2190 1669 2219 editio
1690 2188 1853 2217 Parisieusis

257 2235 403 2265 Nonnullis
419 2238 571 2273 interjcclis
595 2240 798 2281 idcm‘l‘hotius
814 2248 822 2268 :
843 2241 877 2271 Ut
901 2242 1012 2270 breuiter
1028 2239 1049 2267 D
1065 2249 1140 2274 caret,
1151 2266 1158 2277 ,
1175 2249 1205 2271 ut
1220 2244 1300 2278 plene
1314 2241 1449 2268 conﬁdam
1467 2239 1519 2266 hoc
1534 2242 1658 2265 nostrum
1670 2235 1704 2262 ad
1715 2234 1854 2281 Parisien-

224 2281 320 2314 dicam,
339 2284 428 2310 omnia
450 2286 534 2312 sancti
559 2286 637 2320 hujus
656 2288 742 2320 patris
760 2289 859 2318 scripta
887 2289 917 2315 ab
942 2290 1013 2317 omni

225 2327 350 2355 Ita'rctica
369 2331 512 2364 pravitate,
525 2337 549 2358 ct
568 2341 583 2359 a
601 2334 745 2364 calumnia.
774 2343 831 2369 qua:
850 2336 876 2362 in
893 2336 1014 2370 impieta-

224 2379 275 2404 tem
293 2376 385 2410 vergit,
400 2376 529 2404 immania
546 2386 601 2405 esse
623 2379 753 2408 declarat.
777 2380 840 2408 llwc
858 2389 936 2416 porro
962 2383 1013 2411 im-

259 2462 297 2498 (α)
315 2462 423 2490 Votum.
441 2464 500 2492 l55.

1066 2299 1123 2319 sem
1140 2290 1287 2318 editionem
1301 2287 1453 2314 auctarium
1470 2292 1518 2313 seu
1537 2282 1748 2311 additamentum
1769 2280 1854 2308 lecto-

1067 2339 1142 2367 ribus
1159 2344 1213 2364 uou
1229 2335 1287 2363 fore
1300 2335 1449 2370 ingratum.

232 2563 1842 2586 mw...

702 2653 958 2700 LECTORI
1013 2652 1377 2708 jEQUANlMO.

257 2829 335 2863 Quod
351 2828 497 2864 aliquando
508 2829 622 2865 contigit
638 2830 671 2857 iis
691 2830 790 2865 quibus
805 2838 887 2857 aurea
905 2830 1009 2857 medio-

227 2877 310 2906 critas
328 2877 408 2904 etiam
427 2877 454 2905 iu
480 2877 549 2905 votis
568 2877 717 2912 placuerat,
736 2877 831 2905 Lector
847 2876 1008 2912 aequanimc,

1064 2833 1093 2856 ut
1117 2828 1190 2864 quod
1212 2829 1378 2864 exoptabant
1398 2827 1506 2855 auctius
1527 2830 1609 2861 atquo
1632 2825 1728 2852 melius
1743 2825 1849 2851 laceres

1065 2875 1147 2908 Deus,
1156 2882 1210 2911 quo
1219 2875 1300 2903 modo
1311 2875 1364 2903 voti
1377 2874 1521 2910 plusquam
1534 2880 1645 2908 compos
1656 2871 1769 2898 Flaccus
1781 2877 1857 2896 διικ-
