1976 3077
237 144 271 174 57
821 145 849 174 s.
869 145 1067 175 enecomus
1087 147 1273 176 nrssanus.
1690 140 1694 145 '
1828 150 1864 179 56

234 203 344 239 ᾶικρῦει
375 203 419 229 τὴν
434 202 559 237 κείμενον
574 203 590 237 ἡ
616 202 723 235 ἀπαθὴς
747 202 869 234 ἑξουσία·
883 204 938 230 ἀλλ’
955 204 1019 232 [διον

1073 205 1220 232 secundum
1235 212 1297 232 esse
1314 204 1513 232 numerandum
1528 213 1553 240 p.
1570 204 1612 232 56.
1626 205 1763 239 Quomodo
1773 209 1863 237 Domi-

234 249 280 276 τοῦ
301 249 349 284 μὲν
362 247 507 282 ἀνθρώπου
523 247 553 273 τὸ
567 247 693 282 δάκρυον.
710 247 758 283 τῆς
772 248 799 274 δὲ
819 248 891 283 ζωῆς
907 249 940 275 τὰ
971 250 1019 283 τῆς

233 295 316 325 ὅντως
331 293 413 328 ζωῆς.
433 292 523 327 Neque
537 292 654 319 humana
670 297 769 319 natura
792 293 925 320 Lazarum
956 295 1020 321 vivi-

233 340 306 372 [ἶσαι.
330 347 374 365 uec
391 339 467 373 deﬂet
483 339 615 372 fatentem
641 338 795 372 impatibilis
809 340 925 372 potentia
940 348 949 366 :
974 340 1019 367 sed

233 385 353 419 lnrryma
369 389 407 411 est
423 384 535 410 hominis
546 383 665 418 propria,
678 383 737 410 uitta
749 388 837 410 autem
848 393 879 411 ea
893 393 950 419 qua:
963 393 1019 412 vere

233 431 293 460 uiue
310 435 381 456 sunt.
390 429 442 456 Sed
459 428 647 456 emendandus
663 433 705 457 est
717 429 760 456 hic
777 430 853 457 locus
863 438 896 457 ex
912 431 1019 458 actione

234 475 255 502 Χ
272 475 372 511 Synodi
394 480 478 503 sexta:
492 475 694 507 (Ecumenicaz,
713 475 758 506 ubi
773 476 875 503 citatnr
891 485 922 504 ex
943 478 990 505 lib.
1002 483 1018 503 v

232 526 325 550 contra
340 521 500 549 Eunomiqu
516 529 576 556 pag.
590 521 642 551 49,7
658 521 786 549 editionis
796 520 945 556 Vaticanze.
957 522 976 557 ἡ
991 522 1019 548 δὲ

233 568 288 603 ζωὴ
301 567 350 602 τῆς
363 567 446 599 ὕνεως
458 566 540 602 ζωῆς,
559 568 612 594 υἰια
628 575 686 594 vero
695 567 752 601 ejus
765 567 810 602 qui
825 575 882 597 rere
895 567 946 594 vita
960 572 998 597 est
1010 575 1018 593 :

233 621 295 639 nam
313 618 340 640 et
354 618 388 640 tta
406 617 493 640 totum
509 614 619 640 exhibet
651 613 739 640 locum
768 613 825 640 hate
840 612 926 641 editio
948 616 1019 640 orat.

231 659 257 688 4,
274 666 300 693 p.
319 658 379 685 161.
396 657 506 684 Sextum
520 658 633 685 citatum
648 658 732 685 habes
747 665 762 684 a
775 658 879 693 synodo
895 665 920 684 vr
943 665 1020 686 atcu-

233 704 348 736 menica,
361 704 468 731 actione
478 704 504 735 ιι,
517 711 578 738 pag.
593 703 626 730 59
652 704 717 731 edit.
729 703 815 730 Vatia.
837 704 884 730 Ἐκ
899 703 945 730 τοῦ
960 703 1019 729 δευ-

232 750 310 784 τέρου
328 749 429 784 βιϐλίου
444 749 490 776 τοῦ
507 749 575 776 κατὰ
592 750 732 784 Εὐνομιου.
752 749 812 780 Πῶς
828 750 842 776 ὸ
857 749 958 784 Κὺριος
975 749 1020 775 τὸν

235 795 335 830 κόσμον
351 795 440 830 ἑαυτῷ
457 795 648 822 καταλλάσσων
667 795 814 830 ἐπεμέριζε
838 796 871 830 τῇ
900 794 972 830 ψυχῇ
990 804 1020 821 τε

236 842 284 873 καὶ
299 841 336 876 τῷ
351 840 455 876 θώματι
473 841 599 877 τ,ὴιι.παρ’
620 841 701 868 αὐτοῦ
729 841 873 876 γινομένην
896 841 952 871 τοῖς
974 840 1021 866 ἀν-

233 886 351 922 θρώποις
361 887 530 921 εξιεργεσζαν,
540 887 622 914 Θέλων
636 887 684 921 μὲν
692 887 734 914 διὰ
743 887 792 921 τῆς
802 886 900 923 ψυχῆς,
909 887 1024 921 ἁπτόμε-

232 941 277 964 νος
290 932 318 958 δὲ
333 932 376 959 διὰ
392 933 438 959 τοῦ
459 932 595 968 σώματος.
616 931 652 958 Ea
670 940 735 959 vero
765 932 815 959 tibi
843 936 1023 967 repraesentat

231 979 334 1013 primm
342 979 411 1009 liber
420 978 501 1014 hujus
510 979 650 1011 editionis,
661 986 740 1014 quem
748 979 828 1007 etiam
842 978 905 1008 hinc
917 983 1024 1010 constat

1070 259 1117 278 aus
1127 258 1173 284 per
1186 250 1286 278 Christi
1301 251 1492 278 [inmanitatem
1519 252 1646 278 mundum
1671 252 1723 279 sibi
1749 254 1801 288 ipsi
1820 263 1862 282 re-

1069 295 1224 326 concilians,
1249 297 1345 323 animm
1359 302 1384 323 et
1408 298 1511 330 corpori
1537 297 1690 331 (terte/icium
1716 307 1748 326 ea;
1758 308 1785 327 se
1801 308 1862 332 pro-

1069 340 1166 374 fectum
1211 341 1359 369 hominibus
1395 341 1571 376 dispertiendo
1617 344 1731 376 tribuit,
1775 345 1862 373 uolens

1069 385 1173 420 quidem
1198 394 1243 420 per
1267 388 1395 421 animam,
1407 389 1538 423 attingens
1557 397 1615 415 vero
1632 397 1678 423 per
1689 398 1795 424 corpus.
1814 391 1863 419 Se-

1069 434 1182 468 ptimum
1203 434 1319 469 denique
1337 435 1459 470 synodus
1483 435 1577 463 eadem
1596 435 1628 462 Vl
1656 437 1683 463 in
1701 437 1796 465 eadem
1813 445 1861 465 ac-

1070 479 1143 506 tione
1167 479 1211 511 £0,
1238 487 1265 514 p.
1287 479 1337 506 127
1365 479 1502 507 Vaticana:
1529 481 1596 508 edit.
1621 481 1691 513 τέως
1714 482 1743 510 δὲ
1766 483 1861 518 μαθεῖν

1070 523 1144 555 ἄξιον
1173 524 1248 559 παρὰ
1273 525 1326 552 τῶν
1350 525 1540 561 προφερόντων
1562 527 1627 561 ἡμῖν
1657 527 1707 559 τὰς
1735 528 1862 561 τοιαύτας

1070 569 1170 602 φωνὰς,
1187 569 1227 595 ὅτι
1246 569 1276 596 τὸ
1289 570 1445 597 ἀναϐαῖνον.
1463 570 1528 603 Qua).
1543 571 1626 598 verba
1644 571 1683 598 sic
1700 572 1862 607 interpreta-

1071 619 1115 642 tur
1130 614 1263 642 Gulonins
1277 622 1338 650 pag.
1350 616 1413 643 280:
1430 615 1534 643 Interea
1548 625 1635 643 autem
1652 617 1684 644 ab
1696 618 1727 644 iis
1740 619 1783 652 qui
1796 619 1860 646 tales

1070 668 1142 687 uoces
1155 659 1228 687 nobis
1240 661 1386 695 proferunt,
1400 669 1484 695 opera:
1493 663 1606 696 pretium
1618 668 1656 689 est
1666 663 1776 696 discere,
1789 672 1822 692 au
1834 664 1860 690 id

1072 706 1141 740 quod
1157 705 1287 737 ascendit,
1303 710 1356 733 etc.

1105 750 1181 783 Quod
1197 750 1229 777 ad
1246 752 1405 778 lacunarum
1424 751 1559 787 lacrymas
1574 755 1681 786 attinet,
1712 752 1793 781 facile
1805 761 1819 781 a
1834 761 1861 781 te

1071 797 1296 823 c0ndoiiabuntur
1313 802 1342 824 ut
1358 801 1385 824 et
1404 797 1550 833 σφάλματα
1559 798 1642 825 nimis
1652 799 1749 826 crebra
1761 807 1861 834 opera—

1076 849 1134 868 rttnt
1164 843 1378 876 properantium,
1404 851 1465 878 qua:
1489 843 1533 870 vix
1558 844 1647 878 Argus
1670 844 1859 879 πολυόμματος

1076 892 1174 915 cuncta
1205 888 1442 916 animadverteret.
1476 889 1554 924 Παρὰ
1571 889 1685 925 δύναμιν
1703 890 1725 916 δ’
1738 890 1788 917 οὐκ
1802 891 1860 917 ἐστι

1076 934 1122 960 καὶ
1137 933 1284 967 ἐσσύμενον
1298 935 1476 969 μαχέσασθαι.
1496 934 1568 962 Bene
1587 936 1657 967 vale,
1677 940 1704 963 et
1731 944 1862 971 κοινωφε-

1077 979 1151 1011 λείας
1170 979 1303 1007 studiosis
1317 980 1354 1006 lui
1370 980 1504 1008 similibus
1521 980 1589 1008 fave.

437 1088 1834 1104 mu

235 1089 431 1102 "——

500 1170 554 1205 DE
569 1169 777 1202 GREGORIO
795 1168 990 1202 EPISCOPO.
1002 1170 1199 1207 NYSSENO,
1221 1171 1271 1202 ET
1288 1171 1380 1203 Ε]ῦὸ
1395 1171 1592 1206 OPERIBUS

824 1270 863 1305 (⁸)
894 1279 1295 1339 ΡΒᾹΞΕΑΤΙΟ.

1028 1406 1063 1417 ,ν-

266 1483 348 1511 Divus
365 1482 522 1518 Gregorius,
538 1481 688 1518 Nyssensis
702 1482 859 1517 episcopus,
878 1481 962 1509 frater
976 1489 1122 1517 germanus
1138 1482 1171 1510 D.
1187 1482 1290 1516 Basilii,
1305 1490 1337 1510 ac
1351 1488 1416 1510 natu
1431 1483 1540 1518 quidem
1557 1483 1679 1518 majoris.
1699 1488 1728 1511 ut
1743 1492 1776 1512 ex
1795 1484 1856 1520 ejus

230 1531 340 1566 scriptis
359 1530 494 1565 conjicere
510 1534 562 1563 est,
578 1529 752 1564 potissimum
768 1537 802 1557 ex
822 1531 998 1562 Hexaemero,
1019 1530 1066 1557 ubi
1079 1530 1113 1557 de
1134 1530 1236 1559 Basilio
1257 1530 1373 1565 loquens
1396 1535 1588 1566 praaceptorcm
1608 1528 1715 1566 semper
1728 1531 1855 1566 appellat,

230 1579 281 1606 iuit
295 1579 551 1614 eloquentissimus,
569 1582 599 1605 ut
615 1577 718 1606 Suidas
730 1582 757 1605 et
775 1578 899 1612 plerique
915 1581 1022 1605 veteres
1042 1577 1163 1608 tradunt,
1180 1577 1253 1611 quod
1267 1582 1293 1605 et
1308 1577 1381 1607 illius
1404 1577 1504 1612 scripta
1521 1577 1671 1607 declarant.
1695 1577 1857 1612 abundeque

230 1635 316 1655 sacra!
327 1631 463 1656 testantur
475 1627 606 1654 historiae.
627 1625 749 1653 Primum
766 1629 839 1653 artes
855 1625 964 1652 dicendi
983 1626 1117 1657 exercuit,
1143 1629 1304 1660 tantumque
1327 1625 1354 1653 in
1379 1625 1421 1654 his
1436 1625 1561 1660 proiecit,
1583 1629 1612 1651 ut
1629 1624 1737 1652 tandem
1763 1625 1857 1652 rhetor

231 1676 346 1703 illustris
360 1676 491 1707 evaserit,
505 1674 682 1709 laudatisque
690 1673 848 1701 oratoribus
864 1672 984 1707 antiquis
1001 1680 1055 1699 non
1072 1671 1186 1700 inferior
1200 1672 1344 1699 exstiterit.
1365 1671 1417 1699 Sed
1434 1672 1495 1700 istis
1513 1663 1678 1708 eloquentiae
1699 1670 1798 1699 studiis
1813 1679 1857 1698 re-

229 1723 301 1751 lictis
312 1723 491 1750 monasticam
506 1722 677 1756 disciplinam
692 1724 814 1750 secutus.
833 1723 862 1746 ut
876 1720 972 1748 scribit
986 1719 1174 1748 Theodoretus
1186 1720 1234 1747 lib.
1251 1728 1288 1751 tv.
1302 1727 1363 1754 cap.
1380 1719 1414 1746 28
1427 1740 1433 1752 ,
1459 1720 1492 1746 ad
1508 1719 1670 1754 theologiam
1687 1726 1716 1746 se
1729 1718 1855 1750 contulit,

207 1771 213 1775 ’
228 1771 440 1806 diligentemque
461 1769 552 1797 studio
576 1776 717 1797 sacrarum
738 1768 903 1795 Litterarum
929 1775 1040 1802 operam
1066 1768 1185 1795 navavit.
1210 1767 1307 1795 Postea
1334 1772 1425 1794 tamen
1445 1775 1507 1794 cum
1529 1767 1587 1801 jam
1611 1767 1644 1794 ad
1673 1767 1855 1801 episcopatum

227 1818 321 1854 Nyssze
342 1818 472 1849 civitatis,
488 1825 503 1844 a
517 1824 571 1852 qua
588 1816 704 1851 Nysseni
726 1822 825 1843 nomen
848 1816 963 1850 accepit,
980 1815 1141 1850 designatus
1156 1819 1208 1848 est,
1225 1815 1330 1843 sanctis
1345 1815 1494 1843 Bibliorum
1509 1815 1596 1847 libris,
1615 1822 1684 1849 quos
1699 1814 1725 1842 in
1739 1814 1854 1850 ecclesia

229 1866 349 1893 lectitare
365 1870 392 1893 et
416 1864 590 1900 interpretari
606 1864 722 1896 solebat,
741 1863 882 1898 neglecﬁs,
898 1863 931 1890 ad
956 1863 1120 1890 rhetoricam
1137 1863 1235 1890 iterum
1258 1861 1438 1897 proﬁtendam
1456 1863 1576 1889 animum
1599 1861 1742 1888 convertit.
1767 1860 1853 1892 Quam

228 1914 364 1940 levitatem
379 1914 642 1947 mutabilitalcmque
658 1911 766 1939 consilii
785 1911 814 1939 Ι).
826 1911 976 1947 Gregorius
992 1909 1180 1938 Nazianzenus
1193 1911 1310 1945 epistola
1325 1910 1359 1938 54
1371 1909 1404 1936 ad
1416 1910 1491 1937 illum
1505 1909 1629 1944 pluribus
1643 1909 1745 1943 scripta
1763 1915 1854 1942 repre~

228 1961 331 1988 hendit.
350 1960 410 1993 Quo
423 1968 486 1987 vero
505 1967 578 1986 anno
601 1961 634 1987 ad
649 1968 711 1987 eum
726 1959 915 1994 episcopatum
939 1958 1106 1993 pervenerit.
1128 1961 1263 1985 incertum
1283 1961 1344 1990 est;
1367 1957 1414 1985 sed
1437 1964 1496 1984 eam
1522 1955 1711 1990 praefecturam
1733 1959 1854 1989 tempore

227 2006 348 2034 Valentis
366 2007 539 2042 imperatoris
550 2006 605 2041 jam
622 2012 677 2033 tum
694 2007 816 2042 gerebat.
832 2014 894 2032 cum
910 2013 925 2033 a
939 2005 969 2032 D.
983 2005 1084 2033 Basilio
1098 2005 1274 2040 episcopatus
1288 2005 1458 2032 Sasimorum
1473 2003 1647 2031 Naaianzeno
1660 2003 1786 2031 decretus
1800 2006 1851 2029 est.

227 2054 252 2082 Is
266 2053 338 2080 enim
354 2054 485 2086 postridie
506 2053 578 2081 illius
594 2053 658 2086 diei,
677 2061 731 2088 quo
751 2054 894 2088 episcopus
910 2052 960 2080 fuit
979 2058 1099 2085 creatus,
1113 2053 1147 2080 ad
1162 2052 1315 2088 Nyssenum
1332 2052 1424 2080 habita
1440 2052 1573 2084 oratione,
1594 2050 1742 2078 antistitem
1762 2050 1854 2084 appel-

227 2100 263 2130 lat
283 2101 421 2136 tantisque
443 2100 569 2128 laudibus
589 2100 668 2132 tollit,
686 2104 714 2127 ut
730 2100 816 2135 ipsius
831 2099 1040 2133 commendatio,
1072 2101 1123 2128 etsi
1141 2104 1250 2128 taceant
1264 2101 1366 2133 ca-teri,
1383 2100 1538 2127 Graecorum
1556 2099 1677 2126 omnium
1692 2098 1778 2125 instar
1792 2105 1853 2125 esse

225 2148 321 2186 possit.
339 2148 405 2175 Cum
422 2152 512 2175 autem
528 2156 600 2177 anno
617 2147 669 2176 584
683 2148 818 2183 synodum
835 2148 1025 2183 episcoporum
1040 2152 1135 2176 contra
1153 2147 1366 2176 Macedonianos
1384 2147 1651 2181 Constantinopolim
1672 2148 1851 2173 convocasset

225 2195 395 2223 Theodosius
410 2196 568 2231 imperator,
586 2195 781 2231 decretumque
798 2199 869 2223 esset
885 2199 914 2223 ut
929 2196 1020 2223 nullus
1037 2196 1182 2231 episcopus
1202 2196 1297 2224 relicta
1311 2203 1362 2223 sua
1378 2195 1491 2223 dimcesi
1504 2194 1537 2221 ad
1553 2195 1657 2221 alienas
1675 2193 1849 2228 demigraret,

225 2246 290 2270 tunc
308 2241 461 2277 dispertitis
484 2250 531 2278 per
552 2243 708 2279 provincias
732 2242 872 2276 Ecclesiis,
897 2243 1021 2271 Caesarea
1046 2247 1107 2278 post
1125 2243 1285 2271 defunctum
1308 2243 1451 2276 Basilium,
1476 2242 1587 2270 obvenit
1610 2241 1687 2268 fratri
1708 2240 1850 2274 Gregorio,

224 2289 317 2325 Nysam
329 2290 405 2326 prius
417 2291 557 2326 episcopo,
576 2295 605 2318 ut
617 2292 713 2318 scribit
732 2291 860 2319 Socrates
874 2291 936 2319 libr.
953 2300 979 2325 ν,
999 2298 1059 2326 cap.
1075 2291 1101 2318 8.
1119 2291 1168 2319 llic
1186 2291 1280 2319 habuit
1297 2299 1422 2323 uxorem,
1439 2295 1469 2318 ut
1484 2290 1605 2317 historiae
1620 2289 1758 2316 mandavrt
1771 2286 1851 2314 Nice-

225 2336 327 2373 phorus
341 2336 391 2365 lib.
408 2344 446 2368 χι,
464 2344 524 2372 cap.
543 2336 587 2364 19.
610 2337 687 2370 Quod
702 2343 792 2364 tamen
818 2338 863 2364 vix
884 2337 993 2373 probari
1015 2338 1110 2372 possit,
1129 2341 1158 2365 ut
1177 2338 1260 2372 aliqui
1278 2341 1402 2370 censent,
1425 2345 1458 2364 ex
1484 2335 1649 2363 Nazianzeni
1674 2335 1797 2362 oratione
1816 2334 1852 2361 de

225 2384 350 2415 laudibus
363 2383 471 2417 Basilii;
479 2392 542 2411 nam
554 2392 616 2411 cum
631 2389 758 2419 parentes
780 2391 834 2412 Iam
850 2385 965 2420 egregia;
984 2385 1087 2412 sobolis
1109 2386 1299 2420 procreatione
1315 2385 1421 2413 nobiles
1440 2383 1524 2412 fuisse
1541 2383 1669 2414 ostendit,
1687 2381 1726 2415 Id,
1752 2382 1850 2417 inquit,

223 2433 394 2462 demonstrat
407 2434 505 2463 beatus
523 2434 696 2462 sacerdotum
719 2439 746 2461 et
759 2434 894 2469 virginum
913 2441 1054 2467 numerus,
1074 2437 1100 2461 et
1117 2441 1211 2460 eorum
1228 2434 1275 2468 qui
1292 2433 1318 2460 in
1339 2434 1394 2460 vita
1412 2433 1556 2467 conjugata
1574 2432 1710 2464 vixerunt,
1727 2434 1781 2457 etc.
1799 2430 1849 2457 Sa-

222 2482 351 2511 cerdotes,
359 2483 456 2518 procul
470 2482 554 2511 dubio
573 2483 682 2512 [uerunt
696 2482 824 2513 Basilius,
840 2482 998 2518 Gregorius,
1013 2486 1040 2510 et
1059 2482 1157 2510 Petrus
1176 2481 1298 2512 Sebasta:
1318 2482 1475 2517 episcopus,
1493 2487 1573 2515 quem
1594 2478 1710 2511 Basilius
1727 2479 1784 2517 ipse
1803 2484 1850 2505 sa-

222 2530 278 2557 cris
292 2529 423 2563 initiavit,
437 2533 464 2557 et
476 2529 509 2558 ad
526 2530 686 2565 presbyterii
704 2530 864 2567 dignitatem
883 2531 1021 2566 provexit;
1040 2538 1120 2561 soror
1137 2535 1225 2562 autem
1244 2530 1363 2559 Macrina
1380 2534 1406 2556 et
1427 2528 1589 2555 Naucratius
1605 2527 1687 2554 frater
1701 2526 1782 2552 vitam
1800 2532 1847 2552 sae

222 2576 339 2603 liariam
367 2580 394 2603 et
416 2576 523 2611 inopem
543 2580 608 2603 sunt
633 2577 779 2610 complexi,
801 2579 829 2602 ut
853 2576 887 2606 de
909 2577 961 2605 rita
983 2577 1108 2603 Macrinus
1125 2576 1247 2603 continet
1262 2575 1387 2611 epistola,
1407 2582 1468 2611 qua:
1490 2573 1614 2609 Nysseno
1637 2571 1755 2606 ascripta
1775 2571 1847 2598 inter

221 2628 379 2652 sanctorum
397 2624 528 2652 historias
548 2632 596 2660 per
612 2624 722 2653 Surium
744 2629 889 2660 congestas
913 2625 945 2653 ad
963 2625 1034 2652 diem
1063 2624 1096 2655 19
1117 2623 1183 2655 .lulii
1205 2625 1303 2659 legitur
1327 2631 1438 2655 excusa,
1465 2631 1498 2650 ex
1527 2621 1751 2656 interpretatione
1771 2619 1844 2647 Petri

222 2673 360 2700 Francisci
376 2672 450 2706 Zini;
466 2672 514 2701 sed
529 2673 600 2701 inter
614 2673 675 2699 illos
691 2672 737 2706 qui
752 2673 871 2707 virgines
886 2676 913 2699 et
927 2676 1050 2703 exsortes
1065 2672 1185 2707 conjugii
1198 2671 1389 2702 remanserint,
1401 2676 1448 2698 aut
1458 2679 1490 2701 ex
1508 2670 1615 2698 caeteris
1628 2669 1730 2705 (decem
1746 2668 1846 2706 quippe

222 2719 309 2751 liberi,
326 2719 349 2746 si
366 2718 432 2746 ﬁdes
447 2719 485 2745 illi
501 2719 639 2748 tribuatur
653 2718 786 2753 epistolm,
806 2719 902 2750 iisdem
920 2719 1079 2753 parentibus
1095 2718 1151 2745 nati
1170 2719 1243 2753 sunt)
1258 2718 1302 2752 qui
1320 2718 1524 2745 matrimonium
1541 2716 1684 2746 coluerint,
1707 2723 1760 2742 non
1778 2714 1846 2742 satis

219 2767 284 2797 hinc
299 2766 402 2802 liquido
418 2770 534 2794 constat.
551 2766 610 2801 Ipse
626 2774 691 2793 vero
706 2766 857 2802 Gregorius
871 2766 898 2793 in
913 2767 982 2794 libro
997 2773 1078 2801 quem
1095 2766 1133 2799 De
1147 2766 1296 2800 virginitate
1318 2765 1451 2801 scriptum
1469 2765 1590 2800 reliquitI
1605 2764 1711 2795 videtur
1725 2761 1845 2803 apertius

255 2846 292 2882 (a)
305 2842 367 2874 "ccc
378 2846 499 2881 prmfatio
513 2844 617 2878 Latinis
630 2847 797 2877 editionibus
810 2845 924 2882 Nysscni
944 2846 1075 2873 hactenus
1093 2850 1132 2875 est
1146 2845 1264 2881 przelixa.
