1976 3077
161 154 194 181 51
853 154 1048 184 ramento.
1750 152 1785 180 58

161 216 274 242 innuere
298 218 328 240 se
344 211 497 248 coniugem,
514 218 568 240 non
585 213 707 241 caelibem
723 213 819 246 tuisso.
842 222 905 242 cum
922 215 960 242 ait
974 223 1035 250 cap.
1052 215 1069 243 ὅ
1085 223 1092 243 :
1107 212 1186 242 Nunc
1201 213 1265 240 mihi
1283 213 1451 249 virgmatium
1466 213 1574 240 landum
1588 213 1702 249 eogm‘tio
1716 221 1781 249 qu-

159 260 300 286 dammodo
320 259 408 285 inanis
426 262 465 285 est
484 266 515 284 ac
534 259 642 286 minime
662 259 811 293 fructuosa,
831 265 886 288 etc.
906 260 959 287 Sed
974 265 1034 288 esto
1052 260 1243 288 connubialem
1261 260 1344 287 vitam
1363 260 1398 287 sit
1410 259 1560 294 amplexus,
1579 259 1631 294 ipsi
1647 263 1737 287 tamen
1750 267 1783 286 ea

159 303 267 332 vivendi
283 303 353 330 ratio
368 303 436 330 nihil
453 303 639 338 impedimenti
660 305 759 336 attulit,
776 305 923 339 quominus
937 311 1049 333 strenue
1064 313 1114 341 pro
1128 305 1263 332 catholica
1281 304 1332 332 lide
1345 304 1498 336 decertans,
1516 305 1548 332 ad
1567 313 1658 340 part-nt
1675 305 1784 332 virtutis

159 351 272 386 gloriam
288 350 427 384 aspirarit.
449 349 516 377 Nam
531 356 560 378 ut
576 359 625 386 per
643 351 778 379 Ecclesias
793 353 824 378 hu
835 353 926 380 rcticae
940 353 1083 387 pravitatis
1097 353 1223 380 tenebras
1237 353 1295 379 suis
1305 351 1486 378 concionibus
1500 351 1659 383 discuteret.
1676 351 1783 378 lumen-

158 405 211 432 que
230 396 353 424 veritatis
376 396 533 424 hominibus
555 397 635 432 quasi
655 398 824 433 prieluceret.
842 399 952 426 crebras
973 399 1207 434 peregrinationes
1231 398 1362 432 suscepit,
1385 397 1498 431 viasque
1513 396 1638 424 dilliciles
1653 397 1782 423 confecit.

158 441 233 475 Quas
247 450 309 469 cum
327 450 398 478 aegre
412 442 504 474 ferret,
520 446 546 470 et
563 450 640 470 suam
655 443 727 470 velut
742 443 954 470 inconstantiam
975 447 1145 478 quereretur,
1160 442 1350 469 Nazianzenus
1367 441 1482 476 epistola
1503 441 1538 468 54
1555 439 1714 468 consolatus
1729 445 1781 470 est.

158 493 184 514 et
197 486 231 514 ad
246 487 315 515 bene
328 488 362 515 de
379 488 471 515 multis
487 488 656 519 merendum,
672 494 754 523 atque
767 489 880 523 gratiam
894 496 910 515 a
932 488 986 516 Deo
1001 488 1165 523 sperandam
1183 488 1281 515 erexit.
1298 488 1358 520 Quo
1374 489 1491 522 denique
1514 494 1587 514 anno
1600 486 1750 514 decesserit
1768 493 1783 513 e

161 534 229 562 vivis
245 539 272 561 et
290 535 425 570 posterior
442 535 541 563 Basilio
558 536 598 571 (ut
614 541 730 564 testatur
752 535 878 564 Socrates
895 536 941 563 lib.
967 545 1007 568 In.
1028 544 1086 572 cap.
1111 537 1137 568 8,
1160 537 1241 572 idque
1264 535 1440 564 manifestum
1464 535 1552 563 reddit
1569 534 1731 562 Nazianzeni
1748 534 1782 560 ad

163 581 314 617 Nyssenum
330 583 365 610 57
379 583 493 618 cpistola
515 584 696 611 consolatoria
713 583 745 611 de
767 588 853 611 morte
871 583 975 619 fratris)
996 592 1050 611 non
1067 587 1175 611 coristat
1195 592 1227 610 ex
1248 583 1389 616 historiis;
1413 583 1461 610 sed
1485 582 1542 617 ipse
1555 583 1647 609 multis
1663 582 1690 608 in
1716 580 1782 608 locis

159 627 281 654 meminit
296 635 326 655 se
337 628 392 662 jam
406 628 535 664 grandem
552 634 617 656 natu
634 634 661 657 et
684 637 776 658 senem
793 630 923 662 scribere,
939 630 1056 657 maxime
1074 630 1101 656 in
1125 630 1240 664 epistola
1256 629 1293 656 De
1310 629 1472 664 professione
1493 627 1655 660 Christiana,
1675 628 1702 654 in
1718 627 1781 653 libr.

158 675 196 701 De
208 676 356 710 virginitate
371 685 430 712 cap.
448 677 557 710 ultimo;
575 684 602 704 et
616 686 642 704 tn
656 681 778 704 oratione
793 685 873 712 quam
893 677 930 704 De
945 677 1104 711 infantibus,
1123 677 1167 712 qui
1181 685 1212 704 ex
1227 682 1300 704 utero
1317 681 1476 711 prwmature
1492 674 1780 709 abripiuntur._edidit.

157 722 279 756 aliasque
297 731 367 758 saepe
382 730 550 752 senectutem
567 733 645 752 suam
661 730 785 752 excusat.
802 724 859 752 lloc
875 725 1047 752 solummodo
1062 725 1096 752 de
1112 723 1172 758 ejus
1189 724 1300 751 interitu
1318 725 1358 751 sic
1371 728 1482 751 notatur
1498 723 1524 749 in
1549 721 1662 749 Usuardi
1681 721 1781 756 Marty-

157 770 261 804 rologio
278 771 312 798 ad
327 771 398 798 diem
421 779 448 798 Ix
464 772 549 798 Martii
566 781 572 799 :
591 772 667 806 Apud
691 771 820 799 Nicenam
845 773 976 799 civitatem
1001 772 1128 804 depositio
1144 772 1174 799 S.
1190 771 1310 807 Gregorii
1331 771 1455 806 episcopi,
1478 771 1571 804 fratris
1596 770 1664 796 beati
1686 769 1782 796 Basilii

157 816 338 850 Ctesaricnsis,
359 823 413 845 tam
432 821 484 846 vita
501 828 580 854 quam
602 820 750 855 eloquentia
774 820 925 847 clarissimi.
954 821 1042 854 Atque
1062 819 1119 847 lucc
1140 819 1250 854 quidem
1268 818 1343 846 brevi
1363 818 1436 846 dicta
1455 817 1589 845 subiciant
1603 816 1637 843 de
1650 815 1781 851 Gregorio

156 863 289 898 Nysseno,
306 866 340 893 de
357 865 436 900 cujus
451 866 577 894 laudibus
589 867 676 902 elogia
692 872 813 894 veterum
830 872 922 901 postea
939 867 1028 895 fusius
1044 867 1233 902 subjiciemus.

189 920 250 948 Jam
267 929 332 950 vero
346 923 473 957 quoniam
488 923 639 950 naturalem
653 927 680 951 et
693 923 839 959 legitimum
854 923 979 952 ordinem
994 931 1049 958 quo
1062 924 1179 958 quisque
1191 923 1322 950 librorum
1338 921 1456 956 scriptus
1469 924 1520 953 est,
1534 927 1588 947 non
1605 919 1742 954 potuimus
1753 919 1780 947 in

157 966 208 994 hac
218 967 336 995 editione
349 971 437 1003 sequi,
457 969 625 996 artificialem
645 969 812 997 instituimus
825 978 831 996 :
843 977 940 1005 nempe
954 973 983 996 ut
1002 970 1120 1004 priorem
1137 970 1228 996 locum
1246 969 1411 996 sortirentur
1422 975 1454 995 ea
1469 975 1529 1002 qua:
1542 968 1574 994 ad
1586 966 1670 994 Vetus
1682 965 1780 994 Testa-

158 1019 278 1042 mentum
297 1015 391 1043 referri
407 1024 485 1051 posse
500 1017 680 1048 videbantur;
693 1017 791 1045 deinde
804 1025 865 1052 qua:
881 1017 914 1044 ad
931 1017 1072 1052 religionis
1090 1017 1253 1045 Christianae
1265 1016 1477 1047 institutionem,
1493 1013 1620 1044 formam,
1635 1017 1662 1040 et
1676 1012 1781 1048 profes-

157 1063 260 1090 sionem
272 1068 405 1098 spectant,
419 1068 446 1091 et
461 1064 488 1091 in
500 1064 601 1100 quibus
614 1065 716 1100 aliquot
740 1066 905 1100 evangelicae
917 1065 1052 1092 doctrina:
1071 1065 1228 1093 testimonia
1246 1067 1411 1095 tractantur,
1432 1062 1582 1090 secundum
1600 1061 1689 1088 locum
1708 1060 1780 1087 obti-

157 1114 263 1142 nerent,
278 1116 371 1145 postea
385 1112 563 1139 concionibus
577 1113 717 1140 nonnullis
735 1113 768 1140 ad
784 1113 911 1140 Ecclesia:
925 1113 1154 1140 consuetudinem
1169 1120 1218 1147 pro
1238 1112 1344 1139 ratione
1359 1115 1386 1139 et
1401 1111 1472 1138 serie
1489 1109 1621 1137 festorum
1639 1107 1780 1143 dispositis

155 1157 296 1185 orationes
314 1157 441 1185 funebres
452 1158 486 1186 de
499 1158 625 1186 laudibus
638 1159 819 1194 quorumdam
838 1163 996 1187 sanctorum
1012 1159 1173 1194 adiecimus.
1187 1158 1220 1184 Et
1234 1159 1285 1185 hoc
1305 1158 1339 1185 de
1355 1157 1489 1184 universis
1501 1156 1560 1190 ejus
1574 1155 1694 1182 doctoris
1713 1162 1779 1189 ope-

157 1204 233 1231 ribus
246 1205 416 1239 praamissum
431 1206 477 1232 sit.
493 1205 531 1234 De
543 1207 658 1242 singulis
673 1211 762 1234 autem
781 1207 905 1242 pluribus
923 1210 1042 1234 tractare
1059 1214 1112 1234 non
1129 1206 1267 1238 convenit,
1288 1206 1335 1234 sed
1355 1205 1486 1241 quidquid
1508 1204 1542 1232 de
1562 1203 1699 1238 aliquibus
1721 1210 1778 1230 mo-

156 1250 276 1277 nendum
292 1251 371 1278 nobis
386 1255 524 1285 occurret,
544 1253 639 1287 paucis
659 1252 702 1280 hic
717 1253 858 1280 addemus.

192 1308 277 1343 Igitur
292 1313 404 1345 rogante
422 1309 505 1338 fratre
523 1318 573 1339 suo
588 1310 670 1339 Petro
685 1311 808 1339 Sebastae
821 1312 949 1347 episcopo
964 1310 1083 1338 confecit
1099 1311 1199 1339 librum
1215 1312 1240 1337 in
1258 1311 1442 1343 liexaemeron,
1457 1317 1536 1346 queui
1553 1310 1668 1336 allirmat
1681 1308 1780 1337 Socra-

155 1360 196 1383 tes
209 1357 270 1384 hbr.
284 1365 320 1390 tv,
332 1365 392 1393 cap.
409 1358 454 1392 2|,
467 1366 482 1385 a
498 1358 598 1386 Basilio
607 1364 696 1387 morte
707 1359 890 1395 praeveniente
899 1358 1092 1394 imperfectum
1107 1366 1168 1386 esse
1183 1359 1319 1386 relictum.
1332 1358 1399 1385 Eum
1410 1365 1459 1385 nos
1472 1357 1558 1392 primo
1572 1357 1631 1384 loco
1644 1364 1675 1384 ex
1690 1361 1779 1384 trans-

155 1404 254 1432 latione
270 1404 331 1432 Zini
353 1406 506 1440 praecedere
528 1407 688 1435 voluimus:
713 1408 784 1443 quod
808 1415 840 1435 eo
864 1407 935 1434 libro
948 1407 986 1434 De
998 1415 1074 1442 opere
1092 1415 1138 1434 res:
1157 1407 1258 1434 dierum
1276 1407 1303 1434 in
1318 1406 1440 1434 ordinem
1465 1413 1496 1432 ac
1519 1405 1693 1433 concordiam
1718 1411 1778 1439 qua:

155 1451 188 1477 de
205 1451 297 1478 ntuudi
314 1453 502 1487 procreatione
515 1454 604 1489 primo
624 1455 734 1489 quidem
749 1459 860 1490 aspectu
875 1447 974 1482 diffusa
988 1460 1016 1482 et
1032 1455 1104 1482 inter
1117 1463 1148 1482 se
1163 1454 1301 1482 contraria
1318 1453 1455 1485 videntur,
1471 1452 1673 1480 accommodate
1686 1451 1777 1486 dispo-

154 1500 212 1527 nat,
228 1498 371 1533 ipsumque
385 1498 504 1535 Moyscm
521 1501 626 1536 sibiipsi
644 1502 859 1530 consentientem
876 1507 903 1530 et
921 1507 1093 1531 constantem
1110 1503 1250 1538 eleganter
1271 1501 1407 1529 ostendat.
1424 1500 1524 1528 Verum
1539 1501 1602 1536 quia
1618 1500 1645 1527 in
1659 1508 1692 1527 eo
1704 1507 1779 1527 com-

154 1545 319 1572 mentariulo
335 1547 428 1574 mundi
444 1547 579 1576 fabricam
593 1549 630 1576 ita
647 1551 860 1586 contemplatur,
874 1555 904 1578 ut
916 1551 1071 1578 naturalem
1087 1549 1279 1577 tantummodo
1290 1553 1317 1576 et
1334 1549 1458 1576 historia:
1474 1551 1673 1583 congruentem
1691 1547 1719 1574 in
1735 1553 1778 1574 re-

155 1590 206 1617 bus
219 1592 320 1619 creatis
345 1593 469 1620 ordinem
488 1594 619 1629 explicet,
648 1595 714 1622 huic
731 1596 865 1623 continuo
883 1596 952 1625 duas
971 1597 1167 1632 subjunximus
1192 1595 1334 1623 orationes
1358 1595 1386 1622 in
1407 1594 1528 1621 hominis
1555 1593 1775 1629 procreationetu

153 1638 300 1665 admodum
324 1639 384 1674 pias
407 1643 434 1667 et
455 1641 604 1677 elegantes,
629 1650 697 1679 quin,
724 1643 811 1678 inquit
838 1643 923 1671 Zinus
945 1645 992 1679 qui
1017 1644 1116 1672 latinus
1137 1643 1212 1674 fet-it,
1234 1643 1293 1670 licet
1309 1642 1341 1669 ab
1357 1641 1473 1676 ejusdem
1491 1641 1619 1673 auctoris,
1647 1644 1671 1666 et
1694 1639 1776 1666 multo

151 1685 231 1711 etiam
247 1686 331 1721 magis
355 1696 371 1714 a
395 1687 492 1715 Basilii
507 1689 605 1724 magni,
623 1690 665 1716 cui
690 1698 706 1716 α
728 1691 884 1725 quibusdam
906 1691 977 1726 falso
995 1691 1137 1718 attributas
1162 1691 1251 1722 audio,
1283 1689 1434 1724 (intelligit
1461 1688 1579 1715 fortasse
1599 1686 1776 1714 Godefridnm

154 1732 340 1765 Tilmannum,
355 1734 402 1770 qui
420 1742 467 1762 eas
491 1735 563 1763 inter
583 1735 707 1771 ejusdem
727 1737 821 1765 Basilii
843 1746 926 1773 opera
943 1739 1098 1770 transtulit,
1126 1743 1153 1765 ct
1170 1746 1219 1774 pro
1235 1738 1295 1765 loco
1320 1736 1482 1772 paraphrasi
1506 1735 1624 1770 diliudit)
1647 1734 1777 1761 scribendi

152 1778 339 1805 consuetudine
361 1779 450 1806 abesse
472 1780 618 1814 videantur,
635 1782 826 1817 antiquissime
842 1788 929 1810 tamen
951 1788 1022 1817 sunt,
1041 1788 1094 1810 'aut
1120 1785 1151 1810 ab
1175 1784 1231 1817 ipso
1249 1782 1372 1817 Gregorio
1396 1781 1482 1808 adhuc
1502 1780 1597 1815 juvene
1619 1779 1685 1814 forte
1703 1787 1775 1805 com.

150 1825 255 1858 prositut,
281 1830 421 1860 antequam
444 1826 669 1854 absolutissimum
697 1829 794 1856 librant
818 1829 856 1858 De
871 1830 987 1858 hominis
1003 1831 1111 1865 opificio
1134 1831 1333 1864 pra'scripsisset
1345 1838 1354 1856 :
1368 1833 1414 1856 aut
1432 1828 1464 1855 ab
1480 1828 1567 1863 aliqua
1581 1827 1696 1862 ejusdem
1711 1831 1776 1853 ωιιι-

153 1873 186 1900 tis
208 1874 262 1900 viro
285 1878 341 1900 tum
366 1874 409 1907 pio
433 1879 486 1900 tum
510 1875 617 1902 minime
639 1875 756 1904 indocto.
778 1876 834 1904 Nos
853 1883 942 1905 tamen
965 1878 1131 1912 conjicimus
1149 1885 1182 1905 ex
1206 1877 1301 1912 prima:
1318 1877 1452 1903 orationis
1470 1876 1560 1907 initio,
1586 1875 1630 1902 ubi
1644 1875 1775 1909 scriptun:

153 1921 253 1955 legitur
272 1929 280 1948 :
297 1919 423 1954 Iniquum
439 1925 505 1947 esset
525 1929 583 1948 cum
597 1930 628 1949 ea
644 1931 702 1957 quia
718 1924 752 1950 ad
767 1924 840 1958 feras
852 1929 907 1952 tum
925 1930 1058 1957 natantes,
1084 1930 1139 1951 tum
1156 1924 1317 1960 gradientes,
1333 1929 1389 1950 tum
1409 1924 1537 1954 valtmtes.
1553 1931 1659 1958 quicque
1672 1923 1705 1948 ad
1725 1930 1775 1948 ca:-

153 1969 208 1995 lum
226 1966 260 1993 ad
276 1975 357 2002 eaque
368 1975 426 1997 ante
439 1968 466 1994 in
481 1969 544 1996 caelo
559 1975 630 2001 sunt,
646 1978 754 2006 qumque
773 1972 808 1998 ad
823 1977 922 2000 terram
942 1978 966 2000 et
983 1973 1017 2000 ad
1033 1982 1064 2000 ea
1080 1981 1137 2008 qua:
1151 1978 1211 1999 sunt
1237 1973 1263 1998 in
1280 1977 1350 1998 terra
1371 1972 1511 2006 pertinent,
1528 1971 1709 2002 didicerimus,
1721 1976 1773 1998 etc.

152 2013 260 2040 easdem
276 2019 330 2039 non
344 2019 405 2040 esse
419 2012 543 2049 Gregorii
557 2015 645 2042 nostri
662 2025 668 2042 ε
687 2024 777 2051 neque
797 2018 869 2044 enim
886 2019 920 2045 de
936 2019 1011 2046 hisce
1023 2019 1161 2049 tractavit,
1175 2018 1222 2045 sed
1238 2017 1355 2044 Basilius
1374 2017 1402 2044 in
1423 2017 1596 2044 liexuemero.
1612 2017 1705 2043 Ambae
1727 2025 1775 2044 au-

152 2067 205 2090 tem
220 2062 242 2090 si
256 2070 310 2090 non
324 2063 422 2090 habitas
437 2063 468 2089 ad
485 2063 630 2098 populum,
645 2068 735 2091 tamen
751 2065 860 2100 scriptae
875 2066 950 2092 domi
966 2070 994 2093 et
1007 2074 1101 2093 coram
1118 2065 1240 2093 recitatae
1255 2065 1393 2092 videntur.
1411 2064 1465 2092 Sed
1479 2064 1512 2092 de
1528 2064 1571 2092 bis
1589 2065 1702 2092 aliorum
1716 2072 1774 2092 esto

149 2108 294 2144 judicium.
311 2108 394 2136 Liber
409 2109 454 2136 ille
468 2109 506 2137 De
520 2109 634 2137 hominis
657 2111 763 2146 api/icio
801 2120 879 2146 quem
895 2111 1000 2140 Latinis
1016 2112 1131 2140 auribus
1152 2111 1229 2139 dedit
1241 2111 1361 2138 Joannes
1375 2110 1569 2142 Lcunclavius,
1585 2112 1772 2139 admirandum

149 2161 219 2189 opus
234 2162 248 2181 a
265 2154 349 2181 Suida
364 2159 489 2182 vocatur.
505 2156 554 2183 Hic
568 2157 591 2184 si
611 2158 717 2185 ordinis
734 2159 815 2188 ratio.
840 2167 894 2194 quo
916 2160 1037 2195 scriptus
1053 2163 1107 2192 est,
1133 2162 1277 2193 sequatur,
1294 2158 1374 2185 debet
1401 2158 1565 2192 praecedere.
1589 2158 1667 2190 Nam,
1686 2159 1774 2193 inquit

150 2197 290 2233 Nyssenus
306 2199 333 2226 in
348 2199 521 2232 Hexaemero,
539 2201 638 2230 librum
655 2203 693 2230 De
709 2204 822 2231 heminis
840 2205 945 2239 api/icio
961 2210 1024 2233 ante
1042 2205 1115 2232 hunc
1133 2204 1268 2231 misimus.
1285 2202 1333 2230 llic
1350 2203 1468 2238 primum
1491 2203 1589 2230 damus
1605 2211 1638 2230 ex
1655 2204 1772 2231 transla-

149 2245 225 2272 tione
238 2244 364 2273 Gentiani
383 2245 491 2273 llervcti
514 2248 664 2276 conciones
688 2253 751 2276 octo
776 2251 803 2277 in
829 2249 1018 2281 Ecclesiasten,
1043 2250 1070 2277 in
1093 2256 1209 2285 quarum
1227 2246 1318 2283 priore
1337 2247 1430 2275 statim
1454 2247 1481 2275 in
1498 2248 1592 2275 litnine
1613 2253 1730 2276 testatur
1743 2257 1772 2278 se

151 2291 233 2318 etiam
248 2292 275 2317 tn
302 2290 449 2318 Proverbia
467 2291 624 2327 scripsisse.
653 2293 717 2320 dum
733 2295 773 2322 sic
784 2296 823 2322 ait
847 2305 854 2322 :
880 2295 947 2323 Cum
971 2304 1048 2323 sensa
1067 2295 1270 2322 Proterbiorum
1296 2293 1355 2328 jam
1373 2298 1484 2321 utentem
1505 2295 1578 2328 prius
1601 2296 1773 2326 annuerint.

150 2346 260 2373 quorum
277 2338 394 2364 obscurte
402 2342 462 2364 sunt
473 2338 641 2372 rationes,ad
652 2339 719 2367 hanc
734 2340 910 2374 Scripturam,
922 2350 980 2377 qua:
998 2349 1054 2368 vere
1080 2346 1118 2368 est
1132 2342 1246 2372 excelsa.
1271 2341 1378 2368 exsistit
1398 2349 1535 2368 ascensus.
1558 2341 1610 2368 Sed
1629 2342 1684 2368 haec
1698 2350 1772 2369 com-

151 2383 282 2412 mentatio
294 2383 414 2410 nondum
429 2383 540 2411 venititt
557 2385 706 2420 publicum.
724 2386 854 2415 llomilias
870 2392 959 2414 autem
977 2388 1131 2422 quindecim
1159 2388 1185 2414 in
1207 2387 1317 2416 Cantica
1331 2388 1497 2414 canticorum
1523 2388 1607 2414 meris
1621 2389 1771 2423 aenigmati-

151 2428 203 2457 hus
216 2429 321 2464 plenas,
335 2428 434 2462 partim
446 2436 478 2455 ex
491 2428 586 2457 eadem
603 2429 709 2458 llervcti
728 2433 918 2464 translatione,
941 2441 1002 2468 quae
1014 2434 1079 2460 viris
1096 2433 1185 2461 doctis
1198 2433 1294 2468 purior
1308 2437 1335 2460 et
1354 2433 1461 2459 facilior
1487 2433 1544 2459 visa
1560 2437 1613 2464 est,
1639 2435 1772 2468 appressi-

151 2482 229 2508 mus;
245 2475 313 2502 alias
331 2482 427 2509 nempe
445 2480 565 2510 quatuor
584 2480 738 2512 postremas
753 2487 896 2514 quousque
914 2479 1021 2507 llervcti
1039 2480 1205 2516 procedebat
1224 2480 1373 2514 exomplar,
1389 2487 1422 2507 ex
1437 2479 1664 2514 interpretatione
1683 2479 1772 2508 Lenn-

150 2519 232 2547 clavii
255 2520 463 2554 complevimus.
486 2519 515 2547 In
534 2521 587 2549 line
615 2522 795 2557 prmialionis,
816 2533 897 2560 quam
917 2525 1013 2553 iisdem
1031 2526 1151 2553 homiliis
1172 2526 1233 2561 ipse
1259 2525 1409 2560 Gregorius
1425 2524 1558 2560 praefecit,
1583 2525 1670 2552 reddit
1688 2527 1772 2553 ratio-

150 2573 212 2593 nem
225 2566 356 2593 instituta:
372 2568 626 2602 commentationis,
643 2570 688 2596 ubi
712 2570 748 2597 ita
764 2570 901 2605 loquitur:
918 2571 978 2598 Non
998 2577 1037 2598 est
1057 2571 1099 2598 Iu'c
1119 2571 1185 2598 liber
1201 2579 1218 2598 a
1242 2579 1281 2597 me
1301 2571 1414 2604 scriptus
1438 2570 1472 2597 ad
1494 2571 1712 2604 ostentationem;
1726 2572 1771 2598 sed

148 2611 273 2645 quoniam
288 2612 371 2638 multa
392 2619 424 2638 ea:
441 2612 472 2639 iis
495 2621 553 2647 qua:
570 2614 597 2641 in
616 2614 741 2642 Ecclesiis
755 2616 826 2643 dicta
842 2622 914 2649 sunt,
929 2617 1037 2651 quidam
1052 2625 1083 2644 ea:
1100 2618 1133 2644 iis
1145 2617 1189 2653 qui
1201 2616 1335 2644 nobiscum
1350 2620 1498 2648 versantur,
1511 2616 1684 2649 adnotarent,
1700 2618 1771 2644 eain

149 2656 264 2690 formam
280 2656 449 2684 homiliarum
458 2659 581 2685 enarravi
599 2659 625 2686 in
641 2660 731 2688 diebus
739 2661 904 2695 jejuniorum
915 2670 924 2688 :
939 2662 966 2688 in
979 2662 1019 2689 his
1027 2663 1097 2688 enim
1112 2663 1154 2689 Itie
1170 2663 1235 2688 liber
1254 2661 1287 2687 ad
1302 2669 1379 2688 aures
1392 2661 1482 2695 populi
1497 2670 1513 2687 a
1527 2661 1603 2688 nobis
1618 2662 1669 2695 [uit
1681 2662 1770 2690 elabo-

148 2707 236 2729 ratus.
252 2701 374 2738 Singulis
393 2708 484 2732 autem
500 2705 599 2733 diebus
615 2707 737 2742 singulas
761 2709 901 2736 orationes
920 2709 1140 2737 recitavitznam
1168 2709 1279 2736 tertiam
1298 2708 1365 2736 dicit
1387 2716 1448 2736 esse
1468 2707 1521 2735 diei
1539 2709 1624 2741 tertii,
1640 2712 1667 2735 et
1681 2709 1720 2735 sic
1736 2709 1769 2737 de

149 2747 274 2782 reliquis.
289 2747 634 2785 Sequiturelegantissima
655 2753 753 2785 oratio,
779 2761 832 2788 qua
848 2753 997 2781 Christiani
1014 2754 1133 2782 hominis
1148 2754 1267 2781 formula
1289 2753 1409 2781 traditur
1425 2763 1431 2780 :
1445 2753 1563 2788 idipsum
1581 2761 1689 2788 quoque
1703 2762 1767 2788 pro-

149 2792 236 2820 fertur
249 2793 275 2821 in
291 2793 362 2822 libro
379 2795 415 2821 De
432 2795 486 2822 vita
504 2796 600 2828 Moris,
625 2805 705 2832 quem
719 2798 867 2827 Latinitate
879 2800 990 2827 donavit
1009 2800 1220 2836 Trapezuntius.
1252 2799 1327 2826 Illam
1344 2806 1451 2827 veroex
1474 2807 1597 2826 seorsum
1622 2799 1737 2832 vulgatis
1753 2810 1767 2827 u

156 2836 302 2867 Francisco
317 2839 386 2868 Zino
398 2840 440 2868 hic
454 2842 643 2878 apposuimus,
663 2844 733 2872 sicut
745 2849 771 2872 et
785 2845 988 2873 Catechcticam
1003 2847 1165 2879 orationem,
1180 2845 1324 2873 maximam
1341 2844 1512 2879 appellatalii,
1538 2851 1571 2871 ex
1587 2844 1768 2874 translatione
