1976 3077
210 151 245 180 59
807 156 835 184 S.
857 156 1024 185 GBEGOR‘H
1057 158 1200 187 NTSSENI
1811 156 1847 183 σο

211 212 320 241 Herveti
333 221 341 245 ;
358 220 423 239 nam
442 221 505 240 cum
517 214 574 249 jam
589 215 726 250 legeretur
742 217 849 245 reddita
860 218 957 247 Latine
970 227 1018 255 per
1034 218 1148 246 Petrum
1163 219 1318 250 Morcllum,
1332 217 1436 253 placuit
1451 221 1478 244 et
1491 216 1538 244 hic
1548 215 1704 244 versionem
1722 215 1846 244 nondum

211 260 348 287 hactenus
364 260 530 296 impressam
545 270 710 298 proponere.
727 266 764 293 lbi
780 272 882 300 autem,
893 267 1014 295 maxime
1031 276 1090 303 cap.
1109 268 1143 295 57
1160 268 1245 295 multa
1265 266 1298 294 de
1314 266 1548 293 transmutatione
1568 263 1625 291 sive
1638 265 1847 293 traussuhstan-

210 306 327 334 tiatione
343 306 480 335 Dominici
500 312 626 344 corporis
639 316 666 339 et
684 314 826 348 sanguinis
842 315 1027 348 adducuntur,
1042 319 1069 342 et
1082 323 1142 351 cap.
1159 315 1207 346 58,
1222 323 1252 342 se
1266 314 1326 342 aliis
1341 314 1368 341 in
1387 313 1456 341 locis
1471 313 1549 349 plura
1565 312 1598 340 de
1614 311 1787 340 Eucharistia
1799 319 1848 339 ex-

209 355 337 386 posuisse
349 361 452 388 narrat.
466 359 539 392 quod
558 363 647 387 tamen
665 369 718 388 non
736 362 772 389 ita
790 362 919 398 frequens
933 368 975 391 est
991 365 1017 391 in
1040 364 1244 399 exemplaribus
1262 371 1322 398 qua:
1339 363 1421 396 vulgo
1440 362 1576 389 feruntur.
1594 361 1662 388 lluic
1679 361 1743 388 item
1763 360 1847 388 Calc—

208 401 316 428 cnetico
331 402 400 429 libro
416 403 468 438 (sic
481 406 554 432 enim
568 406 717 442 Gregorius
735 409 793 443 ipse
811 410 928 444 appellat
943 411 1108 444 saepissime)
1131 410 1202 437 sicut
1220 409 1297 437 etilli
1310 409 1344 436 de
1358 409 1450 435 anima
1466 412 1492 435 et
1506 407 1711 435 resurrectione
1725 406 1848 441 disputa-

210 447 278 473 tioni
294 454 356 474 cum
369 455 466 476 sorore
484 449 616 483 Macrino,
633 453 743 486 quidam
761 453 894 486 haeretici,
909 459 939 481 ut
951 455 978 481 in
994 455 1133 490 plerisque
1147 457 1269 481 veterqu
1289 452 1540 483 lucubrationibus.
1557 452 1685 487 dogmata
1701 451 1846 484 nonnulla,

210 495 348 529 praecipue
358 503 424 522 vero
438 496 566 532 Origenis
578 498 743 534 injecerunt,
755 500 908 536 Nicephoro
922 506 992 530 teste
1005 503 1051 529 lib.
1071 510 1101 534 ιι,
1117 510 1177 536 cap.
1195 500 1239 528 lt).
1258 500 1309 528 Sed
1324 505 1351 527 ct
1365 499 1501 527 immistas
1513 499 1671 534 hujusmodi
1686 498 1770 526 falsas
1787 499 1847 532 opi-

211 542 308 570 niones
321 543 512 574 demonstrare
526 546 617 581 possis
629 554 663 573 ex
679 553 712 574 eo
730 546 802 582 quod
820 547 846 574 in
861 546 1036 575 Catechetico
1052 555 1113 582 cap.
1131 546 1176 578 55,
1199 547 1272 573 circa
1289 546 1368 573 linem
1388 553 1421 573 ex
1436 545 1572 573 sententia
1593 544 1720 580 Origenis
1742 545 1848 579 reperi-

210 593 267 622 tur,
281 590 368 625 longis
383 595 444 626 post
461 593 570 620 saeculis
584 592 639 620 Deo
655 601 752 628 puram
767 594 983 621 conservandam
1007 598 1136 620 naturam
1150 602 1156 620 :
1169 597 1195 620 ct
1211 592 1284 628 quod
1306 592 1371 619 huic
1387 591 1474 618 errori
1492 591 1662 618 contrarium
1685 591 1802 618 habetur
1818 591 1846 617 in

210 637 337 664 oratione
352 637 391 665 De
402 639 445 666 die
460 639 620 667 Nativitatis
633 640 748 672 Domini,
759 650 820 668 cum
839 642 972 669 scribitur
987 651 993 669 :
1011 641 1089 675 Quod
1105 649 1151 676 per
1165 640 1391 675 lresurrectionem
1407 640 1452 674 qui
1465 630 1635 673 justi/erunt,
1654 639 1688 666 ad
1713 639 1845 666 calcstem

209 683 323 716 quietem
339 686 461 713 accedent
475 687 539 722 ;qut'
555 692 643 714 autem
659 689 772 722 peccatis
789 689 909 722 obnoxii,
922 690 948 716 in
963 689 1041 724 gehen
1049 698 1089 716 na:
1100 689 1183 724 ignem
1193 688 1378 720 detruduntur,
1397 692 1451 714 etc.
1469 687 1525 714 Nec
1537 688 1610 714 enim
1621 689 1771 722 pugnantia
1784 691 1846 714 tan-

212 731 256 755 tus
272 729 314 755 vir
328 735 374 756 aut
388 731 472 758 sensit
486 733 643 760 autdocuit.
663 733 695 761 Et
706 739 735 761 ut
747 739 844 763 uetera
860 736 955 770 paucis
966 736 1191 770 complectamur,
1207 735 1259 761 alia
1271 734 1394 769 quaulam
1406 734 1536 768 opuscula
1553 734 1580 760 in
1601 734 1652 761 hac
1667 734 1785 761 editione
1800 741 1846 760 ac-

209 779 363 807 cesserunt.
381 776 510 805 nimirum
527 779 667 807 orationes
684 780 721 807 De
735 781 860 816 fugienda
875 781 1074 816 fornicatione;
1101 779 1133 807 In
1160 788 1203 807 eos
1231 780 1276 815 qui
1296 780 1424 814 differunt
1446 779 1590 813 baptisma,
1615 784 1640 807 et
1658 781 1703 815 qui
1718 788 1786 815 azgre
1806 780 1846 814 fo-

211 825 273 846 runt
284 821 507 855 reprehensiones,
527 824 561 851 ab
576 824 694 852 Herveto
707 827 825 860 primurn
845 834 996 854 conversae.
1017 825 1055 853 De
1065 825 1225 852 Ascensione
1245 832 1321 856 vero,
1346 828 1373 851 et
1389 825 1415 850 in
1429 823 1602 851 Pentecosten
1627 832 1769 852 sermones
1787 824 1845 859 jam

206 865 274 892 editi
292 865 559 895 circumferebantur
576 878 582 896 :
603 870 677 905 prior
694 871 805 906 quidem
823 879 858 898 ex
873 871 962 898 Silani
980 870 1117 902 versione,
1140 871 1212 898 sicut
1231 875 1260 897 et
1278 870 1407 905 pleraque
1431 869 1546 904 Nysseni
1563 870 1683 905 scripta;
1709 870 1757 897 sed
1780 870 1845 905 quia

211 909 279 936 feria
298 918 324 937 ιν
343 915 404 946 post
414 912 612 942 Ascensionem
627 916 663 943 de
677 916 773 943 eodem
790 924 916 944 sermone
931 924 963 943 ex
979 916 1161 943 translatione
1176 915 1236 942 lini
1250 916 1350 950 legitur
1367 916 1395 942 in
1413 915 1550 943 bocviario
1565 915 1688 944 Romano
1711 925 1798 952 nuper
1811 925 1845 944 ex

210 955 320 984 decreto
330 958 441 985 concilii
456 958 611 988 Tridentini
623 961 771 988 restituto:
784 966 929 996 propterea
944 966 971 989 et
988 961 1061 988 hunc
1071 965 1099 988 et
1113 969 1294 996 quoscunque
1308 961 1428 989 nancisci
1445 963 1584 996 potuimus
1600 969 1631 989 ex
1647 962 1744 990 eodem
1761 964 1847 991 inter-

211 1007 297 1038 prete,
308 1003 354 1038 qui
369 1004 403 1031 ab
418 1005 542 1033 Ecclesia
554 1007 686 1042 probatus
697 1015 760 1035 esse
774 1007 923 1040 videretur,
939 1007 1055 1034 selectos
1064 1007 1237 1040 excudimus,
1249 1011 1278 1034 ut
1293 1007 1332 1034 Dc
1340 1007 1499 1041 pauperibus
1515 1007 1648 1040 notandis,
1659 1007 1692 1035 In
1707 1009 1846 1036 mulierem

209 1050 444 1091 peccaui/comm
457 1051 662 1084 dormientibus,
687 1057 714 1080 et
733 1053 765 1080 de
788 1053 888 1081 Christi
909 1054 1060 1086 natiuitate,
1080 1053 1249 1088 ejusdemque
1274 1054 1477 1081 resurrectione.
1497 1053 1634 1081 Nonnulla
1656 1059 1786 1089 pmlerea
1810 1063 1846 1083 cx

209 1094 328 1122 aliorum
349 1096 476 1125 versione
495 1105 620 1126 seorsum
643 1099 750 1134 vulgata
767 1100 946 1133 inseruimus,
966 1104 995 1126 ut
1012 1100 1112 1126 librum
1125 1098 1163 1126 De
1186 1098 1342 1134 Virginitate
1355 1107 1369 1126 a
1384 1099 1465 1127 Petro
1479 1099 1619 1128 Galesinio
1633 1106 1846 1134 conversum,“

211 1139 304 1168 ltoma:
316 1142 386 1176 typis
401 1150 552 1172 excusant:
563 1145 591 1172 in
605 1152 660 1178 quo
676 1146 710 1174 de
726 1145 854 1181 virginali
867 1145 980 1178 virtute,
995 1153 1053 1180 qua
1064 1152 1119 1172 uua
1131 1145 1244 1179 reliquae
1262 1153 1361 1173 onmes
1368 1145 1556 1178 continentur,
1570 1146 1610 1173 ita
1622 1146 1746 1181 disputat
1762 1154 1846 1174 evan-

208 1187 304 1221 gelica:
319 1187 457 1217 doctrinae
469 1191 643 1226 majestalem
659 1194 859 1228 complectens,
877 1197 906 1220 ut
923 1200 976 1220 non
991 1193 1080 1220 solum
1099 1200 1162 1219 cum
1179 1192 1280 1220 Stoicis
1296 1193 1330 1220 de
1342 1193 1469 1225 honesto,
1493 1201 1586 1220 verum
1603 1193 1687 1221 etiam
1703 1201 1766 1221 cum
1781 1194 1846 1221 reli-

208 1233 273 1268 quis
291 1234 413 1264 honestis
431 1237 658 1274 philosophorum
682 1240 838 1275 disciplinis
859 1240 989 1272 disserat,
1011 1240 1252 1274 patrociniumque
1276 1247 1370 1266 carum
1386 1240 1537 1272 actionum,
1567 1240 1594 1266 in
1608 1240 1711 1275 quibus
1734 1241 1845 1267 virtutis

210 1281 340 1314 splendor
361 1283 461 1316 elucet,
479 1283 625 1320 suscipiat.
650 1285 693 1318 Et,
716 1294 750 1314 ne
769 1287 835 1321 quid
852 1286 962 1313 silentio
979 1286 1190 1320 praetermittere
1206 1289 1253 1312 aut
1270 1285 1448 1313 dissimulare
1464 1286 1616 1318 videamur,
1642 1285 1716 1321 quod
1737 1286 1781 1313 hic
1795 1286 1846 1312 ha—

211 1325 291 1353 betur
305 1327 468 1362 impressum
484 1330 596 1357 nomine
612 1330 738 1366 Gregorii
755 1331 870 1367 Nysseni
887 1331 922 1358 ad
937 1331 1050 1358 Petrum
1062 1332 1172 1366 fratrem
1195 1340 1284 1362 suum,
1311 1331 1350 1358 De
1364 1331 1514 1365 di/fcrentia
1531 1332 1687 1359 substantiae
1712 1336 1737 1359 et
1764 1331 1846 1366 hypo-

209 1375 324 1404 staseos,
350 1373 421 1402 idetu
437 1375 535 1410 legitur
550 1377 621 1411 apud
640 1376 671 1404 D.
691 1377 823 1405 Basiliam
836 1379 952 1412 epistola
971 1378 1005 1405 45
1033 1379 1068 1404 ad
1084 1377 1240 1413 Gregorium
1269 1379 1382 1412 fratrem
1400 1376 1552 1412 Nyssenum
1571 1378 1733 1414 episcopum.
1763 1377 1845 1406 Vide-

210 1418 266 1445 rint
283 1419 420 1447 doctiores
433 1422 543 1448 cuinam
561 1422 670 1449 illorum
689 1423 761 1450 hanc
777 1423 994 1458 disputationem
1011 1424 1165 1458 assignant.

245 1464 381 1491 Czuterum
397 1465 468 1493 inter
482 1471 641 1495 sanctorum
663 1467 740 1496 Vitas
765 1469 799 1496 ab
816 1469 929 1505 Aloysio
945 1469 1042 1496 Latine
1057 1477 1113 1497 non
1130 1469 1166 1496 ita
1194 1468 1299 1504 pridem
1319 1476 1351 1495 ex
1367 1467 1487 1496 diversis
1509 1466 1672 1497 auctoribus
1698 1468 1797 1500 editas,
1813 1472 1841 1496 et

211 1511 293 1538 modo
311 1519 359 1546 per
374 1512 496 1548 singulos
514 1514 573 1542 dies
588 1515 722 1551 cujusque
741 1517 843 1543 mensis
862 1524 876 1543 a
899 1516 979 1544 Surio
1000 1516 1133 1552 digestas,
1162 1516 1250 1543 oratio
1274 1515 1411 1550 quaedam,
1433 1515 1476 1549 pia
1493 1520 1561 1542 sane
1572 1515 1652 1549 juxta
1673 1519 1700 1543 et
1722 1517 1842 1552 elegans,

211 1557 251 1586 De
272 1567 383 1586 occursu
404 1560 511 1588 Domini
525 1566 553 1589 et
567 1563 605 1590 De
618 1563 667 1590 Dei
680 1568 799 1598 parents,
816 1569 894 1599 atque
917 1563 948 1591 de
973 1564 1044 1596 iusto
1059 1563 1192 1595 Simeone,
1218 1562 1343 1598 Gregorii
1367 1561 1484 1598 Nysseni
1501 1562 1610 1588 titulum
1638 1570 1695 1598 pra:
1711 1570 1741 1590 sc
1767 1563 1820 1591 fert
1837 1575 1842 1581 -

211 1606 258 1634 sed
273 1609 400 1642 quoniam
417 1608 527 1637 Simeon
543 1610 754 1646 Metaphrastes,
775 1612 821 1647 qui
839 1612 959 1647 primum
978 1612 1120 1647 dispersas
1134 1610 1228 1638 Graice
1244 1611 1403 1645 collegerat,
1417 1610 1524 1637 videtur
1542 1610 1569 1636 in
1595 1609 1647 1636 hac
1661 1611 1786 1638 nonnihil
1799 1616 1846 1638 aut

212 1653 382 1687 immutasse,
404 1656 542 1683 autetiam
559 1657 662 1692 aliquid
682 1659 835 1692 addidisse,
859 1659 924 1686 dum
941 1667 991 1695 pro
1006 1667 1057 1686 suo
1075 1666 1152 1686 more
1169 1657 1310 1692 copiosius
1334 1656 1494 1691 explicavit,
1510 1663 1542 1682 ac
1560 1656 1740 1691 amplioribus
1755 1658 1845 1684 verbis

211 1702 349 1728 enarravit
365 1711 372 1728 :
388 1702 448 1730 ideo
468 1705 546 1738 quasi
567 1704 640 1733 fetus
660 1710 733 1733 esset
757 1706 926 1741 illegitimus,
954 1706 1025 1733 hanc
1048 1714 1112 1733 cum
1126 1712 1190 1733 vere
1209 1704 1308 1731 nativis
1337 1708 1412 1730 stare
1433 1702 1581 1730 noluimus.
1605 1701 1796 1731 Verumtamen
1823 1704 1845 1731 si

212 1747 274 1781 quis
291 1747 360 1775 forte
375 1756 455 1777 secus
471 1749 586 1784 jndicct,
607 1752 688 1779 habet
700 1752 821 1784 interim,
841 1756 916 1779 utne
932 1752 976 1779 hic
995 1756 1147 1787 repetatur,
1178 1750 1245 1777 inihi
1260 1749 1332 1785 typis
1355 1749 1531 1783 impressam,
1559 1748 1632 1775 sicut
1651 1752 1678 1774 et
1699 1749 1844 1783 epistolam

211 1793 284 1821 illam
304 1794 338 1820 ad
356 1794 509 1830 Olympium
522 1798 692 1830 monac/tum,
709 1797 746 1825 De
760 1798 814 1825 vita
837 1798 975 1826 Macrinaz.
997 1798 1075 1831 Quod
1097 1806 1162 1826 vero
1176 1798 1293 1832 pertinet
1308 1795 1341 1823 ad
1362 1796 1490 1823 diversas
1506 1795 1688 1831 quorumdam
1707 1795 1844 1823 librorum

211 1841 418 1877 inscriptiones,
436 1853 488 1872 nos
505 1849 534 1872 ut
550 1846 697 1881 plurimum
714 1846 742 1873 in
759 1847 884 1881 margine
900 1847 1070 1879 notavimus,
1091 1850 1139 1873 aut
1153 1846 1181 1873 in
1197 1852 1312 1880 operum
1325 1843 1468 1879 Catatogo,
1493 1851 1574 1879 quem
1594 1842 1786 1878 subjiciemus,
1801 1844 1843 1871 in-

210 1887 375 1917 dicabimus.

245 1936 442 1966 Desiderantur
459 1945 548 1967 autem
565 1940 669 1975 prmter'
680 1940 737 1968 hinc
754 1940 805 1967 alia
826 1940 886 1974 ejus
905 1939 955 1966 viri
973 1938 1140 1966 monimenta
1158 1941 1327 1972 temporum,
1348 1937 1390 1965 vel
1414 1938 1556 1965 hominum
1573 1938 1673 1973 injuria
1685 1938 1843 1974 deperdita.

210 1987 257 2009 aut
270 1983 400 2011 hactenus
414 1984 440 2011 in
455 1985 542 2012 lucem
567 1985 686 2012 nondum
702 1986 846 2020 cvulgata;
865 1992 952 2019 neque
967 1985 1039 2011 enim
1058 1984 1193 2018 reperitur
1211 1983 1290 2017 liber,
1307 1991 1387 2018 quem
1406 1984 1551 2018 scripsisse
1568 1989 1735 2012 memoratur
1751 1990 1844 2012 contra

209 2028 362 2060 Ablabium,
381 2029 418 2057 De
435 2029 538 2061 Patris,
556 2029 632 2063 Filii,
650 2035 674 2057 et
691 2031 806 2064 Spiritus
824 2031 910 2057 sancti
924 2030 1073 2061 divinitate,
1092 2029 1144 2056 nisi
1161 2029 1222 2064 quis
1239 2029 1315 2056 illum
1332 2037 1392 2057 esse
1409 2029 1479 2056 forte
1496 2030 1651 2065 suspicetur
1665 2039 1697 2058 ex
1715 2031 1843 2059 aliinitaze

209 2077 373 2111 argumenti,
384 2085 466 2112 quem
481 2078 515 2104 ad
525 2077 666 2104 Ablabium
682 2078 766 2108 misit,
777 2077 853 2110 Quod
867 2083 918 2104 tres
932 2077 1018 2104 dicere
1033 2076 1101 2103 Deos
1114 2084 1166 2103 non
1179 2081 1308 2110 oporteat,
1321 2084 1382 2112 pag.
1392 2076 1445 2104 447
1468 2077 1532 2103 tomi
1558 2076 1589 2109 ll,
1603 2077 1649 2105 sed
1663 2079 1739 2106 locus
1753 2083 1841 2107 tamen

208 2123 244 2151 ab
261 2123 405 2159 Euthymio
421 2126 542 2160 prolatus
560 2131 635 2161 parte
650 2133 657 2152 l
686 2126 728 2152 tit.
743 2125 760 2151 Ξ
789 2124 902 2158 I’anopl.
917 2124 944 2151 in
960 2131 993 2151 eo
1005 2124 1117 2150 minime
1132 2123 1276 2156 reperitur.

244 2168 362 2197 Necdum
380 2171 540 2206 prodierunt
553 2171 580 2198 in
596 2172 685 2199 lucem
703 2170 893 2199 Commentarii
909 2170 935 2197 in
950 2169 1099 2204 Epistolam
1111 2168 1145 2195 D.
1162 2168 1243 2195 Pauli
1256 2168 1290 2194 ad
1305 2167 1495 2202 Pliil’ppenses,
1509 2177 1590 2204 quos,
1607 2174 1636 2196 ut
1647 2170 1739 2198 docuit
1752 2170 1842 2198 Sixtus

209 2214 350 2250 Senensis,
369 2222 464 2244 auctor
479 2217 649 2244 Bibliothecte
669 2221 785 2250 δίνη-ιω,
800 2216 920 2253 Cyrillus
937 2216 1003 2244 citat
1019 2216 1047 2243 in
1064 2215 1133 2242 libro
1151 2213 1186 2240 ad
1203 2213 1342 2248 Evoptium
1359 2214 1469 2248 fratrem
1487 2220 1581 2242 contra
1597 2215 1798 2244 Tlteodoretum.
1814 2216 1842 2244 In

208 2263 288 2296 cujus
305 2263 366 2291 libri
391 2264 443 2292 fine
459 2264 499 2292 sic
514 2265 632 2300 legitur:
651 2264 684 2291 D.
699 2263 819 2300 Gregorii
836 2264 949 2298 episcopi
963 2264 992 2290 in
1008 2262 1155 2297 Epistotam
1172 2261 1206 2287 ad
1222 2260 1404 2295 Philippense:
1416 2268 1426 2288 :
1445 2261 1525 2295 cujus
1552 2261 1753 2297 fragmentum:
1774 2262 1843 2292 Hoc,

208 2311 307 2346 inquit,
322 2310 444 2344 sapiatur
454 2311 523 2345 quod
538 2316 576 2338 est
590 2312 618 2337 in
633 2310 738 2338 Christo
754 2310 830 2343 Iesu,
849 2319 858 2335 ε
871 2310 915 2344 qui
931 2317 990 2335 cum
1007 2309 1034 2335 in
1050 2308 1138 2343 forma
1159 2306 1205 2333 Dei
1215 2311 1291 2337 esset,
1313 2315 1364 2333 non
1382 2306 1502 2341 rapinam
1519 2307 1665 2335 arbitratus
1680 2313 1718 2335 est
1735 2317 1791 2336 esse
1816 2318 1846 2336 se

208 2357 336 2392 tequalem
351 2357 416 2390 Deo,
427 2359 473 2385 sed
485 2360 650 2393 semetipsum
660 2359 814 2390 exinanivit,
827 2358 941 2393 formam
954 2356 1023 2384 servi
1032 2356 1187 2390 suscipiens.
1199 2365 1208 2380 ι
1221 2355 1291 2388 Quid
1301 2354 1441 2389 pauperius
1455 2356 1481 2382 in
1495 2355 1557 2387 Deo,
1567 2364 1645 2391 quam
1658 2356 1745 2391 forma
1757 2357 1844 2384 servi?

210 2403 281 2436 Quid
298 2404 423 2431 humilius
438 2404 464 2431 in
478 2412 535 2438 rege
550 2409 712 2437 cunctorum,
726 2412 805 2440 quam
817 2404 851 2430 ad
863 2403 1070 2430 communionem
1082 2402 1206 2436 pauperis
1220 2406 1317 2428 nostrae
1327 2406 1431 2427 naturtv
1443 2407 1533 2435 sponte
1548 2403 1655 2430 venire?
1675 2403 1731 2430 Rea:
1754 2412 1842 2439 regum

209 2455 233 2476 et
250 2449 380 2477 Dominus
396 2451 591 2477 dominantium
606 2450 726 2477 induitur
743 2450 831 2485 forma
846 2450 930 2481 serui;
945 2449 1030 2484 judex
1047 2449 1165 2476 omnium
1182 2448 1213 2482 fit
1228 2447 1349 2474 subditus
1365 2447 1538 2482 potestatibus
1554 2453 1693 2481 creaturae,
1714 2449 1842 2479 Dominus

210 2501 237 2527 in
254 2497 377 2531 spelunca
392 2497 517 2532 ponitur:
538 2496 585 2531 qui
599 2496 688 2523 omnia
702 2496 828 2528 continet,
842 2495 870 2522 in
881 2495 1026 2522 diversorio
1039 2502 1091 2521 non
1102 2493 1199 2520 inuenit
1215 2494 1312 2525 locum,
1328 2493 1372 2519 sed
1388 2493 1416 2518 in
1430 2501 1544 2528 prcesepe
1558 2495 1699 2529 projicitur
1709 2490 1843 2529 jumento-

211 2555 287 2578 rum;
302 2545 414 2573 mundus
429 2550 454 2572 et
472 2544 659 2572 immaculatus
671 2544 762 2571 sordes
775 2543 889 2578 suscepit
903 2544 1026 2570 humana:
1040 2547 1152 2573 natum,
1169 2545 1193 2567 et
1207 2548 1253 2575 per
1267 2541 1355 2567 outnia
1369 2545 1551 2576 paupertatem
1567 2546 1685 2569 nostram
1702 2542 1842 2573 transiens,

212 2603 291 2629 usque
304 2594 338 2621 ad
349 2594 441 2620 mortis
455 2593 522 2620 venit
531 2593 747 2628 experimentum.
761 2592 933 2620 Considerate
945 2591 1109 2626 paupertatis
1122 2594 1273 2625 spontaneo:
1285 2597 1446 2621 mensuram,
1458 2589 1511 2615 vita
1527 2593 1635 2615 mortem
1646 2592 1748 2623 gustat,
1760 2588 1843 2623 judez

210 2642 348 2669 deducitur
362 2641 397 2667 ad
404 2641 548 2675 judicium,
564 2640 624 2668 vita!
642 2641 759 2667 omnium
775 2640 958 2667 exsistentium
973 2638 1101 2665 Dominus
1117 2636 1239 2664 subditur
1248 2636 1383 2663 sententia:
1394 2635 1554 2670 judicantis,
1568 2641 1614 2661 rea:
1628 2633 1746 2660 omnium
1763 2634 1843 2660 virtu-

211 2696 278 2720 tum,
296 2697 354 2724 qum
367 2691 440 2716 ultra
456 2687 583 2715 mundum
595 2693 666 2720 sunt,
681 2687 873 2722 spiculalorum
887 2696 939 2714 non
951 2686 1049 2721 respuit
1063 2693 1167 2712 manus.
1187 2683 1325 2710 Hactenus
1339 2681 1487 2717 Gregorius
1498 2681 1660 2716 episcopus:
1676 2679 1841 2716 quiquidezu

212 2734 318 2761 videtur
335 2741 395 2761 esse
408 2732 549 2769 Nyssenus
566 2737 670 2765 noster,
687 2741 749 2760 cum
766 2732 954 2760 Nazianzenus
969 2740 1019 2760 nec
1037 2732 1064 2759 in
1083 2730 1153 2758 hanc
1170 2730 1326 2765 epistolam,
1342 2736 1393 2756 nec
1410 2729 1436 2755 in
1453 2728 1572 2763 aliquem
1587 2726 1696 2755 Veteris
1715 2731 1762 2753 aut
1777 2724 1843 2753 Novi

212 2780 378 2807 'l'rstamcnti
389 2779 487 2806 librum
497 2787 529 2806 ex
542 2779 665 2814 professo
681 2779 826 2815 scripsisse
837 2783 1012 2806 memOretur.
1029 2779 1057 2804 In
1075 2776 1210 2812 principio
1224 2775 1357 2802 orationis
1373 2774 1469 2809 prius:
1484 2774 1523 2801 De
1537 2773 1695 2808 pauperibus
1711 2773 1843 2805 mirandis,

212 2824 257 2851 ubi
274 2825 418 2852 scribitur:
430 2824 561 2858 Quoniam
572 2824 673 2851 duobus
689 2825 868 2859 superioribus
880 2824 971 2851 diebus
980 2823 1151 2858 cupiditatem
1164 2821 1239 2848 illam
1249 2829 1307 2856 qua:
1318 2820 1386 2856 gula:
1397 2821 1545 2855 uentrisque
1559 2821 1717 2854 uoluptatem
1729 2823 1845 2846 sectatur

214 2870 409 2905 castigationis,
424 2870 455 2898 de
471 2871 585 2905 ipsisque
603 2871 686 2898 multa
702 2871 830 2905 diximus,
847 2875 912 2902 etc.,
925 2870 1028 2897 clarum
1042 2876 1084 2897 est
1102 2869 1189 2904 ipsum
1207 2867 1368 2904 Gregorium
1385 2866 1419 2894 de
1439 2866 1490 2894 hac
1512 2874 1540 2894 re
1556 2867 1695 2895 orationes
1718 2866 1846 2894 habuisse
