1976 3077
224 159 259 186 ΕΞ
843 158 873 186 S.
893 157 1010 187 GREGO

1091 157 1237 187 massam
1599 154 1605 156 “
1821 158 1854 186 64

224 213 382 249 explicavit,
396 221 428 240 ea
454 213 552 240 doctor
571 217 666 242 noster
693 213 805 241 sublimi
836 214 1011 250 philosophia

1064 215 1230 250 εργασθέντα
1239 216 1371 252 νοήματα·
1385 215 1403 243 ἃ
1414 215 1468 251 γὰρ
1476 214 1580 246 ἐκεῖνος
1588 210 1664 241 εἶπεν
1673 213 1703 241 ἐν
1713 213 1813 248 ὀλίγοις
1826 222 1855 240 τε

224 259 265 286 sic
275 259 387 286 adauxit
403 263 431 286 et
445 259 606 291 cumulavit,
623 265 653 286 ut
669 267 722 287 non
738 260 853 295 spicam,
869 260 916 288 sed
930 261 1012 288 arbo-

225 313 281 332 rem
292 303 424 336 eﬁ‘ecerit,
443 305 476 332 ad
488 305 698 332 situilitudinem
715 305 795 340 grani
813 305 928 341 sinapis,
938 305 1012 340 quod

226 358 310 386 regno
335 350 468 378 cmlorum
498 356 685 386 comparatum
715 355 766 378 est.
795 351 823 378 ln
852 352 1012 386 accipientis

223 396 297 423 enim
315 396 407 422 animo
421 396 560 423 excultum
587 396 672 424 arbor
691 397 730 429 ﬁt.
759 397 1013 432 cogitationumque

226 441 412 476 magnitudine
436 441 557 476 undique
587 442 727 474 dilatatur,
744 447 771 470 et
794 451 933 470 ramorum
952 443 1013 470 loeo

226 486 369 521 praceptis
403 491 430 514 et
460 487 595 516 institutis
618 488 794 523 expanditur,
818 489 1014 524 propositoque

226 531 334 565 pietatis
361 531 414 559 ﬁne
442 532 484 560 sic
508 532 619 560 ell'ertur
639 533 667 560 in
691 534 820 566 sublime,
845 538 874 560 ut
899 535 1014 561 excelsa:

224 576 307 604 etiam
321 578 437 612 altchue
453 581 571 611 mentes,
592 586 652 613 qua:
669 579 796 606 volucres
823 580 886 607 εωίί
910 570 1012 607 voean-

225 625 269 648 tur
282 622 309 648 in
340 622 498 658 Evangelio,
523 624 575 651 sub
599 625 693 652 talium
716 632 856 652 ramorum
874 627 1013 661 magnitu-

224 667 287 694 dine
299 673 400 704 queant
415 668 495 696 nidos
515 673 677 697 construere
695 670 715 697 ¹.
739 670 928 703 Quaestionum
940 671 1012 698 enim

224 713 379 747 explanatio
394 718 437 741 est
451 715 534 741 animi
553 714 664 749 quidam
684 715 766 743 veluti
793 715 884 748 nidus,
908 716 935 743 in
958 724 1013 751 quo

226 767 303 786 utens
315 760 437 786 instabili
452 760 639 788 sollicitudine
651 761 812 796 sciendique
828 762 930 794 studio,
952 768 1013 789 tan—

225 812 306 839 quam
330 806 474 840 multiplici
495 807 602 834 volatus
622 815 727 840 errore,
742 808 814 836 fessa
830 809 1012 843 conquiescit.

225 851 349 883 Quonam
367 851 449 886 igitur
464 855 544 887 pacto
567 853 613 880 tali
627 857 764 888 tantaeque
788 862 946 882 sermonum
966 862 1013 881 ar—

1065 262 1112 287 καὶ
1122 261 1352 297 εὑπεριγράπτοις
1366 262 1422 293 τοῖς
1434 261 1546 297 ῥήμασι,
1555 259 1690 287 ταῦταδιὰ
1696 259 1745 294 τῆς
1752 259 1854 295 ὑψηλῆς

1065 307 1226 341 φιλοσοφίας
1250 308 1264 333 ό
1282 306 1440 338 διδάσκαλος
1454 307 1470 342 ἡ
1476 306 1534 341 μῶν
1551 305 1682 340 αὐξήσας,
1697 303 1759 340 οὐχὶ
1770 304 1854 331 ἀστα-

1066 361 1124 388 χυν,
1142 352 1210 379 ἀλλά
1233 352 1341 388 δένδρον
1363 352 1474 387 ἐποίησε
1489 351 1560 378 κατά
1575 351 1621 378 τὸν
1638 350 1806 386 ὁμοιωθένια
1821 351 1853 385 τῇ

1067 398 1189 434 βασιλείᾳ
1202 398 1249 425 τοῦ
1265 397 1402 428 σινάπεως
1416 397 1526 428 κόκκον,
1542 396 1588 423 τὸν
1603 397 1630 423 ὲν
1645 397 1678 431 τῇ
1694 395 1794 431 καρδισ⁵
1806 395 1854 422 τοῦ

1065 442 1251 478 γεωργοῦντος
1263 441 1520 478 ἀποδενδρούμενον,
1532 441 1602 468 ὥστε
1613 441 1740 475 γενέσθαι
1753 448 1854 467 παντα-

1066 489 1144 524 χόθεν
1153 488 1234 515 αὑτὸν
1244 488 1387 523 ἀμφιλαφῆ
1402 489 1457 519 τοῖς
1470 488 1598 522 νοήμασι,
1607 487 1653 514 κα)⁸
1666 485 1854 521 διηπλωμένον

1066 535 1127 561 ἀντὶ
1148 533 1254 560 κλάδων
1268 535 1325 565 τοῖς
1341 533 1467 568 δόγμασι,
1483 532 1530 559 καὶ
1544 531 1582 567 τῷ
1604 530 1697 566 σκοπῷ
1713 531 1763 566 τῆς
1778 531 1851 557 εὐσε-

1066 580 1143 611 6είας
1157 580 1197 611 εἰς
1216 578 1282 614 ὕψος
1298 579 1514 613 ἀνατεινόμενον,
1530 578 1568 610 ὡς
1580 577 1627 603 καὶ
1641 577 1689 608 τὰς
1702 575 1807 612 ὑψηλάς
1823 584 1852 602 τε

1067 625 1113 652 καὶ
1129 624 1349 660 μετεωροπόρους
1371 623 1470 659 ψυχὰς,
1490 623 1523 654 ἃς
1544 622 1656 649 πετεινὰ
1676 622 1723 648 τοῦ
1739 620 1852 657 οὐρανοῦ

1065 671 1096 697 τὸ
1119 670 1285 704 Εὑαγγέλιον
1309 669 1446 704 ὀνομάζει.
1471 668 1601 696 δύνασθαι
1623 668 1661 703 τῷ
1677 667 1787 703 μεγέθει
1799 666 1853 693 τῶν

1065 717 1193 744 τοιούτων
1219 717 1324 744 κλάδων
1348 715 1525 742 έννοσσεύειν.
1555 714 1644 741 Καλιά
1665 714 1719 749 γάρ
1739 722 1780 745 τις
1798 711 1851 740 οἷόν

1066 763 1125 789 ἐστι
1138 762 1237 797 ψυχῆς,
1252 763 1268 797 ἡ
1282 762 1345 796 περὶ
1358 761 1388 788 τὸ
1405 761 1568 796 ζητούμενον
1583 759 1790 794 συγκατάθεσις,
1803 759 1853 793 τὴν

1065 810 1182 837 ἄστατον
1207 808 1252 835 τοῦ
1279 808 1325 834 νοῦ
1351 807 1635 842 πολυπραγμοσύνην,
1652 805 1777 840 καθάπερ
1792 804 1851 832 τινά

1066 855 1223 890 πολυπλανῆ
1237 855 1347 890 πτῆσιν,
1363 854 1404 888 ἐφ’
1418 854 1518 888 ἑαυτῆς
1533 852 1718 879 ἅναπαύουσα.
1735 850 1796 882 Πῶς
1806 847 1852 876 οὖν

225 896 284 923 bori
303 896 384 924 liceat
401 897 527 932 exiguam
545 903 646 926 nostra:
660 899 838 934 cogitationis
861 900 1012 934 plantulam

1065 901 1121 928 ἔστι
1140 900 1178 936 τῷ
1194 900 1307 935 τοιούτῳ
1331 899 1378 927 καὶ
1391 899 1544 935 τηλικούτῳ
1557 898 1657 933 δένδρῳ
1678 897 1731 924 τῶν
1752 896 1849 930 λόγων,

224 942 402 976 comparare?
416 941 457 969 An
471 950 536 970 vero
553 951 641 978 neque
657 947 685 970 tu
701 944 831 979 imperas,
852 952 940 980 neque
962 952 1014 973 nos

225 993 346 1022 unquam
361 995 537 1021 conaremur,
554 991 639 1024 patris
655 991 835 1026 magistrique
851 991 940 1018 nostri
957 995 1015 1018 stu-

224 1034 270 1061 dio
289 1034 409 1062 laborem
428 1039 553 1062 nostrum
573 1037 733 1071 opponere?
760 1036 855 1072 Itaque
877 1037 1013 1072 agricolas

225 1080 316 1114 potius
330 1080 509 1113 imitabimur,
524 1082 571 1116 qui
588 1082 706 1109 mirabili
725 1083 843 1116 quadam
862 1083 969 1110 ratione
977 1091 1011 1110 es

225 1134 278 1153 una
293 1126 443 1162 eademque
456 1129 550 1163 planta
566 1129 658 1157 varios
672 1129 780 1156 fructus
795 1130 968 1165 percipiunt;
987 1130 1013 1158 id

224 1177 315 1200 autem
331 1178 518 1208 assequuntur
536 1174 674 1202 inserendi
690 1175 817 1205 artiﬁcio.
842 1177 914 1210 quod
940 1176 1014 1210 ejus-

224 1219 297 1246 modi
329 1223 394 1246 est:
425 1220 555 1254 pusillum
581 1221 690 1254 aliquod
719 1229 751 1248 ex
775 1222 873 1248 arbore
885 1223 1012 1256 quapiam

224 1270 345 1296 germen,
362 1271 415 1291 una
430 1272 492 1292 cum
506 1265 609 1292 cortice
629 1266 688 1292 basi
717 1266 790 1293 illius
817 1266 941 1300 subjecto
965 1267 1014 1293 de-

224 1312 359 1343 cerptum,
381 1309 408 1335 in
420 1309 536 1337 alterius
551 1310 659 1337 arboris
675 1310 790 1344 majoris
815 1311 906 1345 aliqua
935 1315 1013 1346 parte

224 1354 265 1381 sic
282 1355 381 1385 incisa,
398 1358 427 1381 ut
440 1355 464 1382 ei
488 1359 584 1382 cortex
599 1355 725 1390 quadret,
744 1356 897 1388 includunt,
919 1361 948 1383 ut
964 1365 1013 1384 na-

225 1400 305 1426 turali
321 1399 434 1434 majoris
450 1401 558 1428 arboris
579 1401 693 1429 humore
705 1409 815 1436 germen
833 1402 897 1430 illud
909 1403 1013 1430 enutri-

225 1450 281 1471 tnm
295 1445 433 1472 coalescat
449 1453 597 1481 ramusque
615 1446 670 1473 ﬁat.
686 1447 771 1475 Meam
787 1447 879 1475 itidem
895 1456 944 1483 ego
964 1456 1013 1476 co-

224 1490 393 1524 gitationem.
409 1491 487 1526 quasi
501 1499 610 1526 germen
636 1497 683 1518 aut
707 1493 849 1520 surculum
870 1494 1010 1529 exiguum.

225 1543 329 1571 Inagnm
347 1537 449 1569 arbori,
467 1545 565 1572 nempe
578 1540 754 1573 pneceptoris
767 1539 854 1566 nostri
871 1539 1011 1574 sapientia:

225 1582 353 1616 inseram,
368 1583 567 1618 occasioneque
581 1584 646 1610 mihi
665 1584 727 1611 inde
753 1584 934 1619 suppeditata,
952 1589 1013 1612 tan-

225 1636 306 1662 quam
320 1629 433 1657 humore
449 1630 567 1665 quodam
583 1629 724 1665 irrigatus,
740 1637 789 1664 pro
799 1631 904 1657 viribus
918 1639 1011 1659 ramus

224 1674 284 1708 ejus
310 1674 424 1702 eiticiar.
448 1675 573 1702 Arbitror
589 1675 661 1710 enim
689 1675 823 1710 quosdam
847 1675 919 1703 haud
939 1682 1012 1704 recte

225 1719 380 1754 percepisse
399 1720 464 1755 quid
483 1720 527 1748 ille
544 1720 596 1748 sibi
620 1721 647 1748 in
672 1720 705 1748 iis
718 1729 779 1756 qua:
796 1722 823 1748 in
841 1729 888 1748 sex
905 1722 1010 1749 dierum

224 1764 362 1800 opiﬁcium
382 1766 556 1800 conscripsit,
573 1767 761 1801 proposuerit:
774 1767 889 1802 ideoque
906 1767 1012 1794 calum-

226 1810 305 1843 niari,
325 1810 398 1846 quod
418 1811 539 1839 dilucide
559 1820 612 1839 non
628 1813 773 1847 explicarit
786 1820 817 1839 ea
835 1820 896 1847 qua:
915 1811 947 1839 ad
968 1820 1013 1840 so-

225 1856 276 1883 lem
290 1857 441 1892 pertinent,
467 1858 607 1893 quomodo
631 1862 693 1893 post
711 1862 767 1886 tres
787 1858 856 1891 dies,
879 1866 933 1885 non
949 1865 1011 1885 cum

225 1903 339 1938 reliquis
351 1903 438 1931 stellis
454 1903 583 1931 conditus
600 1903 700 1937 fuerit;
716 1904 795 1939 quasi
811 1903 868 1931 ﬁeri
884 1907 1010 1939 nequeat,

226 1952 255 1974 ut
269 1955 349 1975 mane
367 1952 394 1976 et
412 1956 524 1983 vespera
538 1949 666 1976 diurnum
684 1950 803 1984 spatium
813 1949 1010 1980 constituatur,

225 1994 278 2021 nisi
293 1994 406 2021 omnino
431 1995 471 2021 sol
492 1997 519 2021 et
537 1994 666 2022 occidens
684 2001 837 2029 veSperam,
867 1998 894 2022 et
920 1995 1012 2022 oriens

226 2046 305 2066 mane
323 2037 462 2066 conﬁciat.

260 2126 379 2154 Duorum
396 2133 505 2161 quoque
519 2125 650 2154 calorum
664 2126 881 2161 procreationem
898 2134 952 2154 non
966 2134 1013 2153 ea-

225 2173 340 2205 pientes,
357 2181 419 2200 cum
431 2173 464 2200 de
481 2172 561 2200 tertio
575 2173 646 2201 cmlo
660 2173 824 2200 mentionem
841 2172 924 2200 faciat
940 2173 1013 2208 Apo-

225 2216 312 2243 stolus
323 2217 345 2247 ',
360 2216 557 2244 dubitationem
573 2215 600 2243 in
614 2216 664 2243 hac
679 2220 756 2251 parte
771 2224 880 2245 manere
895 2223 1011 2245 conten-

225 2262 301 2288 dunt.
319 2261 442 2294 Etenim,
463 2270 525 2289 cum
543 2263 569 2289 in
594 2262 729 2297 principio
755 2261 856 2290 factum
873 2264 910 2291 sit
926 2272 1010 2291 unum

225 2308 323 2335 malum
335 2308 355 2339 ³,
373 2313 465 2342 postea
485 2316 549 2335 vero
566 2307 767 2335 ﬁrmamentum
779 2309 806 2341 ⁸;
825 2316 875 2336 nec
900 2309 938 2336 illi
961 2318 1012 2337 nu-

226 2361 300 2381 mero
315 2354 446 2381 cmlorum
467 2354 540 2381 aliud
561 2354 711 2389 ascriptum
730 2355 766 2382 sit
782 2356 892 2383 tertium
912 2356 1012 2384 calum

226 2405 324 2435 praater
342 2401 391 2428 hos
405 2401 491 2434 duos,
512 2405 610 2436 negant
631 2410 713 2437 posse
729 2402 931 2435 demonstrari,
949 2409 1012 2430 cum

226 2454 314 2480 neque
328 2450 389 2480 post
406 2447 606 2474 tirmamentunt
623 2447 697 2474 aliud
710 2447 834 2475 eﬁectum
849 2448 886 2475 sit
900 2448 1012 2480 emtum,

226 2500 276 2519 nec
290 2492 417 2527 principii
431 2493 502 2520 ratio
517 2493 651 2527 patiatur,
668 2497 696 2521 ut
711 2493 859 2529 quidquam
875 2494 1014 2528 antiquius

226 2537 388 2571 cogitemus.
404 2536 472 2564 Nam
489 2537 512 2565 si
528 2537 555 2564 in
575 2537 710 2573 principio
726 2539 827 2566 factum
845 2542 888 2566 est
901 2539 1012 2572 coelum,

227 2583 289 2610 inde
304 2583 434 2610 nimirum
454 2591 499 2611 res
516 2590 666 2619 procreatae
683 2590 859 2620 sumpserunt
877 2585 1010 2612 initium:

227 2629 348 2663 alioquin
365 2633 440 2657 recte
455 2629 620 2665 principium
641 2638 695 2658 non
712 2631 807 2659 fuisset
825 2632 1011 2667 appellatum,

228 2674 249 2700 si
263 2674 425 2709 principium
438 2674 524 2709 ipsius
539 2676 654 2703 alterum
666 2676 835 2705 exstitisset:
852 2677 924 2712 quod
939 2678 1011 2705 enim

227 2718 323 2746 ordine
338 2718 488 2746 secundum
500 2724 558 2751 est.
574 2720 738 2756 principium
755 2729 806 2748 nec
825 2725 884 2754 est,
902 2729 951 2749 nec
968 2722 1011 2749 di-

227 2764 309 2791 citur.
323 2763 448 2792 Altamen
463 2763 564 2792 Paulus
574 2766 684 2793 tertium
695 2767 795 2794 caelum
806 2772 1012 2801 commemorat,

1063 946 1256 982 ἀντῳυτεῦσαι
1271 946 1319 982 τὴν
1335 946 1468 982 βραχεῖαν
1488 945 1539 980 τῆς
1561 944 1680 976 διανοίας
1694 943 1771 978 ἡμῶν
1785 943 1850 970 ὐπο-

1064 993 1168 1026 σπάδα;
1194 993 1230 1019 Ἢ
1245 993 1325 1019 τοῦτο
1341 993 1389 1028 μὲν
1411 992 1472 1018 οὔτε
1487 992 1518 1018 σὺ
1532 991 1662 1022 κελεύεις,
1682 989 1738 1017 οὒτ’
1751 989 1783 1016 ἂν
1797 988 1851 1023 ἐγὼ

1062 1039 1194 1074 δεξαίμην
1209 1039 1284 1070 ποτὲ,
1301 1038 1332 1065 τὸ
1351 1039 1380 1071 ἐξ
1402 1037 1523 1064 ἐναντίου
1537 1038 1570 1072 τῇ
1585 1036 1632 1063 τοῦ
1657 1035 1760 1071 πατρὸς
1773 1034 1851 1069 ἡμῶν

1063 1085 1115 1112 καὶ
1128 1084 1289 1112 διδασκάλου
1311 1083 1455 1118 φιλοπονίᾳ
1472 1082 1516 1109 τὸν
1531 1081 1666 1117 ἡμέτερον
1681 1079 1851 1115 ἀντιτεθῆναι

1063 1131 1160 1162 πόνονς
1191 1130 1261 1157 Ἀλλ’
1285 1130 1380 1165 ὥσπερ
1405 1130 1431 1155 οἱ
1451 1128 1570 1164 γεωργοὶ
1593 1125 1850 1162 θαυματοποιοῦσιν.

1063 1175 1177 1212 καρπῶν
1190 1175 1321 1210 διαφορὰν
1338 1176 1367 1201 ἐν
1381 1175 1420 1200 ἑνὶ
1434 1174 1509 1208 φυτῷ
1527 1172 1711 1207 σοφιζόμενον
1723 1172 1737 1197 ό
1751 1171 1778 1197 δὲ
1790 1170 1852 1206 τρό-

1063 1231 1112 1254 πος
1125 1221 1174 1254 τῆς
1188 1220 1356 1256 φυτοκομίας
1368 1217 1444 1251 οὗτός
1461 1220 1551 1245 ἐστιν⁸
1561 1217 1651 1254 Βραχύ
1667 1226 1693 1243 τι
1709 1216 1807 1250 φύλλον
1823 1215 1852 1248 ἐξ

1063 1267 1156 1302 ἑτέρου
1165 1266 1273 1302 δένδρου
1289 1266 1358 1301 μετὰ
1368 1265 1414 1292 τοῦ
1427 1263 1608 1299 ὑποκειμένου
1621 1264 1654 1298 τῇ
1671 1262 1748 1298 βάσει
1760 1259 1851 1296 φλοιοῦ

1062 1313 1260 1348 ἀποσύραντες,
1277 1311 1350 1347 ἄλλῳ
1368 1311 1443 1347 φυτῷ
1460 1311 1573 1346 μείζονι,
1591 1310 1661 1336 κατὰ
1675 1318 1702 1336 τι
1717 1308 1799 1344 μέρος
1812 1306 1851 1339 ἓν,

1062 1359 1148 1394 τομῆς
1168 1358 1214 1385 τὸν
1232 1358 1322 1392 φλοιὸν
1344 1357 1550 1394 ὲναρμὸζουσιν,
1571 1355 1615 1382 ἵνα
1633 1356 1666 1390 τῇ
1688 1355 1788 1389 φυσικῇ
1804 1352 1852 1379 τοῦ

1064 1404 1187 1440 μείζονος
1208 1403 1301 1438 ἰκμάδι
1335 1403 1365 1429 τὸ
1382 1402 1489 1429 ὲντεθὲν
1505 1403 1593 1428 ἐκεῖνο
1611 1401 1795 1435 πιαινόμενον,
1813 1398 1853 1429 είς

1062 1451 1157 1478 κλάδον
1173 1449 1338 1484 ἀναφύηται.
1361 1447 1440 1474 Οὕτω
1464 1448 1511 1474 καὶ⁵
1536 1446 1617 1478 αὐτὸς
1638 1445 1688 1481 τὴν
1711 1444 1780 1480 ἐμὴν
1795 1444 1852 1470 διά-

1062 1492 1212 1528 νοιαν,οἶόν
1224 1503 1285 1522 τινα
1299 1493 1401 1529 βραχὺν
1415 1493 1513 1528 μόσχον
1523 1493 1556 1528 τῇ
1571 1491 1664 1527 ίκμάδι
1675 1491 1721 1518 τοῦ
1735 1490 1851 1526 μεγάλου

1061 1542 1170 1577 δένδρου
1183 1542 1215 1575 τῇ
1231 1540 1278 1566 τοῦ
1292 1538 1454 1566 διδασκάλου
1468 1537 1546 1572 ἡμῶν
1561 1537 1641 1572 σοφίᾳ
1656 1535 1772 1571 ὲνείρας,
1787 1533 1853 1560 κλά-

1063 1587 1108 1618 δος
1130 1585 1234 1612 ἐκείνου
1257 1583 1384 1618 γενέσθαι
1410 1581 1593 1618 πειράσομαι,
1619 1580 1792 1616 ἐμφυόμενος
1814 1577 1853 1610 ὡς

1064 1633 1121 1659 ἔστι
1137 1640 1180 1666 μοι
1201 1630 1312 1657 δυνατὺν
1337 1630 1392 1660 τοῖς
1409 1628 1536 1663 νοήμασι,
1557 1626 1604 1653 καὶ
1624 1627 1657 1661 τῇ
1672 1624 1789 1660 χορηγία
1802 1623 1853 1658 τῆς

1064 1676 1168 1704 ἐκεῖθεν
1197 1673 1369 1710 ἐνδιδομένης
1404 1673 1470 1707 ἡμῖν
1504 1670 1632 1706 ἀφορμῆς
1659 1668 1852 1704 ἑπαρδόμενος.

1064 1720 1146 1758 οἶμαι
1159 1721 1213 1756 γὰρ
1229 1719 1284 1754 ἐγὼ
1301 1719 1337 1754 μὴ
1360 1718 1451 1749 καλῶς
1470 1725 1547 1748 τινας
1565 1717 1610 1743 τδν
1626 1716 1725 1742 σκοπὸν
1741 1715 1796 1741 τῶν
1813 1715 1853 1758 είς

1063 1755 1111 1803 τὴν
1129 1755 1297 1802 Ἐξαῆμερον
1313 1764 1387 1800 αὐτῷ
1402 1763 1597 1798 πεπονημένων
1610 1761 1804 1796 ἐπεγνωκέναι,
1821 1755 1852 1786 οὗ

1064 1815 1143 1850 χάριν
1158 1812 1298 1840 αἰτιῶνται
1315 1811 1345 1838 τὸ
1362 1811 1430 1846 μήτε
1449 1807 1571 1846 περὶτοῦ
1589 1807 1665 1843 ἡλίου
1680 1807 1753 1841 σαφῆ
1764 1814 1853 1841 παρα-

1062 1859 1184 1887 δεδόσθαι
1200 1858 1247 1894 τὴν
1259 1857 1360 1892 γνῶσιν
1377 1857 1479 1887 αὐτοῖς.
1497 1854 1557 1886 πῶς
1573 1853 1641 1890 μετὰ
1655 1854 1730 1888 τρεῖς
1744 1851 1853 1888 ἡμέρας

1063 1907 1077 1932 ό
1090 1904 1218 1940 φωστὴρ,
1241 1903 1297 1930 οὔτ’
1315 1903 1346 1930 ἂν
1363 1902 1433 1938 μετὰ
1453 1901 1507 1928 τῶν
1527 1900 1614 1928 ἀλλων
1629 1898 1752 1934 ἀστέρων
1766 1906 1852 1924 κατα-

1065 1947 1226 1979 σκευάζεται
1237 1969 1244 1978 ,
1266 1947 1303 1978 ὡς
1324 1945 1455 1973 ἀδύνατον
1471 1945 1500 1971 δν
1515 1945 1605 1980 ὖρθρῳ
1620 1944 1668 1970 καὶ
1685 1942 1788 1979 ἑσπέρᾳ
1800 1942 1853 1970 διο-

1066 1994 1189 2028 ρισῦἦναι
1204 1993 1234 2019 τὸ
1249 1992 1400 2028 ἡμερήσιον
1418 1991 1526 2026 μέτρον,
1543 1990 1567 2015 εί
1582 1989 1619 2025 μὴ
1634 1988 1742 2020 πάντως
1754 1989 1767 2014 ό
1777 1987 1853 2023 ἥλιος

1064 2038 1183 2072 ἑσπέραν
1205 2038 1255 2072 μὲν
1277 2037 1416 2072 δυόμενος,
1436 2036 1534 2072 ὄρθρον
1556 2035 1586 2061 δὲ
1607 2035 1759 2062 ἀνατέλλων
1775 2034 1853 2070 ποιή-

1065 2092 1147 2110 οειεν.

1104 2127 1242 2158 Ὡσαύτως
1260 2127 1289 2153 δὲ
1307 2111 1354 2153 ιζάι
1370 2125 1420 2161 τὴν
1438 2126 1494 2153 τῶν
1511 2125 1558 2152 δύο
1578 2125 1701 2161 οὐρανῶν
1716 2125 1854 2160 δημιουρ-

1063 2174 1127 2208 γίαν
1142 2173 1173 2200 οὺ
1196 2173 1394 2208 παραδέχονται
1417 2172 1551 2206 λέγοντες,
1579 2172 1604 2198 εἰ
1629 2171 1676 2198 καὶ
1696 2170 1787 2206 τρίτου
1804 2169 1853 2205 μέ-

1027 2237 1049 2264 D
1066 2228 1165 2255 μνηται
1187 2218 1303 2255 ούρανοῦ
1327 2219 1341 2244 ὁ
1361 2217 1522 2248 Ἀπόστολος
1535 2238 1541 2248 ,
1563 2216 1639 2243 οὐδὲν
1661 2213 1742 2252 ἦττον
1763 2215 1853 2250 μένειν

1063 2265 1092 2291 ὲν
1106 2264 1145 2300 τῷ
1162 2264 1240 2300 μέρει
1252 2263 1339 2298 τούτῳ
1352 2263 1382 2290 τὸ
1395 2263 1497 2298 ἄπορον
1510 2270 1517 2278 ’
1533 2261 1600 2288 διότι
1613 2262 1641 2288 ὲν
1655 2262 1726 2296 ἀρχῇ
1741 2260 1853 2294 γεγονό-

1061 2320 1106 2342 τος
1121 2311 1182 2342 ένδς
1197 2309 1325 2346 οὐρανοῦ,
1351 2309 1420 2345 μετά
1434 2309 1521 2335 ταῦτα
1543 2308 1576 2335 δὲ
1587 2307 1635 2334 τοῦ
1656 2307 1852 2343 στερεώματος,

1062 2357 1141 2385 ἄλλου
1157 2356 1187 2383 δὲ
1200 2355 1327 2391 οὐρανοῦ,
1348 2355 1421 2382 τοῦτ’
1445 2355 1504 2381 ἔστι
1516 2354 1646 2389 δευτέρας
1661 2353 1853 2388 δημιουργίας,

1063 2402 1101 2437 μὴ
1119 2401 1345 2438 προσγραφείσης
1357 2400 1395 2436 τῷ
1411 2401 1527 2435 Μωῦσῇ,
1543 2398 1737 2426 ἀναπόδεικτόν
1752 2399 1810 2424 ἐστι
1824 2398 1854 2424 τὸ

1062 2447 1109 2474 καὶ
1131 2447 1221 2482 τρίτον
1242 2446 1356 2482 οὐρανὸν
1382 2446 1428 2472 ἐπὶ
1448 2446 1505 2476 τοῖς
1527 2444 1574 2471 δύο
1595 2443 1699 2474 τούτοις
1720 2443 1798 2473 νοεῖν,
1815 2442 1855 2476 τῷ

1064 2493 1134 2528 μήτε
1150 2491 1263 2528 μετά-τὺ
1282 2492 1425 2526 στερέωμα
1440 2489 1604 2525 γεγενῆσθαι
1620 2489 1709 2521 ἀλλον,
1724 2489 1792 2524 μήτε
1809 2488 1855 2514 τὸν

1061 2539 1112 2573 τῆς
1126 2538 1212 2574 ἀρῆς
1229 2537 1309 2572 λόγον
1329 2538 1480 2572 συγχωρεῖν
1507 2536 1678 2570 προεπινοείν
1694 2542 1720 2560 τι
1735 2533 1855 2568 πρεσϐύ-

1061 2593 1150 2620 τερον.
1180 2583 1210 2610 Ei
1226 2583 1279 2619 γὰρ
1299 2584 1327 2611 ὲν
1342 2583 1413 2618 ἀρχῇ
1429 2582 1540 2616 γέγονεν
1557 2580 1670 2617 οὐρανὸς
1681 2600 1689 2612 ,
1713 2579 1792 2614 δῆλον
1815 2579 1855 2605 δτι

1062 2630 1116 2657 ἀπὸ
1130 2629 1190 2656 τότε
1204 2630 1221 2664 ὴ
1236 2629 1324 2660 κτίσις
1336 2629 1438 2665 ἤρξατο
1450 2636 1458 2644 ·
1483 2628 1514 2655 ού
1531 2628 1588 2663 γὰρ
1599 2627 1632 2654 ἀν
1648 2626 1720 2662 ἀρχὴ
1733 2633 1853 2652 κατωνο-

1068 2675 1157 2712 μάσοη
1172 2675 1225 2701 ὑπὸ
1238 2674 1283 2701 τοῦ
1300 2674 1390 2708 λόγου,
1415 2675 1439 2700 εί
1455 2674 1537 2709 ἀλλην
1555 2671 1627 2708 εἶχεν
1646 2670 1733 2707 ἀρχὴν
1755 2671 1854 2704 ἑαυτῆς

1065 2721 1266 2757 ὑπερκειμένην
1278 2729 1285 2736 ο
1314 2720 1345 2746 τὸ
1363 2721 1418 2755 γὰρ
1437 2719 1595 2755 δευτερεῦον
1619 2718 1690 2746 κατὰ
1713 2717 1760 2752 τὴν
1779 2716 1855 2748 τάξιν

1066 2767 1123 2795 οὔτ’
1140 2767 1213 2794 ἐστιν
1225 2766 1307 2801 ἀρχὴ,
1324 2766 1385 2792 οὗτε
1398 2767 1517 2801 λέγεται.
1538 2765 1618 2793 Ἀλλά
1636 2765 1689 2800 μὴν
1705 2763 1756 2791 καὶ
1763 2763 1855 2799 τρίτου

264 2855 274 2872 ¹
289 2854 382 2883 Matth.
404 2864 462 2890 χιιι,
483 2856 527 2890 51,
548 2857 592 2885 52-.
632 2857 641 2873 '
658 2855 678 2884 ll
691 2857 754 2887 Cor.
772 2866 820 2891 xu,
839 2857 864 2885 2.
905 2858 915 2874 ³
930 2858 998 2885 Cen.

1064 2857 1084 2884 L.
1125 2858 1134 2873 ι
1153 2856 1218 2886 ibid.
1238 2855 1264 2892 6,
1287 2857 1311 2884 7.
