1976 3077
155 67 191 95 65
471 95 474 98 .
758 68 789 95 IN
805 67 942 95 unum

993 68 1046 95 lUlV
1068 68 1178 95 LIBER.
1732 69 1768 101 (ἶΒ

155 121 270 158 «ipsum?
291 121 399 157 μνήμην
423 121 566 158 πεποίηται
590 123 604 149 ὁ
631 121 746 155 Παῦλος,
771 124 800 150 ὃν
823 125 840 160 ή
862 125 942 160 δημι-

993 124 1064 160 quod
1086 124 1180 151 mundi
1196 124 1299 152 fabrica
1315 131 1370 152 non
1388 124 1486 157 habet,
1503 125 1730 160 quemadmodum
1745 133 1774 154 (ιι

155 167 254 203 ουργία
275 167 326 193 οὐκ
340 166 407 201 ἔχει.
427 167 498 202 ’Ἄρα
513 168 560 194 καὶ
574 168 689 194 ἐνταῦθα
714 169 730 204 ή
751 168 798 195 τοῦ
813 169 939 204 δευτέρον

150 212 250 247 ,μνήμη
269 211 322 237 τῶν
344 207 517 246 ζητουμένων
538 211 619 238 ἐστίν.
634 212 665 238 Ol
686 212 772 238 ταῦτα
789 212 879 239 τοίνυν
893 213 940 239 καὶ

156 256 190 283 τὰ
204 256 315 283 τοιαῦτα
329 257 519 292 προφέροντες.
530 256 560 283 οὔ
577 266 622 292 μοι
636 258 758 285 δοκοῦσιν
774 259 940 294 ἐπεσκέφθαι

157 300 201 329 τὸν
217 303 318 330 σκοπὸν
340 302 390 337 τῆς
412 303 459 330 τοῦ
482 304 584 338 πατρὸς
606 303 684 339 ἡμῶν
701 304 890 337 διδασκαλίας,
911 305 941 336 ὃς

156 348 233 384 δήμῳ
258 350 377 384 τοσούτῳ
402 349 591 384 διαλεγόμενος
616 350 646 376 ἐν
671 350 803 386 ἐκκλησίᾳ
825 350 940 377 πολυαν-

156 394 255 430 ὀρούσῃ
267 414 274 425 ,
302 394 468 430 κατάλληλον
490 395 642 430 ἐξανάγκης
664 396 779 422 ἐποιεῖτο
797 397 852 427 τοῖς
867 396 941 431 δεχο-

158 440 247 475 μένοις
263 440 310 466 τδν
333 439 421 474 λόγον.
442 440 486 467 Ἐν
506 441 559 476 γὰρ
574 441 711 472 τοσούτοις
729 442 785 472 τοῖς
799 440 937 473 ἀκούουσι,

157 485 248 512 ¹πολλοὶ.
265 485 314 521 μὲν
327 483 396 520 ἦσαν
416 485 463 512 καὶ
488 486 512 512 oi
537 486 591 513 τῶν
614 486 784 521 ὑψηλοτέρων
801 487 940 519 ἐπαῖόντες

149 530 242 564 ’λόγων
254 538 260 544 ·
285 530 499 563 πολλαπλασίους
518 531 546 558 δὲ
567 532 592 558 οί
609 531 658 566 τῆς
672 531 835 567 λεπτοτέρας
849 531 940 563 ἐξετά-

154 582 226 608 ’σεως
237 576 292 602 τῶν
303 577 446 611 νοημάτων
457 577 506 603 οὐκ
519 577 716 612 ἐφικνούμενοι,
729 578 822 613 ἄνδρες
840 578 939 604 ἰδιῶται

157 623 204 649 καὶ
225 623 352 658 βάναυσοι
367 623 426 654 ταῖς
447 623 607 658 ἐπιδιφρίοις
628 624 767 660 ἐργασίαις
790 632 940 659 προσασκο-

157 668 290 703 λοὺμενοι,
306 668 353 694 καὶ
365 669 379 694 ὁ
400 669 429 694 ἐν
442 668 547 702 γυναιξὶ
560 668 623 700 λαὸς
638 669 693 695 τῶν
707 669 834 695 τοιούτων
851 669 939 704 μαθη-

151 714 249 748 ῖμάτων
264 713 445 748 ἀγύμναστος,
460 714 506 740 καὶ⁴
517 714 533 749 ή
546 713 653 740 νεολαία
663 714 716 740 τῶν
730 715 842 747 παίδων,
854 714 900 741 καὶ
915 715 939 741 οι

157 759 382 794 παρηλικέστεροι
397 758 469 786 κατὰ
491 759 536 785 τὸν
558 759 663 795 χρόνον,
684 760 783 793 πάντες
799 756 871 787 οὗτοι
886 761 939 788 τῶν

156 803 283 830 τοιούτων
309 803 412 830 ἐδέοντο
435 803 531 838 λόγων,
555 805 609 830 τῶν
627 805 696 841 μετά
713 814 784 837 τινος
804 806 937 841 εὐλήπτου

154 849 331 884 ψυχαγωγίας
345 849 388 876 διὰ
402 847 451 885 τῆς
467 849 630 885 φαινομένης
642 851 765 884 κτίσεως,
781 852 828 878 καὶ
844 852 897 879 τῶν
910 853 939 879 ἐν

155 893 242 931 ταῦτῃ
263 894 352 922 καλῶν
375 894 443 930 πρὸς
466 895 515 930 τὴν
530 894 577 921 τοῦ
599 896 779 930 πεποιηκότος
798 896 831 923 τὰ
853 897 939 924 πάντα

157 941 256 974 γνῶσιν
271 939 520 975 χειραγωγούντων.
538 941 617 966 Ὥστε
634 942 658 967 εί
674 942 722 976 μὲν
737 942 804 976 πρὸς
818 942 863 968 τὸν
879 951 940 969 σκο‹

158 985 207 1012 πον
219 986 268 1020 τῆς
285 985 331 1012 τοῦ
349 986 465 1020 μεγάλου
478 985 636 1012 διδασκάλου
650 987 736 1022 κρίνει
753 996 795 1019 τις
811 988 844 1015 τὰ
865 988 940 1022 λεγό-

159 1037 238 1066 μενα,
259 1030 344 1057 λείπει
359 1032 414 1062 τοῖς
430 1031 583 1066 εἰρημένοις
606 1032 692 1059 οὐδέν.
714 1033 751 1059 Οὺ
771 1033 825 1068 γὰρ
842 1034 940 1067 ἀγωνι-

159 1076 321 1110 στικώτερον
340 1077 500 1111 ἐνεστήσατο
524 1077 601 1111 λόγον
618 1077 685 1113 πρὸς
704 1079 763 1110 ταῖς
785 1079 840 1105 τῶν
859 1079 941 1114 ζητη-

160 1122 252 1156 μάτων
281 1121 418 1153 ἐνστάσεις
440 1121 564 1157 ἐκθύμως
580 1123 799 1158 διαπλεκόμενος,
813 1124 880 1150 ἀλλὰ
892 1126 940 1160 τῆς

157 1167 342 1203 ἁπλουστέρας
356 1167 409 1194 τῶν
429 1169 558 1204 ῥημάτων
572 1169 726 1205 ἐξηγήσεως
739 1171 799 1202 ὅλος
814 1168 858 1205 ἦν.
871 1171 941 1198 ὥστε

158 1213 309 1249 πρόσφορον
326 1214 358 1248 τῇ
376 1212 504 1248 ἁπλότητι
526 1213 580 1240 τῶν
602 1214 753 1241 ἀκουόντων
769 1214 941 1249 παραθέσθαι

157 1259 206 1297 τὶν·
214 1259 301 1293 λόγον,
315 1258 385 1294 μετὰ
398 1259 444 1286 τοῦ
456 1259 502 1286 καὶ
513 1261 570 1291 τοῖς
580 1259 634 1286 τῶν
650 1260 779 1294 μειζόνων
795 1261 941 1296 ἀκροαταῖς

158 1305 360 1331 συναναϐαίνειν
378 1313 435 1335 πως
456 1304 539 1330 αὐτοῦ
555 1304 604 1340 τὴν
625 1304 764 1341 ἐξήγησιν,
778 1306 812 1332 τὰ
832 1306 941 1335 ποικίλα

158 1349 307 1383 μαθήματα
339 1348 388 1383 τῆς
417 1348 469 1381 ἔξω
501 1349 659 1383 φιλοσοφίας
682 1349 940 1385 παραδεικνύουσαν.

158 1394 237 1420 Ὥστε
253 1393 330 1429 παρὰ
348 1394 396 1428 μὲν
412 1394 465 1420 τῶν
480 1394 584 1421 πολλῶν
598 1395 724 1428 νοεῖσθαι,
747 1396 823 1430 παρὰ
838 1395 866 1422 δὲ
888 1395 941 1422 τῶν

156 1440 341 1474 ὑπερεχόντων
359 1439 555 1475 θαυμάζεσθαι.
583 1440 614 1466 Εἰ
629 1440 656 1466 δὲ
675 1441 706 1467 σὺ
718 1460 726 1473 ,
747 1440 871 1476 καθάπερ
894 1441 941 1467 ἐπὶ

991 169 1034 197 hic
1049 170 1162 197 secundi
1179 170 1280 198 mentio
1293 171 1435 206 quaaritur.
1449 169 1500 204 Qui
1515 171 1573 199 hac
1587 175 1615 199 et
1631 171 1683 199 alia
1698 172 1767 206 ejus-

991 215 1063 243 modi
1082 216 1246 251 loquuntur,
1261 216 1289 244 hi
1304 217 1370 244 mihi
1380 213 1440 244 'non
1457 217 1584 245 videnlur
1601 218 1771 253 propositum

990 261 1076 295 patris
1097 261 1183 288 nostri
1206 260 1338 288 doctrina:
1360 261 1440 289 linem
1460 262 1576 296 intueri,
1595 263 1642 297 qui
1665 263 1692 290 in
1714 271 1770 291 am-

990 306 1113 342 plissima
1136 307 1253 335 ecclesia
1281 307 1412 343 populum
1432 307 1683 343 frequentissimum
1705 310 1763 338 allo

990 359 1087 386 quens,
1105 360 1156 388 pro
1168 353 1338 380 audientium
1351 353 1530 388 intelligentia
1545 362 1698 383 sermonem
1715 364 1765 383 mo

990 400 1146 427 derabatur.
1163 398 1194 427 In
1208 403 1283 426 tanta
1301 400 1376 427 enim
1391 399 1565 427 multitudine
1576 418 1585 431 ,
1602 400 1666 427 licet
1680 407 1770 429 essent

989 445 1115 473 nonnulli
1137 445 1184 480 qui
1209 446 1321 472 altiores
1343 445 1424 473 etiam
1449 444 1650 480 disputationes
1670 446 1770 474 intelli-

989 495 1097 525 gerent,
1119 490 1230 525 plurimi
1253 493 1345 517 tamen
1364 490 1496 517 doctrinae
1515 490 1693 518 subtilitatem
1717 499 1770 519 non

990 535 1142 570 capiebant,
1160 539 1252 569 utpote
1265 535 1391 562 homines
1404 535 1532 570 imperiti,
1550 539 1632 569 atque
1649 535 1770 571 opiﬁces.

989 583 1016 606 et
1036 580 1154 614 negotiis
1172 580 1271 606 vilibus
1294 578 1438 614 occupati,
1455 582 1483 606 et
1502 579 1631 613 mulieres
1652 579 1680 606 in
1698 579 1770 613 ejus-

989 624 1064 652 modi
1087 625 1239 660 disciplinis
1255 624 1367 651 minime
1383 625 1556 658 exercitatae;
1574 629 1601 652 et
1625 632 1771 660 puerorum

989 671 1080 703 turba,
1094 674 1226 706 tetateqne
1237 670 1359 704 provecti
1374 677 1464 702 senes,
1478 669 1525 705 qui
1536 677 1633 698 omnes
1648 671 1771 698 oratione

990 715 1061 743 facili
1085 715 1245 743 instituendi
1267 715 1464 750 recreandique
1488 719 1581 748 erant,
1605 719 1633 742 et
1659 723 1707 750 per
1728 723 1771 743 res

991 767 1145 796 procreatas
1162 768 1222 795 quae
1242 765 1402 792 cernuntur,
1417 767 1567 795 earumque
1585 760 1770 794 pulchritudi—

989 815 1061 839 nem,
1079 806 1112 833 ad
1125 814 1214 833 rerum
1228 805 1348 833 omnium
1361 809 1499 832 auctorem
1513 810 1772 841 procrezuoremque

989 851 1164 886 perducendi.
1184 851 1274 883 Quare
1293 850 1317 878 si
1333 850 1396 886 quis
1412 857 1445 877 ex
1463 850 1639 885 praeceptoris
1654 851 1771 878 consilio

989 897 1060 924 dicta
1078 897 1164 932 ipsius
1178 896 1348 931 cxpenderit,
1359 896 1428 924 nihil
1439 896 1619 924 dubitationis
1635 897 1771 931 relinque-

989 949 1043 971 tur.
1065 943 1163 977 Ncque‘
1180 943 1252 970 enim
1270 942 1415 970 verborum
1438 943 1628 970 contentiones
1652 949 1771 976 aucupa-

989 989 1080 1020 batur,
1095 996 1145 1016 nec
1160 987 1240 1016 facile
1251 996 1312 1016 sese
1326 987 1522 1023 quaestionibus
1537 987 1705 1022 implicabat,
1724 989 1771 1015 sed

989 1033 1105 1069 simplici
1125 1033 1269 1061 verborum
1287 1033 1457 1068 expositione
1477 1033 1645 1061 audientium
1668 1034 1772 1069 simpli-

989 1079 1064 1106 citati
1080 1078 1120 1106 sic
1146 1078 1298 1106 orationem
1320 1086 1398 1106 suam
1420 1080 1660 1113 accommodabat,
1676 1084 1706 1107 ut
1722 1088 1769 1107 va-

989 1122 1057 1148 riam
1081 1127 1171 1149 tamen
1190 1126 1312 1149 externa:
1329 1123 1508 1157 philosophia
1525 1123 1680 1151 doctrinam
1695 1124 1773 1152 redo-

991 1166 1065 1198 lens,
1085 1166 1261 1200 peritiOribus
1278 1166 1358 1193 etiam
1380 1167 1562 1195 satisfaceret.
1589 1168 1770 1201 Quamobrem

988 1217 1049 1238 eam
1063 1214 1090 1236 et
1101 1210 1218 1245 imperiti
1232 1210 1429 1245 intelligebant,
1442 1215 1469 1238 et
1482 1212 1580 1239 eruditi
1597 1213 1772 1242 admiraban-

990 1259 1045 1282 tur.
1068 1255 1108 1282 Tu
1126 1262 1200 1287 vero,
1217 1255 1251 1287 si,
1266 1259 1295 1282 ut
1312 1256 1339 1282 in
1357 1261 1448 1284 monte
1468 1255 1573 1290 Sinai',
1589 1259 1685 1286 relicto
1699 1259 1772 1286 infra

990 1299 1090 1334 populo
1115 1299 1195 1326 simul
1217 1306 1278 1325 cum
1296 1307 1396 1335 magno
1416 1300 1490 1328 Mose
1513 1303 1614 1336 quaeris
1636 1303 1663 1329 in
1680 1311 1771 1330 rerum

990 1351 1152 1371 arcanarum
1169 1345 1407 1379 contemplationis
1425 1347 1552 1374 nebulam
1574 1347 1688 1375 introire
1701 1368 1709 1382 ,
1725 1349 1771 1376 ubi

991 1388 1046 1420 ille,
1064 1396 1126 1415 cum
1144 1393 1232 1420 esset,
1248 1389 1315 1416 vidit
1331 1397 1362 1417 ea
1380 1398 1439 1424 quae
1461 1392 1551 1420 verbis
1573 1393 1703 1427 explicari
1717 1402 1773 1421 non

991 1439 1122 1468 possunt,
1143 1436 1384 1470 necessariumque
1399 1437 1476 1471 cupis
1498 1445 1588 1465 rerum
1601 1439 1771 1467 conditarum

156 1484 203 1511 τοῦ
218 1484 325 1510 Σιναίου
344 1484 423 1520 ὅρους
436 1483 594 1511 καταλιπὼν
615 1484 690 1510 κάτω
706 1484 750 1510 τὸν
766 1484 849 1511 πολὺν
867 1483 939 1516 λαὸν,

993 1481 1115 1508 ordinem
1133 1488 1310 1516 cognoscere,
1325 1482 1471 1516 quomodo,
1488 1483 1557 1510 ccelo
1569 1487 1694 1519 terraque
1707 1492 1774 1512 con-

156 1530 205 1557 καὶ
226 1530 296 1565 ὺπέρ
318 1530 380 1560 τοὺς
397 1528 492 1561 ἄλλους
515 1529 631 1564 ὑψωθεὶς
652 1529 700 1564 τὴν
723 1529 852 1560 διάνοιαν,
879 1537 940 1556 συν-

156 1576 285 1602 εισελθεῖν
307 1575 467 1610 φιλονεικείς
487 1574 526 1610 τῷ
551 1575 661 1610 μεγάλῳ
684 1575 787 1610 Μωῦσῇ
801 1594 809 1606 ,
834 1574 873 1606 εἰς
894 1574 940 1600 τὸν

156 1621 254 1656 γνόφον
276 1621 326 1656 τῆς
348 1620 402 1647 τῶν
425 1620 587 1655 ἀπορρήτων
612 1619 736 1655 θεωρίας,
758 1620 787 1645 ἐν
802 1616 824 1653 ᾧ
838 1620 941 1650 ἐκεῖνος

994 1524 1088 1557 fectis,
1105 1524 1150 1552 lux
1168 1524 1277 1559 quidem
1301 1529 1330 1552 ut
1346 1531 1438 1559 esset,
1466 1527 1587 1554 divinum
1615 1528 1773 1555 mandatum

992 1572 1174 1605 exspectarit,
1193 1571 1416 1611 tenebrasrautem
1437 1573 1591 1600 exstiterint
1613 1574 1694 1601 etiam
1713 1574 1774 1601 sine

993 1618 1132 1645 mandato.

157 1667 310 1703 γενόμενος.
335 1665 387 1693 εἶδέ
412 1674 442 1693 τε
464 1665 499 1691 τὰ
513 1665 616 1691 ἀθέατα
634 1665 747 1692 καὶτῶν
760 1664 901 1699 ἅλαλήτων
922 1663 974 1698 ἔπη
991 1663 1145 1698 ἠκροάσατο
1159 1682 1166 1694 ,
1189 1663 1235 1690 καὶ
1254 1663 1345 1698 ζητεῖς
1367 1663 1469 1697 γνῶναι
1484 1662 1532 1698 τὴν
1552 1663 1702 1698 ἀναγκαίαν
1724 1663 1774 1698 τῆς

157 1713 272 1743 κτίσεως
282 1710 368 1743 τάξιν,
381 1710 439 1740 πῶς
462 1709 510 1736 τοῦ
524 1709 648 1745 οὐρανοῦ,
670 1709 717 1736 καὶ
739 1710 788 1744 τῆς
807 1709 857 1744 γῆς
879 1707 1045 1742 γεγονότων,
1067 1707 1096 1734 τὸ
1111 1707 1160 1742 μὲν
1174 1707 1231 1741 φῶς
1243 1707 1373 1742 ἀναμένει
1387 1707 1417 1734 τὸ
1432 1707 1501 1734 θεῖον
1521 1707 1694 1743 πρόσταγμα,
1707 1709 1774 1744 πρὸς

157 1757 188 1784 τὸ
199 1755 323 1790 γενέσθαι
336 1755 392 1789 φῶς
402 1763 409 1770 ·
422 1755 453 1780 τὸ
467 1755 495 1780 δὲ
510 1754 603 1785 σκότος
617 1753 662 1780 καὶ
673 1753 737 1780 ἄνευ
754 1753 964 1789 προστάγματος
980 1749 1025 1787 ἦν.

192 1804 246 1830 Καὶ
274 1804 298 1829 εί
324 1803 405 1838 μηδὲν
429 1802 482 1828 ἔδει
508 1800 548 1834 τῷ
572 1801 641 1835 φωτὶ
658 1800 726 1835 πρὸς
745 1799 775 1827 τὶ
801 1800 941 1834 καταλαμ-

158 1849 271 1884 πρύνειν
285 1847 330 1874 τδν
346 1847 522 1880 ὑποκείμενον
544 1846 628 1880 ἀέρα,
647 1845 695 1871 καὶ
717 1845 794 1872 νυκτὶ
817 1845 863 1872 καὶ
880 1844 947 1880 ήμέ-

161 1903 196 1929 pg.
219 1893 344 1928 διορίζειν
373 1891 418 1917 τὸν
447 1890 558 1926 χρόνον,
581 1889 622 1921 τίς
649 1887 684 1924 ἦν
711 1889 791 1925 χρεία
821 1890 871 1922 τῆς
898 1889 945 1916 τοῦ

159 1938 237 1973 ήλίου
267 1935 456 1970 κατασκευῆς;
480 1935 527 1961 καὶ
547 1935 572 1960 εί
594 1934 732 1969 καταρχὰς
755 1934 823 1969 μετὰ
839 1934 886 1960 τοῦ
902 1934 946 1960 οὒ-

163 1982 244 2017 ρανοῦ
258 1982 367 2016 γέγονεν
379 1981 396 2015 ὴ
411 1980 457 2015 γῆ,
469 1979 527 2010 πῶς
539 1979 777 2005 ἀκατασκεὺαστον
790 1979 820 2006 τὸ
835 1987 947 2014 γεγενη-

1028 1798 1179 1831 Praeterca,
1201 1799 1225 1826 si
1246 1799 1279 1826 ad
1295 1799 1447 1834 subjectum
1463 1805 1552 1830 aerem
1572 1799 1774 1830 illustrandum,

994 1848 1022 1872 ct
1040 1848 1148 1879 tempus
1170 1848 1251 1872 nocte
1275 1845 1374 1879 dieque
1398 1844 1635 1879 distinguendum.
1652 1844 1726 1870 nulla
1746 1852 1775 1870 re

995 1888 1041 1916 lux
1056 1889 1180 1924 indiguit,
1194 1889 1259 1923 quid
1274 1889 1298 1915 ei
1314 1889 1397 1916 fuerit
1409 1897 1488 1924 opus,
1500 1893 1531 1916 ut
1542 1889 1775 1924 solrconderetur?

994 1934 1034 1961 Ad
1053 1934 1127 1966 haec,
1146 1935 1167 1962 si
1186 1934 1264 1962 initio
1282 1934 1362 1962 simul
1383 1943 1444 1962 cum
1462 1935 1531 1962 cmlo
1548 1939 1619 1962 terra
1643 1934 1693 1962 fuit
1712 1943 1776 1970 pro—

994 1985 1095 2011 creata,
1112 1987 1165 2014 quo
1177 1983 1255 2014 pacto
1269 1978 1553 2014 fueuitincomposita‘l
1567 1979 1635 2007 Nam
1651 1980 1673 2008 si
1687 1979 1776 2008 facere

163 2027 244 2063 μένον
259 2026 330 2058 toti;
355 2026 393 2052 Τὸ
405 2025 458 2060 γὰρ
477 2025 690 2056 κατασκευάσαι,
710 2025 757 2051 καὶ
771 2025 801 2051 τὸ
822 2026 942 2060 ποιῆσαι,

995 2028 1021 2052 et
1037 2032 1200 2060 componere
1215 2025 1282 2052 nihil
1299 2025 1369 2052 inter
1387 2033 1417 2053 se
1433 2025 1558 2052 videntur
1574 2025 1692 2058 diﬂ‘erre,
1708 2034 1776 2060 quo-

161 2073 235 2099 οὒόὲν
250 2073 323 2098 δοκεῖ
334 2072 470 2105 διαφέρειν
484 2070 555 2097 κατὰ
566 2070 614 2105 τὴν
629 2070 741 2098 ἔννοιαν,
759 2069 790 2097 Εἰ
803 2068 849 2097 οὖν
860 2071 943 2097 ταύτό

161 2119 218 2144 ἐστι
231 2118 260 2143 τὸ
278 2116 387 2151 ποιῆσαι
401 2115 439 2150 τῷ
452 2116 664 2148 κατασκευάσαι,
681 2116 738 2147 πῶς
751 2115 781 2142 τὸ
796 2116 944 2150 πεποιημέ-

160 2171 204 2189 νον
218 2162 291 2188 ὲστ¹ιν
314 2161 565 2194 ἁκατασκεὺαστον;
591 2162 638 2189 καὶ
657 2161 692 2187 τὰ
710 2161 772 2196 περὶ
794 2161 843 2197 τῆς
857 2161 943 2197 ὑγρᾶς

161 2209 253 2240 οὺσίας
266 2207 486 2243 ἐπαπορούμενα,
501 2208 538 2239 ὡς
555 2208 584 2234 οὐ
599 2207 709 2234 δυνατὸν
721 2207 752 2234 δν
766 2207 821 2234 ἄνω
836 2207 884 2242 τῆς
900 2207 944 2233 οὺ-

162 2254 253 2290 ρανίου
271 2254 364 2288 ἁψίδος
378 2254 406 2279 ὲν
423 2252 461 2287 τῷ
478 2253 641 2287 σφαιροειδεῖ
655 2253 773 2288 σχήματι
787 2252 817 2279 τὸ
831 2252 943 2287 ρευστὺν

161 2297 300 2332 ἐφιζῆσαι.
324 2297 385 2327 Πῶς
404 2297 458 2333 γὰρ
481 2297 652 2332 ὲφιδρυνθείη
674 2297 714 2332 τῷ
729 2297 820 2333 κυρτῷ
835 2298 851 2333 ή
866 2296 947 2332 ὑγρό-

161 2351 222 2378 της,
238 2343 308 2370 κατὰ
325 2344 415 2369 πᾶσαν
427 2342 549 2377 ἀνάγκην
561 2342 616 2369 ἀπὺ
630 2342 677 2368 τοῦ
690 2342 732 2369 ἀεὶ
744 2342 946 2378 κορυφουμένου

161 2389 212 2423 τῆς
233 2388 365 2423 σφαίρας.
387 2388 454 2424 πρὸς
474 2387 510 2414 τὰ
530 2387 656 2422 ἐπικλινῆ
673 2386 719 2413 τοῦ
741 2388 878 2422 σχήματος
899 2386 947 2414 τοῦ

163 2432 247 2468 ὑγροῦ
259 2432 475 2468 μεταρῤέοντος;
489 2431 552 2462 Πῶς
570 2431 599 2458 δὲ
618 2431 665 2458 τοῦ
680 2432 858 2467 ὑποκειμένου
869 2432 947 2459 ἀστα-

163 2478 282 2510 τοῦντος,
294 2479 322 2504 ἐν
333 2478 414 2513 ἑαυτῇ
427 2477 482 2510 ’ἐξει
496 2477 525 2504 τὺ
539 2478 677 2512 στάσιμον,
693 2477 735 2503 ἀεὶ
749 2477 797 2512 τῆς
808 2477 874 2508 ἰδίας
884 2478 948 2504 ἀπο-

163 2523 335 2549 λισθαίνουσα
355 2522 473 2557 βάσεως;
495 2522 557 2553 Πῶς
575 2522 604 2548 δὲ
622 2521 653 2548 οὺ
671 2521 882 2557 σκεδασθήσεται
899 2522 948 2556 τῆς

162 2569 294 2604 ὀξυτάτης
317 2568 365 2595 τοῦ
383 2568 464 2594 πόλου
487 2569 635 2603 περιφορᾶς
651 2567 680 2594 τὺ
698 2567 822 2601 ἐφιζάνον
841 2567 948 2598 πάντως

163 2613 466 2650 ἁποκρουούσης;¹Δλλὰ
475 2614 527 2648 μὴν
535 2614 581 2640 καὶ
590 2613 620 2640 τὸ
630 2613 796 2640 δαπανᾶσθαι
804 2612 852 2648 τὴν
862 2612 948 2646 ὑγρὰν

164 2659 243 2694 φύσιν
253 2659 383 2686 ἀπίθανον
395 2660 451 2690 τοῖς
459 2658 627 2692 ἀντιλέγουσι
640 2658 773 2694 φαίνεται.
782 2657 831 2685 Διὰ
838 2657 868 2684 τὸ
879 2657 946 2684 πάν-

200 2737 211 2752 ¹
231 2735 316 2763 Exod.
338 2744 396 2768 xix,
415 2735 449 2764 16
480 2743 540 2770 sqq.

997 2070 1094 2102 modo,
1110 2070 1181 2105 quod
1199 2070 1298 2097 factum
1314 2075 1366 2102 est,
1383 2071 1590 2105 incompositum
1611 2071 1678 2098 fuit?
1695 2070 1774 2102 Tum,

996 2123 1056 2150 quae
1075 2116 1108 2142 ad
1132 2123 1228 2150 aquam
1256 2116 1391 2150 pertinent
1414 2117 1595 2149 quaestiones.
1616 2116 1692 2151 quasi
1718 2116 1774 2143 ﬁeri

996 2168 1051 2187 non
1073 2162 1169 2195 possit,
1185 2165 1214 2188 ut
1230 2169 1312 2196 super
1327 2161 1421 2196 apside
1441 2162 1544 2189 caelesti
1561 2162 1699 2196 [igitraque
1723 2162 1776 2196 glo-

997 2205 1063 2233 bosa
1091 2210 1118 2233 et
1133 2206 1248 2233 rotunda
1273 2207 1423 2233 consistant
1446 2214 1506 2241 quae
1519 2206 1590 2234 ﬂuxa
1613 2211 1688 2234 sunt.
1703 2207 1776 2239 Quo-

997 2251 1078 2279 modo
1089 2251 1161 2278 enim
1175 2255 1271 2278 natura
1289 2248 1402 2278 humida
1415 2252 1442 2279 in
1457 2259 1542 2279 curvo
1553 2251 1704 2283 consideat,
1717 2260 1776 2287 qua:

995 2296 1029 2323 de
1044 2296 1156 2332 sphaerae
1176 2295 1283 2332 fastigio
1301 2297 1328 2324 in
1344 2293 1444 2332 pronas
1465 2297 1557 2332 ﬁgurae
1573 2302 1666 2332 partes
1684 2305 1777 2325 neces-

997 2341 1071 2369 sario
1090 2341 1203 2368 deﬂuit?
1222 2346 1269 2368 aut
1288 2344 1441 2377 quomodo,
1461 2350 1522 2369 cum
1542 2343 1567 2369 id
1587 2350 1641 2377 quo
1657 2343 1777 2370 sustine-

996 2389 1041 2412 tur
1056 2385 1181 2413 instabile
1195 2386 1362 2420 sit,cmnque
1381 2394 1395 2413 a
1410 2395 1458 2414 sua
1474 2387 1530 2414 basi
1548 2394 1654 2421 semper
1668 2387 1778 2413 delaba-

997 2435 1051 2463 tur,
1068 2431 1094 2458 in
1116 2439 1145 2458 se
1171 2431 1229 2466 ipsa
1252 2431 1362 2459 habebit
1377 2432 1551 2459 ﬁrmitatem?
1570 2437 1617 2459 aut
1641 2432 1778 2466 quomodo

996 2484 1050 2503 non
1069 2476 1257 2511 dissipabitur.
1274 2484 1336 2504 cum
1351 2477 1541 2505 incitatissima
1557 2477 1611 2512 poli
1635 2477 1779 2504 conversio

996 2521 1062 2548 nihil
1087 2529 1201 2557 prorsus
1223 2521 1346 2549 insidens
1360 2522 1550 2557 inhaerensque
1565 2522 1618 2549 sibi
1633 2529 1688 2549 non
1711 2521 1779 2555 abji-

997 2568 1068 2600 ciat,
1084 2575 1115 2594 ac
1128 2568 1260 2602 repellat?
1273 2568 1426 2600 Quinetiam
1449 2569 1511 2596 istis
1530 2567 1780 2596 contradicentibus

1001 2621 1056 2641 non
1074 2613 1183 2641 videtur
1202 2622 1263 2641 esse
1281 2613 1444 2646 verisimile,
1459 2619 1490 2641 ut
1508 2621 1569 2649 qua:
1584 2614 1692 2641 humida
1715 2614 1781 2640 sunt

1000 2663 1207 2691 consumantur,
1224 2665 1285 2685 cum
1301 2662 1328 2686 et
1341 2657 1466 2692 fontium,
1480 2662 1506 2687 et
1518 2658 1674 2692 ﬂuminum,
1685 2661 1712 2685 et
1724 2663 1782 2683 ma-
