1976 3077
173 57 204 84 67
793 48 824 76 ε.
844 44 1009 75 caecum:
1031 42 1175 73 uvssem
1477 68 1482 75 ,
1751 68 1754 71 ι
1771 39 1806 68 es

173 118 222 148 ris,
241 119 269 142 et
290 115 400 142 lacuum
419 121 506 149 aquas
532 114 559 140 in
587 112 682 140 eadem
710 117 817 145 semper
833 115 962 137 mensura

1015 115 1074 134 τοτε
1085 107 1114 133 ἐν
1126 107 1177 141 τσῳ
1193 106 1231 141 τῷ
1245 106 1336 141 μέτρῳ
1348 104 1382 132 τὰ
1394 104 1448 131 τῶν
1462 104 1566 132 ὑδάτων
1580 103 1696 139 ὁρᾶσθαι
1711 105 1807 138 συστή-

172 163 325 191 consistere
345 161 470 192 videant,
497 159 618 194 exceptis
643 156 807 194 quibusdam
829 155 961 187 fontibus,

174 210 220 244 qui
244 216 276 236 ex
295 207 423 235 imbrium
439 206 599 240 niviumque
616 204 646 231 vi
659 204 766 239 copiam
784 209 917 238 aquarum
934 202 963 228 in

173 254 318 290 superﬁcie
333 253 414 279 sitam
434 252 594 287 colligentes
606 272 613 285 ,
634 250 802 278 torrentium
814 249 902 276 instar
915 255 965 283 pro

176 302 304 327 facultate
321 306 382 333 quae
403 306 514 326 sursum
537 297 680 333 provenit,
696 297 738 324 vel
759 299 905 330 augentur,
921 294 964 321 vel

174 346 313 373 deﬁciunt.
330 344 399 371 Nam
411 352 444 372 ex
461 344 562 379 quibus
580 343 708 378 perennia
721 341 820 368 ﬂuenta
841 344 963 373 manant,

176 398 225 418 nec
240 390 324 417 ullum
342 389 547 417 decrementum
570 389 610 421 lit,
635 392 682 415 aut
705 388 916 418 incrementum,
936 386 965 413 in

175 437 210 464 iis
223 436 291 464 nihil
302 436 427 464 humoris
443 435 580 467 consumi,
591 434 738 462 manifesto
753 437 872 461 constat.
886 433 965 466 Quod

175 483 247 509 cnim
260 482 446 516 consumitur,
460 481 583 509 eamdem
600 484 732 516 perpetuo
745 487 903 507 mensuram
918 479 967 506 ob-

175 528 263 555 tinere
280 535 334 555 non
349 531 449 562 potest.
460 527 499 554 Ac
511 534 545 554 ne
557 527 627 562 ignis
643 526 763 562 quidem,
775 526 798 553 si
812 525 891 552 modo
905 533 966 552 eam

177 581 239 600 vere
254 577 380 600 naturam
401 573 492 604 habet,
511 576 542 599 ut
558 579 657 607 aquam
677 575 836 603 consumat,
855 579 967 599 mensu-

177 626 233 646 ram
247 619 385 653 propriam
401 622 534 650 tueretur,
550 622 595 645 aut
609 618 713 645 nullum
730 622 904 652 augmentum
917 625 968 644 nu-

176 664 369 691 trimentumve
383 663 546 699 susciperet.
566 661 658 698 Neque
671 663 743 691 enim
763 663 819 690 ﬁeri
836 666 925 697 potest
939 667 968 690 ut

175 709 235 744 ejus
248 715 344 736 natura
359 717 392 736 ex
409 709 522 736 materia
543 713 704 744 consumpta
721 716 774 736 non
789 713 931 743 augeatur.

211 755 273 782 llaec
295 760 320 782 et
336 755 435 782 similia
452 755 474 782 si
487 759 516 782 tu
531 755 678 789 diligenter
697 754 830 789 indagans
844 758 871 782 et
883 754 966 781 rebus

176 798 341 825 sublimibus
357 799 530 829 incumbens.
544 805 577 826 ea
593 806 654 832 quae
670 806 685 825 ιι
700 796 775 826 Mose
796 799 823 826 in
841 799 966 834 caliginis

177 843 347 871 obscuritate
361 848 508 878 conspecta
518 847 592 877 sunt,
606 847 633 871 et
646 844 703 878 ipse
711 843 865 878 perspicere
876 843 965 878 cupis,

177 894 205 916 ct
219 889 385 916 multitudini
407 889 571 924 patefacere,
590 889 742 924 prudentiae
754 894 807 917 tua:
821 890 968 917 consulue-

176 935 238 966 rim.
255 943 289 962 ne
304 935 387 961 alium
402 939 553 969 spectares,
571 934 617 962 sed
635 935 667 962 ad
683 943 742 962 eam
764 935 878 969 gratiam
898 943 966 962 con-

177 980 295 1015 iungeres.
311 988 373 1015 qme
391 981 418 1007 i-n
435 985 461 1007 re
475 984 528 1012 est.
544 985 571 1007 et
585 980 618 1008 ad
635 981 766 1015 Spiritum
782 981 965 1013 revelationis,

176 1026 222 1060 qui
236 1026 365 1058 precibus
380 1030 512 1053 exoratus
531 1033 623 1052 rerum
646 1026 800 1052 divinarum
823 1029 850 1053 ct
866 1026 966 1053 altissi-

177 1077 283 1096 marum
304 1077 404 1098 arcana
424 1071 567 1098 reserabit.
583 1069 683 1098 Verum
700 1071 828 1105 quoniam
844 1079 878 1098 ex
896 1072 967 1106 Apo-

178 1116 276 1143 stolica
291 1116 347 1151 lege
361 1116 492 1144 debemus
505 1120 603 1144 mutuo
617 1116 696 1144 nobis
712 1116 763 1152 ipsi
778 1117 890 1148 servire,
908 1116 967 1143 lau-

176 1161 330 1196 dabilisque
354 1163 496 1189 servitutis
520 1162 660 1197 proprium
681 1167 733 1194 est,
755 1162 835 1190 l'actis
858 1170 890 1190 ea
907 1170 967 1197 qua!

178 1208 306 1235 mandata
322 1211 387 1235 sunt
402 1208 530 1242 exsequi;
548 1207 751 1241 precationibus
766 1207 822 1234 tuis
836 1207 967 1242 adjuvan-

175 1253 250 1281 tibus
262 1260 373 1288 operam
392 1252 474 1284 dabo,
497 1257 527 1279 ut
544 1259 676 1287 quantum
692 1252 750 1279 ﬁeri
767 1253 878 1287 poterit,
893 1261 967 1288 qlae-

176 1299 280 1325 stiones
301 1297 350 1324 has
373 1297 492 1324 breviter
510 1298 653 1333 explicem.
673 1297 726 1325 Sed
748 1303 894 1333 antequam
916 1306 966 1326 ex-

174 1344 278 1375 ordiar,
302 1343 367 1370 illud
385 1347 512 1370 testatum
528 1345 600 1376 volo,
616 1344 681 1370 mihi
697 1347 802 1370 certum
816 1351 876 1372 esse
892 1345 966 1372 nulla

175 1390 203 1416 in
219 1396 248 1416 re
267 1388 457 1416 contradicere
478 1388 512 1416 iis
531 1396 592 1424 qua:
608 1396 623 1415 a
646 1388 674 1415 S.
701 1388 802 1416 Basilio
820 1390 846 1416 in
872 1391 965 1417 mundi

1015 163 1098 190 ματα,
1110 155 1139 181 ἐν
1149 154 1251 189 πηγαῖς
1260 161 1289 179 τε
1302 153 1349 179 καὶ¹
1360 153 1503 187 ποταμοῖς,
1512 152 1559 178 καὶ
1574 150 1692 186 λίμναις,
1703 150 1773 186 πλὴν
1783 151 1808 177 εί

1013 209 1086 232 τινες
1092 200 1146 227 τῶν
1157 199 1252 234 πηγῶν
1260 198 1419 225 ἐπιπολαίαν
1428 198 1536 233 ἔχουσαι
1544 197 1592 233 τὴν
1602 197 1649 224 τοῦ
1659 197 1753 228 ὕδατος
1761 205 1808 232 χο-

1017 246 1124 282 ρηγίαν,
1140 246 1187 272 καὶ
1197 246 1386 281 διαπηδήσεως
1402 244 1513 280 ὃμϐρων
1524 244 1541 279 ἢ
1557 244 1653 278 χιόνων
1667 242 1807 278 πηγάζον-

1015 301 1074 319 (τιν’
1092 293 1119 319 αἳ
1136 292 1287 328 χειμάρρου
1305 291 1405 327 τρόπον
1425 292 1458 326 τῇ
1482 290 1584 317 ἄνωθεν
1606 289 1721 324 ἐπιρροῇ
1744 296 1807 314 συν-

1015 338 1182 373 απολήγουσί
1196 347 1225 364 τε
1244 338 1291 365 καὶ
1306 337 1494 370 συναύξονται.
1515 336 1574 370 Ἐφ’
1593 332 1630 362 ὧν
1650 335 1677 361 δὲ
1696 334 1808 361 ἀένναον

1016 386 1157 420 προχεῖται
1174 384 1204 410 τὸ
1222 384 1339 420 ῥεῖθρον.
1357 384 1490 419 μηδεμιᾶς
1505 382 1679 413 ἐλαττώσεως
1695 381 1712 416 ἢ
1723 381 1807 416 αὑξήι

1018 438 1086 462 σεως
1110 430 1265 465 γενομένης,
1282 430 1439 463 ἀναγκαίως
1455 429 1484 455 τὸ
1511 428 1594 463 μηδὲν
1614 425 1807 453 ἀναλίσκεσθαι

1016 477 1066 511 τῆς
1086 477 1172 511 ὑγρᾶς
1186 476 1280 507 οὐσίας
1296 474 1491 511 ὁμολογεῖται..
1503 472 1540 500 οὖ
1556 473 1611 508 γὰρ
1626 472 1764 507 ἐνδέχεται
1776 471 1807 498 τὸ

1016 520 1217 558 δαπανώμενον
1231 521 1259 547 ἐν
1283 521 1322 556 τῷ
1339 520 1388 556 ἴσῳ
1414 521 1505 555 μέτρῳ
1543 517 1612 553 πρὸς
1628 519 1658 544 τὸ
1686 517 1806 552 διηνεκὲς

1016 567 1167 602 διαμένειν
1187 566 1244 593 ἀλλ’
1258 566 1318 593 οὐδὲ
1337 565 1367 592 τὺ
1384 564 1449 601 πῦρ,
1465 565 1544 600 εἴπερ
1559 564 1598 599 τῷ
1611 564 1668 590 ὄντι
1683 563 1806 598 δαπανη-

1017 611 1091 639 τικὸν
1106 612 1152 638 τοῦ
1169 610 1263 643 ὓδατος
1277 608 1321 648 ἦν,
1338 611 1433 646 ἔμενεν
1448 610 1481 637 ἂν
1495 610 1542 636 ἐπὶ
1559 610 1605 637 τοῦ
1621 609 1686 636 ίδίου
1707 609 1805 645 μέτρου

1017 657 1133 690 ἄναυξές
1155 667 1185 684 τε
1208 657 1256 685 καὶ
1279 658 1404 693 ἄτροφον.
1423 657 1460 683 Οὐ
1486 656 1541 692 γάρ
1567 657 1624 682 ἐστι
1647 655 1758 682 δυνατὸν
1771 656 1804 690 τῇ

1017 705 1198 740 δαπανωμένῃ
1226 703 1276 740 ὓλῃ
1292 702 1338 731 τοῦ
1355 703 1439 739 πυρὸς
1465 704 1502 738 μὴ
1520 702 1699 735 συναύξεσθαι
1714 701 1804 736 φύσιν.

1055 749 1085 776 Ei
1098 747 1144 776 οὖν
1158 749 1245 776 ταῦτα
1261 749 1292 776 σὺ
1304 749 1351 776 καὶ
1363 749 1397 775 τὰ
1407 747 1520 774 τοιαῦτα
1535 746 1777 782 πολυπραγμονῶν,
1791 746 1806 771 ὁ

1017 796 1084 822 πᾶσι
1106 797 1163 827 τοϊς
1189 795 1301 830 ὑψηλοῖς
1324 793 1563 829 ἐπεκτεινόμενος,
1589 793 1637 820 καὶ
1659 793 1692 818 τὰ
1718 793 1747 818 ἐν
1766 790 1806 826 τῷ

1017 841 1091 876 ζόφῳ
1106 842 1156 876 τῆς
1173 840 1221 868 τοῦ
1236 840 1375 871 Μωῡσέως
1390 839 1522 870 ὀπτασίας
1539 837 1663 874 κείμενα,
1681 837 1761 869 αὐτός
1775 844 1804 863 τε

1018 888 1082 915 ἰδεῖν
1098 889 1131 923 τῇ
1149 888 1276 923 φρονήσει
1294 895 1351 918 σου,
1371 885 1407 921 μὴ
1428 885 1496 921 πρὸς
1515 884 1591 911 ἄλλον
1607 883 1724 919 βλέπειν,
1737 882 1805 909 ἀλλὰ

1017 935 1085 971 πρὸς
1097 934 1146 970 τὴν
1161 935 1189 960 ἐν
1207 934 1247 960 σοὶ
1263 934 1352 969 χάριν,
1373 934 1420 959 καὶ
1434 932 1471 968 τῷ
1489 931 1621 966 πνεύματι
1640 929 1688 967 τῆς
1700 929 1805 957 ἀποκα-

1017 981 1123 1015 λύψεως
1138 980 1176 1014 τῷ
1188 979 1233 1006 διὰ
1246 972 1310 1005 τῶν’
1318 978 1476 1014 προσευχῶν
1491 987 1531 1004 σοι
1551 975 1754 1013 φανερουμένῳ,
1770 975 1805 1003 τὰ

1017 1026 1076 1052 θεῖα
1101 1025 1169 1061 βάθη
1197 1024 1395 1060 διερευνᾶσθαι.
1424 1023 1502 1050 Ἐπεὶ
1529 1023 1557 1049 δὲ
1585 1024 1637 1059 χρὴ
1663 1022 1734 1049 κατὰ
1759 1022 1804 1048 τὸν

1017 1073 1192 1100 ἁποστολικδν
1208 1073 1289 1109 νόμον
1303 1073 1388 1100 εἴκειν
1402 1072 1525 1108 ἀλλήλοις
1541 1072 1574 1098 δι’
1588 1071 1698 1105 ἀγάπης
1714 1071 1785 1105 ἡμᾶς
1795 1079 1802 1086 ·

1017 1118 1082 1145 ἴδιον
1098 1119 1126 1144 δὲ
1150 1119 1199 1153 τῆς
1214 1117 1359 1153 ἐπαινετῆς
1380 1117 1501 1149 δουλείας
1523 1117 1591 1149 ἐστὶ,
1610 1116 1640 1143 τὸ
1663 1117 1702 1147 είς
1724 1116 1804 1152 ἔργον

1017 1164 1131 1198 ἀγαγεῖν
1146 1166 1179 1190 τὰ
1193 1164 1375 1199 ἐπιτάγματα,
1394 1163 1439 1190 διὰ
1454 1163 1576 1199 βραχέων
1593 1163 1630 1194 ὡς
1650 1161 1707 1188 ἐστι
1726 1161 1804 1187 δυνα-

1016 1211 1072 1243 τὸν,
1093 1211 1142 1246 τὴν
1157 1210 1220 1245 περὶ
1234 1209 1335 1236 τούτων
1357 1209 1491 1245 ὑπόληψιν
1507 1207 1657 1243 ἐκκαλύψαι
1674 1207 1803 1243 πειράσο-

1019 1265 1076 1292 μαι,
1090 1257 1122 1291 τῇ
1137 1257 1172 1291 σῇ
1188 1257 1325 1291 προσευχῇ
1339 1255 1475 1290 συμμάχῳ
1503 1254 1572 1289 πρὸς
1585 1253 1629 1280 τὸν
1642 1252 1720 1286 λόγον
1734 1251 1805 1288 χρώς

1019 1307 1108 1337 μενος.
1124 1301 1208 1328 Τοῦτο
1221 1301 1249 1328 δέ
1268 1309 1311 1336 μοι
1325 1300 1377 1335 πρὸ
1391 1301 1441 1334 τῆς
1455 1299 1636 1335 ἐγχειρήσεως
1652 1298 1804 1333 διαμεμαρ-

1015 1346 1150 1381 τυρήσθω,
1174 1345 1204 1372 τὸ
1228 1345 1311 1381 μηδὲν
1330 1346 1405 1380 ἡμᾶς
1430 1343 1663 1378 ἀντιδογματίζειν
1678 1341 1716 1378 τῷ
1734 1342 1804 1377 ἁγίῳ

1017 1390 1157 1425 Βασιλείῳ,
1174 1391 1238 1426 περὶ
1254 1390 1307 1416 τῶν
1323 1390 1393 1416 κατὰ
1407 1389 1456 1424 τὴν
1469 1388 1648 1424 κοσμογονίαν
1665 1387 1739 1422 αὑτῷ
1758 1396 1804 1422 φι-

176 1434 394 1469 proereationem
410 1434 567 1469 conscripta
582 1438 656 1465 sunt,
671 1435 776 1462 etiamsi
796 1443 840 1463 me
856 1436 963 1463 dicendi

1017 1435 1228 1471 λοσοφηθέντων,
1256 1435 1317 1471 μηδ’
1344 1435 1377 1462 ἂν
1403 1435 1471 1470 πρὸς
1495 1435 1592 1470 ἑτέραν
1617 1434 1746 1469 ἐξήγησιν
1771 1432 1803 1459 ἔκ

175 1479 243 1506 ordo
259 1478 294 1505 ad
308 1479 390 1505 aliam
405 1479 605 1513 expositionem
621 1479 776 1507 adduxerit.
792 1480 861 1508 Rata
882 1481 965 1517 igitur

174 1525 231 1551 sint
246 1524 320 1552 illius
339 1524 452 1559 scripta,
472 1529 665 1560 praestemque.
679 1534 730 1553 nec
746 1527 821 1559 ullis,
846 1527 896 1554 nisi
913 1527 966 1555 Te-

175 1571 302 1598 stamenti
313 1570 406 1598 divino
422 1570 525 1606 Spiritu
540 1571 661 1598 dictante
675 1573 790 1604 exarati,
802 1581 964 1601 monumen-

175 1615 210 1642 tis
226 1615 332 1642 cedant.
352 1615 450 1643 Nostra
466 1623 530 1643 vero
547 1617 702 1651 quicunque
717 1617 848 1652 legerint,
869 1622 897 1645 et
915 1618 965 1645 ali-

174 1661 241 1695 quid
256 1665 354 1696 prazter
368 1668 540 1688 communem
562 1662 719 1697 opinionem
736 1663 900 1694 invenerint.
923 1664 964 1691 sic

175 1707 321 1741 accipiant,
345 1710 376 1733 ut
390 1707 450 1734 sine
466 1707 548 1735 uilius
570 1708 670 1741 iniuria
688 1708 715 1735 in
730 1708 838 1736 dicendi
858 1710 964 1737 exerci-

176 1753 279 1779 latione
292 1752 470 1786 probabiliter
483 1752 631 1788 disputata.
655 1752 747 1789 Neque
770 1755 841 1782 enim
861 1763 963 1790 propo-

175 1798 260 1825 situm
272 1797 429 1830 defendere,
443 1802 489 1826 aut
500 1799 598 1834 dogma
614 1801 782 1828 constituere
793 1800 961 1834 profitemur,

175 1845 204 1869 ut
233 1843 464 1870 calumniantibus
488 1844 661 1872 occasionem
690 1845 876 1880 praebeamus,
913 1854 963 1874 nec

176 1888 251 1915 hisce
277 1889 387 1923 scriptis
407 1889 642 1923 interpretationis
666 1890 818 1918 doctrinam
843 1891 962 1924 tradere,

174 1933 222 1960 sed
235 1933 358 1960 animum
374 1938 401 1961 et
415 1934 608 1969 cogitationem
627 1940 750 1963 nostram
768 1936 795 1963 in
813 1936 865 1964 hoc
879 1944 945 1972 argu
956 1951 962 1956 -

176 1984 267 2006 mento
290 1979 422 2006 duntaxat
441 1987 578 2008 exercere.
596 1980 680 2009 Nemo
697 1982 779 2017 igitur
794 1987 932 2017 exspectet
947 1991 962 2011 a

176 2025 264 2057 nobis.
280 2029 310 2052 ut
323 2025 531 2059 qua'stiouibus,
545 2033 606 2060 quae
624 2027 666 2053 vel
677 2035 710 2054 ex
726 2032 820 2054 sancta
837 2024 962 2062 Scrlptu-

175 2077 215 2103 ra,
234 2071 274 2097 vel
292 2078 325 2097 ex
346 2070 380 2097 iis
395 2078 456 2105 quae
475 2078 489 2097 a
508 2075 673 2106 praeceptore
691 2077 787 2100 nostro
802 2074 892 2101 statim
907 2074 962 2101 dc—

175 2116 277 2142 clarata
292 2119 366 2146 sunt,
382 2115 496 2151 quinque
510 2117 538 2143 in
555 2124 726 2144 communem
745 2118 899 2153 opinionem
915 2127 961 2146 ca-
976 2134 998 2161 ι)

175 2160 239 2187 dere
253 2160 389 2193 videntur,
403 2162 748 2198 implicemur.Nobisenim
755 2170 960 2199 ncnestpropo-

176 2206 259 2234 situm
274 2210 304 2233 ut
321 2214 351 2233 ea
368 2206 547 2235 conciliemus
560 2215 620 2242 quae
634 2207 758 2241 protinus
776 2213 907 2243 apparent
920 2210 964 2237 in-

144 2281 145 2288 ‘
176 2257 216 2278 ter
229 2259 259 2279 se
276 2252 425 2278 contraria.
441 2251 624 2284 Quamobrem
638 2253 718 2279 liceat
737 2253 817 2282 nobis
835 2262 866 2281 ex
884 2255 963 2283 insti-

177 2303 235 2324 11110
251 2302 345 2324 nostro
360 2298 505 2324 verborum
521 2305 632 2325 sensum
649 2298 803 2333 explorare,
821 2303 847 2326 et
861 2300 888 2327 in
901 2308 962 2328 eam

176 2349 268 2368 curam
283 2342 452 2375 incumbere,
468 2347 498 2369 ut
510 2342 624 2370 vocibus
639 2343 667 2370 in
682 2343 883 2378 signiﬁcatione
896 2353 961 2381 pro.

176 2387 234 2422 pria
247 2388 469 2421 permanentibus
482 2393 586 2415 certmn
603 2396 692 2416 rerum
704 2391 901 2425 procreationis
914 2399 959 2419 or-

176 2431 277 2463 dinem,
296 2439 328 2459 ac
353 2433 450 2460 seriem
478 2433 704 2468 contemplemur.
725 2444 734 2460 ι
775 2436 803 2463 lu
832 2437 965 2472 princtpio

175 2477 316 2513 (inquit),
335 2477 399 2505 fecit
420 2479 491 2506 Deus
509 2479 608 2507 cmlum
625 2485 653 2507 et
670 2485 771 2509 terram
783 2482 803 2515 ‘,
827 2491 836 2507 ι
857 2486 882 2509 et
896 2483 961 2510 reli-

176 2531 239 2557 qua,
257 2531 317 2558 quae
332 2524 461 2560 deinceps
481 2526 574 2553 mundi
597 2526 726 2554 fabricam
740 2533 767 2555 et
785 2535 816 2555 ea
832 2535 893 2562 qua:
913 2536 960 2555 sex

175 2569 280 2596 dierum
295 2570 384 2604 spatio
399 2570 470 2597 facta
488 2576 552 2599 sunt
568 2573 795 2608 complectuntur.
814 2572 958 2607 Caeterum,

175 2616 333 2650 priusquam
352 2623 446 2644 eorum
463 2625 524 2653 qua:
539 2619 640 2653 scripta
664 2623 739 2651 sunt,
763 2619 960 2652 expositionem

175 2661 373 2694 naarcdiamur,
399 2662 463 2690 illud
486 2663 565 2691 nobis
587 2664 704 2698 positum
724 2665 960 2700 constitutumque

174 2707 244 2735 sitin
253 2709 444 2736 naturatliviua
456 2717 517 2737 cum
528 2709 668 2736 voluntate
682 2710 719 2737 ita
731 2717 896 2738 concurrere
908 2719 959 2746 po-

226 2764 236 2780 ‘
252 2763 319 2791 Gen.
333 2772 353 2798 ι,
373 2764 398 2792 1.

1015 1490 1087 1512 τινος
1105 1481 1264 1512 ἀκολουθίας
1279 1482 1294 1507 ό
1307 1480 1385 1515 λόγος
1408 1480 1489 1515 ἔλθῃ·
1514 1479 1570 1506 ἀλλ’
1587 1481 1678 1505 ἐκεῖνα
1697 1479 1746 1513 μὲν
1758 1487 1804 1505 κει

1014 1526 1171 1563 κρατήσθω,
1192 1527 1239 1554 καὶ
1255 1527 1338 1562 μόνης
1352 1526 1402 1561 τῆς
1430 1523 1607 1552 θεοπνεύστου
1621 1524 1754 1560 Διαθήκης
1767 1523 1804 1550 τὰ

1014 1573 1153 1608 δευτερεῖα
1169 1573 1292 1608 φερέσθω
1303 1581 1311 1589 ·
1331 1572 1366 1599 τὰ
1380 1573 1408 1599 δέ
1422 1572 1545 1608 ἡμέτερα
1560 1571 1598 1602 ὡς
1615 1571 1644 1596 ἐν
1660 1569 1803 1605 γυμνασίῳ

1014 1619 1067 1645 τινὶ
1089 1618 1273 1654 σχολαστικῶς
1299 1618 1509 1653 ἐπιχειρούμενα
1532 1617 1589 1648 τοῖς
1610 1615 1802 1650 ἐντυγχάνουσι

1014 1664 1185 1699 προκείσθω,
1214 1663 1349 1699 μηδεμιᾶς
1376 1663 1471 1698 μηδενὶ
1498 1662 1542 1688 διὰ
1568 1661 1670 1688 τούτων
1700 1659 1802 1696 βλάϐης

1014 1709 1241 1744 προσγινομένης,
1264 1708 1291 1734 el
1303 1717 1329 1734 τι
1344 1708 1420 1743 παρὰ
1433 1708 1483 1742 τὴν
1507 1705 1598 1741 κοινὴν
1615 1705 1748 1740 ὑπόληψιν
1772 1706 1802 1732 ἐν

1013 1757 1067 1787 τοῖς
1080 1755 1237 1790 λεγομένοις
1251 1754 1413 1793 εὑρίσκοιτο.
1430 1753 1467 1779 Οὐ
1481 1753 1535 1787 γὰρ
1549 1752 1637 1787 δόγμα
1656 1751 1702 1777 τὸν
1722 1750 1801 1784 λόγον

1013 1800 1174 1835 ποιούμεθα,
1191 1799 1261 1826 ὥστε
1275 1799 1401 1835 ἀφορμὴν
1421 1798 1512 1825 δοῦναι
1524 1799 1581 1829 τοῖς
1595 1796 1782 1823 διαῦάλλουσιν
1791 1803 1798 1811 ·

1012 1847 1070 1873 ἀλλ’
1095 1845 1280 1881 ὁμολογοῦμεν
1303 1844 1485 1880 ἐγγυμνάζειν
1512 1843 1592 1878 μόνον
1623 1841 1725 1868 ἑαυτῶν
1750 1841 1801 1877 τὴν

1013 1892 1142 1922 διάνοιαν,
1155 1891 1210 1923 τοῖς
1227 1891 1418 1927 προκειμένοις
1429 1891 1572 1925 νοήμασιν,
1586 1889 1616 1915 οὺ
1628 1887 1800 1914 διδασκαλίαν

1013 1936 1178 1972 ἐξηγητικὴν
1203 1937 1259 1967 τοῖς
1284 1934 1383 1969 ἐφεξῆς
1409 1934 1596 1960 ἀποτίθεσθαι.
1623 1933 1659 1959 Τὸ
1684 1933 1732 1968 μὲν
1754 1930 1801 1959 οὖν

1014 1981 1216 2017 συμπλέκεσθαι
1236 1980 1303 2016 πρὸς
1319 1980 1367 2011 τὰς
1381 1980 1520 2010 ἐνστάσεις
1534 1979 1583 2010 τὰς
1593 1978 1646 2005 ἀπὸ
1658 1978 1706 2013 τῆς
1720 1978 1801 2012 ἁγίας

1014 2028 1122 2064 ι’ραφῆς
1151 2022 1216 2062 ἡμῖν
1254 2025 1482 2061 προτεινομένας,
1509 2024 1556 2051 καὶ
1587 2025 1618 2050 ἐκ
1647 2023 1701 2051 τῶν
1733 2025 1797 2058 περὶ

1012 2072 1082 2098 πόδα
1095 2071 1170 2107 παρὰ
1195 2071 1242 2097 τοῦ
1270 2070 1428 2096 διδασκάλου
1454 2069 1532 2105 ἡμῶν
1558 2069 1798 2104 ἐρμηνευθέντων,

1012 2118 1062 2144 ὃσα
1093 2117 1166 2144 δοκεῖ
1183 2117 1221 2152 μὴ
1246 2115 1405 2152 συμὸαίνειν
1427 2117 1486 2147 ταῖς
1507 2115 1610 2146 κοιναῖς
1634 2114 1800 2149 ὑπολήψεοι,

1015 2164 1109 2199 μηδεὶς
1137 2163 1284 2190 ἀπαιτείτω
1308 2162 1354 2189 τὸν
1376 2161 1442 2197 ἐμὸν
1465 2161 1554 2196 λόγον.
1580 2161 1618 2188 υύ
1643 2161 1698 2196 γὰρ
1722 2160 1800 2187 τοῦτό

1013 2218 1058 2244 μοι
1088 2209 1240 2244 πρόκειται,
1267 2208 1306 2238 τὸ,
1333 2207 1497 2243 συνηγορίαν
1522 2206 1584 2233 τινὰ
1606 2207 1662 2237 τοϊς
1685 2206 1717 2232 ἐκ
1752 2204 1799 2232 τοῦ

1011 2253 1155 2289 προχείρου
1194 2254 1365 2288 φαινομένοις
1405 2252 1603 2287 ἐναντιώμασιν
1639 2251 1798 2286 ἐπινοῆσαι·

1011 2299 1080 2326 ἀλλά
1096 2307 1140 2334 μοι
1157 2290 1361 2334 συγχωρηθήτὼ
1378 2299 1439 2325 κατ’
1454 2298 1576 2330 ἐξουσίαν
1593 2297 1662 2333 πρὸς
1677 2297 1723 2324 τὸν
1735 2297 1801 2323 ἴδιον

1012 2344 1112 2371 σκοπὸν
1134 2343 1182 2378 τὴν
1206 2344 1261 2370 τῶν
1287 2343 1376 2379 ῥητῶν
1399 2343 1525 2376 ἐξετάσαι
1553 2342 1689 2369 διάνοιαν·
1715 2341 1800 2372 εῖπως

1011 2392 1076 2426 ἡμῖν
1092 2390 1197 2424 γένοιτο
1210 2389 1333 2422 δυνατὸν,
1347 2388 1491 2424 συμμαχίᾳ
1509 2387 1589 2419 Θεοῦ,
1603 2387 1737 2422 μενούσης
1749 2385 1801 2421 τῆς

1010 2436 1109 2469 λέξεως
1125 2437 1172 2462 ἐπὶ
1187 2436 1238 2470 τῆς
1259 2434 1325 2466 ἰδίας
1340 2435 1495 2470 ἐμφάσεως,
1512 2433 1718 2469 συνηρτημένην
1740 2431 1801 2458 τινὰ

1012 2483 1058 2510 καὶ
1072 2482 1216 2509 ἀκόλουθον
1234 2482 1264 2508 ἐν
1276 2482 1310 2517 τῇ
1324 2481 1411 2508 κτίσει
1425 2480 1479 2506 τῶν
1498 2479 1648 2514 γεγονότων
1661 2477 1800 2512 ἐπινοῆσαι

1015 2530 1064 2564 τὴν
1088 2527 1214 2563 θεωρίαν.
1243 2536 1252 2552 ι
1278 2527 1323 2554 Ἐν
1335 2527 1409 2563 ἀρχῇ
1436 2525 1559 2560 ἐποίησε,
1585 2525 1677 2558 φησὶν,
1703 2525 1718 2549 ό
1734 2522 1800 2553 Θεὸς

1013 2574 1058 2601 τὸν
1074 2573 1188 2609 οὐρανὸν
1203 2573 1250 2599 καὶ
1263 2573 1312 2608 τὴν
1327 2572 1390 2607 γῆν,
1409 2580 1419 2596 ι
1433 2571 1481 2597 καὶ
1494 2570 1530 2596 τὰ
1547 2569 1646 2604 ἐφεξῆς
1659 2569 1709 2594 ὅσα
1722 2575 1804 2601 περι-

1014 2618 1071 2654 έχει
1084 2619 1133 2652 τῆς
1146 2616 1325 2651 κοσμογονίας
1337 2616 1352 2642 ὁ
1366 2615 1454 2649 λόγος,
1468 2614 1503 2640 τὰ
1519 2614 1567 2648 μὲν
1582 2613 1613 2648 δὴ
1630 2613 1800 2646 γεγενημένα

1013 2664 1083 2690 κατὰ
1103 2664 1152 2698 τὴν
1180 2662 1347 2698 Ἐξαήμερον
1370 2660 1467 2687 ταῦτα.
1491 2659 1551 2694 Χρὴ
1574 2658 1614 2689 δὲ,
1636 2655 1723 2692 οἶμαι,
1747 2655 1804 2689 πρὺ

1012 2710 1062 2745 τῆς
1080 2709 1228 2741 ἐξετάσεως
1243 2707 1297 2734 τῶν
1310 2706 1520 2742 γεγραμμένων,
1539 2705 1628 2732 ἐκεῖνο
1642 2703 1802 2739 διομολογη-
