1976 3077
173 74 204 101 ἸΙ
774 39 777 42 Ι
796 64 826 92 S.
839 61 1002 92 GREGORII
1017 59 1165 90 NYSSENI
1761 57 1797 86 7g

174 128 306 166 quidquid
320 128 355 155 ab
368 127 421 155 illis
436 125 604 156 continetur,
622 128 649 151 et
667 131 715 159 pro
729 131 777 155 eo,
798 128 828 150 ut
842 123 960 154 diceret,

1019 130 1106 156 μενον,
1120 121 1166 148 καὶ
1176 121 1236 148 ἀντὶ
1244 120 1291 147 τοῦ
1301 120 1387 147 εἰπεῖν
1396 119 1437 146 ὅτι
1447 118 1553 155 ἀθρόως
1563 117 1653 144 πάντα
1667 115 1700 143 τὰ
1710 115 1774 143 ὄντα
1783 117 1798 142 ό

175 175 257 203 simul
270 175 361 201 omnia
379 173 461 200 Deum
485 171 599 203 fecisse,
617 179 626 195 ι
639 170 665 197 in
685 176 812 196 summa»
835 168 893 196 sive
915 168 962 195 «in

175 221 339 256 principio.»
361 219 440 249 dixit,
460 217 544 244 Deum
563 216 661 244 fecisse
683 215 782 242 ccelum
799 218 826 242 et
850 217 961 241 terram.

175 265 322 300 Utritsque
336 269 424 292 autem
441 263 517 290 vocis
531 270 585 289 una
601 261 765 296 signiﬁcatio
779 264 821 288 est
836 269 843 287 :
863 260 964 294 princi-

176 312 249 346 pium
263 311 334 338 enim
344 331 351 342 ,
364 313 392 336 et
405 315 512 336 summa
525 315 601 343 atque
615 307 754 334 declarant
769 305 860 334 simul.
874 305 964 338 Quare

175 363 223 390 per
231 362 380 382 «summam
387 364 395 380 ι
405 353 524 381 ostendit
532 353 622 380 omnia
631 351 711 379 simul
720 351 804 379 fuisse
811 354 962 386 procreata,

175 405 202 428 et
216 408 263 435 per
278 409 286 425 ι
300 400 464 434 principium
476 407 486 424 ι
503 401 612 429 cuncta,
631 400 779 428 momento,
793 400 820 423 et
835 397 895 424 sine
909 396 976 423 ullo”

176 447 306 481 temporis
328 445 416 480 spatio
439 447 511 471 tacta
534 443 618 470 fuisse
635 442 780 477 signiﬁcat.
797 441 963 476 Principium

175 493 247 519 enim
263 499 317 518 non
335 491 449 526 patitur,
467 493 497 517 ut
510 490 595 516 ullum
613 488 786 516 intervallum
801 488 963 523 cogitemus.

174 537 243 564 Nam
258 541 287 564 ut
303 540 434 572 punctum
452 539 494 563 est
509 535 672 570 principium
698 535 786 566 lineae,
808 538 835 562 et
859 534 966 561 indivi—

176 584 259 610 duum
277 582 411 617 corporis,
427 582 466 609 sic
481 585 646 608 momentum
662 580 748 615 ipsius
763 580 902 615 temporis.
917 579 965 607 Re-

175 637 235 656 rum
247 628 331 663 igitur
345 628 426 655 simul
441 626 561 653 omnium
573 626 744 653 constructio
757 626 791 652 ab
812 625 965 653 incredibili

175 673 296 708 potentia
312 665 506 707 Dei/profecta,
522 670 687 706 principium
702 679 716 698 ιι
730 671 813 701 Mose.
830 679 879 698 seu
891 679 966 699 surn-

175 725 220 744 ma
238 717 266 744 in
287 724 340 752 qua
366 717 493 744 consistit
515 716 691 749 universitas,
715 716 882 743 nominatur.
909 716 963 749 Ille,

175 763 241 790 dum
257 770 347 790 rerum
361 767 482 790 extrema
497 761 682 797 prosequitur,
698 762 780 789 tacite
795 762 877 789 etiam
891 762 963 789 indi-

177 813 222 836 cat
236 816 297 843 quae
311 809 378 843 ipsis
394 808 666 843 comprehenduntur
681 809 822 836 extremis.
838 807 963 836 Extrema
981 798 1000 825 Β

176 854 248 886 dico,
274 854 365 881 habita
386 854 492 881 ratione
515 861 612 881 sensus
633 853 756 884 humani,
783 853 828 887 qui
847 861 897 880 nec
914 854 965 880 sub

176 904 276 928 terram
294 903 417 934 penetrat
436 906 486 926 nec
502 899 601 926 cmlum
620 897 801 925 transcendit.
818 897 846 925 In
862 899 966 933 princi-

177 945 222 980 pio
236 946 319 980 igitur
335 945 465 971 mundum
480 952 542 972 esse
555 944 693 971 conditum
711 943 816 976 dicens,
832 944 966 979 signiﬁcat

177 998 268 1017 rerum
289 990 409 1017 omnium
424 990 585 1018 occasiones
599 994 626 1017 et
645 997 753 1022 causas,
770 993 798 1016 et
818 993 965 1024 potestates

178 1043 193 1062 a
202 1035 255 1062 Deo
265 1034 351 1063 fuisse
364 1035 514 1068 confectas,
526 1040 552 1062 et
561 1035 593 1062 ad
607 1035 725 1070 primum
737 1034 966 1062 voluntatisillius

177 1085 280 1108 motum
295 1089 340 1109 res
354 1081 477 1116 singulas
490 1081 640 1114 exstitisse,
651 1081 762 1111 ccelum.
776 1080 886 1113 aethera,
902 1081 966 1107 stel-

178 1128 230 1160 las,
245 1128 343 1163 ignem,
361 1135 435 1160 aera,
452 1135 527 1154 mare
545 1131 667 1161 ,terram,
686 1126 964 1161 animalia,\plantas:

177 1181 238 1209 qua:
250 1173 359 1209 quidem
376 1173 466 1200 omnia
483 1173 528 1201 Dei
544 1174 625 1200 oculo
639 1173 832 1202 cemebantur,
848 1177 967 1206 potesta-

178 1219 214 1247 tis
239 1219 345 1246 ratione
363 1218 528 1253 conspicua,
552 1223 582 1245 ut
606 1218 693 1253 inquit
718 1218 870 1253 propheta:
893 1216 967 1250 (Qui

179 1265 254 1292 videt
265 1265 358 1292 omnia
371 1265 548 1299 prius,quam
562 1264 655 1291 ﬂant'.
669 1273 678 1290 ›
696 1263 749 1291 Sed
765 1268 909 1298 potestate,
925 1270 969 1291 sa-

179 1310 334 1344 pientiaque
347 1309 381 1336 ad
398 1309 565 1344 singularum
583 1308 676 1336 mundi
693 1309 810 1344 partium
826 1308 968 1344 perfectio-

180 1362 241 1382 nem
257 1355 366 1386 collata,
383 1354 538 1382 necessaria
552 1354 675 1388 qumdam
690 1355 774 1382 series
789 1355 885 1383 ordine
898 1362 967 1389 quo-

179 1400 240 1427 dam
257 1404 403 1428 consecuta
420 1404 472 1431 est,
491 1405 519 1426 ut
534 1407 618 1426 unum
631 1399 740 1434 aliquod
756 1407 789 1427 ex
804 1404 860 1426 tota
877 1408 967 1427 rerum

179 1446 359 1473 universitate
370 1446 486 1480 primum
497 1441 646 1477 exstiterit,
655 1449 682 1472 et
690 1445 857 1480 apparuerit.
868 1445 969 1473 Deinde

179 1495 242 1525 post
254 1491 319 1518 illud
336 1490 492 1518 necessario
505 1491 619 1518 alterum
635 1494 771 1518 secutum.
786 1489 865 1523 Tum,
881 1495 910 1517 ut
925 1498 968 1517 ar-

179 1535 245 1563 tifex
265 1539 361 1562 natura
381 1535 503 1570 cogebat,
524 1535 634 1562 tertium
649 1538 676 1562 et
689 1538 829 1570 quartum,
847 1539 874 1562 et
888 1535 969 1570 quin-

180 1586 248 1614 tum,
264 1586 291 1609 et
305 1581 409 1616 reliqua
426 1581 566 1615 deinceps,
580 1588 634 1608 non
645 1587 711 1608 casu
725 1586 752 1608 et
765 1580 885 1613 fortuna,
898 1580 970 1608 inor-

180 1627 274 1653 dinato
284 1631 312 1654 et
320 1627 401 1654 celeri
413 1626 530 1661 quodam
545 1630 629 1658 motu,
641 1626 687 1654 sed
703 1631 731 1653 ut
741 1626 913 1654 necessarius
921 1633 970 1652 na—

181 1677 250 1701 tura:
264 1673 331 1701 ordo
346 1673 374 1700 in
391 1673 474 1700 rebus
486 1672 665 1707 disponendis
679 1671 846 1707 requirebat,
860 1672 896 1698 ita
913 1672 968 1698 sin-

180 1719 243 1754 gula
257 1718 328 1746 facta
343 1719 427 1746 fuisse
446 1722 549 1749 narrat,
564 1722 591 1746 et
607 1718 640 1745 de
653 1718 823 1746 naturalibus
838 1717 969 1747 institutis

181 1764 396 1800 philosophatur.
406 1764 543 1797 Quasdam
554 1764 635 1791 etiam
647 1771 727 1791 voces
739 1763 898 1799 imperantis
910 1763 968 1794 Dei,

182 1810 296 1845 singulis
309 1811 391 1838 rebus
399 1817 460 1845 quae
471 1814 646 1845 generantur.
662 1810 793 1844 assignat.
811 1809 893 1844 idque
908 1817 969 1836 rec-

181 1860 219 1888 te,
234 1861 261 1884 et
275 1858 468 1884 convenienter
483 1856 558 1884 facit.
573 1855 712 1890 Quidquid
728 1855 799 1882 enim
813 1854 910 1882 ordine
925 1863 970 1882 sa-

181 1901 341 1937 pienterque
362 1902 463 1929 factum
481 1907 533 1934 est,
553 1900 698 1936 quamdam
715 1901 798 1928 veluti
813 1908 907 1928 vocem
924 1900 971 1928 Dci

182 1946 303 1973 vicissim
319 1946 414 1974 refert.

1014 166 1080 198 Θεὸς
1090 167 1227 202 ἐποίησεν,
1242 166 1316 194 εἶπεν
1328 167 1363 193 ἐν
1371 165 1533 200 κεφαλαίῳ,
1542 164 1601 199 ἦτοι
1614 163 1653 189 ἐν·
1662 161 1741 196 ἀρχῇ
1751 170 1799 188 πε-

1014 208 1223 247 ποιηκέναι’τὸν
1246 211 1311 238 Θεὸν
1332 211 1377 238 τὸν
1398 209 1511 246 οὐρανὸν
1531 208 1578 235 καὶ⁵
1595 207 1644 243 τὴν
1661 208 1722 242 γῆν.
1741 207 1799 233 Μία

1012 256 1042 282 δὲ
1051 256 1105 283 τῶν
1117 257 1163 284 δύο
1178 256 1273 292 φωνῶν
1290 257 1307 292 ή
1325 256 1456 292 σημασία,
1474 255 1523 290 τῆς
1539 263 1568 280 τε
1585 252 1682 288 ἀρχῆς
1695 251 1798 278 καὶτοῦ

1014 302 1188 336 κεφαλαίου.
1214 301 1345 336 Δηλοῦται
1369 301 1424 336 γὰρ
1448 299 1545 334 ἐπίσης
1565 298 1598 325 δι’
1612 297 1749 332 ἑκατέρων
1769 294 1800 322 τὸ

1013 347 1127 384 ἀθρόον
1149 343 1184 369 ἐν
1202 347 1250 382 μὲν
1274 346 1328 383 γάρ
1350 346 1389 379 τῷ
1410 345 1572 376 κεφαλαίῳ,
1594 343 1625 369 τὸ
1650 341 1801 376 συλλήϐδην

1013 394 1047 420 τὰ
1059 394 1149 421 πάντα
1162 392 1326 428 γεγενῆσθαι
1345 392 1512 427 περιίστησι,
1523 390 1568 417 διὰ
1588 389 1616 416 δὲ
1631 389 1680 424 τῆς
1700 387 1799 423 ἀρχῆς

1013 440 1139 475 δηλοῦται
1166 439 1198 466 τὸ
1221 438 1322 474 ἀκαρές
1351 446 1381 464 τε
1409 437 1457 464 καὶ
1482 435 1653 463 ἀδιάστατον.
1683 433 1719 460 Ἡ
1744 433 1800 468 γὰρ

1013 485 1093 520 ἀρχὴ
1123 485 1223 516 παντὸς
1252 482 1465 519 διαστηματικοῦ
1489 482 1624 517 νοήματος
1652 479 1800 514 ἀλλοτρίως

1014 532 1081 567 ἔχει.
1101 532 1145 563 Ὠς
1167 531 1197 558 τὸ
1221 531 1331 565 σημεῖον
1354 529 1425 564 ἁρχὴ
1450 528 1499 562 τῆς
1524 526 1666 562 γραμμῆς,
1685 526 1732 551 καὶ
1752 532 1798 551 του

1014 579 1096 612 δγκου
1117 577 1147 604 τὸ
1159 577 1269 611 ἄτομον,
1283 575 1367 607 οὕτως
1380 575 1428 602 καὶ
1440 574 1471 600 τὺ
1490 573 1592 608 ἀκαρὲς
1608 570 1657 598 τοῦ
1672 570 1797 606 χρονικοῦ

1013 624 1207 659 διαστήματος.
1238 622 1268 648 Ἦ
1294 619 1340 648 οὖν
1362 620 1448 656 ἀθρόα
1469 619 1523 646 τῶν
1547 619 1630 645 όντων
1651 617 1727 652 παρὰ
1749 616 1799 650 τῆς

1015 669 1153 705 ἁφράστου
1168 667 1309 702 δυνάμεως
1322 666 1369 693 τοῦ
1386 665 1454 693 Θεοῦ
1471 664 1618 699 καταϐολὴ,
1633 663 1711 698 ἀρχὴ
1724 662 1799 698 παρὰ

1014 714 1060 741 τοῦ
1075 713 1222 745 Μωῦσέως,
1238 713 1318 748 ἧτουν
1332 710 1497 746 κεφάλαιον
1516 709 1723 744 κατωνομάσθη,
1737 708 1765 734 tv

1014 761 1044 787 τὸ
1064 761 1119 787 πᾶν
1136 759 1266 794 συστῆναι
1283 758 1402 793 λέγεται.
1422 757 1463 783 Τὰ
1487 756 1536 792 μὲν
1552 756 1624 791 ἂκρα
1643 754 1696 781 τῶν
1717 754 1800 781 όντων

1015 806 1100 833 εἰπών
1110 815 1116 821 ·
1134 805 1169 832 τὰ
1182 805 1210 832 δὲ
1226 805 1295 840 μέσα
1311 804 1380 831 κατὰ
1396 803 1426 830 τὸ
1442 801 1616 837 σιωπώμενον
1635 802 1691 832 τοῖς
1706 800 1801 835 ἄκροις

1016 852 1262 886 συνενδειξάμενος.
1289 851 1379 885 Ἄκρα
1393 849 1421 876 δέ
1439 857 1520 884 φημι,
1540 848 1584 875 διὰ
1602 847 1651 883 τὴν
1664 845 1800 881 ἀνθρωπί-

1015 908 1064 934 νην
1079 897 1215 933 αἴσθησιν,
1232 897 1249 932 ἢ
1263 895 1326 922 οὔτε
1345 897 1384 927 εἰς
1397 896 1432 922 τὰ
1450 895 1502 922 ὑπὸ
1516 894 1567 930 γῆν
1582 893 1724 932 διαδύεται,
1739 892 1801 920 οὔτε

1015 945 1060 971 τδν
1082 945 1196 980 οὐρανὸν
1212 943 1353 970 διαϐαίνει.
1373 942 1477 969 οὐκοῦν
1499 942 1578 969 τοῦτο
1594 943 1672 973 νοεῖν,
1695 942 1711 976 ὴ
1730 940 1801 976 ἀρχὴ

1015 991 1065 1026 τῆς
1086 990 1264 1026 κοσμογονίας
1279 989 1445 1022 ὑποτίθεται,
1459 989 1500 1016 ὅτι
1516 989 1624 1016 πάντων
1642 987 1695 1014 τῶν
1717 987 1802 1014 δντων

1014 1038 1065 1070 τὰς
1080 1037 1208 1074 ἀφορμὰς
1224 1038 1271 1064 καὶ
1284 1037 1334 1069 τὰς
1348 1036 1447 1068 αἰτίας,
1463 1036 1509 1063 καὶ
1524 1035 1574 1067 τὰς
1584 1034 1724 1070 δυνάμεις,
1739 1032 1802 1059 συλ-

1016 1084 1116 1119 λήϐδην
1139 1084 1153 1109 ὁ
1178 1082 1244 1114 Θεὸς
1267 1083 1296 1109 tv
1320 1082 1418 1117 ἀκαρεῖ
1445 1080 1634 1112 κατεϐάλλετο,
1657 1079 1704 1105 καὶ¹
1724 1079 1753 1104 tv
1768 1079 1801 1113 τῇ

1017 1128 1112 1164 πρώτῃ
1127 1128 1174 1155 τοῦ
1197 1128 1350 1163 θελήματος
1366 1128 1450 1163 ὁρμῇ,
1471 1127 1487 1162 ἡ
1509 1126 1624 1152 ἑκάστου
1645 1124 1699 1151 τῶν
1718 1124 1801 1150 δντων

1016 1175 1095 1202 οὐσία
1119 1175 1293 1210 συνέδραμεν,
1316 1174 1439 1210 οὐρανὸς,
1462 1172 1560 1208 αἰθὴρ,
1587 1171 1710 1206 ἀστέρες,
1735 1169 1801 1205 πῦρ,

1017 1221 1082 1256 ἀὴρ,
1100 1219 1230 1252 θάλασσα,
1247 1219 1295 1254 γῆ,
1311 1219 1392 1251 ζῶον,
1409 1218 1496 1253 φυτά·
1520 1217 1538 1244 ἃ
1552 1217 1591 1252 τῷ
1608 1217 1657 1252 μὲν
1674 1215 1738 1251 θείῳ
1752 1215 1803 1249 ὀφ-

1018 1265 1114 1301 θαλμῷ
1140 1266 1228 1293 πάντα
1251 1265 1421 1300 καθεωρᾶτο,
1442 1263 1482 1299 τῷ
1506 1264 1556 1299 τῆς
1574 1263 1715 1297 δυνάμεως
1732 1261 1804 1296 λόγῳ

1017 1311 1190 1346 δεικνύμενα,
1215 1311 1264 1346 τῷ,
1277 1310 1365 1342 καθώς
1380 1318 1464 1346 φησιν
1478 1310 1494 1344 ἡ
1513 1309 1680 1345 προφητεία,
1698 1317 1708 1334 ι
1723 1307 1805 1334 εἰδότι

1019 1358 1110 1385 πάντα
1125 1358 1178 1392 πρὸ
1196 1357 1246 1392 τῆς
1262 1357 1395 1392 γενέσεως
1420 1355 1521 1384 αὐτῶν.
1540 1365 1549 1381 ι
1567 1356 1606 1390 Τῇ
1622 1355 1651 1381 δὲ
1670 1361 1806 1388 συγκατα⁴

1019 1404 1148 1440 ϐληθείσῃ
1170 1403 1282 1439 δυνάμει
1298 1412 1327 1430 τε
1349 1403 1396 1430 καὶ
1419 1402 1501 1438 σοφίᾳ
1517 1402 1586 1437 πρὸς
1606 1401 1653 1440 τῂν
1667 1399 1805 1427 τελείωσιν

1019 1449 1134 1476 ἑκάστου
1143 1448 1197 1475 τῶν
1209 1449 1310 1483 μορίων
1319 1447 1366 1474 τοῦ
1376 1447 1488 1482 κόσμου,
1501 1446 1595 1482 εἱρμός
1607 1454 1649 1477 τις
1658 1445 1806 1479 ἀναγκαῖος

1021 1495 1092 1522 κατά
1104 1503 1165 1521 τινα
1182 1494 1257 1526 τάξιν
1267 1493 1495 1528 ἐπηκολούθησεν,
1513 1493 1582 1519 ὥστε
1597 1492 1627 1518 τὸ
1640 1491 1696 1526 πῦρ
1706 1491 1806 1527 προλα-

1022 1540 1078 1566 ϐεῖν
1099 1540 1148 1575 μὲν
1170 1540 1216 1566 καὶ
1235 1540 1438 1575 προεκφανῆναι
1455 1538 1511 1564 τῶν
1537 1537 1626 1565 ἄλλων
1644 1537 1698 1564 τῶν
1718 1537 1747 1563 tv
1766 1536 1806 1571 τῷ

1022 1585 1104 1611 παντὶ
1118 1585 1323 1620 θεωρουμένων,
1339 1585 1386 1611 καὶ
1402 1584 1473 1611 οὕτω
1490 1584 1548 1620 μετ’
1562 1585 1658 1615 ἐκεῖνο,
1680 1583 1710 1609 τὸ
1722 1584 1805 1617 ἀναγι

1003 1661 1006 1665 _
1022 1630 1106 1662 καίως
1120 1630 1159 1665 τῷ
1179 1630 1340 1666 προλαϐόντι
1357 1630 1500 1665 ὲπᾶμινον,
1521 1630 1569 1657 καὶ
1589 1629 1635 1656 ἐπὶ
1648 1629 1736 1664 τούτῳ
1749 1629 1808 1663 19E—

1021 1685 1077 1709 τον,
1090 1676 1127 1707 ὡς
1145 1677 1162 1711 ή
1177 1676 1288 1711 τεχνικὴ
1308 1675 1496 1711 συνηνάγκαζε
1518 1675 1614 1710 φύσις·
1634 1674 1763 1710 τέταρτόν
1777 1681 1807 1701 τε

1022 1722 1069 1748 καὶ
1083 1721 1218 1757 πέμπτον,
1233 1721 1280 1748 καὶ¹
1294 1721 1329 1748 τὰ
1344 1721 1426 1748 λοιπὰ
1438 1721 1487 1756 τῆς
1500 1721 1569 1748 κατὰ
1581 1721 1612 1747 τὸ
1627 1713 1725 1755 ἐφεξῆς
1740 1720 1807 1746 ἁκοη

1022 1767 1142 1799 λουθῑας,
1166 1767 1217 1794 οὐκ
1237 1768 1385 1803 αὐτομάτῳ
1405 1767 1460 1794 τινὶ
1485 1767 1631 1802 συντυχίᾳ,
1652 1766 1723 1793 κατά
1745 1765 1808 1792 τινὰ

1022 1812 1138 1839 ἄτακτον
1163 1813 1210 1839 καὶ
1228 1814 1342 1848 τυχαίαν
1366 1813 1461 1849 φορὰν,
1486 1812 1572 1844 οὕτως
1595 1811 1806 1846 ἀναφαινόμενα.

1030 1856 1097 1883 Ἀλλ’
1113 1856 1150 1889 ὡς
1163 1857 1179 1892 ἡ
1193 1857 1329 1892 ἀναγκαία
1343 1860 1391 1893 τῆς
1406 1858 1514 1892 φύσεως
1523 1857 1598 1889 τάξις
1608 1855 1731 1890 ἐπιζητεῖ
1738 1856 1768 1882 τὸ
1778 1856 1808 1883 ὲν

1022 1902 1077 1933 τοῖς
1094 1902 1246 1937 γινομένοις
1264 1903 1420 1936 ἀκόλουθον,
1435 1903 1520 1934 οὕτως
1533 1902 1636 1929 ἕκαστα
1647 1900 1808 1937 γεγενῆσθαί

1025 1955 1107 1982 φησιν
1118 1948 1146 1974 ὲν
1157 1948 1310 1983 διηγήσεως
1318 1949 1382 1975 εῖδει
1395 1949 1459 1984 περὶ
1471 1949 1525 1975 τῶν
1536 1948 1658 1983 φυσικῶν
1667 1948 1808 1982 δογμάτων

183 1994 375 2030 φιλοσοφήσας.
390 1995 446 2021 Καὶ
457 1994 549 2028 φωνάς
563 2002 639 2025 τινας
659 1993 706 2020 τοῦ
727 1993 795 2020 Θεοῦ
817 1993 1003 2028 προσακτικὰς
1019 1995 1132 2022 ἑκάστου
1146 1996 1201 2023 τῶν
1215 1996 1363 2032 γινομένων
1378 1996 1572 2032 προσγράφων,
1588 1996 1678 2029 καλῶς
1690 1997 1737 2024 καὶ
1750 1997 1809 2023 θεο-

183 2042 297 2077 πρεπῶς
307 2042 353 2068 καὶ
361 2042 439 2068 τοῦτο
450 2041 542 2068 ποιῶν.
552 2041 608 2068 Πᾶν
619 2041 673 2075 γὰρ
687 2041 717 2067 τὸ
731 2040 792 2067 καθ’
805 2041 900 2075 είρμόν
910 2049 970 2067 τινα
984 2041 1031 2068 καὶ
1046 2042 1141 2076 σοφίαν
1155 2042 1296 2078 γινόμενον
1309 2042 1355 2069 τοῦ
1368 2043 1445 2074 Θεοῦ,
1460 2043 1501 2074 τὶς
1511 2043 1641 2078 ἄντικρύς
1652 2043 1710 2069 ἐστι
1721 2044 1807 2079 φωνή.

217 2087 311 2122 Itaque
322 2095 383 2113 cum
396 2087 442 2114 Dei
455 2091 577 2114 naturain
591 2087 760 2121 ignoremus,
774 2086 861 2120 ipsam
876 2090 972 2120 poten-

183 2133 247 2160 tiam
260 2133 401 2168 ipsamque
409 2133 570 2168 sapientiam
579 2133 670 2160 animo
680 2132 877 2166 concipientes,
888 2132 972 2159 Deum

184 2183 273 2205 mente
285 2185 336 2206 nos
351 2176 744 2212 credimuscomprehendisse.
752 2175 857 2203 Idcirco
863 2175 973 2209 quando

184 2223 311 2250 conditus
321 2226 363 2251 est
376 2223 451 2251 orbis
464 2223 619 2253 universus,
631 2225 775 2256 antequam
786 2221 899 2257 singulm
913 2229 975 2256 par-

185 2273 225 2295 tes
236 2267 322 2302 ipsius
330 2271 502 2302 apparerent,
509 2267 628 2294 tenebris
635 2269 709 2293 totus
715 2265 902 2300 obtegebatur,
910 2266 973 2300 quia

185 2313 313 2348 splendor
325 2313 403 2347 ignis,
421 2321 482 2348 quae
493 2313 544 2340 sub
555 2312 675 2339 materia:
687 2311 828 2347 particulis
836 2312 971 2343 latitabat.

186 2358 305 2386 nondum
327 2358 476 2386 ei‘f'ulserat.
497 2357 615 2389 Etenim,
636 2357 864 2392 quemadmodum
885 2358 977 2385 silices

186 2403 214 2430 in
227 2403 346 2430 tenebris
360 2403 483 2430 obscurat
496 2402 598 2436 iacent,
615 2402 679 2429 licet
695 2402 749 2429 vim
764 2402 882 2429 lucidam
897 2407 978 2437 atque

187 2449 369 2476 illustrantem
392 2448 554 2475 naturaliter
571 2448 600 2475 in
626 2455 656 2475 se
677 2447 854 2479 contineant,
876 2447 979 2482 quippe

187 2503 248 2530 qua:
264 2496 372 2530 pariant
387 2495 488 2530 ignem,
500 2495 523 2522 si
540 2494 612 2521 inter
625 2502 656 2522 se
671 2494 847 2531 collidantur,
859 2493 978 2520 scintilla

186 2547 253 2567 vero
268 2541 303 2567 ab
318 2539 386 2575 ipsis
403 2540 519 2574 prolata,
535 2540 681 2575 splendore
698 2539 772 2567 illius
790 2540 855 2574 ipsa:
867 2546 978 2574 quoque

187 2589 340 2612 cernuntur
355 2594 361 2612 :
379 2586 418 2613 sic
433 2586 550 2614 obscura
563 2593 690 2620 czecaque
706 2589 784 2613 erant
795 2585 886 2611 omnia
901 2585 978 2620 prius

187 2639 269 2666 quam
288 2631 424 2666 pellucida
441 2638 523 2667 atque
541 2632 685 2659 illustrans
702 2637 799 2658 natura
814 2631 841 2657 in
851 2634 976 2665 apertum

189 2676 368 2711 proferretur.
387 2677 453 2704 Nam
470 2685 532 2705 cum
558 2685 612 2705 uno
625 2677 725 2704 divina
736 2676 886 2704 voluntatis
900 2681 977 2703 motu

189 2729 275 2757 nuper
292 2722 452 2750 indistincta
470 2730 561 2750 rerum
577 2722 745 2750 universitas
759 2721 841 2750 simul
855 2722 977 2750 exstitis-

223 2768 235 2785 ⁷
249 2769 317 2796 Dan.
333 2777 392 2803 ιιι»,
413 2770 458 2797 42.

1057 2088 1129 2115 Διότι
1139 2088 1207 2115 Θεοῦ
1217 2089 1266 2124 μὲν
1275 2088 1368 2115 οὐσίαν
1375 2088 1435 2124 ἥτις
1445 2089 1566 2118 ὲστὶνρού
1575 2089 1809 2126 γινώσκομεν-τὴν

1023 2132 1052 2158 δὲ
1062 2133 1223 2167 αὺτοσοφιαν
1233 2133 1280 2160 καὶ
1287 2133 1336 2168 τὴν
1347 2133 1526 2168 αῦτοδύναμιν
1536 2135 1564 2160 ὲν
1575 2133 1612 2169 νῷ
1620 2134 1756 2167 λαϐόντες,
1764 2136 1809 2161 τὸν

1025 2178 1090 2204 Θεὸν
1100 2178 1273 2213 ἀνειληφέναι
1280 2180 1312 2214 τῇ
1326 2178 1429 2214 διανοίᾳ
1439 2179 1611 2215 πιστεύομεν.
1621 2179 1722 2206 Τούτου
1731 2180 1811 2215 χάριν

1025 2224 1070 2251 ὅτε
1081 2224 1110 2251 τὸ
1117 2224 1177 2251 ὅλον
1185 2224 1302 2258 ἐγένετο,
1316 2225 1381 2260 πρὶν
1390 2225 1504 2251 ἕκαστον
1516 2225 1571 2252 τῶν
1580 2234 1612 2252 συ
1616 2225 1810 2262 μπληρούντων

1026 2269 1056 2295 τὸ
1065 2270 1124 2296 ὅλον
1135 2270 1177 2304 ἐφ’
1187 2269 1283 2297 ἑαυτοῦ
1300 2270 1448 2305 δειχθῆναι,
1469 2270 1549 2305 ζόφος
1568 2270 1607 2304 τῷ
1621 2271 1702 2297 παντὶ
1716 2271 1812 2297 ἐπεκέα

1026 2319 1101 2346 χυτο·
1115 2310 1192 2338 οὔπω
1207 2311 1262 2347 γὰρ
1276 2312 1391 2349 ἐξεφάνη
1408 2313 1455 2340 τοῦ
1474 2315 1559 2349 πυρὸς
1579 2315 1595 2349 ἡ
1620 2314 1691 2350 αὐγὴ
1710 2315 1810 2342 ὑποκε-

1027 2357 1172 2392 κρυμμένη
1206 2359 1262 2390 τοῖς
1301 2359 1405 2394 μορίοις
1439 2359 1489 2395 τῆς
1518 2360 1584 2396 ὕλης
1616 2359 1742 2396 καθάπερ
1765 2360 1812 2387 καὶ

1027 2403 1054 2429 αἱ
1096 2402 1210 2437 ψηφῖδες
1245 2405 1358 2438 ἀφανεῖς
1394 2405 1424 2431 ὲν
1470 2405 1507 2440 τῷ
1547 2406 1637 2433 σκότει
1669 2407 1811 2441 μένουσιν,

1027 2448 1051 2474 εἰ
1070 2447 1118 2474 κα)⁸
1137 2447 1260 2482 φυσικῶς
1281 2449 1311 2475 ὲν
1334 2450 1443 2482 ἑαυταῖς
1465 2451 1515 2486 τὴν
1531 2451 1698 2487 φωτιστικὴν
1721 2451 1812 2486 ἔχουσι

1026 2493 1150 2528 δύναμιν,
1168 2493 1212 2520 διὰ
1229 2494 1280 2529 τῆς
1293 2495 1361 2530 πρὸς
1378 2495 1496 2531 ἀλλήλας
1512 2496 1698 2532 συμπτώσεως
1713 2497 1742 2523 τὸ
1757 2497 1813 2532 πῦρ

1027 2540 1231 2572 ἀποτίκτουσαι,
1246 2540 1293 2567 τοῦ
1309 2541 1338 2567 δὲ
1353 2541 1501 2578 σπινθῆρος
1517 2542 1546 2575 ἐξ
1561 2543 1649 2570 αὐτῶν
1662 2543 1813 2577 ἀναφανέν-

1027 2594 1082 2616 τος,
1099 2586 1223 2613 κάκεῖναι
1236 2587 1269 2621 τῇ
1287 2586 1437 2622 λαμπηδόνι
1453 2588 1549 2615 τούτου
1572 2589 1794 2624 συνανεφάνησαν
1804 2596 1813 2606 ⁸

1028 2629 1114 2661 οὕτως
1128 2629 1234 2665 ἀόρατά
1248 2639 1278 2657 τε
1295 2631 1342 2658 καὶ
1356 2632 1446 2667 ἀφανῆ
1461 2633 1496 2659 τὰ
1512 2633 1601 2660 πάντα
1616 2631 1662 2668 ἦν,
1681 2634 1746 2670 πρὶν
1765 2635 1814 2670 τὴν

1028 2678 1195 2713 φωτιστικὴν
1208 2678 1303 2706 οὐσίαν
1323 2680 1364 2711 είς
1383 2680 1414 2707 τὸ
1428 2681 1544 2715 ἐκφανὲς
1560 2680 1711 2716 προελθεῖν.
1734 2682 1814 2718 ’Ἄρτι

1027 2723 1082 2758 γὰρ
1105 2723 1210 2759 ἁθρόως
1230 2726 1260 2753 ὲν
1279 2727 1314 2761 τῇ
1337 2727 1386 2763 μιᾷ
1410 2728 1480 2762 ῥοπῇ
1499 2727 1547 2754 τοῦ
1569 2727 1641 2755 θείου
1665 2728 1816 2765 θελήματος
