1976 3077
93 143 129 173 75
508 158 510 160 τ
694 141 727 168 IN
748 141 889 169 HEXAEM

942 141 983 168 ΟΝ
1001 140 1117 168 LIBER.
1683 135 1720 164 Ἰιι

97 205 260 241 ὰδιακρίτως
282 203 329 230 τοῦ
349 202 448 234 παντὸς
468 200 643 232 ὑποστάντος,
665 201 710 227 καὶ
731 201 786 228 τῶν
812 210 882 228 στοις

942 205 985 233 set,
1007 200 1156 234 omniaque
1172 198 1308 226 elementa
1334 197 1404 225 inter
1427 204 1456 225 se
1470 200 1598 224 concreta
1624 195 1722 231 permi-

96 251 177 289 χείων
193 250 302 276 πάντων
317 250 347 275 ὲν
358 248 483 283 ἀλλήλοις
497 247 688 282 πεφυρμένων,
704 247 735 273 τὺ
747 247 885 282 πανταχοῦ

97 295 322 331 κατεσπαρμένον
337 293 393 328 πῦρ
409 294 594 324 ὲπεσκοτεῖτο,
607 291 646 326 τῷ
656 292 826 324 πλεονάζοντι
837 294 885 328 τῆς

98 342 164 375 ὕλης
191 338 451 375 ὲπιπροσθούμενον.
473 338 549 364 Ἐπεὶ
570 337 599 363 δὲ
619 337 694 369 ὀξεῖά
713 336 754 368 τίς
775 338 848 364 ἐστιν
868 338 885 373 ἡ

97 387 214 422 δύναμις
241 383 324 412 αὑτοῦ
348 384 395 411 καὶ
421 383 576 418 εὐκίνητος,
591 382 659 417 ὁμοῦ
676 381 706 408 τὸ
728 381 836 418 δοθῆναι
856 384 888 418 τῇ

98 432 180 466 φύσει
192 430 246 458 τῶν
261 427 430 464 όντωνςπρὸς
445 428 495 464 τὴν
510 427 557 454 τοῦ
577 427 680 462 κόσμου
694 427 801 460 γένεσιν
815 428 890 463 παρὰ

97 477 145 504 τοῦ
161 476 229 503 Θεοῦ
244 476 275 502 τδ
286 475 435 509 ἐνδόσιμον,
450 474 541 508 πάσης
553 474 603 508 τῆς
618 473 770 508 βαρυτέρας
785 473 890 507 φύσεως

99 523 274 559 προεξέθορε,
292 522 339 548 καὶ
358 521 438 552 εὐθὺς
453 520 492 555 τῷ
506 519 576 554 φωτὶ
590 520 623 546 τὰ
639 519 729 546 πάντα
744 528 775 545 πε
782 519 891 555 ριηυγά-

101 568 171 600 ζετο.
192 569 224 594 Ὃ
244 567 272 593 δὲ
293 566 363 593 κατὰ
382 566 427 593 τὸν
449 566 498 600 τῆς
514 564 611 599 σοφίας
627 565 716 599 λόγον,
730 566 763 600 τῇ
778 565 890 599 δυνάμει

100 613 148 640 τοῦ
165 612 346 647 πεποιηκότος
361 612 479 645 ἐγένετο,
497 611 534 642 ὡς
548 610 628 644 λόγος
642 610 708 637 Θεοῦ
724 619 890 646 προστακτι-

101 659 156 688 κος,
164 656 238 691 παρὰ
242 654 288 682 τοῦ
293 653 434 685 Mosam;
440 655 505 688 ὲμνη
509 651 623 688 μονεύθη
628 651 691 685 ,τδ,‹
697 651 781 680 Εἶπεν
788 652 802 678 ὁ
812 655 890 686 Θεὸς,

102 702 245 738 ιενηοήτω
264 703 328 736 φῶςι
350 716 358 729 ,
375 697 422 724 καὶ
437 697 544 730 ἐγένετο
558 697 625 731 φῶς.
645 706 655 722 ι
684 697 744 724 Ἐπὶ
765 699 819 734 γὰρ
844 699 890 726 τοῦ

100 744 178 775 θεοῦ,
195 745 265 770 κατά
281 751 312 776 γε
328 743 378 777 τὴν
395 742 532 778 ἡμετέραν
546 742 690 777 ὑπόληψιν,
706 743 736 769 τὸ
751 744 831 779 ἔργον
845 744 890 771 λό-

100 798 147 822 γος
162 789 230 815 ὲστί.
245 789 317 815 Διότι
333 789 387 815 πᾶν
405 788 436 814 τὸ
450 789 601 823 γινόμενον,
618 788 689 824 λόγῳ
710 789 827 823 γίνεται’
845 791 891 817 καὶ

100 835 195 869 ἄλογόν
217 843 243 860 τι
268 834 315 861 καὶ
342 834 501 869 συντυχικὸν
526 834 573 860 καὶ
599 834 752 868 αὐτόματον
779 836 807 861 ἐν
836 838 891 867 τοῖς

101 882 191 909 θεόθεν
215 881 352 917 ὑφεστῶσι
373 883 474 909 νοεῖται
499 882 586 908 οὐδέν.
613 881 693 908 Ἀλλὰ
716 882 768 917 χρὴ
784 883 891 918 ἑκάστῳ

100 927 155 953 τῶν
178 927 262 954 ὄντων
286 928 334 954 καὶ
356 927 434 961 λόγον
457 927 518 954 τινὰ
542 928 622 962 σοφόν
646 936 675 954 τε
699 928 745 954 καὶ
769 928 891 963 τεχνικὸν

101 973 239 1006 ἐγκεῖσθαι
261 973 414 1004 πιστεύειν,
441 973 493 1000 κᾶν
508 975 630 1009 κρεῖττον
682 975 731 1008 τῆς
754 974 891 1008 ἡμετέρας

100 1018 198 1052 ὅψεως.
207 1018 240 1044 Τί
250 1016 296 1044 οὖν
306 1017 382 1044 εἶπεν
392 1019 405 1044 ὁ
415 1018 490 1050 Θεὸς,
504 1019 596 1054 ἐπειδὴ
608 1018 686 1052 λόγου
698 1020 888 1055 παραστατική

101 1063 175 1089 ἐστιν
189 1064 205 1098 ἡ
220 1063 330 1098 τοιαύτη
349 1064 436 1099 φωνὴ,
456 1063 626 1098 θεοπρεπῶς,
646 1065 683 1095 ὡς
695 1062 780 1099 οἶμαι,
795 1066 888 1100 νοήσο·

103 1117 153 1143 μεν
167 1109 206 1137 sl;
222 1108 268 1135 τὸν
281 1109 439 1144 ἐγκείμενον
460 1109 508 1144 τῆς
528 1110 643 1141 κτίσεως
657 1109 736 1144 λόγον
755 1110 785 1136 τὸ
810 1110 890 1146 ῥητὸν

101 1154 292 1188 ἀναφέροντες.
322 1154 401 1181 Οὕτω
420 1155 473 1190 γὰρ
502 1155 549 1181 καὶ
577 1156 590 1181 ό
621 1155 708 1189 μέγας
735 1155 816 1182 Δαϐὶδ
842 1156 890 1187 τὰς

101 1199 228 1231 τοιαύτας
243 1201 333 1234 φωνὰς
357 1201 422 1236 ἡμῖν
440 1200 593 1236 ἐξηγήσατο
608 1200 709 1227 εἰπών·
725 1211 734 1227 ι
755 1201 846 1228 Πάντα
863 1203 890 1228 ὲν

103 1245 183 1279 σοφίᾳ.
198 1245 343 1281 ἐποίησας.
354 1255 363 1272 ι
385 1246 425 1272 Τὰ
440 1246 493 1281 γὰρ
510 1246 697 1280 προστακτικὰ
714 1246 763 1281 τῆς
776 1246 828 1272 τῶν
846 1246 889 1272 ὅν-

103 1298 155 1316 των
171 1290 284 1322 κτίσεως
309 1291 430 1326 ῥήματα,
444 1289 462 1316 ἃ.
483 1290 558 1324 παρά
571 1289 618 1315 τοῦ
634 1290 773 1322 Μωῦσέως
794 1291 826 1316 ὲκ
842 1291 890 1326 τῆς

103 1335 177 1367 θείας
196 1336 288 1370 φωνῆς
304 1336 520 1370 ἀναγέγραπται,
542 1334 628 1362 ταῦτα
645 1336 659 1361 ὁ
680 1335 761 1362 Δαὸὶδ
783 1335 831 1371 τὴν
849 1337 890 1362 ὲν-

103 1379 293 1415 θεωρουμένην
308 1382 364 1412 τοῖς
382 1381 505 1414 γεγονόσι
528 1381 623 1414 σοφίαν
639 1381 791 1416 ὠνόμασεν.
810 1381 892 1408 Ὅθεν

102 1423 150 1449 καὶ
170 1423 320 1458 διηγεῖσθαι
337 1424 411 1458 λέγει
424 1425 487 1456 τοὺς
501 1425 633 1460 οὐρανοὺς
648 1425 728 1456 δόξαν
744 1425 810 1451 Θεοῦ
821 1446 828 1457 ,
843 1425 891 1461 δη-

103 1467 169 1502 λαδὴ
191 1468 240 1502 τῆς
256 1468 458 1504 ἐμφαινομένης
469 1470 561 1501 αὑτοῖς
575 1471 702 1506 τεχνικῆς
717 1470 832 1507 θεωρίας
848 1471 892 1498 διὰ

102 1513 152 1547 τῆς
166 1513 325 1548 ἐναρμονίου
338 1515 498 1550 περιφορᾶς,
511 1515 571 1540 ἀντὶ
584 1515 662 1549 λόγου
677 1516 822 1551 γινομένης
835 1517 891 1548 τοῖς

103 1558 293 1592 ἑπιστήμοσιν.
314 1557 405 1583 Εἰπὼν
422 1558 475 1593 γὰρ
489 1558 648 1592 ,διηγεῖσθαι
662 1560 726 1590 τοὺς
748 1559 889 1594 οὐρανοὺς,

104 1603 151 1630 λαὶ
163 1603 338 1637 ἀναγγέλλειν
352 1605 382 1630 τὸ
396 1604 548 1639 στερέωμα,
560 1605 712 1640 διορθοῦται
726 1607 787 1637 τοὺς
805 1607 891 1642 παχύ-

939 251 1035 281 staque
1046 248 1149 277 essent,
1168 245 1240 280 ignis
1258 243 1304 278 qui
1320 243 1421 278 ubique
1439 243 1634 271 disseminatus
1652 246 1722 273 erat,

938 281 1072 320 obscurus
1094 290 1212 324 iacebat,
1236 289 1410 323 materimque
1435 288 1594 324 impotentia
1618 287 1724 322 suppri-

938 337 1065 364 mebatur
1093 343 1211 363 :verum
1237 334 1368 370 quoniam
1401 334 1443 362 vis
1469 334 1529 369 ejus
1547 334 1625 361 velox
1643 337 1725 368 atque

940 381 1019 416 agilis
1029 385 1082 413 est,
1094 381 1174 408 simul
1186 385 1268 416 atque
1282 387 1373 408 rerum
1390 383 1496 407 naturae
1509 379 1542 406 ad
1559 379 1654 405 mundi
1663 386 1726 405 con-

941 427 1110 455 stitutionem
1124 434 1139 453 a
1153 425 1207 453 Deo
1223 429 1315 453 motus
1327 425 1493 461 principium
1505 429 1586 460 atque
1601 424 1725 451 incitatio

940 472 1062 500 adhibita
1078 477 1131 506 est,
1158 477 1223 500 ante
1247 473 1292 499 illa
1310 472 1402 500 omnia
1420 479 1480 507 quae
1504 471 1630 507 graviora
1649 474 1724 502 sunt,

938 518 1082 551 Exsiliens,
1096 517 1201 545 lumine
1214 520 1315 545 cuncta
1331 516 1422 544 statim
1439 515 1596 543 illustravit.
1609 513 1666 541 Hoc
1679 521 1727 540 au-

941 567 995 591 tem
1023 564 1161 599 sapientize
1182 563 1288 591 ratione
1320 562 1384 590 fecit
1407 562 1527 597 potentia
1559 560 1727 592 conditoris,

940 610 998 645 qui,
1015 613 1047 637 ut
1075 610 1135 645 ejus
1159 609 1280 645 jubentis
1309 609 1398 636 oratio
1421 616 1436 635 a
1459 607 1534 635 Mose
1551 606 1728 639 describitur,

944 664 953 680 ε
970 653 1142 688 Fiat,inquit
1156 671 1164 685 ,
1194 653 1240 680 lux
1256 672 1264 686 ,
1285 657 1312 682 et
1340 652 1412 681 facta
1440 656 1484 680 est
1506 653 1552 679 lux
1565 652 1595 678 ':
1615 662 1623 678 ι
1641 651 1729 679 oratio

941 701 1012 727 enim
1039 704 1065 727 ct
1086 701 1155 727 ratio
1178 700 1205 727 in
1225 699 1289 732 Deo,
1306 704 1335 727 ut
1362 707 1411 734 ego
1437 699 1534 732 sentio,
1552 702 1594 726 est
1619 705 1688 733 opus
1702 701 1729 725 et

942 745 1053 772 factum.
1069 745 1205 780 Quidquid
1224 745 1295 772 enim
1319 745 1352 771 ab
1367 752 1398 772 eo
1412 744 1452 777 ﬁt,
1470 744 1575 772 ratione
1602 742 1641 770 lit.
1660 742 1728 770 Etin

941 791 975 819 iis
985 799 1045 826 qua:
1057 798 1072 817 a
1082 790 1136 819 Deo
1147 790 1369 826 proﬁciscuntur,
1382 790 1449 816 nihil
1463 797 1477 816 a
1488 789 1593 817 ratione
1599 788 1728 821 alienum,

941 837 1009 864 nihil
1038 836 1220 864 inordinatum
1251 841 1297 864 aut
1325 836 1465 864 fortuitum
1492 835 1728 863 animadvertitur.

941 882 1032 915 Quare
1044 883 1208 910 credendum
1225 887 1277 914 est,
1294 883 1323 910 in
1343 883 1424 910 rebus
1447 881 1563 917 singulis
1578 882 1728 917 sapientem

941 928 1085 964 quamdam
1101 935 1132 955 ac
1144 928 1269 955 solertem
1283 928 1372 955 inesse
1384 928 1527 959 rationem,
1546 927 1624 962 longe
1636 929 1727 953 tamen

942 973 1168 1008 praestantiorem,
1184 981 1264 1008 quam
1279 977 1312 1000 ut
1323 977 1433 1008 aspectu
1446 975 1540 1000 nostro
1551 971 1728 1006 comprehen-

941 1018 1031 1045 datur.
1051 1018 1129 1051 Quod
1141 1019 1224 1053 igitur
1238 1018 1307 1045 dixit
1329 1020 1409 1051 Dcus,
1422 1018 1530 1053 quando
1547 1017 1663 1045 rationis
1677 1017 1729 1044 im-

941 1065 1062 1098 perantis
1073 1072 1104 1091 ca
1121 1072 1170 1090 vox
1185 1068 1237 1096 est,
1253 1071 1307 1091 non
1323 1063 1474 1098 indignam,
1490 1062 1598 1098 opinor,
1616 1062 1672 1090 Deo
1686 1070 1730 1090 co-

941 1109 1099 1144 gitationem
1117 1109 1308 1144 suscipiemus,
1333 1111 1355 1137 si
1378 1109 1411 1136 ad
1439 1110 1570 1136 rationem
1603 1110 1642 1136 rei
1664 1117 1728 1143 pro—

941 1159 1040 1182 creatae
1056 1155 1165 1182 insitam
1193 1155 1294 1182 dictum
1318 1155 1501 1183 retulerimus.
1522 1155 1568 1182 Sic
1588 1155 1661 1182 enim
1679 1155 1728 1181 has

942 1207 1022 1227 voces
1044 1208 1159 1235 magnus
1171 1201 1252 1228 etiam
1269 1200 1353 1227 David
1368 1200 1446 1227 nobis
1458 1200 1583 1234 exposuit
1598 1209 1604 1227 :
1627 1209 1637 1226 ι
1664 1199 1729 1227 0m-

941 1246 998 1278 nia,
1014 1255 1023 1272 ι
1043 1246 1180 1280 inquiens,
1194 1255 1204 1273 ε
1222 1246 1249 1273 in
1262 1246 1394 1281 sapientia
1411 1245 1498 1273 fecisti
1509 1246 1530 1272 '.
1543 1255 1552 1271 ι
1562 1245 1629 1272 Nam
1644 1245 1728 1280 impe-

941 1292 1028 1319 rantia
1045 1299 1135 1319 rerum
1153 1291 1323 1319 conditarum
1345 1292 1434 1322 verba.
1452 1298 1511 1326 qua:
1530 1291 1627 1319 aMose
1638 1299 1670 1318 ex
1689 1291 1729 1318 di-

941 1338 1003 1365 vina
1023 1345 1088 1364 voce
1108 1337 1245 1371 descripta
1260 1341 1334 1367 sunt.
1365 1337 1448 1364 David
1477 1337 1535 1372 ipsc
1554 1341 1728 1372 conspectam

942 1383 968 1411 in
983 1383 1063 1410 rebus
1080 1382 1216 1417 generatis
1237 1383 1397 1418 sapientiam
1420 1383 1575 1418 appellavit.
1596 1383 1729 1416 Quocirca

942 1428 1027 1455 cmlos
1038 1428 1117 1455 etiam
1134 1427 1170 1454 ait
1181 1434 1292 1454 narrare
1306 1427 1419 1462 gloriam
1432 1427 1479 1454 Dei
1497 1427 1528 1454 '°.
1544 1427 1729 1454 Artiﬁciosum

942 1473 1080 1505 nimirum.
1094 1473 1179 1512 .quod
1195 1473 1222 1500 in
1249 1473 1317 1508 ipsis
1332 1480 1364 1500 ex
1387 1473 1575 1501 conversionis
1595 1477 1728 1500 concentu

945 1519 1130 1554 spectaculum
1155 1520 1266 1552 visitur,
1282 1520 1353 1555 apud
1368 1521 1471 1556 peritos
1483 1528 1596 1548 munere
1607 1520 1730 1556 fungitur

943 1565 1086 1593 orationis.
1105 1565 1196 1594 (Icelos
1220 1570 1310 1593 autem
1324 1573 1464 1598 enarrare,
1488 1570 1514 1594 et
1529 1566 1727 1594 ﬁrmamentum

942 1610 1106 1638 annuntiare
1127 1610 1232 1643 dicens,
1258 1610 1349 1638 erudit
1364 1618 1422 1641 eos.
1440 1611 1485 1645 qui
1496 1610 1631 1645 ejusmodi
1647 1611 1729 1638 verba

103 1657 178 1683 rapo»
191 1650 244 1676 τῶν
259 1649 412 1685 λεγομένων
430 1650 578 1682 ἀκούοντας
587 1659 594 1665 ·
609 1652 655 1677 καὶ
668 1652 732 1683 ἴσως
743 1652 789 1678 καὶ
800 1652 890 1687 φωνῆς

942 1656 1064 1683 crassius
1081 1655 1272 1691 intelligerent,
1289 1659 1316 1683 et
1344 1655 1461 1684 fortasse
1475 1657 1549 1684 vocis
1572 1657 1652 1683 etiam
1682 1665 1729 1684 so-

102 1691 168 1728 ἦχον
176 1695 222 1720 καὶ
230 1694 307 1728 λόγον
314 1694 443 1730 ἔναρθρον
449 1695 481 1721 ἐκ
489 1695 538 1730 τῆς
546 1695 600 1722 τῶν
608 1697 729 1731 οὐρανῶν
739 1697 890 1733 διηγήσεως

103 1740 348 1775 προσδεχομένους,
372 1741 401 1766 ὲν
423 1739 463 1772 οἷς
477 1749 569 1777 φησιν,
584 1742 624 1769 ὃτι
646 1743 703 1769 Οὐκ
720 1743 774 1769 εἰσὶ
789 1743 889 1775 λαλιαὶ,

104 1785 164 1811 οὑδὲ
192 1785 266 1820 λόγοι
291 1782 329 1812 ὧν
356 1787 416 1821 οὐχὶ
446 1787 592 1814 ἀκούονται
619 1788 646 1814 αἱ
676 1788 764 1822 φωναὶ
789 1788 889 1821 αὑτῶν.

104 1830 146 1856 ἵνα
168 1830 241 1866 δείξῃ
272 1833 313 1858 ὃτι
335 1833 351 1866 ἠ
378 1833 407 1858 ὲν
432 1834 464 1868 τῇ
489 1833 577 1860 κτίσει
601 1833 774 1869 θεωρουμένη
800 1823 891 1868 σοφία,

103 1875 180 1909 λόγος
195 1877 264 1908 ἐστὶ,
277 1877 329 1903 κᾶν
346 1877 383 1912 μὴ
400 1876 529 1913 ἔναρθρος
587 1877 643 1904 Καὶ
658 1878 738 1904 πάλιν
754 1878 800 1905 τοῦ
814 1879 893 1906 Μωῡ-

103 1919 172 1952 σέως
192 1921 342 1953 διεξοδικὰς
357 1930 434 1953 τινας
456 1921 503 1947 τοῦ
523 1921 590 1948 Θεοῦ
611 1922 702 1956 φωνὰς
726 1923 792 1958 πρὸς
812 1923 892 1951 αὑτὸν

103 1965 266 2000 γεγενῆσθαι
285 1966 407 1997 εἰπόντος
421 1967 450 1992 ὲν
470 1968 504 2002 τῇ
523 1967 724 2003 Θαυματοποιίᾳ
737 1968 791 1994 τῶν
805 1969 834 1994 ἐν
850 1969 895 1995 Ai-

104 2011 200 2045 γύπτῳ
217 2011 347 2045 σημείων,
365 2011 528 2048 ὑψηλότερον
545 2012 561 2048 ἢ
577 2013 647 2040 κατὰ
659 2013 708 2049 τὴν
721 2014 774 2040 τῶν
787 2014 892 2040 πολλῶν

105 2054 238 2089 ὑπόληψιν
253 2056 268 2081 ὁ
285 2055 437 2091 Ψαλμῳδὸς
453 2056 605 2092 ἐξηγήσατο
619 2057 714 2089 εἰπὼν,
730 2067 740 2084 ι
757 2058 853 2085 Ἔθετο
864 2059 892 2085 ὲν

104 2101 196 2132 αὑτοῖς
222 2101 284 2132 τοὺς
309 2102 411 2135 λόγους.
427 2102 481 2129 τῶν
504 2102 625 2138 σημείων
652 2103 744 2136 αὑτοῦ,
769 2104 816 2130 καὶ
837 2103 893 2130 τῶν

104 2147 225 2181 τεράτων
239 2147 322 2174 αὑτοῦ
337 2149 365 2174 ἐν
380 2149 415 2183 γῇ
431 2148 505 2183 Χάμ.
524 2157 534 2174 ι
552 2149 598 2184 Τῷ
613 2149 666 2184 γὰρ
684 2148 756 2184 λόγῳ
775 2149 827 2176 τινὶ
843 2149 893 2184 τὴν

95 2193 309 2228 ,ὁπεργαστικὴν
329 2194 444 2220 ἑκάστου
469 2193 524 2220 τῶν
544 2196 695 2229 γινομένων
717 2194 830 2229 δύναμιν
852 2196 893 2227 εἰς

104 2238 244 2272 ἐνέργειαν
264 2237 395 2272 ἄγεσθαι,
417 2238 511 2272 σαφῶς
525 2238 570 2265 διὰ
583 2239 631 2274 τῆς
651 2240 742 2274 φωνῆς
758 2239 859 2274 ταύτης
879 2240 893 2265 ὁ

104 2282 255 2318 Ψαλμῳδὸς
274 2282 433 2318 ὑπῃνίξατο,
449 2283 486 2315 ὡς
502 2283 551 2310 οὑκ
569 2284 599 2310 ὲν
613 2285 732 2319 ῥήμασιν
746 2284 821 2316 δντος
843 2284 892 2311 τοῦ

942 1709 1017 1732 num,
1037 1701 1250 1736 distinctumque
1262 1708 1415 1729 sermonem
1433 1709 1466 1728 ex
1480 1702 1635 1729 narratione
1647 1702 1730 1729 cmlo-

941 1754 1001 1773 rum
1012 1751 1212 1782 exspectarent,
1229 1747 1292 1774 dum
1306 1746 1393 1781 inquit
1411 1747 1443 1778 ”.
1463 1754 1517 1774 non
1532 1754 1592 1774 esse
1609 1746 1731 1782 loquelas

941 1801 1029 1828 aeque
1046 1801 1195 1826 sermones,
1222 1793 1321 1828 quibus
1341 1801 1393 1819 non
1421 1793 1568 1819 audiantur
1591 1800 1672 1820 voces
1684 1800 1732 1819 eo-

942 1846 1014 1870 rum,
1031 1843 1061 1866 ut
1081 1838 1253 1873 sapientiam,
1274 1845 1334 1873 quae
1353 1838 1379 1864 in
1396 1837 1478 1865 rebus
1493 1837 1642 1872 procreatis
1670 1845 1732 1872 per-

943 1885 1067 1920 spicitur,
1092 1885 1244 1912 orationem
1261 1892 1322 1912 esse
1341 1884 1468 1916 declaret,
1491 1883 1552 1910 licet
1565 1882 1635 1912 haud
1662 1884 1731 1911 arti-

943 1931 1033 1958 culate
1051 1930 1233 1965 distincteque
1248 1937 1301 1957 non
1324 1929 1523 1965 pronuntietur.
1536 1928 1652 1961 Rursus,
1667 1937 1730 1956 cum

942 1976 1095 2010 magniﬁcis
1118 1975 1281 2010 quibusdam
1304 1975 1417 2003 vocibus
1436 1974 1521 2002 Deum
1539 1975 1591 2003 sibi
1609 1975 1729 2002 locutum

943 2029 1005 2049 esse
1017 2022 1130 2050 dixisset
1146 2021 1244 2053 Moses,
1269 2021 1333 2048 dum
1350 2021 1509 2048 admiranda
1521 2021 1566 2047 illa
1577 2021 1654 2054 signa
1668 2021 1732 2048 ede-

943 2070 985 2094 ret
997 2067 1022 2094 in
1035 2066 1162 2102 lEgypto,
1175 2066 1202 2093 id
1216 2067 1274 2101 ipse
1286 2065 1370 2093 David
1382 2066 1526 2093 sublimius
1541 2066 1637 2099 multo,
1649 2074 1730 2101 quam

945 2116 975 2139 ut
993 2112 1108 2148 quilibet
1127 2113 1290 2148 suspicetur,
1316 2112 1461 2146 explicavit
1479 2131 1487 2143 ,
1506 2122 1515 2137 ‹
1533 2110 1639 2143 Posuit,
1659 2120 1668 2138 ι
1689 2112 1731 2139 in-

945 2158 1053 2193 quiens.
1075 2167 1084 2184 ι
1101 2158 1127 2184 in
1145 2158 1186 2185 eis
1201 2157 1283 2185 verba
1299 2157 1438 2192 signorum
1456 2156 1527 2191 ejus,
1546 2161 1572 2184 et
1594 2157 1733 2192 prodigio-

944 2211 1004 2231 rum
1020 2203 1107 2239 ipsius
1123 2203 1150 2230 in
1165 2206 1240 2230 terra
1253 2202 1337 2229 (Iliam
1351 2202 1382 2229 ".
1403 2211 1413 2228 ι
1434 2201 1489 2228 Hac
1502 2202 1575 2229 enim
1589 2209 1654 2230 voce
1666 2201 1732 2230 Pro-

945 2248 1036 2282 pheta,
1048 2248 1101 2275 vim
1121 2255 1214 2274 earum
1229 2254 1319 2274 rerum
1340 2246 1540 2274 admirabilium
1556 2245 1730 2279 eﬂ'ectricem,

944 2292 1051 2318 ratione
1063 2291 1181 2326 quadam
1203 2298 1249 2318 eas
1260 2294 1428 2322 exsecutam,
1448 2290 1606 2325 planissime
1617 2291 1731 2319 demon-

103 2327 192 2361 λόγου,
209 2327 277 2354 ἀλλὰ
289 2328 338 2364 τῆς
351 2329 391 2360 είς
402 2329 436 2355 τὰ
450 2331 549 2364 σημεῖα
562 2329 711 2365 δυνάμεως,
727 2330 812 2362 οὑτως
824 2331 890 2357 ὠνο-

942 2335 1047 2367 stravit,
1059 2343 1120 2362 cum
1130 2342 1184 2362 non
1193 2336 1325 2362 rationem
1334 2335 1361 2362 in
1368 2335 1459 2362 verbis
1469 2335 1675 2369 consistentem,
1685 2336 1731 2364 sed

104 2374 257 2409 μασμένης.

139 2427 241 2455 Οὐκοῦν
273 2428 320 2456 καὶ
350 2429 466 2456 ἐνταῦθα
496 2429 651 2465 προέδραμε
680 2431 729 2465 μὲν
751 2431 797 2457 καὶ
822 2431 890 2458 ἀπε-

101 2473 184 2509 κρίθη
210 2473 264 2499 τῶν
288 2473 372 2500 ὄντων
400 2474 429 2499 ὲν
441 2473 479 2508 τῷ
490 2475 568 2509 ταχεῖ
589 2482 618 2501 τε
632 2475 679 2501 καὶ
696 2475 830 2510 εὐκινήτῳ
843 2475 892 2510 τῆς

102 2519 209 2554 φύσεως
220 2520 237 2554 ὴ
252 2519 402 2554 φωτιστικὴ
417 2518 541 2553 δύναμις,
558 2519 657 2554 ἑαυτὴν
671 2519 725 2546 τῶν
739 2520 892 2556 ἐτεροφυῶν

102 2565 305 2599 ἀποκρίνουσα,
329 2565 376 2591 καὶ
399 2564 429 2590 τὸ
451 2564 639 2599 περιλαμφθὲν
670 2565 742 2591 ἆπαν
771 2565 815 2591 διὰ
840 2565 889 2600 τῆς

101 2611 311 2646 ἀπαυγαστικῆς
331 2609 413 2637 αὑτοῦ
433 2609 573 2645 δυνάμεως
593 2605 791 2646 κατεφωτίσθη.
808 2607 843 2645 ᾯ
861 2611 889 2637 δὲ

101 2655 176 2690 λόγῳ
191 2655 278 2682 ταῦτα
295 2657 400 2691 ἐνεργεί
415 2655 462 2682 τοῦ
477 2655 563 2690 πυρὸς
577 2656 594 2691 ἠ
609 2656 697 2688 οὐσία,
718 2656 799 2691 μόνου
822 2656 888 2682 Θεοῦ

102 2700 176 2726 ἐστιν
192 2701 289 2733 εἰπεῖν,
304 2700 350 2726 τοῦ
365 2699 565 2736 ὲναποθεμένου
580 2700 626 2726 τὸν
639 2699 800 2734 φωτιστικὸν
813 2700 890 2734 λόγον

101 2745 136 2780 τῇ
153 2744 248 2779 φύσει·
263 2747 310 2771 καὶ
322 2745 401 2772 τοῦτο
413 2745 457 2772 διὰ
473 2746 522 2780 τῆς
543 2745 610 2777 ιδίας
627 2745 735 2780 γραφῆς
753 2745 798 2771 καὶ
811 2746 826 2771 ό
843 2745 892 2780 μέν

139 2843 150 2860 ⁸
166 2842 234 2871 Gen.
252 2842 272 2873 Ι.
292 2843 319 2869 5.
358 2844 367 2859 ¹
388 2842 460 2870 Psal.
484 2851 541 2875 cm,
565 2844 610 2871 Ἃ.
650 2845 670 2860 ¹⁰
691 2843 762 2872 Psal.
784 2831 861 2876 ιιι-ιιι,
880 2843 906 2869 2.

219 2892 353 2921 Ριτκοι..
374 2891 433 2923 Gn.
452 2891 561 2922 XLIV.

946 2381 1085 2416 signorum
1096 2380 1298 2408 emciendorum
1314 2384 1474 2416 potestatem
1490 2381 1527 2408 ita
1542 2381 1705 2409 nominaret.

981 2427 1028 2454 Sic
1055 2427 1137 2462 igitur
1161 2427 1243 2454 etiam
1274 2430 1339 2454 tunc
1359 2427 1515 2460 antevertit,
1542 2432 1568 2455 et
1594 2427 1732 2455 celeritate

946 2472 1150 2508 mobilitateque
1164 2480 1223 2505 sua,
1237 2472 1277 2500 vis
1293 2472 1464 2500 illuminandi
1487 2479 1501 2500 a
1516 2480 1605 2500 rerum
1621 2473 1731 2500 univer-

946 2519 1026 2546 sitate
1038 2518 1163 2550 secessit,
1179 2525 1261 2552 seque
1282 2515 1418 2552 ipsam‘ab
1439 2518 1499 2546 aliis
1511 2518 1618 2545 naturis
1636 2518 1732 2553 sejun-

946 2565 995 2601 xit,
1010 2568 1091 2599 atque
1106 2565 1142 2591 ita
1154 2563 1294 2599 splendida
1308 2564 1381 2592 illius
1392 2564 1513 2599 potentia
1522 2564 1673 2592 illustratus
1689 2568 1732 2592 est

943 2610 1028 2638 orbis.
1045 2609 1103 2642 Qua
1115 2614 1205 2636 autem
1217 2609 1324 2637 ratione
1333 2609 1391 2636 haec
1412 2609 1532 2637 ell‘ecerit
1541 2609 1611 2645 ignis
1621 2613 1730 2641 natura,

943 2656 1028 2683 solius
1055 2655 1102 2683 Dei
1116 2660 1158 2683 est
1184 2655 1330 2690 explicare,
1345 2656 1391 2691 qui
1419 2660 1522 2683 natura
1535 2656 1588 2683 vim
1618 2656 1734 2683 inseruit

945 2701 1116 2728 illuminandi
1132 2705 1213 2735 atque
1241 2701 1396 2728 illustrandi
1414 2701 1486 2735 quod
1514 2701 1655 2736 Scriptura
1682 2707 1731 2727 sua

944 2753 1059 2782 magnus
1084 2746 1166 2773 etiam
1189 2745 1278 2773 Moses
1304 2749 1429 2777 testatur,
1453 2753 1514 2773 cum
1535 2746 1573 2772 ait
1593 2755 1599 2773 :
1624 2755 1634 2771 ι
1659 2744 1733 2771 Dixit

946 2844 966 2860 "
988 2844 1054 2873 Ibid.
1075 2845 1100 2873 4.
1136 2845 1162 2878 ,¹¹
1183 2844 1254 2873 Psal.
1275 2853 1327 2878 ειν,
1343 2844 1387 2871 27.
