1976 3077
228 127 258 155 15
853 124 881 151 s.
902 121 1068 152 GREGORII
1087 121 1233 150 mssam
1813 128 1848 157 π

223 187 305 218 Deus,
320 186 379 213 Fiat
393 187 454 219 lux;
471 195 479 211 ι
493 184 627 220 ejusmodi
643 184 742 217 verbis,
755 187 784 211 ut
799 184 916 211 arbitror
930 183 1015 218 signi-

1068 190 1117 215 γας
1138 184 1304 220 μαρτύρεται
1325 184 1455 220 Μωῦσῆς,
1473 185 1502 210 ἐν
1523 182 1562 216 οἷς
1589 194 1681 221 φησιν,
1705 186 1746 212 ὅτι
1768 195 1776 212 ι
1793 188 1849 214 Kal

223 233 319 263 ticaus.
333 233 450 259 divinam
468 232 617 258 oralionem
636 238 698 258 esse
715 230 784 256 lucis
813 237 882 264 opus
902 235 1009 256 onmem

223 278 367 305 humanam
379 278 570 312 cogitationem
583 279 769 310 superantem.
783 274 837 302 Nos
851 274 923 302 enim
936 272 1008 308 quod

222 323 323 350 factum
337 327 378 350 est
405 323 592 356 tantummon
607 322 764 357 aspicimus,
778 328 915 355 sensuque
927 319 1010 354 perci-

220 370 320 404 pimus,
338 373 364 396 et
376 369 552 395 admiramur.
575 367 624 395 Ubi
652 373 743 395 autem
759 367 829 401 ignis
843 367 952 393 latitans
969 372 1012 391 re«

222 419 303 449 pcntc
316 418 471 449 generetur,
490 414 548 441 sive
560 422 593 441 ex
612 413 730 448 lapidum
743 412 895 442 collisione,
908 411 966 438 sive
979 417 1011 437 ex

222 460 336 486 aliarum
356 467 446 486 rerum
463 459 557 486 attritu
586 458 718 493 prosiliat,
739 462 765 485 et
781 464 903 491 quamam
918 456 959 483 vis
973 455 1011 487 id,

222 504 295 539 quod
307 505 339 530 ab
352 505 410 538 ipso
424 501 674 538 comprehenditur,
685 502 793 533 exedat,
812 506 894 536 atque
911 509 1012 528 consu-
1030 515 1038 522 -

225 554 290 580 mat,
308 557 421 584 qumque
444 557 534 586 aerem
546 548 653 574 ﬂamma
670 548 822 578 collustret,
849 553 936 582 neque
952 554 1011 573 cer-

223 603 288 621 nere
313 586 469 629 possumus,
491 601 577 628 neque
592 594 645 619 ulla
664 593 828 628 cogitatione
850 591 1012 626 complecti;

222 642 268 668 sed
286 643 311 668 in
330 641 388 668 solo
404 641 456 667 Deo
471 645 525 666 tam
544 639 665 666 miriticae
682 639 718 665 rei
735 639 866 665 rationem
888 637 1014 664 recondi-

222 690 276 712 tam
291 692 351 712 esse
363 685 490 716 dicitnus,
513 684 558 718 qui
577 691 678 710 arcana
705 683 850 718 potestatis
864 683 968 709 ratione
984 681 1012 708 in

222 731 283 765 i;ne
295 730 382 756 lucem
397 730 545 765 ingenerat.
565 728 799 761 Quemadmodum
823 736 948 756 sermone
964 735 1013 755 suo

222 775 312 802 Moses
328 779 481 805 attestatur,
501 784 509 799 (
524 773 606 804 Dixit,
626 783 634 799 ι
660 773 794 808 inquiens,
822 783 831 799 ι
850 773 932 805 Deus,
955 772 1014 800 Fiat

222 821 278 852 lux,
295 825 320 846 et
340 820 410 846 facta
428 824 470 846 est
486 819 541 847 lux.
566 823 592 846 et
608 819 673 846 vidit
689 818 760 846 Deus
776 819 865 846 lucem
883 826 944 846 esse
964 819 1012 845 bo-

223 873 284 891 num
296 865 327 890 ¹³.
349 873 358 889 ›
376 863 444 891 Vere
456 864 527 891 enim
547 863 593 890 Dei
609 863 694 891 solius
706 868 747 891 est
762 863 860 890 intueri
877 863 1012 899 quomodo

223 911 257 937 sit
268 911 303 936 ita
315 910 383 936 bona
395 918 401 942 ;
415 910 584 937 imbecillitas
597 915 685 936 alitem
702 914 806 936 natura:
817 913 926 942 nostra},
939 909 1012 944 quod

223 956 261 988 tit,
285 956 414 990 perspicit
435 955 479 982 illa
507 955 635 990 quidem;
657 963 710 990 qua
735 956 840 982 ratione
855 961 942 982 auteau
956 956 1011 987 ﬁat,

223 1009 272 1028 nec
288 1002 441 1036 perspicere
455 1006 553 1036 potest,
569 1009 618 1028 nec
630 1002 740 1028 laudare
761 1012 766 1028 :
784 998 929 1029 laudantur
940 1002 1011 1028 enim

225 1054 284 1081 quae
313 1050 525 1081 cognoscuntur,
560 1055 614 1074 non
644 1052 732 1074 autem
757 1055 817 1081 quae
842 1047 1011 1081 ignorantur.

227 1103 236 1118 ι
263 1093 335 1119 Vidit
356 1102 364 1118 ι
383 1093 474 1127 igitur,
493 1093 589 1126 inquit,
609 1102 617 1118 ι
635 1093 704 1120 Deus
721 1093 808 1120 lucem
826 1100 886 1120 esse
902 1092 1016 1122 bonam,

222 1142 248 1165 et
263 1138 353 1165 divisit
370 1137 439 1165 Deus
453 1138 524 1164 inter
539 1139 625 1164 lucem
642 1143 666 1165 et
683 1138 852 1165 tenebras“.
865 1148 873 1163 ι
893 1137 1012 1165 Rursum

223 1183 324 1216 Moses,
339 1184 411 1219 quod
431 1183 547 1211 naturali
565 1183 682 1218 quodam
713 1183 814 1211 ordine-
838 1187 919 1218 atque
945 1190 1012 1209 con-

221 1234 302 1256 centu
325 1230 363 1263 iit,
391 1230 546 1257 necessario
563 1229 594 1256 ad
611 1229 694 1256 Deum
719 1233 855 1256 auctorem
871 1227 964 1261 refert,
979 1236 1010 1255 ex

223 1276 257 1303 iis
274 1284 334 1311 qua:
349 1276 420 1303 dicta
450 1281 523 1309 sunt,
551 1280 579 1302 ut
602 1283 652 1310 ego
679 1275 777 1306 sentio.
794 1275 904 1306 docens,
921 1274 1013 1301 omnia

224 1330 285 1356 qua:
311 1322 468 1349 necessario
486 1321 581 1348 ordine
605 1329 635 1347 se.
654 1321 850 1354 consequentia
873 1320 1013 1355 proditum

223 1372 311 1400 erant,
330 1367 384 1395 Deo
397 1368 514 1402 primum
539 1366 624 1394 fuisse
634 1368 752 1402 cognita.
770 1366 874 1393 Etenim
890 1374 950 1393 cum
966 1373 1014 1393 na-

224 1417 286 1439 tura
303 1413 349 1439 illa
372 1412 462 1440 lucida
478 1416 558 1447 atque
580 1412 735 1439 illustrandi
755 1412 809 1438 vim
825 1411 938 1444 habens,
954 1419 1014 1446 quae

226 1456 253 1483 in
285 1464 376 1483 rerum
408 1457 584 1484 universitate
624 1456 802 1483 disseminata
837 1456 1014 1491 dispersaque

226 1506 295 1533 erat,
309 1502 341 1529 ad
365 1502 390 1528 id
406 1502 478 1537 quod
494 1502 545 1529 sibi
561 1506 707 1537 cognatum
723 1509 754 1528 ac
781 1502 869 1529 simile
884 1506 952 1535 erat,
969 1509 1015 1528 ac-

226 1551 359 1578 curreret,
379 1555 462 1582 seque
479 1552 533 1574 tota
548 1548 695 1583 colligeret,
710 1548 866 1575 necessario
880 1555 912 1574 ea
931 1555 991 1582 quae
1001 1555 1016 1574 ιι
1029 1535 1051 1564 c

226 1594 332 1628 reliqua
347 1594 542 1621 elementorum
555 1595 666 1622 materia
684 1599 808 1621 contecta
826 1594 1015 1625 remanebant,

227 1639 444 1667 obscurabanlur
459 1650 465 1666 :
482 1645 508 1666 et
526 1641 582 1667 haec
611 1640 768 1668 obseuratio
795 1641 912 1668 tenebrae
929 1644 1016 1667 erant.

228 1686 305 1719 Quod
323 1686 404 1722 igitur
433 1691 611 1714 consecutum
631 1691 682 1720 est,
711 1695 744 1714 ne
761 1687 822 1722 quis
834 1687 860 1713 in
875 1687 1016 1714 fortuitum

229 1733 345 1767 aliquem
365 1739 457 1759 casum
494 1732 629 1766 rejiceret,
663 1731 752 1759 Moses
776 1739 837 1759 esse
866 1731 913 1759 Dei
949 1739 1018 1766 opus

230 1777 356 1808 asseruit,
371 1779 416 1811 qut
435 1777 515 1804 rebus
531 1777 648 1804 conditis
674 1783 733 1803 eam
748 1777 888 1804 tribuisset
904 1777 1018 1804 faculta-

230 1827 294 1850 tem.
328 1823 399 1858 lgnis
414 1826 503 1850 autem
520 1826 645 1849 naturam
672 1825 698 1849 ct
716 1822 830 1849 celerem
844 1829 915 1854 esse,
943 1825 970 1848 et
985 1821 1018 1848 ad

229 1869 369 1903 superiora
396 1869 560 1901 tendentem,
589 1875 750 1902 semperque
773 1867 909 1899 mobilem,
928 1875 959 1894 ex
985 1867 1019 1894 iis

229 1922 290 1949 qure
315 1914 450 1944 videntur.
471 1914 582 1941 cuilibet
608 1918 690 1948 patet.
711 1913 743 1940 Et
759 1914 814 1940 haec
831 1913 940 1948 quidem
971 1921 1020 1948 per

230 1961 283 1988 hoc
294 1959 456 1994 principium
472 1959 644 1993 intelligenda
671 1963 870 1994 propontmtur.
890 1958 956 1986 Illud
972 1967 1021 1986 au-

230 2010 285 2032 tem
303 2005 329 2032 in
354 2012 452 2039 genere
475 2005 640 2032 narrationis
665 2005 795 2033 historice
824 2012 839 2031 a
856 2004 930 2032 Mose
957 2013 1022 2032 con—

232 2051 363 2084 scriptum
375 2054 432 2078 est:
447 2059 456 2075 ι
470 2049 502 2076 Ει
515 2049 615 2077 factum
629 2055 671 2078 est
682 2058 793 2085 vespere
803 2072 809 2083 ,
826 2055 853 2078 et
867 2049 966 2078 factum
979 2055 1021 2079 est

232 2103 312 2123 mane
328 2096 359 2122 η.
373 2105 381 2121 ι
401 2095 468 2128 Quis
479 2096 550 2123 enim
563 2096 678 2130 ignorat,
694 2103 755 2122 cum
768 2103 812 2123 res
828 2100 975 2131 procreata:
986 2096 1022 2123 ita

233 2142 397 2174 divisaasint,
415 2146 443 2168 ut
454 2141 514 2168 aliae
524 2145 624 2176 mente,
636 2142 694 2169 aliae
708 2142 833 2170 sensibus
845 2142 1022 2177 comprehen-

1062 228 1138 257 εἶπεν
1149 232 1163 257 6
1177 230 1251 261 θεός
1264 230 1409 265 Γενηθήτω
1422 230 1490 264 φῶς·
1506 240 1515 256 ›
1527 230 1606 257 τοῦτο
1617 230 1660 257 διὰ
1671 231 1725 258 τῶν
1738 232 1850 266 είρημέ-

1062 286 1131 310 νων,
1149 277 1186 308 ὡς
1203 274 1290 312 οἶμαι,
1310 276 1396 308 διδοὺς
1407 296 1413 308 ,
1433 276 1473 302 ὄτι
1491 275 1562 307 θεῖος
1580 275 1658 310 λόγος
1679 276 1737 302 ἐστὶ
1751 276 1781 302 τὸ
1802 275 1849 303 τοῦ

1063 323 1150 357 φωτὸς
1177 322 1256 358 ἔργον
1283 323 1373 348 πᾶσαν
1402 321 1507 348 ἔννοιαν
1535 321 1640 356 παριὼν
1663 321 1849 356 ἀνθρωπίνην.

1068 366 1164 402 Ἡμεῖς
1184 367 1232 402 μὲν
1252 367 1306 402 γὰρ
1323 366 1391 401 πρὸς
1407 366 1487 401 μόνον
1500 365 1530 392 τὸ
1546 366 1687 400 γινόμενον
1703 364 1848 400 βλέπομεν,

1063 414 1109 441 καὶ
1123 415 1155 449 τῇ
1177 413 1300 448 αἰσθήσει
1320 413 1350 439 τὸ
1365 411 1457 447 θαῦμα
1473 411 1616 447 δεχόμεθα.
1634 411 1689 438 Ποῦ
1704 411 1733 438 δὲ
1750 409 1779 437 τὸ
1794 411 1849 446 πῦρ

1062 459 1237 494 διαιτώμενον
1248 458 1352 493 ἀθρόως
1364 459 1545 492 ἁπογεννᾶται
1557 465 1564 472 ·
1581 458 1606 483 εί
1617 458 1650 483 ἐκ
1661 458 1711 492 τῆς
1723 455 1850 491 συμπτώ-

1064 513 1133 536 σεως
1147 504 1199 531 τῶν
1213 505 1335 540 ψηφίδων
1355 503 1575 538 ἁναπαλλόμενον
1596 522 1605 537 ,
1621 503 1653 529 ὲκ
1672 502 1767 528 τινων·
1784 501 1800 536 ἢ
1818 503 1849 528 ἐκ

1063 551 1134 583 τίνος
1149 550 1231 586 ἄλλης
1246 549 1314 586 πρὸς
1328 549 1428 584 ἑαυτὴν
1446 548 1585 583 τριϐείσης
1595 555 1601 562 ⁵
1620 547 1667 573 καὶ
1679 546 1721 578 τίς
1738 547 1754 581 ἡ
1770 545 1850 573 δύνα-

1065 605 1120 631 μις,
1139 595 1155 630 ἡ
1171 595 1200 622 τὸ
1214 595 1262 630 μὲν
1279 594 1457 630 περιδραχθὲν
1471 594 1515 619 ὑπ’
1532 592 1613 619 αὐτοῦ
1629 591 1789 623 διεσθίουσα,
1804 590 1848 616 τὸν

1062 642 1090 669 δὲ
1105 642 1173 678 ἀέρα
1185 643 1217 677 τῇ
1230 641 1309 675 φλογὶ
1321 639 1540 673 καταυγάζουσα,
1553 638 1614 665 οὕτε
1627 638 1688 664 ἰδεῖν
1700 637 1848 672 δυνάμεθα,

1062 687 1124 714 οὔτε
1142 687 1245 714 ἔννοιάν
1263 695 1325 713 τινα
1344 685 1408 720 περὶ
1420 685 1515 711 τούτου
1535 683 1643 710 λαϐεῖν·
1658 682 1715 709 ἀλλ’
1729 682 1757 709 ἐν
1776 682 1848 717 μόνῳ

1062 734 1102 769 τῷ
1120 733 1179 768 Θεῷ
1195 733 1240 760 τὸν
1258 732 1337 766 λόγον
1357 731 1407 766 τῆς
1425 729 1576 765 παραδόξου
1589 728 1692 763 ταύτης
1714 727 1849 762 θαυματο-

1063 781 1154 811 ποιίας
1175 778 1336 806 ἀποκεῖσθαι
1358 785 1462 812 φαμεν,
1485 775 1524 810 τῷ
1545 776 1688 810 ποιήσαντι
1711 773 1781 800 κατὰ
1803 773 1849 799 τὸν

1064 827 1181 862 ἄρρητον
1200 826 1250 860 τῆς
1270 824 1410 859 δυνάμεως
1430 823 1525 856 λόγον,
1545 820 1706 856 γεννηθῆναι
1723 818 1760 854 τῷ
1783 818 1850 851 πυρὶ

1064 874 1094 899 τὸ
1107 872 1174 907 φῶς.
1193 870 1292 902 Καθὼς
1303 871 1317 896 ὁ
1335 870 1453 904 Μωῡσῆς
1464 870 1492 895 ὲν
1503 868 1541 903 τῷ
1557 867 1613 902 ἰδίῳ
1627 867 1698 901 λόγῳ
1715 865 1851 901 μαρτύρε-

1063 929 1124 950 ται,
1139 919 1180 945 ὅτι
1202 929 1210 943 ι
1232 917 1287 944 Καὶ
1308 915 1383 942 εἶπεν
1405 916 1419 942 ὁ
1442 915 1522 947 Θεὸς,
1546 913 1689 948 Γενηθήτω
1706 911 1781 946 φῶς,
1802 911 1850 937 καὶ

1064 965 1172 999 ἐγένετο
1193 963 1258 998 φῶς·
1285 962 1331 989 καὶ
1353 960 1422 988 εἶδεν
1437 963 1451 988 ὁ
1465 961 1530 992 Θεὸς
1546 960 1575 986 τὸ
1592 959 1649 994 φῶς
1665 959 1707 985 ὅτι
1722 957 1814 984 καλὸν.
1837 965 1847 982 ι

1065 1012 1153 1039 Μάνου
1173 1010 1227 1045 γὰρ
1297 1008 1404 1043 ἀληθῶς
1426 1006 1493 1033 θεοῦ
1516 1006 1546 1032 τὸ
1568 1006 1646 1037 ἰδεῖν,
1664 1005 1737 1035 ὅπως
1753 1003 1786 1030 ἂν
1804 1002 1851 1036 γέ-

1065 1066 1136 1085 νοιτο
1149 1057 1178 1083 τὸ
1194 1056 1266 1083 οὕτω
1281 1055 1363 1082 καλόν
1374 1063 1379 1069 ·
1392 1055 1408 1089 ἡ
1420 1053 1447 1079 δὲ
1458 1053 1507 1087 τῆς
1519 1051 1655 1087 ἡμετέρας
1666 1049 1772 1084 φύσεως
1783 1056 1851 1074 πτω·
1862 1051 1884 1074 Ἷ

1065 1104 1136 1139 χεία,
1156 1102 1186 1128 τὸ
1203 1101 1251 1135 μὲν
1265 1101 1404 1134 γινόμενον
1426 1097 1533 1133 βλέπει,
1551 1096 1595 1122 τὸν
1616 1095 1644 1122 δὲ
1663 1094 1723 1121 καθ’
1737 1093 1766 1119 ὃν
1780 1093 1852 1126 γίνε-

1065 1138 1109 1176 ται
1128 1149 1217 1182 λόγον,
1237 1146 1297 1173 οὔτε
1317 1145 1390 1177 ἰδεῖν,
1410 1143 1472 1170 οὔτε
1489 1143 1628 1169 ἐπαινέσαι
1647 1139 1766 1170 δυνατῶς
1784 1138 1849 1173 ἔχει.

1066 1194 1126 1220 Τῶν
1138 1193 1192 1227 γὰρ
1205 1190 1423 1226 γνωριζομένων,
1439 1189 1499 1224 οὐχὶ
1512 1187 1567 1214 τῶν
1579 1185 1766 1221 ἀγνοουμένων
1779 1183 1852 1210 ἐστὶν

1066 1242 1080 1267 ὁ
1095 1241 1213 1270 ἔπαινος.
1233 1247 1242 1263 ι
1259 1235 1336 1264 Εἷδεν
1355 1246 1363 1262 ι
1380 1234 1437 1267 οὖν,
1455 1235 1547 1270 φησὶν,
1566 1243 1575 1258 ι
1593 1233 1607 1258 ὁ
1622 1232 1688 1262 Θεὸς
1702 1231 1732 1257 τὸ
1745 1229 1801 1264 φῶς
1811 1229 1852 1255 ὃτι

1067 1285 1160 1318 καλὸν,
1176 1285 1224 1311 nl.
1238 1281 1400 1323 ,διεχώρισεν
1413 1281 1426 1307 ὁ
1443 1281 1508 1311 Θεὸς
1531 1279 1583 1306 ἀνὰ
1600 1277 1681 1323 μέσον
1702 1275 1747 1323 τοῦ
1765 1274 1853 1323 φωτὸς

1068 1332 1114 1358 καὶ
1127 1330 1179 1357 ἀνὰ
1198 1319 1278 1364 μέσον
1295 1327 1342 1354 τοῦ
1361 1327 1483 1357 σκύτους.
1504 1335 1513 1351 ι
1540 1323 1623 1351 Πάλιν
1648 1322 1678 1348 τὸ
1698 1319 1852 1355 ἀναγκαίως

1068 1377 1138 1404 κατὰ
1156 1375 1205 1411 τὴν
1225 1373 1384 1401 ἀκολουθίαν
1404 1372 1453 1407 τῆς
1472 1370 1578 1405 φύσεως
1593 1370 1621 1396 ὲν
1636 1367 1712 1400 τάξει
1732 1367 1784 1393 τινὶ
1807 1365 1853 1392 καὶ

1068 1423 1184 1458 ἁρμονίᾳ
1210 1421 1363 1456 γινόμενον,
1387 1419 1426 1450 είς
1449 1417 1524 1443 θείαν
1548 1415 1684 1450 ἐνέργειαν
1704 1414 1718 1440 ὁ
1735 1412 1854 1458 Μωῦσῆς

1067 1456 1179 1502 ἀναγειλ
1204 1467 1353 1497 διδάσκων,
1379 1461 1474 1498 οἶμαι,
1495 1461 1539 1488 διὰ
1561 1461 1615 1487 τῶν
1632 1458 1801 1495 εἰρημένων,
1823 1456 1854 1482 τὸ

1069 1515 1157 1542 πάντα
1173 1511 1438 1548 προκατανενοῆσθαι
1450 1511 1483 1545 τῇ
1501 1508 1547 1535 τοῦ
1567 1507 1634 1534 Θεοῦ
1652 1505 1731 1540 σοφίᾳ.
1743 1525 1750 1538 ,
1764 1503 1799 1530 τὰ
1812 1503 1855 1530 διά

1067 1568 1139 1591 τινος
1154 1557 1304 1592 ἀναγκαίας
1321 1556 1424 1587 τάξεως
1441 1554 1512 1582 κατὰ
1529 1554 1559 1579 τὸ
1573 1551 1717 1579 ἀκόλουθον
1739 1549 1856 1584 ὲκΰησό-

1069 1613 1147 1640 μενα.
1169 1604 1224 1638 Τῆς
1251 1602 1306 1637 γὰρ
1330 1601 1495 1636 φωτιστικῆς
1520 1599 1614 1629 οὐσίας
1638 1597 1688 1632 τῆς
1712 1596 1750 1631 τῷ
1774 1594 1855 1622 παντὶ

1068 1648 1312 1683 κατεσπαρμὲνης,
1342 1646 1408 1680 πρὸς
1434 1645 1465 1671 τὸ
1487 1643 1614 1678 συγγενὲς
1639 1641 1854 1677 συνδραμούσης,

1068 1697 1114 1723 καὶ
1130 1696 1218 1730 πάσης
1235 1693 1299 1729 περὶ
1316 1692 1413 1726 ἑαυτὴν
1430 1689 1633 1726 ἀθροισθείσης,
1647 1687 1803 1723 ἀναγκαίως
1821 1686 1856 1714 τὰ

1069 1739 1305 1776 ἐπιπροσθούμενα
1321 1740 1354 1774 τῇ
1380 1738 1459 1772 λοιπῇ
1486 1736 1540 1762 τῶν
1559 1735 1697 1769 στοιχείων
1721 1733 1771 1768 ὕλῃ
1793 1741 1857 1759 κατν

1069 1788 1219 1819 εσκιάζετο,
1233 1787 1280 1813 καὶ
1294 1785 1323 1812 τὸ
1333 1783 1518 1817 ἀποσκίασμα,
1532 1781 1625 1813 σκότος
1639 1779 1681 1814 ἦν.
1698 1779 1783 1806 Τοῦτο
1799 1778 1855 1804 τοί-

1069 1843 1115 1861 νυν
1133 1834 1162 1861 τὸ
1177 1831 1330 1862 ἀκολούθως
1350 1829 1504 1864 γενόμενον,
1521 1827 1558 1858 ὡς
1584 1825 1616 1852 ἂν
1637 1825 1672 1860 μή
1697 1833 1739 1855 τις
1760 1823 1856 1857 ἁνάγοι

1070 1879 1136 1914 πρὸς
1152 1877 1303 1913 αὐτόματόν
1319 1885 1379 1902 τινα
1399 1872 1555 1908 συντυχίαν,
1569 1870 1635 1897 Θεοῦ
1651 1878 1732 1905 φησιν
1750 1868 1829 1904 ἔργον
1841 1869 1857 1894 ὀ

1070 1925 1200 1960 Μωῦσῆς,
1215 1924 1261 1951 τοῦ
1281 1924 1329 1958 τὴν
1345 1922 1458 1957 δύναμιν
1472 1919 1574 1954 ταύτην
1591 1916 1786 1952 ὲναποθεμένου
1800 1917 1857 1947 τοῖς

1070 1971 1226 2006 γενομένοις
1237 1979 1243 1985 ·
1259 1970 1325 1996 ἀλλὰ
1342 1968 1394 2004 μὴν
1408 1967 1438 1994 τὸ
1452 1966 1541 1998 ὀξεῖαν
1555 1974 1585 1991 τε
1601 1964 1648 1991 καὶ
1663 1962 1791 1998 ἀνωφερῆ
1810 1962 1857 1990 καὶ

1071 2017 1226 2052 ἀεικίνητον
1244 2015 1290 2041 τοῦ
1307 2014 1393 2048 πυρὸς
1411 2010 1479 2038 εἶναι
1495 2011 1545 2046 τὴν
1566 2010 1656 2045 φύσιν,
1678 2010 1760 2036 παντὶ
1778 2007 1857 2042 δῆλον

1071 2066 1103 2091 ὲκ
1113 2064 1167 2090 τῶν
1178 2062 1347 2097 φαινομένων
1363 2059 1434 2086 ἐστίν
1443 2067 1449 2074 ·
1465 2058 1483 2085 ἃ
1497 2057 1524 2084 δὲ
1537 2057 1582 2083 διὰ
1593 2057 1642 2091 τῆς
1657 2055 1744 2090 ἀρχῆς
1756 2054 1857 2088 ταύτης

1072 2111 1104 2137 ὲκ
1117 2109 1163 2137 τοῦ
1177 2107 1324 2135 ἀκολούθου
1337 2107 1406 2133 νοεῖν
1420 2103 1577 2131 ὑποτίθεται
1588 2104 1602 2129 ὁ
1612 2102 1700 2136 λόγος,
1715 2100 1858 2135 ἱστορικῶς

1072 2156 1148 2192 παρὰ
1162 2154 1208 2181 τοῦ
1227 2153 1363 2183 Μωῦσέως
1383 2152 1411 2178 ὲν
1430 2143 1596 2186 διηγήματος
1612 2148 1675 2175 εἴδει
1693 2146 1858 2182 συγκαταγέ-

234 2187 342 2219 dantur,
359 2194 439 2214 omne
459 2187 622 2222 legislatoris
645 2187 765 2215 studium
788 2195 860 2215 nunc
876 2196 908 2215 eo
925 2188 1015 2223 dirigi,

1070 2187 1249 2238 γραπται,τὸ,
1257 2198 1326 2225 «Καὶ
1340 2197 1446 2232 ἐγένετο
1456 2196 1569 2230 ἑσπέρα,
1579 2195 1626 2221 καὶ
1637 2193 1746 2238 ἐγένετο
1758 2192 1838 2238 πρωῒ.
1847 2201 1855 2216 ι

233 2241 289 2260 non
303 2239 331 2260 ut
346 2241 393 2260 eas
414 2241 474 2267 qua:
501 2237 590 2260 mente
608 2237 688 2267 atque
714 2233 804 2260 animo
821 2233 1017 2268 percipiuntur,

234 2284 359 2314 exponat,
381 2278 428 2306 sed
447 2284 475 2305 ut
490 2279 522 2305 iis
537 2286 597 2313 quae
613 2284 762 2306 cernuntur
779 2287 869 2307 rerum
890 2281 1017 2308 sensibus

234 2324 413 2352 obnoxiarum
427 2327 552 2351 ornatum
561 2327 587 2352 ct
600 2324 804 2359 dispositionem
822 2326 966 2353 ostendat?

270 2429 337 2458 Cum
353 2429 435 2464 igitur
455 2430 535 2464 ignis,
560 2431 604 2465 qui
620 2435 716 2458 natura
739 2439 787 2459 sua
803 2433 943 2461 celerrime
959 2441 1020 2462 sur-

234 2483 296 2504 sum
320 2475 415 2508 tendit,
443 2479 571 2511 tanquam
599 2477 697 2518 sagitta
712 2470 759 2505 ‘ab
790 2486 853 2506 arcu
869 2480 968 2508 emissa
989 2481 1022 2508 ab

236 2522 297 2549 aliis
320 2520 461 2549 elementis
483 2523 662 2557 progrediens
685 2531 718 2550 ex
737 2524 915 2553 universitate
932 2534 1022 2554 rerum

211 2574 213 2579 ‘
234 2570 299 2594 ante
311 2567 484 2598 exsilivisset,
495 2571 522 2594 et
531 2575 612 2601 quam
629 2568 741 2603 cogitari
755 2570 841 2603 possit
869 2571 1023 2603 celerrime,

235 2616 348 2640 caeteras
365 2613 457 2640 sensui
474 2612 565 2640 attines
579 2621 621 2640 res
634 2615 838 2648 pertransissct,
852 2623 900 2642 nec
919 2621 1023 2645 motum

236 2661 340 2685 rectum
368 2658 474 2693 longius
496 2659 598 2686 valeret
622 2659 781 2694 producere,
799 2661 871 2695 quod
906 2670 950 2689 res
971 2662 1023 2690 illa:

236 2710 296 2737 quae
311 2707 401 2730 mente
431 2704 517 2730 solum
543 2705 737 2739 percipiuntur,
766 2706 842 2733 nullo
867 2711 945 2741 pacto
959 2716 1021 2735 cum

237 2748 308 2781 istis,
322 2756 381 2784 qua:
399 2749 525 2778 sensibus
550 2754 613 2778 sunt
629 2751 767 2785 expositae,
781 2751 870 2786 qualis
882 2756 924 2779 est
941 2753 1021 2781 etiam

577 2851 600 2866 ¹¹⁵
619 2849 686 2877 ibid.
708 2852 734 2878 4.

233 2888 252 2894 L
275 2849 296 2865 ³³
315 2848 383 2876 Gen.
415 2857 434 2883 ι,
461 2851 487 2884 5,
507 2851 533 2877 4.
577 2851 600 2866 ¹¹⁵
619 2849 686 2877 ibid.
708 2852 734 2878 4.
776 2852 796 2868 ¹¹
819 2853 885 2881 Ibid.
907 2853 934 2877 8.

1074 2247 1121 2278 Τίς
1130 2246 1184 2280 γὰρ
1191 2245 1240 2272 οὐκ
1249 2241 1319 2270 οῐδεν
1329 2243 1369 2269 ὃτι
1377 2241 1438 2276 διχῆ
1444 2241 1492 2276 τῆς
1499 2240 1612 2269 κτίσεως
1620 2246 1678 2265 νοου
1684 2237 1777 2272 μένης,
1784 2237 1822 2267 εἵς
1829 2243 1858 2261 τε

1071 2293 1101 2319 τὸ
1109 2291 1204 2328 νοητὸν
1214 2291 1260 2318 καὶ
1267 2288 1424 2324 αίσθητὸν,ὴ
1434 2288 1508 2313 πᾶσα
1519 2285 1620 2320 σπουδὴ
1628 2285 1667 2319 τῷ
1674 2284 1807 2319 νομοθέτῃ
1813 2282 1859 2309 νῦν

1072 2339 1156 2369 ἐστιν,
1165 2337 1195 2363 οὑ
1203 2336 1238 2362 τὰ
1245 2334 1327 2370 νοητὰ
1336 2332 1529 2368 ἐξηγήσασθαι,
1538 2331 1604 2358 αλλὰ
1613 2330 1750 2362 ὑποδεῖξαι
1757 2329 1801 2356 διὰ
1807 2329 1859 2355 τῶν

1074 2382 1243 2418 φαινομένων
1256 2381 1319 2416 ἡμῖν
1330 2379 1378 2415 τὴν
1391 2379 1419 2405 ἐν
1432 2379 1487 2409 τοῖς
1505 2377 1643 2412 αἰσθητοῖς
1662 2376 1858 2410 διακόσμησιν;

1116 2436 1193 2463 Ἐπεὶ
1212 2433 1258 2461 οὖν
1284 2434 1314 2460 τὸ
1343 2433 1398 2469 πῦρ
1422 2432 1489 2467 ἐνμοῦ
1518 2431 1549 2458 τὸ
1579 2431 1709 2466 συστῆναι
1738 2430 1769 2456 τὸ
1795 2430 1859 2461 πᾶν,

1075 2483 1129 2511 τῶν
1145 2481 1299 2517 ἐτεροφυῶν
1315 2479 1453 2515 στοιχείων
1482 2478 1652 2511 ἑκτοξευθὲν,
1679 2477 1804 2511 καθάπερ
1834 2484 1861 2502 τι

1076 2529 1164 2564 βέλος,
1195 2529 1224 2554 ὲν
1259 2527 1299 2562 τῷ
1337 2526 1473 2562 ἀνωφερεῖ
1504 2525 1551 2552 καὶ
1590 2524 1682 2558 κούφῳ
1710 2523 1760 2556 τῆς
1791 2521 1861 2548 κατὰ

1076 2574 1156 2609 φύσιν
1183 2573 1315 2607 κινήσεως
1337 2571 1384 2598 τοῦ
1411 2570 1510 2602 παντὸς
1534 2568 1714 2604 προεξήλατο·
1740 2566 1787 2593 καὶ
1812 2567 1863 2601 ῐσῳ

1075 2619 1191 2652 νοήματι
1205 2616 1253 2651 τὴν
1272 2615 1403 2650 αἰσθητὴν
1419 2614 1512 2640 οὐσίαν
1524 2612 1692 2647 διαπερᾶσαν
1703 2632 1711 2644 ,
1727 2611 1777 2638 οὐκ
1799 2611 1862 2646 ἔσχε

1077 2664 1262 2699 προσαγαγεῖν
1284 2662 1327 2688 ἐπ’
1352 2660 1458 2692 εὐθείας
1483 2660 1532 2695 τὴν
1555 2658 1670 2693 κίνησιν,
1691 2658 1740 2693 τῆς
1765 2658 1863 2692 νοητῆς

1077 2708 1191 2740 κτίσεως
1208 2707 1396 2742 ἁκοινωνήτως
1419 2707 1486 2741 πρὸς
1506 2705 1555 2740 τὴν
1573 2705 1627 2731 τῶν
1649 2703 1784 2738 αἰσθητῶν
1800 2703 1861 2729 ἐπι-

1079 2754 1170 2790 μιξίαν
1193 2753 1322 2789 ἐχούσης,
1341 2753 1468 2790 αίσθητὸν
1489 2752 1516 2779 δὲ
1535 2752 1565 2779 τὸ
1581 2752 1651 2788 ’νεῦρ’
1672 2750 1767 2778 τούτου
1784 2749 1864 2785 χάριν
