1976 3077
1252 61 1261 74 \

115 120 147 149 τι
481 110 489 119 ‘
707 119 740 147 IN
755 117 993 148 uexaeuaaou
1023 117 1135 145 LIBER.
1698 117 1732 146 τε

116 182 144 208 ὲν
157 180 214 212 τοῖς
228 180 323 216 ἄκροις
340 180 390 216 τῆς
410 180 524 212 κτίσεως
540 177 615 216 ὅροις
629 179 658 206 rb
672 177 728 216 πῦρ
742 181 896 215 γενόμενον,

962 180 1027 215 gnis,
1041 179 1212 208 commisceri
1235 183 1335 214 queant
1356 189 1362 207 :
1389 187 1522 208 summam
1540 179 1633 207 mundi
1647 179 1734 216 regio-

115 226 270 261 ἀναγκαίως
282 226 422 262 κυκλοειδῆ
441 227 557 253 ποιεῖται
570 226 620 260 τὴν
633 225 753 261 κίνησιν,
766 226 834 260 πρὸς
849 226 899 261 μὲν

115 272 145 299 τὸ
155 273 208 298 πᾶν
223 272 353 306 φέρεσθαι
372 271 425 298 ὑπδ
440 271 490 306 τῆς
503 271 666 306 ἐγκειμένης·
676 272 708 306 τῇ
723 271 802 305 φύσει
821 271 898 298 δυνά-

117 325 189 352 μεως
213 316 457 348 συνελαυνόμενον,
477 317 527 351 τῆς
547 316 577 342 δὲ
603 317 662 342 κατ’
689 316 796 347 εὐθείας
815 317 900 351 φορᾶς

117 362 207 397 χώραν
222 360 272 388 οὒκ
295 359 427 396 ἐχούσης·
451 362 525 388 πᾶσα
543 361 597 396 γὰρ
621 361 638 396 ἠ
662 361 776 396 αἰσθητὴ
801 361 899 394 κτίσις,

118 408 191 438 ἰδίοις
208 407 281 442 ὅροις
295 406 470 442 περιέχεται·
485 406 525 441 τῷ
539 406 616 441 ἄκρῳ
629 405 727 441 πέρατι
743 405 793 440 τῆς
805 405 902 440 αίσθη-

117 453 165 488 τῆς
186 454 293 487 φύσεως
312 452 470 483 ὲνδιοδεύει,
485 452 514 478 ὲν
534 449 574 483 οἷς
591 451 904 488 εύοδοῦταικινοὺμενον,

116 498 166 535 τῆς
181 499 279 533 νοητῆς
297 498 417 532 φύσεως,
441 497 533 529 καθὼς
550 497 700 532 φθάσαντες
719 497 848 532 εἴπομεν,
869 497 901 524 οὐ

120 543 342 580 παραδεχομένης
367 543 396 569 ὲν
419 543 502 578 ἑαυτῇ
528 542 574 568 τοῦ
605 542 689 577 πυρὸς
720 542 765 569 τδν
792 542 900 577 δρόμον.

119 589 167 615 Διὰ
205 588 282 615 τοῦτο
314 587 328 615 ὁ
362 587 483 623 Μωῠσῆς
519 586 739 622 ἐπακολουθήσας
778 587 822 613 διὰ
854 587 903 621 τῆς

119 634 237 665 διανοίας
262 635 295 669 τῇ
323 633 370 660 τοῦ
397 633 481 668 πυρὸς
509 630 632 668 κινήσει,
664 632 701 668 μὴ
734 634 789 663 τοῖς
813 632 903 664 αὐτοῖς

123 679 231 714 μέρεσιν
253 679 485 715 ἑπιμεμενηκέναι
511 678 576 714 φησὶ
604 679 634 705 τὸ
665 679 809 713 γενόμενον
831 678 902 712 φῶς,

121 725 178 751 ἀλλ’
195 725 419 760 ἐκπεριεχόμενον
432 724 481 759 τὴν
498 724 653 759 παχυτέραν
667 724 720 750 τῶν
736 723 819 750 ὄντων
841 724 905 751 ὑπό-

123 779 234 803 στασιν,
255 771 283 796 ὲν
304 770 343 804 τῷ
368 769 475 805 σφοδρῷ
493 770 541 804 τῆς
565 770 694 804 κινήσεως
717 769 905 804 ἀντιμετάγειν

121 815 165 842 διὰ
177 816 228 850 τῆς
242 815 377 850 περιόδου,
392 816 448 845 τοῖς
466 823 495 841 τε
512 814 674 848 ἀφωτίστοις
689 815 718 840 τὸ
734 814 845 849 φέγγος,
859 814 905 840 καὶ

123 863 178 893 τοῖς
203 861 419 896 πεφωτισμένοις
441 860 485 887 τὸν
509 860 599 894 ζόφον.
627 860 705 892 Ἴσως
730 860 758 887 δὲ
782 861 851 887 κατὰ
872 861 906 887 τὰ

124 907 235 942 χρονικὰ
250 906 420 942 διαστήματα
433 906 483 941 τῆς
496 906 623 941 τοιαύτης
638 906 763 941 διαδοχῆς
780 907 843 941 περὶ
859 907 908 942 τὴν

125 953 200 979 κάτω
225 943 317 987 χώραν
339 952 500 987 γινομένης,
520 951 566 978 τοῦ
585 951 674 986 φωτός
699 960 769 986 φημι
791 951 838 979 καὶ
860 951 906 978 τοῦ

127 999 252 1030 σκότους·
275 998 355 1025 πάλιν
373 997 411 1033 τῷ
430 997 489 1032 Θεῷ
509 997 558 1033 τὴν
580 998 787 1032 ὀνοματοποιίαν
803 997 908 1033 ἡμέρας

125 1051 156 1070 τε
169 1046 214 1070 καὶ
228 1043 323 1075 νυκτὸς
338 1044 351 1070 ὁ
364 1043 483 1079 Μωῡσῆς
499 1043 666 1079 ἀνατίθησιν,
682 1043 756 1070 οὐδὲν
771 1043 824 1070 τῶν
839 1043 908 1070 κατὰ

127 1088 158 1115 τὸ
174 1088 318 1115 ἀκόλουθον
335 1088 523 1123 γεγενημένων
536 1088 705 1124 αὐτομάτως,
720 1088 736 1123 ἢ
752 1088 798 1123 ἀφ’
817 1088 908 1123 ἑτέρου

126 1133 199 1165 τινος
218 1133 362 1169 ἐσχηκέναι
383 1133 431 1168 τὴν
451 1133 536 1169 ἀρχὴν
553 1134 653 1160 ὲννοεῖν
675 1133 839 1168 ἐπιτρέπων.
861 1133 909 1160 Διὰ

127 1178 206 1206 τοῦτο
225 1179 306 1214 φησίν
319 1187 326 1194 ·
352 1187 362 1204 t
385 1179 414 1205 ’0
435 1178 499 1210 Θεὸς
521 1178 633 1205 ἐκάλεσε
656 1178 686 1205 τὸ
708 1178 766 1213 φῶς
787 1178 909 1213 ἡμέραν,

127 1225 175 1251 καὶ
189 1224 218 1250 τδ
235 1224 328 1256 σκότος
354 1226 468 1253 ἐκάλεσε
486 1224 596 1251 νύκτα.»
612 1223 668 1259 Τῆς
680 1223 733 1259 γὰρ
746 1223 910 1258 φωτιστικῆς

128 1269 268 1304 δυνάμεως
281 1269 410 1305 ἀτρεμεῖν
424 1269 456 1296 ἐκ
469 1268 576 1303 φύσεως
591 1268 775 1303 ἀδυνατούσης
786 1288 793 1299 ,
805 1268 850 1294 ὅτε
871 1267 911 1303 τῷ

127 1314 183 1341 ἄνω
196 1314 273 1349 μέρει
286 1313 332 1340 τοῦ
351 1313 450 1340 κύκλου
463 1313 584 1348 διεξῆλθε
604 1314 634 1340 τὸ
652 1313 752 1348 φέγγος
762 1334 769 1345 ,
784 1313 830 1340 καὶ
844 1313 912 1348 πρὸς

127 1358 157 1384 τδ
174 1358 350 1394 ὑποκείμενον
365 1356 399 1393 ἦν
415 1359 432 1394 ἡ
447 1359 527 1394 φορὰ,
541 1359 570 1392 ἐξ
587 1359 709 1393 ἀνάγκης
721 1360 753 1394 τῇ
773 1359 911 1394 ὑποδρομῇ

127 1404 174 1431 τοῦ
188 1405 273 1440 πυρὸς
288 1405 319 1431 τὺ
335 1404 530 1440 ὑπερκείμενον
549 1404 720 1440 ἀπεσκιάσθη
733 1424 739 1435 ,
761 1405 812 1439 τῆς
825 1413 912 1440 παχυ-

128 1449 223 1483 τέρας,
239 1448 276 1480 ὼς
294 1448 378 1480 είκὺς,
394 1448 500 1482 φύσεως
510 1448 559 1484 τὴν
577 1448 664 1483 αὐγὴν
686 1449 911 1484 ἐπιπροσθούσης.

950 233 1011 252 nem
1029 225 1154 253 obtinens
1170 224 1198 252 in
1223 225 1317 252 orbem
1329 226 1486 254 necessario
1499 229 1601 252 motum
1613 225 1677 260 egit.
1692 225 1734 252 Ab

950 271 1032 299 insita
1051 272 1123 299 enim
1139 272 1164 298 vi
1180 271 1299 298 naturali
1318 279 1379 299 cum
1404 273 1533 300 universo
1549 272 1651 300 mundo
1667 271 1733 299 feni

950 317 1134 352 compellitur,
1150 317 1240 359 locum
1266 321 1357 344 autem
1368 324 1416 351 per
1428 324 1510 352 quem
1526 321 1601 344 recta
1614 316 1735 344 motione

951 362 1064 395 feratur,
1077 370 1132 390 non
1146 362 1238 396 habet,
1254 362 1327 398 quod
1341 367 1367 390 et
1387 369 1431 390 res
1455 362 1582 390 sensibus
1606 364 1737 398 expositae

951 407 1010 435 suis
1021 414 1135 442 quaeque
1148 407 1246 436 ﬁnibus
1261 408 1443 439 continentur,
1460 412 1487 435 et
1499 414 1559 442 qua:
1574 408 1665 435 aniino
1675 413 1737 435 tan-

952 455 1010 479 tum
1022 452 1300 487 comprehenduntur,
1317 453 1386 488 ignis
1404 460 1527 484 cursum,
1541 457 1571 479 ut
1593 456 1656 480 ante
1668 453 1738 480 dixi—

953 504 1025 530 mus,
1045 505 1099 524 non
1114 498 1277 532 suscipiunt,
1290 498 1391 526 idcirco
1414 499 1441 526 in
1459 505 1585 532 suprema
1601 498 1675 524 orbis
1694 505 1739 525 re-

953 542 1033 577 gione
1055 550 1186 577 prospere
1204 543 1305 578 degens
1325 544 1554 571 circumvertitur.
1575 543 1668 578 Itaque
1680 543 1738 570 Mo-

954 595 998 615 ses
1012 588 1082 622 ignis
1096 592 1199 615 motum
1220 589 1408 622 considerans,
1428 597 1482 617 non
1513 589 1553 617 ait
1568 590 1656 617 lucem
1674 597 1739 625 pro-

954 638 1073 661 creatam
1083 634 1110 661 in
1127 635 1229 662 eisdem
1243 635 1365 673 partibus
1378 636 1571 671 permansisse,
1590 635 1637 664 sed
1657 635 1740 664 vehe-

955 681 1041 708 menti
1058 685 1133 709 motu
1146 682 1309 709 crassiorem
1328 689 1418 710 rerum
1432 683 1529 710 molem
1544 682 1700 714 obeuntem,
1713 685 1741 709 et

956 727 1080 754 obscuris
1090 727 1213 755 attulisse
1223 728 1405 763 splendorem.
1419 733 1446 755 et
1458 728 1600 755 illustratis
1612 727 1740 755 tenebras

956 771 1110 805 reliquisse.
1142 771 1198 800 llac
1229 778 1320 800 autem
1350 773 1418 800 lucis
1437 774 1663 807 tenebrarumque
1682 779 1742 799 suc-

957 817 1081 844 cessione
1091 818 1176 852 aequis
1191 819 1322 853 temporis
1339 818 1491 846 intervallis
1506 819 1533 845 in
1548 819 1659 853 regione
1671 816 1742 844 infe-

957 861 1025 889 riori
1051 866 1170 896 peracta,
1197 862 1295 896 Moses,
1310 868 1338 890 ut
1361 863 1428 890 nihil
1445 871 1622 898 eorum,quaa
1647 863 1743 890 ordine

958 912 1103 935 consecuta
1115 912 1188 940 sunt,
1206 913 1252 936 aut
1268 909 1378 937 fortuito
1391 913 1437 936 aut
1452 910 1485 936 ab
1500 909 1553 936 alia
1569 916 1653 936 causa
1666 909 1743 944 prin-

958 953 1060 988 cipium
1073 954 1202 981 habuisse
1214 953 1375 988 declararet,
1388 954 1441 982 diei
1463 955 1607 990 noctisque
1620 955 1744 983 denomi-

958 1000 1096 1028 nationem
1113 1001 1167 1028 Deo
1179 1001 1312 1034 tribuens.
1332 1010 1341 1027 ι
1360 1000 1521 1037 Appellavit,
1541 1002 1638 1037 inquit,
1655 1007 1744 1028 nucem

959 1046 1043 1078 diem,
1057 1050 1082 1073 et
1095 1047 1222 1074 tenebras
1238 1051 1343 1074 noctem
1353 1047 1386 1074 “.
1406 1057 1416 1073 ι
1435 1046 1502 1074 Nam
1515 1054 1576 1074 cum
1591 1046 1744 1074 illustrandl

960 1092 1001 1118 vis
1017 1092 1175 1118 naturaliter
1203 1099 1256 1119 non
1283 1097 1376 1127 posset
1391 1093 1542 1127 quiescere,
1572 1096 1676 1118 untlux
1697 1099 1744 1126 per

961 1144 1094 1164 summam
1112 1137 1207 1164 circuli
1232 1144 1336 1173 partem
1364 1138 1500 1166 transiens
1542 1137 1577 1164 ad
1604 1136 1745 1171 superiora

961 1183 1092 1217 pervenit,
1107 1190 1220 1210 necesse
1242 1183 1300 1215 fuit,
1323 1187 1352 1209 ut
1365 1183 1493 1210 inferiora
1520 1182 1743 1213 obscurarentur,

962 1227 1098 1254 crassiore
1112 1231 1220 1259 natura,
1238 1233 1267 1254 ut
1295 1236 1344 1263 par
1357 1232 1408 1260 est,
1439 1228 1608 1266 splendorem
1628 1234 1682 1254 non
1698 1227 1746 1253 ad-

962 1271 1096 1299 mittente.
1116 1271 1188 1307 lgnis
1215 1273 1296 1307 igitur
1319 1274 1475 1301 abscessum
1498 1281 1637 1308 vesperam
1655 1275 1746 1300 nomi-

962 1318 1046 1345 navit.
1062 1317 1168 1345 Rursus
1179 1322 1268 1344 autem
1284 1326 1345 1344 cum
1357 1319 1427 1354 ignis
1443 1326 1600 1353 supremum
1613 1318 1747 1345 circulum

963 1367 1142 1397 percurreret,
1160 1368 1188 1390 et
1220 1364 1406 1398 superioribus
1432 1365 1522 1391 lumen
1537 1364 1655 1396 aﬁ‘erret,
1682 1364 1748 1391 illud

963 1409 1052 1443 ipsum
1064 1408 1165 1436 factum
1178 1409 1286 1436 vocavit
1296 1417 1385 1443 mane,
1402 1410 1595 1444 crepusculum
1609 1410 1649 1437 sic
1661 1410 1749 1445 appel-

964 1452 1035 1480 lans.
1051 1452 1103 1480 Sed
1117 1453 1196 1487 paulo
1213 1453 1292 1480 altius
1318 1460 1470 1480 sermonem
1486 1458 1648 1487 repetamus,
1661 1459 1690 1480 ut
1700 1461 1749 1480 ex-

129 1493 184 1528 Τὴν
200 1491 245 1519 οὖν
259 1492 306 1519 τοῦ
323 1493 410 1527 φωτὸς
424 1494 595 1529 ὑποχώρησιν
605 1513 612 1525 ,
628 1494 746 1530 ἑσπέραν
759 1494 910 1530 ὠνόμασεν.

964 1498 1109 1533 positionis
1122 1498 1208 1525 allatae
1222 1506 1236 1525 a
1252 1498 1331 1526 nobis
1346 1499 1413 1525 ordo
1427 1506 1458 1526 ex
1471 1499 1504 1527 iis
1517 1506 1576 1534 qua:
1588 1499 1705 1534 sparsim
1722 1500 1750 1526 in

129 1538 184 1564 Καὶ
200 1537 280 1564 πάλιν
294 1539 536 1573 ὲκπεριδραμὸντος
548 1539 594 1565 τοῦ
608 1539 692 1575 πυρὸς
707 1539 751 1566 τὸν
768 1539 913 1576 ὑποκείμεο

131 1590 175 1608 νον
191 1582 301 1614 κύκλον,
316 1583 361 1609 καὶ
373 1585 430 1615 τοῖς
445 1583 500 1610 ἄνω
514 1584 563 1619 τὴν
577 1584 664 1619 αὐγὴν
682 1584 913 1620 ὲπαναγαγόντος,

131 1629 237 1664 πρωΐαν
255 1630 286 1655 τὸ
304 1630 444 1664 γινόμενον
462 1631 691 1666 προσηγόρευσεν,
709 1630 795 1663 οὕτως
814 1632 914 1668 ὀνομά-

131 1682 180 1706 σας
195 1675 239 1701 τδν
255 1675 361 1710 δρθρον.
380 1676 481 1711 Μικρὸν
496 1676 522 1702 δὲ
535 1677 578 1702 τὸν
594 1677 671 1711 λόγον
689 1678 913 1714 ὲπαναλάϐωμεν,

130 1720 168 1751 ὡς
180 1721 213 1746 ἂν
232 1721 277 1747 καὶ
289 1721 322 1747 τὰ
337 1721 492 1756 παραθέντα
505 1722 553 1758 τῆς
569 1722 641 1754 θείας
654 1723 776 1759 Γραφῆς,
789 1724 857 1759 πρὸς
869 1723 915 1750 τὸν

131 1765 225 1800 είρμὸν
241 1767 289 1801 τῆς
303 1767 480 1802 ἀποδοθείσης
497 1767 612 1802 θεωρίας
626 1769 692 1803 ἡμῖν
710 1769 913 1804 συνεργήσειεν.

131 1808 198 1837 Eli-rs
219 1811 273 1847 γὰρ
287 1812 316 1838 ὲν
331 1812 449 1847 πρώτοις
464 1813 478 1839 ὀ
497 1813 544 1846 τῆς
556 1813 751 1847 κοσμογενείας
771 1813 858 1848 λόγος,
874 1814 915 1840 ὅτι

134 1865 144 1880 ‹
169 1856 212 1882 Ἑν
234 1857 305 1891 ἀρχῇ
327 1857 453 1891 ἐποίησεν
476 1858 490 1882 ὁ
510 1857 576 1888 Θεὸς
597 1858 642 1884 τὸν
662 1858 774 1893 οὐρανὸν
799 1859 845 1885 καὶ
867 1859 916 1894 τὴν

131 1901 194 1935 γῆν.
203 1910 212 1926 ι
223 1901 308 1927 Τοῦτο
317 1901 345 1926 δὲ
357 1902 436 1935 ἡμεῖς
448 1902 629 1936 ὑπελάϐομεν,
641 1902 681 1929 ὅτι
695 1903 791 1939 ἀθρόον
801 1903 849 1940 τῆς
863 1905 916 1931 τῶν

131 1945 216 1971 ὄντων
234 1945 388 1976 συστάσεως
401 1946 415 1972 ὁ
429 1946 507 1979 λόγος
522 1947 700 1983 παρίστησιν,
715 1949 747 1974 ἐκ
774 1948 821 1975 τοῦ
839 1957 914 1985 περι-

132 1991 240 2025 έχοντος
252 1991 299 2017 καὶ
315 1991 346 2017 τὸ
357 1991 431 2023 ἐντὸς
443 1992 654 2027 ἐνδεικνύμενος,
676 1994 737 2025 Τοῖς
753 1994 807 2030 γὰρ
823 1995 916 2030 ἄκροις

132 2037 180 2062 καὶ
190 2035 226 2062 τὰ
243 2035 312 2070 μέσα
325 2037 431 2069 πάντως
443 2037 645 2072 ἐμπεριέχεται.
660 2038 749 2074 Ἀκρα
762 2039 789 2065 δὲ
801 2040 838 2071 ὠς
850 2041 917 2076 πρὸς

131 2081 182 2116 τὴν
205 2081 378 2117 ἀνθρωπίνην
403 2082 545 2118 αἴσθησιν,
575 2084 689 2119 οὐρανός
714 2085 772 2111 ἐστι
799 2085 846 2111 καὶ
868 2087 915 2122 γῆ.

132 2126 204 2152 Mn
231 2126 337 2157 τούτοις
366 2127 535 2162 ἑκατέρωθεν
600 2128 654 2155 τῶν
679 2128 829 2164 ἀνθρώπων
855 2130 916 2165 ὄψις

966 1542 1209 1578 sanctaScriptusa
1224 1544 1312 1578 posita
1328 1548 1403 1576 sunt,
1428 1545 1630 1579 comprobetur.
1649 1545 1749 1576 Verba,

965 1598 1026 1625 quae
1043 1590 1137 1618 mundi
1153 1591 1294 1618 continent
1318 1592 1467 1626 opiﬁcium,
1486 1592 1526 1619 sic
1550 1593 1651 1620 habent
1669 1601 1675 1619 :
1693 1601 1702 1618 ι
1721 1591 1750 1619 ln

965 1636 1101 1671 principio
1114 1631 1179 1664 fecit
1192 1636 1263 1664 Deus
1276 1636 1375 1664 ctelum
1391 1641 1418 1664 et
1435 1641 1545 1664 terram.
1561 1647 1570 1664 ι
1583 1637 1645 1665 Hac
1654 1646 1703 1666 nos
1714 1638 1751 1665 ita

966 1688 1062 1709 sumus
1084 1682 1263 1717 interpretati,
1277 1687 1307 1709 ut
1328 1690 1417 1710 rerum
1443 1683 1564 1710 omnium
1592 1685 1753 1719 procreatio-

967 1735 1028 1755 nem
1051 1727 1131 1756 simul
1150 1728 1235 1756 l'uisse
1260 1729 1448 1762 constitutam,
1476 1737 1509 1757 ex
1532 1730 1565 1757 iis
1604 1730 1752 1766 signiﬁcari

966 1772 1127 1800 dixerimus.
1162 1773 1199 1801 Ex
1228 1781 1261 1802 eo
1290 1774 1362 1801 enim
1404 1775 1476 1809 quod
1526 1777 1656 1809 continet,
1686 1777 1752 1804 illud

965 1820 1048 1846 etiam
1079 1819 1196 1846 ostendit
1241 1819 1313 1854 quod
1351 1821 1521 1853 continetur;
1565 1829 1627 1848 nam
1663 1825 1753 1849 extre-

966 1864 1019 1891 mis
1041 1864 1131 1891 media
1147 1865 1420 1899 comprehenduntur.
1438 1860 1563 1893 Extrema
1577 1874 1650 1899 vero,
1670 1875 1754 1901 quan-
1800 1887 1801 1890 η

966 1915 1024 1937 tum
1063 1910 1172 1944 quidem
1209 1910 1242 1937 ad
1268 1918 1379 1938 sensum
1424 1911 1543 1946 pertinet
1583 1913 1752 1946 humanum,

967 1959 1031 1982 sunt
1048 1956 1147 1983 caelum
1161 1961 1187 1983 et
1203 1959 1284 1983 terra.
1311 1955 1358 1984 His
1377 1958 1449 1984 enim
1468 1962 1594 1994 aspectus
1614 1959 1754 1987 hominum

968 2001 1096 2036 utrinque
1108 2002 1353 2030 circumscribitur.
1373 2002 1605 2036 Quemadmodum
1618 2005 1690 2032 enim
1707 2006 1754 2041 qui

967 2046 1046 2079 dixit,
1072 2047 1099 2074 in
1120 2055 1202 2074 manu
1225 2048 1285 2082 ejus
1303 2055 1363 2076 esse
1401 2048 1467 2076 ﬁnes
1494 2053 1573 2078 terra:
1601 2051 1635 2083 ¹⁷,
1666 2052 1756 2079 media

967 2093 1048 2120 etiam
1073 2101 1133 2127 quae
1160 2092 1261 2121 ﬁnibus
1284 2094 1493 2126 concluduntur,
1517 2096 1650 2123 intellexit
1680 2106 1686 2124 :
1715 2098 1756 2124 sic

968 2137 1057 2165 Moses
1096 2145 1144 2172 per
1178 2139 1365 2167 extremitates
1401 2141 1554 2168 Universum
1583 2142 1657 2169 orbis
1671 2146 1756 2170 mate—

132 2171 262 2205 ὁρίζεται.
285 2172 389 2207 ’Ὠσπερ
408 2172 497 2199 τοίνυν
520 2174 534 2199 ὁ
557 2173 642 2200 εἰπὼν
665 2175 706 2201 ὅτι
731 2175 776 2202 Ἑν
793 2178 825 2212 τῇ
847 2177 910 2212 χειρ¹

971 2183 1038 2209 riam
1076 2183 1235 2217 complexus
1268 2188 1319 2216 est,
1350 2192 1411 2218 quze
1442 2185 1551 2219 quidem
1590 2187 1681 2221 opinio
1722 2195 1755 2214 ex

132 2216 215 2242 αὑτοῦ
231 2216 265 2242 τὰ
279 2217 384 2252 πέρατα
397 2217 446 2252 τῆς
464 2219 517 2253 γῆς
528 2237 535 2250 ,
550 2219 596 2245 καὶ
616 2219 650 2246 τὰ
671 2220 741 2255 μέσα
754 2223 787 2256 τῇ
802 2224 916 2258 περιοχῇ

131 2261 187 2287 τῶν
205 2262 329 2296 περάτων
346 2263 562 2298 συμπεριέλαὸεν
574 2271 581 2278 ”
603 2264 674 2291 οὕτω
694 2265 741 2292 καὶ
762 2267 775 2292 ὁ
797 2266 917 2302 Μωῡσῆς

132 2307 183 2341 τῆς
195 2307 290 2342 ὑλικῆς
300 2308 347 2334 τοῦ
361 2309 460 2339 παντὸς
472 2308 573 2343 κόσμου
584 2310 736 2346 καταϐολῆς
748 2311 796 2346 τὴν
807 2311 917 2343 ἔνδειξιν

133 2352 177 2378 διὰ
200 2352 254 2378 τῶν
278 2354 402 2388 περάτων
425 2354 586 2389 πεποίηται·
614 2357 753 2391 συνεργεῖν
775 2356 804 2383 δέ
829 2365 918 2392 φαμεν

134 2398 203 2434 πρὸς
228 2398 278 2434 τὴν
304 2399 431 2435 τοιαύτην
457 2400 606 2437 ὑπόληψιν,
631 2401 666 2428 τὰ
689 2402 732 2429 διὰ
757 2402 839 2437 μέσου
869 2404 918 2439 ῥή-

135 2452 218 2477 ματα.
242 2445 399 2480 Γέγραπται
420 2445 484 2481 γὰρ,
506 2447 546 2473 ὅτι.
572 2456 581 2472 ι
602 2447 636 2474 Ἦ
654 2447 682 2474 δὲ
697 2448 732 2483 γῆ
749 2446 782 2483 ἦν
803 2449 918 2484 ἀόρατος

134 2489 183 2515 καὶ
206 2490 459 2522 ἀκατασκεύαστος“
477 2501 486 2518 ι
508 2493 546 2524 ὡς
569 2494 601 2519 ὲκ
618 2494 713 2520 τούτου
735 2494 812 2530 δῆλον
837 2493 918 2527 εἶναι,

134 2533 176 2560 δτι
191 2537 223 2570 τῇ
243 2536 291 2570 μὲν
306 2536 418 2572 δυνάμει
437 2537 471 2564 τὰ
488 2538 575 2565 πάντα
591 2537 625 2574 ἦν
637 2541 664 2566 ὲν
679 2539 775 2576 πρώτῃ
791 2540 838 2567 τοῦ
852 2541 918 2567 Θεοῦ

135 2580 200 2616 περὶ
216 2581 264 2616 τὴν
286 2583 375 2609 κτίσιν
390 2583 472 2619 ὁρμῇ,
488 2584 568 2610 οἱονεὶ¹
590 2586 778 2621 σπερματικῆς
791 2595 864 2618 τινος
879 2586 922 2613 δυ·

136 2626 244 2660 νάμεως
258 2628 325 2662 πρὸς
335 2628 384 2664 τὴν
396 2629 443 2656 τοῦ
461 2630 560 2662 παντὸς
574 2631 680 2665 γένεσιν
692 2631 919 2667 καταϐληθείσης,

135 2671 260 2707 ἐνεργείᾳ
273 2672 301 2699 δὲ
314 2673 347 2700 τὰ
362 2675 424 2701 καθ’
441 2675 555 2702 ἕκαστον
578 2675 653 2702 οὔπω
678 2674 722 2712 ῆν.
741 2676 775 2703 Ἡ
794 2677 848 2711 γὰρ
870 2676 919 2711 γῆ,

136 2718 234 2753 φησιν,
250 2717 289 2753 ἦν·
304 2720 438 2754 ἀόρατος,
462 2721 511 2748 καί
533 2721 808 2754 ἁκατασκεύαστος.
832 2723 920 2758 Ὅπερ

171 2805 192 2822 ¹⁴
211 2807 278 2835 Gen.
295 2815 316 2842 ι,
336 2808 362 2836 5.
403 2809 423 2824 "
443 2808 514 2837 Psal.
533 2816 603 2843 xciv,
623 2809 650 2837 ι.
690 2809 711 2825 ¹¹
730 2809 797 2837 Gen.
817 2818 836 2843 t,
856 2810 882 2837 2.

971 2228 1062 2255 verbis
1087 2236 1148 2262 quae
1174 2233 1238 2256 sunt
1273 2228 1432 2264 interiecta,
1461 2229 1654 2258 conﬁrmatur.
1682 2231 1757 2259 Scri-

971 2279 1046 2308 ptum
1071 2279 1113 2302 est
1131 2274 1202 2301 enim
1233 2284 1240 2302 :
1272 2283 1281 2300 ι
1308 2274 1392 2302 Terra
1413 2280 1504 2303 autent
1526 2281 1586 2304 erat
1611 2277 1757 2306 invisibilis

971 2324 998 2346 et
1015 2319 1195 2354 incomposita
1210 2320 1231 2335 ¹⁸
1247 2329 1253 2346 :
1273 2330 1281 2345 ι
1301 2324 1330 2347 ιιι
1345 2320 1455 2355 planum
1480 2321 1566 2355 fieret,
1584 2323 1674 2350 omnia
1697 2324 1758 2358 qui-

972 2364 1032 2390 dem
1052 2364 1135 2391 l'uisse
1146 2368 1280 2399 potestate
1296 2365 1322 2391 in
1338 2366 1426 2400 primo
1444 2365 1490 2393 Dei
1505 2366 1538 2394 ad
1558 2368 1757 2402 procreandum

971 2409 1085 2444 appulsu
1098 2429 1106 2442 ,
1127 2415 1254 2444 tanquam
1274 2411 1300 2437 vi
1326 2411 1443 2446 quadam
1469 2412 1582 2440 seminis
1602 2414 1633 2440 ad
1663 2415 1758 2441 mundi

972 2455 1189 2488 procreationem
1201 2455 1337 2490 conjecta,
1356 2462 1417 2483 actu
1434 2463 1499 2483 vero
1511 2465 1555 2484 res
1573 2457 1694 2492 singulas
1706 2457 1758 2484 mi-

973 2499 1046 2527 nime
1055 2499 1148 2527 fuisse.
1168 2509 1177 2525 ι
1190 2500 1273 2527 Terra
1285 2510 1294 2526 ι
1307 2500 1391 2532 enim,
1406 2501 1504 2536 inquit,
1518 2510 1528 2527 ι
1539 2505 1598 2528 erat
1613 2502 1759 2530 invisibilis

973 2548 1000 2571 et
1013 2544 1206 2579 incomposita.
1227 2555 1236 2571 ι
1251 2545 1326 2578 Quod
1342 2545 1453 2580 perinde
1466 2551 1507 2574 est
1524 2555 1556 2574 ac
1574 2547 1596 2574 si
1610 2548 1757 2580 diceretur,

974 2593 1043 2622 erat,
1058 2593 1086 2617 et
1110 2597 1163 2617 non
1186 2594 1244 2618 erat
1261 2600 1267 2618 :
1283 2591 1418 2626 siquidem
1439 2592 1471 2618 ad
1486 2601 1545 2620 eam
1561 2593 1682 2620 nondum
1694 2601 1760 2620 con-

973 2639 1116 2662 currerant
1142 2636 1297 2670 qualitates.
1324 2637 1410 2672 Cujus
1428 2637 1536 2672 quidem
1558 2639 1700 2666 sententiae
1719 2639 1759 2665 in-

974 2678 1073 2707 dicium
1101 2684 1154 2712 est.
1180 2681 1253 2715 quod
1270 2682 1416 2710 invisibilis
1437 2683 1521 2711 fuisse
1547 2684 1657 2711 dicitur.
1681 2682 1760 2716 Quod

975 2726 1046 2752 enim
1067 2734 1120 2753 non
1144 2727 1259 2760 videtur,
1282 2729 1358 2756 color
1374 2736 1428 2757 non
1445 2733 1500 2763 est;
1526 2729 1602 2756 color
1614 2731 1705 2755 autem
1718 2731 1761 2754 est
