1976 3077
220 108 256 136 79

849 103 878 131 S.
891 101 1054 131 GREGORH
1066 101 1208 130 NYSSENI

1803 100 1837 129 80

220 166 330 203 quidam
352 166 434 193 veluti
455 165 545 192 ﬂuxus
567 171 600 192 ex
623 162 765 198 superﬁcie
785 161 877 197 ﬁgura:
895 171 901 188 :
919 161 995 196 ﬁgor:

1053 158 1111 187 ἶσόν
1131 162 1188 187 ἐστι
1199 159 1238 195 τῷ
1256 139 1355 194 λέγειν,
1367 159 1407 186 ὅτι
1421 157 1465 195 ἦν,
1479 160 1526 186 καὶ
1543 159 1592 186 οὐκ
1606 156 1650 195 ἦν.
1665 159 1701 186 Οὐ
1716 158 1771 194 γάρ
1785 167 1836 185 που

219 219 285 240 vero
306 218 359 238 non
376 214 418 238 est
439 210 499 237 sine
523 216 647 244 corpore.
660 206 842 240 Quamobrem
865 206 888 233 si
904 205 1000 232 invisi-

220 256 283 284 bilis
305 260 373 287 erat.
392 259 419 283 et
435 255 527 283 colore
547 255 657 282 carebat
673 253 784 280 omnino
801 261 808 279 :
825 251 895 286 quod
911 254 1000 278 autem

219 303 318 330 coloris
342 306 384 330 est
411 309 518 336 expers,
538 301 650 336 ﬁguram
679 307 733 326 non
761 297 854 328 habet.
877 299 904 324 et
930 297 1002 330 quod

219 347 352 381 ejusmodi
373 351 425 377 est,
445 353 559 380 corpore
577 347 664 372 vacat.
685 344 776 376 Quare
802 342 830 369 in
849 340 938 368 subita
957 339 1001 366 illa

219 392 311 419 mundi
325 391 466 419 molitione
481 390 562 418 simul
577 398 637 417 cum
652 389 763 423 reliquis
778 387 861 415 rebus
873 385 1001 413 omnibus

219 437 307 465 inerat
323 441 395 464 terra
412 445 419 464 :
435 437 555 464 restabat
571 439 672 466 autem,
696 439 724 461 ut
740 433 777 468 (id
800 431 872 468 quod
893 436 936 458 est
952 438 999 465 ge-

219 482 319 517 nerari)
330 482 472 516 qualitates
488 482 691 509 adhiberentur.
708 479 812 506 Etenim
825 486 858 506 ex
870 485 912 510 eo,
925 475 997 511 quod

217 527 380 554 invisibilem
403 534 462 554 eam
487 526 571 553 fuisse
592 525 657 552 dicit
673 524 824 559 Scriptura,
845 529 895 549 nec
919 521 999 547 aliam

217 572 298 599 ullam
308 572 334 599 in
342 572 400 607 ipsa
408 571 564 606 qualitatem
573 569 657 597 fuisse
668 569 844 597 demonstrat.
860 567 937 600 Quod
952 573 1000 592 au-

216 624 269 645 tem
277 618 483 651 incompositam
492 619 582 647 vocat,
589 615 690 642 indicat
701 621 759 641 eam
768 613 888 641 nondum
906 618 1000 645 corpo-

216 665 270 691 reis
281 663 490 698 proprietatibus
502 661 585 688 fuisse
597 665 749 687 concrctam
758 663 784 686 et
795 658 998 685 condensatam.

1055 204 1321 240 συνδεδραμήκεισαν
1343 204 1408 240 περὶ
1432 205 1516 240 αὐτὴν
1538 205 1565 231 αἰ
1594 205 1733 239 ποιότητες
1749 213 1757 219 -
1771 205 1837 231 ἀπό·

1054 251 1136 284 δειξις
1158 251 1186 277 δὲ
1205 250 1254 286 τῆς
1277 250 1396 281 διανοίας
1411 250 1524 285 ταύτης,
1539 250 1580 277 ὅτι
1600 250 1714 285 ἀόρατον
1728 249 1811 284 αὐτὴν
1823 249 1837 276 6

1053 295 1131 328 λόγος
1144 292 1213 321 εἶναι
1230 294 1322 330 φησίν.
1335 294 1372 320 Τὸ
1388 294 1442 330 γὰρ
1457 295 1582 330 ἀόρατον,
1597 294 1694 330 χρῶμα
1708 295 1757 321 οὐκ
1769 294 1834 321 ἐστι·

1052 338 1083 365 τὸ
1105 339 1132 365 δὲ
1149 338 1256 374 χρῶμα,
1272 336 1327 366 οἷόν
1341 348 1383 371 τις
1399 339 1521 375 ἀπορροὴ
1548 340 1594 366 τοῦ
1611 339 1680 366 κατὰ
1702 339 1752 375 τὴν
1780 341 1837 366 ἑπι-

1053 384 1165 419 φάνειαν
1177 385 1315 419 σχήματος
1329 384 1445 419 γίνεται,
1460 385 1490 411 τὸ
1503 385 1531 412 δὲ
1542 386 1632 420 σχῆμα
1644 386 1694 412 οὐκ
1706 386 1769 413 ἄνευ
1785 386 1835 412 σώ-

1053 438 1146 464 ματος.
1171 429 1202 455 Εἰ
1218 427 1264 456 οὖν
1280 429 1394 465 ἀόρατον
1415 428 1459 465 ἦν,
1477 431 1522 457 καὶ
1545 431 1752 466 ἀχρωμάτιστον
1769 431 1835 457 πάν-

1051 483 1118 505 τως.
1132 474 1224 509 Τούτῳ
1237 475 1264 501 δὲ
1284 475 1475 511 συνθεωρεῖται
1490 477 1521 503 τὸ
1534 477 1736 512 ἀσχημάτιστον
1746 486 1753 492 ·
1764 478 1835 505 ὲκεί-

1052 526 1090 553 νῳ
1111 518 1139 544 δὲ
1159 518 1189 545 τὸ
1204 519 1366 553 ἀσώματον
1387 520 1484 548 οὐκοῦν
1505 523 1534 548 ὲν
1555 521 1594 557 τῷ
1610 522 1700 558 ἀθρόῳ
1723 523 1772 557 τῆς
1788 522 1834 549 τοῦ

1053 562 1156 597 κόσμου
1183 563 1335 598 καταϐολῆς
1347 583 1354 594 ,
1369 562 1402 598 ἦν
1428 565 1478 599 μὲν
1501 566 1529 592 ὲν
1545 567 1600 597 τοῖς
1620 563 1695 593 οὖσιν
1708 566 1724 599 ἡ
1736 565 1782 601 γῆ,
1797 566 1834 598 ὡς

1053 607 1099 634 καὶ
1111 607 1144 634 τὰ
1158 607 1223 635 ἄλλα
1237 609 1334 636 πάντα.
1349 610 1485 644 Ἀνὲμεινε
1493 612 1521 639 δὲ
1533 611 1562 637 τὸ
1573 611 1616 637 διὰ
1628 611 1678 646 τῆς
1693 612 1746 639 τῶν
1762 620 1834 638 ποιο-

1052 653 1139 688 τήτων
1153 655 1333 689 κατασκευῆς,
1347 655 1414 690 ὅπερ
1431 655 1489 682 ἐστὶ
1504 656 1638 690 γενέσθαι.
1654 658 1702 684 Διὶ
1717 658 1771 693 γὰρ
1786 657 1832 684 τοῦ

215 711 329 746 ἀόρατον
345 709 429 745 αὐτὴν
443 710 527 736 εἰπεῖν
542 707 622 737 εἶναι,
636 708 666 733 τὸ
689 707 756 742 μηδὲ
777 705 860 740 ἄλλην
874 703 934 730 τινὰ
951 701 1079 734 ποιότητα
1096 699 1254 735 θεωρεῖσθαι
1274 701 1337 736 περὶ
1349 701 1432 737 αὐτὴν
1459 703 1473 728 ὁ
1490 702 1567 737 λόγος
1589 703 1761 731 ἐνδείκνυται,
1779 705 1833 731 Καὶ

214 756 258 783 διὰ
270 755 316 782 τοῦ
331 755 567 783 ἀκατασκεύαστον
585 751 726 789 ὀνομάσαι,
744 753 813 779 νοεῖν
829 751 919 777 δίδωσι
936 748 965 774 τὸ
982 745 1064 781 μήπω
1077 745 1160 780 αὐτὴν
1178 747 1370 774 πεπυκνῶσθαι
1383 749 1442 780 ταῖς
1459 751 1627 784 σωματικαῖς
1645 750 1780 785 ἰδιότησιν,

251 803 308 830 lloc
331 806 419 829 autem
441 810 473 829 ex
498 801 665 837 Symmachi,
693 804 720 827 et
741 798 946 827 Theodotionls.
971 799 998 822 et

215 848 319 883 Aquilae
348 828 572 882 interpretatione
596 846 698 873 clarius
725 845 779 878 ﬁt;
802 851 863 870 cum
894 828 1024 878 primusl

215 901 309 921 eorum
320 894 391 920 dicat
404 903 410 920 :
425 902 433 918 ι
447 892 531 920 Terra
547 896 637 919 autem
653 895 712 919 erat
731 891 815 921 iners,
830 894 857 917 et
873 888 1000 915 indistin-

214 945 273 972 cta;
292 949 301 965 ι
317 939 384 966 alter
396 943 504 965 autem:
520 947 528 963 ι
543 937 717 968 Eratinanis,
732 942 757 963 et
770 935 842 962 nulla
857 943 863 964 ;
877 944 886 959 ι
903 933 999 961 tertius

215 993 278 1013 vero
296 994 302 1011 :
324 994 332 1010 ι
349 984 413 1010 Erat
434 983 502 1016 nihil
522 987 548 1010 et
565 983 689 1010 nihilum.
704 991 713 1007 ι
737 981 774 1007 Ex
797 980 840 1007 bis
864 979 946 1010 enim,
969 982 998 1005 ut

214 1039 265 1066 ego
288 1029 396 1064 quidem
422 1029 520 1058 sentio.
544 1027 703 1062 intelligitur
720 1030 802 1057 terra,
826 1033 858 1052 ex
878 1032 909 1052 eo
926 1022 998 1058 quod

216 1085 226 1102 ι
242 1076 314 1102 iners
327 1085 336 1101 ι
354 1078 436 1105 esset,
462 1073 579 1101 nondum
604 1078 664 1099 actu
691 1072 784 1102 fuisse,
809 1069 855 1098 sed
874 1070 930 1096 sola
951 1076 998 1103 po-

213 1124 332 1152 testate“,
345 1118 417 1151 quod
438 1122 527 1145 autem
556 1126 564 1142 ι
581 1117 749 1146 indistincta,
769 1124 778 1140 ι
805 1114 924 1141 nondum
940 1113 997 1140 sin-

212 1165 290 1199 gulas
306 1164 451 1199 qualitates
474 1163 545 1190 inter
568 1170 597 1190 se
613 1162 722 1197 proprie
745 1160 828 1188 fuisse
844 1162 995 1194 separatas,
1014 1186 1020 1191 ,

213 1210 260 1238 sed
285 1210 378 1237 orbem
404 1209 561 1235 universum
586 1208 612 1234 in
635 1205 750 1234 confusa
770 1205 886 1244 quadam
909 1208 935 1230 et
955 1203 996 1230 in-

212 1255 341 1283 distincta
367 1254 507 1289 qualitate,
523 1260 584 1280 cum
603 1260 652 1279 nec
668 1252 753 1282 color,
771 1257 820 1277 nec
833 1249 928 1284 ﬁgura,
947 1255 996 1275 nee

212 1301 308 1331 moles.
327 1308 375 1327 nec
390 1299 548 1333 amplitudo,
576 1305 625 1324 nec
644 1297 697 1324 ulla
716 1296 767 1322 alia
781 1295 913 1329 ejusmodi
928 1302 995 1329 qua-

211 1347 274 1374 litas
296 1345 406 1381 propria
428 1345 534 1371 ratione
555 1343 683 1370 distincta
710 1342 737 1368 in
761 1340 884 1375 subjecto
902 1347 996 1367 cerne-

210 1395 296 1418 retur.
321 1389 393 1417 Idem
414 1388 547 1424 signiﬁcat
567 1387 655 1418 nobis,
681 1396 690 1412 ι
710 1385 810 1417 inanis,
833 1389 860 1412 et
879 1384 963 1411 nulla.
983 1392 992 1409 ι

211 1436 277 1463 Nam
297 1443 364 1463 voce
380 1435 438 1466 illa,
464 1444 472 1460 ι
491 1433 591 1466 inanis,
610 1442 618 1458 ι
637 1433 678 1460 vis
701 1432 845 1466 qualitates
865 1437 995 1465 separans

210 1482 357 1512 indicatur,
381 1484 410 1508 ut
427 1479 617 1514 intelligamus,
637 1477 729 1504 mundi
754 1477 922 1505 conditorem
944 1482 994 1510 po—

211 1530 335 1554 testatem
350 1525 509 1561 qualitatum
526 1524 718 1558 susceptricem
741 1522 912 1557 produxisse,
932 1528 992 1556 quae

211 1571 319 1607 quidem
341 1571 431 1598 inanis
450 1573 517 1603 erat,
541 1574 567 1596 et
582 1569 609 1596 in
629 1576 658 1596 se
673 1568 741 1595 nihil
762 1567 929 1598 continebat,
945 1574 992 1594 an-

210 1620 319 1651 tequam
343 1614 521 1650 qualitatibus
543 1612 734 1646 eompleretur.
762 1610 881 1638 Tertiam
905 1610 992 1637 inter—

167 1666 169 1669 '
210 1661 398 1696 pretationem,
413 1663 442 1687 ut
451 1667 483 1686 ex
494 1657 601 1693 Epicuri
611 1657 798 1692 depromptam
810 1655 991 1691 philosophia,

210 1707 270 1734 sine
290 1705 508 1733 consideratione
528 1703 732 1738 relinquendam
748 1702 884 1729 existimo.
900 1700 993 1727 Simile

210 1753 282 1779 enim
299 1751 426 1786 quiddam
442 1750 485 1777 ille
502 1757 610 1784 quoque
622 1749 738 1776 declarat
751 1747 784 1776 de
800 1747 886 1782 primo
903 1753 992 1773 rerum

210 1796 352 1831 principio,
364 1802 444 1822 vores
455 1795 550 1822 inanes
565 1793 703 1829 efﬁngens,
717 1800 765 1827 per
777 1789 877 1826 easque
891 1791 992 1818 nullam

211 1842 296 1870 fuisse
318 1848 406 1869 rerum
420 1848 474 1868 non
489 1839 681 1868 subsistentem
695 1843 818 1865 naturam
834 1837 993 1870 ostendens,

210 1888 253 1915 cui
266 1887 353 1915 simile
369 1890 410 1914 est
426 1886 492 1913 nihil
503 1885 666 1921 et_nibilum.
682 1884 781 1911 Verum
793 1883 826 1910 ad
841 1883 993 1910 institutum

211 1937 334 1960 nostrum
354 1930 735 1964 revertamur.videamusque
748 1929 884 1964 quomodo
900 1935 994 1963 Supre-

210 1986 255 2005 mo
267 1981 369 2004 naturae
381 1977 489 2004 sensilis
500 1976 616 2002 termino
630 1976 663 2002 ab
679 1975 739 2011 igne
749 1975 833 2002 semel
848 1977 992 2008 occupato,

210 2023 410 2049 ﬁrmamentum
427 2020 553 2055 deinceps
570 2020 671 2047 factum
687 2018 809 2054 sit,quod
822 2020 993 2053 superiorum

209 2071 236 2095 et
255 2067 413 2093 inferiorum
437 2073 569 2101 aquarum
592 2064 738 2092 conﬁniqu
756 2071 817 2092 esse
838 2064 914 2090 dicit.
935 2063 991 2098 Ego

209 2112 281 2139 enim
298 2112 422 2139 existimo
438 2112 648 2143 ﬁrmamentum,
661 2110 717 2136 sive
732 2110 767 2136 sit
779 2117 862 2136 unum
880 2117 913 2136 ex
927 2117 994 2144 qua-

1007 1500 1028 1529 C

1085 791 1273 827 Φανερώτερον
1300 793 1328 819 δὲ
1355 793 1399 820 διὰ
1421 793 1469 828 τῆς
1496 795 1642 830 Συμμάχου
1671 797 1717 823 καὶ
1744 796 1834 823 Θεοδο-

1025 829 1145 868 Ῐτίωνος
1184 838 1230 863 καὶ
1277 838 1376 865 Ἀκὺλα
1414 839 1522 875 γραφῆς
1572 829 1734 877 ἡτοιαύτη
1776 842 1832 868 διά-

1050 890 1108 908 νοια
1135 882 1309 917 σαφηνίζεται
1322 892 1329 898 ·
1351 884 1397 910 τοῦ
1420 885 1469 920 μὲν
1486 885 1605 917 είπόντος
1617 894 1623 901 ·
1646 895 1654 912 ι
1669 886 1701 912 Ἦ
1712 886 1740 912 δὲ
1752 888 1786 922 γῆ
1797 885 1831 922 ἦν

1049 927 1132 962 ἀργὸν
1145 928 1192 953 καὶ
1206 928 1369 963 ἀδιάκριτον·
1380 939 1389 955 ι
1405 930 1451 956 τοῦ
1467 930 1494 956 δὲ
1510 931 1614 966 ἐτέρου,
1631 940 1640 957 ι
1655 932 1772 966 Κένωμα
1784 932 1831 958 καὶ

1049 972 1136 998 οὐθέν·
1151 982 1159 998 ι
1176 973 1222 999 τοῦ
1242 973 1270 1000 δὲ
1283 974 1374 1006 ἄλλου,
1391 985 1401 1000 ι
1415 975 1498 1002 Οὐθὲν
1515 976 1560 1002 καὶ
1574 977 1662 1004 οὐθέν.
1675 987 1685 1003 ι
1701 977 1830 1011 Δηλοῦται

1049 1017 1102 1052 γὰρ
1120 1018 1163 1044 διὰ
1175 1018 1277 1044 τούτων
1288 1038 1294 1050 ,
1312 1019 1382 1046 κατά
1408 1020 1452 1046 τὸν
1479 1021 1543 1056 ἐμὸν
1562 1022 1650 1056 λόγον,
1665 1022 1708 1049 διὰ
1723 1023 1771 1058 μὲν
1784 1023 1830 1049 τοῦ

1048 1063 1151 1097 ἀργοῦ,
1171 1064 1210 1089 ὅτι
1237 1065 1360 1100 ἐνεργείᾳ
1379 1065 1428 1100 μὲν
1459 1066 1534 1092 οὗπω
1549 1065 1582 1102 ἦν
1598 1076 1604 1082 ·
1618 1068 1647 1094 ὲν
1664 1067 1734 1103 μόνῃ
1752 1068 1779 1094 δὲ
1797 1069 1830 1104 τῇ

1046 1108 1159 1143 δυνάμει
1172 1109 1202 1135 τὸ
1219 1107 1288 1135 εἶναι
1303 1108 1372 1145 εἴχε⁴
1392 1111 1434 1137 διὰ
1449 1111 1477 1138 δὲ
1491 1111 1538 1138 τοῦ
1552 1113 1718 1148 ἀδιακρίτου,
1737 1114 1766 1141 τὸ
1778 1123 1831 1149 μη-

1046 1154 1119 1180 δέπω
1134 1155 1283 1190 ἀποστῆναι
1299 1157 1345 1183 ἀπ’
1355 1156 1476 1192 ἀλλήλων
1491 1158 1537 1185 καὶ
1554 1160 1595 1194 ἐφ’
1609 1160 1708 1194 ἑαυτῆς
1724 1160 1832 1192 ίδιαζόν-

1046 1207 1099 1230 τως
1123 1200 1242 1233 ἑκάστην
1262 1200 1315 1227 τῶν
1338 1203 1488 1237 ποιοτήτων
1514 1204 1709 1239 γνωρίζεσθαι,
1724 1204 1779 1232 ἀλλ’
1802 1206 1830 1231 ἐν

1047 1246 1236 1282 συγκεχυμένῃ
1249 1247 1301 1273 τινὶ
1310 1247 1357 1273 καὶ
1370 1248 1517 1284 ἀδιακρίτῳ
1528 1251 1648 1286 ποιότητι
1661 1251 1690 1277 τὺ
1703 1252 1756 1277 πᾶν
1764 1251 1830 1278 καο-

1045 1290 1169 1324 ορᾶσθαι,
1186 1291 1222 1326 μὴ
1242 1291 1401 1327 χρώματος,
1413 1294 1450 1329 μὴ
1465 1295 1613 1329 σχήματος,
1633 1297 1669 1332 μὴ
1685 1297 1776 1331 ὄγκου,
1794 1297 1830 1332 μὴ

1047 1337 1155 1373 βάρους,
1171 1339 1208 1374 μὴ
1218 1339 1407 1380 πηλικότητος,
1417 1341 1453 1376 μὴ
1466 1342 1545 1368 ἄλλου
1556 1343 1627 1374 τινὸς
1641 1343 1695 1370 τῶν
1704 1343 1830 1370 τοιούτων

1045 1382 1086 1417 ἐφ’
1104 1383 1201 1409 ἑαυτοῦ
1218 1384 1289 1410 κατὰ
1302 1385 1346 1410 τὸν
1364 1385 1428 1411 ἴδιον
1453 1386 1532 1420 λόγον
1553 1387 1581 1414 ἐν
1603 1387 1641 1422 τῷ
1661 1388 1831 1422 ὑποκειμένῳ

1045 1426 1238 1463 θεωρουμένου.
1247 1429 1301 1465 Τὴν
1313 1430 1340 1456 δὲ
1351 1431 1434 1465 αὐτὴν
1447 1431 1563 1458 διάνοιαν
1576 1432 1739 1460 ἐνδείκνυται
1753 1434 1829 1468 ἡμῖν,

1045 1472 1091 1498 καὶ
1103 1473 1133 1499 τὸ
1155 1473 1265 1509 κένωμα
1279 1476 1327 1502 καὶ
1347 1476 1435 1503 οὐθέν.
1454 1478 1508 1508 Τὴν
1530 1477 1583 1513 γὰρ
1600 1479 1757 1515 χωρητικὴν
1775 1479 1830 1505 τῶν

1045 1518 1194 1553 ποιοτήτων
1207 1519 1331 1555 δύναμιν,
1347 1522 1380 1556 τῇ
1397 1521 1443 1548 τοῦ
1455 1521 1611 1557 κενώματος
1624 1524 1697 1558 φωνῇ
1713 1524 1831 1559 παρεδή-

1044 1563 1144 1591 λωσεν·
1164 1564 1233 1591 ὥστε
1253 1565 1296 1592 διὰ
1321 1567 1415 1593 τούτου
1435 1567 1547 1602 μαθεῖν,
1564 1568 1604 1594 ὅτι
1619 1567 1743 1603 δεκτικὴν
1756 1568 1832 1595 δύναρ

1047 1618 1092 1645 μιν
1111 1610 1165 1637 τῶν
1184 1612 1334 1647 ποιοτήτων
1354 1613 1368 1639 ὁ
1383 1613 1430 1639 τοῦ
1452 1614 1551 1645 παντὸς
1577 1614 1687 1650 κτίστης
1710 1623 1830 1650 προκατ-

1044 1655 1185 1682 εΰάλλετο·
1205 1656 1269 1692 κενὴ
1283 1657 1310 1683 δέ
1327 1666 1368 1689 τις
1386 1655 1419 1693 ἦν
1436 1658 1503 1694 αὕτη
1531 1659 1578 1686 καὶ
1604 1660 1633 1686 ἐν
1659 1659 1741 1696 ἑαυτῇ
1758 1657 1830 1696 εἶχεν

1043 1700 1122 1727 οὐθὲν
1134 1720 1142 1732 ,
1160 1701 1224 1736 πρὶν
1242 1697 1474 1738 συμπληρωθῆναι
1497 1704 1580 1739 αὐτὴν
1606 1702 1665 1737 ταῖς
1695 1706 1829 1741 ποιότησι.

1045 1745 1096 1772 Τὸν
1122 1746 1150 1772 δὲ
1168 1747 1259 1781 τρίτον
1282 1747 1370 1782 λόγον,
1387 1747 1424 1779 ὡς
1443 1749 1474 1775 ἐκ
1492 1750 1542 1784 τῆς
1575 1750 1735 1786 Ἐπικούρου
1756 1751 1831 1786 φιλο-

1045 1791 1141 1826 σοφίας
1161 1792 1374 1828 παρευρεθέντα,
1391 1794 1549 1820 καταλιπεῖν
1570 1794 1646 1829 οἶμαι
1662 1796 1828 1831 ἀθεώρητον.

1044 1837 1156 1872 Ὅμοιον
1169 1838 1223 1874 γάρ
1238 1848 1265 1865 τι
1278 1839 1402 1870 κάκεῖνός
1417 1847 1481 1874 φησι
1495 1839 1560 1875 περὶ
1582 1840 1630 1875 τῆς
1646 1840 1757 1876 πρώτης
1773 1841 1830 1868 τῶν

1043 1882 1127 1909 ὄντων
1143 1883 1241 1919 ἀρχῆς,
1257 1884 1406 1918 κενόφωνον
1434 1884 1463 1910 δὲ
1489 1885 1536 1911 καὶ
1559 1885 1641 1921 μηδὲν
1656 1886 1705 1921 τὴν
1729 1886 1828 1913 ἀνυπό-

1045 1937 1141 1955 στατον
1156 1929 1210 1955 τῶν
1231 1930 1339 1964 ἀτόμων
1357 1930 1437 1965 φύσιν
1457 1930 1500 1957 διὰ
1515 1931 1571 1958 τῶν
1585 1930 1713 1958 τοιούτων
1733 1931 1828 1965 φωνῶν

1044 1973 1335 2009 ὲνδεικνύμενος,ὄπερ
1349 1975 1446 2010 ὅμοιόν-
1457 1976 1563 2010 ἐστιτῷ
1579 1975 1664 2009 οὐδὲν,
1676 1976 1724 2003 καὶ
1739 1975 1828 2003 οὐθέν.

1051 2018 1119 2044 Ἀλλ’
1134 2019 1180 2045 ἐπὶ
1194 2020 1227 2046 τὰ
1252 2020 1350 2055 συνεχῆ
1370 2020 1419 2055 τῆς
1446 2020 1562 2056 θεωρίας
1583 2021 1664 2048 πάλιν
1679 2023 1827 2057 προΐωμεν,

1045 2064 1103 2096 πῶς
1114 2064 1230 2097 εἰσάπαξ
1248 2065 1294 2091 τοῦ
1310 2065 1394 2100 πυρὸς
1408 2066 1452 2092 τὸν
1466 2066 1615 2101 ἀκρότατον
1630 2067 1681 2102 τῆς
1698 2068 1829 2103 αἰσθητῆς

1044 2109 1151 2144 φύσεως
1163 2111 1224 2146 ὅρον
1235 2111 1466 2146 περιοδεύσαντος,
1477 2112 1632 2144 ἀκολούθως
1643 2113 1674 2139 τὸ
1688 2114 1829 2149 στερέωμα

209 2162 282 2189 tuor,
298 2156 354 2184 sive
369 2156 440 2184 aliud
458 2156 502 2183 illa
527 2155 721 2190 complectens,
737 2159 766 2181 ut
782 2155 887 2182 externi
904 2155 993 2190 philo-

1047 2155 1167 2189 γίνεται·
1183 2157 1251 2191 ὅπερ
1268 2156 1392 2192 μεοόριόν
1410 2165 1492 2192 φησιν
1519 2156 1589 2185 εἶναι
1615 2158 1669 2185 τῶν
1694 2168 1722 2185 τε
1746 2160 1829 2194 ὑπερ-

210 2203 287 2238 sopbi
317 2201 497 2234 tradiderunt,
522 2210 577 2229 non
602 2209 662 2228 csse
687 2208 787 2235 corpus
817 2201 934 2227 solidum
960 2208 991 2227 ac

210 2249 318 2278 durum,
342 2248 390 2275 sed
411 2248 613 2282 comparatione
633 2247 803 2281 sempiternae
820 2251 847 2274 et
864 2246 991 2281 incorpo-

209 2301 279 2323 reae.
308 2296 334 2320 et
355 2301 415 2327 quin
438 2296 511 2319 tactu
531 2300 583 2319 non
611 2292 773 2326 percipitur,
802 2292 991 2326 proprietatis,

208 2343 359 2366 extremum
378 2338 442 2365 illud
469 2343 571 2365 natura;
592 2337 712 2367 sensilis,
731 2337 802 2372 quod
816 2337 886 2371 ignis
902 2337 926 2363 vi
943 2345 992 2364 sua

209 2389 338 2420 perpetuo
363 2384 455 2411 mobili
478 2384 571 2416 ambit,
596 2384 794 2410 lirmamcnlum
823 2391 837 2409 a
852 2383 993 2417 Scriptura

209 2430 272 2457 dici.
290 2429 356 2462 Quis
370 2430 441 2457 enim
453 2430 551 2462 nescit,
565 2430 636 2464 quod
656 2430 772 2457 solidum
788 2434 840 2461 est,
855 2429 992 2456 resistenti

209 2475 326 2509 quadam
342 2475 442 2502 duritie
459 2475 642 2502 condensari?
666 2475 736 2512 quod
758 2479 848 2502 autem
870 2478 911 2501 est
928 2474 993 2500 den-

210 2528 280 2551 sum.
297 2526 322 2548 et
343 2521 452 2552 durum,
478 2528 510 2547 ac
525 2521 667 2553 resistens,
687 2521 816 2555 qualitate
840 2520 914 2554 gravi
940 2526 992 2546 uon

208 2573 287 2594 vacat
306 2576 312 2594 :
328 2567 400 2601 quod
424 2574 487 2594 vero
502 2571 598 2594 natura
623 2575 703 2601 grave
723 2570 774 2597 est,
798 2573 907 2593 sursum
928 2564 991 2591 ferri

184 2616 186 2618 '
208 2619 262 2638 non
284 2616 383 2645 potest.
405 2611 438 2638 At
459 2612 542 2639 rebus
560 2611 667 2638 cunctis
693 2610 839 2638 sensilibus
866 2608 992 2643 superius

208 2660 250 2684 est
269 2656 479 2689 ﬁrmamentum,
498 2666 529 2684 ex
548 2665 601 2692 quo
628 2657 667 2688 ﬁt,
695 2659 723 2681 ut
742 2655 808 2683 nihil
825 2655 851 2682 in
867 2661 899 2681 eo
915 2661 991 2680 cras-

208 2709 268 2729 sum
280 2705 326 2729 aut
338 2703 526 2737 corpulentum
537 2701 649 2737 cogitari
662 2701 758 2735 possit,
775 2700 833 2731 sed,
848 2703 877 2726 ut
889 2699 990 2726 dictum

208 2751 260 2779 est,
284 2756 373 2776 rerum
395 2756 455 2783 qua:
477 2755 592 2782 corpore
608 2751 715 2778 vacant,
738 2751 764 2773 et
782 2746 874 2773 animo
888 2750 991 2772 tantum

209 2794 484 2828 couiprehenduntur,
497 2793 709 2829 comparatione,
722 2792 852 2829 quidquid
866 2792 992 2821 sensibus

1045 2203 1178 2237 κειμένων
1192 2204 1240 2229 καὶ
1258 2204 1312 2230 τῶν
1337 2200 1524 2239 ὑποκειμένων
1545 2205 1658 2233 ὑδάτων.
1683 2205 1753 2240 Ἐγὼ
1775 2206 1830 2242 γὰρ

1044 2246 1120 2282 οἶμαι
1140 2249 1218 2283 σῶμα
1235 2249 1284 2283 μέν
1305 2258 1345 2275 τοι
1363 2250 1475 2285 στερῤὺν
1492 2250 1540 2277 καὶ
1552 2251 1744 2282 ἀντίτυπον,ετ
1758 2252 1787 2278 τέ
1803 2261 1829 2279 τι

1044 2292 1098 2318 τῶν
1112 2293 1260 2328 τεσσάρων,
1272 2293 1300 2319 εἴ
1310 2294 1339 2320 τέ
1356 2302 1382 2319 τι
1399 2295 1447 2321 καὶ
1461 2295 1536 2330 παρὰ
1561 2294 1644 2322 ταῦτα
1657 2295 1759 2331 ἕτερον,
1777 2305 1829 2323 κα-

1046 2337 1099 2369 θὼς
1112 2340 1128 2372 ἡ
1142 2338 1240 2370 ἔξωθεν
1261 2339 1416 2375 ὲφαντάσθη
1445 2340 1597 2374 φιλοσοφία,
1619 2341 1700 2376 μηδὲν
1724 2342 1786 2377 περὶ
1799 2342 1830 2368 τὸ

1047 2384 1189 2418 στερέωμα
1215 2384 1387 2420 θεωρεῖσθαι,
1400 2385 1468 2412 ἀλλὰ
1483 2385 1513 2414 τὸ
1534 2386 1618 2420 ἄκρον
1632 2387 1680 2420 τῆς
1698 2386 1830 2422 αἰσθητῆς

1045 2429 1148 2464 οὐσίας,
1161 2429 1229 2464 ὅπερ
1244 2431 1260 2464 ἡ
1277 2430 1324 2456 τοῦ
1344 2431 1429 2466 πυρὸς
1443 2431 1523 2466 φύσις
1540 2432 1610 2458 κατὰ
1619 2432 1667 2467 τὴν
1679 2432 1830 2466 ἀεικίνητον

1045 2473 1158 2509 δύναμιν
1184 2475 1337 2511 περιπολεῖ,
1351 2476 1430 2503 τοῦτο
1453 2477 1595 2512 στερέωμα
1609 2477 1683 2512 παρὰ
1698 2478 1746 2512 τῆς
1760 2477 1831 2512 Γρα-

1045 2520 1097 2555 φῆς
1111 2520 1236 2556 ῥηθῆναι,
1255 2523 1395 2557 συγκρίσει
1410 2523 1460 2557 τῆς
1482 2523 1565 2550 ἀϊδίου
1581 2532 1610 2549 τε
1624 2523 1669 2549 καὶ
1685 2523 1829 2556 ἀσωμάτου

1046 2565 1091 2592 καὶ
1101 2565 1219 2599 ἀναφοῦς
1232 2566 1372 2602 ἰδιότητος.
1393 2568 1441 2600 Τίς
1455 2567 1509 2603 γὰρ
1525 2568 1574 2594 οὐκ
1588 2566 1656 2594 οῐδεν
1677 2568 1717 2593 ὃτι
1736 2568 1790 2594 πᾶν
1800 2567 1831 2594 τὸ

1045 2611 1158 2646 στερρὺν
1173 2611 1217 2638 διά
1240 2621 1312 2644 τινος
1328 2613 1436 2645 πάντως
1456 2613 1615 2644 ἀντιτυπίας
1632 2612 1806 2640 πεπύκνωται
1821 2621 1829 2645 ;

1045 2655 1082 2682 Τὸ
1092 2656 1120 2682 δὲ
1142 2657 1242 2684 πυκνὸν
1258 2659 1304 2685 καὶ
1320 2659 1475 2690 ἀντίτυπον,
1493 2659 1522 2685 οὐ
1536 2658 1682 2695 καθαρεύει
1696 2659 1745 2694 τῆς
1760 2658 1831 2685 κατὰ

1044 2702 1074 2727 τὸ
1091 2701 1172 2738 βάρος
1190 2704 1348 2739 ποιότητος’
1363 2705 1393 2731 τὸ
1416 2705 1444 2731 δὲ
1467 2705 1536 2740 βαρὺ
1565 2705 1634 2731 κατὰ
1662 2704 1711 2739 τὴν
1740 2704 1829 2738 φύσιν,

1045 2748 1184 2783 ἀνωφερὲς
1198 2747 1266 2775 εἶναι
1278 2750 1309 2775 οὺ
1331 2749 1451 2776 δύναται.
1471 2749 1552 2776 Ἀλλὰ
1568 2749 1621 2785 μὴν
1636 2749 1726 2784 πάσης
1748 2748 1831 2784 ὑπέρ-

1045 2801 1132 2820 κειται
1157 2794 1206 2829 τῆς
1223 2793 1354 2830 αἰσθητῆς
1368 2795 1483 2827 κτίσεως
1497 2795 1527 2822 τὸ
1541 2795 1700 2831 στερέωμα,
1714 2794 1763 2821 οὐκ
1777 2793 1831 2829 ἀρα
