1976 3077
141 134 173 163 8|
738 139 772 166 IN
791 139 1027 168 HEXAEMERON
1043 140 1154 168 LIBER.
1725 140 1760 168 82

141 192 214 228 παχύ
230 202 254 219 τι
267 192 313 220 καὶ
328 191 490 229 σωματῶδες
502 194 564 231 περὶ
583 196 648 223 αὐτὸ
664 198 732 223 νοεῖν
749 198 765 233 ἡ
780 198 924 230 ἀκολουθία

979 204 1018 227 est
1047 199 1194 227 obnoxium
1209 219 1216 231 ,
1238 199 1354 227 solidum
1377 198 1537 234 firmumque
1555 197 1674 230 dicitur,
1697 197 1760 225 licet

140 238 187 264 τοῦ
211 239 290 272 Λόγου
304 239 421 273 δίδωσιν,
434 240 502 267 ἀλλά
517 241 607 273 καθὼς
629 242 746 278 εἴρηται,
760 245 794 278 τῇ
815 244 882 278 πρὸς
896 244 925 271 τὺ

140 284 234 318 νοητόν
250 292 280 310 τε
304 284 351 310 καὶ
369 285 515 320 ἀσώματον
536 287 695 322 παραθέσει,
713 289 766 315 πᾶν
790 289 850 316 ὅσον
877 289 925 316 τοῦ

140 329 270 364 αἰσθητοῦ
283 329 377 363 γένους
388 330 455 363 ἐστὶ,
467 332 580 367 στερρὸν
591 332 708 366 λέγεται,
719 333 770 361 κᾶν
779 335 812 370 τῇ
823 337 925 371 φυσικῇ

140 375 283 410 λεπτότητι
301 376 443 411 διαφεύγει
465 378 513 414 τὴν
537 380 708 414 κατανόησιν.
731 380 835 408 Οὐκοῦν
861 382 925 408 ἀκο-

140 420 241 452 λούθως
249 421 310 447 ὅσον
321 423 353 457 τῇ
367 422 482 458 περιόδῳ
492 423 538 450 τοῦ
552 424 638 460 πυρὸς
644 425 784 462 διελήφθηο
792 426 924 462 διελήφθη

138 466 167 492 δὲ
177 465 207 492 τὺ
217 466 303 501 πέρας
317 468 365 502 τῆς
373 467 468 503 ὑλικῆς
478 469 571 501 οὐσίας
580 478 588 486 υ
601 470 641 506 τῷ
652 471 725 504 ἇπαξ
735 471 792 507 ἰδίῳ
805 473 858 499 τινὶ
872 473 926 508 ὅρῳ

141 511 320 546 περιγραφὲν.
337 513 480 548 στερέωμα
500 514 550 547 μὲν
568 515 612 542 διὰ
628 515 676 551 τὴν
691 517 786 553 ὑλικὴν
801 517 880 552 φύσιν
892 519 925 553 τῇ

141 557 283 592 συγκρίσει
299 557 353 584 τῶν
370 558 557 595 ὑποκειμένων
573 563 790 598 προσηγορεύθη.
809 564 928 599 υῦρανὺς

139 601 168 628 δὲ
192 601 254 636 ἔσχε
278 602 308 628 τὸ
331 602 427 639 δνομα,
442 603 536 640 ὥσπερ
559 606 606 632 καὶ
621 606 661 642 τῷ
679 607 748 641 φωτὶ¹
770 607 855 643 ὄνομα
879 608 927 644 τὴν

140 647 245 682 ἡμέραν
258 647 343 682 ἔθετο,
363 650 410 676 καὶ
427 649 465 685 τῷ
493 651 584 678 σκότει
598 652 647 688 τὴν
662 653 758 680 νύκτα.
783 654 812 680 'H
827 654 855 680 δὲ
873 654 928 680 τῶν

140 693 243 719 ὑδάτων
269 693 436 730 διάκρισιςή
466 698 655 734 κεχωρισμένη
673 700 706 734 τῇ
737 700 859 736 μεσιτείᾳ
879 699 926 726 τοῦ

140 738 340 775 στερεὼματος,
351 739 413 766 οὔτε
428 741 478 776 τῆς
492 741 651 777 ὑπολήψεως
665 743 850 780 ἀλλοτριοῦται
864 745 929 772 ταύ-

137 792 198 828 της,
207 785 252 811 καὶ
266 785 331 820 πρὸς
345 785 395 821 τὴν
410 786 520 821 Γραφὴν
530 787 684 820 ἀκολούθως
695 789 760 824 ἔχει.
771 790 927 825 Γέγραπται

139 830 194 864 γὰρ
208 830 236 857 ἐν
249 831 282 866 τῇ
301 831 445 867 ἀκολουθίᾳ
461 832 515 858 τῶν
542 833 694 869 εἰρημένων
720 834 789 869 μετὰ
815 835 845 862 τὸ
865 837 928 872 περὶ

977 249 1101 272 naturam
1124 251 1204 279 quam
1233 244 1350 271 maxime
1377 244 1490 279 cogitari
1509 243 1596 278 possit
1633 241 1759 270 subtilem

976 291 1107 318 obtineat.
1122 290 1216 317 Merito
1233 290 1324 325 igitur,
1341 289 1413 324 quod
1425 290 1495 324 ignis
1513 289 1615 316 ambitu
1638 295 1762 323 compre-

977 336 1106 363 henditur
1117 335 1367 371 (comprehenditur
1378 338 1466 362 autem
1478 334 1609 369 quidquid
1622 342 1654 361 ex
1667 341 1760 361 crassa

977 381 1089 408 materia
1119 380 1285 415 cunstat),id
1305 380 1425 416 propriis
1453 380 1537 407 semel
1559 380 1684 407 terminis
1708 379 1763 406 cir-

977 426 1184 461 cumscriptum,
1198 426 1232 453 ob
1243 426 1392 454 naturalem
1407 426 1528 456 materiae
1539 425 1759 456 crassitudinem,

977 472 1011 500 ad
1024 473 1193 506 superiorum
1208 471 1390 500 differentiam
1410 476 1537 499 vocatum
1553 475 1594 498 est
1608 471 1763 497 firmamen—

977 520 1045 544 tum.
1063 516 1296 549 Quemadmodum
1315 521 1404 543 autent
1418 520 1444 543 et
1460 516 1557 545 lucem.
1574 515 1662 547 diem;
1679 518 1706 541 ct
1724 518 1764 541 te-

977 563 1076 591 nebras
1093 568 1200 590 noctem
1218 572 1224 590 ς
1244 563 1284 590 sic
1298 563 1375 595 illud,
1387 563 1486 590 caelum
1500 561 1655 596 appellavit.
1673 560 1763 595 Atque

977 610 1011 637 ab
1028 609 1079 637 hac
1101 610 1209 645 quidem
1224 610 1394 645 etpositione
1416 609 1513 636 divisio
1527 614 1659 643 aquarum
1679 607 1765 634 inter-

978 655 1066 690 positu
1081 655 1280 690 interjcctuque
1298 655 1460 682 firmamenti
1476 654 1623 681 constituta
1641 659 1694 679 nou
1714 652 1764 678 ab-

977 701 1078 733 horret,
1088 705 1114 727 et
1124 701 1271 736 Scriptura:
1279 701 1405 728 convenit
1418 709 1424 727 :
1438 699 1478 726 sic
1488 698 1559 726 enim
1569 702 1630 732 post
1639 697 1694 729 illa,
1704 703 1765 731 quas

978 745 1011 773 de
1019 750 1089 772 terra
1099 746 1201 780 scripta
1208 751 1281 778 sunt,
1290 746 1426 780 sequitur:
1440 753 1448 769 ι
1459 743 1588 770 Tenebrae
1595 746 1673 770 erant
1682 749 1764 777 super

978 791 1118 826 abyssum,
1132 796 1158 818 et
1173 791 1285 826 spiritus
1298 791 1346 818 Dei
1361 790 1497 817 ferebatur
1513 796 1595 823 super
1606 795 1704 823 aquam
1712 787 1760 814 ¹⁹.ι

978 836 1150 864 Arbitrantur
1159 836 1241 872 igitur
1250 840 1354 863 tantum
1365 835 1471 867 abesse,
1481 838 1510 861 ut
1521 834 1634 869 spiritus
1643 832 1766 861 tenebra-

137 876 187 910 τῆς
202 876 252 910 γῆς
265 877 352 903 εἰπεῖν
361 885 368 891 ·
382 877 422 903 ὅτι
436 886 445 902 ι
466 877 566 910 Σκότος
580 877 614 914 ἦν
626 879 718 906 ἐπάνω
730 880 779 915 τῆς
793 869 924 913 ἀὸύσσου,

979 890 1051 914 rum,
1062 882 1176 917 spiritus
1189 881 1235 909 Dei
1251 882 1296 915 sit,
1311 884 1444 916 quantum
1456 880 1533 907 abest
1548 879 1581 905 ab
1593 878 1667 905 omni
1678 877 1763 904 malo:

139 920 186 946 καὶ
208 921 316 956 πνεῦμα
339 921 406 948 Θεοῦ
431 922 582 958 ἐπεφέρετο
604 924 696 951 ἐπάνω
717 924 763 951 τοῦ
789 925 893 958 ὓδατος.
913 936 922 953 ι

138 966 326 1001 Στοχαζόμεθα
345 967 434 994 τοίνυν
450 968 493 994 ὅτι
507 968 538 995 τὸ
558 969 667 1004 πνεῦμα
691 970 737 996 τοῦ
752 970 819 997 Θεοῦ
837 972 925 999 τοσοῦ-

137 1019 183 1037 τον
205 1012 301 1047 ἀπέχει
316 1012 363 1039 τοῦ
389 1013 501 1046 σκότους
516 1011 595 1046 εἶναι.
610 1015 671 1042 ὅσον
695 1016 741 1042 καὶ
763 1016 863 1049 παντὸς
877 1026 925 1044 κα-

978 927 1050 964 quod
1063 927 1308 954 innumerabilibus
1325 930 1428 954 sancta:
1440 924 1589 960 Scriptura:
1601 922 1766 951 testimoniis

978 979 1125 1007 possumus
1137 972 1327 1006 comprobare,
1342 978 1403 1006 quae
1415 969 1500 998 Deum
1513 973 1540 996 et
1552 969 1638 996 lucem
1649 974 1710 995 esse
1723 974 1766 993 ve-

979 1025 1038 1045 ram
1056 1018 1078 1034 “
1092 1038 1099 1050 ,
1111 1022 1138 1045 et
1149 1017 1273 1045 habitare
1287 1018 1375 1044 lucem
1393 1016 1562 1044 inaccessam
1583 1015 1603 1030 "
1620 1013 1763 1042 aﬂirmaut.

138 1056 187 1083 κοῦ
201 1057 347 1092 ἀλλοτρίως
362 1058 426 1093 ἔχει.
439 1058 493 1084 Καὶ
509 1059 610 1094 μυρίας
625 1059 683 1086 ἔστι
703 1061 767 1096 περὶ
783 1060 879 1088 τούτου
893 1061 942 1096 τῆς
956 1062 1037 1096 ἁγίας
1050 1062 1161 1097 Γραφῆς
1183 1061 1361 1097 παραθέσθαι]
1375 1061 1481 1096 φωνὰς,
1494 1061 1535 1086 ὁτι
1549 1060 1597 1086 καλ⁵
1618 1059 1675 1095 φῶς
1693 1059 1766 1085 ἐστιν

138 1102 263 1138 ἀληθινὸν
285 1104 299 1129 ό
322 1103 397 1135 Θεὸς,
419 1105 464 1131 καὶ
491 1105 562 1132 οἰκεῖ
588 1105 735 1142 ἀπρόσιτον
756 1107 824 1142 φῶς.

173 1148 209 1174 Τὸ
219 1148 247 1174 δὲ
259 1148 368 1184 πνεῦμα
380 1149 426 1176 τοῦ
436 1149 503 1177 Θεοῦ
517 1151 614 1178 ταύτὸν
623 1153 655 1187 τῇ
675 1153 753 1187 φύσει
769 1155 842 1181 ἐστὶν
856 1154 930 1190 αὐτῷ

137 1195 176 1230 τῷ
184 1195 252 1230 Θεῷ-
262 1195 286 1221 εί
301 1195 329 1222 δὲ
345 1195 394 1231 μία
403 1195 484 1230 φύσις
494 1196 542 1223 τοῦ
554 1196 621 1223 Θεοῦ
634 1198 681 1224 καὶ
694 1197 740 1224 τοῦ
757 1198 925 1234 πνεύματος,

138 1239 197 1274 φῶς
209 1239 237 1266 δὲ
245 1239 340 1271 ὁθεδς,
352 1239 409 1274 φῶς
417 1239 449 1266 ἂν
457 1239 499 1275 εῐη
510 1239 616 1272 πάντως
629 1241 676 1267 καὶ
684 1240 730 1268 τοῦ
737 1240 804 1267 Θεοῦ
813 1241 843 1268 τὸ
851 1239 930 1268 πνεῦ-

139 1294 187 1320 μα.
198 1285 233 1311 Τὸ
248 1285 276 1311 δὲ
289 1284 345 1319 φῶς
360 1286 389 1311 ὲν
402 1285 472 1319 φωτὶ
488 1285 595 1317 πάντως
611 1287 684 1313 ποιεῖ
697 1287 800 1319 ὲκετνα,
815 1283 857 1319 οἷς
869 1287 929 1313 ὲπι-

138 1331 260 1366 φέρεται.
270 1331 307 1358 Τὸ
315 1331 342 1358 δὲ
355 1331 427 1367 ὕδωρ
433 1328 455 1365 ᾧ
467 1331 497 1357 τὸ
511 1331 620 1367 πνεῦμα
632 1331 678 1358 τοῦ
689 1332 756 1359 Θεοῦ
768 1332 928 1368 ἐπεφέρετο,

137 1376 201 1403 ἄλλο
224 1373 253 1403 τί
279 1377 355 1412 παρὰ
371 1378 421 1413 τὴν
449 1377 595 1413 κατωφερῆ
615 1377 718 1413 ταύτην
734 1378 788 1405 τῶν
808 1378 928 1413 ρευστῶν

138 1423 243 1450 ὑδάτων
263 1423 344 1458 φύσιν
368 1423 450 1455 ἐστὶν,
467 1422 531 1457 ὃτῷ
549 1422 718 1458 περεὼματι
730 1423 798 1459 πρὸς
813 1423 843 1450 τὸ
858 1423 926 1459 βαρὺ

137 1479 167 1497 τε
189 1471 235 1496 καὶ
257 1470 414 1505 κατωφερὲς
432 1469 502 1504 ὕδωρ
528 1469 729 1504 διατειχίζεται.
753 1470 785 1496 Εἰ
804 1470 832 1496 δὲ
857 1469 927 1505 ὕδωρ

139 1516 251 1542 κάκεῖνο
269 1514 344 1550 παρά
371 1514 419 1550 τῆς
437 1514 548 1549 Γραφῆς
573 1513 750 1550 ὀνομάζεται,
769 1511 792 1548 ᾦ
818 1514 862 1541 διά
878 1514 927 1549 τῆς

1017 1150 1136 1186 Spiritus
1155 1154 1244 1178 autem
1259 1150 1305 1178 Dei
1325 1158 1356 1178 ea
1372 1156 1455 1185 super
1471 1157 1530 1184 quae
1548 1147 1644 1180 fertur,
1664 1150 1766 1177 similia

981 1195 1046 1222 facit
1061 1195 1095 1222 iis
1109 1202 1170 1230 qua:
1184 1194 1211 1221 in
1229 1195 1289 1221 luce
1306 1199 1382 1222 sunt.
1397 1194 1579 1227 Quamobrem
1597 1202 1666 1229 aqua
1685 1202 1767 1229 super

980 1249 1061 1277 quam
1076 1237 1124 1268 Dei
1148 1241 1261 1276 spiritus
1278 1240 1426 1273 ferebatur,
1446 1240 1474 1268 in
1492 1241 1552 1268 luce
1566 1245 1624 1268 erat
1641 1242 1765 1274 omnino.

979 1291 1007 1316 et
1024 1295 1038 1314 a
1054 1287 1173 1314 tenebris
1188 1290 1334 1321 separata,
1350 1289 1377 1314 et
1395 1286 1456 1313 ideo
1473 1286 1511 1313 illi
1527 1294 1581 1313 non
1597 1289 1657 1313 erat
1673 1294 1743 1322 opus
1758 1307 1766 1320 ,

979 1341 1042 1360 cum
1058 1333 1086 1360 in
1101 1332 1222 1360 tenebris
1238 1340 1290 1358 non
1306 1335 1395 1365 esset,
1411 1335 1441 1359 ut
1455 1331 1649 1360 illustraretur.
1663 1331 1730 1365 Quae
1743 1332 1768 1361 si

978 1381 1054 1406 recte
1071 1377 1245 1406 considerata
1263 1380 1343 1409 sunt,
1362 1384 1433 1411 aqua
1451 1376 1594 1412 profecto,
1611 1384 1693 1412 super
1708 1385 1764 1413 qua

980 1424 1118 1452 ferebatur
1153 1423 1270 1458 Spiritus
1296 1421 1365 1455 Dei,
1389 1422 1497 1450 diversa
1522 1426 1564 1450 est
1590 1423 1624 1450 ab
1649 1424 1766 1451 istarum

979 1476 1110 1505 aquarum
1126 1472 1240 1501 natura,
1268 1476 1328 1503 quae.
1354 1468 1482 1495 deorsum
1500 1467 1606 1500 ﬂuunt,
1627 1472 1658 1500 et,
1674 1468 1767 1496 firma-

979 1518 1071 1541 mento
1087 1514 1121 1541 ab
1139 1521 1210 1549 aqua
1228 1513 1304 1549 gravi
1321 1517 1349 1541 et
1366 1512 1398 1540 ad
1420 1512 1549 1541 inferiora
1570 1514 1701 1542 tendente
1722 1522 1767 1542 sa-

138 1561 308 1596 ὑψηλοτὲρας
330 1560 445 1594 θεωρίας
463 1560 494 1586 τὸ
512 1559 567 1586 τῶν
580 1560 682 1595 νοητῶν
702 1560 842 1594 δυνάμεων
858 1559 926 1594 πλή-

979 1559 1111 1594 jungitur.
1138 1558 1216 1592 Quod
1240 1564 1331 1585 autem
1356 1558 1383 1585 in
1402 1557 1543 1593 Scriptura
1560 1563 1674 1586 vocetur
1696 1566 1768 1594 aqua

139 1616 218 1642 ρωμα
236 1606 415 1642 σημαίνεσθαι
432 1606 627 1641 στοχαζόμεθα,
646 1606 790 1639 ξενιζέσθω
815 1606 859 1632 διὰ
880 1606 929 1641 τῆς

138 1653 294 1688 ὁμωνυμίας
322 1652 424 1687 μηδείς.
450 1653 504 1678 Καὶ
519 1652 574 1687 γὰρ
596 1652 643 1679 καὶ
659 1653 673 1678 ὁ
695 1652 761 1683 Θεὸς
784 1651 840 1687 πῦρ
864 1660 929 1678 κατ-

138 1699 281 1725 αναλίσκον
295 1698 379 1727 ἐστὶν,
404 1697 472 1724 ἀλλα
489 1697 635 1732 καθαρεύει
651 1698 701 1732 τῆς
727 1697 821 1733 ὑλικῆς
837 1705 928 1732 σημα-

139 1744 198 1775 σίας
215 1743 261 1769 τοῦ
276 1742 361 1778 πυρδς
376 1743 390 1769 δ
413 1742 502 1776 λόγος,
530 1743 633 1776 Ὥσπερ
649 1740 694 1768 οὖν
719 1742 765 1769 τὸν
789 1742 855 1769 Θεὸν
872 1741 928 1778 πῦρ

140 1788 231 1825 μαθὼν
242 1786 324 1820 εἶναι,
338 1787 402 1815 ἄλλο
417 1796 443 1814 τι
459 1787 539 1814 αὑτὸν
557 1788 634 1822 παρὰ
645 1787 674 1813 τὺ
693 1786 749 1822 πῦρ
762 1787 840 1814 τοῦτο
850 1788 928 1821 ὲνόη-

139 1843 188 1866 σας
203 1843 210 1849 ·
225 1833 297 1860 οὕτω
311 1834 359 1860 καὶ
371 1833 453 1868 γῦδωρ
476 1832 541 1867 θείῳ
568 1832 704 1866 πνεύματι
730 1832 928 1867 ἐπιφερόμενον

137 1881 280 1916 διδαχθεὶς,
300 1881 337 1915 μὴ
356 1879 405 1914 τὴν
427 1879 576 1913 κατωφερῆ
601 1878 681 1912 φύσιν
699 1878 798 1915 νοήσῃς
817 1878 864 1912 τὴν
891 1879 946 1909 είς,

138 1929 190 1963 γῆν
208 1926 425 1962 καταρρέουσαν.
453 1925 491 1951 Τὸ
509 1925 563 1960 γὰρ
587 1923 695 1959 πνεῦμα
715 1924 762 1951 τοῦ
786 1923 854 1950 Θεοῦ
874 1925 930 1956 τοῖς

130 1972 289 2010 χθαμαλοῖς
314 1979 343 1997 τε
371 1970 418 1996 καὶ
436 1969 562 2001 ἀστάτοις
573 1967 622 1996 οῦκ
638 1969 808 2005 ἐπιφέρεται.
823 1969 928 1996 Οὐκοῦν

138 2017 176 2049 ὼς
189 2017 221 2044 ἂν
243 2016 431 2052 φανερώτερον
446 2016 512 2050 ἡμῖν
535 2015 718 2050 ὲκκαλυφθείη
730 2015 760 2041 τὸ
774 2015 872 2049 νόημα,
885 2014 929 2040 διὰ

140 2062 286 2098 συντομίας
310 2062 354 2089 τὸν
371 2061 432 2088 νοῦν
454 2061 510 2088 τῶν
530 2061 683 2097 εἰρημένων
709 2059 927 2095 ἀναληψώμεθω

139 2109 180 2135 ὅτι
191 2108 222 2134 τὸ
239 2108 383 2143 στερέωμα
402 2107 417 2133 ὃ
430 2106 570 2142 ἐπεκλήθη
595 2106 719 2140 οὐρανὸς,
739 2106 863 2141 μεθόριον
878 2106 929 2140 τῆς

138 2153 269 2188 αἰσθητῆς
287 2153 346 2178 ἐστι
371 2151 496 2183 κτίσεως,
513 2151 544 2177 τὸ
562 2151 589 2177 δὲ
603 2151 650 2177 ἀπ’
666 2150 780 2181 ἐκείνου,
793 2151 874 2187 νοητή
888 2159 929 2182 τις

138 2199 288 2233 διαδέχεται
303 2198 399 2228 κτίσις.
419 2198 446 2223 έν
498 2197 549 2223 οὐκ
565 2195 645 2227 εἶδος,
658 2196 688 2221 οὐ
713 2195 838 2230 μέγεθος,
849 2196 898 2230 οὐχ
911 2196 928 2230 ἡ

979 1605 1062 1632 etiam
1079 1604 1144 1636 illa,
1160 1611 1213 1638 qua
1236 1604 1389 1632 sublimiori
1410 1604 1641 1639 contemplatione
1662 1605 1768 1632 divina-

980 1657 1041 1677 rum
1067 1650 1199 1677 mentium
1222 1649 1364 1683 plenitudo
1392 1649 1572 1684 signiﬁcatur,
1598 1658 1631 1678 ne
1652 1651 1715 1685 quis
1740 1650 1767 1678 id

979 1695 1118 1728 alienum,
1145 1700 1192 1722 aut
1220 1703 1319 1722 novum
1343 1699 1428 1730 putet.
1455 1695 1522 1722 Nam
1546 1699 1573 1723 et
1596 1696 1668 1723 Deus
1696 1696 1767 1731 ignis

979 1749 1146 1769 consumens
1162 1746 1204 1769 est
1220 1742 1254 1773 ",
1272 1745 1392 1768 attamen
1409 1741 1443 1768 ab
1460 1741 1532 1775 ignis
1548 1742 1662 1769 materia
1679 1749 1766 1776 purus

980 1787 1149 1823 intelligitur.
1161 1786 1395 1819 Quemadmodum
1409 1786 1502 1821 igitur,
1516 1794 1576 1813 cum
1589 1787 1668 1813 audis
1681 1786 1766 1814 Deum

979 1839 1047 1860 csse-
1061 1833 1165 1867 ignem,
1184 1832 1258 1859 aliud
1274 1832 1403 1867 quiddam
1424 1832 1459 1859 ab
1474 1833 1527 1860 isto
1543 1833 1605 1868 igne
1622 1832 1766 1860 diversum

979 1886 1041 1906 esse
1055 1879 1131 1905 illum
1152 1878 1278 1913 cogitas:
1299 1878 1340 1905 sic
1362 1878 1444 1905 etiam
1467 1886 1528 1904 cum
1544 1878 1638 1905 divino
1657 1878 1767 1913 spiritui

979 1932 1077 1960 aquam
1092 1924 1243 1959 subjectam
1258 1924 1356 1956 discis,
1370 1932 1404 1950 ne
1422 1928 1500 1958 putes
1518 1924 1592 1951 illam
1609 1932 1670 1952 esse
1687 1924 1767 1952 istaut

980 1978 1039 2005 qua:
1053 1969 1181 1999 inferiora
1197 1973 1291 2004 petens
1308 1969 1335 1996 in
1353 1973 1452 1996 terram
1472 1969 1542 1996 nuit.
1559 1969 1627 1996 Nam
1653 1970 1767 2004 spiritus

979 2015 1028 2042 Dei
1057 2022 1140 2049 super
1170 2014 1286 2042 terrenis
1313 2014 1374 2042 istis
1402 2018 1484 2049 atque
1509 2015 1683 2043 iustabilibus
1711 2023 1767 2043 nott

979 2060 1074 2088 fertur.
1091 2059 1190 2087 Verum
1201 2079 1207 2091 ,
1225 2063 1253 2086 ut
1270 2059 1370 2086 clarior
1387 2060 1466 2087 nobis
1485 2060 1527 2087 hic
1544 2068 1641 2088 sensus
1658 2066 1766 2096 pateat,

979 2106 1096 2134 breviter
1102 2109 1256 2140 repetamus
1269 2113 1300 2132 ea
1308 2113 1367 2140 quae
1376 2105 1447 2132 dicta
1455 2110 1529 2132 sunt.
1540 2105 1766 2139 Firmamentum,

979 2151 1053 2188 quod
1068 2155 1194 2178 vocatum
1207 2155 1249 2178 est
1265 2151 1364 2178 coelum
1377 2170 1384 2182 ,
1397 2151 1532 2178 terminus
1546 2156 1588 2179 est
1602 2160 1692 2179 rerum
1707 2160 1767 2188 qua

981 2198 1108 2225 sensibus
1124 2195 1413 2230 comprehenduntur:
1432 2195 1505 2230 quod
1523 2196 1594 2223 ultra
1611 2196 1686 2223 illum
1710 2202 1765 2224 ter-

142 2245 187 2271 ἐπὶ
205 2245 287 2270 τόπου
308 2243 393 2276 θέσις,
405 2242 435 2269 οὐ
458 2241 489 2268 τὺ
512 2243 544 2268 ὲκ
560 2241 752 2277 διαστημάτων
776 2241 885 2276 μέτρον,
896 2241 926 2267 οὐ

980 2243 1084 2270 minum
1102 2246 1159 2274 est,
1186 2241 1212 2268 id
1232 2249 1276 2269 res
1301 2242 1353 2268 illae
1373 2249 1434 2276 qua:
1453 2245 1544 2269 tuente
1563 2242 1765 2277 percipiuntur.

140 2289 248 2326 χρῶμα,
260 2288 291 2315 οὑ
308 2288 409 2323 σχῆμα,
435 2288 464 2314 οὐ
484 2287 644 2322 πηλικότης,
671 2287 720 2313 οὐκ
745 2285 808 2313 ἄλλο
826 2294 853 2312 τι
873 2286 926 2312 τῶν

140 2337 192 2364 ὑπὸ
205 2336 250 2362 τὸν
265 2335 377 2370 οὐρανὸν
393 2333 587 2367 θεωρουμένων
607 2332 693 2359 οὐδέν.
711 2332 766 2358 Καί
783 2340 816 2366 με
834 2331 927 2367 μηδεὶς

141 2381 288 2410 ὑπονοείτω
301 2380 345 2406 διὰ
365 2379 414 2413 τῆς
430 2377 608 2415 τροπολογίας
626 2377 756 2412 σύγχυσιν
766 2377 879 2411 ἐπάγειν
892 2379 925 2413 τῇ

141 2428 243 2462 θεωρία
268 2425 317 2461 τῆς
338 2425 448 2457 λέξεως.
475 2424 513 2456 ὡς
535 2425 595 2455 ταῖς
624 2423 762 2459 ὑπονοίαις
792 2423 847 2449 τῶν
875 2423 927 2458 πρὸ

141 2472 220 2508 ἡμῶν
244 2471 278 2498 τὰ
296 2470 408 2497 τοιαῦτα
430 2469 641 2505 τεθεωρηκότων
670 2468 866 2504 συμφέρεσθαι,
879 2469 927 2495 καὶ

141 2519 229 2552 λέγειν
244 2527 249 2533 ·
268 2517 316 2549 τὰς
336 2516 385 2551 μὲν
400 2515 582 2546 ἀποπατικὰς
596 2514 735 2549 δυνάμεις,
753 2514 869 2541 ᾶὸυσσον
884 2514 926 2540 λέ-

143 2564 238 2598 γεσθαι
247 2572 254 2579 ·
265 2563 311 2590 τὸν
323 2563 351 2589 δὲ
366 2562 576 2597 κοσμοκράτορα
587 2560 634 2588 τοῦ
646 2560 772 2592 σκάτους,
789 2560 820 2586 τὺ
835 2560 927 2587 ἐπάνω

142 2609 193 2644 τῆς
209 2608 325 2635 ἀϐύσσου
344 2607 462 2635 νοεῖσθαι
488 2607 593 2639 σκότος.
609 2607 721 2641 Μήποτε
735 2606 807 2633 οὕτω
836 2614 926 2641 παρα-

142 2655 311 2690 νομήσαιμι,
327 2653 365 2686 ὡς
395 2654 500 2689 ποίημα
515 2653 584 2680 Θεοῦ
607 2654 657 2690 τὴν
685 2654 783 2681 κακίαν
805 2654 925 2689 νοῆσαι·

143 2699 236 2734 σαφῶς
246 2699 366 2730 εἰπόντος
381 2699 427 2725 επὶ
451 2698 599 2734 κεφαλαίου
619 2698 666 2725 τοῦ
688 2698 761 2725 θείου
777 2698 868 2732 λόγου,
885 2698 926 2725 ὅτι

147 2753 157 2771 ι
178 2744 231 2771 Καὶ
257 2741 326 2771 εἷδεν
348 2745 363 2771 ὁ
388 2744 455 2776 Θεὸς
479 2745 513 2771 τὰ
537 2745 628 2771 πάντα
649 2744 699 2771 ὅσα
721 2744 857 2780 ὲπλίησεν,
881 2744 928 2771 καὶ

981 2289 1141 2324 excipiunt,
1165 2289 1192 2316 iu
1212 2288 1312 2323 quibus
1331 2296 1382 2316 nec
1397 2288 1504 2323 species
1518 2292 1577 2321 est,
1595 2296 1645 2316 nec
1661 2289 1779 2325 magni.

982 2335 1064 2365 tudo,
1088 2341 1138 2360 nec
1160 2334 1230 2361 situs
1253 2334 1281 2361 in
1304 2333 1379 2365 loco,
1394 2340 1445 2360 nec
1462 2333 1596 2360 intervalli
1614 2341 1709 2361 mensu
1718 2342 1765 2366 ra.

979 2389 1030 2408 nec
1055 2380 1140 2412 color,
1161 2387 1212 2407 nec
1236 2381 1338 2416 figura,
1364 2387 1414 2406 nec
1429 2381 1586 2414 quantitas,
1612 2387 1663 2407 nec
1685 2379 1766 2414 quid-

979 2434 1061 2462 quam
1084 2426 1156 2453 aliud
1175 2434 1269 2454 corum
1286 2433 1347 2461 qua
1366 2425 1417 2453 sub
1435 2425 1506 2452 ccelo
1523 2429 1685 2453 cernuntur.
1710 2425 1768 2453 Nec

981 2471 1127 2506 quisquam
1143 2471 1302 2503 arbitretur,
1315 2477 1366 2498 nos
1383 2470 1528 2497 verborum
1547 2470 1764 2505 interpretationi

980 2524 1013 2544 ex
1030 2518 1080 2543 hac
1098 2516 1194 2544 morali
1209 2515 1380 2550 expositione
1392 2514 1585 2543 confusionem
1607 2515 1718 2548 afferre,
1736 2518 1766 2543 ut

981 2562 1158 2598 Opinionibus
1174 2569 1268 2589 eorum
1287 2561 1333 2596 qui
1348 2565 1412 2588 ante
1427 2569 1478 2588 nos
1493 2561 1664 2596 interpretati
1680 2567 1746 2588 sunt
1756 2581 1764 2594 ,

980 2608 1118 2636 faveamus
1131 2628 1139 2640 ,
1155 2608 1336 2642 dicamusque
1357 2609 1508 2642 potestates
1521 2607 1582 2635 illas
1606 2615 1666 2642 quae
1688 2606 1764 2635 defe-

980 2657 1078 2681 cerunt
1088 2673 1096 2686 ,
1111 2654 1241 2689 abyssum
1256 2653 1329 2680 dici:
1343 2652 1496 2688 principem
1509 2660 1575 2680 vero
1589 2652 1764 2680 tenebrarum

980 2699 1094 2734 intelligi
1109 2699 1237 2727 tenebras
1252 2699 1314 2727 illas
1325 2718 1332 2731 ,
1349 2706 1410 2734 qua:
1425 2706 1508 2737 super
1521 2699 1651 2733 abyssum
1673 2701 1763 2724 erant.

979 2743 1126 2780 Nunquam
1140 2744 1213 2772 enim
1227 2744 1265 2771 ita
1281 2743 1427 2772 delirarem
1441 2765 1448 2778 ,
1466 2748 1496 2772 ut
1513 2751 1558 2771 res
1573 2751 1593 2777 a_
1604 2743 1659 2771 Deo
1677 2741 1763 2773 factas

181 2831 204 2849 ¹⁹
221 2831 290 2860 Gen.
303 2840 322 2866 ι,
342 2832 369 2859 2.
408 2833 431 2849 ”
449 2831 557 2866 Joau.t,
577 2833 603 2860 9.
643 2834 664 2849 ²¹
684 2832 695 2859 Ι
716 2832 786 2860 Tim.
809 2841 846 2866 vr,
868 2832 910 2861 i6.

991 2831 1067 2861 Deut.
1096 2841 1132 2866 tv,
1153 2832 1206 2866 24;
1227 2831 1309 2860 llebr.
1331 2839 1381 2864 xu,
1402 2832 1446 2860 29.
