1976 3077
236 115 272 144 οδ
328 146 331 150 ,
865 123 894 152 s.
911 125 1074 156 GREGORH
1092 129 1240 159 stsaNt
1821 137 1856 166 84

237 176 323 205 malas
339 184 400 208 esse
417 178 542 207 ducerem
554 200 561 212 ,
579 187 640 208 cum
658 181 803 217 perspicue
815 191 949 214 summam
965 188 1007 216 col

1074 190 1130 217 ίδοὺ
1153 190 1188 217 τὰ
1204 191 1293 218 πάντα
1313 191 1383 219 καλὰ
1401 191 1471 219 λίαν.
1491 202 1500 218 ι
1517 193 1550 220 Εἰ
1565 193 1594 220 δὲ
1616 194 1704 221 πάντα
1718 194 1791 222 καλὰ
1807 196 1856 223 ὅσα

236 222 324 256 ligens
337 223 429 251 divina
443 223 585 261 Scriptura
601 227 675 255 dicat
686 237 692 255 :
703 237 712 253 ι
727 228 761 255 Et
777 229 845 256 vidit
862 230 934 259 Deus
950 240 1020 262 cun-

236 272 279 294 cta
297 276 357 303 quae
374 269 495 304 fecerat,
511 276 538 299 et
551 278 630 301 erant
651 275 729 302 valde
745 275 815 303 bona
829 275 862 302 ".
879 286 888 302 ι
899 277 977 310 Quod
996 279 1018 307 si

234 321 403 349 quaecunque
422 315 493 343 Deus
511 318 574 345 fecit
592 322 655 346 sunt
672 319 758 352 bona,
776 321 892 356 abyssus
910 329 1018 356 autem,

234 366 347 394 quaeque
364 360 398 387 ad
416 361 489 388 illam
507 363 664 398 pertinent,
678 372 693 391 a
711 373 825 394 numero
842 375 935 395 eorum
959 378 1020 404 qua:

235 402 311 431 facta
325 409 390 432 sunt
405 413 420 431 a
437 406 492 434 Deo
503 427 510 439 ,
529 416 584 435 non
597 410 802 439 excluduntur:
821 416 848 440 et
862 412 919 440 haec
935 402 1019 449 igitur

233 449 263 476 in
277 450 373 478 ordine
388 459 438 479 suo
453 453 523 480 bona
534 474 541 486 ,
561 454 644 482 etiam
667 456 784 492 abyssus
799 457 859 492 ipsa
869 478 876 490 ,
893 458 956 486 licet
973 460 1018 488 lux

233 496 316 523 rebus
330 497 411 524 insita
427 499 547 526 nondum
564 501 638 528 circa
665 498 745 530 illam
764 504 928 538 splenderet.
951 505 1018 533 Pro-

233 542 296 570 inde
312 551 372 570 eum
387 544 414 571 in
428 544 569 580 Scriptura
593 542 722 584 abyssum
739 550 838 582 audio,
862 552 1017 579 multitudi-

233 596 294 615 nem
317 597 448 624 aquarum
471 592 620 626 signiﬁcari
645 594 717 622 dico.
745 595 790 623 Sic
806 597 878 624 enim
899 598 926 624 in
943 598 1018 632 psal-

233 633 286 660 mis
299 642 406 670 quoque
421 635 603 669 describitur:
624 648 633 664 σ
643 640 819 668 (ἐοηιυι-ὺοιπ
834 647 898 669 sunt
912 643 1016 678 abyssi,

232 680 379 708 multitudo
402 682 507 709 sonitus
532 691 665 718 aquarum
682 686 714 712 "'.
734 696 742 711 ι
759 686 898 716 Tenebras
925 693 1015 715 autem

231 724 305 752 circa
338 726 412 753 illam
439 728 574 761 audiens,
598 730 652 757 vim
679 730 834 759 illustrandi
862 733 890 760 in
920 741 1014 760 rerum

232 770 410 800 universitate
420 773 500 801 sitam
513 775 633 803 nondum
643 776 763 804 eluxisse
779 777 911 814 intelligo.
926 780 1015 814 Aqua-

230 823 293 843 rum
307 824 370 844 vero
383 819 581 852 separationem
597 828 645 856 per
662 822 863 851 ﬁrmamentum
879 832 1014 852 consecu—

231 865 285 888 tam
303 861 414 890 discens
428 871 444 891 a
461 863 620 899 Scriptura,
644 867 712 894 nihil
732 869 900 903 absurdum,
926 875 974 897 aut
998 878 1012 897 a
1029 855 1050 882 Β

230 908 350 936 nominis
371 909 569 945 signiﬁcatione
582 912 700 940 alienum
717 915 782 943 mihi
806 915 896 943 facere
909 917 1013 950 videor.

231 951 254 979 si
280 952 429 981 discrimen
452 955 522 983 inter
536 963 629 983 earum
651 962 764 987 naturas
785 960 955 996 intelligam,
977 967 1015 989 at-

230 1004 283 1031 que
305 1005 390 1025 unum
412 1007 499 1034 genus
526 1000 634 1028 illarum
656 1010 765 1031 sursum
791 1005 920 1037 tendere,
945 1006 1014 1034 nihil

231 1043 375 1076 gravitatis
407 1044 526 1077 habere,
559 1039 586 1073 et
617 1047 705 1082 ignem
736 1049 846 1077 levitate
880 1058 1012 1085 superare

229 1088 296 1114 mihi
320 1091 518 1124 persuadeam,
543 1092 611 1119 adeo
632 1099 662 1120 ut
683 1102 766 1129 supra
792 1099 918 1122 naturam
945 1097 1012 1124 cali-

228 1133 290 1160 dam
319 1142 448 1167 manens,
471 1136 544 1165 illius
573 1139 688 1174 subjecti
718 1147 768 1167 nec
796 1145 870 1168 motu
901 1143 1013 1170 convel-

227 1179 309 1211 latur,
327 1188 377 1207 nec
394 1181 489 1208 ardore
512 1183 539 1209 in
560 1183 698 1214 diversum
719 1186 840 1213 ordinem
862 1192 1013 1215 commute-

226 1229 282 1256 tur,
299 1225 346 1252 sed
362 1225 417 1261 igni
432 1227 647 1256 subtercurrenti
659 1230 763 1257 nullum
780 1231 814 1259 ad
828 1238 857 1258 se
869 1238 1012 1259 accessum

227 1271 352 1306 praebens
362 1291 369 1303 ,
386 1272 522 1307 integrum
538 1278 656 1301 maneat.
673 1274 816 1309 Quomodo
830 1277 904 1304 enim
915 1297 921 1309 ,
939 1278 1011 1313 quod

227 1317 341 1344 materia
360 1321 450 1349 caret,
468 1325 494 1345 et
510 1326 540 1346 se
559 1318 650 1346 louum
667 1321 870 1355 accommodet,
887 1323 960 1357 quod
978 1331 1011 1351 ex

227 1363 342 1390 materia
357 1364 487 1390 constat?
502 1363 625 1392 Alterum
647 1369 736 1393 autem
762 1367 829 1395 illud
848 1375 911 1396 esse
931 1370 1011 1405 cujus

227 1412 354 1435 naturam
379 1413 406 1437 et
428 1410 532 1442 oculis,
559 1416 585 1438 et
604 1416 703 1446 gustu,
728 1417 754 1440 et
775 1417 848 1440 tactu
868 1416 1011 1450 cognosci-

227 1462 299 1482 mus.
315 1455 381 1488 ουω
397 1458 469 1482 enim
491 1457 552 1488 hic,
569 1462 596 1484 et
616 1458 745 1485 deorsum
767 1459 853 1486 fertur
874 1468 962 1495 aqua,
984 1466 1011 1489 et

227 1501 364 1535 perlucida
380 1503 510 1534 cernitur,
526 1507 553 1530 et
568 1508 648 1538 gustu
664 1505 843 1540 dignoscitur,
862 1515 921 1534 eam
932 1527 940 1540 ,
956 1516 1007 1535 nav
1021 1515 1043 1544 (ι

226 1551 287 1574 tura
303 1547 362 1581 ejus
378 1552 518 1582 perspecta
532 1553 559 1575 et
572 1550 680 1584 cognita
691 1571 698 1583 ,
717 1551 750 1578 ad
765 1551 845 1579 aliam
871 1554 1010 1582 notionem

226 1592 375 1620 transferre
391 1601 443 1620 nou
458 1594 590 1629 cogimur.
928 1622 931 1627 .

260 1640 295 1666 At
308 1648 368 1675 qum
385 1641 440 1668 illic
455 1649 525 1676 aqua
539 1641 649 1675 dicitur,
665 1651 727 1670 cum
744 1651 793 1671 nec
812 1646 944 1679 videatur,
960 1656 1009 1676 nec

225 1686 308 1719 ﬂuat,
322 1694 373 1714 nec
386 1687 448 1714 ullis
464 1695 576 1722 prorsus
592 1688 726 1722 ejusmodi
742 1691 865 1719 terminis
882 1701 1009 1721 coercea-

224 1735 280 1762 tur,
301 1730 402 1765 quibus
421 1735 518 1758 natura
538 1731 649 1759 humida
669 1734 835 1769 continetur,
859 1738 905 1764 sed
932 1743 1008 1765 extra

223 1774 314 1801 locum
335 1775 371 1801 sit
386 1779 412 1802 et
427 1782 525 1810 expers
542 1777 663 1803 omnium
679 1778 840 1812 qualitatum
852 1801 859 1812 ,
880 1789 940 1816 qua:
957 1784 1008 1811 sub

223 1827 332 1847 sensum
362 1820 479 1852 cadunt,
506 1821 531 1848 si
568 1829 651 1856 super
676 1823 734 1858 ipsa
760 1823 863 1852 feratur
893 1828 1007 1862 spiritus

222 1863 287 1897 Dei,
313 1868 340 1892 et
360 1872 443 1900 supra
469 1866 554 1893 celos
573 1874 633 1894 esse
659 1869 798 1903 credatur,
827 1874 853 1898 ct
877 1873 1006 1901 omnibus

221 1917 282 1944 qua:
301 1917 383 1937 sensu
398 1915 612 1945 cognoscuntur,
630 1913 756 1947 superior
772 1915 824 1946 sit,
841 1917 888 1950 qui
912 1924 966 1944 non
991 1925 1005 1944 a

221 1955 359 1981 cotnmuni
376 1963 445 1990 aqua
461 1956 598 1984 diversam
621 1963 713 1993 putet,
741 1965 921 1996 naturamque
942 1971 1005 1991 sen—

221 2000 298 2029 sibus
319 2008 372 2027 non
391 2001 554 2034 obnoxiam,
575 2003 621 2029 sed
648 2004 739 2032 animo
761 2013 793 2032 ac
811 2012 899 2034 mente
916 2009 1003 2035 solum

220 2045 446 2080 comprehensam
469 2046 622 2080 existimet,
649 2048 720 2075 inter
734 2057 781 2077 eos
794 2070 801 2082 ,
815 2051 862 2085 qui
879 2052 1004 2086 judicare

219 2094 352 2125 possunt,
377 2090 496 2117 arbitror
515 2099 576 2118 esse
596 2092 742 2121 nemiuem.
764 2094 831 2122 Nam
850 2103 878 2123 ut
901 2105 934 2124 ex
955 2107 1003 2127 su-

218 2136 325 2172 periore
344 2136 522 2171 iisputatione
535 2138 737 2172 conclusimus,
763 2141 894 2176 quidquid
910 2131 1001 2172 move-

218 2186 274 2215 tur,
300 2190 314 2210 a
333 2185 431 2209 natura
445 2202 451 2214 ,
474 2191 535 2217 quae
551 2187 640 2211 mente
658 2185 715 2212 sola
733 2187 892 2221 percipitur,
911 2191 1003 2216 exclu-

219 2237 280 2257 sum
304 2233 359 2261 est,
385 2233 413 2256 et
438 2229 508 2256 circa
532 2230 652 2264 seipsum
676 2233 881 2261 conversionem
910 2227 1002 2264 habet.

218 2275 320 2302 Natura
335 2283 399 2302 vero
413 2276 535 2303 locorum
553 2277 649 2311 spatiis
666 2278 828 2312 terminata,
846 2281 927 2309 rebus
943 2290 1002 2317 quae

219 2325 364 2348 moventur
377 2319 444 2347 ﬁnes
461 2321 620 2354 constituit,
637 2323 708 2349 ultra
724 2331 792 2358 quos
811 2330 905 2352 natura
917 2346 924 2356 .
946 2328 1003 2354 sola

218 2366 399 2401 intelligentia
417 2366 633 2400 comprehensa,
651 2369 789 2403 nullisque
813 2370 934 2398 locorum
957 2376 1004 2399 aut

219 2412 427 2439 intervallorum
461 2412 676 2446 proprietatibus
707 2415 826 2443 obnoxia
854 2418 1002 2452 reperitur.

220 2457 383 2492 Supremum
401 2457 482 2493 igitur
501 2462 606 2486 natura:
622 2459 732 2487 sensilis
752 2462 910 2493 terminum,
927 2467 1005 2491 extra

218 2499 298 2542 quem
319 2503 385 2530 nihil
403 2503 455 2531 tale
477 2508 529 2535 est,
546 2505 635 2539 qualia
651 2510 715 2532 sunt
731 2513 762 2533 ea
779 2514 838 2541 qua:
853 2508 1003 2539 cernimus,

218 2549 381 2577 ﬁrmamenti
406 2550 515 2578 nomine
538 2551 670 2578 declarari
693 2552 820 2584 dicimus,
839 2554 1002 2581 sententiam

217 2601 338 2623 nostram
362 2594 504 2630 Scriptura
528 2597 619 2624 verbis
639 2598 693 2625 illis
713 2598 916 2633 approbauteu
932 2599 1004 2626 Divi-

217 2643 252 2669 sit
269 2641 341 2669 Deus
360 2642 431 2669 inter
453 2650 563 2677 aquam,
585 2651 646 2679 qua:
669 2648 728 2671 erat
753 2644 804 2672 sub
822 2644 1002 2676 ﬁrmamento,

216 2692 244 2714 et
259 2695 355 2722 aquam
371 2695 431 2722 quae
444 2692 502 2715 erat
519 2696 601 2723 super
615 2689 812 2718 ﬁrmamentum
826 2691 857 2718 ".
872 2700 881 2716 ι
907 2690 944 2718 Ex
961 2691 1002 2719 his

217 2735 298 2761 etiam
315 2737 398 2768 patet,
420 2742 454 2761 ne
471 2734 549 2762 initio
563 2735 672 2770 quidem
689 2736 758 2763 hanc
775 2736 899 2762 cum’illa
915 2735 1001 2764 fuisse

256 2820 280 2838 "
297 2822 366 2850 Gen.
391 2831 410 2853 ι.
436 2822 478 2850 3i.

1070 236 1197 271 ἐποίησεν
1210 236 1225 262 ό
1247 237 1323 269 Θεὸς,
1338 238 1354 272 ὴ
1370 238 1399 263 δὲ
1423 237 1539 270 ἄϐυσσος
1565 239 1662 267 καὶτὰ
1683 241 1747 276 περὶ
1770 242 1855 276 αὐτὴν

1070 280 1119 307 οὐκ
1134 281 1186 314 ἐξω
1199 282 1252 308 τῶν
1272 282 1348 317 παρὰ
1372 282 1418 309 τοῦ
1435 283 1502 309 Θεοῦ
1517 284 1666 318 γεγονότων
1689 286 1761 312 ἐστίν
1779 295 1786 302 ι
1801 286 1853 322 ἄρα

1070 326 1141 354 καλὰ
1163 327 1209 354 καὶ
1230 327 1316 355 ταῦτα
1330 328 1370 363 τῷ
1394 329 1451 364 ὶδὶῳ
1463 329 1544 364 λόγῳ,
1563 330 1615 356 κᾶν
1626 330 1744 363 ἄϐυσσος
1757 330 1786 368 ᾖ,
1802 333 1854 358 κᾶν

1071 373 1154 408 μήπω
1175 374 1239 408 περὶ
1262 374 1347 409 αὐτὴν
1369 374 1464 410 λάμπῃ
1486 375 1516 401 τὸ
1530 377 1586 405 τοῖς
1607 373 1681 404 οὖσιν
1697 377 1855 413 ἐγκείμενον

1070 418 1137 452 φῶς.
1158 419 1263 446 Οὐκοῦν
1282 420 1399 447 ἄϐυσσον
1416 420 1464 455 μὲν
1483 421 1558 456 παρὰ
1574 421 1624 456 τῆς
1640 422 1750 458 Γραφῆς
1771 423 1852 450 ἀκού-

1070 471 1128 495 σας,
1145 463 1174 490 τὸ
1189 464 1290 499 πλῆθος
1303 465 1356 491 τῶν
1368 465 1469 491 ὑδάτων
1485 466 1665 500 σημαίνεσθαι
1680 466 1761 501 λέγω.
1776 467 1853 494 Οὖτω

1069 510 1123 544 γὰρ
1141 509 1223 545 αὐτὴν
1242 511 1289 538 καὶ
1307 511 1324 545 ή
1341 510 1483 546 ψαλμωδία
1501 511 1620 547 ὁρίζεται
1632 511 1756 546 λέγουσα·
1771 513 1863 543 «Ἑτα-

1071 555 1210 591 ράχθησαν
1239 556 1267 582 αἱ
1299 555 1422 587 ἄϐυσσοι,
1443 555 1543 590 πλῆθος
1560 556 1642 591 ἤχους
1661 556 1774 583 ὑδάτων
1796 566 1805 582 ι
1822 557 1851 583 τὸ

1067 598 1095 624 δὲ
1109 599 1174 634 περὶ
1194 599 1278 634 αὐτὴν
1301 600 1394 631 σκότος
1412 600 1540 633 ἀκούσας,
1552 601 1582 627 τὸ
1598 603 1682 635 μήπω
1702 602 1849 636 πεφηνέναι

1066 643 1115 678 τὴν
1141 643 1304 679 φωτιστικὴν
1321 644 1433 679 δύναμιν
1457 645 1504 680 τὴν
1530 645 1690 681 ὲγκειμένην
1712 647 1745 681 τῇ
1771 646 1850 680 φύσει

1066 689 1120 716 τῶν
1134 689 1216 716 ὄντων
1229 690 1338 725 ἐνόησα.
1351 691 1494 726 Χωρισμὸν
1506 691 1534 717 δὲ
1546 691 1657 722 ὑδάτων,
1669 691 1713 718 διὰ
1731 691 1776 718 τοῦ
1793 700 1850 718 στε-

1068 735 1206 771 ρεώματος
1218 736 1347 770 γεγονότα
1362 737 1436 771 παρὰ
1451 735 1500 771 τῆς
1515 737 1625 771 Γραφῆς
1644 737 1848 771 διδασκόμενος,

1065 781 1114 807 οὐκ
1127 780 1179 814 ἔξω
1202 789 1247 816 μοι
1263 781 1333 807 δοκῶ
1348 781 1394 809 τοῦ
1418 781 1521 812 εἰκότος
1538 783 1633 813 ποιεῖν,
1654 783 1701 808 καὶ
1722 782 1772 816 τῆς
1788 783 1848 808 κατ’

1065 826 1149 860 ὄνομα
1173 826 1320 860 σημασίας,
1340 826 1386 852 ἐπὶ
1407 826 1453 854 τοῦ
1479 826 1572 858 ὓδατος
1589 826 1725 862 χωρισμὸν
1741 827 1847 858 ἑννοῶν,

1065 871 1135 898 ὥστε
1159 871 1285 907 διάφορον
1301 872 1433 907 ἐκατέρου,
1455 871 1504 907 τὴν
1529 873 1608 906 φύσιν
1622 872 1725 900 οἴεσθαι
1742 873 1790 899 καὶ
1802 881 1848 899 πε-

1065 916 1174 943 πεῖσθαι
1185 925 1191 932 ·
1212 917 1242 943 τὸ
1256 917 1304 951 μὲν
1321 917 1460 952 ἀνωφερὲς
1474 926 1504 943 τε
1524 918 1570 944 καὶ
1586 918 1685 952 κοῦφον
1703 916 1782 950 εἶναι,
1801 917 1848 944 καὶ

1065 962 1114 996 τῆς
1124 962 1288 996 κουφότητος
1302 961 1349 988 τοῦ
1371 962 1455 996 πυρὸς
1467 962 1644 998 ἐλαφρότερον
1661 972 1668 980 ·
1684 963 1753 989 ὥστε
1765 964 1846 997 ὑπερ-

1065 1007 1120 1034 άνω
1135 1007 1182 1042 τῆς
1196 1006 1300 1041 Θερμῆς
1311 1006 1415 1037 νοὺσίας
1439 1007 1517 1041 μένον
1527 1027 1533 1038 ,
1552 1007 1619 1041 μήτε
1634 1008 1666 1042 τῇ
1684 1008 1788 1042 κινήσει
1801 1007 1846 1033 τοῦ

1064 1051 1244 1086 ὑποκειμένου
1270 1050 1527 1086 συμμετατίθεσθαι,
1555 1051 1622 1086 μήτε
1647 1052 1680 1086 τῇ
1701 1051 1846 1086 θερμότητι

1063 1096 1133 1131 πρὸς
1159 1096 1303 1123 ἀντίπαλον
1316 1097 1391 1129 τάξιν
1408 1096 1654 1129 ἀποκαθίστασθαι,
1670 1097 1726 1123 ἀλλ’
1740 1097 1804 1123 αὑτό
1818 1105 1847 1124 τε

1065 1141 1156 1177 μένειν
1169 1141 1310 1176 ἀμείωτον,
1324 1142 1363 1177 τῷ
1387 1150 1416 1168 τε
1433 1142 1606 1177 ὑποτρέχοντι
1632 1143 1697 1177 πυρὶ
1714 1141 1847 1177 μηδεμίαν

1062 1187 1096 1214 δι’
1111 1187 1206 1214 ἑαυτοῦ
1219 1187 1334 1222 πάροδον
1352 1188 1410 1222 ὲᾷν.
1422 1187 1484 1218 Πῶς
1500 1187 1554 1222 γὰρ
1571 1187 1603 1214 ἂν
1618 1188 1699 1218 τόπος
1711 1187 1749 1222 τῷ
1763 1187 1847 1222 ὑλικῷ

1062 1234 1093 1260 τὸ
1109 1234 1189 1260 ἄῡ).ον
1204 1234 1307 1268 γένοιτο
1320 1243 1327 1266 ;
1339 1234 1374 1260 Τὸ
1389 1234 1416 1260 δὲ
1440 1234 1531 1270 ἕτερον
1545 1233 1616 1268 ὕδωρ
1630 1233 1707 1260 τοῦτο
1720 1231 1800 1266 εἶναι,
1815 1230 1845 1260 οὗ

1061 1279 1110 1314 τὴν
1126 1279 1206 1314 φύσιν
1220 1279 1266 1306 καὶ
1280 1278 1410 1314 ὀφθαλμῷ
1432 1279 1479 1306 καὶ
1501 1279 1554 1313 ἁφῇ
1574 1278 1619 1305 καὶ
1643 1278 1734 1312 γεύσει
1749 1278 1844 1314 γνωρίν

1062 1324 1153 1359 ζομεν.
1171 1326 1204 1350 Ὃ
1223 1325 1277 1360 γὰρ
1294 1325 1340 1351 καὶ
1359 1325 1433 1351 κάτω
1461 1325 1583 1359 φέρεται,
1595 1324 1641 1351 καὶ
1662 1323 1755 1355 διειδὲς
1782 1323 1846 1350 καθ-

1061 1371 1167 1405 ορᾶται,
1181 1369 1227 1396 καὶ
1238 1371 1271 1404 τῇ
1284 1369 1376 1403 γεύσει
1391 1369 1561 1402 γινώσκεται,
1570 1369 1613 1396 διὰ
1627 1369 1677 1404 τῆς
1686 1368 1845 1404 ἐγκειμένης

1061 1415 1212 1450 ποιότητος,
1220 1414 1297 1440 τοῦτο
1309 1415 1376 1450 πρὸς
1386 1414 1469 1450 ἄλλην
1479 1415 1538 1441 τινὰ
1555 1415 1717 1450 μεταφέρειν
1731 1415 1845 1447 ἔννοιαν,

1061 1462 1079 1498 ἡ
1095 1461 1141 1487 τοῦ
1161 1460 1361 1496 γνωριζομένου
1385 1459 1465 1495 φύσις
1489 1461 1539 1488 οὑκ
1566 1460 1724 1494 ἀναγκάζει.

1075 1643 1177 1669 Ἐκεῖνο
1185 1640 1233 1676 μέν
1245 1649 1285 1666 τοι
1294 1639 1472 1674 τὸλεγόμενον
1482 1638 1563 1676 ὕδωρ,
1571 1638 1584 1665 ὃ
1594 1638 1660 1674 μήτε
1669 1638 1764 1673 ὁρᾶται
1775 1638 1843 1672 μήτε

1060 1689 1110 1723 ῥεῖ,
1124 1686 1252 1722 μήτετισὶ
1266 1685 1419 1721 περιέχεται
1429 1685 1506 1716 ὅλως,
1520 1682 1559 1716 οἷς
1567 1685 1583 1717 ἡ
1594 1683 1664 1719 ὑγρὰ
1672 1684 1774 1718 πέφυκε
1785 1684 1844 1710 δια-

1058 1732 1215 1769 κρατεῖσθαι
1229 1733 1318 1766 φύσις,
1336 1731 1392 1758 ἀλλ’
1407 1730 1458 1763 ἔξω
1479 1730 1528 1766 μὲν
1544 1730 1626 1756 τόπου
1642 1729 1725 1760 ἐστὶν,
1743 1730 1843 1763 ἀμιγὲς

1057 1781 1084 1807 δὲ
1098 1780 1187 1814 πάσης
1200 1779 1249 1814 τῆς
1264 1779 1323 1806 κατ’
1336 1777 1460 1812 αἴσθησιν
1474 1775 1675 1810 γνωριζομένης
1690 1775 1842 1809 ποιότητος,

1057 1827 1106 1853 οὐκ
1124 1826 1156 1853 ἄν
1170 1833 1231 1851 τινα
1248 1823 1323 1860 οἶμαι
1337 1823 1389 1850 τῶν
1406 1822 1507 1857 κρίνειν
1526 1820 1746 1855 ὲπεσκεμμένων,
1757 1820 1800 1846 διά
1811 1828 1840 1846 τε

1056 1873 1086 1899 τὸ
1101 1870 1283 1906 ὑποφέρεσθαι
1300 1869 1339 1904 τῷ
1363 1867 1496 1903 πνεύματι
1519 1866 1564 1895 τοῦ
1585 1866 1662 1897 Θεοῦ,
1678 1867 1723 1892 καὶ
1745 1865 1788 1892 διὰ
1809 1864 1842 1892 τὸ

1057 1916 1183 1951 ὑπεράνω
1208 1915 1262 1941 τῶν
1284 1913 1405 1948 οὐρανῶν
1422 1910 1490 1939 εἶναι
1514 1911 1659 1943 πιστεύειν,
1681 1911 1727 1937 καὶ
1743 1910 1787 1937 διὰ
1809 1911 1841 1937 τὸ

1056 1962 1164 1988 πάντων
1193 1961 1247 1987 τῶν
1274 1960 1306 1986 δι’
1336 1959 1487 1994 αἰσθήσεως
1513 1957 1720 1992 γινωσκομένων
1751 1957 1840 1992 μένειν

1055 2008 1196 2043 ἐξώτερον,
1211 2007 1248 2042 μὴ
1273 2005 1336 2032 ἄλλο
1358 2014 1384 2031 τι
1408 2004 1482 2039 παρὰ
1498 2003 1527 2029 τὸ
1545 2003 1633 2030 κοινὸν
1655 2003 1755 2029 ἐννοεῖν
1769 2002 1838 2038 ὕδωρ

1055 2053 1123 2088 πρὸς
1138 2053 1186 2088 τὴν
1209 2051 1304 2087 νοητὴν
1326 2050 1418 2076 οὐσίαν
1435 2050 1493 2080 ταῖς
1517 2048 1655 2079 ὑπονοίαις
1679 2048 1836 2083 φερόμενον.

1055 2097 1139 2124 Τοῦτο
1151 2097 1204 2131 γὰρ
1214 2096 1246 2122 ἐκ
1258 2095 1311 2121 τῶν
1325 2092 1513 2128 ἐξητασμένων
1527 2092 1772 2127 ὑπενοήσαμεν,ὅτι
1785 2092 1838 2118 πᾶν

1054 2144 1083 2170 τὸ
1099 2143 1254 2177 κινούμενον
1269 2141 1342 2171 ἐντὸς
1352 2139 1401 2174 τῆς
1413 2138 1510 2174 νοητῆς
1522 2137 1627 2173 φύσεως
1643 2138 1837 2173 περιείργεται,

1056 2190 1102 2216 καὶ
1115 2198 1146 2215 πε
1153 2189 1178 2224 pi.
1197 2187 1277 2214 ἑαυτδ
1293 2187 1342 2221 τὴν
1360 2185 1530 2221 ἀναστροφὴν
1548 2185 1612 2219 ἔχει.
1632 2184 1713 2218 Ὅρος
1737 2184 1764 2210 δὲ
1783 2185 1838 2216 τοῖς

1057 2235 1221 2270 κινουμένοις
1231 2233 1261 2259 τὺ
1274 2233 1359 2268 πέρας
1371 2231 1419 2266 τῆς
1426 2231 1519 2266 διαστη
1525 2230 1641 2266 ματικῆς
1652 2230 1710 2255 ἐστι
1720 2229 1837 2263 φύσςως,

1058 2281 1115 2316 μεθ“
1124 2281 1138 2307 ὃ
1146 2279 1251 2315 καθαρὰ
1264 2279 1318 2305 τῶν
1326 2277 1443 2304 τοπικῶν
1453 2286 1481 2303 τε
1490 2276 1761 2311 καὶδιαστηματικῶν
1773 2276 1840 2302 ἰδιωα

1056 2327 1148 2362 μάτων
1164 2325 1345 2360 εὑρίσκεταιὴ
1366 2323 1446 2358 νοητή
1467 2331 1496 2348 τε
1510 2322 1556 2348 καὶ
1573 2321 1732 2352 ἀδιάστατος
1746 2321 1851 2354 φύσις.-

1055 2372 1091 2398 Τὸ
1103 2369 1148 2397 οὖν
1163 2370 1311 2406 ἀκρότατον
1326 2369 1411 2404 πέρας
1423 2369 1471 2403 τῆς
1483 2367 1613 2402 αἰσθητῆς
1631 2367 1733 2398 οὑσίας,
1751 2363 1780 2392 οὗ
1795 2366 1826 2392 τδ

1054 2416 1181 2443 ἐπέκεινα
1194 2415 1271 2441 οὐδὲν
1285 2413 1404 2441 τοιοῦτόν
1420 2414 1505 2446 ἐστιν,
1518 2411 1573 2439 οἷον
1590 2413 1618 2438 ὲν
1635 2413 1691 2443 τοῖς
1708 2410 1837 2446 φαινομέ-

1054 2473 1108 2496 νοις
1123 2463 1296 2498 γινώσκεται,
1316 2461 1394 2488 τοῦτό
1411 2469 1500 2496 φαμεν
1520 2459 1558 2494 τῷ
1578 2458 1689 2493 ὀνόματι
1714 2455 1836 2491 παραδη·

1054 2509 1165 2536 λοῦσθαι
1179 2507 1224 2535 τοῦ
1239 2506 1436 2543 στερεώματος.
1454 2504 1614 2540 βεβαιούσης
1629 2504 1693 2538 ἡμῖν
1705 2501 1755 2536 τῆς
1765 2501 1836 2536 Γρα-

1055 2555 1108 2590 φῆς
1122 2554 1171 2589 τὴν
1184 2554 1320 2585 ὑπόνοιαν,
1336 2553 1352 2587 ἦ
1365 2561 1447 2587 φησιν
1458 2560 1465 2567 °
1478 2561 1487 2578 ι
1509 2550 1563 2577 Καὶ
1576 2549 1732 2598 διεχώρισεν
1745 2549 1759 2574 ὁ
1771 2548 1838 2601 Oef);

1054 2600 1106 2627 ἀνὰ
1123 2599 1205 2634 μέσον
1219 2599 1267 2625 τοῦ
1290 2598 1385 2629 ὕδατος
1409 2598 1423 2624 ὃ
1442 2595 1475 2632 ἦν
1498 2596 1625 2623 ὑποκάτω
1645 2595 1691 2620 τοῦ
1717 2595 1835 2629 cup-sd)-

1054 2654 1152 2680 ματος,
1178 2645 1224 2672 καὶ
1244 2644 1291 2671 τοῦ
1308 2644 1404 2674 ὕδατος
1428 2643 1442 2669 ὃ
1462 2641 1495 2678 ἦν
1508 2641 1602 2668 ἐπάνω
1616 2639 1662 2666 τοῦ
1677 2639 1835 2674 στερεώμα-

1053 2700 1107 2722 τος.
1122 2700 1130 2716 ι
1150 2690 1291 2718 Δείκνυται
1306 2690 1360 2725 γὰρ
1372 2689 1415 2717 διὰ
1432 2688 1545 2719 τούτων,
1558 2687 1598 2714 ὄτι
1612 2686 1671 2713 οὑδὲ
1687 2686 1736 2720 τὴν
1749 2683 1835 2720 ἀρχὴν

1055 2736 1239 2772 κατεκέκρατο
1252 2736 1332 2763 τοῦτο
1354 2735 1421 2771 πρὸς
1437 2735 1525 2761 ἐκεῖνο
1542 2733 1571 2761 τὸ
1589 2733 1671 2768 ὕδωρ,
1685 2732 1741 2759 ἀλλ’
1759 2732 1787 2758 ἐν
1802 2729 1835 2766 τῇ

519 2822 620 2850 “Psal.
639 2831 729 2856 tum,
752 2823 791 2855 l7,
817 2824 856 2851 18.
896 2824 917 2838 "
938 2823 1005 2851 Gen.
1026 2831 1044 2855 ι,
1067 2825 1092 2851 7.
