  <div class='ocr_page' id='page_1' title='image "/cluster/home/n/w/nwhite01/storage/ocr_20150623/44/njp.32101009003169/048.png"; bbox 0 0 1976 3077; ppageno 0'>
   <div class='ocr_carea' id='block_1_1' title="bbox 129 122 163 150">
    <p class='ocr_par' dir='ltr' id='par_1_1' title="bbox 129 122 163 150">
     <span class='ocr_line' id='line_1_1' title="bbox 129 122 163 150; baseline 0 0"><span class='ocrx_word' id='word_1_1' title='bbox 129 122 163 150; x_wconf 79' lang='lat'><strong><em>85</em></strong></span> 
     </span>
    </p>
   </div>
   <div class='ocr_carea' id='block_1_2' title="bbox 723 115 1137 146">
    <p class='ocr_par' dir='ltr' id='par_1_2' title="bbox 723 115 1137 146">
     <span class='ocr_line' id='line_1_2' title="bbox 723 115 1137 146; baseline -0.007 0"><span class='ocrx_word' id='word_1_2' title='bbox 723 119 758 145; x_wconf 82' lang='lat' dir='ltr'><strong>IN</strong></span> <span class='ocrx_word' id='word_1_3' title='bbox 773 116 1010 146; x_wconf 77' lang='lat' dir='ltr'><strong>HEXAEMERON</strong></span> <span class='ocrx_word' id='word_1_4' title='bbox 1027 115 1137 144; x_wconf 78' lang='lat' dir='ltr'><strong>LIBER.</strong></span> 
     </span>
    </p>
   </div>
   <div class='ocr_carea' id='block_1_3' title="bbox 1707 112 1742 140">
    <p class='ocr_par' dir='ltr' id='par_1_3' title="bbox 1707 112 1742 140">
     <span class='ocr_line' id='line_1_3' title="bbox 1707 112 1742 140; baseline 0 0"><span class='ocrx_word' id='word_1_5' title='bbox 1707 112 1742 140; x_wconf 77' lang='lat'><strong>86</strong></span> 
     </span>
    </p>
   </div>
   <div class='ocr_carea' id='block_1_4' title="bbox 128 169 920 211">
    <p class='ocr_par' dir='ltr' id='par_1_4' title="bbox 128 171 912 211">
     <span class='ocr_line' id='line_1_4' title="bbox 128 171 912 211; baseline -0.005 -7"><span class='ocrx_word' id='word_1_6' title='bbox 128 178 182 205; x_wconf 81' lang='grc' dir='ltr'><strong>τῶν</strong></span> <span class='ocrx_word' id='word_1_7' title='bbox 195 176 334 211; x_wconf 79' lang='grc' dir='ltr'><strong>ὀνομάτων</strong></span> <span class='ocrx_word' id='word_1_8' title='bbox 349 174 489 210; x_wconf 75' lang='grc' dir='ltr'>κοινωνίᾳ,</span> <span class='ocrx_word' id='word_1_9' title='bbox 503 174 618 210; x_wconf 68' lang='grc' dir='ltr'>ἄμικτος</span> <span class='ocrx_word' id='word_1_10' title='bbox 636 171 671 210; x_wconf 82' lang='grc' dir='ltr'>ἦν</span> <span class='ocrx_word' id='word_1_11' title='bbox 685 176 701 210; x_wconf 85' lang='grc' dir='ltr'><strong>ὴ</strong></span> <span class='ocrx_word' id='word_1_12' title='bbox 720 175 811 209; x_wconf 77' lang='grc' dir='ltr'>φύσις,</span> <span class='ocrx_word' id='word_1_13' title='bbox 830 175 858 201; x_wconf 82' lang='grc' dir='ltr'>ὲν</span> <span class='ocrx_word' id='word_1_14' title='bbox 873 174 912 208; x_wconf 80' lang='grc' dir='ltr'>τῷ</span> 
     </span>
    </p>
   </div>
   <div class='ocr_carea' id='block_1_5' title="bbox 971 169 1745 211">
    <p class='ocr_par' dir='ltr' id='par_1_5' title="bbox 971 169 1745 205">
     <span class='ocr_line' id='line_1_5' title="bbox 971 169 1745 205; baseline -0.005 -6"><span class='ocrx_word' id='word_1_15' title='bbox 971 172 1118 203; x_wconf 79' lang='lat' dir='ltr'><strong>:ont‘usam,</strong></span> <span class='ocrx_word' id='word_1_16' title='bbox 1143 171 1190 199; x_wconf 83' lang='lat' dir='ltr'><strong>sed</strong></span> <span class='ocrx_word' id='word_1_17' title='bbox 1207 177 1270 198; x_wconf 82' lang='lat' dir='ltr'><strong>cum</strong></span> <span class='ocrx_word' id='word_1_18' title='bbox 1293 174 1367 198; x_wconf 83' lang='lat' dir='ltr'><strong>esset</strong></span> <span class='ocrx_word' id='word_1_19' title='bbox 1380 170 1490 199; x_wconf 84' lang='lat' dir='ltr'><strong>nomine</strong></span> <span class='ocrx_word' id='word_1_20' title='bbox 1510 169 1668 205; x_wconf 80' lang='lat' dir='ltr'><strong>conjuncta,</strong></span> <span class='ocrx_word' id='word_1_21' title='bbox 1689 169 1745 196; x_wconf 90' lang='lat' dir='ltr'><strong>nul-</strong></span> 
     </span>
    </p>
   </div>
   <div class='ocr_carea' id='block_1_6' title="bbox 128 217 913 255">
    <p class='ocr_par' dir='ltr' id='par_1_6' title="bbox 128 217 913 255">
     <span class='ocr_line' id='line_1_6' title="bbox 128 217 913 255; baseline -0.005 -6"><span class='ocrx_word' id='word_1_22' title='bbox 128 223 216 249; x_wconf 82' lang='grc' dir='ltr'>εἰπε⁷ν</span> <span class='ocrx_word' id='word_1_23' title='bbox 228 241 235 253; x_wconf 85' lang='lat'><strong>,</strong></span> <span class='ocrx_word' id='word_1_24' title='bbox 253 221 302 255; x_wconf 84' lang='grc' dir='ltr'><strong>οὐχ</strong></span> <span class='ocrx_word' id='word_1_25' title='bbox 315 220 355 246; x_wconf 79' lang='grc' dir='ltr'>ὃτι</span> <span class='ocrx_word' id='word_1_26' title='bbox 382 220 504 254; x_wconf 79' lang='grc' dir='ltr'><strong>Ἐγένετο</strong></span> <span class='ocrx_word' id='word_1_27' title='bbox 524 219 650 246; x_wconf 79' lang='grc' dir='ltr'><strong>ὑποκάτω</strong></span> <span class='ocrx_word' id='word_1_28' title='bbox 661 239 668 251; x_wconf 92' lang='grc'><strong>,</strong></span> <span class='ocrx_word' id='word_1_29' title='bbox 682 219 698 254; x_wconf 77' lang='grc' dir='ltr'>ἢ</span> <span class='ocrx_word' id='word_1_30' title='bbox 712 217 768 245; x_wconf 80' lang='grc' dir='ltr'>Ἦν</span> <span class='ocrx_word' id='word_1_31' title='bbox 787 219 913 254; x_wconf 76' lang='grc' dir='ltr'>ὑπεράνω</span> 
     </span>
    </p>
   </div>
   <div class='ocr_carea' id='block_1_7' title="bbox 128 258 914 300">
    <p class='ocr_par' dir='ltr' id='par_1_7' title="bbox 128 258 914 300">
     <span class='ocr_line' id='line_1_7' title="bbox 128 258 914 300; baseline -0.004 -8"><span class='ocrx_word' id='word_1_32' title='bbox 128 266 174 293; x_wconf 82' lang='grc' dir='ltr'>τοῦ</span> <span class='ocrx_word' id='word_1_33' title='bbox 194 264 397 300; x_wconf 75' lang='grc' dir='ltr'>περεὼματος·</span> <span class='ocrx_word' id='word_1_34' title='bbox 414 265 460 292; x_wconf 85' lang='grc' dir='ltr'><strong>καὶ</strong></span> <span class='ocrx_word' id='word_1_35' title='bbox 474 265 489 291; x_wconf 79' lang='grc' dir='ltr'><strong>ὃ</strong></span> <span class='ocrx_word' id='word_1_36' title='bbox 501 258 535 300; x_wconf 82' lang='grc' dir='ltr'>ἦν</span> <span class='ocrx_word' id='word_1_37' title='bbox 549 265 678 292; x_wconf 77' lang='grc' dir='ltr'><strong>ὑποκάτω</strong></span> <span class='ocrx_word' id='word_1_38' title='bbox 695 264 741 291; x_wconf 79' lang='grc' dir='ltr'>τοῦ</span> <span class='ocrx_word' id='word_1_39' title='bbox 759 264 914 300; x_wconf 84' lang='grc' dir='ltr'>στερεώμα-</span> 
     </span>
    </p>
   </div>
   <div class='ocr_carea' id='block_1_8' title="bbox 129 308 914 345">
    <p class='ocr_par' dir='ltr' id='par_1_8' title="bbox 129 308 914 345">
     <span class='ocr_line' id='line_1_8' title="bbox 129 308 914 345; baseline -0.003 -9"><span class='ocrx_word' id='word_1_40' title='bbox 129 319 183 342; x_wconf 90' lang='grc' dir='ltr'>τος,</span> <span class='ocrx_word' id='word_1_41' title='bbox 206 310 269 336; x_wconf 77' lang='grc' dir='ltr'>ἄλλο</span> <span class='ocrx_word' id='word_1_42' title='bbox 284 318 309 336; x_wconf 89' lang='grc' dir='ltr'><strong>τι</strong></span> <span class='ocrx_word' id='word_1_43' title='bbox 326 310 418 337; x_wconf 76' lang='grc' dir='ltr'>ὲπάνω</span> <span class='ocrx_word' id='word_1_44' title='bbox 432 308 474 345; x_wconf 80' lang='grc' dir='ltr'><strong>ἦν.</strong></span> <span class='ocrx_word' id='word_1_45' title='bbox 500 310 531 336; x_wconf 82' lang='grc' dir='ltr'>Εἰ</span> <span class='ocrx_word' id='word_1_46' title='bbox 547 309 617 336; x_wconf 82' lang='grc' dir='ltr'>δὲτὸ</span> <span class='ocrx_word' id='word_1_47' title='bbox 638 310 687 345; x_wconf 77' lang='grc' dir='ltr'>μὲν</span> <span class='ocrx_word' id='word_1_48' title='bbox 703 309 783 341; x_wconf 80' lang='grc' dir='ltr'>εὐθὺς</span> <span class='ocrx_word' id='word_1_49' title='bbox 797 310 825 335; x_wconf 83' lang='grc' dir='ltr'>ὲν</span> <span class='ocrx_word' id='word_1_50' title='bbox 841 308 914 343; x_wconf 81' lang='grc' dir='ltr'>ζόφῳ</span> 
     </span>
    </p>
   </div>
   <div class='ocr_carea' id='block_1_9' title="bbox 130 354 915 390">
    <p class='ocr_par' dir='ltr' id='par_1_9' title="bbox 130 354 915 390">
     <span class='ocr_line' id='line_1_9' title="bbox 130 354 915 390; baseline -0.003 -9"><span class='ocrx_word' id='word_1_51' title='bbox 130 355 196 390; x_wconf 67' lang='grc' dir='ltr'>πρὸς</span> <span class='ocrx_word' id='word_1_52' title='bbox 214 355 263 390; x_wconf 85' lang='grc' dir='ltr'>τὴν</span> <span class='ocrx_word' id='word_1_53' title='bbox 277 354 352 381; x_wconf 88' lang='grc' dir='ltr'>κάτω</span> <span class='ocrx_word' id='word_1_54' title='bbox 369 354 443 381; x_wconf 80' lang='grc' dir='ltr'>θέσιν</span> <span class='ocrx_word' id='word_1_55' title='bbox 457 355 663 390; x_wconf 83' lang='grc' dir='ltr'>ἁπεωρισμένον</span> <span class='ocrx_word' id='word_1_56' title='bbox 680 355 736 381; x_wconf 79' lang='grc' dir='ltr'>ἐστί</span> <span class='ocrx_word' id='word_1_57' title='bbox 748 362 754 369; x_wconf 93' lang='grc'>·</span> <span class='ocrx_word' id='word_1_58' title='bbox 777 354 808 381; x_wconf 83' lang='grc' dir='ltr'>τὸ</span> <span class='ocrx_word' id='word_1_59' title='bbox 825 354 853 380; x_wconf 78' lang='grc' dir='ltr'>δὲ</span> <span class='ocrx_word' id='word_1_60' title='bbox 866 354 915 380; x_wconf 78' lang='grc' dir='ltr'>οὐκ</span> 
     </span>
    </p>
   </div>
   <div class='ocr_carea' id='block_1_10' title="bbox 131 399 914 434">
    <p class='ocr_par' dir='ltr' id='par_1_10' title="bbox 131 399 914 434">
     <span class='ocr_line' id='line_1_10' title="bbox 131 399 914 434; baseline 0 -8"><span class='ocrx_word' id='word_1_61' title='bbox 131 401 160 426; x_wconf 80' lang='grc' dir='ltr'>ὲν</span> <span class='ocrx_word' id='word_1_62' title='bbox 175 400 262 434; x_wconf 76' lang='grc' dir='ltr'>ζόφῳ·</span> <span class='ocrx_word' id='word_1_63' title='bbox 285 401 313 426; x_wconf 76' lang='grc' dir='ltr'>ὲν</span> <span class='ocrx_word' id='word_1_64' title='bbox 327 400 396 434; x_wconf 75' lang='grc' dir='ltr'>φωτὶ</span> <span class='ocrx_word' id='word_1_65' title='bbox 410 399 464 434; x_wconf 74' lang='grc' dir='ltr'><strong>γὰρ</strong></span> <span class='ocrx_word' id='word_1_66' title='bbox 484 400 592 431; x_wconf 85' lang='grc' dir='ltr'>πάντως</span> <span class='ocrx_word' id='word_1_67' title='bbox 607 400 665 426; x_wconf 72' lang='grc' dir='ltr'>ἐστὶ</span> <span class='ocrx_word' id='word_1_68' title='bbox 682 400 711 426; x_wconf 79' lang='grc' dir='ltr'>τὸ</span> <span class='ocrx_word' id='word_1_69' title='bbox 731 401 760 426; x_wconf 81' lang='grc' dir='ltr'>ὲν</span> <span class='ocrx_word' id='word_1_70' title='bbox 782 399 914 434; x_wconf 81' lang='grc' dir='ltr'>πνεύματι</span> 
     </span>
    </p>
   </div>
   <div class='ocr_carea' id='block_1_11' title="bbox 131 443 915 480">
    <p class='ocr_par' dir='ltr' id='par_1_11' title="bbox 131 443 915 480">
     <span class='ocr_line' id='line_1_11' title="bbox 131 443 915 480; baseline 0 -10"><span class='ocrx_word' id='word_1_71' title='bbox 131 444 208 477; x_wconf 64' lang='grc' dir='ltr'>Θεοῦ,</span> <span class='ocrx_word' id='word_1_72' title='bbox 225 445 271 471; x_wconf 69' lang='grc' dir='ltr'>καὶ</span> <span class='ocrx_word' id='word_1_73' title='bbox 283 444 328 470; x_wconf 76' lang='grc' dir='ltr'>τοῦ</span> <span class='ocrx_word' id='word_1_74' title='bbox 340 443 422 479; x_wconf 71' lang='grc' dir='ltr'>ζόφου</span> <span class='ocrx_word' id='word_1_75' title='bbox 435 444 608 480; x_wconf 82' lang='grc' dir='ltr'><strong>κεχώρισται,</strong></span> <span class='ocrx_word' id='word_1_76' title='bbox 623 445 679 480; x_wconf 80' lang='grc' dir='ltr'><strong>άμα</strong></span> <span class='ocrx_word' id='word_1_77' title='bbox 691 445 719 472; x_wconf 79' lang='grc' dir='ltr'>δὲ</span> <span class='ocrx_word' id='word_1_78' title='bbox 734 445 779 471; x_wconf 80' lang='grc' dir='ltr'>καὶ</span> <span class='ocrx_word' id='word_1_79' title='bbox 790 445 915 480; x_wconf 78' lang='grc' dir='ltr'><strong>ὑπεράνω</strong></span> 
     </span>
    </p>
   </div>
   <div class='ocr_carea' id='block_1_12' title="bbox 130 487 915 525">
    <p class='ocr_par' dir='ltr' id='par_1_12' title="bbox 130 487 915 525">
     <span class='ocr_line' id='line_1_12' title="bbox 130 487 915 525; baseline -0.001 -9"><span class='ocrx_word' id='word_1_80' title='bbox 130 487 164 524; x_wconf 72' lang='grc' dir='ltr'>ἦν</span> <span class='ocrx_word' id='word_1_81' title='bbox 180 489 227 516; x_wconf 78' lang='grc' dir='ltr'>τοῦ</span> <span class='ocrx_word' id='word_1_82' title='bbox 238 489 440 524; x_wconf 79' lang='grc' dir='ltr'><strong>ἀναδειχθέντος</strong></span> <span class='ocrx_word' id='word_1_83' title='bbox 456 489 558 524; x_wconf 82' lang='grc' dir='ltr'>μεταξὺ</span> <span class='ocrx_word' id='word_1_84' title='bbox 576 489 766 524; x_wconf 82' lang='grc' dir='ltr'>στερεώματος</span> <span class='ocrx_word' id='word_1_85' title='bbox 777 509 784 520; x_wconf 86' lang='lat'><strong>,</strong></span> <span class='ocrx_word' id='word_1_86' title='bbox 798 490 915 525; x_wconf 76' lang='grc' dir='ltr'>κρινάτω</span> 
     </span>
    </p>
   </div>
   <div class='ocr_carea' id='block_1_13' title="bbox 131 533 916 570">
    <p class='ocr_par' dir='ltr' id='par_1_13' title="bbox 131 533 916 570">
     <span class='ocr_line' id='line_1_13' title="bbox 131 533 916 570; baseline 0 -10"><span class='ocrx_word' id='word_1_87' title='bbox 131 536 145 560; x_wconf 87' lang='grc' dir='ltr'>ὁ</span> <span class='ocrx_word' id='word_1_88' title='bbox 161 534 269 565; x_wconf 76' lang='grc' dir='ltr'>συνετὸς</span> <span class='ocrx_word' id='word_1_89' title='bbox 286 533 431 568; x_wconf 80' lang='grc' dir='ltr'>ἀκροατὴς,</span> <span class='ocrx_word' id='word_1_90' title='bbox 448 533 475 559; x_wconf 78' lang='grc' dir='ltr'><strong>εί</strong></span> <span class='ocrx_word' id='word_1_91' title='bbox 486 542 510 560; x_wconf 86' lang='grc' dir='ltr'><strong>τι</strong></span> <span class='ocrx_word' id='word_1_92' title='bbox 527 534 576 568; x_wconf 83' lang='grc' dir='ltr'>τῆς</span> <span class='ocrx_word' id='word_1_93' title='bbox 590 534 748 570; x_wconf 74' lang='grc' dir='ltr'><strong>πρεπούσης</strong></span> <span class='ocrx_word' id='word_1_94' title='bbox 757 535 916 569; x_wconf 72' lang='grc' dir='ltr'>ὑπολήψεως</span> 
     </span>
    </p>
   </div>
   <div class='ocr_carea' id='block_1_14' title="bbox 132 579 916 616">
    <p class='ocr_par' dir='ltr' id='par_1_14' title="bbox 132 579 916 616">
     <span class='ocr_line' id='line_1_14' title="bbox 132 579 916 616; baseline 0 -10"><span class='ocrx_word' id='word_1_95' title='bbox 132 581 146 606; x_wconf 79' lang='grc' dir='ltr'><strong>ὁ</strong></span> <span class='ocrx_word' id='word_1_96' title='bbox 162 580 239 613; x_wconf 81' lang='grc' dir='ltr'>λόγος</span> <span class='ocrx_word' id='word_1_97' title='bbox 255 579 332 614; x_wconf 80' lang='grc' dir='ltr'>ἡμῶν</span> <span class='ocrx_word' id='word_1_98' title='bbox 349 580 377 605; x_wconf 83' lang='grc' dir='ltr'>ὲν</span> <span class='ocrx_word' id='word_1_99' title='bbox 388 580 444 610; x_wconf 87' lang='grc' dir='ltr'>τοῖς</span> <span class='ocrx_word' id='word_1_100' title='bbox 458 580 613 616; x_wconf 79' lang='grc' dir='ltr'><strong>εἰρημένοις</strong></span> <span class='ocrx_word' id='word_1_101' title='bbox 625 581 857 615; x_wconf 79' lang='grc' dir='ltr'>παρεστοχὰσατο.</span> <span class='ocrx_word' id='word_1_102' title='bbox 877 580 916 606; x_wconf 76' lang='grc' dir='ltr'><strong>Τὰ</strong></span> 
     </span>
    </p>
   </div>
   <div class='ocr_carea' id='block_1_15' title="bbox 135 623 916 660">
    <p class='ocr_par' dir='ltr' id='par_1_15' title="bbox 135 623 916 660">
     <span class='ocr_line' id='line_1_15' title="bbox 135 623 916 660; baseline 0.001 -9"><span class='ocrx_word' id='word_1_103' title='bbox 135 626 184 660; x_wconf 73' lang='grc' dir='ltr'>μὲν</span> <span class='ocrx_word' id='word_1_104' title='bbox 210 623 256 651; x_wconf 72' lang='grc' dir='ltr'><strong>οὖν</strong></span> <span class='ocrx_word' id='word_1_105' title='bbox 280 625 345 660; x_wconf 76' lang='grc' dir='ltr'>περὶ</span> <span class='ocrx_word' id='word_1_106' title='bbox 367 625 418 660; x_wconf 84' lang='grc' dir='ltr'>τῆς</span> <span class='ocrx_word' id='word_1_107' title='bbox 439 625 549 660; x_wconf 83' lang='grc' dir='ltr'><strong>πρώτης</strong></span> <span class='ocrx_word' id='word_1_108' title='bbox 574 625 627 652; x_wconf 84' lang='grc' dir='ltr'>τῶν</span> <span class='ocrx_word' id='word_1_109' title='bbox 653 625 736 652; x_wconf 79' lang='grc' dir='ltr'>ὄντων</span> <span class='ocrx_word' id='word_1_110' title='bbox 762 626 916 656; x_wconf 76' lang='grc' dir='ltr'><strong>συστάσεως</strong></span> 
     </span>
    </p>
   </div>
   <div class='ocr_carea' id='block_1_16' title="bbox 133 670 916 706">
    <p class='ocr_par' dir='ltr' id='par_1_16' title="bbox 133 670 916 706">
     <span class='ocr_line' id='line_1_16' title="bbox 133 670 916 706; baseline 0.001 -10"><span class='ocrx_word' id='word_1_111' title='bbox 133 671 198 705; x_wconf 72' lang='grc' dir='ltr'>ἡμῖν</span> <span class='ocrx_word' id='word_1_112' title='bbox 216 670 412 705; x_wconf 79' lang='grc' dir='ltr'>ὑπονοηθέντα,</span> <span class='ocrx_word' id='word_1_113' title='bbox 431 671 478 696; x_wconf 70' lang='grc' dir='ltr'>καὶ</span> <span class='ocrx_word' id='word_1_114' title='bbox 495 670 554 702; x_wconf 84' lang='grc' dir='ltr'>πῶς</span> <span class='ocrx_word' id='word_1_115' title='bbox 574 672 603 696; x_wconf 82' lang='grc' dir='ltr'>ὲν</span> <span class='ocrx_word' id='word_1_116' title='bbox 619 672 651 706; x_wconf 81' lang='grc' dir='ltr'>τῇ</span> <span class='ocrx_word' id='word_1_117' title='bbox 676 671 789 706; x_wconf 77' lang='grc' dir='ltr'>δυνάμει</span> <span class='ocrx_word' id='word_1_118' title='bbox 808 671 856 706; x_wconf 85' lang='grc' dir='ltr'>τῆς</span> <span class='ocrx_word' id='word_1_119' title='bbox 871 671 916 697; x_wconf 79' lang='grc' dir='ltr'>οὑ-</span> 
     </span>
    </p>
   </div>
   <div class='ocr_carea' id='block_1_17' title="bbox 135 715 916 752">
    <p class='ocr_par' dir='ltr' id='par_1_17' title="bbox 135 715 916 752">
     <span class='ocr_line' id='line_1_17' title="bbox 135 715 916 752; baseline 0.001 -11"><span class='ocrx_word' id='word_1_120' title='bbox 135 715 194 746; x_wconf 77' lang='grc' dir='ltr'>σίας</span> <span class='ocrx_word' id='word_1_121' title='bbox 209 716 240 741; x_wconf 90' lang='grc' dir='ltr'><strong>οὑ</strong></span> <span class='ocrx_word' id='word_1_122' title='bbox 254 715 407 750; x_wconf 79' lang='grc' dir='ltr'><strong>δευτερεύει</strong></span> <span class='ocrx_word' id='word_1_123' title='bbox 420 715 449 742; x_wconf 83' lang='grc' dir='ltr'>τὸ</span> <span class='ocrx_word' id='word_1_124' title='bbox 464 716 521 750; x_wconf 84' lang='grc' dir='ltr'>φῶς</span> <span class='ocrx_word' id='word_1_125' title='bbox 535 715 589 743; x_wconf 82' lang='grc' dir='ltr'><strong>τῶν</strong></span> <span class='ocrx_word' id='word_1_126' title='bbox 604 716 689 743; x_wconf 73' lang='grc' dir='ltr'>ὄντων</span> <span class='ocrx_word' id='word_1_127' title='bbox 699 736 705 748; x_wconf 94' lang='lat'><strong>,</strong></span> <span class='ocrx_word' id='word_1_128' title='bbox 725 717 777 743; x_wconf 74' lang='grc' dir='ltr'>κᾶν</span> <span class='ocrx_word' id='word_1_129' title='bbox 794 718 810 752; x_wconf 86' lang='grc' dir='ltr'><strong>ἡ</strong></span> <span class='ocrx_word' id='word_1_130' title='bbox 823 716 916 752; x_wconf 70' lang='grc' dir='ltr'>Γραφὴ</span> 
     </span>
    </p>
   </div>
   <div class='ocr_carea' id='block_1_18' title="bbox 135 759 916 795">
    <p class='ocr_par' dir='ltr' id='par_1_18' title="bbox 135 759 916 795">
     <span class='ocr_line' id='line_1_18' title="bbox 135 759 916 795; baseline 0.001 -9"><span class='ocrx_word' id='word_1_131' title='bbox 135 759 187 794; x_wconf 76' lang='grc' dir='ltr'><strong>πρὸ</strong></span> <span class='ocrx_word' id='word_1_132' title='bbox 199 759 244 786; x_wconf 74' lang='grc' dir='ltr'>τοῦ</span> <span class='ocrx_word' id='word_1_133' title='bbox 256 760 344 794; x_wconf 78' lang='grc' dir='ltr'>φωτὸς</span> <span class='ocrx_word' id='word_1_134' title='bbox 365 760 529 795; x_wconf 82' lang='grc' dir='ltr'>ἱστορεῖσθαι</span> <span class='ocrx_word' id='word_1_135' title='bbox 545 760 575 786; x_wconf 77' lang='grc' dir='ltr'>τὸ</span> <span class='ocrx_word' id='word_1_136' title='bbox 590 761 684 792; x_wconf 79' lang='grc' dir='ltr'><strong>σκότος</strong></span> <span class='ocrx_word' id='word_1_137' title='bbox 700 761 790 793; x_wconf 85' lang='grc' dir='ltr'>λέγει,</span> <span class='ocrx_word' id='word_1_138' title='bbox 807 761 854 787; x_wconf 79' lang='grc' dir='ltr'>καὶ</span> <span class='ocrx_word' id='word_1_139' title='bbox 867 761 916 787; x_wconf 80' lang='grc' dir='ltr'>ὅσα</span> 
     </span>
    </p>
   </div>
   <div class='ocr_carea' id='block_1_19' title="bbox 135 805 917 842">
    <p class='ocr_par' dir='ltr' id='par_1_19' title="bbox 135 805 917 842">
     <span class='ocr_line' id='line_1_19' title="bbox 135 805 917 842; baseline 0.003 -12"><span class='ocrx_word' id='word_1_140' title='bbox 135 805 198 839; x_wconf 76' lang='grc' dir='ltr'>περὶ</span> <span class='ocrx_word' id='word_1_141' title='bbox 210 805 256 831; x_wconf 83' lang='grc' dir='ltr'>τοῦ</span> <span class='ocrx_word' id='word_1_142' title='bbox 271 805 461 840; x_wconf 82' lang='grc' dir='ltr'>στερεώματος</span> <span class='ocrx_word' id='word_1_143' title='bbox 475 806 658 841; x_wconf 71' lang='grc' dir='ltr'>ποχαστικῶς</span> <span class='ocrx_word' id='word_1_144' title='bbox 668 807 857 842; x_wconf 76' lang='grc' dir='ltr'>ἐνενοήσαμεν,</span> <span class='ocrx_word' id='word_1_145' title='bbox 870 807 917 833; x_wconf 79' lang='grc' dir='ltr'><strong>καὶ</strong></span> 
     </span>
    </p>
   </div>
   <div class='ocr_carea' id='block_1_20' title="bbox 135 840 955 887">
    <p class='ocr_par' dir='ltr' id='par_1_20' title="bbox 135 840 955 887">
     <span class='ocr_line' id='line_1_20' title="bbox 135 840 955 887; baseline 0.001 -11"><span class='ocrx_word' id='word_1_146' title='bbox 135 851 198 885; x_wconf 80' lang='grc' dir='ltr'>περὶ</span> <span class='ocrx_word' id='word_1_147' title='bbox 209 851 258 885; x_wconf 83' lang='grc' dir='ltr'>τῆς</span> <span class='ocrx_word' id='word_1_148' title='bbox 271 851 324 877; x_wconf 87' lang='grc' dir='ltr'><strong>τῶν</strong></span> <span class='ocrx_word' id='word_1_149' title='bbox 341 851 444 878; x_wconf 82' lang='grc' dir='ltr'><strong>ὑδάτων</strong></span> <span class='ocrx_word' id='word_1_150' title='bbox 460 851 600 887; x_wconf 79' lang='grc' dir='ltr'>διαφορᾶς,</span> <span class='ocrx_word' id='word_1_151' title='bbox 617 848 653 878; x_wconf 84' lang='grc' dir='ltr'>ὧν</span> <span class='ocrx_word' id='word_1_152' title='bbox 676 853 692 886; x_wconf 85' lang='grc' dir='ltr'>ἡ</span> <span class='ocrx_word' id='word_1_153' title='bbox 713 840 874 886; x_wconf 18' lang='grc' dir='ltr'>φύσιςήπρὺς</span> <span class='ocrx_word' id='word_1_154' title='bbox 889 852 918 877; x_wconf 79' lang='grc' dir='ltr'>τὸ</span> <span class='ocrx_word' id='word_1_155' title='bbox 936 840 955 866; x_wconf 76' lang='grc' dir='ltr'>Β</span> 
     </span>
    </p>
   </div>
   <div class='ocr_carea' id='block_1_21' title="bbox 135 896 917 932">
    <p class='ocr_par' dir='ltr' id='par_1_21' title="bbox 135 896 917 932">
     <span class='ocr_line' id='line_1_21' title="bbox 135 896 917 932; baseline 0 -10"><span class='ocrx_word' id='word_1_156' title='bbox 135 896 291 931; x_wconf 71' lang='grc' dir='ltr'>κατωφερὲς</span> <span class='ocrx_word' id='word_1_157' title='bbox 304 905 334 923; x_wconf 88' lang='grc' dir='ltr'><strong>τε</strong></span> <span class='ocrx_word' id='word_1_158' title='bbox 349 896 395 923; x_wconf 72' lang='grc' dir='ltr'><strong>καὶ</strong></span> <span class='ocrx_word' id='word_1_159' title='bbox 410 896 510 931; x_wconf 56' lang='grc' dir='ltr'>κοῦρον</span> <span class='ocrx_word' id='word_1_160' title='bbox 528 898 733 932; x_wconf 86' lang='grc' dir='ltr'>μεμερισμένη,</span> <span class='ocrx_word' id='word_1_161' title='bbox 751 897 800 928; x_wconf 80' lang='grc' dir='ltr'>τὰς</span> <span class='ocrx_word' id='word_1_162' title='bbox 819 897 917 923; x_wconf 82' lang='grc' dir='ltr'>κατα).-</span> 
     </span>
    </p>
   </div>
   <div class='ocr_carea' id='block_1_22' title="bbox 135 941 917 977">
    <p class='ocr_par' dir='ltr' id='par_1_22' title="bbox 135 941 917 977">
     <span class='ocr_line' id='line_1_22' title="bbox 135 941 917 977; baseline 0.003 -11"><span class='ocrx_word' id='word_1_163' title='bbox 135 941 230 976; x_wconf 73' lang='grc' dir='ltr'>λήλους</span> <span class='ocrx_word' id='word_1_164' title='bbox 240 941 305 976; x_wconf 77' lang='grc' dir='ltr'>ἡμῖν</span> <span class='ocrx_word' id='word_1_165' title='bbox 317 943 379 977; x_wconf 71' lang='grc' dir='ltr'>περὶ</span> <span class='ocrx_word' id='word_1_166' title='bbox 389 942 521 977; x_wconf 82' lang='grc' dir='ltr'>ἑκατέρου</span> <span class='ocrx_word' id='word_1_167' title='bbox 535 942 588 968; x_wconf 84' lang='grc' dir='ltr'><strong>τῶν</strong></span> <span class='ocrx_word' id='word_1_168' title='bbox 599 943 751 977; x_wconf 75' lang='grc' dir='ltr'>ὁμωνύμως</span> <span class='ocrx_word' id='word_1_169' title='bbox 766 942 917 977; x_wconf 83' lang='grc' dir='ltr'>λεγομένων</span> 
     </span>
    </p>
   </div>
   <div class='ocr_carea' id='block_1_23' title="bbox 136 986 915 1021">
    <p class='ocr_par' dir='ltr' id='par_1_23' title="bbox 136 986 915 1021">
     <span class='ocr_line' id='line_1_23' title="bbox 136 986 915 1021; baseline 0.003 -10"><span class='ocrx_word' id='word_1_170' title='bbox 136 986 261 1017; x_wconf 75' lang='grc' dir='ltr'><strong>ὑπονοίας</strong></span> <span class='ocrx_word' id='word_1_171' title='bbox 291 986 420 1021; x_wconf 77' lang='grc' dir='ltr'>ἐντίθησι,</span> <span class='ocrx_word' id='word_1_172' title='bbox 451 987 537 1013; x_wconf 72' lang='grc' dir='ltr'>’ταῦτα</span> <span class='ocrx_word' id='word_1_173' title='bbox 563 987 608 1013; x_wconf 66' lang='grc' dir='ltr'>καὶ</span> <span class='ocrx_word' id='word_1_174' title='bbox 634 988 667 1014; x_wconf 73' lang='grc' dir='ltr'><strong>τὰ</strong></span> <span class='ocrx_word' id='word_1_175' title='bbox 693 987 804 1015; x_wconf 74' lang='grc' dir='ltr'>τοιαῦτα.</span> <span class='ocrx_word' id='word_1_176' title='bbox 832 988 915 1015; x_wconf 76' lang='grc' dir='ltr'>ἐστίν.</span> 
     </span>
    </p>
   </div>
   <div class='ocr_carea' id='block_1_24' title="bbox 142 1030 917 1066">
    <p class='ocr_par' dir='ltr' id='par_1_24' title="bbox 142 1030 917 1066">
     <span class='ocr_line' id='line_1_24' title="bbox 142 1030 917 1066; baseline 0.003 -11"><span class='ocrx_word' id='word_1_177' title='bbox 142 1030 249 1065; x_wconf 80' lang='grc' dir='ltr'>Ἐπειδὴ</span> <span class='ocrx_word' id='word_1_178' title='bbox 260 1030 287 1056; x_wconf 79' lang='grc' dir='ltr'>δὲ</span> <span class='ocrx_word' id='word_1_179' title='bbox 297 1030 418 1066; x_wconf 81' lang='grc' dir='ltr'>διεκρίθη</span> <span class='ocrx_word' id='word_1_180' title='bbox 435 1031 483 1065; x_wconf 77' lang='grc' dir='ltr'>μὲν</span> <span class='ocrx_word' id='word_1_181' title='bbox 498 1031 544 1057; x_wconf 80' lang='grc' dir='ltr'><strong>ἀπ’</strong></span> <span class='ocrx_word' id='word_1_182' title='bbox 558 1031 677 1066; x_wconf 82' lang='grc' dir='ltr'>ἀλλήλων</span> <span class='ocrx_word' id='word_1_183' title='bbox 687 1031 720 1058; x_wconf 84' lang='grc' dir='ltr'><strong>τὰ</strong></span> <span class='ocrx_word' id='word_1_184' title='bbox 735 1031 827 1063; x_wconf 76' lang='grc' dir='ltr'>ὕδατα,</span> <span class='ocrx_word' id='word_1_185' title='bbox 844 1031 878 1057; x_wconf 78' lang='grc' dir='ltr'><strong>τά</strong></span> <span class='ocrx_word' id='word_1_186' title='bbox 888 1040 917 1057; x_wconf 92' lang='grc' dir='ltr'>τε</span> 
     </span>
    </p>
   </div>
   <div class='ocr_carea' id='block_1_25' title="bbox 135 1074 916 1112">
    <p class='ocr_par' dir='ltr' id='par_1_25' title="bbox 135 1074 916 1112">
     <span class='ocr_line' id='line_1_25' title="bbox 135 1074 916 1112; baseline 0.001 -11"><span class='ocrx_word' id='word_1_187' title='bbox 135 1074 261 1110; x_wconf 80' lang='grc' dir='ltr'>δρώμενα</span> <span class='ocrx_word' id='word_1_188' title='bbox 272 1075 317 1102; x_wconf 76' lang='grc' dir='ltr'>καὶ</span> <span class='ocrx_word' id='word_1_189' title='bbox 334 1076 367 1102; x_wconf 66' lang='grc' dir='ltr'>τὰ</span> <span class='ocrx_word' id='word_1_190' title='bbox 378 1076 521 1110; x_wconf 79' lang='grc' dir='ltr'>νοούμενα,</span> <span class='ocrx_word' id='word_1_191' title='bbox 540 1077 585 1103; x_wconf 72' lang='grc' dir='ltr'><strong>καὶ</strong></span> <span class='ocrx_word' id='word_1_192' title='bbox 602 1077 681 1111; x_wconf 85' lang='grc' dir='ltr'>μέσος</span> <span class='ocrx_word' id='word_1_193' title='bbox 695 1077 756 1112; x_wconf 81' lang='grc' dir='ltr'>ὄρος</span> <span class='ocrx_word' id='word_1_194' title='bbox 770 1076 916 1111; x_wconf 77' lang='grc' dir='ltr'>ἀπεδείχθη</span> 
     </span>
    </p>
   </div>
   <div class='ocr_carea' id='block_1_26' title="bbox 136 1121 916 1156">
    <p class='ocr_par' dir='ltr' id='par_1_26' title="bbox 136 1121 916 1156">
     <span class='ocr_line' id='line_1_26' title="bbox 136 1121 916 1156; baseline 0 -10"><span class='ocrx_word' id='word_1_195' title='bbox 136 1121 185 1155; x_wconf 74' lang='grc' dir='ltr'>τῆς</span> <span class='ocrx_word' id='word_1_196' title='bbox 197 1121 292 1156; x_wconf 78' lang='grc' dir='ltr'>διπλῆς</span> <span class='ocrx_word' id='word_1_197' title='bbox 307 1121 359 1147; x_wconf 83' lang='grc' dir='ltr'>τῶν</span> <span class='ocrx_word' id='word_1_198' title='bbox 375 1121 477 1148; x_wconf 74' lang='grc' dir='ltr'>ὑδάτων</span> <span class='ocrx_word' id='word_1_199' title='bbox 492 1121 599 1155; x_wconf 77' lang='grc' dir='ltr'>φύσεως</span> <span class='ocrx_word' id='word_1_200' title='bbox 610 1122 623 1147; x_wconf 84' lang='grc' dir='ltr'>ὁ</span> <span class='ocrx_word' id='word_1_201' title='bbox 638 1121 760 1156; x_wconf 72' lang='grc' dir='ltr'>οὐρανὸς,</span> <span class='ocrx_word' id='word_1_202' title='bbox 774 1122 787 1147; x_wconf 81' lang='grc' dir='ltr'>ὁ</span> <span class='ocrx_word' id='word_1_203' title='bbox 801 1122 829 1147; x_wconf 82' lang='grc' dir='ltr'>ὲν</span> <span class='ocrx_word' id='word_1_204' title='bbox 846 1121 916 1156; x_wconf 81' lang='grc' dir='ltr'><strong>ἀρχῇ</strong></span> 
     </span>
    </p>
   </div>
   <div class='ocr_carea' id='block_1_27' title="bbox 137 1165 918 1202">
    <p class='ocr_par' dir='ltr' id='par_1_27' title="bbox 137 1165 918 1202">
     <span class='ocr_line' id='line_1_27' title="bbox 137 1165 918 1202; baseline 0 -11"><span class='ocrx_word' id='word_1_205' title='bbox 137 1166 187 1201; x_wconf 79' lang='grc' dir='ltr'>μὲν</span> <span class='ocrx_word' id='word_1_206' title='bbox 203 1166 367 1202; x_wconf 80' lang='grc' dir='ltr'>γεγενῆσθαι</span> <span class='ocrx_word' id='word_1_207' title='bbox 384 1166 452 1201; x_wconf 77' lang='grc' dir='ltr'>μετὰ</span> <span class='ocrx_word' id='word_1_208' title='bbox 467 1166 517 1202; x_wconf 83' lang='grc' dir='ltr'>τῆς</span> <span class='ocrx_word' id='word_1_209' title='bbox 532 1167 583 1202; x_wconf 80' lang='grc' dir='ltr'>γῆς</span> <span class='ocrx_word' id='word_1_210' title='bbox 603 1167 649 1193; x_wconf 70' lang='grc' dir='ltr'>καὶ</span> <span class='ocrx_word' id='word_1_211' title='bbox 661 1167 768 1193; x_wconf 74' lang='grc' dir='ltr'>πάντων</span> <span class='ocrx_word' id='word_1_212' title='bbox 784 1166 839 1192; x_wconf 76' lang='grc' dir='ltr'><strong>τῶν</strong></span> <span class='ocrx_word' id='word_1_213' title='bbox 851 1165 918 1201; x_wconf 75' lang='grc' dir='ltr'>πρὸς</span> 
     </span>
    </p>
   </div>
   <div class='ocr_carea' id='block_1_28' title="bbox 135 1211 917 1247">
    <p class='ocr_par' dir='ltr' id='par_1_28' title="bbox 135 1211 917 1247">
     <span class='ocr_line' id='line_1_28' title="bbox 135 1211 917 1247; baseline -0.003 -9"><span class='ocrx_word' id='word_1_214' title='bbox 135 1213 184 1246; x_wconf 80' lang='grc' dir='ltr'>τὴν</span> <span class='ocrx_word' id='word_1_215' title='bbox 201 1211 368 1247; x_wconf 72' lang='grc' dir='ltr'>κατασκευὴν</span> <span class='ocrx_word' id='word_1_216' title='bbox 386 1211 432 1238; x_wconf 75' lang='grc' dir='ltr'>τοῦ</span> <span class='ocrx_word' id='word_1_217' title='bbox 451 1212 552 1247; x_wconf 82' lang='grc' dir='ltr'>κόσμου</span> <span class='ocrx_word' id='word_1_218' title='bbox 568 1212 790 1246; x_wconf 75' lang='grc' dir='ltr'>καταϐληθέντων</span> <span class='ocrx_word' id='word_1_219' title='bbox 805 1211 917 1246; x_wconf 80' lang='grc' dir='ltr'>λεγόμε-</span> 
     </span>
    </p>
   </div>
   <div class='ocr_carea' id='block_1_29' title="bbox 135 1257 918 1292">
    <p class='ocr_par' dir='ltr' id='par_1_29' title="bbox 135 1257 918 1292">
     <span class='ocr_line' id='line_1_29' title="bbox 135 1257 918 1292; baseline 0 -9"><span class='ocrx_word' id='word_1_220' title='bbox 135 1266 191 1288; x_wconf 74' lang='grc' dir='ltr'>νος,</span> <span class='ocrx_word' id='word_1_221' title='bbox 204 1257 261 1284; x_wconf 73' lang='grc' dir='ltr'>νυνὶ</span> <span class='ocrx_word' id='word_1_222' title='bbox 272 1258 299 1284; x_wconf 85' lang='grc' dir='ltr'>δὲ</span> <span class='ocrx_word' id='word_1_223' title='bbox 313 1257 465 1289; x_wconf 79' lang='grc' dir='ltr'>τελειωθείς</span> <span class='ocrx_word' id='word_1_224' title='bbox 480 1266 509 1284; x_wconf 85' lang='grc' dir='ltr'><strong>τε</strong></span> <span class='ocrx_word' id='word_1_225' title='bbox 526 1258 571 1283; x_wconf 77' lang='grc' dir='ltr'>καὶ</span> <span class='ocrx_word' id='word_1_226' title='bbox 587 1257 745 1292; x_wconf 65' lang='grc' dir='ltr'>ὀνομασθείς</span> <span class='ocrx_word' id='word_1_227' title='bbox 763 1258 791 1283; x_wconf 82' lang='grc' dir='ltr'>ἐν</span> <span class='ocrx_word' id='word_1_228' title='bbox 805 1258 836 1291; x_wconf 81' lang='grc' dir='ltr'>τῇ</span> <span class='ocrx_word' id='word_1_229' title='bbox 853 1258 918 1283; x_wconf 78' lang='grc' dir='ltr'>ἁνα-</span> 
     </span>
    </p>
   </div>
   <div class='ocr_carea' id='block_1_30' title="bbox 136 1301 917 1338">
    <p class='ocr_par' dir='ltr' id='par_1_30' title="bbox 136 1301 917 1338">
     <span class='ocr_line' id='line_1_30' title="bbox 136 1301 917 1338; baseline -0.001 -10"><span class='ocrx_word' id='word_1_230' title='bbox 136 1301 216 1334; x_wconf 79' lang='grc' dir='ltr'>δείξει</span> <span class='ocrx_word' id='word_1_231' title='bbox 230 1302 276 1328; x_wconf 79' lang='grc' dir='ltr'>τοῦ</span> <span class='ocrx_word' id='word_1_232' title='bbox 298 1302 485 1338; x_wconf 83' lang='grc' dir='ltr'>στερεώματος</span> <span class='ocrx_word' id='word_1_233' title='bbox 503 1302 549 1328; x_wconf 74' lang='grc' dir='ltr'>τοῦ</span> <span class='ocrx_word' id='word_1_234' title='bbox 568 1302 611 1328; x_wconf 79' lang='grc' dir='ltr'><strong>διὰ</strong></span> <span class='ocrx_word' id='word_1_235' title='bbox 626 1302 674 1337; x_wconf 79' lang='grc' dir='ltr'>τῆς</span> <span class='ocrx_word' id='word_1_236' title='bbox 689 1301 856 1337; x_wconf 80' lang='grc' dir='ltr'>περιδρομῆς</span> <span class='ocrx_word' id='word_1_237' title='bbox 870 1301 917 1327; x_wconf 81' lang='grc' dir='ltr'>τοῦ</span> 
     </span>
    </p>
   </div>
   <div class='ocr_carea' id='block_1_31' title="bbox 136 1347 918 1383">
    <p class='ocr_par' dir='ltr' id='par_1_31' title="bbox 136 1347 918 1383">
     <span class='ocr_line' id='line_1_31' title="bbox 136 1347 918 1383; baseline 0 -9"><span class='ocrx_word' id='word_1_238' title='bbox 136 1348 222 1382; x_wconf 81' lang='grc' dir='ltr'>πυρὸς</span> <span class='ocrx_word' id='word_1_239' title='bbox 235 1347 401 1383; x_wconf 85' lang='grc' dir='ltr'>ὁρισθέντος,</span> <span class='ocrx_word' id='word_1_240' title='bbox 416 1348 462 1374; x_wconf 80' lang='grc' dir='ltr'>καὶ</span> <span class='ocrx_word' id='word_1_241' title='bbox 484 1348 501 1382; x_wconf 85' lang='grc' dir='ltr'>ἡ</span> <span class='ocrx_word' id='word_1_242' title='bbox 520 1347 633 1383; x_wconf 83' lang='grc' dir='ltr'>δευτέρα</span> <span class='ocrx_word' id='word_1_243' title='bbox 649 1347 694 1374; x_wconf 82' lang='grc' dir='ltr'>τοῦ</span> <span class='ocrx_word' id='word_1_244' title='bbox 716 1348 803 1382; x_wconf 72' lang='grc' dir='ltr'>φωτος</span> <span class='ocrx_word' id='word_1_245' title='bbox 821 1348 918 1374; x_wconf 72' lang='grc' dir='ltr'>κυκλοο</span> 
     </span>
    </p>
   </div>
   <div class='ocr_carea' id='block_1_32' title="bbox 137 1393 918 1429">
    <p class='ocr_par' dir='ltr' id='par_1_32' title="bbox 137 1393 918 1429">
     <span class='ocr_line' id='line_1_32' title="bbox 137 1393 918 1429; baseline 0 -10"><span class='ocrx_word' id='word_1_246' title='bbox 137 1393 227 1429; x_wconf 79' lang='grc' dir='ltr'>φορία,</span> <span class='ocrx_word' id='word_1_247' title='bbox 245 1393 325 1419; x_wconf 75' lang='grc' dir='ltr'>πάλιν</span> <span class='ocrx_word' id='word_1_248' title='bbox 339 1393 369 1419; x_wconf 79' lang='grc' dir='ltr'><strong>τὺ</strong></span> <span class='ocrx_word' id='word_1_249' title='bbox 391 1393 570 1428; x_wconf 84' lang='grc' dir='ltr'>ὑποκείμενον</span> <span class='ocrx_word' id='word_1_250' title='bbox 589 1393 640 1420; x_wconf 79' lang='grc' dir='ltr'><strong>ἀνὰ</strong></span> <span class='ocrx_word' id='word_1_251' title='bbox 659 1393 741 1428; x_wconf 84' lang='grc' dir='ltr'>μέρος</span> <span class='ocrx_word' id='word_1_252' title='bbox 760 1393 918 1420; x_wconf 81' lang='grc' dir='ltr'>ὲπεσκότισέ</span> 
     </span>
    </p>
   </div>
   <div class='ocr_carea' id='block_1_33' title="bbox 136 1438 918 1475">
    <p class='ocr_par' dir='ltr' id='par_1_33' title="bbox 136 1438 918 1475">
     <span class='ocr_line' id='line_1_33' title="bbox 136 1438 918 1475; baseline -0.001 -10"><span class='ocrx_word' id='word_1_253' title='bbox 136 1448 166 1465; x_wconf 80' lang='grc' dir='ltr'><strong>τε</strong></span> <span class='ocrx_word' id='word_1_254' title='bbox 190 1439 236 1466; x_wconf 75' lang='grc' dir='ltr'>καὶ</span> <span class='ocrx_word' id='word_1_255' title='bbox 262 1438 404 1473; x_wconf 74' lang='grc' dir='ltr'>ἐφώτισεν.</span> <span class='ocrx_word' id='word_1_256' title='bbox 424 1439 511 1474; x_wconf 84' lang='grc' dir='ltr'>Ὅπερ</span> <span class='ocrx_word' id='word_1_257' title='bbox 537 1439 584 1465; x_wconf 78' lang='grc' dir='ltr'>καὶ</span> <span class='ocrx_word' id='word_1_258' title='bbox 608 1439 753 1474; x_wconf 76' lang='grc' dir='ltr'>ὠνομάσθη</span> <span class='ocrx_word' id='word_1_259' title='bbox 776 1439 846 1466; x_wconf 74' lang='grc' dir='ltr'>κατὰ</span> <span class='ocrx_word' id='word_1_260' title='bbox 868 1438 918 1475; x_wconf 84' lang='grc' dir='ltr'>τὴν</span> 
     </span>
    </p>
   </div>
   <div class='ocr_carea' id='block_1_34' title="bbox 137 1483 953 1532">
    <p class='ocr_par' dir='ltr' id='par_1_34' title="bbox 137 1483 953 1532">
     <span class='ocr_line' id='line_1_34' title="bbox 137 1483 953 1532; baseline 0 -22"><span class='ocrx_word' id='word_1_261' title='bbox 137 1483 325 1520; x_wconf 74' lang='grc' dir='ltr'>προλαϐοῦσαν</span> <span class='ocrx_word' id='word_1_262' title='bbox 342 1484 509 1515; x_wconf 80' lang='grc' dir='ltr'>ἀκολουθίαν,</span> <span class='ocrx_word' id='word_1_263' title='bbox 535 1484 580 1511; x_wconf 74' lang='grc' dir='ltr'><strong>καὶ</strong></span> <span class='ocrx_word' id='word_1_264' title='bbox 605 1483 682 1510; x_wconf 75' lang='grc' dir='ltr'>τοῦτο</span> <span class='ocrx_word' id='word_1_265' title='bbox 703 1484 803 1519; x_wconf 84' lang='grc' dir='ltr'>ἡμέρα.</span> <span class='ocrx_word' id='word_1_266' title='bbox 826 1485 920 1518; x_wconf 77' lang='grc' dir='ltr'>Ἀναγ-</span> <span class='ocrx_word' id='word_1_267' title='bbox 932 1501 953 1532; x_wconf 79' lang='lat' dir='ltr'><strong>c</strong></span> 
     </span>
    </p>
   </div>
   <div class='ocr_carea' id='block_1_35' title="bbox 138 1529 919 1565">
    <p class='ocr_par' dir='ltr' id='par_1_35' title="bbox 138 1529 919 1565">
     <span class='ocr_line' id='line_1_35' title="bbox 138 1529 919 1565; baseline -0.001 -8"><span class='ocrx_word' id='word_1_268' title='bbox 138 1531 223 1561; x_wconf 75' lang='grc' dir='ltr'>κιίως</span> <span class='ocrx_word' id='word_1_269' title='bbox 246 1530 336 1557; x_wconf 76' lang='grc' dir='ltr'>δὲκαὶ</span> <span class='ocrx_word' id='word_1_270' title='bbox 359 1530 511 1561; x_wconf 78' lang='grc' dir='ltr'>ἀκολούθως</span> <span class='ocrx_word' id='word_1_271' title='bbox 535 1530 613 1565; x_wconf 76' lang='grc' dir='ltr'>καὶὴ</span> <span class='ocrx_word' id='word_1_272' title='bbox 635 1529 682 1556; x_wconf 79' lang='grc' dir='ltr'>τοῦ</span> <span class='ocrx_word' id='word_1_273' title='bbox 703 1529 820 1565; x_wconf 80' lang='grc' dir='ltr'>ἀριθμοῦ</span> <span class='ocrx_word' id='word_1_274' title='bbox 838 1530 919 1564; x_wconf 80' lang='grc' dir='ltr'>φύσις</span> 
     </span>
    </p>
   </div>
   <div class='ocr_carea' id='block_1_36' title="bbox 138 1575 920 1611">
    <p class='ocr_par' dir='ltr' id='par_1_36' title="bbox 138 1575 920 1611">
     <span class='ocr_line' id='line_1_36' title="bbox 138 1575 920 1611; baseline 0 -9"><span class='ocrx_word' id='word_1_275' title='bbox 138 1575 293 1611; x_wconf 76' lang='grc' dir='ltr'>συνεισῆλθε</span> <span class='ocrx_word' id='word_1_276' title='bbox 308 1577 341 1611; x_wconf 83' lang='grc' dir='ltr'><strong>τῇ</strong></span> <span class='ocrx_word' id='word_1_277' title='bbox 362 1575 459 1603; x_wconf 81' lang='grc' dir='ltr'>κτίσει.</span> <span class='ocrx_word' id='word_1_278' title='bbox 483 1576 564 1602; x_wconf 74' lang='grc' dir='ltr'>Οὑδὲν</span> <span class='ocrx_word' id='word_1_279' title='bbox 586 1575 640 1610; x_wconf 76' lang='grc' dir='ltr'><strong>γὰρ</strong></span> <span class='ocrx_word' id='word_1_280' title='bbox 657 1575 748 1610; x_wconf 75' lang='grc' dir='ltr'>ἕτερον</span> <span class='ocrx_word' id='word_1_281' title='bbox 768 1577 841 1602; x_wconf 83' lang='grc' dir='ltr'>ἐστιν</span> <span class='ocrx_word' id='word_1_282' title='bbox 860 1577 920 1611; x_wconf 80' lang='grc' dir='ltr'>ἀρι-</span> 
     </span>
    </p>
   </div>
   <div class='ocr_carea' id='block_1_37' title="bbox 138 1620 920 1658">
    <p class='ocr_par' dir='ltr' id='par_1_37' title="bbox 138 1620 920 1658">
     <span class='ocr_line' id='line_1_37' title="bbox 138 1620 920 1658; baseline -0.001 -10"><span class='ocrx_word' id='word_1_283' title='bbox 138 1622 215 1657; x_wconf 71' lang='grc' dir='ltr'>θμὺς,</span> <span class='ocrx_word' id='word_1_284' title='bbox 230 1622 255 1648; x_wconf 81' lang='grc' dir='ltr'><strong>εί</strong></span> <span class='ocrx_word' id='word_1_285' title='bbox 270 1622 306 1657; x_wconf 85' lang='grc' dir='ltr'>μὴ</span> <span class='ocrx_word' id='word_1_286' title='bbox 321 1621 441 1657; x_wconf 82' lang='grc' dir='ltr'>μονάδων</span> <span class='ocrx_word' id='word_1_287' title='bbox 455 1621 586 1652; x_wconf 85' lang='grc' dir='ltr'>σύνθεσις.</span> <span class='ocrx_word' id='word_1_288' title='bbox 603 1621 660 1647; x_wconf 75' lang='grc' dir='ltr'>Πᾶν</span> <span class='ocrx_word' id='word_1_289' title='bbox 672 1620 699 1647; x_wconf 81' lang='grc' dir='ltr'>δὲ</span> <span class='ocrx_word' id='word_1_290' title='bbox 711 1621 739 1647; x_wconf 77' lang='grc' dir='ltr'>τὸ</span> <span class='ocrx_word' id='word_1_291' title='bbox 753 1621 920 1658; x_wconf 76' lang='grc' dir='ltr'>διωρισμένη</span> 
     </span>
    </p>
   </div>
   <div class='ocr_carea' id='block_1_38' title="bbox 138 1666 918 1703">
    <p class='ocr_par' dir='ltr' id='par_1_38' title="bbox 138 1666 918 1703">
     <span class='ocr_line' id='line_1_38' title="bbox 138 1666 918 1703; baseline 0 -10"><span class='ocrx_word' id='word_1_292' title='bbox 138 1667 191 1693; x_wconf 62' lang='grc' dir='ltr'>τινὶ</span> <span class='ocrx_word' id='word_1_293' title='bbox 214 1668 369 1703; x_wconf 70' lang='grc' dir='ltr'>περιγραφῇ</span> <span class='ocrx_word' id='word_1_294' title='bbox 398 1666 601 1702; x_wconf 79' lang='grc' dir='ltr'>θεωρούμενον,</span> <span class='ocrx_word' id='word_1_295' title='bbox 635 1667 718 1702; x_wconf 73' lang='grc' dir='ltr'>μονὰς</span> <span class='ocrx_word' id='word_1_296' title='bbox 745 1667 918 1702; x_wconf 76' lang='grc' dir='ltr'>ὀνομάζεται.</span> 
     </span>
    </p>
   </div>
   <div class='ocr_carea' id='block_1_39' title="bbox 146 1710 920 1747">
    <p class='ocr_par' dir='ltr' id='par_1_39' title="bbox 146 1710 920 1747">
     <span class='ocr_line' id='line_1_39' title="bbox 146 1710 920 1747; baseline 0 -9"><span class='ocrx_word' id='word_1_297' title='bbox 146 1712 221 1739; x_wconf 73' lang='grc' dir='ltr'>Ἐπεὶ</span> <span class='ocrx_word' id='word_1_298' title='bbox 237 1710 283 1738; x_wconf 72' lang='grc' dir='ltr'>οὖν</span> <span class='ocrx_word' id='word_1_299' title='bbox 305 1712 472 1747; x_wconf 79' lang='grc' dir='ltr'>πανταχόθεν</span> <span class='ocrx_word' id='word_1_300' title='bbox 486 1713 500 1738; x_wconf 91' lang='grc' dir='ltr'><strong>ό</strong></span> <span class='ocrx_word' id='word_1_301' title='bbox 511 1711 609 1743; x_wconf 85' lang='grc' dir='ltr'>κύκλος</span> <span class='ocrx_word' id='word_1_302' title='bbox 625 1712 785 1747; x_wconf 82' lang='grc' dir='ltr'>ἀνελλειπής</span> <span class='ocrx_word' id='word_1_303' title='bbox 802 1713 876 1738; x_wconf 76' lang='grc' dir='ltr'>ἐστιν</span> <span class='ocrx_word' id='word_1_304' title='bbox 892 1712 920 1738; x_wconf 84' lang='grc' dir='ltr'>ὲν</span> 
     </span>
    </p>
   </div>
   <div class='ocr_carea' id='block_1_40' title="bbox 139 1756 920 1793">
    <p class='ocr_par' dir='ltr' id='par_1_40' title="bbox 139 1756 920 1793">
     <span class='ocr_line' id='line_1_40' title="bbox 139 1756 920 1793; baseline -0.001 -9"><span class='ocrx_word' id='word_1_305' title='bbox 139 1757 227 1792; x_wconf 78' lang='grc' dir='ltr'>ἑαυτῷ</span> <span class='ocrx_word' id='word_1_306' title='bbox 240 1757 394 1792; x_wconf 79' lang='grc' dir='ltr'>ὁριζόμενος</span> <span class='ocrx_word' id='word_1_307' title='bbox 407 1765 412 1771; x_wconf 92' lang='grc'>·</span> <span class='ocrx_word' id='word_1_308' title='bbox 426 1756 516 1788; x_wconf 81' lang='grc' dir='ltr'>καλῶς</span> <span class='ocrx_word' id='word_1_309' title='bbox 529 1758 543 1784; x_wconf 84' lang='grc' dir='ltr'>ὁ</span> <span class='ocrx_word' id='word_1_310' title='bbox 555 1757 633 1790; x_wconf 76' lang='grc' dir='ltr'>λόγος</span> <span class='ocrx_word' id='word_1_311' title='bbox 649 1757 678 1783; x_wconf 71' lang='grc' dir='ltr'>ἓν</span> <span class='ocrx_word' id='word_1_312' title='bbox 692 1766 718 1784; x_wconf 89' lang='grc' dir='ltr'><strong>τι</strong></span> <span class='ocrx_word' id='word_1_313' title='bbox 737 1757 861 1793; x_wconf 77' lang='grc' dir='ltr'>ὠνόμασε</span> <span class='ocrx_word' id='word_1_314' title='bbox 873 1757 920 1793; x_wconf 84' lang='grc' dir='ltr'>τὴν</span> 
     </span>
    </p>
   </div>
   <div class='ocr_carea' id='block_1_41' title="bbox 140 1801 930 1838">
    <p class='ocr_par' dir='ltr' id='par_1_41' title="bbox 140 1801 930 1838">
     <span class='ocr_line' id='line_1_41' title="bbox 140 1801 930 1838; baseline 0 -9"><span class='ocrx_word' id='word_1_315' title='bbox 140 1803 204 1837; x_wconf 88' lang='grc' dir='ltr'>μίαν</span> <span class='ocrx_word' id='word_1_316' title='bbox 215 1801 261 1829; x_wconf 81' lang='grc' dir='ltr'><strong>τοῦ</strong></span> <span class='ocrx_word' id='word_1_317' title='bbox 276 1802 374 1829; x_wconf 87' lang='grc' dir='ltr'>κύκλου</span> <span class='ocrx_word' id='word_1_318' title='bbox 391 1802 524 1838; x_wconf 77' lang='grc' dir='ltr'>περίοδον,</span> <span class='ocrx_word' id='word_1_319' title='bbox 535 1802 620 1828; x_wconf 83' lang='grc' dir='ltr'>εῑπὼν</span> <span class='ocrx_word' id='word_1_320' title='bbox 631 1811 637 1818; x_wconf 87' lang='grc'>·</span> <span class='ocrx_word' id='word_1_321' title='bbox 653 1812 662 1827; x_wconf 71' lang='grc' dir='ltr'>ε</span> <span class='ocrx_word' id='word_1_322' title='bbox 681 1803 804 1836; x_wconf 80' lang='grc' dir='ltr'>Ἐγένετο</span> <span class='ocrx_word' id='word_1_323' title='bbox 818 1803 930 1838; x_wconf 77' lang='grc' dir='ltr'>ἑσπέρα,</span> 
     </span>
    </p>
   </div>
   <div class='ocr_carea' id='block_1_42' title="bbox 139 1844 921 1880">
    <p class='ocr_par' dir='ltr' id='par_1_42' title="bbox 139 1844 921 1880">
     <span class='ocr_line' id='line_1_42' title="bbox 139 1844 921 1880; baseline 0.001 -10"><span class='ocrx_word' id='word_1_324' title='bbox 139 1845 186 1870; x_wconf 74' lang='grc' dir='ltr'>καὶ</span> <span class='ocrx_word' id='word_1_325' title='bbox 199 1845 307 1878; x_wconf 75' lang='grc' dir='ltr'>ἐγένετο</span> <span class='ocrx_word' id='word_1_326' title='bbox 324 1844 396 1879; x_wconf 81' lang='grc' dir='ltr'>πρωῒ</span> <span class='ocrx_word' id='word_1_327' title='bbox 409 1844 498 1879; x_wconf 81' lang='grc' dir='ltr'>ἡμέρα.</span> <span class='ocrx_word' id='word_1_328' title='bbox 513 1844 571 1879; x_wconf 69' lang='grc' dir='ltr'>μίαν</span> <span class='ocrx_word' id='word_1_329' title='bbox 592 1853 600 1869; x_wconf 73' lang='grc' dir='ltr'><strong>ι</strong></span> <span class='ocrx_word' id='word_1_330' title='bbox 619 1845 665 1871; x_wconf 77' lang='grc' dir='ltr'>καὶ</span> <span class='ocrx_word' id='word_1_331' title='bbox 682 1844 762 1870; x_wconf 77' lang='grc' dir='ltr'>πάλιν</span> <span class='ocrx_word' id='word_1_332' title='bbox 776 1845 824 1879; x_wconf 80' lang='grc' dir='ltr'>τὴν</span> <span class='ocrx_word' id='word_1_333' title='bbox 840 1845 921 1880; x_wconf 77' lang='grc' dir='ltr'>ἄλλην</span> 
     </span>
    </p>
   </div>
   <div class='ocr_carea' id='block_1_43' title="bbox 139 1889 924 1925">
    <p class='ocr_par' dir='ltr' id='par_1_43' title="bbox 139 1889 924 1925">
     <span class='ocr_line' id='line_1_43' title="bbox 139 1889 924 1925; baseline 0.001 -9"><span class='ocrx_word' id='word_1_334' title='bbox 139 1890 268 1922; x_wconf 78' lang='grc' dir='ltr'>ὡσαύτως</span> <span class='ocrx_word' id='word_1_335' title='bbox 282 1890 322 1916; x_wconf 72' lang='grc' dir='ltr'><strong>ἓν.</strong></span> <span class='ocrx_word' id='word_1_336' title='bbox 337 1890 448 1920; x_wconf 71' lang='grc' dir='ltr'>Συνθεὶς</span> <span class='ocrx_word' id='word_1_337' title='bbox 461 1889 489 1915; x_wconf 76' lang='grc' dir='ltr'>δὲ</span> <span class='ocrx_word' id='word_1_338' title='bbox 504 1890 656 1925; x_wconf 72' lang='grc' dir='ltr'>ἀμφύτερα,</span> <span class='ocrx_word' id='word_1_339' title='bbox 675 1890 722 1916; x_wconf 81' lang='grc' dir='ltr'><strong>δύο</strong></span> <span class='ocrx_word' id='word_1_340' title='bbox 734 1891 853 1925; x_wconf 73' lang='grc' dir='ltr'>ἐποίησε.</span> <span class='ocrx_word' id='word_1_341' title='bbox 869 1891 924 1918; x_wconf 78' lang='grc' dir='ltr'><strong>Καὶ</strong></span> 
     </span>
    </p>
   </div>
   <div class='ocr_carea' id='block_1_44' title="bbox 139 1933 924 1971">
    <p class='ocr_par' dir='ltr' id='par_1_44' title="bbox 139 1933 924 1971">
     <span class='ocr_line' id='line_1_44' title="bbox 139 1933 924 1971; baseline 0.001 -11"><span class='ocrx_word' id='word_1_342' title='bbox 139 1934 226 1965; x_wconf 76' lang='grc' dir='ltr'>οὓτως</span> <span class='ocrx_word' id='word_1_343' title='bbox 242 1936 256 1960; x_wconf 86' lang='grc' dir='ltr'>ὁ</span> <span class='ocrx_word' id='word_1_344' title='bbox 271 1934 349 1967; x_wconf 89' lang='grc' dir='ltr'>λόγος</span> <span class='ocrx_word' id='word_1_345' title='bbox 364 1934 412 1968; x_wconf 85' lang='grc' dir='ltr'>τὴν</span> <span class='ocrx_word' id='word_1_346' title='bbox 432 1933 477 1960; x_wconf 79' lang='grc' dir='ltr'>τοῦ</span> <span class='ocrx_word' id='word_1_347' title='bbox 494 1934 611 1969; x_wconf 79' lang='grc' dir='ltr'>ἀριθμοῦ</span> <span class='ocrx_word' id='word_1_348' title='bbox 629 1934 736 1968; x_wconf 84' lang='grc' dir='ltr'>γένεσιν</span> <span class='ocrx_word' id='word_1_349' title='bbox 750 1935 805 1967; x_wconf 71' lang='grc' dir='ltr'>τοῖς</span> <span class='ocrx_word' id='word_1_350' title='bbox 820 1936 924 1971; x_wconf 78' lang='grc' dir='ltr'>μορίοις</span> 
     </span>
    </p>
   </div>
   <div class='ocr_carea' id='block_1_45' title="bbox 142 1978 924 2016">
    <p class='ocr_par' dir='ltr' id='par_1_45' title="bbox 142 1978 924 2016">
     <span class='ocr_line' id='line_1_45' title="bbox 142 1978 924 2016; baseline 0.004 -11"><span class='ocrx_word' id='word_1_351' title='bbox 142 1980 275 2014; x_wconf 76' lang='grc' dir='ltr'>συνήγαγε</span> <span class='ocrx_word' id='word_1_352' title='bbox 293 1979 341 2013; x_wconf 82' lang='grc' dir='ltr'>τῆς</span> <span class='ocrx_word' id='word_1_353' title='bbox 361 1978 492 2010; x_wconf 81' lang='grc' dir='ltr'>κτίσεως,</span> <span class='ocrx_word' id='word_1_354' title='bbox 510 1979 559 2014; x_wconf 83' lang='grc' dir='ltr'>τὴν</span> <span class='ocrx_word' id='word_1_355' title='bbox 583 1979 742 2006; x_wconf 75' lang='grc' dir='ltr'>ἀκολουθίαν</span> <span class='ocrx_word' id='word_1_356' title='bbox 760 1982 807 2016; x_wconf 82' lang='grc' dir='ltr'>τῆς</span> <span class='ocrx_word' id='word_1_357' title='bbox 821 1981 924 2013; x_wconf 79' lang='grc' dir='ltr'>τάξεως</span> 
     </span>
    </p>
   </div>
   <div class='ocr_carea' id='block_1_46' title="bbox 139 2023 921 2061">
    <p class='ocr_par' dir='ltr' id='par_1_46' title="bbox 139 2023 921 2061">
     <span class='ocr_line' id='line_1_46' title="bbox 139 2023 921 2061; baseline 0.003 -10"><span class='ocrx_word' id='word_1_358' title='bbox 139 2026 194 2056; x_wconf 81' lang='grc' dir='ltr'>’τοῖς</span> <span class='ocrx_word' id='word_1_359' title='bbox 211 2024 322 2059; x_wconf 81' lang='grc' dir='ltr'>ὀνόμασι</span> <span class='ocrx_word' id='word_1_360' title='bbox 336 2024 381 2050; x_wconf 81' lang='grc' dir='ltr'><strong>τοῦ</strong></span> <span class='ocrx_word' id='word_1_361' title='bbox 398 2023 515 2060; x_wconf 75' lang='grc' dir='ltr'>ἀριθμοῦ</span> <span class='ocrx_word' id='word_1_362' title='bbox 533 2025 735 2060; x_wconf 76' lang='grc' dir='ltr'>σημειούμενος.</span> <span class='ocrx_word' id='word_1_363' title='bbox 750 2035 760 2050; x_wconf 76' lang='grc' dir='ltr'><strong>ι</strong></span> <span class='ocrx_word' id='word_1_364' title='bbox 777 2027 898 2061; x_wconf 80' lang='grc' dir='ltr'>Ἐγένετο</span> <span class='ocrx_word' id='word_1_365' title='bbox 913 2037 921 2053; x_wconf 73' lang='grc' dir='ltr'><strong>ι</strong></span> 
     </span>
    </p>
   </div>
   <div class='ocr_carea' id='block_1_47' title="bbox 139 2066 924 2108">
    <p class='ocr_par' dir='ltr' id='par_1_47' title="bbox 139 2066 924 2108">
     <span class='ocr_line' id='line_1_47' title="bbox 139 2066 924 2108; baseline 0.004 -12"><span class='ocrx_word' id='word_1_366' title='bbox 139 2070 203 2105; x_wconf 74' lang='grc' dir='ltr'>γὰρ,</span> <span class='ocrx_word' id='word_1_367' title='bbox 221 2070 312 2105; x_wconf 79' lang='grc' dir='ltr'>φησὶν,</span> <span class='ocrx_word' id='word_1_368' title='bbox 330 2079 339 2095; x_wconf 75' lang='grc' dir='ltr'>ί</span> <span class='ocrx_word' id='word_1_369' title='bbox 357 2070 469 2106; x_wconf 82' lang='grc' dir='ltr'>ἑσπέρα,</span> <span class='ocrx_word' id='word_1_370' title='bbox 485 2071 531 2097; x_wconf 79' lang='grc' dir='ltr'><strong>καὶ</strong></span> <span class='ocrx_word' id='word_1_371' title='bbox 552 2066 657 2105; x_wconf 75' lang='grc' dir='ltr'>ἐγένετο</span> <span class='ocrx_word' id='word_1_372' title='bbox 676 2071 748 2107; x_wconf 71' lang='grc' dir='ltr'>πρωῒ</span> <span class='ocrx_word' id='word_1_373' title='bbox 764 2072 853 2108; x_wconf 78' lang='grc' dir='ltr'>ἡμέρα</span> <span class='ocrx_word' id='word_1_374' title='bbox 864 2073 924 2099; x_wconf 86' lang='grc' dir='ltr'>δευ-</span> 
     </span>
    </p>
   </div>
   <div class='ocr_carea' id='block_1_48' title="bbox 139 2126 245 2152">
    <p class='ocr_par' dir='ltr' id='par_1_48' title="bbox 139 2126 245 2152">
     <span class='ocr_line' id='line_1_48' title="bbox 139 2126 245 2152; baseline -0.019 -8"><span class='ocrx_word' id='word_1_375' title='bbox 139 2126 215 2152; x_wconf 82' lang='grc' dir='ltr'>τερα.</span> <span class='ocrx_word' id='word_1_376' title='bbox 235 2127 245 2142; x_wconf 74' lang='grc' dir='ltr'><strong>ι</strong></span> 
     </span>
    </p>
   </div>
   <div class='ocr_carea' id='block_1_49' title="bbox 965 213 1746 251">
    <p class='ocr_par' dir='ltr' id='par_1_49' title="bbox 965 213 1746 251">
     <span class='ocr_line' id='line_1_49' title="bbox 965 213 1746 251; baseline -0.006 -6"><span class='ocrx_word' id='word_1_377' title='bbox 965 219 1016 245; x_wconf 83' lang='lat' dir='ltr'><strong>lam</strong></span> <span class='ocrx_word' id='word_1_378' title='bbox 1033 222 1124 245; x_wconf 87' lang='lat' dir='ltr'><strong>tamen</strong></span> <span class='ocrx_word' id='word_1_379' title='bbox 1148 217 1278 244; x_wconf 78' lang='lat' dir='ltr'><strong>habuisse</strong></span> <span class='ocrx_word' id='word_1_380' title='bbox 1296 220 1402 243; x_wconf 73' lang='lat' dir='ltr'><strong>naturm</strong></span> <span class='ocrx_word' id='word_1_381' title='bbox 1421 215 1635 251; x_wconf 91' lang='lat' dir='ltr'><strong>permistionem.</strong></span> <span class='ocrx_word' id='word_1_382' title='bbox 1654 213 1746 248; x_wconf 81' lang='lat' dir='ltr'><strong>Neque</strong></span> 
     </span>
    </p>
   </div>
   <div class='ocr_carea' id='block_1_50' title="bbox 964 261 1745 295">
    <p class='ocr_par' dir='ltr' id='par_1_50' title="bbox 964 261 1745 295">
     <span class='ocr_line' id='line_1_50' title="bbox 964 261 1745 295; baseline -0.006 -5"><span class='ocrx_word' id='word_1_383' title='bbox 964 265 1035 290; x_wconf 88' lang='lat' dir='ltr'><strong>enim</strong></span> <span class='ocrx_word' id='word_1_384' title='bbox 1047 263 1162 290; x_wconf 88' lang='lat' dir='ltr'><strong>dicitur:</strong></span> <span class='ocrx_word' id='word_1_385' title='bbox 1179 262 1243 288; x_wconf 86' lang='lat' dir='ltr'><strong>Erat</strong></span> <span class='ocrx_word' id='word_1_386' title='bbox 1258 262 1352 289; x_wconf 89' lang='lat' dir='ltr'><strong>subter</strong></span> <span class='ocrx_word' id='word_1_387' title='bbox 1368 266 1414 288; x_wconf 85' lang='lat' dir='ltr'><strong>aut</strong></span> <span class='ocrx_word' id='word_1_388' title='bbox 1431 269 1513 295; x_wconf 82' lang='lat' dir='ltr'><strong>supra</strong></span> <span class='ocrx_word' id='word_1_389' title='bbox 1529 261 1727 287; x_wconf 75' lang='lat' dir='ltr'><strong>ﬁrmamentum</strong></span> <span class='ocrx_word' id='word_1_390' title='bbox 1738 278 1745 289; x_wconf 90' lang='lat'>.</span> 
     </span>
    </p>
   </div>
   <div class='ocr_carea' id='block_1_51' title="bbox 965 304 1747 340">
    <p class='ocr_par' dir='ltr' id='par_1_51' title="bbox 965 304 1747 340">
     <span class='ocr_line' id='line_1_51' title="bbox 965 304 1747 340; baseline -0.008 -4"><span class='ocrx_word' id='word_1_391' title='bbox 965 309 1012 337; x_wconf 87' lang='lat' dir='ltr'><strong>scd</strong></span> <span class='ocrx_word' id='word_1_392' title='bbox 1035 309 1092 335; x_wconf 64' lang='lat' dir='ltr'><strong>haec</strong></span> <span class='ocrx_word' id='word_1_393' title='bbox 1109 312 1167 335; x_wconf 88' lang='lat' dir='ltr'><strong>erat</strong></span> <span class='ocrx_word' id='word_1_394' title='bbox 1182 308 1235 335; x_wconf 87' lang='lat' dir='ltr'><strong>sub</strong></span> <span class='ocrx_word' id='word_1_395' title='bbox 1256 308 1437 337; x_wconf 80' lang='lat' dir='ltr'><strong>ﬁrmamento,</strong></span> <span class='ocrx_word' id='word_1_396' title='bbox 1453 306 1499 333; x_wconf 80' lang='lat' dir='ltr'><strong>illa</strong></span> <span class='ocrx_word' id='word_1_397' title='bbox 1522 309 1582 335; x_wconf 85' lang='lat' dir='ltr'><strong>erat</strong></span> <span class='ocrx_word' id='word_1_398' title='bbox 1600 312 1680 340; x_wconf 80' lang='lat' dir='ltr'><strong>supra</strong></span> <span class='ocrx_word' id='word_1_399' title='bbox 1702 304 1747 330; x_wconf 82' lang='lat' dir='ltr'><strong>tir-</strong></span> 
     </span>
    </p>
   </div>
   <div class='ocr_carea' id='block_1_52' title="bbox 966 350 1748 385">
    <p class='ocr_par' dir='ltr' id='par_1_52' title="bbox 966 350 1748 385">
     <span class='ocr_line' id='line_1_52' title="bbox 966 350 1748 385; baseline -0.005 -5"><span class='ocrx_word' id='word_1_400' title='bbox 966 358 1141 381; x_wconf 81' lang='lat' dir='ltr'><strong>mamentum.</strong></span> <span class='ocrx_word' id='word_1_401' title='bbox 1160 353 1236 385; x_wconf 84' lang='lat' dir='ltr'><strong>Quod</strong></span> <span class='ocrx_word' id='word_1_402' title='bbox 1249 354 1271 380; x_wconf 94' lang='lat' dir='ltr'><strong>si</strong></span> <span class='ocrx_word' id='word_1_403' title='bbox 1291 360 1344 379; x_wconf 83' lang='lat' dir='ltr'><strong>una</strong></span> <span class='ocrx_word' id='word_1_404' title='bbox 1359 351 1451 379; x_wconf 90' lang='lat' dir='ltr'><strong>statim</strong></span> <span class='ocrx_word' id='word_1_405' title='bbox 1471 351 1499 378; x_wconf 88' lang='lat' dir='ltr'><strong>in</strong></span> <span class='ocrx_word' id='word_1_406' title='bbox 1517 351 1646 382; x_wconf 77' lang='lat' dir='ltr'><strong>tenebris,</strong></span> <span class='ocrx_word' id='word_1_407' title='bbox 1663 350 1748 376; x_wconf 83' lang='lat' dir='ltr'><strong>altera</strong></span> 
     </span>
    </p>
   </div>
   <div class='ocr_carea' id='block_1_53' title="bbox 966 395 1747 433">
    <p class='ocr_par' dir='ltr' id='par_1_53' title="bbox 966 395 1747 433">
     <span class='ocr_line' id='line_1_53' title="bbox 966 395 1747 433; baseline -0.006 -8"><span class='ocrx_word' id='word_1_408' title='bbox 966 406 1078 433; x_wconf 82' lang='lat' dir='ltr'><strong>prorsus</strong></span> <span class='ocrx_word' id='word_1_409' title='bbox 1101 398 1128 425; x_wconf 89' lang='lat' dir='ltr'><strong>in</strong></span> <span class='ocrx_word' id='word_1_410' title='bbox 1155 398 1214 425; x_wconf 89' lang='lat' dir='ltr'><strong>luce</strong></span> <span class='ocrx_word' id='word_1_411' title='bbox 1234 401 1259 424; x_wconf 87' lang='lat' dir='ltr'><strong>et</strong></span> <span class='ocrx_word' id='word_1_412' title='bbox 1283 404 1298 423; x_wconf 92' lang='lat' dir='ltr'><strong>a</strong></span> <span class='ocrx_word' id='word_1_413' title='bbox 1326 396 1447 423; x_wconf 87' lang='lat' dir='ltr'><strong>tenebris</strong></span> <span class='ocrx_word' id='word_1_414' title='bbox 1466 395 1600 429; x_wconf 87' lang='lat' dir='ltr'><strong>sejuncta,</strong></span> <span class='ocrx_word' id='word_1_415' title='bbox 1621 395 1747 421; x_wconf 83' lang='lat' dir='ltr'><strong>nimirum</strong></span> 
     </span>
    </p>
   </div>
   <div class='ocr_carea' id='block_1_54' title="bbox 966 439 1747 477">
    <p class='ocr_par' dir='ltr' id='par_1_54' title="bbox 966 439 1747 477">
     <span class='ocr_line' id='line_1_54' title="bbox 966 439 1747 477; baseline -0.006 -8"><span class='ocrx_word' id='word_1_416' title='bbox 966 443 1011 469; x_wconf 87' lang='lat' dir='ltr'><strong>illa</strong></span> <span class='ocrx_word' id='word_1_417' title='bbox 1025 450 1106 477; x_wconf 82' lang='lat' dir='ltr'><strong>super</strong></span> <span class='ocrx_word' id='word_1_418' title='bbox 1116 449 1169 477; x_wconf 87' lang='lat' dir='ltr'><strong>qua</strong></span> <span class='ocrx_word' id='word_1_419' title='bbox 1190 442 1313 476; x_wconf 73' lang='lat' dir='ltr'><strong>spiritus,</strong></span> <span class='ocrx_word' id='word_1_420' title='bbox 1335 448 1394 475; x_wconf 72' lang='lat' dir='ltr'><strong>qua:</strong></span> <span class='ocrx_word' id='word_1_421' title='bbox 1408 440 1489 467; x_wconf 85' lang='lat' dir='ltr'><strong>simul</strong></span> <span class='ocrx_word' id='word_1_422' title='bbox 1502 440 1584 466; x_wconf 88' lang='lat' dir='ltr'><strong>etiam</strong></span> <span class='ocrx_word' id='word_1_423' title='bbox 1599 439 1650 465; x_wconf 82' lang='lat' dir='ltr'><strong>fuit</strong></span> <span class='ocrx_word' id='word_1_424' title='bbox 1666 446 1747 472; x_wconf 85' lang='lat' dir='ltr'><strong>supra</strong></span> 
     </span>
    </p>
   </div>
   <div class='ocr_carea' id='block_1_55' title="bbox 967 485 1747 521">
    <p class='ocr_par' dir='ltr' id='par_1_55' title="bbox 967 485 1747 521">
     <span class='ocr_line' id='line_1_55' title="bbox 967 485 1747 521; baseline -0.006 -7"><span class='ocrx_word' id='word_1_425' title='bbox 967 488 1176 520; x_wconf 81' lang='lat' dir='ltr'><strong>ﬁrmamentum,</strong></span> <span class='ocrx_word' id='word_1_426' title='bbox 1192 487 1264 521; x_wconf 88' lang='lat' dir='ltr'><strong>quod</strong></span> <span class='ocrx_word' id='word_1_427' title='bbox 1281 487 1451 520; x_wconf 71' lang='lat' dir='ltr'><strong>interiectum</strong></span> <span class='ocrx_word' id='word_1_428' title='bbox 1466 489 1518 517; x_wconf 84' lang='lat' dir='ltr'><strong>est,</strong></span> <span class='ocrx_word' id='word_1_429' title='bbox 1542 493 1602 520; x_wconf 74' lang='lat' dir='ltr'><strong>qua:</strong></span> <span class='ocrx_word' id='word_1_430' title='bbox 1613 485 1646 511; x_wconf 80' lang='lat' dir='ltr'><strong>de</strong></span> <span class='ocrx_word' id='word_1_431' title='bbox 1659 492 1747 510; x_wconf 69' lang='lat' dir='ltr'><strong>rerum</strong></span> 
     </span>
    </p>
   </div>
   <div class='ocr_carea' id='block_1_56' title="bbox 967 530 1748 565">
    <p class='ocr_par' dir='ltr' id='par_1_56' title="bbox 967 530 1748 565">
     <span class='ocr_line' id='line_1_56' title="bbox 967 530 1748 565; baseline -0.009 -5"><span class='ocrx_word' id='word_1_432' title='bbox 967 533 1152 560; x_wconf 84' lang='lat' dir='ltr'><strong>universitatis</strong></span> <span class='ocrx_word' id='word_1_433' title='bbox 1172 533 1368 559; x_wconf 85' lang='lat' dir='ltr'><strong>constitutione</strong></span> <span class='ocrx_word' id='word_1_434' title='bbox 1385 530 1609 565; x_wconf 75' lang='lat' dir='ltr'><strong>cxcogitavimus,</strong></span> <span class='ocrx_word' id='word_1_435' title='bbox 1637 533 1663 556; x_wconf 90' lang='lat' dir='ltr'><strong>et</strong></span> <span class='ocrx_word' id='word_1_436' title='bbox 1680 536 1748 562; x_wconf 83' lang='lat' dir='ltr'><strong>quo-</strong></span> 
     </span>
    </p>
   </div>
   <div class='ocr_carea' id='block_1_57' title="bbox 967 575 1750 612">
    <p class='ocr_par' dir='ltr' id='par_1_57' title="bbox 967 575 1750 612">
     <span class='ocr_line' id='line_1_57' title="bbox 967 575 1750 612; baseline -0.006 -7"><span class='ocrx_word' id='word_1_437' title='bbox 967 578 1047 605; x_wconf 88' lang='lat' dir='ltr'><strong>modo</strong></span> <span class='ocrx_word' id='word_1_438' title='bbox 1064 579 1089 604; x_wconf 92' lang='lat' dir='ltr'><strong>in</strong></span> <span class='ocrx_word' id='word_1_439' title='bbox 1106 582 1212 604; x_wconf 73' lang='lat' dir='ltr'><strong>natura:</strong></span> <span class='ocrx_word' id='word_1_440' title='bbox 1227 577 1347 612; x_wconf 85' lang='lat' dir='ltr'><strong>potentia</strong></span> <span class='ocrx_word' id='word_1_441' title='bbox 1364 577 1479 611; x_wconf 78' lang='lat' dir='ltr'><strong>reliquis</strong></span> <span class='ocrx_word' id='word_1_442' title='bbox 1492 577 1573 603; x_wconf 89' lang='lat' dir='ltr'><strong>rebus</strong></span> <span class='ocrx_word' id='word_1_443' title='bbox 1589 575 1633 601; x_wconf 75' lang='lat' dir='ltr'><strong>lux</strong></span> <span class='ocrx_word' id='word_1_444' title='bbox 1651 582 1703 601; x_wconf 88' lang='lat' dir='ltr'><strong>non</strong></span> <span class='ocrx_word' id='word_1_445' title='bbox 1715 575 1750 601; x_wconf 83' lang='lat' dir='ltr'><strong>sit</strong></span> 
     </span>
    </p>
   </div>
   <div class='ocr_carea' id='block_1_58' title="bbox 968 622 1750 660">
    <p class='ocr_par' dir='ltr' id='par_1_58' title="bbox 968 622 1750 660">
     <span class='ocr_line' id='line_1_58' title="bbox 968 622 1750 660; baseline -0.006 -8"><span class='ocrx_word' id='word_1_446' title='bbox 968 625 1115 660; x_wconf 82' lang='lat' dir='ltr'><strong>posterior,</strong></span> <span class='ocrx_word' id='word_1_447' title='bbox 1144 625 1207 651; x_wconf 89' lang='lat' dir='ltr'><strong>licet</strong></span> <span class='ocrx_word' id='word_1_448' title='bbox 1234 624 1376 658; x_wconf 77' lang='lat' dir='ltr'><strong>Scriptura</strong></span> <span class='ocrx_word' id='word_1_449' title='bbox 1403 624 1531 651; x_wconf 71' lang='lat' dir='ltr'><strong>tenebras</strong></span> <span class='ocrx_word' id='word_1_450' title='bbox 1557 622 1631 657; x_wconf 87' lang='lat' dir='ltr'><strong>prius</strong></span> <span class='ocrx_word' id='word_1_451' title='bbox 1669 629 1750 656; x_wconf 80' lang='lat' dir='ltr'><strong>quam</strong></span> 
     </span>
    </p>
   </div>
   <div class='ocr_carea' id='block_1_59' title="bbox 967 667 1752 704">
    <p class='ocr_par' dir='ltr' id='par_1_59' title="bbox 967 667 1752 704">
     <span class='ocr_line' id='line_1_59' title="bbox 967 667 1752 704; baseline -0.005 -7"><span class='ocrx_word' id='word_1_452' title='bbox 967 671 1054 697; x_wconf 89' lang='lat' dir='ltr'><strong>lucem</strong></span> <span class='ocrx_word' id='word_1_453' title='bbox 1074 673 1278 702; x_wconf 89' lang='lat' dir='ltr'><strong>commemoret,</strong></span> <span class='ocrx_word' id='word_1_454' title='bbox 1296 676 1410 704; x_wconf 79' lang='lat' dir='ltr'><strong>qtueque</strong></span> <span class='ocrx_word' id='word_1_455' title='bbox 1425 669 1458 696; x_wconf 93' lang='lat' dir='ltr'><strong>de</strong></span> <span class='ocrx_word' id='word_1_456' title='bbox 1470 669 1639 695; x_wconf 80' lang='lat' dir='ltr'><strong>ﬁrmamento</strong></span> <span class='ocrx_word' id='word_1_457' title='bbox 1655 667 1752 702; x_wconf 89' lang='lat' dir='ltr'><strong>proba-</strong></span> 
     </span>
    </p>
   </div>
   <div class='ocr_carea' id='block_1_60' title="bbox 967 713 1752 749">
    <p class='ocr_par' dir='ltr' id='par_1_60' title="bbox 967 713 1752 749">
     <span class='ocr_line' id='line_1_60' title="bbox 967 713 1752 749; baseline -0.006 -7"><span class='ocrx_word' id='word_1_458' title='bbox 967 715 1058 743; x_wconf 89' lang='lat' dir='ltr'><strong>biliter</strong></span> <span class='ocrx_word' id='word_1_459' title='bbox 1079 715 1230 746; x_wconf 82' lang='lat' dir='ltr'><strong>attulimus,</strong></span> <span class='ocrx_word' id='word_1_460' title='bbox 1250 718 1277 741; x_wconf 91' lang='lat' dir='ltr'><strong>et</strong></span> <span class='ocrx_word' id='word_1_461' title='bbox 1297 715 1331 741; x_wconf 89' lang='lat' dir='ltr'><strong>de</strong></span> <span class='ocrx_word' id='word_1_462' title='bbox 1349 721 1480 749; x_wconf 87' lang='lat' dir='ltr'><strong>aquarum</strong></span> <span class='ocrx_word' id='word_1_463' title='bbox 1508 713 1668 745; x_wconf 78' lang='lat' dir='ltr'><strong>diﬂ&#39;erentia,</strong></span> <span class='ocrx_word' id='word_1_464' title='bbox 1693 719 1752 746; x_wconf 77' lang='lat' dir='ltr'><strong>qua:</strong></span> 
     </span>
    </p>
   </div>
   <div class='ocr_carea' id='block_1_61' title="bbox 968 758 1752 793">
    <p class='ocr_par' dir='ltr' id='par_1_61' title="bbox 968 758 1752 793">
     <span class='ocr_line' id='line_1_61' title="bbox 968 758 1752 793; baseline -0.008 -5"><span class='ocrx_word' id='word_1_465' title='bbox 968 762 1028 789; x_wconf 84' lang='lat' dir='ltr'><strong>illas</strong></span> <span class='ocrx_word' id='word_1_466' title='bbox 1052 761 1171 788; x_wconf 84' lang='lat' dir='ltr'><strong>nominis</strong></span> <span class='ocrx_word' id='word_1_467' title='bbox 1196 759 1389 787; x_wconf 84' lang='lat' dir='ltr'><strong>communione</strong></span> <span class='ocrx_word' id='word_1_468' title='bbox 1413 759 1573 793; x_wconf 84' lang='lat' dir='ltr'><strong>conjunctas</strong></span> <span class='ocrx_word' id='word_1_469' title='bbox 1593 758 1620 784; x_wconf 90' lang='lat' dir='ltr'><strong>in</strong></span> <span class='ocrx_word' id='word_1_470' title='bbox 1644 764 1752 792; x_wconf 70' lang='lat' dir='ltr'><strong>gravem</strong></span> 
     </span>
    </p>
   </div>
   <div class='ocr_carea' id='block_1_62' title="bbox 968 803 1751 841">
    <p class='ocr_par' dir='ltr' id='par_1_62' title="bbox 968 803 1751 841">
     <span class='ocr_line' id='line_1_62' title="bbox 968 803 1751 841; baseline -0.006 -8"><span class='ocrx_word' id='word_1_471' title='bbox 968 807 1111 841; x_wconf 85' lang='lat' dir='ltr'><strong>levemque</strong></span> <span class='ocrx_word' id='word_1_472' title='bbox 1135 806 1270 837; x_wconf 84' lang='lat' dir='ltr'><strong>dividens,</strong></span> <span class='ocrx_word' id='word_1_473' title='bbox 1292 805 1415 832; x_wconf 85' lang='lat' dir='ltr'><strong>diversas</strong></span> <span class='ocrx_word' id='word_1_474' title='bbox 1440 805 1473 831; x_wconf 88' lang='lat' dir='ltr'><strong>de</strong></span> <span class='ocrx_word' id='word_1_475' title='bbox 1498 808 1612 838; x_wconf 87' lang='lat' dir='ltr'><strong>utraque</strong></span> <span class='ocrx_word' id='word_1_476' title='bbox 1633 803 1751 837; x_wconf 85' lang='lat' dir='ltr'><strong>ipsarum</strong></span> 
     </span>
    </p>
   </div>
   <div class='ocr_carea' id='block_1_63' title="bbox 969 848 1754 887">
    <p class='ocr_par' dir='ltr' id='par_1_63' title="bbox 969 848 1754 887">
     <span class='ocr_line' id='line_1_63' title="bbox 969 848 1754 887; baseline -0.008 -8"><span class='ocrx_word' id='word_1_477' title='bbox 969 852 1112 887; x_wconf 83' lang='lat' dir='ltr'><strong>opiniones</strong></span> <span class='ocrx_word' id='word_1_478' title='bbox 1136 850 1234 884; x_wconf 74' lang='lat' dir='ltr'><strong>affert;</strong></span> <span class='ocrx_word' id='word_1_479' title='bbox 1263 850 1320 877; x_wconf 66' lang='lat' dir='ltr'><strong>haec</strong></span> <span class='ocrx_word' id='word_1_480' title='bbox 1347 853 1374 876; x_wconf 91' lang='lat' dir='ltr'><strong>et</strong></span> <span class='ocrx_word' id='word_1_481' title='bbox 1396 849 1439 876; x_wconf 93' lang='lat' dir='ltr'><strong>his</strong></span> <span class='ocrx_word' id='word_1_482' title='bbox 1465 848 1564 876; x_wconf 76' lang='lat' dir='ltr'><strong>similia</strong></span> <span class='ocrx_word' id='word_1_483' title='bbox 1591 851 1654 875; x_wconf 89' lang='lat' dir='ltr'><strong>sunt</strong></span> <span class='ocrx_word' id='word_1_484' title='bbox 1671 857 1677 874; x_wconf 89' lang='lat'>:</span> <span class='ocrx_word' id='word_1_485' title='bbox 1694 855 1754 881; x_wconf 69' lang='lat' dir='ltr'><strong>qua:</strong></span> 
     </span>
    </p>
   </div>
   <div class='ocr_carea' id='block_1_64' title="bbox 968 892 1754 927">
    <p class='ocr_par' dir='ltr' id='par_1_64' title="bbox 968 892 1754 927">
     <span class='ocr_line' id='line_1_64' title="bbox 968 892 1754 927; baseline -0.008 -3"><span class='ocrx_word' id='word_1_486' title='bbox 968 900 1060 924; x_wconf 91' lang='lat' dir='ltr'><strong>utrum</strong></span> <span class='ocrx_word' id='word_1_487' title='bbox 1079 899 1152 923; x_wconf 86' lang='lat' dir='ltr'><strong>recta</strong></span> <span class='ocrx_word' id='word_1_488' title='bbox 1171 899 1197 923; x_wconf 89' lang='lat' dir='ltr'><strong>et</strong></span> <span class='ocrx_word' id='word_1_489' title='bbox 1219 894 1410 922; x_wconf 83' lang='lat' dir='ltr'><strong>convenientia</strong></span> <span class='ocrx_word' id='word_1_490' title='bbox 1427 894 1493 926; x_wconf 83' lang='lat' dir='ltr'><strong>sint,</strong></span> <span class='ocrx_word' id='word_1_491' title='bbox 1510 893 1614 927; x_wconf 87' lang='lat' dir='ltr'><strong>judicet</strong></span> <span class='ocrx_word' id='word_1_492' title='bbox 1635 892 1754 927; x_wconf 78' lang='lat' dir='ltr'><strong>prudens</strong></span> 
     </span>
    </p>
   </div>
   <div class='ocr_carea' id='block_1_65' title="bbox 969 940 1753 975">
    <p class='ocr_par' dir='ltr' id='par_1_65' title="bbox 969 940 1753 975">
     <span class='ocr_line' id='line_1_65' title="bbox 969 940 1753 975; baseline -0.008 -6"><span class='ocrx_word' id='word_1_493' title='bbox 969 943 1086 969; x_wconf 87' lang='lat' dir='ltr'><strong>auditor.</strong></span> <span class='ocrx_word' id='word_1_494' title='bbox 1104 941 1286 975; x_wconf 81' lang='lat' dir='ltr'><strong>Posteaquam</strong></span> <span class='ocrx_word' id='word_1_495' title='bbox 1305 940 1397 975; x_wconf 81' lang='lat' dir='ltr'><strong>igitur,</strong></span> <span class='ocrx_word' id='word_1_496' title='bbox 1416 947 1477 974; x_wconf 74' lang='lat' dir='ltr'><strong>quae</strong></span> <span class='ocrx_word' id='word_1_497' title='bbox 1492 943 1642 966; x_wconf 88' lang='lat' dir='ltr'><strong>cernuntur</strong></span> <span class='ocrx_word' id='word_1_498' title='bbox 1665 945 1753 972; x_wconf 74' lang='lat' dir='ltr'><strong>aquae,</strong></span> 
     </span>
    </p>
   </div>
   <div class='ocr_carea' id='block_1_66' title="bbox 968 983 1755 1022">
    <p class='ocr_par' dir='ltr' id='par_1_66' title="bbox 968 983 1755 1022">
     <span class='ocr_line' id='line_1_66' title="bbox 968 983 1755 1022; baseline -0.01 -7"><span class='ocrx_word' id='word_1_499' title='bbox 968 988 1002 1015; x_wconf 91' lang='lat' dir='ltr'><strong>ab</strong></span> <span class='ocrx_word' id='word_1_500' title='bbox 1018 987 1071 1014; x_wconf 89' lang='lat' dir='ltr'><strong>illis</strong></span> <span class='ocrx_word' id='word_1_501' title='bbox 1089 995 1149 1022; x_wconf 69' lang='lat' dir='ltr'><strong>quae</strong></span> <span class='ocrx_word' id='word_1_502' title='bbox 1168 987 1368 1021; x_wconf 75' lang='lat' dir='ltr'><strong>intelliguntur,</strong></span> <span class='ocrx_word' id='word_1_503' title='bbox 1390 988 1501 1012; x_wconf 63' lang='grc' dir='ltr'>δοκι-εισι</span> <span class='ocrx_word' id='word_1_504' title='bbox 1518 988 1581 1011; x_wconf 90' lang='lat' dir='ltr'><strong>sunt</strong></span> <span class='ocrx_word' id='word_1_505' title='bbox 1597 1004 1604 1015; x_wconf 84' lang='lat'><strong>,</strong></span> <span class='ocrx_word' id='word_1_506' title='bbox 1622 983 1755 1010; x_wconf 84' lang='lat' dir='ltr'><strong>medimn-</strong></span> 
     </span>
    </p>
   </div>
   <div class='ocr_carea' id='block_1_67' title="bbox 968 1027 1754 1067">
    <p class='ocr_par' dir='ltr' id='par_1_67' title="bbox 968 1027 1754 1067">
     <span class='ocr_line' id='line_1_67' title="bbox 968 1027 1754 1067; baseline -0.01 -7"><span class='ocrx_word' id='word_1_507' title='bbox 968 1041 1020 1067; x_wconf 83' lang='lat' dir='ltr'><strong>que</strong></span> <span class='ocrx_word' id='word_1_508' title='bbox 1048 1034 1119 1060; x_wconf 86' lang='lat' dir='ltr'><strong>inter</strong></span> <span class='ocrx_word' id='word_1_509' title='bbox 1145 1032 1280 1067; x_wconf 78' lang='lat' dir='ltr'><strong>duplicem</strong></span> <span class='ocrx_word' id='word_1_510' title='bbox 1303 1038 1435 1066; x_wconf 82' lang='lat' dir='ltr'><strong>aquarum</strong></span> <span class='ocrx_word' id='word_1_511' title='bbox 1463 1034 1587 1056; x_wconf 85' lang='lat' dir='ltr'><strong>naturam</strong></span> <span class='ocrx_word' id='word_1_512' title='bbox 1609 1027 1754 1055; x_wconf 79' lang='lat' dir='ltr'><strong>conﬁnium</strong></span> 
     </span>
    </p>
   </div>
   <div class='ocr_carea' id='block_1_68' title="bbox 968 1075 1755 1113">
    <p class='ocr_par' dir='ltr' id='par_1_68' title="bbox 968 1075 1755 1113">
     <span class='ocr_line' id='line_1_68' title="bbox 968 1075 1755 1113; baseline -0.009 -8"><span class='ocrx_word' id='word_1_513' title='bbox 968 1079 1142 1113; x_wconf 79' lang='lat' dir='ltr'><strong>interjeCIum</strong></span> <span class='ocrx_word' id='word_1_514' title='bbox 1156 1082 1197 1105; x_wconf 90' lang='lat' dir='ltr'><strong>est</strong></span> <span class='ocrx_word' id='word_1_515' title='bbox 1209 1077 1319 1107; x_wconf 73' lang='lat' dir='ltr'><strong>omium,</strong></span> <span class='ocrx_word' id='word_1_516' title='bbox 1340 1076 1411 1111; x_wconf 84' lang='lat' dir='ltr'><strong>quod</strong></span> <span class='ocrx_word' id='word_1_517' title='bbox 1427 1075 1507 1103; x_wconf 84' lang='lat' dir='ltr'><strong>simul</strong></span> <span class='ocrx_word' id='word_1_518' title='bbox 1519 1082 1580 1101; x_wconf 90' lang='lat' dir='ltr'><strong>cum</strong></span> <span class='ocrx_word' id='word_1_519' title='bbox 1593 1078 1664 1100; x_wconf 85' lang='lat' dir='ltr'><strong>terra</strong></span> <span class='ocrx_word' id='word_1_520' title='bbox 1675 1076 1755 1106; x_wconf 84' lang='lat' dir='ltr'><strong>atque</strong></span> 
     </span>
    </p>
   </div>
   <div class='ocr_carea' id='block_1_69' title="bbox 968 1118 1754 1156">
    <p class='ocr_par' dir='ltr' id='par_1_69' title="bbox 968 1118 1754 1156">
     <span class='ocr_line' id='line_1_69' title="bbox 968 1118 1754 1156; baseline -0.009 -6"><span class='ocrx_word' id='word_1_521' title='bbox 968 1124 1096 1150; x_wconf 88' lang='lat' dir='ltr'><strong>omnibus</strong></span> <span class='ocrx_word' id='word_1_522' title='bbox 1110 1123 1155 1155; x_wconf 91' lang='lat' dir='ltr'><strong>iis,</strong></span> <span class='ocrx_word' id='word_1_523' title='bbox 1174 1130 1234 1156; x_wconf 61' lang='lat' dir='ltr'><strong>quae</strong></span> <span class='ocrx_word' id='word_1_524' title='bbox 1252 1121 1284 1148; x_wconf 90' lang='lat' dir='ltr'><strong>ad</strong></span> <span class='ocrx_word' id='word_1_525' title='bbox 1307 1120 1401 1148; x_wconf 82' lang='lat' dir='ltr'><strong>mundi</strong></span> <span class='ocrx_word' id='word_1_526' title='bbox 1417 1119 1640 1146; x_wconf 83' lang='lat' dir='ltr'><strong>constitutionem</strong></span> <span class='ocrx_word' id='word_1_527' title='bbox 1658 1118 1754 1144; x_wconf 82' lang='lat' dir='ltr'><strong>collata</strong></span> 
     </span>
    </p>
   </div>
   <div class='ocr_carea' id='block_1_70' title="bbox 969 1165 1742 1202">
    <p class='ocr_par' dir='ltr' id='par_1_70' title="bbox 969 1165 1742 1202">
     <span class='ocr_line' id='line_1_70' title="bbox 969 1165 1742 1202; baseline -0.008 -7"><span class='ocrx_word' id='word_1_528' title='bbox 969 1172 1044 1199; x_wconf 86' lang='lat' dir='ltr'><strong>sunt,</strong></span> <span class='ocrx_word' id='word_1_529' title='bbox 1061 1169 1087 1194; x_wconf 85' lang='lat' dir='ltr'><strong>ili</strong></span> <span class='ocrx_word' id='word_1_530' title='bbox 1107 1167 1241 1202; x_wconf 77' lang='lat' dir='ltr'><strong>principio</strong></span> <span class='ocrx_word' id='word_1_531' title='bbox 1255 1166 1357 1193; x_wconf 80' lang='lat' dir='ltr'><strong>factum</strong></span> <span class='ocrx_word' id='word_1_532' title='bbox 1374 1173 1434 1193; x_wconf 83' lang='lat' dir='ltr'><strong>esse</strong></span> <span class='ocrx_word' id='word_1_533' title='bbox 1446 1165 1557 1196; x_wconf 87' lang='lat' dir='ltr'><strong>dicitur,</strong></span> <span class='ocrx_word' id='word_1_534' title='bbox 1575 1172 1646 1190; x_wconf 84' lang='lat' dir='ltr'><strong>nunc</strong></span> <span class='ocrx_word' id='word_1_535' title='bbox 1666 1168 1742 1190; x_wconf 74' lang='lat' dir='ltr'><strong>autc&#39;t</strong></span> 
     </span>
    </p>
   </div>
   <div class='ocr_carea' id='block_1_71' title="bbox 970 1209 1743 1249">
    <p class='ocr_par' dir='ltr' id='par_1_71' title="bbox 970 1209 1743 1249">
     <span class='ocr_line' id='line_1_71' title="bbox 970 1209 1743 1249; baseline -0.008 -9"><span class='ocrx_word' id='word_1_536' title='bbox 970 1213 1119 1249; x_wconf 79' lang='lat' dir='ltr'><strong>perfectum</strong></span> <span class='ocrx_word' id='word_1_537' title='bbox 1139 1216 1166 1240; x_wconf 91' lang='lat' dir='ltr'><strong>et</strong></span> <span class='ocrx_word' id='word_1_538' title='bbox 1183 1213 1353 1239; x_wconf 86' lang='lat' dir='ltr'><strong>nominatum</strong></span> <span class='ocrx_word' id='word_1_539' title='bbox 1372 1211 1398 1238; x_wconf 94' lang='lat' dir='ltr'><strong>in</strong></span> <span class='ocrx_word' id='word_1_540' title='bbox 1415 1211 1647 1242; x_wconf 72' lang='lat' dir='ltr'><strong>demonstratione</strong></span> <span class='ocrx_word' id='word_1_541' title='bbox 1666 1209 1743 1235; x_wconf 86' lang='lat' dir='ltr'><strong>lirma</strong></span> 
     </span>
    </p>
   </div>
   <div class='ocr_carea' id='block_1_72' title="bbox 969 1254 1755 1293">
    <p class='ocr_par' dir='ltr' id='par_1_72' title="bbox 969 1254 1755 1293">
     <span class='ocr_line' id='line_1_72' title="bbox 969 1254 1755 1293; baseline -0.004 -8"><span class='ocrx_word' id='word_1_542' title='bbox 969 1259 1063 1290; x_wconf 82' lang='lat' dir='ltr'><strong>tuenti,</strong></span> <span class='ocrx_word' id='word_1_543' title='bbox 1080 1258 1150 1293; x_wconf 89' lang='lat' dir='ltr'><strong>ignis</strong></span> <span class='ocrx_word' id='word_1_544' title='bbox 1167 1258 1269 1284; x_wconf 82' lang='lat' dir='ltr'><strong>ambitu</strong></span> <span class='ocrx_word' id='word_1_545' title='bbox 1290 1257 1408 1289; x_wconf 88' lang='lat' dir='ltr'><strong>dilliniti,</strong></span> <span class='ocrx_word' id='word_1_546' title='bbox 1424 1257 1593 1287; x_wconf 84' lang='lat' dir='ltr'><strong>ostenditur;</strong></span> <span class='ocrx_word' id='word_1_547' title='bbox 1607 1255 1674 1282; x_wconf 85' lang='lat' dir='ltr'><strong>alter</strong></span> <span class='ocrx_word' id='word_1_548' title='bbox 1687 1254 1755 1282; x_wconf 88' lang='lat' dir='ltr'><strong>lucis</strong></span> 
     </span>
    </p>
   </div>
   <div class='ocr_carea' id='block_1_73' title="bbox 969 1300 1754 1336">
    <p class='ocr_par' dir='ltr' id='par_1_73' title="bbox 969 1300 1754 1336">
     <span class='ocr_line' id='line_1_73' title="bbox 969 1300 1754 1336; baseline -0.005 -5"><span class='ocrx_word' id='word_1_549' title='bbox 969 1305 1099 1331; x_wconf 87' lang='lat' dir='ltr'><strong>circuitus</strong></span> <span class='ocrx_word' id='word_1_550' title='bbox 1115 1311 1223 1330; x_wconf 87' lang='lat' dir='ltr'><strong>rursum</strong></span> <span class='ocrx_word' id='word_1_551' title='bbox 1239 1306 1267 1329; x_wconf 90' lang='lat' dir='ltr'><strong>et</strong></span> <span class='ocrx_word' id='word_1_552' title='bbox 1284 1303 1439 1329; x_wconf 75' lang='lat' dir='ltr'><strong>ohscuravit</strong></span> <span class='ocrx_word' id='word_1_553' title='bbox 1455 1301 1481 1328; x_wconf 90' lang='lat' dir='ltr'><strong>id</strong></span> <span class='ocrx_word' id='word_1_554' title='bbox 1500 1301 1572 1336; x_wconf 83' lang='lat' dir='ltr'><strong>quod</strong></span> <span class='ocrx_word' id='word_1_555' title='bbox 1588 1305 1645 1328; x_wconf 83' lang='lat' dir='ltr'><strong>erat</strong></span> <span class='ocrx_word' id='word_1_556' title='bbox 1664 1300 1754 1334; x_wconf 84' lang='lat' dir='ltr'><strong>subje-</strong></span> 
     </span>
    </p>
   </div>
   <div class='ocr_carea' id='block_1_74' title="bbox 968 1347 1758 1382">
    <p class='ocr_par' dir='ltr' id='par_1_74' title="bbox 968 1347 1758 1382">
     <span class='ocr_line' id='line_1_74' title="bbox 968 1347 1758 1382; baseline -0.005 -6"><span class='ocrx_word' id='word_1_557' title='bbox 968 1354 1042 1377; x_wconf 89' lang='lat' dir='ltr'><strong>ctum</strong></span> <span class='ocrx_word' id='word_1_558' title='bbox 1067 1349 1201 1379; x_wconf 76' lang='lat' dir='ltr'><strong>vicissim,</strong></span> <span class='ocrx_word' id='word_1_559' title='bbox 1226 1353 1252 1376; x_wconf 89' lang='lat' dir='ltr'><strong>et</strong></span> <span class='ocrx_word' id='word_1_560' title='bbox 1277 1348 1446 1375; x_wconf 86' lang='lat' dir='ltr'><strong>illustravit:</strong></span> <span class='ocrx_word' id='word_1_561' title='bbox 1465 1347 1547 1382; x_wconf 89' lang='lat' dir='ltr'><strong>idque</strong></span> <span class='ocrx_word' id='word_1_562' title='bbox 1569 1347 1673 1378; x_wconf 78' lang='lat' dir='ltr'><strong>cadent,</strong></span> <span class='ocrx_word' id='word_1_563' title='bbox 1698 1354 1758 1381; x_wconf 73' lang='lat' dir='ltr'><strong>qua:</strong></span> 
     </span>
    </p>
   </div>
   <div class='ocr_carea' id='block_1_75' title="bbox 970 1391 1790 1427">
    <p class='ocr_par' dir='ltr' id='par_1_75' title="bbox 970 1391 1790 1427">
     <span class='ocr_line' id='line_1_75' title="bbox 970 1391 1790 1427; baseline -0.006 -5"><span class='ocrx_word' id='word_1_564' title='bbox 970 1399 1032 1422; x_wconf 86' lang='lat' dir='ltr'><strong>ante</strong></span> <span class='ocrx_word' id='word_1_565' title='bbox 1047 1396 1119 1422; x_wconf 85' lang='lat' dir='ltr'><strong>dicta</strong></span> <span class='ocrx_word' id='word_1_566' title='bbox 1136 1399 1188 1427; x_wconf 90' lang='lat' dir='ltr'><strong>est,</strong></span> <span class='ocrx_word' id='word_1_567' title='bbox 1206 1394 1311 1421; x_wconf 83' lang='lat' dir='ltr'><strong>ratione</strong></span> <span class='ocrx_word' id='word_1_568' title='bbox 1323 1397 1447 1420; x_wconf 88' lang='lat' dir='ltr'><strong>vocatum</strong></span> <span class='ocrx_word' id='word_1_569' title='bbox 1460 1392 1582 1420; x_wconf 35' lang='lat' dir='ltr'><strong>est‘dics.</strong></span> <span class='ocrx_word' id='word_1_570' title='bbox 1599 1391 1758 1419; x_wconf 76' lang='lat' dir='ltr'><strong>Necessario</strong></span> <span class='ocrx_word' id='word_1_571' title='bbox 1788 1396 1790 1398; x_wconf 89' lang='lat'>&#39;</span> 
     </span>
    </p>
   </div>
   <div class='ocr_carea' id='block_1_76' title="bbox 970 1437 1752 1475">
    <p class='ocr_par' dir='ltr' id='par_1_76' title="bbox 970 1437 1752 1475">
     <span class='ocr_line' id='line_1_76' title="bbox 970 1437 1752 1475; baseline -0.006 -7"><span class='ocrx_word' id='word_1_572' title='bbox 970 1447 1058 1468; x_wconf 85' lang='lat' dir='ltr'><strong>autem</strong></span> <span class='ocrx_word' id='word_1_573' title='bbox 1080 1444 1162 1475; x_wconf 84' lang='lat' dir='ltr'><strong>atque</strong></span> <span class='ocrx_word' id='word_1_574' title='bbox 1177 1440 1273 1466; x_wconf 86' lang='lat' dir='ltr'><strong>ordine</strong></span> <span class='ocrx_word' id='word_1_575' title='bbox 1289 1443 1387 1466; x_wconf 90' lang='lat' dir='ltr'><strong>natura</strong></span> <span class='ocrx_word' id='word_1_576' title='bbox 1410 1438 1518 1465; x_wconf 90' lang='lat' dir='ltr'><strong>numeri</strong></span> <span class='ocrx_word' id='word_1_577' title='bbox 1540 1445 1629 1465; x_wconf 90' lang='lat' dir='ltr'><strong>rerum</strong></span> <span class='ocrx_word' id='word_1_578' title='bbox 1646 1437 1752 1464; x_wconf 84' lang='lat' dir='ltr'><strong>univer-</strong></span> 
     </span>
    </p>
   </div>
   <div class='ocr_carea' id='block_1_77' title="bbox 971 1483 1759 1521">
    <p class='ocr_par' dir='ltr' id='par_1_77' title="bbox 971 1483 1759 1521">
     <span class='ocr_line' id='line_1_77' title="bbox 971 1483 1759 1521; baseline -0.006 -8"><span class='ocrx_word' id='word_1_579' title='bbox 971 1487 1078 1514; x_wconf 86' lang='lat' dir='ltr'><strong>sitatem</strong></span> <span class='ocrx_word' id='word_1_580' title='bbox 1101 1487 1225 1521; x_wconf 81' lang='lat' dir='ltr'><strong>ingressa</strong></span> <span class='ocrx_word' id='word_1_581' title='bbox 1240 1489 1291 1513; x_wconf 85' lang='lat' dir='ltr'><strong>est.</strong></span> <span class='ocrx_word' id='word_1_582' title='bbox 1310 1485 1405 1520; x_wconf 80' lang='lat' dir='ltr'><strong>Nequa</strong></span> <span class='ocrx_word' id='word_1_583' title='bbox 1417 1485 1489 1512; x_wconf 90' lang='lat' dir='ltr'><strong>enim</strong></span> <span class='ocrx_word' id='word_1_584' title='bbox 1513 1483 1584 1510; x_wconf 87' lang='lat' dir='ltr'><strong>aliud</strong></span> <span class='ocrx_word' id='word_1_585' title='bbox 1605 1487 1648 1510; x_wconf 87' lang='lat' dir='ltr'><strong>est</strong></span> <span class='ocrx_word' id='word_1_586' title='bbox 1665 1489 1759 1509; x_wconf 87' lang='lat' dir='ltr'><strong>nume-</strong></span> 
     </span>
    </p>
   </div>
   <div class='ocr_carea' id='block_1_78' title="bbox 971 1529 1756 1566">
    <p class='ocr_par' dir='ltr' id='par_1_78' title="bbox 971 1529 1756 1566">
     <span class='ocr_line' id='line_1_78' title="bbox 971 1529 1756 1566; baseline -0.008 -7"><span class='ocrx_word' id='word_1_587' title='bbox 971 1541 1029 1563; x_wconf 81' lang='lat' dir='ltr'><strong>rus.</strong></span> <span class='ocrx_word' id='word_1_588' title='bbox 1059 1532 1112 1560; x_wconf 91' lang='lat' dir='ltr'><strong>nisi</strong></span> <span class='ocrx_word' id='word_1_589' title='bbox 1130 1529 1272 1559; x_wconf 40' lang='lat' dir='ltr'><strong>.unilattun</strong></span> <span class='ocrx_word' id='word_1_590' title='bbox 1296 1531 1469 1566; x_wconf 86' lang='lat' dir='ltr'><strong>compositio.</strong></span> <span class='ocrx_word' id='word_1_591' title='bbox 1501 1529 1637 1564; x_wconf 84' lang='lat' dir='ltr'><strong>Quidquid</strong></span> <span class='ocrx_word' id='word_1_592' title='bbox 1668 1533 1756 1554; x_wconf 86' lang='lat' dir='ltr'><strong>autem</strong></span> 
     </span>
    </p>
   </div>
   <div class='ocr_carea' id='block_1_79' title="bbox 970 1573 1756 1612">
    <p class='ocr_par' dir='ltr' id='par_1_79' title="bbox 970 1573 1756 1612">
     <span class='ocr_line' id='line_1_79' title="bbox 970 1573 1756 1612; baseline -0.006 -8"><span class='ocrx_word' id='word_1_593' title='bbox 970 1577 1101 1612; x_wconf 71' lang='lat' dir='ltr'><strong>praefinita</strong></span> <span class='ocrx_word' id='word_1_594' title='bbox 1134 1577 1225 1612; x_wconf 89' lang='lat' dir='ltr'><strong>aliqua</strong></span> <span class='ocrx_word' id='word_1_595' title='bbox 1261 1576 1516 1611; x_wconf 81' lang='lat' dir='ltr'><strong>circumscriptione</strong></span> <span class='ocrx_word' id='word_1_596' title='bbox 1548 1573 1756 1604; x_wconf 85' lang='lat' dir='ltr'><strong>consideratur,</strong></span> 
     </span>
    </p>
   </div>
   <div class='ocr_carea' id='block_1_80' title="bbox 972 1619 1759 1656">
    <p class='ocr_par' dir='ltr' id='par_1_80' title="bbox 972 1619 1759 1656">
     <span class='ocr_line' id='line_1_80' title="bbox 972 1619 1759 1656; baseline -0.005 -7"><span class='ocrx_word' id='word_1_597' title='bbox 972 1630 1054 1649; x_wconf 89' lang='lat' dir='ltr'><strong>unum</strong></span> <span class='ocrx_word' id='word_1_598' title='bbox 1082 1622 1259 1656; x_wconf 76' lang='lat' dir='ltr'><strong>appellamus.</strong></span> <span class='ocrx_word' id='word_1_599' title='bbox 1290 1621 1380 1654; x_wconf 83' lang='lat' dir='ltr'><strong>Quare</strong></span> <span class='ocrx_word' id='word_1_600' title='bbox 1403 1629 1465 1647; x_wconf 91' lang='lat' dir='ltr'><strong>cum</strong></span> <span class='ocrx_word' id='word_1_601' title='bbox 1493 1620 1613 1647; x_wconf 86' lang='lat' dir='ltr'><strong>circulus</strong></span> <span class='ocrx_word' id='word_1_602' title='bbox 1640 1619 1759 1653; x_wconf 84' lang='lat' dir='ltr'><strong>undique</strong></span> 
     </span>
    </p>
   </div>
   <div class='ocr_carea' id='block_1_81' title="bbox 971 1664 1758 1702">
    <p class='ocr_par' dir='ltr' id='par_1_81' title="bbox 971 1664 1758 1702">
     <span class='ocr_line' id='line_1_81' title="bbox 971 1664 1758 1702; baseline -0.006 -8"><span class='ocrx_word' id='word_1_603' title='bbox 971 1667 1109 1702; x_wconf 81' lang='lat' dir='ltr'><strong>perfectus</strong></span> <span class='ocrx_word' id='word_1_604' title='bbox 1131 1667 1158 1693; x_wconf 91' lang='lat' dir='ltr'><strong>in</strong></span> <span class='ocrx_word' id='word_1_605' title='bbox 1187 1674 1216 1694; x_wconf 92' lang='lat' dir='ltr'><strong>se</strong></span> <span class='ocrx_word' id='word_1_606' title='bbox 1241 1670 1434 1702; x_wconf 82' lang='lat' dir='ltr'><strong>cognoscatur,</strong></span> <span class='ocrx_word' id='word_1_607' title='bbox 1462 1670 1536 1693; x_wconf 84' lang='lat' dir='ltr'><strong>recte</strong></span> <span class='ocrx_word' id='word_1_608' title='bbox 1559 1665 1701 1700; x_wconf 87' lang='lat' dir='ltr'><strong>Scriptura</strong></span> <span class='ocrx_word' id='word_1_609' title='bbox 1731 1664 1758 1690; x_wconf 91' lang='lat' dir='ltr'><strong>in</strong></span> 
     </span>
    </p>
   </div>
   <div class='ocr_carea' id='block_1_82' title="bbox 971 1710 1756 1743">
    <p class='ocr_par' dir='ltr' id='par_1_82' title="bbox 971 1710 1756 1743">
     <span class='ocr_line' id='line_1_82' title="bbox 971 1710 1756 1743; baseline -0.005 -3"><span class='ocrx_word' id='word_1_610' title='bbox 971 1713 1080 1740; x_wconf 89' lang='lat' dir='ltr'><strong>nomine</strong></span> <span class='ocrx_word' id='word_1_611' title='bbox 1095 1720 1180 1739; x_wconf 85' lang='lat' dir='ltr'><strong>unum</strong></span> <span class='ocrx_word' id='word_1_612' title='bbox 1201 1712 1296 1739; x_wconf 91' lang='lat' dir='ltr'><strong>circuli</strong></span> <span class='ocrx_word' id='word_1_613' title='bbox 1316 1712 1446 1739; x_wconf 84' lang='lat' dir='ltr'><strong>ambitum</strong></span> <span class='ocrx_word' id='word_1_614' title='bbox 1467 1711 1619 1743; x_wconf 82' lang='lat' dir='ltr'><strong>constituit,</strong></span> <span class='ocrx_word' id='word_1_615' title='bbox 1638 1710 1733 1737; x_wconf 86' lang='lat' dir='ltr'><strong>dicens</strong></span> <span class='ocrx_word' id='word_1_616' title='bbox 1750 1719 1756 1736; x_wconf 96' lang='lat'>:</span> 
     </span>
    </p>
   </div>
   <div class='ocr_carea' id='block_1_83' title="bbox 974 1755 1758 1792">
    <p class='ocr_par' dir='ltr' id='par_1_83' title="bbox 974 1755 1758 1792">
     <span class='ocr_line' id='line_1_83' title="bbox 974 1755 1758 1792; baseline -0.004 -7"><span class='ocrx_word' id='word_1_617' title='bbox 974 1767 984 1784; x_wconf 74' lang='grc' dir='ltr'><strong>ι</strong></span> <span class='ocrx_word' id='word_1_618' title='bbox 1002 1757 1113 1785; x_wconf 82' lang='lat' dir='ltr'><strong>Factum</strong></span> <span class='ocrx_word' id='word_1_619' title='bbox 1140 1761 1182 1785; x_wconf 92' lang='lat' dir='ltr'><strong>est</strong></span> <span class='ocrx_word' id='word_1_620' title='bbox 1208 1765 1329 1792; x_wconf 85' lang='lat' dir='ltr'><strong>vespere,</strong></span> <span class='ocrx_word' id='word_1_621' title='bbox 1354 1761 1381 1784; x_wconf 89' lang='lat' dir='ltr'><strong>et</strong></span> <span class='ocrx_word' id='word_1_622' title='bbox 1408 1756 1509 1783; x_wconf 81' lang='lat' dir='ltr'><strong>factum</strong></span> <span class='ocrx_word' id='word_1_623' title='bbox 1531 1760 1572 1783; x_wconf 89' lang='lat' dir='ltr'><strong>est</strong></span> <span class='ocrx_word' id='word_1_624' title='bbox 1597 1763 1676 1782; x_wconf 85' lang='lat' dir='ltr'><strong>mane</strong></span> <span class='ocrx_word' id='word_1_625' title='bbox 1699 1755 1758 1782; x_wconf 83' lang='lat' dir='ltr'><strong>dies</strong></span> 
     </span>
    </p>
   </div>
   <div class='ocr_carea' id='block_1_84' title="bbox 973 1801 1757 1835">
    <p class='ocr_par' dir='ltr' id='par_1_84' title="bbox 973 1801 1757 1835">
     <span class='ocr_line' id='line_1_84' title="bbox 973 1801 1757 1835; baseline -0.005 -5"><span class='ocrx_word' id='word_1_626' title='bbox 973 1811 1054 1835; x_wconf 86' lang='lat' dir='ltr'><strong>unus,</strong></span> <span class='ocrx_word' id='word_1_627' title='bbox 1073 1813 1082 1829; x_wconf 74' lang='grc' dir='ltr'><strong>ι</strong></span> <span class='ocrx_word' id='word_1_628' title='bbox 1100 1807 1127 1830; x_wconf 82' lang='lat' dir='ltr'><strong>et</strong></span> <span class='ocrx_word' id='word_1_629' title='bbox 1143 1811 1252 1830; x_wconf 87' lang='lat' dir='ltr'><strong>rursum</strong></span> <span class='ocrx_word' id='word_1_630' title='bbox 1269 1803 1385 1830; x_wconf 86' lang='lat' dir='ltr'><strong>alterum</strong></span> <span class='ocrx_word' id='word_1_631' title='bbox 1399 1802 1530 1828; x_wconf 83' lang='lat' dir='ltr'><strong>ambitum</strong></span> <span class='ocrx_word' id='word_1_632' title='bbox 1553 1801 1646 1828; x_wconf 88' lang='lat' dir='ltr'><strong>itidem</strong></span> <span class='ocrx_word' id='word_1_633' title='bbox 1661 1808 1757 1827; x_wconf 90' lang='lat' dir='ltr'><strong>unum.</strong></span> 
     </span>
    </p>
   </div>
   <div class='ocr_carea' id='block_1_85' title="bbox 972 1845 1758 1882">
    <p class='ocr_par' dir='ltr' id='par_1_85' title="bbox 972 1845 1758 1882">
     <span class='ocr_line' id='line_1_85' title="bbox 972 1845 1758 1882; baseline -0.003 -8"><span class='ocrx_word' id='word_1_634' title='bbox 972 1846 1123 1882; x_wconf 80' lang='lat' dir='ltr'><strong>Utriusque</strong></span> <span class='ocrx_word' id='word_1_635' title='bbox 1141 1855 1206 1874; x_wconf 89' lang='lat' dir='ltr'><strong>vero</strong></span> <span class='ocrx_word' id='word_1_636' title='bbox 1222 1847 1385 1881; x_wconf 86' lang='lat' dir='ltr'><strong>compositio</strong></span> <span class='ocrx_word' id='word_1_637' title='bbox 1403 1845 1457 1872; x_wconf 88' lang='lat' dir='ltr'><strong>duo</strong></span> <span class='ocrx_word' id='word_1_638' title='bbox 1478 1846 1603 1873; x_wconf 82' lang='lat' dir='ltr'><strong>reddidit.</strong></span> <span class='ocrx_word' id='word_1_639' title='bbox 1622 1846 1707 1879; x_wconf 84' lang='lat' dir='ltr'><strong>Atque</strong></span> <span class='ocrx_word' id='word_1_640' title='bbox 1722 1845 1758 1872; x_wconf 85' lang='lat' dir='ltr'><strong>ita</strong></span> 
     </span>
    </p>
   </div>
   <div class='ocr_carea' id='block_1_86' title="bbox 975 1891 1758 1927">
    <p class='ocr_par' dir='ltr' id='par_1_86' title="bbox 975 1891 1758 1927">
     <span class='ocr_line' id='line_1_86' title="bbox 975 1891 1758 1927; baseline -0.003 -8"><span class='ocrx_word' id='word_1_641' title='bbox 975 1892 1115 1927; x_wconf 82' lang='lat' dir='ltr'><strong>Scriptura</strong></span> <span class='ocrx_word' id='word_1_642' title='bbox 1127 1893 1235 1920; x_wconf 91' lang='lat' dir='ltr'><strong>numeri</strong></span> <span class='ocrx_word' id='word_1_643' title='bbox 1246 1896 1372 1919; x_wconf 86' lang='lat' dir='ltr'><strong>naturam</strong></span> <span class='ocrx_word' id='word_1_644' title='bbox 1384 1891 1476 1919; x_wconf 91' lang='lat' dir='ltr'><strong>mundi</strong></span> <span class='ocrx_word' id='word_1_645' title='bbox 1490 1891 1612 1926; x_wconf 86' lang='lat' dir='ltr'><strong>partibus</strong></span> <span class='ocrx_word' id='word_1_646' title='bbox 1624 1891 1758 1926; x_wconf 80' lang='lat' dir='ltr'><strong>adjunxit,</strong></span> 
     </span>
    </p>
   </div>
   <div class='ocr_carea' id='block_1_87' title="bbox 975 1937 1759 1973">
    <p class='ocr_par' dir='ltr' id='par_1_87' title="bbox 975 1937 1759 1973">
     <span class='ocr_line' id='line_1_87' title="bbox 975 1937 1759 1973; baseline -0.003 -7"><span class='ocrx_word' id='word_1_647' title='bbox 975 1939 1080 1966; x_wconf 90' lang='lat' dir='ltr'><strong>ordinis</strong></span> <span class='ocrx_word' id='word_1_648' title='bbox 1105 1939 1329 1973; x_wconf 87' lang='lat' dir='ltr'><strong>consequentiam</strong></span> <span class='ocrx_word' id='word_1_649' title='bbox 1349 1938 1506 1966; x_wconf 89' lang='lat' dir='ltr'><strong>nominibus</strong></span> <span class='ocrx_word' id='word_1_650' title='bbox 1529 1938 1634 1965; x_wconf 88' lang='lat' dir='ltr'><strong>muneri</strong></span> <span class='ocrx_word' id='word_1_651' title='bbox 1655 1937 1759 1972; x_wconf 82' lang='lat' dir='ltr'><strong>signiti-</strong></span> 
     </span>
    </p>
   </div>
   <div class='ocr_carea' id='block_1_88' title="bbox 975 1983 1759 2025">
    <p class='ocr_par' dir='ltr' id='par_1_88' title="bbox 975 1983 1759 2025">
     <span class='ocr_line' id='line_1_88' title="bbox 975 1983 1759 2025; baseline -0.003 -13"><span class='ocrx_word' id='word_1_652' title='bbox 975 1993 1051 2012; x_wconf 87' lang='lat' dir='ltr'><strong>cans.</strong></span> <span class='ocrx_word' id='word_1_653' title='bbox 1072 1995 1081 2011; x_wconf 76' lang='grc' dir='ltr'><strong>ε</strong></span> <span class='ocrx_word' id='word_1_654' title='bbox 1101 1984 1213 2012; x_wconf 83' lang='lat' dir='ltr'><strong>Factum</strong></span> <span class='ocrx_word' id='word_1_655' title='bbox 1236 1984 1408 2025; x_wconf 36' lang='lat' dir='ltr'><strong>estn‘enim,</strong></span> <span class='ocrx_word' id='word_1_656' title='bbox 1435 1983 1539 2019; x_wconf 78' lang='lat' dir='ltr'><strong>inquit,</strong></span> <span class='ocrx_word' id='word_1_657' title='bbox 1564 1991 1707 2019; x_wconf 63' lang='lat' dir='ltr'><strong>«vespere,</strong></span> <span class='ocrx_word' id='word_1_658' title='bbox 1732 1987 1759 2011; x_wconf 87' lang='lat' dir='ltr'><strong>ct</strong></span> 
     </span>
    </p>
   </div>
   <div class='ocr_carea' id='block_1_89' title="bbox 976 2030 1487 2060">
    <p class='ocr_par' dir='ltr' id='par_1_89' title="bbox 976 2030 1487 2060">
     <span class='ocr_line' id='line_1_89' title="bbox 976 2030 1487 2060; baseline -0.004 -2"><span class='ocrx_word' id='word_1_659' title='bbox 976 2030 1077 2058; x_wconf 77' lang='lat' dir='ltr'><strong>factum</strong></span> <span class='ocrx_word' id='word_1_660' title='bbox 1093 2034 1135 2058; x_wconf 90' lang='lat' dir='ltr'><strong>est</strong></span> <span class='ocrx_word' id='word_1_661' title='bbox 1151 2038 1230 2058; x_wconf 87' lang='lat' dir='ltr'><strong>mane</strong></span> <span class='ocrx_word' id='word_1_662' title='bbox 1244 2030 1302 2058; x_wconf 84' lang='lat' dir='ltr'><strong>dies</strong></span> <span class='ocrx_word' id='word_1_663' title='bbox 1313 2030 1459 2060; x_wconf 85' lang='lat' dir='ltr'><strong>secundus.</strong></span> <span class='ocrx_word' id='word_1_664' title='bbox 1478 2039 1487 2056; x_wconf 69' lang='grc' dir='ltr'><strong>ι</strong></span> 
     </span>
    </p>
   </div>
   <div class='ocr_carea' id='block_1_90' title="bbox 182 2160 920 2199">
    <p class='ocr_par' dir='ltr' id='par_1_90' title="bbox 182 2160 920 2198">
     <span class='ocr_line' id='line_1_90' title="bbox 182 2160 920 2198; baseline 0.003 -10"><span class='ocrx_word' id='word_1_665' title='bbox 182 2162 257 2189; x_wconf 70' lang='grc' dir='ltr'>Ἐπεὶ</span> <span class='ocrx_word' id='word_1_666' title='bbox 273 2160 319 2189; x_wconf 82' lang='grc' dir='ltr'><strong>οὖν</strong></span> <span class='ocrx_word' id='word_1_667' title='bbox 343 2162 430 2188; x_wconf 79' lang='grc' dir='ltr'>ταῦτα</span> <span class='ocrx_word' id='word_1_668' title='bbox 462 2162 589 2196; x_wconf 76' lang='grc' dir='ltr'>ἐγένετο,</span> <span class='ocrx_word' id='word_1_669' title='bbox 619 2163 700 2190; x_wconf 77' lang='grc' dir='ltr'>πάλιν</span> <span class='ocrx_word' id='word_1_670' title='bbox 722 2164 738 2198; x_wconf 85' lang='grc' dir='ltr'>ἡ</span> <span class='ocrx_word' id='word_1_671' title='bbox 769 2163 849 2198; x_wconf 79' lang='grc' dir='ltr'>φύσις</span> <span class='ocrx_word' id='word_1_672' title='bbox 868 2164 920 2191; x_wconf 84' lang='grc' dir='ltr'>τῶν</span> 
     </span>
    </p>
   </div>
   <div class='ocr_carea' id='block_1_91' title="bbox 971 2160 1762 2199">
    <p class='ocr_par' dir='ltr' id='par_1_91' title="bbox 1008 2163 1762 2199">
     <span class='ocr_line' id='line_1_91' title="bbox 1008 2163 1762 2199; baseline -0.001 -8"><span class='ocrx_word' id='word_1_673' title='bbox 1008 2164 1076 2191; x_wconf 91' lang='lat' dir='ltr'><strong>Cum</strong></span> <span class='ocrx_word' id='word_1_674' title='bbox 1092 2165 1175 2199; x_wconf 89' lang='lat' dir='ltr'><strong>igitur</strong></span> <span class='ocrx_word' id='word_1_675' title='bbox 1189 2164 1245 2191; x_wconf 55' lang='lat' dir='ltr'><strong>huic</strong></span> <span class='ocrx_word' id='word_1_676' title='bbox 1261 2163 1332 2191; x_wconf 84' lang='lat' dir='ltr'><strong>facta</strong></span> <span class='ocrx_word' id='word_1_677' title='bbox 1350 2167 1454 2195; x_wconf 83' lang='lat' dir='ltr'><strong>essent,</strong></span> <span class='ocrx_word' id='word_1_678' title='bbox 1481 2170 1572 2190; x_wconf 87' lang='lat' dir='ltr'><strong>rerum</strong></span> <span class='ocrx_word' id='word_1_679' title='bbox 1591 2168 1688 2190; x_wconf 87' lang='lat' dir='ltr'><strong>natura</strong></span> <span class='ocrx_word' id='word_1_680' title='bbox 1703 2171 1762 2190; x_wconf 78' lang='lat' dir='ltr'><strong>rur~</strong></span> 
     </span>
    </p>
   </div>
   <div class='ocr_carea' id='block_1_92' title="bbox 140 2207 923 2243">
    <p class='ocr_par' dir='ltr' id='par_1_92' title="bbox 140 2207 923 2243">
     <span class='ocr_line' id='line_1_92' title="bbox 140 2207 923 2243; baseline 0.001 -8"><span class='ocrx_word' id='word_1_681' title='bbox 140 2209 223 2236; x_wconf 81' lang='grc' dir='ltr'>δντων</span> <span class='ocrx_word' id='word_1_682' title='bbox 244 2209 277 2235; x_wconf 81' lang='grc' dir='ltr'>δι’</span> <span class='ocrx_word' id='word_1_683' title='bbox 299 2207 445 2234; x_wconf 83' lang='grc' dir='ltr'>ἀκολούθου</span> <span class='ocrx_word' id='word_1_684' title='bbox 468 2207 611 2243; x_wconf 74' lang='grc' dir='ltr'>βαδίζουσα</span> <span class='ocrx_word' id='word_1_685' title='bbox 623 2229 630 2241; x_wconf 87' lang='grc'><strong>,</strong></span> <span class='ocrx_word' id='word_1_686' title='bbox 646 2210 677 2236; x_wconf 80' lang='grc' dir='ltr'>τὸ</span> <span class='ocrx_word' id='word_1_687' title='bbox 693 2210 852 2243; x_wconf 83' lang='grc' dir='ltr'>ἀναγκαίως</span> <span class='ocrx_word' id='word_1_688' title='bbox 866 2211 923 2241; x_wconf 83' lang='grc' dir='ltr'>τοῖς</span> 
     </span>
    </p>
   </div>
   <div class='ocr_carea' id='block_1_93' title="bbox 140 2253 923 2291">
    <p class='ocr_par' dir='ltr' id='par_1_93' title="bbox 140 2253 923 2291">
     <span class='ocr_line' id='line_1_93' title="bbox 140 2253 923 2291; baseline 0.001 -10"><span class='ocrx_word' id='word_1_689' title='bbox 140 2253 331 2289; x_wconf 81' lang='grc' dir='ltr'>προγεγονόσιν</span> <span class='ocrx_word' id='word_1_690' title='bbox 351 2254 482 2289; x_wconf 81' lang='grc' dir='ltr'>ἑπόμενον</span> <span class='ocrx_word' id='word_1_691' title='bbox 502 2254 677 2289; x_wconf 75' lang='grc' dir='ltr'>ἐξεργάζεται</span> <span class='ocrx_word' id='word_1_692' title='bbox 691 2263 699 2270; x_wconf 66' lang='grc'><strong><em>⁸</em></strong></span> <span class='ocrx_word' id='word_1_693' title='bbox 719 2257 878 2291; x_wconf 81' lang='grc' dir='ltr'>προηγεῖται</span> <span class='ocrx_word' id='word_1_694' title='bbox 895 2255 923 2282; x_wconf 85' lang='grc' dir='ltr'>δὲ</span> 
     </span>
    </p>
   </div>
   <div class='ocr_carea' id='block_1_94' title="bbox 141 2299 923 2336">
    <p class='ocr_par' dir='ltr' id='par_1_94' title="bbox 141 2299 923 2336">
     <span class='ocr_line' id='line_1_94' title="bbox 141 2299 923 2336; baseline 0.001 -10"><span class='ocrx_word' id='word_1_695' title='bbox 141 2300 187 2327; x_wconf 71' lang='grc' dir='ltr'>καὶ</span> <span class='ocrx_word' id='word_1_696' title='bbox 198 2300 291 2326; x_wconf 81' lang='grc' dir='ltr'>τούτου</span> <span class='ocrx_word' id='word_1_697' title='bbox 305 2299 352 2326; x_wconf 77' lang='grc' dir='ltr'>τοῦ</span> <span class='ocrx_word' id='word_1_698' title='bbox 370 2299 450 2335; x_wconf 76' lang='grc' dir='ltr'>ἔργου</span> <span class='ocrx_word' id='word_1_699' title='bbox 471 2299 542 2326; x_wconf 84' lang='grc' dir='ltr'>θεῖον</span> <span class='ocrx_word' id='word_1_700' title='bbox 558 2300 707 2335; x_wconf 68' lang='grc' dir='ltr'>ἐπίταγμα,</span> <span class='ocrx_word' id='word_1_701' title='bbox 726 2301 861 2336; x_wconf 87' lang='grc' dir='ltr'>πανταχοῦ</span> <span class='ocrx_word' id='word_1_702' title='bbox 876 2300 923 2327; x_wconf 74' lang='grc' dir='ltr'>τοῦ</span> 
     </span>
    </p>
   </div>
   <div class='ocr_carea' id='block_1_95' title="bbox 140 2344 923 2382">
    <p class='ocr_par' dir='ltr' id='par_1_95' title="bbox 140 2344 923 2382">
     <span class='ocr_line' id='line_1_95' title="bbox 140 2344 923 2382; baseline 0 -9"><span class='ocrx_word' id='word_1_703' title='bbox 140 2345 278 2376; x_wconf 81' lang='grc' dir='ltr'>Μωῦσέως</span> <span class='ocrx_word' id='word_1_704' title='bbox 291 2344 506 2380; x_wconf 79' lang='grc' dir='ltr'>ἀσφαλιζομένου</span> <span class='ocrx_word' id='word_1_705' title='bbox 526 2345 603 2381; x_wconf 80' lang='grc' dir='ltr'>ἡμῶν</span> <span class='ocrx_word' id='word_1_706' title='bbox 615 2346 664 2381; x_wconf 83' lang='grc' dir='ltr'>τὴν</span> <span class='ocrx_word' id='word_1_707' title='bbox 677 2346 796 2373; x_wconf 86' lang='grc' dir='ltr'>διάνοιαν</span> <span class='ocrx_word' id='word_1_708' title='bbox 809 2346 855 2373; x_wconf 82' lang='grc' dir='ltr'>τοῦ</span> <span class='ocrx_word' id='word_1_709' title='bbox 870 2355 923 2382; x_wconf 83' lang='grc' dir='ltr'><strong>μη-</strong></span> 
     </span>
    </p>
   </div>
   <div class='ocr_carea' id='block_1_96' title="bbox 140 2390 924 2428">
    <p class='ocr_par' dir='ltr' id='par_1_96' title="bbox 140 2390 924 2428">
     <span class='ocr_line' id='line_1_96' title="bbox 140 2390 924 2428; baseline 0 -9"><span class='ocrx_word' id='word_1_710' title='bbox 140 2392 183 2419; x_wconf 83' lang='grc' dir='ltr'>δὲν</span> <span class='ocrx_word' id='word_1_711' title='bbox 195 2391 268 2418; x_wconf 85' lang='grc' dir='ltr'>ἀθεεί</span> <span class='ocrx_word' id='word_1_712' title='bbox 282 2399 307 2417; x_wconf 83' lang='grc' dir='ltr'><strong>τι</strong></span> <span class='ocrx_word' id='word_1_713' title='bbox 321 2391 374 2417; x_wconf 80' lang='grc' dir='ltr'><strong>τῶν</strong></span> <span class='ocrx_word' id='word_1_714' title='bbox 389 2390 471 2418; x_wconf 71' lang='grc' dir='ltr'>ὄντων</span> <span class='ocrx_word' id='word_1_715' title='bbox 485 2391 624 2424; x_wconf 83' lang='grc' dir='ltr'>συστῆναι,</span> <span class='ocrx_word' id='word_1_716' title='bbox 638 2392 675 2423; x_wconf 89' lang='grc' dir='ltr'>ὼς</span> <span class='ocrx_word' id='word_1_717' title='bbox 690 2391 722 2418; x_wconf 85' lang='grc' dir='ltr'>ἂν</span> <span class='ocrx_word' id='word_1_718' title='bbox 736 2392 766 2418; x_wconf 81' lang='grc' dir='ltr'>τὸ</span> <span class='ocrx_word' id='word_1_719' title='bbox 782 2393 845 2428; x_wconf 73' lang='grc' dir='ltr'>περὶ</span> <span class='ocrx_word' id='word_1_720' title='bbox 861 2393 924 2420; x_wconf 81' lang='grc' dir='ltr'>ἐκά-</span> 
     </span>
    </p>
   </div>
   <div class='ocr_carea' id='block_1_97' title="bbox 142 2437 923 2473">
    <p class='ocr_par' dir='ltr' id='par_1_97' title="bbox 142 2437 923 2473">
     <span class='ocr_line' id='line_1_97' title="bbox 142 2437 923 2473; baseline -0.001 -8"><span class='ocrx_word' id='word_1_721' title='bbox 142 2447 204 2465; x_wconf 85' lang='grc' dir='ltr'>στου</span> <span class='ocrx_word' id='word_1_722' title='bbox 220 2438 273 2465; x_wconf 85' lang='grc' dir='ltr'>τῶν</span> <span class='ocrx_word' id='word_1_723' title='bbox 282 2438 440 2472; x_wconf 45' lang='grc' dir='ltr'>’γεγονότων</span> <span class='ocrx_word' id='word_1_724' title='bbox 461 2437 564 2472; x_wconf 78' lang='grc' dir='ltr'>θαῦμα,</span> <span class='ocrx_word' id='word_1_725' title='bbox 580 2438 620 2469; x_wconf 87' lang='grc' dir='ltr'>εἰς</span> <span class='ocrx_word' id='word_1_726' title='bbox 634 2437 680 2463; x_wconf 80' lang='grc' dir='ltr'><strong>τὸν</strong></span> <span class='ocrx_word' id='word_1_727' title='bbox 693 2438 864 2472; x_wconf 86' lang='grc' dir='ltr'>πεποιηκότα</span> <span class='ocrx_word' id='word_1_728' title='bbox 874 2438 923 2473; x_wconf 81' lang='grc' dir='ltr'>τὴν</span> 
     </span>
    </p>
   </div>
   <div class='ocr_carea' id='block_1_98' title="bbox 141 2483 925 2519">
    <p class='ocr_par' dir='ltr' id='par_1_98' title="bbox 141 2483 925 2519">
     <span class='ocr_line' id='line_1_98' title="bbox 141 2483 925 2519; baseline 0 -8"><span class='ocrx_word' id='word_1_729' title='bbox 141 2484 279 2519; x_wconf 76' lang='grc' dir='ltr'>ἀναφορὰν</span> <span class='ocrx_word' id='word_1_730' title='bbox 302 2484 368 2518; x_wconf 80' lang='grc' dir='ltr'>ἔχοι.</span> <span class='ocrx_word' id='word_1_731' title='bbox 385 2483 480 2518; x_wconf 82' lang='grc' dir='ltr'>Πάσης</span> <span class='ocrx_word' id='word_1_732' title='bbox 494 2483 548 2519; x_wconf 88' lang='grc' dir='ltr'><strong>γὰρ</strong></span> <span class='ocrx_word' id='word_1_733' title='bbox 565 2483 616 2518; x_wconf 80' lang='grc' dir='ltr'>τῆς</span> <span class='ocrx_word' id='word_1_734' title='bbox 639 2484 806 2518; x_wconf 79' lang='grc' dir='ltr'>φωτιστικῆς</span> <span class='ocrx_word' id='word_1_735' title='bbox 830 2492 860 2510; x_wconf 88' lang='grc' dir='ltr'><strong>τε</strong></span> <span class='ocrx_word' id='word_1_736' title='bbox 877 2484 925 2511; x_wconf 74' lang='grc' dir='ltr'><strong>κοί)⁴</strong></span> 
     </span>
    </p>
   </div>
   <div class='ocr_carea' id='block_1_99' title="bbox 143 2528 925 2565">
    <p class='ocr_par' dir='ltr' id='par_1_99' title="bbox 143 2528 925 2565">
     <span class='ocr_line' id='line_1_99' title="bbox 143 2528 925 2565; baseline 0 -9"><span class='ocrx_word' id='word_1_737' title='bbox 143 2530 282 2565; x_wconf 80' lang='grc' dir='ltr'>πυρώδους</span> <span class='ocrx_word' id='word_1_738' title='bbox 300 2528 393 2559; x_wconf 79' lang='grc' dir='ltr'>οὑσίας</span> <span class='ocrx_word' id='word_1_739' title='bbox 431 2530 490 2560; x_wconf 85' lang='grc' dir='ltr'>ταῖς</span> <span class='ocrx_word' id='word_1_740' title='bbox 513 2528 592 2560; x_wconf 86' lang='grc' dir='ltr'>ίδίαις</span> <span class='ocrx_word' id='word_1_741' title='bbox 614 2528 736 2564; x_wconf 85' lang='grc' dir='ltr'>ποιότησι</span> <span class='ocrx_word' id='word_1_742' title='bbox 760 2529 814 2556; x_wconf 83' lang='grc' dir='ltr'>τῶν</span> <span class='ocrx_word' id='word_1_743' title='bbox 837 2529 925 2556; x_wconf 75' lang='grc' dir='ltr'>ἄλλων</span> 
     </span>
    </p>
   </div>
   <div class='ocr_carea' id='block_1_100' title="bbox 142 2574 923 2610">
    <p class='ocr_par' dir='ltr' id='par_1_100' title="bbox 142 2574 923 2610">
     <span class='ocr_line' id='line_1_100' title="bbox 142 2574 923 2610; baseline 0 -9"><span class='ocrx_word' id='word_1_744' title='bbox 142 2575 346 2610; x_wconf 80' lang='grc' dir='ltr'>ἁποκριθείσης,</span> <span class='ocrx_word' id='word_1_745' title='bbox 361 2575 377 2610; x_wconf 74' lang='grc' dir='ltr'>ἡ</span> <span class='ocrx_word' id='word_1_746' title='bbox 393 2574 442 2610; x_wconf 83' lang='grc' dir='ltr'>μὲν</span> <span class='ocrx_word' id='word_1_747' title='bbox 455 2574 501 2600; x_wconf 75' lang='grc' dir='ltr'>τοῦ</span> <span class='ocrx_word' id='word_1_748' title='bbox 514 2575 594 2610; x_wconf 84' lang='grc' dir='ltr'>ἀέρος</span> <span class='ocrx_word' id='word_1_749' title='bbox 607 2575 762 2610; x_wconf 79' lang='grc' dir='ltr'>κατασκευὴ</span> <span class='ocrx_word' id='word_1_750' title='bbox 777 2575 923 2606; x_wconf 81' lang='grc' dir='ltr'>σιωπᾶται,</span> 
     </span>
    </p>
   </div>
   <div class='ocr_carea' id='block_1_101' title="bbox 142 2618 923 2656">
    <p class='ocr_par' dir='ltr' id='par_1_101' title="bbox 142 2618 923 2656">
     <span class='ocr_line' id='line_1_101' title="bbox 142 2618 923 2656; baseline 0.001 -10"><span class='ocrx_word' id='word_1_751' title='bbox 142 2619 188 2646; x_wconf 79' lang='grc' dir='ltr'><strong>καί</strong></span> <span class='ocrx_word' id='word_1_752' title='bbox 203 2628 244 2646; x_wconf 77' lang='grc' dir='ltr'><strong>τοι</strong></span> <span class='ocrx_word' id='word_1_753' title='bbox 254 2620 300 2646; x_wconf 74' lang='grc' dir='ltr'>καὶ</span> <span class='ocrx_word' id='word_1_754' title='bbox 310 2619 387 2646; x_wconf 84' lang='grc' dir='ltr'>τοῦτο</span> <span class='ocrx_word' id='word_1_755' title='bbox 401 2621 429 2646; x_wconf 82' lang='grc' dir='ltr'>ὲν</span> <span class='ocrx_word' id='word_1_756' title='bbox 445 2619 582 2656; x_wconf 80' lang='grc' dir='ltr'>δευτέροις</span> <span class='ocrx_word' id='word_1_757' title='bbox 597 2620 670 2653; x_wconf 77' lang='grc' dir='ltr'>εἰκὸς</span> <span class='ocrx_word' id='word_1_758' title='bbox 683 2618 717 2656; x_wconf 82' lang='grc' dir='ltr'><strong>ἧν</strong></span> <span class='ocrx_word' id='word_1_759' title='bbox 733 2620 801 2655; x_wconf 87' lang='grc' dir='ltr'>μετὰ</span> <span class='ocrx_word' id='word_1_760' title='bbox 816 2621 864 2656; x_wconf 79' lang='grc' dir='ltr'>τὴν</span> <span class='ocrx_word' id='word_1_761' title='bbox 877 2620 923 2647; x_wconf 83' lang='grc' dir='ltr'><strong>τοῦ</strong></span> 
     </span>
    </p>
   </div>
   <div class='ocr_carea' id='block_1_102' title="bbox 143 2666 924 2702">
    <p class='ocr_par' dir='ltr' id='par_1_102' title="bbox 143 2666 924 2702">
     <span class='ocr_line' id='line_1_102' title="bbox 143 2666 924 2702; baseline 0.001 -10"><span class='ocrx_word' id='word_1_762' title='bbox 143 2666 227 2701; x_wconf 80' lang='grc' dir='ltr'>πυρὸς</span> <span class='ocrx_word' id='word_1_763' title='bbox 241 2666 393 2702; x_wconf 78' lang='grc' dir='ltr'>ἀναδρομὴν</span> <span class='ocrx_word' id='word_1_764' title='bbox 414 2666 621 2701; x_wconf 78' lang='grc' dir='ltr'>φυσιολογῆσαι-</span> <span class='ocrx_word' id='word_1_765' title='bbox 640 2667 706 2694; x_wconf 83' lang='grc' dir='ltr'>διότι</span> <span class='ocrx_word' id='word_1_766' title='bbox 724 2667 869 2701; x_wconf 81' lang='grc' dir='ltr'>συγγένειά</span> <span class='ocrx_word' id='word_1_767' title='bbox 883 2667 924 2699; x_wconf 86' lang='grc' dir='ltr'><strong>τίς</strong></span> 
     </span>
    </p>
   </div>
   <div class='ocr_carea' id='block_1_103' title="bbox 142 2710 923 2748">
    <p class='ocr_par' dir='ltr' id='par_1_103' title="bbox 142 2710 923 2748">
     <span class='ocr_line' id='line_1_103' title="bbox 142 2710 923 2748; baseline 0.003 -11"><span class='ocrx_word' id='word_1_768' title='bbox 142 2712 214 2738; x_wconf 64' lang='grc' dir='ltr'>ἐστιν</span> <span class='ocrx_word' id='word_1_769' title='bbox 236 2710 311 2746; x_wconf 84' lang='grc' dir='ltr'><strong>αὑτῷ</strong></span> <span class='ocrx_word' id='word_1_770' title='bbox 327 2712 398 2738; x_wconf 80' lang='grc' dir='ltr'>κατὰ</span> <span class='ocrx_word' id='word_1_771' title='bbox 411 2712 440 2738; x_wconf 77' lang='grc' dir='ltr'>τὸ</span> <span class='ocrx_word' id='word_1_772' title='bbox 455 2711 566 2747; x_wconf 75' lang='grc' dir='ltr'>κοῦφον,</span> <span class='ocrx_word' id='word_1_773' title='bbox 581 2712 648 2747; x_wconf 87' lang='grc' dir='ltr'>πρὸς</span> <span class='ocrx_word' id='word_1_774' title='bbox 672 2713 722 2748; x_wconf 82' lang='grc' dir='ltr'>τὴν</span> <span class='ocrx_word' id='word_1_775' title='bbox 743 2712 782 2747; x_wconf 81' lang='grc' dir='ltr'><strong>τῷ</strong></span> <span class='ocrx_word' id='word_1_776' title='bbox 796 2712 863 2748; x_wconf 74' lang='grc' dir='ltr'>πυρὶ</span> <span class='ocrx_word' id='word_1_777' title='bbox 880 2713 923 2739; x_wconf 74' lang='grc' dir='ltr'><strong>ὲν-</strong></span> 
     </span>
    </p>
   </div>
   <div class='ocr_carea' id='block_1_104' title="bbox 141 2756 922 2794">
    <p class='ocr_par' dir='ltr' id='par_1_104' title="bbox 141 2756 922 2794">
     <span class='ocr_line' id='line_1_104' title="bbox 141 2756 922 2794; baseline 0.003 -11"><span class='ocrx_word' id='word_1_778' title='bbox 141 2757 331 2793; x_wconf 77' lang='grc' dir='ltr'>υεωρουμένην</span> <span class='ocrx_word' id='word_1_779' title='bbox 348 2757 520 2793; x_wconf 63' lang='grc' dir='ltr'><strong>κουφότητα.⁵</strong></span> <span class='ocrx_word' id='word_1_780' title='bbox 540 2756 590 2785; x_wconf 82' lang='grc' dir='ltr'><strong>εἷθ’</strong></span> <span class='ocrx_word' id='word_1_781' title='bbox 605 2758 691 2791; x_wconf 82' lang='grc' dir='ltr'>οὑτως</span> <span class='ocrx_word' id='word_1_782' title='bbox 715 2759 779 2794; x_wconf 69' lang='grc' dir='ltr'>περὶ</span> <span class='ocrx_word' id='word_1_783' title='bbox 802 2759 851 2794; x_wconf 87' lang='grc' dir='ltr'>τῆς</span> <span class='ocrx_word' id='word_1_784' title='bbox 873 2759 922 2794; x_wconf 84' lang='grc' dir='ltr'><strong>βα-</strong></span> 
     </span>
    </p>
   </div>
   <div class='ocr_carea' id='block_1_105' title="bbox 140 2803 924 2843">
    <p class='ocr_par' dir='ltr' id='par_1_105' title="bbox 140 2803 924 2843">
     <span class='ocr_line' id='line_1_105' title="bbox 140 2803 924 2843; baseline 0.004 -14"><span class='ocrx_word' id='word_1_785' title='bbox 140 2803 216 2838; x_wconf 69' lang='grc' dir='ltr'>ρείας</span> <span class='ocrx_word' id='word_1_786' title='bbox 236 2803 416 2843; x_wconf 71' lang='grc' dir='ltr'>διηγήσασθαι</span> <span class='ocrx_word' id='word_1_787' title='bbox 439 2804 556 2839; x_wconf 79' lang='grc' dir='ltr'>φύσεως.</span> <span class='ocrx_word' id='word_1_788' title='bbox 583 2805 612 2831; x_wconf 89' lang='lat'><strong>&#39;0</strong></span> <span class='ocrx_word' id='word_1_789' title='bbox 630 2805 657 2831; x_wconf 81' lang='grc' dir='ltr'>δὲ</span> <span class='ocrx_word' id='word_1_790' title='bbox 681 2805 800 2840; x_wconf 80' lang='grc' dir='ltr'>Μωῦσῆς</span> <span class='ocrx_word' id='word_1_791' title='bbox 821 2805 854 2832; x_wconf 82' lang='grc' dir='ltr'>τὰ</span> <span class='ocrx_word' id='word_1_792' title='bbox 876 2805 924 2840; x_wconf 88' lang='grc' dir='ltr'>μὲν</span> 
     </span>
    </p>
   </div>
   <div class='ocr_carea' id='block_1_106' title="bbox 977 2208 1760 2244">
    <p class='ocr_par' dir='ltr' id='par_1_106' title="bbox 977 2208 1760 2244">
     <span class='ocr_line' id='line_1_106' title="bbox 977 2208 1760 2244; baseline 0 -8"><span class='ocrx_word' id='word_1_793' title='bbox 977 2217 1025 2237; x_wconf 85' lang='lat' dir='ltr'><strong>sus</strong></span> <span class='ocrx_word' id='word_1_794' title='bbox 1044 2210 1139 2237; x_wconf 85' lang='lat' dir='ltr'><strong>ordine</strong></span> <span class='ocrx_word' id='word_1_795' title='bbox 1156 2209 1332 2244; x_wconf 77' lang='lat' dir='ltr'><strong>progrediens</strong></span> <span class='ocrx_word' id='word_1_796' title='bbox 1349 2208 1571 2236; x_wconf 83' lang='lat' dir='ltr'><strong>antecedentibus</strong></span> <span class='ocrx_word' id='word_1_797' title='bbox 1589 2216 1760 2243; x_wconf 76' lang='lat' dir='ltr'><strong>consequens</strong></span> 
     </span>
    </p>
   </div>
   <div class='ocr_carea' id='block_1_107' title="bbox 977 2254 1761 2290">
    <p class='ocr_par' dir='ltr' id='par_1_107' title="bbox 977 2254 1761 2290">
     <span class='ocr_line' id='line_1_107' title="bbox 977 2254 1761 2290; baseline -0.003 -7"><span class='ocrx_word' id='word_1_798' title='bbox 977 2255 1082 2283; x_wconf 89' lang='lat' dir='ltr'><strong>addidit</strong></span> <span class='ocrx_word' id='word_1_799' title='bbox 1099 2255 1265 2283; x_wconf 85' lang='lat' dir='ltr'><strong>necessario.</strong></span> <span class='ocrx_word' id='word_1_800' title='bbox 1284 2254 1373 2290; x_wconf 82' lang='lat' dir='ltr'><strong>Atque</strong></span> <span class='ocrx_word' id='word_1_801' title='bbox 1388 2254 1451 2281; x_wconf 86' lang='lat' dir='ltr'><strong>huic</strong></span> <span class='ocrx_word' id='word_1_802' title='bbox 1466 2254 1530 2282; x_wconf 87' lang='lat' dir='ltr'><strong>item</strong></span> <span class='ocrx_word' id='word_1_803' title='bbox 1550 2255 1625 2289; x_wconf 88' lang='lat' dir='ltr'><strong>operi</strong></span> <span class='ocrx_word' id='word_1_804' title='bbox 1640 2254 1761 2281; x_wconf 90' lang='lat' dir='ltr'><strong>divinum</strong></span> 
     </span>
    </p>
   </div>
   <div class='ocr_carea' id='block_1_108' title="bbox 977 2300 1762 2334">
    <p class='ocr_par' dir='ltr' id='par_1_108' title="bbox 977 2300 1762 2334">
     <span class='ocr_line' id='line_1_108' title="bbox 977 2300 1762 2334; baseline -0.001 -5"><span class='ocrx_word' id='word_1_805' title='bbox 977 2302 1134 2329; x_wconf 87' lang='lat' dir='ltr'><strong>mandatum</strong></span> <span class='ocrx_word' id='word_1_806' title='bbox 1162 2301 1257 2332; x_wconf 86' lang='lat' dir='ltr'><strong>anteit,</strong></span> <span class='ocrx_word' id='word_1_807' title='bbox 1289 2301 1395 2328; x_wconf 87' lang='lat' dir='ltr'><strong>animos</strong></span> <span class='ocrx_word' id='word_1_808' title='bbox 1428 2300 1528 2334; x_wconf 89' lang='lat' dir='ltr'><strong>ubique</strong></span> <span class='ocrx_word' id='word_1_809' title='bbox 1554 2302 1665 2328; x_wconf 88' lang='lat' dir='ltr'><strong>nostros</strong></span> <span class='ocrx_word' id='word_1_810' title='bbox 1688 2300 1762 2328; x_wconf 84' lang='lat' dir='ltr'><strong>Moso</strong></span> 
     </span>
    </p>
   </div>
   <div class='ocr_carea' id='block_1_109' title="bbox 977 2345 1760 2381">
    <p class='ocr_par' dir='ltr' id='par_1_109' title="bbox 977 2345 1760 2381">
     <span class='ocr_line' id='line_1_109' title="bbox 977 2345 1760 2381; baseline -0.003 -7"><span class='ocrx_word' id='word_1_811' title='bbox 977 2348 1165 2379; x_wconf 84' lang='lat' dir='ltr'><strong>conlirmante,</strong></span> <span class='ocrx_word' id='word_1_812' title='bbox 1184 2355 1216 2374; x_wconf 84' lang='lat' dir='ltr'><strong>ne</strong></span> <span class='ocrx_word' id='word_1_813' title='bbox 1228 2347 1293 2381; x_wconf 87' lang='lat' dir='ltr'><strong>quid</strong></span> <span class='ocrx_word' id='word_1_814' title='bbox 1312 2347 1371 2374; x_wconf 89' lang='lat' dir='ltr'><strong>sine</strong></span> <span class='ocrx_word' id='word_1_815' title='bbox 1395 2345 1440 2373; x_wconf 91' lang='lat' dir='ltr'><strong>Dei</strong></span> <span class='ocrx_word' id='word_1_816' title='bbox 1456 2349 1522 2373; x_wconf 90' lang='lat' dir='ltr'><strong>nutu</strong></span> <span class='ocrx_word' id='word_1_817' title='bbox 1544 2346 1695 2374; x_wconf 88' lang='lat' dir='ltr'><strong>consistere</strong></span> <span class='ocrx_word' id='word_1_818' title='bbox 1712 2353 1760 2373; x_wconf 74' lang='lat' dir='ltr'><strong>co-</strong></span> 
     </span>
    </p>
   </div>
   <div class='ocr_carea' id='block_1_110' title="bbox 977 2393 1761 2430">
    <p class='ocr_par' dir='ltr' id='par_1_110' title="bbox 977 2393 1761 2430">
     <span class='ocr_line' id='line_1_110' title="bbox 977 2393 1761 2430; baseline -0.003 -9"><span class='ocrx_word' id='word_1_819' title='bbox 977 2394 1104 2430; x_wconf 84' lang='lat' dir='ltr'><strong>gitemus,</strong></span> <span class='ocrx_word' id='word_1_820' title='bbox 1119 2394 1165 2422; x_wconf 90' lang='lat' dir='ltr'><strong>sed</strong></span> <span class='ocrx_word' id='word_1_821' title='bbox 1178 2401 1238 2429; x_wconf 65' lang='lat' dir='ltr'><strong>qum</strong></span> <span class='ocrx_word' id='word_1_822' title='bbox 1250 2394 1364 2429; x_wconf 78' lang='lat' dir='ltr'><strong>singulis</strong></span> <span class='ocrx_word' id='word_1_823' title='bbox 1384 2394 1411 2420; x_wconf 93' lang='lat' dir='ltr'><strong>in</strong></span> <span class='ocrx_word' id='word_1_824' title='bbox 1426 2393 1508 2421; x_wconf 89' lang='lat' dir='ltr'><strong>rebus</strong></span> <span class='ocrx_word' id='word_1_825' title='bbox 1525 2393 1683 2420; x_wconf 86' lang='lat' dir='ltr'><strong>admiranda</strong></span> <span class='ocrx_word' id='word_1_826' title='bbox 1700 2400 1761 2428; x_wconf 87' lang='lat' dir='ltr'><strong>per-</strong></span> 
     </span>
    </p>
   </div>
   <div class='ocr_carea' id='block_1_111' title="bbox 977 2439 1762 2475">
    <p class='ocr_par' dir='ltr' id='par_1_111' title="bbox 977 2439 1762 2475">
     <span class='ocr_line' id='line_1_111' title="bbox 977 2439 1762 2475; baseline -0.004 -6"><span class='ocrx_word' id='word_1_827' title='bbox 977 2441 1118 2475; x_wconf 87' lang='lat' dir='ltr'><strong>spicimus,</strong></span> <span class='ocrx_word' id='word_1_828' title='bbox 1140 2440 1172 2468; x_wconf 89' lang='lat' dir='ltr'><strong>ad</strong></span> <span class='ocrx_word' id='word_1_829' title='bbox 1199 2439 1283 2468; x_wconf 88' lang='lat' dir='ltr'><strong>Deum</strong></span> <span class='ocrx_word' id='word_1_830' title='bbox 1307 2447 1400 2467; x_wconf 91' lang='lat' dir='ltr'><strong>eorum</strong></span> <span class='ocrx_word' id='word_1_831' title='bbox 1422 2440 1544 2474; x_wconf 87' lang='lat' dir='ltr'><strong>opiticem</strong></span> <span class='ocrx_word' id='word_1_832' title='bbox 1570 2444 1762 2474; x_wconf 84' lang='lat' dir='ltr'><strong>auctoremque</strong></span> 
     </span>
    </p>
   </div>
   <div class='ocr_carea' id='block_1_112' title="bbox 977 2484 1761 2520">
    <p class='ocr_par' dir='ltr' id='par_1_112' title="bbox 977 2484 1761 2520">
     <span class='ocr_line' id='line_1_112' title="bbox 977 2484 1761 2520; baseline -0.003 -7"><span class='ocrx_word' id='word_1_833' title='bbox 977 2485 1149 2514; x_wconf 81' lang='lat' dir='ltr'><strong>referamus:</strong></span> <span class='ocrx_word' id='word_1_834' title='bbox 1165 2485 1237 2513; x_wconf 92' lang='lat' dir='ltr'><strong>omni</strong></span> <span class='ocrx_word' id='word_1_835' title='bbox 1260 2492 1323 2520; x_wconf 82' lang='lat' dir='ltr'><strong>ergo</strong></span> <span class='ocrx_word' id='word_1_836' title='bbox 1339 2488 1395 2512; x_wconf 89' lang='lat' dir='ltr'><strong>tum</strong></span> <span class='ocrx_word' id='word_1_837' title='bbox 1415 2484 1515 2517; x_wconf 85' lang='lat' dir='ltr'><strong>lucida,</strong></span> <span class='ocrx_word' id='word_1_838' title='bbox 1534 2489 1589 2512; x_wconf 93' lang='lat' dir='ltr'><strong>tum</strong></span> <span class='ocrx_word' id='word_1_839' title='bbox 1611 2485 1689 2519; x_wconf 78' lang='lat' dir='ltr'><strong>ignea</strong></span> <span class='ocrx_word' id='word_1_840' title='bbox 1711 2491 1761 2511; x_wconf 81' lang='lat' dir='ltr'><strong>na-</strong></span> 
     </span>
    </p>
   </div>
   <div class='ocr_carea' id='block_1_113' title="bbox 977 2530 1762 2566">
    <p class='ocr_par' dir='ltr' id='par_1_113' title="bbox 977 2530 1762 2566">
     <span class='ocr_line' id='line_1_113' title="bbox 977 2530 1762 2566; baseline -0.003 -8"><span class='ocrx_word' id='word_1_841' title='bbox 977 2536 1038 2559; x_wconf 87' lang='lat' dir='ltr'><strong>tura</strong></span> <span class='ocrx_word' id='word_1_842' title='bbox 1056 2531 1174 2566; x_wconf 87' lang='lat' dir='ltr'><strong>propriis</strong></span> <span class='ocrx_word' id='word_1_843' title='bbox 1190 2531 1368 2566; x_wconf 84' lang='lat' dir='ltr'><strong>qualitatibus</strong></span> <span class='ocrx_word' id='word_1_844' title='bbox 1384 2537 1398 2556; x_wconf 88' lang='lat' dir='ltr'><strong>a</strong></span> <span class='ocrx_word' id='word_1_845' title='bbox 1412 2530 1518 2557; x_wconf 67' lang='lat' dir='ltr'><strong>carteris</strong></span> <span class='ocrx_word' id='word_1_846' title='bbox 1533 2530 1666 2564; x_wconf 87' lang='lat' dir='ltr'><strong>sejuncta,</strong></span> <span class='ocrx_word' id='word_1_847' title='bbox 1680 2533 1762 2565; x_wconf 87' lang='lat' dir='ltr'><strong>atque</strong></span> 
     </span>
    </p>
   </div>
   <div class='ocr_carea' id='block_1_114' title="bbox 977 2575 1760 2611">
    <p class='ocr_par' dir='ltr' id='par_1_114' title="bbox 977 2575 1760 2611">
     <span class='ocr_line' id='line_1_114' title="bbox 977 2575 1760 2611; baseline -0.003 -7"><span class='ocrx_word' id='word_1_848' title='bbox 977 2577 1119 2608; x_wconf 82' lang='lat' dir='ltr'><strong>distincta,</strong></span> <span class='ocrx_word' id='word_1_849' title='bbox 1135 2577 1206 2604; x_wconf 84' lang='lat' dir='ltr'><strong>aeris</strong></span> <span class='ocrx_word' id='word_1_850' title='bbox 1230 2575 1389 2603; x_wconf 86' lang='lat' dir='ltr'><strong>constitutio</strong></span> <span class='ocrx_word' id='word_1_851' title='bbox 1410 2576 1517 2603; x_wconf 89' lang='lat' dir='ltr'><strong>silentio</strong></span> <span class='ocrx_word' id='word_1_852' title='bbox 1535 2575 1760 2611; x_wconf 64' lang='lat' dir='ltr'><strong>praetermittitur,</strong></span> 
     </span>
    </p>
   </div>
   <div class='ocr_carea' id='block_1_115' title="bbox 977 2622 1762 2657">
    <p class='ocr_par' dir='ltr' id='par_1_115' title="bbox 977 2622 1762 2657">
     <span class='ocr_line' id='line_1_115' title="bbox 977 2622 1762 2657; baseline -0.001 -7"><span class='ocrx_word' id='word_1_853' title='bbox 977 2630 1038 2651; x_wconf 87' lang='lat' dir='ltr'><strong>cum</strong></span> <span class='ocrx_word' id='word_1_854' title='bbox 1052 2627 1141 2650; x_wconf 84' lang='lat' dir='ltr'><strong>tamen</strong></span> <span class='ocrx_word' id='word_1_855' title='bbox 1156 2622 1260 2650; x_wconf 86' lang='lat' dir='ltr'><strong>ordinis</strong></span> <span class='ocrx_word' id='word_1_856' title='bbox 1275 2622 1345 2649; x_wconf 90' lang='lat' dir='ltr'><strong>ratio</strong></span> <span class='ocrx_word' id='word_1_857' title='bbox 1364 2622 1522 2657; x_wconf 87' lang='lat' dir='ltr'><strong>postularet,</strong></span> <span class='ocrx_word' id='word_1_858' title='bbox 1538 2627 1567 2649; x_wconf 93' lang='lat' dir='ltr'><strong>ut</strong></span> <span class='ocrx_word' id='word_1_859' title='bbox 1580 2623 1642 2657; x_wconf 85' lang='lat' dir='ltr'><strong>igne</strong></span> <span class='ocrx_word' id='word_1_860' title='bbox 1656 2623 1762 2650; x_wconf 58' lang='lat' dir='ltr'><strong>constiv</strong></span> 
     </span>
    </p>
   </div>
   <div class='ocr_carea' id='block_1_116' title="bbox 977 2668 1762 2704">
    <p class='ocr_par' dir='ltr' id='par_1_116' title="bbox 977 2668 1762 2704">
     <span class='ocr_line' id='line_1_116' title="bbox 977 2668 1762 2704; baseline -0.003 -8"><span class='ocrx_word' id='word_1_861' title='bbox 977 2673 1045 2702; x_wconf 90' lang='lat' dir='ltr'><strong>tuto,</strong></span> <span class='ocrx_word' id='word_1_862' title='bbox 1064 2669 1097 2697; x_wconf 86' lang='lat' dir='ltr'><strong>de</strong></span> <span class='ocrx_word' id='word_1_863' title='bbox 1112 2669 1172 2704; x_wconf 92' lang='lat' dir='ltr'><strong>ipso</strong></span> <span class='ocrx_word' id='word_1_864' title='bbox 1188 2676 1250 2696; x_wconf 89' lang='lat' dir='ltr'><strong>aere</strong></span> <span class='ocrx_word' id='word_1_865' title='bbox 1265 2668 1466 2704; x_wconf 84' lang='lat' dir='ltr'><strong>disputaretur;</strong></span> <span class='ocrx_word' id='word_1_866' title='bbox 1484 2668 1540 2703; x_wconf 88' lang='lat' dir='ltr'><strong>qui,</strong></span> <span class='ocrx_word' id='word_1_867' title='bbox 1558 2676 1619 2696; x_wconf 88' lang='lat' dir='ltr'><strong>cum</strong></span> <span class='ocrx_word' id='word_1_868' title='bbox 1637 2668 1703 2695; x_wconf 90' lang='lat' dir='ltr'><strong>levis</strong></span> <span class='ocrx_word' id='word_1_869' title='bbox 1714 2668 1762 2702; x_wconf 85' lang='lat' dir='ltr'><strong>sit,</strong></span> 
     </span>
    </p>
   </div>
   <div class='ocr_carea' id='block_1_117' title="bbox 977 2713 1762 2750">
    <p class='ocr_par' dir='ltr' id='par_1_117' title="bbox 977 2713 1762 2750">
     <span class='ocr_line' id='line_1_117' title="bbox 977 2713 1762 2750; baseline -0.005 -8"><span class='ocrx_word' id='word_1_870' title='bbox 977 2722 1039 2742; x_wconf 90' lang='lat' dir='ltr'><strong>cum</strong></span> <span class='ocrx_word' id='word_1_871' title='bbox 1066 2715 1136 2750; x_wconf 80' lang='lat' dir='ltr'><strong>ignis</strong></span> <span class='ocrx_word' id='word_1_872' title='bbox 1162 2715 1270 2742; x_wconf 82' lang='lat' dir='ltr'><strong>levitate</strong></span> <span class='ocrx_word' id='word_1_873' title='bbox 1281 2715 1427 2750; x_wconf 86' lang='lat' dir='ltr'><strong>quamdam</strong></span> <span class='ocrx_word' id='word_1_874' title='bbox 1453 2714 1533 2742; x_wconf 86' lang='lat' dir='ltr'><strong>habet</strong></span> <span class='ocrx_word' id='word_1_875' title='bbox 1556 2713 1762 2748; x_wconf 78' lang='lat' dir='ltr'><strong>cognationem;</strong></span> 
     </span>
    </p>
   </div>
   <div class='ocr_carea' id='block_1_118' title="bbox 977 2758 1760 2795">
    <p class='ocr_par' dir='ltr' id='par_1_118' title="bbox 977 2758 1760 2795">
     <span class='ocr_line' id='line_1_118' title="bbox 977 2758 1760 2795; baseline -0.005 -8"><span class='ocrx_word' id='word_1_876' title='bbox 977 2760 1075 2788; x_wconf 81' lang='lat' dir='ltr'><strong>deinde</strong></span> <span class='ocrx_word' id='word_1_877' title='bbox 1094 2761 1128 2788; x_wconf 90' lang='lat' dir='ltr'><strong>de</strong></span> <span class='ocrx_word' id='word_1_878' title='bbox 1140 2764 1237 2788; x_wconf 90' lang='lat' dir='ltr'><strong>natura</strong></span> <span class='ocrx_word' id='word_1_879' title='bbox 1257 2760 1332 2795; x_wconf 87' lang='lat' dir='ltr'><strong>gravi</strong></span> <span class='ocrx_word' id='word_1_880' title='bbox 1347 2760 1429 2787; x_wconf 86' lang='lat' dir='ltr'><strong>verba</strong></span> <span class='ocrx_word' id='word_1_881' title='bbox 1445 2759 1552 2787; x_wconf 84' lang='lat' dir='ltr'><strong>ﬁerent.</strong></span> <span class='ocrx_word' id='word_1_882' title='bbox 1568 2758 1656 2785; x_wconf 84' lang='lat' dir='ltr'><strong>Moses</strong></span> <span class='ocrx_word' id='word_1_883' title='bbox 1670 2762 1760 2784; x_wconf 68' lang='lat' dir='ltr'><strong>autem</strong></span> 
     </span>
    </p>
   </div>
   <div class='ocr_carea' id='block_1_119' title="bbox 978 2802 1763 2842">
    <p class='ocr_par' dir='ltr' id='par_1_119' title="bbox 978 2802 1763 2842">
     <span class='ocr_line' id='line_1_119' title="bbox 978 2802 1763 2842; baseline -0.005 -7"><span class='ocrx_word' id='word_1_884' title='bbox 978 2807 1080 2835; x_wconf 85' lang='lat' dir='ltr'><strong>omisso</strong></span> <span class='ocrx_word' id='word_1_885' title='bbox 1093 2814 1156 2835; x_wconf 87' lang='lat' dir='ltr'><strong>aere</strong></span> <span class='ocrx_word' id='word_1_886' title='bbox 1177 2806 1210 2834; x_wconf 91' lang='lat' dir='ltr'><strong>de</strong></span> <span class='ocrx_word' id='word_1_887' title='bbox 1222 2807 1273 2835; x_wconf 83' lang='lat' dir='ltr'><strong>hac</strong></span> <span class='ocrx_word' id='word_1_888' title='bbox 1287 2807 1345 2842; x_wconf 85' lang='lat' dir='ltr'><strong>ipsa</strong></span> <span class='ocrx_word' id='word_1_889' title='bbox 1360 2805 1480 2835; x_wconf 86' lang='lat' dir='ltr'><strong>disserit.</strong></span> <span class='ocrx_word' id='word_1_890' title='bbox 1495 2803 1572 2837; x_wconf 86' lang='lat' dir='ltr'><strong>Quod</strong></span> <span class='ocrx_word' id='word_1_891' title='bbox 1592 2802 1701 2839; x_wconf 88' lang='lat' dir='ltr'><strong>quidem</strong></span> <span class='ocrx_word' id='word_1_892' title='bbox 1717 2802 1763 2832; x_wconf 85' lang='lat' dir='ltr'><strong>ille</strong></span> 
     </span>
    </p>
   </div>
  </div>
