1976 3077
252 97 288 140 s7
881 108 909 136 s.
922 98 1084 140 caecos"
1097 112 1246 143 NYSSENI
1836 126 1869 155 88

250 164 306 184 non
327 156 388 186 ideo
413 158 487 190 facit,
503 159 575 194 quod
594 160 661 188 nlhil
688 162 721 190 ad
744 165 837 192 mundi
860 168 1018 196 constitutio

251 210 311 220 nﬁm
336 210 382 220 ’ΔΙ-
404 204 538 220 οΛηιΙιιΛ-ιι
570 210 615 220 ιιι-ι
633 207 703 220 ...ιι-Α
730 210 852 220 --.μιηωηξ
889 212 906 220 ι.
946 213 952 220 1
996 215 1001 220 .

1076 136 1083 140 .
1097 136 1118 140 -.
1129 136 1246 143 -ν.......
1836 136 1867 155 οδ

1071 196 1072 199 η
1086 173 1149 208 περὶ
1165 175 1265 210 ταύτης
1279 176 1352 210 λέγει
1365 186 1371 192 ·
1388 177 1433 204 τὸν
1451 178 1479 205 δὲ
1494 178 1562 215 ἀέρα
1581 179 1620 215 τῷ
1635 180 1706 217 λόγῳ
1729 183 1867 220 παρίησιν,

250 210 311 229 ncm
335 210 382 230 aer
403 204 552 237 conducat,
569 210 616 233 aut
632 207 704 241 quod
729 210 854 238 seclusus
873 212 908 240 sit
927 213 962 241 ab
977 215 1034 242 ele-

247 252 402 274 mentorum
432 253 583 283 potestate,
624 251 672 279 sed
698 253 762 287 quia
789 254 907 285 fortasse
935 262 1032 286 natura

245 292 322 319 molli
337 300 370 319 ac
384 292 462 322 facile
483 295 589 323 cedenti
606 297 735 332 praeditus
751 306 794 327 res
810 307 904 330 omnes
928 303 955 330 in
973 311 1034 332 sese

245 337 369 372 suscipit,
386 339 550 375 easdemque
569 349 623 376 prae
638 350 668 370 se
685 344 746 376 fert,
764 352 825 372 cum
844 354 894 374 nec
914 348 1032 376 colorem

245 376 397 417 proprium,
420 392 470 412 nec
490 386 613 421 ﬁgurant,
639 396 690 415 nec
707 390 823 424 speciem
849 392 958 426 habeat,
983 394 1030 422 sed

245 427 342 455 alienis
368 433 395 455 et
420 430 568 463 coloribus,
593 436 620 460 et
645 433 738 468 ﬁguris
764 435 935 465 informetur.
962 438 1030 466 Nam

243 476 273 499 et
299 473 369 501 lucis
384 473 488 509 fulgore
511 476 669 510 splendidus
686 479 725 510 ﬁt,
748 483 774 506 et
790 481 962 509 tenebrarum
987 484 1029 510 in-

244 522 367 553 tervcntu
379 520 455 555 niger
471 525 498 548 et
518 521 662 551 obscurus.
678 523 727 551 Per
741 533 770 552 se
785 526 857 553 enim
873 535 922 554 nec
939 528 1030 563 splen-

243 563 325 592 didus
339 573 389 592 nec
411 566 545 594 obscurus
561 571 613 600 est,
639 569 686 596 sed
708 570 780 597 omni
799 571 883 606 ﬁgura
900 574 1029 608 omnique

242 610 364 637 colorum
390 612 480 645 specie
506 613 646 647 imbuitur,
674 619 701 642 et
721 616 753 642 ad
791 617 912 645 omnium
937 626 1027 646 rerum

241 661 309 688 qttas
341 655 455 689 suscipit
496 660 598 685 motum
627 665 656 686 se
689 661 889 688 accommodat.
922 662 1027 691 Etenim

241 698 316 725 nullo
345 699 437 727 labore
463 699 517 727 illis
550 702 679 737 utrinque
713 704 805 736 cedit,
838 711 866 733 et
893 707 956 734 hittc
986 713 1027 735 at-

240 751 294 778 que
329 744 418 776 illinc,
454 749 593 782 utcunque
635 754 817 783 moveantur,
853 753 886 779 ad
930 761 1025 781 earum

241 790 453 824 magnitudinem
485 792 666 822 circumcisus
697 803 767 829 pone
795 798 926 825 succedit.
954 800 1024 832 Quin

240 834 321 861 etiam
358 836 380 863 si
418 836 560 864 httmidum
593 847 626 866 ex
659 841 813 875 amphora,
844 837 1063 880 quodcunqueB

241 879 268 906 in
299 888 330 907 ea
355 880 452 913 fuerit,
481 882 652 916 ell‘undatur,
675 892 722 913 aer
739 890 766 913 et
789 887 904 915 ell‘usum
924 879 1027 924 atnple-

239 925 333 957 ctitttr,
361 930 387 952 et
411 927 483 953 ultro
508 928 535 955 in
558 929 702 957 interiores
719 932 792 958 vasis
819 937 911 966 partes
938 934 1028 969 ingre-

238 968 317 997 diens
344 978 458 998 vacuum
480 979 605 1008 occupat.
635 974 681 1003 His
703 980 730 1003 et
754 977 815 1004 aliis
843 978 1026 1008 innumerabi-

238 1013 310 1042 libus
320 1018 487 1050 argumentis
497 1019 568 1047 aeris
579 1024 676 1047 natura
689 1022 789 1054 mollis,
800 1028 826 1050 et
837 1023 915 1052 facile
926 1025 1026 1053 cedens

236 1061 399 1088 ostenditur.
413 1062 503 1096 Quare
519 1072 581 1092 cum
597 1066 624 1093 in
637 1074 670 1093 eo
685 1072 809 1096 versetur
827 1069 966 1097 hominum
986 1071 1026 1098 vi-

236 1109 273 1136 ta,
286 1113 403 1141 cumque
417 1110 507 1137 onmis
523 1118 607 1146 prope
624 1111 732 1140 vivendi
761 1114 887 1147 facultas,
913 1120 941 1143 et
960 1125 1020 1144 sen-

235 1158 315 1177 suum
333 1153 403 1180 actio
422 1154 448 1180 in
469 1162 532 1182 acre
548 1156 601 1183 vim
621 1165 698 1185 suam
719 1159 860 1193 obtineat;
883 1161 1019 1196 siquidem

234 1204 281 1231 per
299 1197 386 1232 ipsum
399 1200 531 1232 videmus,
558 1203 695 1236 audimus,
725 1205 884 1238 odorantur,
912 1212 939 1235 et
961 1209 1021 1235 ani-

233 1249 304 1269 mam
324 1243 461 1278 ducimus,
475 1247 547 1281 qttod
558 1248 618 1275 vitae
635 1257 734 1278 munus
751 1252 869 1279 maxime
881 1254 1020 1288 proprium

233 1294 264 1314 ac
285 1291 468 1317 necessarium
483 1296 535 1324 est;
550 1293 596 1327 qui
612 1294 684 1321 enim
700 1296 864 1330 respirandi,
890 1298 960 1326 idem
985 1300 1020 1326 si-

232 1333 289 1359 mul
307 1334 369 1362 fecit
383 1336 464 1363 etiam
480 1337 588 1365 vivendi
607 1339 686 1367 ﬁnem
706 1348 712 1366 :
729 1341 832 1369 idcirco
849 1344 1019 1378 sapientissi-

232 1385 293 1406 mus
303 1378 389 1408 Moses
404 1381 479 1409 illum
494 1386 523 1409 ut
537 1389 680 1418 cognatum
695 1386 926 1424 conjunctumque
939 1391 1018 1419 nobis
1030 1396 1032 1407 δ

232 1423 406 1457 elementum.
426 1427 452 1454 in
469 1436 524 1462 quo
541 1430 575 1457 ab
590 1431 648 1465 ipso
661 1433 751 1459 statim
767 1438 829 1461 ortu
849 1437 1016 1469 enutriuntur,

231 1469 312 1496 tacite
332 1473 462 1505 pra-teriit
477 1483 483 1499 :
497 1474 530 1502 ad
547 1476 627 1510 hujus
640 1478 725 1512 partis
740 1479 950 1510 declarationem
970 1492 1014 1511 sa-

231 1515 266 1543 tis
280 1523 342 1544 esse
354 1522 463 1552 putans,
475 1521 594 1548 innatam
607 1522 680 1550 illam
692 1529 773 1560 atque
788 1527 898 1554 insitam
912 1533 1016 1558 natura:

231 1566 332 1590 nostra:
358 1571 418 1591 cum
435 1572 498 1593 aere
525 1568 745 1602 conjunctionem
773 1576 854 1607 atque
879 1573 1014 1603 habitum.

229 1603 296 1637 Quae
324 1615 388 1634 vero
415 1612 442 1635 in
468 1609 526 1644 ipso
543 1613 761 1647 conspiciuntur,
783 1624 815 1644 ea
833 1620 970 1652 quomodo
987 1629 1017 1649 se

229 1649 356 1685 habeant,
375 1653 511 1688 sigillatim
527 1659 710 1692 persequitur.
738 1649 848 1689 Etenim.
868 1671 930 1691 cum
957 1666 1016 1693 dies

228 1698 369 1726 secundus
385 1701 540 1733 transisset,
558 1704 668 1738 sapiens
689 1709 715 1732 ct
742 1708 865 1736 numeris
889 1711 1016 1739 omnibus

227 1741 370 1770 absolutus
382 1751 474 1772 rerum
487 1747 658 1775 conditarum
673 1752 750 1783 ordo,
763 1759 817 1787 quo
831 1761 901 1788 aqua
913 1762 928 1781 a
943 1760 1014 1783 terra

227 1792 352 1822 separata
368 1795 420 1822 est,
440 1791 486 1819 Dei
507 1800 557 1820 vox
579 1795 794 1832 ntandatumque
808 1799 919 1828 dicitur.
945 1801 1014 1830 Vere

225 1834 309 1866 enim,
327 1835 458 1871 quidquid
475 1839 613 1874 sapienter
630 1841 669 1874 ﬁt,
690 1842 737 1870 Dei
756 1845 867 1872 verbum
883 1853 934 1880 est,
959 1857 1012 1877 non

226 1881 416 1912 instrumentis
433 1885 496 1913 ullis
521 1888 662 1916 vocalibus
687 1892 868 1926 enuntiatum,
891 1894 940 1921 sed
968 1896 1012 1929 iis,

226 1929 324 1962 quaein
342 1929 409 1964 ipsis
430 1932 511 1960 rebus
533 1934 651 1962 conditis
679 1936 850 1965 admirabilia
874 1940 1011 1974 videntur,

224 1980 394 2008 expressum.
410 1977 476 2003 Nam
493 1986 553 2005 cum
570 1980 659 2007 adhuc
674 1985 781 2009 terrena
805 1985 923 2016 qualitas
949 1994 1011 2014 cum

225 2021 321 2044 natura
334 2018 446 2046 humida
457 2022 602 2049 commista
615 2028 699 2055 esset,
716 2026 795 2061 cujus
813 2028 865 2055 nisi
885 2037 948 2057 vere
971 2031 1012 2057 di-

223 2062 293 2089 vina:
310 2065 452 2098 potestatis
469 2073 501 2093 ac
515 2068 657 2101 sapientia:
679 2069 741 2104 fuit,
766 2072 809 2099 vel
828 2077 927 2101 terram
945 2083 1011 2110 pro-

223 2108 291 2142 priis
304 2109 481 2143 qualitatibus
498 2111 534 2138 ita
547 2113 673 2147 densare,
693 2120 723 2142 ut
741 2118 869 2146 omnibus
887 2108 955 2154 ejus
974 2122 1012 2149 si-

222 2153 334 2182 milibtts
353 2156 495 2190 particulis
512 2158 538 2185 in
553 2159 670 2187 solidum
696 2162 825 2196 redactis,
847 2172 879 2192 ac
903 2153 1008 2194 Vconsti-
1026 2166 1048 2193 D

221 2200 304 2233 patis,
321 2201 510 2231 humiditatem
531 2205 640 2233 insitam
654 2207 689 2234 ab
706 2207 764 2243 ipsa
781 2210 950 2244 secluderet,
967 2214 1008 2241 vel

220 2251 318 2279 aquam
339 2251 419 2275 terra:
444 2252 569 2279 cavernis
602 2253 748 2281 cohibitam
767 2259 794 2283 et
818 2256 950 2285 inclusam
976 2259 1010 2287 ab

219 2291 280 2325 ejus
295 2293 473 2327 permistione
487 2304 641 2331 secernere,
654 2300 775 2334 atquein
791 2309 874 2329 unttm
893 2311 1007 2339 congre-

219 2346 285 2372 gare
295 2338 306 2365 ?

1087 219 1135 253 οὑχ
1157 219 1194 252 ὡς
1210 220 1293 256 μηδὲν
1315 222 1523 258 συνεισφέροντα
1546 224 1614 259 πρὸς
1635 225 1684 261 τὴν
1700 226 1747 253 τοῦ
1767 228 1867 264 κόσμου

1087 265 1187 296 παντὸς
1200 266 1404 302 συμπλήρωσιν,
1415 268 1474 294 οὐδὲ
1487 268 1525 300 ὡς
1534 269 1750 305 ἀποκεκριμένον
1758 273 1804 308 τῆς
1815 279 1866 301 τῶν

1088 310 1225 345 στοιχείων
1243 312 1400 347 δυνάμεως,
1419 313 1486 340 ἀλλὰ
1506 314 1576 349 τάχα
1590 315 1630 341 ὅτι
1653 316 1692 351 τῷ
1707 317 1821 354 μαλακῷ
1838 328 1866 346 τε

1086 354 1133 381 καὶ
1144 356 1256 391 εύείκτῳ
1268 357 1318 392 τῆς
1331 358 1437 392 φύσεως
1452 359 1567 386 ἑκάστου
1581 360 1636 387 τῶν
1652 361 1736 388 ὄντων
1745 363 1871 400 δεκτικόςμ

1086 400 1158 427 ἐστιν
1178 402 1192 427 ὁ
1208 402 1271 437 ἀὴρ,
1286 403 1314 430 ὲν
1329 404 1417 439 ἑαυτῷ
1432 404 1562 432 δεικνύων
1581 405 1614 433 τά
1627 406 1701 439 ὄντα,
1719 408 1749 434 ού
1769 409 1865 444 χρῶμα

1084 445 1149 472 ίδιον
1163 446 1242 481 ἔχων,
1256 447 1286 474 οὗ
1307 448 1409 484 σχῆμα,
1425 450 1475 476 οὐκ
1487 450 1657 484 ἐπιφάνειαν,
1672 452 1742 479 ἀλλὰ
1753 456 1808 485 τοῖς
1819 455 1865 481 ἀλ-

1083 491 1199 526 λοτρίοις
1224 493 1351 528 χρώμασί
1373 503 1403 521 τε
1421 495 1469 522 καὶ
1493 497 1613 531 σχήμασι
1638 499 1863 534 περιμορφοῦται.

1083 535 1215 570 Λαμπρός
1230 545 1258 562 τε
1273 537 1325 573 γὰρ
1337 538 1440 572 γίνεται
1454 540 1486 574 τῇ
1501 540 1548 566 τοῦ
1561 541 1648 574 φωτὸς
1662 542 1803 577 ἐλλάμψει,
1818 545 1864 572 καὶ

1083 581 1162 607 πάλιν
1176 582 1332 616 μελαίνεται
1348 583 1542 619 σκιαζόμενος·
1560 587 1641 618 αὐτὸς
1656 588 1684 613 δὲ
1698 589 1758 614 καθ’
1770 590 1862 617 ἑαυτὸν

1081 625 1141 652 οὔτε
1153 627 1277 663 λαμπρὸς
1286 628 1348 655 οὔτε
1360 629 1444 664 μέλας
1457 631 1612 658 ὲστί·παντὶ
1626 632 1654 659 δὲ
1661 635 1778 668 σχήματι
1791 643 1862 671 περι-

1081 671 1236 706 φύεται,καὶ
1243 674 1295 700 ὑπὸ
1303 675 1393 710 πάσης
1398 677 1550 711 χρωμάτων
1557 677 1627 709 ἰδέας
1632 680 1861 715 καταχρώννυται,

1081 718 1126 744 καὶ
1138 719 1205 754 πρὸς
1214 720 1303 747 πᾶσαν
1314 720 1419 755 κίνησιν
1427 721 1480 749 τῶν
1489 722 1517 748 ὲν
1527 723 1599 758 αὐτῷ
1607 725 1762 759 φερομένων
1771 727 1862 762 ἐπιτη-

1078 763 1156 795 δείως
1168 764 1233 799 ἔχει.
1243 766 1362 797 Ἀπόνως
1372 775 1401 792 τε
1410 767 1463 802 γὰρ
1470 768 1606 803 ὑποχωρεῖ
1620 769 1688 805 πρὸς
1702 771 1732 796 τὸ
1747 772 1861 806 φερόμε-

1079 817 1122 836 νον
1133 810 1311 845 ἑκατέρωθεν,
1322 812 1368 838 καὶ
1378 812 1537 847 αὐτομάτως
1546 813 1584 849 τῷ
1593 814 1666 850 δγκῳ
1677 815 1723 842 τοῦ
1736 817 1862 852 κινουμέ-

1079 863 1124 880 νου
1145 856 1367 890 περιοχιζόμενος
1383 856 1457 884 ἐνθεν
1473 858 1519 884 καὶ
1538 858 1627 891 ἔνθεν,
1643 860 1684 892 εἰς
1701 861 1731 887 τὸ
1746 862 1860 888 κατόπιν

1079 901 1309 928 ἀντικαθίσταται.
1339 902 1419 928 ’Λλλὰ
1435 903 1481 930 καὶ
1499 904 1528 930 τὸ
1552 905 1633 940 ὑγρὸν
1651 906 1698 932 τοῦ
1713 907 1860 942 ἀμφορέως

1077 947 1239 982 προχέοντος
1250 967 1257 979 ,
1272 948 1313 974 ὅτι
1331 956 1384 984 περ
1397 949 1430 975 ἂν
1449 950 1478 976 ὲν
1498 950 1587 985 ἑαυτῷ
1603 951 1670 986 τύχῃ
1681 971 1688 983 ,
1712 953 1773 978 τότε
1793 961 1859 988 προ-

1076 993 1198 1028 χεομὲνῳ
1222 994 1373 1027 διίσταται,
1399 995 1446 1021 καὶ
1471 996 1672 1032 ἀντεισέρχεται
1699 998 1859 1033 αὐτομάτως

1076 1039 1122 1065 ἐπὶ
1145 1039 1178 1065 τὰ
1209 1040 1283 1071 ἐντὸς
1309 1039 1355 1066 τοῦ
1385 1041 1497 1074 ἀγγείου
1526 1041 1594 1077 πρὸς
1625 1042 1656 1068 τὸ
1679 1043 1856 1078 κενούμενον’

1075 1084 1122 1111 καὶ
1151 1085 1235 1120 μυρία
1258 1084 1369 1111 τοιαῦτα
1395 1085 1426 1111 τὺ
1454 1086 1574 1121 μαλακόν
1602 1095 1632 1113 τε
1658 1087 1706 1114 καὶ
1733 1087 1855 1115 εὕεικτόν

1073 1129 1122 1164 τῆς
1137 1128 1182 1155 τοῦ
1201 1129 1282 1164 ἀέρος
1299 1129 1419 1156 δείκνυσι
1436 1130 1552 1164 φύσεως.
1576 1131 1652 1157 Ἐπεὶ
1664 1128 1711 1157 οὖν
1725 1132 1754 1158 ὲν
1767 1131 1853 1167 τούτῳ

1073 1174 1147 1200 ἐστὶν
1164 1174 1180 1209 ἡ
1196 1174 1249 1200 τῶν
1268 1174 1420 1210 ἀνθρώπων
1435 1174 1506 1210 ζωὴ,
1523 1176 1571 1202 καὶ
1586 1177 1660 1202 πᾶσα
1674 1177 1765 1211 σχεδὸν
1781 1178 1796 1213 ἡ
1809 1178 1856 1204 τοῦ

1073 1219 1121 1254 ζῇν
1137 1220 1261 1255 δύναμις,
1276 1221 1322 1247 καὶ
1336 1222 1352 1256 ή
1370 1221 1424 1247 τῶν
1440 1221 1624 1258 αἰσθητηρίων
1638 1222 1762 1258 ἐνέργεια
1776 1225 1805 1250 ὲν
1818 1224 1856 1260 τῷ

1071 1263 1132 1297 ἀέρι
1147 1263 1196 1297 τὴν
1216 1264 1291 1299 ἰσχὺν
1309 1264 1374 1300 ἔχει’
1392 1265 1525 1300 βλέπομέν
1540 1274 1569 1292 τε
1586 1266 1641 1302 γὰρ
1654 1267 1687 1293 δι’
1704 1268 1786 1294 αὐτοῦ
1809 1269 1854 1295 καὶ

1070 1309 1214 1343 ἀκούομεν,
1234 1310 1280 1336 καὶ
1300 1310 1353 1337 τῶν
1376 1311 1519 1346 ὀσφρητῶν
1535 1312 1584 1347 τὴν
1606 1312 1748 1348 ἀντίληψιν
1765 1313 1854 1341 ὡσαύ-

1069 1363 1122 1386 τως
1143 1356 1177 1382 δι’
1201 1356 1284 1382 αὐτοῦ
1307 1356 1457 1392 ποιούμεθα
1470 1377 1477 1390 ,
1492 1358 1525 1392 τῇ
1547 1357 1595 1384 τοῦ
1620 1358 1773 1393 πνεύματος
1789 1360 1853 1395 ὁλκῇ

1069 1400 1097 1426 τὸ
1106 1401 1272 1437 κυριώτατον
1283 1401 1337 1429 τῶν
1344 1402 1415 1428 κατὰ
1423 1402 1471 1438 τὴν
1482 1403 1552 1439 ζωὴν
1561 1405 1763 1439 ἐνεργουμένων
1770 1405 1852 1432 ἐστίν·

1068 1447 1082 1473 ὁ
1104 1448 1157 1483 γὰρ
1174 1447 1221 1474 τοῦ
1241 1448 1509 1483 ἀνὰ⁶παυσάμενος,
1541 1449 1648 1476 καὶτοῦ
1675 1450 1724 1486 ζῇν
1748 1451 1854 1483 πάντως

1032 1501 1054 1531 C
1071 1493 1217 1520 ὲπαύσατο”
1235 1493 1329 1520 τούτου
1347 1494 1427 1528 χάριν
1441 1495 1455 1521 ὁ
1477 1495 1556 1529 σοφὸς
1573 1495 1689 1530 Μωῡσῆς
1712 1497 1853 1531 ἀφυσιολό-

1069 1548 1152 1575 γητον
1173 1540 1248 1566 εἴασε
1291 1541 1321 1566 τὸ
1348 1540 1494 1575 σύντροφόν
1516 1550 1544 1566 τε
1567 1541 1613 1568 καὶ
1635 1542 1768 1576 ὁμόφυλον
1788 1544 1853 1578 ἡμῖν

1069 1587 1198 1620 στοιχεῖον
1213 1584 1313 1621 ,ᾧᾱπδ
1320 1587 1472 1621 γεννήσεως
1490 1586 1568 1618 εὐθὺς
1585 1587 1770 1623 ὲντρεφόμεϐα
1781 1597 1787 1604 ·
1803 1591 1853 1625 ἀρ-

1067 1630 1168 1657 κοῦσαν
1195 1631 1344 1666 ἡγούμενος
1371 1632 1417 1658 τοῦ
1444 1632 1544 1667 μέρους
1567 1632 1660 1659 τούτου
1683 1633 1849 1666 διδάσκαλον,

1066 1676 1115 1711 τὴν
1129 1676 1249 1711 ἔμφυτόν
1259 1685 1289 1703 τε
1305 1677 1351 1704 καὶ
1367 1679 1482 1712 συγγενῆ
1502 1677 1550 1712 τῆς
1570 1678 1677 1712 φύσεως
1691 1678 1768 1713 ἡμῶν
1785 1679 1852 1715 πρὸς

1065 1721 1110 1748 τὸν
1125 1722 1195 1757 ἀέρα
1212 1723 1312 1757 σχέσιν·
1325 1723 1359 1749 τὰ
1373 1723 1401 1749 δὲ
1416 1724 1445 1749 ὲν
1457 1723 1531 1757 αὐτῷ
1542 1724 1611 1750 κατὰ
1622 1724 1669 1759 τὴν
1687 1725 1774 1751 κτίσιν
1790 1735 1852 1759 φαι-

1065 1768 1175 1802 νόμενα,
1185 1768 1258 1799 ὅπως
1269 1768 1303 1794 τὰ
1314 1768 1373 1794 καθ’
1385 1769 1498 1795 ἕκαστον
1512 1768 1585 1804 ἔσχε,
1596 1768 1634 1803 τῷ
1646 1769 1717 1805 λόγῳ
1729 1770 1848 1804 διέξεισι.

1065 1813 1256 1849 Παρελοούσης
1280 1815 1334 1850 γὰρ
1357 1815 1405 1850 τῆς
1431 1815 1561 1849 δευτέρας
1588 1815 1703 1851 ἡμέρας,
1725 1816 1806 1844 πάλιν
1831 1818 1848 1853 ή

1066 1862 1133 1894 σοςρή
1149 1868 1179 1886 τε
1194 1861 1240 1886 καὶ
1259 1860 1442 1896 παναρμόνιος
1455 1860 1510 1888 τῶν
1531 1862 1677 1896 γινομένων
1694 1862 1768 1894 τάξις
1785 1864 1800 1898 ἡ
1820 1863 1850 1888 τὸ

1065 1905 1136 1941 ὕδωρ
1149 1906 1198 1941 τῆς
1213 1906 1263 1942 γῆς
1280 1907 1474 1942 ἀποκρίνουσα,
1491 1907 1558 1934 Θεοῦ
1580 1907 1654 1943 φωνὴ
1670 1908 1717 1934 καὶ
1730 1908 1849 1943 πρόστα-

1064 1960 1121 1987 γμα
1134 1952 1252 1986 λέγεται’
1266 1952 1373 1987 ἀληθῶς
1385 1953 1439 1988 γὰρ
1452 1954 1506 1980 πᾶν
1521 1954 1551 1980 τὸ
1562 1955 1590 1980 ὲν
1605 1953 1685 1988 σοφίᾳ
1696 1955 1847 1989 γινόμενον,

1063 1998 1129 2026 Θεοῦ
1142 1998 1220 2032 λόγος
1232 1999 1314 2031 ἐστὶν,
1329 1999 1378 2025 οὐκ
1393 1999 1517 2034 ὀργάνοις
1529 2000 1583 2026 τισὶ
1599 2002 1761 2035 φωνητικοῐς
1772 2000 1848 2036 διαρ-

1063 2042 1225 2079 θραύμενος,
1250 2043 1318 2070 ἀλλὰ
1333 2043 1365 2069 δι’
1383 2043 1473 2070 αὐτῶν
1496 2043 1702 2079 ὲκφωνούμενος
1749 2044 1803 2071 τῶν
1820 2047 1849 2072 ἐν

1062 2090 1116 2120 τοῖς
1132 2090 1303 2125 φαινομένοις
1319 2089 1475 2124 θαυμάτων.
1493 2090 1554 2116 Ἔτι
1577 2091 1630 2125 γὰρ
1652 2091 1842 2128 συμπεφυρμέ-

1062 2144 1110 2169 νης
1134 2135 1201 2171 πρὸς
1218 2135 1266 2170 τὴν
1291 2134 1377 2170 ὑγρὰν
1394 2134 1474 2169 φύσιν
1489 2136 1539 2171 τῆς
1552 2135 1669 2170 γεώδους
1685 2137 1826 2172 ποιότητος
1838 2157 1846 2169 ,

1062 2181 1133 2212 τίνος
1143 2178 1176 2216 ἦν
1190 2181 1294 2216 ἑτέρου,
1309 2180 1357 2216 τὴν
1374 2181 1422 2216 μὲν
1441 2181 1492 2217 γῆν
1503 2183 1561 2213 ταῖς
1578 2181 1656 2213 ἰδίαις
1669 2182 1845 2209 καταπυκνῶ-

1062 2235 1106 2253 σαι
1125 2227 1273 2262 ποιότησιν,
1290 2226 1360 2253 {bats
1372 2226 1480 2254 πάντων
1496 2227 1578 2262 αὐτῆς
1594 2227 1648 2253 τῶν
1663 2227 1764 2263 μορίων
1780 2228 1847 2263 πρὸς

1059 2273 1093 2299 τὰ
1113 2273 1221 2308 όμοφυῆ
1236 2273 1466 2308 συμπιεσθέντων,
1483 2273 1512 2299 ὲν
1529 2272 1567 2308 τῷ
1583 2273 1671 2308 ναστῷ
1690 2283 1718 2300 τε
1733 2275 1779 2300 καὶ
1796 2283 1846 2301 πε-

1059 2319 1200 2354 πιλημένῳ
1214 2318 1361 2353 ἀποθλῖψαι
1372 2319 1420 2346 ἀπ’
1434 2319 1518 2354 αὐτῆς
1532 2319 1582 2355 τὴν
1593 2319 1755 2355 ὲγκειμένην
1766 2320 1846 2356 ὑγρό-

1056 2374 1135 2400 τητα’
1153 2364 1182 2390 τὺ
1198 2365 1227 2391 δὲ
1242 2364 1312 2400 ὕδωρ
1328 2364 1494 2400 διακρίνεται
1512 2365 1561 2400 τῆς
1577 2365 1644 2400 πρὸς
1657 2366 1705 2401 τὴν
1719 2366 1771 2401 γῆν
1785 2367 1845 2392 ὲπι-

219 2401 328 2436 μιξίας,
350 2404 397 2430 καὶ
419 2406 482 2440 περὶ
499 2407 580 2433 ἑαυτὸ
602 2409 789 2445 συναγείρεται
810 2413 869 2444 ταῖς
889 2413 1025 2449 κοιλότησι
1051 2412 1100 2448 τῆς
1118 2412 1169 2446 γῆς
1189 2411 1422 2446 ἐγκρατούμενον’;
1443 2411 1505 2437 ἐπεὶ
1529 2409 1575 2437 οὖν
1591 2411 1665 2444 θείας
1687 2411 1724 2443 ὡς
1739 2412 1844 2448 ἀληθῶς

217 2448 357 2484 δυνάμεώς
373 2460 402 2478 τε
418 2453 464 2479 καὶ
479 2454 575 2488 σοφίας
591 2455 621 2481 τὸ
643 2457 761 2484 τοιοῦτόν
775 2458 849 2485 ἐστιν
859 2479 865 2486 .

251 2494 355 2523 ldcirco
379 2497 469 2526 Moses
492 2499 554 2528 huic
582 2502 621 2529 rei
650 2502 818 2533 admirandae
848 2515 1002 2538 sermonem

217 2539 263 2568 Dei
277 2541 420 2575 praefuisse
436 2544 512 2576 dicit,
533 2547 691 2576 mandatum
709 2549 795 2585 ipsius
808 2553 1001 2589 explicantem,

215 2593 271 2621 quo
285 2588 395 2622 quidem
415 2592 608 2625 egoutioncm
633 2601 723 2622 rerum
748 2597 920 2627 conditarum
949 2609 1000 2629 na-

217 2635 285 2659 turae
312 2633 424 2661 insitam
450 2635 598 2673 signiﬁcari
615 2639 722 2674 judico.
751 2651 759 2667 ι
778 2642 884 2675 Dixit”
900 2645 999 2680 inquit,

218 2678 305 2707 «Deus
322 2690 327 2707 :
346 2680 486 2718 Cogantur
501 2692 578 2720 aqua).
594 2686 620 2714 in
637 2691 867 2724 congregatioucs
884 2700 958 2726 suos,
975 2700 1001 2722 et

215 2730 344 2759 appareat
359 2728 477 2758 arida“.
495 2739 504 2756 ι
537 2731 725 2762 Necessarium
749 2740 852 2764 naturae
877 2737 1000 2767 ordinem

252 2816 274 2832 ²⁶
288 2817 353 2846 Gen.
375 2826 394 2852 I,
410 2819 435 2846 9.

1092 2513 1192 2540 Τούτου
1206 2513 1286 2548 χάριν
1301 2513 1315 2539 ὁ
1328 2511 1447 2546 Μωῡσῆς
1464 2511 1542 2546 λόγον
1555 2511 1623 2538 Θεοῦ
1637 2520 1701 2547 φησι
1715 2511 1760 2538 τοῦ
1781 2511 1848 2538 οαύ-

1057 2567 1140 2594 ματος
1152 2557 1367 2594 καθηγήσασθαι,
1382 2558 1586 2593 προστακτικήν
1599 2566 1660 2584 τινα
1675 2557 1752 2592 ῥῆσιν
1759 2557 1842 2589 διεξο-

1053 2605 1174 2637 δεύοντα,
1183 2605 1220 2636 ὼς
1229 2605 1257 2631 δὲ
1272 2604 1326 2640 ἐγὼ
1336 2604 1401 2640 περὶ
1415 2604 1508 2631 τούτου
1521 2604 1615 2639 κρίνω,
1626 2603 1671 2630 τδν
1684 2603 1843 2639 ἐγκείμενον

1052 2650 1086 2685 τῇ
1104 2649 1182 2684 φύσει
1196 2650 1246 2684 τῆς
1262 2649 1377 2680 κτίσεως
1389 2649 1477 2683 λόγον,
1494 2648 1537 2675 διὰ
1551 2648 1599 2683 τῆς
1610 2648 1732 2684 έξοδικῆς
1742 2648 1842 2684 ταύτης

1054 2695 1219 2721 ἐνδείκνυται
1242 2695 1355 2730 ῥήσεως.
1374 2704 1383 2722 ‹
1398 2692 1465 2721 Eine
1482 2704 1491 2720 ›
1506 2693 1569 2729 γὰρ,
1593 2695 1685 2729 φησὶν,
1705 2703 1715 2720 ι
1733 2695 1747 2721 ὁ
1765 2694 1841 2725 Θεὸς,

1055 2739 1217 2775 Συναχθήτω
1245 2739 1278 2766 τὰ.
1302 2739 1384 2767 ὕδατα
1417 2741 1456 2771 εἰς
1481 2739 1529 2772 τὰς
1557 2739 1714 2774 συναγωγὰς
1743 2737 1840 2770 αὐτῶν,
