1976 3077
115 111 150 141 89
717 126 751 154 ΙΝ
771 126 1009 160 HEXAEMERON
1025 134 1135 165 LIBER.

115 173 161 220 καὶ
180 173 289 220 ὸςρθήτω
313 175 329 210 ἡ
352 175 430 212 ξηρά.
453 187 463 204 ι
491 179 572 216 Ὁρᾷς
589 182 638 218 τὴν
656 183 808 219 ἀναγκαίαν
822 187 898 220 τάξιν

113 218 162 254 τῆς
177 219 299 253 φύσεως,
322 221 379 254 πῶς
397 223 448 258 τῆς
464 225 515 260 γῆς
537 218 751 262 ἁφελκυσθέντος
770 233 818 259 τοῦ
835 218 900 260 ὓδα-

112 273 158 295 τος
183 264 340 311 ξηραίνεται
363 267 394 294 τὸ
416 269 565 306 ἀποκριθὲν
588 272 639 308 τῆς
667 274 831 311 ὑγρότητος,
853 280 900 306 καὶ

113 308 170 340 πῶς
205 310 304 344 μηκέτι
328 312 477 347 πηλοειδῶς
498 308 725 354 ἀνακεκραμένης
851 324 900 359 τὴν

112 354 162 389 γῆν
187 354 237 390 τῆς
260 356 423 392 ὑγρότητος,
452 359 608 394 ἀναγκαίως
636 363 749 399 δοχείοις
775 354 835 394 τισὶ
869 354 900 396 τὺ

113 400 182 436 ὕδωρ
207 403 453 438 περιστοιχίζεταν
480 405 518 438 ὡς
541 407 575 434 ἃν
601 408 638 444 μὴ
657 409 696 444 τῷ
721 412 825 447 ρευστῷ
850 415 899 449 τῆς

111 446 220 493 φύσεως
236 447 276 478 είς
290 448 442 484 ἀφανισμὸν
461 450 554 482 ἔλθοι,
573 453 686 488 μηδενὸς
709 456 758 492 τὴν
776 446 899 493 διάχυσίν

111 489 195 540 αδδτοῦ
218 493 454 528 περισφίγγοντος.
478 497 559 524 Ἀλλά
582 507 628 533 μοι
642 500 716 527 δοκεῖ
785 489 898 540 ἄκαιρον

111 534 179 563 εἶναι
197 538 278 564 πάλιν
291 539 344 566 τῶν
357 539 560 578 ὑπερουρανίων
574 545 676 572 ὑδάτων
691 534 802 584 μνῆμην
817 534 896 585 ποιή-

111 583 220 610 σασθαι.
246 584 276 610 Et
297 585 351 620 γάρ
373 587 529 621 ἀναγκαίως
549 590 666 619 ἐνταῦθα
681 593 747 629 πρὸς
764 583 897 631 ὑποδοχήν

110 627 163 654 τῶν
176 629 279 656 ὑδάτων
296 631 311 665 ἡ
327 632 361 667 γῆ
375 634 588 668 σχηματίζεται,
605 635 660 664 οἷόν
669 627 725 665 τισι
741 627 896 672 κόλποιξίτὸ

109 673 221 708 ρευστὸν
243 676 332 703 αὐτῶν
352 679 560 714 περιείργουσα,
584 683 632 709 καὶ
656 686 689 719 τῇ
713 685 822 722 ἀστάτῳ
842 688 897 716 τῶν

109 719 211 747 ὑδάτων
223 721 313 755 φύσει,
326 723 366 758 τῷ
382 724 440 760 ἰδίῳ
457 726 580 763 σταθερῷ
595 731 768 767 παρεχομένη
786 719 817 760 τό
830 734 895 761 στά-

108 773 196 800 σιμον·
213 767 271 799 πῶς
285 768 318 795 ἂν
338 770 368 796 τὸ
388 769 473 806 ὕδωρ,
489 772 569 807 εἴπερ
589 773 627 809 τῷ
643 774 700 801 όντι
716 776 786 811 ὕδωρ
810 779 894 811 ἐστὶν,

108 811 213 839 [σταται
235 814 284 849 μὲν
303 815 350 842 ἐπὶ
364 815 411 843 τοῦ
435 817 563 851 ἀστάτου,
579 820 721 857 ἀδιάχυτον
732 820 765 850 δὲ
783 826 829 852 ἐπὶ
845 826 893 853 τοῦ

107 858 205 894 κυρτοῦ
218 859 354 894 διαμένει;
365 862 397 888 Et
408 862 462 898 γὰρ
476 864 541 898 μίαν
559 873 589 892 τε
610 868 656 893 καὶ
674 868 723 903 τὴν
738 870 822 906 αὐτὴν
841 872 895 900 τῶν

106 904 152 930 δύο
175 904 278 932 ὑδάτων
293 906 343 942 τὴν
357 907 439 942 φύσιν
459 910 653 946 ὑποτιθέμεθα,
677 914 783 951 ἀνάγκη
800 904 893 952 eam,

106 949 178 986 ᾇπερ
197 951 243 977 ἐπὶ
266 952 367 980 τούτων
382 953 527 990 βλέπομεν,
548 958 637 985 ταῦτα
653 960 699 987 καὶ
722 963 766 988 ἐπ’
778 949 894 991 ’ἐκείνων

105 994 218 1023 οἴεσθαι·
233 997 330 1024 οὐκοῦν
355 998 389 1026 τά
408 1000 482 1027 νῶτα
497 1002 544 1028 τοῦ
567 1003 682 1039 οὐρανοῦ
707 1007 829 1042 σχίζεται
853 1010 894 1041 είς

105 1041 238 1074 αὐλῶνας,
252 1043 310 1070 καθ’
326 1045 471 1081 ὁμοιότητα
483 1047 537 1075 τῶν
549 1049 596 1075 ἐπὶ
611 1050 662 1085 τῆς
676 1041 893 1089 γῆςνγινομένων

105 1087 174 1122 πρὸς
186 1088 236 1120 τὰς
250 1089 304 1116 τῶν
319 1092 448 1126 κρημνῶν
459 1092 614 1127 διαστάσεις
630 1087 890 1133 ἐκφαραγγούνμενα,

106 1131 148 1159 ινα
161 1133 191 1160 τὸ
205 1133 276 1171 ὕδωρ
288 1136 444 1173 ὲγκρατηθῇ
461 1141 521 1171 ταῖς
535 1140 683 1176 κοιλότησι.
701 1131 735 1170 Τί
747 1131 797 1171 οὑν
811 1131 891 1181 spot};

104 1187 156 1211 σιν,
169 1179 234 1206 ὅταν
250 1181 266 1216 ἡ
281 1182 424 1215 ἑγκύκλιος
445 1184 492 1211 τοῦ
508 1185 589 1212 πόλου
613 1188 750 1224 περιφορὰ
767 1179 836 1225 πρὸς
857 1192 891 1219 τὰ

103 1224 179 1252 κάτω
195 1225 271 1261 κλίνῃ
287 1227 316 1254 τὸ
337 1227 385 1254 νῦν
408 1229 616 1267 ὑπερκείμενον,
638 1233 692 1268 ἄρα
713 1234 750 1270 μὴ
773 1224 891 1271 πώματά

101 1278 161 1297 τινα
176 1271 232 1304 τοῖς
248 1272 358 1305 κύκλοις
375 1274 564 1310 ὲπινοήσωσιν,
584 1278 621 1310 ὡς
638 1279 671 1305 ἂν
697 1280 734 1316 μὴ
754 1282 890 1318 ἐκκρεμὲς

101 1317 132 1343 τὸ
150 1317 221 1353 ὕδωρ
235 1319 388 1354 γενόμενον,
406 1321 461 1348 τῶν
481 1323 658 1359 κοιλωμάτων
679 1326 786 1362 ἐκρέοι;
811 1317 890 1356 Ἀλλά

101 1370 167 1396 φησι
181 1362 363 1399 δαπανητικὸν
382 1366 431 1400 μὲν
444 1364 517 1407 εἶναι
536 1368 566 1394 τὺ
583 1369 650 1404 πῦρ,
666 1371 761 1405 χρείαν
772 1372 800 1399 δὲ
816 1373 890 1408 ἔχειν

101 1406 253 1452 ὕληςντινὺς
272 1409 322 1444 τῆς
339 1402 543 1448 ὑποτρεξρούσης
567 1402 653 1442 είσαεὶ
666 1402 721 1451 ἰτὴν
737 1402 888 1452 φλόγα,“ὠς

98 1450 132 1477 ἂν
148 1451 186 1487 μὴ
199 1455 437 1491 καταμαρανθείη,
459 1458 492 1492 τῇ
509 1458 611 1495 ἀπορίᾳ
625 1460 672 1487 τοῦ
693 1450 888 1496 ὑπεκκαίσνιος

98 1497 165 1523 αὐτὸ
180 1499 243 1533 περὶ
261 1499 341 1526 ἑαυτὸ
358 1501 560 1537 δαπανώμενον.
587 1505 657 1539 Ἐγὼ
679 1507 708 1533 δὲ
728 1507 780 1534 κᾶν
795 1509 810 1544 ἡ
837 1518 886 1544 με·

98 1542 169 1577 γάλη
185 1543 232 1569 τοῦ
246 1544 405 1572 διδασκάλου
425 1535 504 1582 ἡμων
519 1551 594 1586 φωνὴ
658 1554 769 1590 τοιαύτῃ
785 1535 886 1592 ὑίτολίι-
899 1535 921 1566 c

97 1585 143 1621 ψει
160 1589 349 1624 συμφέρεται,
364 1594 570 1629 παραιτήσομαι
661 1585 885 1634 ἐντυγχάνοντας,

99 1632 138 1681 μη
163 1634 288 1681 χαλεπῶς
313 1636 396 1670 ἔχειν,
421 1640 445 1664 εί
469 1639 538 1675 πρὸς
551 1641 581 1667 τὸ
597 1632 884 1681 ἀκόλουθον-βλέπων,

98 1678 186 1728 πάντη
200 1679 316 1708 δουλεύω
328 1684 383 1715 τοῖς
399 1685 616 1722 προκαθημένοις
631 1689 660 1716 ὲν
671 1691 704 1726 τῇ
718 1678 818 1728 θεωρίᾳ
832 1678 886 1720 τῶν

96 1722 190 1751 ὅντων.
216 1725 271 1752 Καὶ
290 1726 344 1762 γὰρ
368 1729 415 1755 καὶ
437 1729 476 1765 τῷ
496 1731 646 1768 διδασκάλῳ
669 1722 832 1773 σκοπὸξῆν,
855 1739 886 1765 οὐ

97 1770 204 1820 πάντως
217 1771 266 1820 ri;
280 1772 347 1820 ἰδίας
362 1775 510 1811 ὑπολήψεις
535 1780 590 1810 τοῖς
606 1770 886 1820 ἀκροωμένοις-νομο-

96 1814 194 1847 Θετείν,
212 1816 280 1843 ἀλλὰ
298 1817 391 1852 έφοδόν
410 1829 471 1847 τινα
489 1822 532 1849 διὰ
548 1824 596 1858 τῆς
618 1814 791 1859 διδασκαλίας
804 1814 886 1857 αὑτοῦ

95 1861 164 1895 πρὺς
177 1862 226 1897 τὴν
238 1863 369 1898 ἀλήθειαν
382 1865 410 1892 ὲν
428 1868 484 1898 τοῖς
498 1868 730 1905 μαθητευομένοις
747 1873 884 1907 γενέσθαι·

95 1906 144 1933 καὶ
158 1907 239 1942 ἡμεῖς
260 1909 350 1935 τοίνυν
365 1911 600 1946 ὲγγυμνασθέντες
617 1917 672 1948 τοῖς
699 1919 762 1953 παρ’
781 1920 884 1948 ἐκείνου

94 1951 305 1998 καταλειφθεῖσι
322 1954 471 1998 μαθήμασι,
491 1957 558 1992 πρὸς
571 1959 601 1984 τὺ
622 1951 766 1989 ἀκόλουθον
787 1964 885 1998 βλέπο-

95 2004 157 2030 μεν.
176 1996 224 2031 Εἴη
247 1996 269 2023 δ’
292 1996 326 2024 ἂν
338 1996 423 2031 οὗτος,
440 2000 518 2037 εἴπερ
540 2002 662 2039 ἐπιτύχοι
682 2006 728 2032 τοῦ
746 1996 851 2041 είκότος
870 2011 884 2037 ό

93 2040 183 2075 λόγος,
201 2043 242 2074 εἰς
257 2043 306 2078 τὴν
321 2044 367 2070 τοῦ
382 2045 541 2075 διδασκάλου
559 2050 655 2083 σοφίαν
669 2040 881 2088 ἀναφερόμενος.

91 2087 126 2114 Τί
141 2087 230 2115 τοίνυν
246 2089 314 2124 πρὸς
325 2090 373 2126 τὴν
387 2091 581 2128 ὑπενεχθεῐσαν
597 2096 732 2124 ἀντίθεσιν
748 2087 825 2133 ἡμεῖς
838 2100 882 2127 λο-

92 2133 245 2171 γιζόμεθα;
263 2137 301 2162 Οὑ
314 2139 368 2172 γὰρ
383 2138 462 2172 μόνον
478 2140 506 2166 ἐν
523 2140 562 2176 τῷ
582 2143 649 2177 πυρὶ
664 2144 710 2170 καὶ
724 2144 801 2171 ὕδατι
816 2146 883 2173 θεω-

1702 158 1736 185 90

912 190 1056 222 Acernis:
1083 198 1229 231 quomodo,
1258 207 1387 236 expressa
1415 210 1483 239 aqua
1506 205 1540 232 ab
1570 205 1627 242 ipsa
1651 211 1737 242 terra,

951 239 1024 272 quod
1048 241 1083 267 ab
1109 241 1270 271 lmmidilate
1293 252 1427 274 secretum
1456 253 1507 283 est,
1531 239 1684 287 exarescat,
1710 239 1737 282 et

950 286 1086 334 quomodo
1105 295 1167 315 cum
1187 289 1214 316 id
1225 291 1296 324 quod
1314 291 1454 320 humidum
1469 300 1520 328 est,
1536 304 1589 324 non
1618 298 1736 334 amplius

950 328 977 355 in
999 331 1069 357 (ζωιιὶ
1087 339 1188 360 morem
1200 341 1262 361 cum
1274 338 1347 363 terra
1366 339 1527 372 permistum
1549 342 1594 373 sit,
1616 328 1735 379 recepta-

949 374 1019 401 culis
1030 376 1193 410 quibusdam
1208 379 1334 414 cingatur
1348 388 1428 417 aqua,
1443 390 1477 410 ne
1489 388 1599 419 propter
1608 374 1732 414 naturam

949 418 1048 446 fluxam
1065 421 1211 457 dispereat,
1228 425 1251 451 si
1265 425 1361 453 eil'usio
1371 427 1457 461 ipsius
1471 418 1548 456 nulla
1561 438 1590 457 re
1605 438 1732 467 coercea-

949 460 1004 492 tur.
1023 466 1088 494 Mihi
1104 475 1158 496 non
1170 469 1278 497 videtur
1296 460 1426 506 alienum,
1441 474 1474 501 de
1493 475 1582 508 aquis,
1599 464 1658 510 qua:
1685 485 1732 505 su-

948 517 996 545 per
1011 512 1096 540 ctelos
1113 518 1191 546 sunt,
1212 515 1309 543 iterum
1330 519 1491 546 mentionem
1510 519 1608 548 facere.
1627 520 1692 548 Nam
1709 523 1732 550 si

948 563 1061 584 necesse
1091 562 1145 590 est,
1176 563 1206 586 ut
1229 560 1273 587 hic
1298 566 1359 596 apte
1383 562 1416 590 ad
1432 571 1518 598 aquas
1543 566 1732 600 suscipiendas

947 605 1018 628 terra
1049 602 1198 636 formetur,
1227 614 1287 641 qua:
1315 607 1477 642 quibusdam
1507 611 1612 639 sinibus
1637 619 1731 640 earnm

946 645 1046 674 iluenta
1061 649 1199 682 cohibeat,
1215 654 1374 686 naturaeque
1390 652 1510 681 instabili
1525 654 1631 683 firmam
1647 657 1732 685 stabi-

946 691 1048 720 litatem
1066 701 1142 721 suam
1162 701 1301 730 opponat:
1318 698 1365 732 qui
1395 698 1453 726 ﬁeri
1482 704 1581 735 potest,
1606 706 1635 729 ut
1657 710 1729 737 aqua

945 737 990 764 illa
1021 740 1157 774 superior,
1186 741 1208 768 si
1234 749 1296 770 vere
1313 748 1355 771 est
1378 751 1459 779 aqua,
1489 754 1570 780 super
1587 755 1617 775 re
1637 749 1730 775 mobili

944 784 1087 818 consistat,
1109 794 1159 814 nec
1174 795 1257 822 super
1272 795 1355 815 curva
1371 798 1400 817 re
1420 790 1516 825 jacens
1531 791 1705 828 dispergatur
1719 795 1731 821 ?

945 829 1050 857 Etenim
1068 831 1091 859 si
1109 839 1190 859 unam
1205 837 1230 859 et
1242 834 1364 862 eamdem
1379 836 1521 870 utriusque
1532 843 1658 868 naturam
1669 847 1731 868 esse

946 877 1102 911 statuimus,
1123 881 1308 908 necessarium
1337 885 1389 913 est,
1414 886 1442 909 ut
1462 891 1522 918 qute
1533 884 1560 911 in
1589 884 1632 912 his
1651 886 1730 920 aquis

945 922 1141 957 conspicimus.
1154 924 1248 952 eadem
1264 926 1356 953 omnia
1371 927 1405 954 de
1418 928 1472 956 illis
1487 930 1648 963 cogitemus.
1659 930 1729 966 Ergo

944 968 1007 995 cceli
1019 971 1094 1003 terga
1109 969 1227 998 dissecta
1246 975 1321 1004 sunt,
1349 976 1429 1008 atque
1446 968 1575 1002 excavata
1599 976 1626 1003 in
1645 977 1729 1005 valles

943 1019 1036 1041 carum
1056 1015 1171 1049 similes,
1183 1024 1244 1051 qua:
1264 1022 1377 1053 propter
1392 1019 1535 1047 intervalla
1552 1022 1682 1049 montium
1701 1023 1728 1050 in

942 1061 1015 1085 terra
1028 1066 1102 1093 sunt,
1118 1066 1148 1089 ut
1164 1062 1219 1090 illis
1231 1071 1301 1099 aqua
1312 1069 1483 1093 coerceatur.
1502 1067 1536 1094 At
1547 1068 1612 1102 quid
1625 1068 1728 1100 diceat.

942 1105 1051 1145 quando
1066 1106 1119 1140 poli
1132 1109 1311 1137 conversione
1326 1110 1352 1136 id
1366 1110 1438 1145 quod
1447 1112 1574 1146 superius
1589 1121 1662 1141 nunc
1675 1118 1728 1146 est,

944 1143 1058 1178 inferius
1076 1151 1131 1183 ﬁet,
1149 1153 1283 1187 poeulane
1298 1143 1390 1190 aliqua
1406 1155 1434 1183 in
1457 1143 1573 1185 orbibus
1588 1159 1728 1193 excogita-

941 1195 1020 1227 bunt,
1045 1204 1078 1224 ne
1109 1205 1180 1232 aqua
1213 1207 1345 1234 suspensa
1363 1209 1395 1227 ex
1419 1201 1494 1229 cavis
1509 1203 1616 1230 eilluat?
1637 1203 1728 1232 Vorax

941 1246 992 1274 est,
1013 1242 1151 1277 inquiunt,
1171 1245 1252 1279 ignis,
1278 1247 1448 1281 materiaque
1466 1247 1569 1283 indiget
1591 1249 1726 1277 ilannnatn

941 1292 1072 1322 perpetuo
1097 1290 1247 1320 nutriente.
1264 1299 1298 1318 ne
1329 1292 1523 1321 succendentis
1539 1294 1724 1330 exstinguuntur

940 1332 1041 1368 inopia,
1055 1338 1081 1361 et
1094 1342 1108 1361 a
1129 1336 1277 1371 semetipso
1293 1341 1481 1365 consumatur.
1497 1339 1552 1373 Ego
1572 1347 1646 1372 vero,
1662 1341 1727 1369 licet

939 1386 1037 1413 magna
1050 1381 1224 1416 praeceptoris
1239 1383 1324 1410 nostri
1339 1392 1391 1410 vox
1403 1384 1466 1411 huic
1484 1379 1626 1413 sententia:
1637 1385 1727 1414 favere

939 1425 1072 1457 videatur,
1090 1427 1191 1462 rogabo
1210 1432 1300 1456 tamen
1312 1437 1369 1460 eos,
1385 1429 1411 1456 in
1431 1438 1545 1464 quorum
1558 1439 1655 1458 manus
1669 1432 1726 1458 [nec

938 1469 1096 1502 inciderint,
1125 1478 1158 1498 ne
1182 1468 1299 1506 graviter
1322 1471 1421 1505 ferant,
1445 1472 1492 1500 sed
1510 1473 1659 1507 patiantur,
1684 1482 1725 1500 me

938 1514 1092 1542 institutum
1108 1517 1231 1544 ordinem
1247 1518 1335 1552 sequi.
1361 1511 1454 1552 Neque
1480 1518 1552 1545 enim
1581 1519 1724 1553 Opinione-5

938 1563 1059 1594 nostras,
1084 1566 1113 1588 ut
1128 1562 1215 1597 leges,
1233 1563 1403 1590 auditoribus
1428 1563 1671 1601 proponimusded
1691 1572 1723 1592 ex

937 1606 1061 1634 doctrina
1079 1607 1166 1643 ipsius
1187 1609 1359 1637 occasionem
1385 1610 1554 1644 arripientes,
1576 1614 1723 1638 consenta-

937 1659 1019 1679 neum
1032 1652 1154 1680 ordinem
1170 1654 1315 1681 intuemur.
1330 1655 1512 1687 Quamobrem
1524 1659 1550 1682 et
1565 1655 1622 1683 haec
1637 1656 1723 1683 oratio

937 1703 1042 1730 nostra,
1069 1699 1092 1725 si
1119 1699 1227 1733 quidem
1245 1707 1259 1726 ιι
1276 1700 1376 1726 decoro
1397 1707 1451 1726 non
1476 1699 1661 1733 alnltorruerit,
1690 1701 1723 1728 ad

936 1743 995 1777 ejus
1011 1744 1171 1778 sapientiam
1190 1744 1332 1771 referetur.
1351 1743 1421 1777 Quid
1437 1745 1521 1779 igitur
1533 1745 1567 1771 ad
1596 1753 1639 1776 ea,
1663 1753 1722 1780 qua,

936 1793 1031 1815 contra
1045 1789 1217 1821 dicebantur,
1232 1789 1482 1824 respondebimus?
1507 1789 1566 1816 Non
1584 1791 1669 1817 solum
1694 1791 1721 1817 in

936 1834 998 1869 igne
1013 1838 1039 1861 ct
1054 1841 1123 1869 aqua
1135 1835 1289 1862 contrarias
1308 1835 1453 1870 qualitates
1466 1835 1659 1870 perspicimus.
1676 1837 1721 1862 sed

937 1879 963 1905 in
978 1880 1092 1914 singulis
1105 1880 1246 1907 clementis
1263 1881 1354 1907 videre
1369 1881 1432 1908 licet
1446 1881 1590 1915 quamdam
1602 1882 1723 1916 proprie-

934 1927 1021 1952 tatum
1039 1932 1100 1952 cum
1113 1926 1245 1960 oppositis
1258 1934 1386 1961 pugnam.
1403 1926 1635 1959 Quemadmodum
1649 1928 1720 1956 cnim

934 1969 961 1995 in
975 1970 1118 1998 elementis
1131 1978 1192 2005 qua;
1209 1972 1495 2002 commemoravimus,
1525 1973 1662 2000 contraria
1679 1978 1720 2001 est

934 2013 1075 2049 trigiditati
1085 2015 1223 2047 caliditas,
1235 2016 1344 2043 siccitas
1360 2016 1526 2049 humiditati,
1539 2017 1578 2044 sic
1591 2017 1618 2044 in
1635 2018 1720 2045 altera

933 2059 1131 2087 elementorum
1148 2061 1321 2095 oppositione
1344 2062 1491 2089 contraria:
1516 2067 1579 2090 sum
1606 2064 1678 2090 inter
1692 2071 1719 2091 se

933 2106 1089 2140 qualitates.
1103 2107 1241 2139 soliditas,
1254 2110 1281 2135 et
1292 2108 1402 2139 raritas,
1419 2108 1519 2135 duritia
1539 2112 1566 2135 ct
1593 2109 1718 2142 mollitia,

932 2151 1051 2186 gravitas
1077 2155 1105 2178 et
1127 2152 1222 2180 levitas
1244 2161 1250 2179 :
1275 2157 1302 2180 et
1325 2154 1348 2181 si
1376 2154 1440 2189 quid
1467 2154 1540 2181 aliud
1567 2155 1594 2181 in
1621 2155 1725 2182 horum“

92 2179 194 2216 ροῦμεν
209 2181 257 2213 τὰς
276 2183 496 2219 ἀντιστοιχούσας
519 2186 678 2222 ποιότητας,
701 2190 768 2217 ἀλλά
781 2193 829 2219 καὶ
852 2194 882 2220 ὲν

938 2179 947 2186 ,
1215 2179 1219 2180 ,
1279 2179 1286 2180 ι
1326 2179 1347 2181 _,
1621 2179 1717 2182 ..-ψη

938 2201 1052 2232 utroque
1069 2198 1224 2232 proprium.
1243 2199 1321 2226 alteri
1341 2201 1509 2226 contrarium
1532 2201 1717 2235 cognoscitur.

91 2225 201 2262 ἑκάστῳ
218 2227 273 2254 τῶν
289 2229 429 2264 στοιχείων
451 2231 524 2258 ἐστιν
539 2233 628 2268 εὑρεῖν
645 2243 705 2262 τινα
727 2237 836 2270 πάντως
852 2240 882 2266 ὲν

89 2272 148 2304 τοῖς
171 2272 298 2308 ίδιώμασι
316 2275 385 2310 πρὸς
403 2275 436 2302 τὰ
455 2277 628 2314 ἀντικείμενα
649 2281 749 2318 μάχην.
777 2283 881 2320 ’Ὠσπερ

90 2317 145 2352 γὰρ
157 2318 207 2344 ἐπὶ
229 2319 283 2345 τῶν
301 2320 540 2355 μνημονευθέντων
567 2325 706 2360 στοιχείων
729 2317 880 2356 ἀπιόαίνει

89 2361 187 2408 τῆξ-μὲν
195 2363 316 2408 ψυχρῷὴ
326 2364 472 2401 θερμότης,
481 2367 519 2402 τῷ
526 2367 555 2394 δὲ
565 2368 665 2405 ὑγρῷή
675 2370 801 2408 ξηρότης,
809 2373 880 2400 οὕτω

91 2406 173 2433 πάλιν
185 2408 255 2434 κατὰ
269 2407 317 2443 τὴν
333 2409 430 2445 ἑτέραν
443 2410 588 2447 διάμετρον
604 2413 649 2439 ἐπὶ
663 2415 712 2450 τῆς
726 2406 779 2451 γῆς
790 2425 819 2443 τε
833 2418 880 2445 καὶ

89 2454 139 2481 τοῦ
155 2454 235 2490 ἀέρος
252 2454 283 2488 ἐξ
294 2456 415 2483 ἐναντίου
426 2458 494 2484 εἰσὶν
516 2460 586 2486 αί³ὲν
601 2461 724 2497 ἑκατέρῳ
739 2464 879 2500 ποιότητες

88 2499 219 2534 ἀλλήλαις
230 2501 455 2538 ἀντικαθήμεναν
470 2505 616 2541 στερρότης
637 2515 667 2533 τε
681 2509 728 2534 καὶ
743 2511 877 2546 μανότης,

87 2545 232 2573 ἀντιτυπία
241 2547 287 2574 καὶ
299 2548 439 2584 ἀραιότης,
457 2549 576 2587 βαρύτης
583 2560 613 2578 τε
624 2553 670 2580 καὶ
678 2556 820 2591 κουφότης·
833 2545 878 2585 καὶ

86 2590 139 2617 ὅσα.
152 2590 219 2618 ἀλλα
233 2592 304 2619 κατὰ
314 2593 345 2620 τὺ
357 2594 458 2627 ἰδιάζον
470 2596 499 2622 ὲν
512 2597 636 2634 ἑκατέρῳ
648 2599 760 2632 τούτων.
776 2590 809 2629 ἐκ
824 2603 878 2631 τῶν

87 2635 219 2662 ιναντίων
232 2638 404 2672 γνωρίζεται.
425 2640 528 2677 Ὠσπερ
544 2643 635 2670 τοίνυν
658 2647 686 2671 ὲν
708 2646 813 2679 τούτοις
828 2649 877 2676 οὐκ

86 2680 162 2708 εστιν
176 2682 262 2709 εἰπεῖν
279 2683 425 2719 τρέφεσθαι
450 2686 489 2722 τῷ
506 2688 619 2724 ἐναντίῳ
635 2690 665 2717 τὸ
681 2691 774 2727 ἕτερον
786 2702 792 2708 ”
816 2694 878 2722 οὔτε

86 2727 142 2762 γὰρ
156 2729 190 2763 τῇ
204 2728 310 2766 δαπάνῃ
322 2730 369 2757 τοῦ
384 2732 560 2769 ιμεριθοςςή
574 2736 603 2762 ἐν
614 2736 652 2771 τῷ
666 2737 728 2773 ἀέρι
742 2740 876 2776 κουφότης

87 2772 210 2806 αὒξεται,
226 2774 287 2802 οὔτε
307 2777 336 2803 τὸ
353 2778 448 2804 ναστὸν
464 2780 514 2814 τῆς
533 2781 583 2814 γῆς
608 2783 714 2817 ἐνεργεῖ
736 2785 783 2811 τοῦ
802 2787 874 2814 ἀντι-

89 2819 257 2855 στοιχοῦντος
277 2822 325 2857 τὴν
342 2823 500 2860 ἀραιότητα,
524 2825 584 2854 οὗτε
603 2828 633 2854 τὰ
648 2829 728 2857 λοιπὰ
746 2832 808 2867 περὶ
825 2833 874 2869 τὴν

933 2243 969 2271 Ut
986 2243 1068 2279 igitur
1090 2244 1118 2270 in
1132 2244 1173 2272 his
1191 2245 1283 2272 dicere
1296 2252 1350 2272 non
1372 2253 1533 2280 possumus,
1552 2247 1717 2274 contrarium

933 2297 1016 2317 unum
1032 2290 1117 2318 altero
1131 2291 1271 2318 contrario
1291 2292 1403 2324 nutriri,
1422 2300 1472 2320 nec
1491 2293 1633 2327 gravitatis
1653 2301 1715 2321 con-

931 2335 1087 2368 sumptione
1102 2334 1173 2362 aeris
1185 2335 1321 2362 levitatem
1337 2336 1440 2370 augeri,
1457 2343 1543 2371 neque
1560 2341 1639 2364 terra:
1653 2337 1719 2364 den-

931 2379 1038 2406 sitatem
1060 2380 1178 2414 oppositi
1201 2380 1327 2408 elementi
1361 2381 1500 2409 raritatem
1525 2381 1641 2415 eilicerc,
1673 2388 1718 2410 aut

930 2424 1050 2459 reliquas
1069 2425 1129 2459 ejus
1148 2425 1328 2460 proprietates
1355 2425 1427 2454 alere
1442 2433 1537 2454 aereas
1551 2427 1714 2462 qualitates:

930 2471 981 2502 sic,
1000 2470 1105 2505 inquiet
1117 2471 1228 2506 aliquis.
1249 2471 1375 2507 frigidum
1406 2473 1514 2507 quidem
1531 2477 1558 2500 et
1575 2473 1716 2501 humidum

929 2517 1019 2544 calido
1042 2520 1069 2544 et
1088 2517 1162 2545 sicco
1177 2525 1240 2545 esse
1259 2518 1409 2551 contraria,
1441 2527 1495 2546 non
1516 2524 1604 2546 tamen
1625 2520 1714 2555 sequi,

929 2567 959 2589 ut
973 2565 1069 2590 mutuo
1085 2562 1156 2590 inter
1170 2570 1200 2590 se
1217 2562 1328 2590 interitu
1344 2564 1512 2595 nutriantur,
1532 2572 1620 2600 neque
1636 2573 1669 2592 ex
1684 2573 1716 2593 eo

928 2607 1000 2642 quod
1012 2607 1128 2635 alterum
1139 2614 1193 2634 non
1206 2608 1252 2639 sit,
1266 2608 1380 2635 alterum
1393 2616 1464 2637 esse.
1479 2608 1536 2636 Hoc
1550 2610 1622 2636 enim
1637 2614 1717 2645 pacto

928 2656 1055 2680 neutrum
1081 2653 1256 2685 consisteret,
1285 2654 1308 2680 si
1330 2654 1474 2688 utriusque
1492 2654 1534 2682 vis
1558 2655 1586 2681 in
1602 2655 1715 2684 alterius

928 2699 1038 2726 interitu
1061 2698 1112 2726 sita
1135 2698 1224 2726 foret:
1253 2706 1302 2733 par
1321 2699 1393 2726 enim
1417 2700 1444 2726 in
1464 2702 1578 2735 utroque
1592 2707 1715 2728 corrum-

927 2744 1007 2779 pendi
1025 2745 1140 2771 alternm
1153 2746 1274 2779 potestas
1289 2747 1341 2775 est,
1357 2747 1383 2771 et
1399 2752 1507 2780 semper
1521 2745 1714 2778 exsuperantis

928 2791 1047 2826 potentia
1071 2790 1134 2816 victi
1165 2789 1298 2824 pernicies
1329 2790 1461 2821 nascitur.
1498 2790 1580 2824 idque
1606 2791 1713 2824 experi~

927 2839 1019 2863 mento
1032 2835 1217 2863 continuatur.
1242 2835 1270 2862 Si
1287 2834 1428 2862 materiam
1445 2834 1563 2869 aliquant
1580 2833 1651 2869 ignis
1664 2843 1710 2871 ap-
