1976 3077
223 115 252 142 91
847 117 875 145 S.
896 117 1059 147 GREGORII
1079 117 1226 146 NYSSENI
1822 120 1859 149 9!

228 173 411 206 prehenderit,
425 172 523 200 deinde
535 180 605 208 aqua
620 172 793 208 conjiciatur,
809 181 934 202 mutuum
949 175 1015 202 utri-

1076 175 1117 210 ’ἦν
1133 174 1266 209 ἰδιώματα
1276 195 1284 206 ,
1308 174 1353 201 διὰ
1367 174 1418 209 τῆς
1435 174 1540 202 ἑαυτῶν
1563 174 1686 211 δαπάνης
1701 175 1796 211 τρέφει
1808 178 1860 211 τὰς

227 227 315 255 usque
335 219 490 247 videbimus
512 219 636 247 exitium.
664 219 742 252 Quod
766 221 837 248 enim
855 221 882 248 in
898 225 1014 256 utroque

228 264 395 295 dominatur,
417 264 531 291 alterum
551 265 648 299 perdit,
662 272 723 292 cum
739 269 886 301 utrumque
903 267 1015 294 alterius

227 307 354 342 potentiae
384 311 526 343 superanti
551 310 653 344 pariter
675 310 765 338 cedat.
789 310 915 344 Quandiu
942 313 1014 340 enim

227 353 340 387 :equalis
357 358 399 381 est
410 355 555 390 utriusque
570 356 610 383 vis
626 360 730 389 mutua,
747 357 877 392 utrinque
894 362 1016 385 tentatur

229 399 397 431 internecio;
421 404 448 426 et
469 405 594 428 neutrum
621 402 706 429 altero
722 403 803 430 alitur
818 408 864 430 aut
884 404 1015 436 nutriturI

229 444 277 470 sed
298 447 444 479 utrumque
461 446 542 473 simul
563 447 684 474 vicissim
701 448 816 476 deletur.
835 450 870 477 Ut
883 457 930 478 eas
946 449 1018 478 feras

229 496 284 514 non
298 489 420 517 dicemus
434 496 557 518 mutuam
574 492 625 519 sibi
646 493 753 521 vivendi
774 494 930 522 facultatem
947 503 1016 530 prae-

228 533 303 564 bere,
322 541 381 568 qua:
395 542 456 562 sese
470 535 590 564 vicissim
605 537 756 565 devorant:
773 540 814 567 sic
832 539 973 567 humidum
988 544 1016 568 et

230 586 333 605 siceum
366 579 403 606 ita
423 583 560 608 contraria
588 587 662 615 sunt,
689 588 719 610 ut
737 589 864 612 neutrum
881 586 915 613 ab
929 587 1016 614 altero

229 630 417 658 cunservetnr,
445 627 468 653 si
495 635 578 654 unum
602 629 717 657 alterius
739 630 852 657 interitu
869 632 1015 659 nutriatur.

230 669 413 702 Quamobrem
429 672 494 699 mihi
512 674 599 708 magis
615 679 829 703 consentaneum
847 675 962 707 videtur.
989 680 1018 704 ut

230 715 267 741 ita
280 719 444 749 statuamus,
456 719 583 753 quoniam
599 721 690 747 omnia
702 729 761 756 qua
773 721 844 750 Deus
859 723 931 754 fecit,
941 723 1019 751 valde

229 760 299 787 bona
315 762 482 798 pulchraque
499 768 573 798 sunt,
586 765 613 792 in
629 766 743 801 singulis
759 767 857 803 inspici
869 768 1019 802 pulchritu-

230 805 302 832 dinis
326 806 521 840 perfectionem
543 814 683 844 oportere.
711 811 820 839 Additio
845 813 918 840 enim
945 813 1019 840 illius

231 850 372 884 particulae
389 851 483 884 Valde,
504 854 738 888 significationem
761 855 889 890 intendit,
908 863 1022 891 eamque

230 896 426 931 perfectionem
439 899 482 926 cui
506 900 576 927 nihil
595 899 677 933 desit,
703 902 784 936 plane
803 902 938 931 declarat.
954 902 1022 930 Nam

234 945 264 968 ut
284 941 311 968 in
336 942 494 971 animalium
519 953 628 980 genere,
649 948 776 986 quamvis
808 948 1023 977 innumerabiles

233 987 399 1015 differentias
412 996 569 1024 cernamus,
591 993 710 1027 generali
727 996 818 1021 tamen
835 1002 926 1021 rerum
948 1002 1022 1022 com-

232 1033 408 1061 mendatione
430 1036 576 1064 convenire
601 1037 728 1070 dicimus,
756 1044 784 1066 ut
809 1039 1024 1075 umunquodque

234 1077 378 1113 pulchrum
398 1087 460 1108 esse
481 1081 599 1122 dicatur.
620 1083 686 1116 Quae
705 1088 795 1112 tamen
826 1086 884 1114 laus
905 1090 932 1114 et
947 1094 1022 1113 com-

233 1123 373 1151 mendatio
391 1133 444 1153 non
462 1127 579 1155 refertur
598 1129 632 1155 ad
646 1137 705 1156 eam
717 1130 838 1165 speciem
853 1136 880 1159 et
896 1131 1022 1165 formam,

234 1176 294 1203 quae
308 1171 487 1205 conspicitur.
504 1173 613 1208 Alioqui
635 1182 685 1202 nec
700 1176 890 1211 seolopendra,
908 1185 958 1205 nec
973 1182 1026 1205 ter-

235 1215 333 1243 restris
350 1224 427 1249 rana,
445 1225 495 1245 nec
512 1227 572 1253 quae
584 1227 617 1247 ex
632 1221 703 1256 putri
720 1222 833 1249 materia
848 1228 1023 1257 generantur,

233 1261 362 1288 animalia
388 1267 480 1290 essent
502 1264 580 1292 valde
607 1266 730 1300 pulchra.
757 1266 817 1294 Non
838 1268 910 1295 enim
935 1277 1024 1296 rerum

235 1308 354 1341 speciem
372 1307 482 1337 divinus
507 1310 604 1337 oculus
621 1311 753 1344 intuetur,
781 1321 829 1340 nec
845 1314 960 1349 quadam
979 1322 1026 1343 co-

235 1353 312 1386 loris,
331 1354 479 1391 formaeque
495 1359 662 1392 praestantia,
690 1360 865 1398 pulchritudo
883 1362 1025 1396 delinitur,

235 1399 283 1426 sed
294 1407 337 1432 eo,
353 1401 424 1435 quod
443 1401 561 1437 singula,
576 1408 712 1438 quatenus
726 1409 801 1438 sunt,
820 1410 945 1434 naturam
964 1415 1026 1442 per-

235 1445 334 1472 fectam
349 1446 460 1475 habent.
476 1447 536 1475 Non
553 1449 624 1476 enim
642 1450 669 1477 in
681 1458 713 1478 eo
726 1442 878 1484 situm-est,
893 1457 922 1480 ut
939 1461 1027 1488 equus

236 1490 283 1523 sit,
297 1492 370 1527 quod
383 1492 432 1520 bos
448 1501 503 1521 non
515 1495 560 1526 sit,
577 1499 623 1522 aut
637 1501 749 1531 contra;
765 1497 810 1525 sed
821 1499 892 1534 quod
908 1499 936 1526 in
952 1503 1027 1527 utro-

235 1543 289 1570 que
300 1544 393 1564 corum
411 1546 440 1565 se
458 1539 544 1574 ipsam
566 1545 663 1568 natura
676 1550 829 1576 conservat,
847 1545 1026 1580 propriasque

236 1582 270 1610 ad
291 1584 467 1613 stabilitatem
489 1593 566 1613 suam
592 1587 697 1616 obtinet
720 1588 875 1622 facultates,
898 1599 948 1618 nec
964 1599 1024 1619 cor-

238 1630 392 1663 rumpendi,
407 1631 454 1658 sed
471 1633 652 1660 conservandi
668 1634 722 1660 vim
737 1634 830 1663 habet.

1064 222 1173 258 ἀερίους
1196 223 1341 256 ποιότητας
1357 230 1364 238 ι
1388 222 1475 254 οὕτως
1493 222 1564 249 εῐποι
1580 231 1622 254 τις
1646 222 1679 250 ἂν
1693 223 1722 256 ἐξ
1738 225 1860 252 ἑναντίου

1067 268 1116 302 μὲν
1129 266 1198 295 εἶναι
1220 268 1250 294 τὸ
1267 268 1350 303 ὑγρόν
1364 277 1393 294 τε
1417 269 1464 295 καὶ
1487 268 1608 304 ψυχρὸν,
1631 269 1671 304 τῷ
1696 269 1790 305 Θερμῷ
1813 272 1861 299 καὶ

1066 313 1159 348 ξηρῷ,
1185 314 1223 349 μὴ
1249 314 1340 349 μέντοι
1362 314 1510 349 τρέφεσθαι
1540 314 1626 341 ταῦτα
1652 316 1712 347 ταῖς
1739 316 1863 352 ἀλλήλων

1067 359 1198 394 φθοραῖς,
1231 360 1299 395 μηδὲ
1329 360 1379 395 τὴν
1413 360 1459 387 τοῦ
1491 358 1561 387 εἶναι
1597 361 1700 388 τούτων
1733 362 1862 398 ἑκάτερον

1067 404 1191 440 δύναμιν,
1216 405 1244 431 ὲν
1258 405 1297 440 τῷ
1316 405 1352 440 μὴ
1368 403 1438 432 εἶναι
1452 406 1485 432 τὸ
1498 406 1591 440 ἕτερον
1606 406 1690 441 ἔχειν.
1713 407 1791 434 Οὕτω
1806 407 1861 444 γὰρ

1069 451 1102 478 ἂν
1115 452 1256 487 οὐθέτερον
1274 452 1315 487 εἴη
1326 472 1333 481 .
1358 453 1437 486 εἰπερ
1451 451 1467 486 ἡ
1483 451 1596 487 διαμονὴ
1610 453 1764 488 ἁμφοτέρου
1782 455 1810 480 ὲν
1826 456 1858 491 τῇ

1069 495 1123 523 τῶν
1134 497 1180 524 δύο
1195 497 1283 532 φθορᾷ
1297 497 1345 533 τὴν
1353 497 1467 532 δύναμιν
1480 497 1552 532 ἔχοι·
1570 497 1614 533 ἴση
1624 499 1678 534 γὰρ
1691 500 1718 525 ὲν
1728 499 1858 535 ἑκάστῳή

1070 542 1117 568 τοῦ
1131 543 1250 578 φθείρειν
1263 543 1294 569 τὺ
1308 543 1399 578 ἕτερον
1413 543 1539 578 δύναμις,
1553 544 1599 570 καὶ
1616 544 1659 570 ἀεὶ
1678 545 1861 572 καταπλεονά-

1072 589 1125 622 ζων
1141 588 1189 615 τοῦ
1213 589 1423 624 ἐπικρατοῦντος
1436 590 1450 615 ὁ
1467 589 1620 624 ἀφανισμδς
1633 589 1681 615 τοῦ
1699 590 1861 626 λειπομένου

1072 635 1195 670 γίνεται·
1219 635 1266 661 καὶ
1279 635 1320 660 ὄτι
1335 634 1438 669 ἀληθὴς
1454 634 1468 660 ὁ
1484 634 1574 668 λόγος,
1591 634 1620 666 ἑξ
1642 635 1727 670 αὐτῆς
1740 635 1798 662 ἔστι
1812 636 1861 671 τῆς

1073 682 1171 717 πείρας
1192 680 1270 707 τοῦτο
1289 680 1395 716 μαθεῖν.
1419 681 1503 707 Ὅταν
1518 681 1572 716 γάρ
1587 689 1660 713 τινος
1674 681 1739 716 ὕλης
1762 681 1792 707 τὸ
1807 681 1862 717 πῦρ

1073 725 1279 762 περιδράξηται,
1304 723 1363 752 εἶτα
1387 726 1493 761 ἑπαχθῇ
1514 726 1544 752 τὸ
1564 726 1646 761 ὕδωρ,
1670 725 1763 760 όαφῶς
1789 726 1863 753 ἐστιν

1075 773 1138 800 ἰδεῖν
1148 773 1202 799 τῶν
1214 772 1260 799 δύο
1273 772 1375 799 τούτων
1387 772 1436 807 τὴν
1449 773 1478 799 ἐν
1491 772 1616 808 ἀλλήλοις
1631 772 1733 808 φθοράν
1744 781 1751 788 ·
1767 773 1798 798 τὸ
1810 773 1863 808 γὰρ

1073 819 1237 855 ἐπικρατοῦν
1265 820 1296 846 ἑν
1316 818 1420 850 τούτοις
1443 819 1567 853 ἀφανίζει
1598 819 1629 845 τὸ
1656 819 1770 853 ἕτερον,
1799 818 1864 851 ἴσως

1038 850 1058 878 Β
1072 850 1193 896 εἴκοντος
1207 864 1338 899 ἑκατέρου
1357 865 1390 899 τῇ
1414 850 1559 899 δυναστείᾳ
1584 864 1631 890 τοῦ
1655 850 1862 899 πλησιάζοντος

1075 911 1146 942 Ἕως
1167 910 1188 936 δ’
1205 910 1236 936 ἂν
1253 909 1396 945 ἰσόρροπος
1419 910 1447 935 ὲν
1471 910 1636 944 ἀμφοτέροις
1658 910 1674 944 ὴ
1698 909 1823 945 δύναμις,
1847 909 1863 944 ἢ

1073 955 1174 991 ὁμοίως
1208 955 1273 990 παρ’
1307 954 1471 989 ἀμφοτέρων
1507 954 1633 988 ἀλλήλοις
1667 955 1681 980 ὁ
1712 953 1866 987 ἀφανισμὸς

1075 1001 1237 1036 ἐνεργεῖται,
1253 1000 1300 1026 καὶ
1313 1000 1454 1035 οὐθέτερον
1536 999 1621 1034 ἑτέρῳ
1637 999 1775 1034 τρέφεται,
1799 998 1867 1025 ἀλλὰ

1074 1047 1109 1074 τὰ
1130 1047 1177 1073 δύο
1197 1046 1322 1081 ἀλλήλοις
1338 1045 1537 1079 ἑναφανίζεται.
1564 1045 1609 1076 Ὡς
1634 1045 1723 1071 τοίνυν
1744 1045 1790 1070 5πί
1813 1043 1866 1070 τῶν

1075 1091 1331 1127 ἀλληλοφαγούντων
1346 1091 1448 1126 Θηρίων
1465 1091 1514 1117 οὐκ
1533 1090 1587 1125 ἔχει
1606 1090 1701 1124 φόσιν,
1725 1090 1868 1124 ἀμφότερα

1074 1138 1107 1164 δι’
1121 1137 1245 1172 ἀλλήλων
1258 1138 1319 1173 ζῇν,
1334 1137 1369 1163 τὰ
1387 1137 1431 1164 ὑπ’
1449 1137 1571 1171 ἀλλήλων
1585 1136 1752 1171 φθειρόμενα
1769 1144 1776 1151 ·
1797 1135 1868 1161 οὕτω

1075 1183 1122 1209 καὶ
1137 1184 1152 1218 ἡ
1171 1183 1217 1210 τοῦ
1231 1181 1314 1218 ὑγροῦ
1329 1183 1397 1217 πρὸς
1409 1183 1440 1209 τὸ
1452 1182 1533 1217 ξηρὸν
1546 1181 1713 1213 ἐναντίωσις,
1727 1180 1869 1215 οὐθέτερον

1075 1229 1108 1256 ἂν
1125 1230 1154 1255 ἑν
1167 1228 1206 1264 τῷ
1221 1227 1290 1255 εἶναι
1307 1228 1456 1262 φυλάσσοι,
1478 1228 1556 1263 εἴπερ
1576 1228 1592 1263 ἡ
1616 1226 1663 1253 τοῦ
1679 1226 1772 1262 ἑτέρου
1790 1225 1867 1252 ἀπώ-

1075 1274 1135 1301 λεια
1158 1274 1251 1310 τρέφοι
1266 1274 1296 1300 τὺ
1315 1275 1418 1310 ἕτερον.
1450 1274 1530 1300 Ἀλλά
1546 1281 1591 1309 μοι
1607 1273 1680 1299 δοκεῖ
1699 1271 1784 1303 ιαλῶς
1799 1271 1869 1307 ἔχειν

1075 1320 1161 1352 οὕτως
1173 1320 1206 1347 ἂν
1216 1320 1316 1356 μᾶλλον
1331 1321 1396 1355 ἡμῖν
1410 1320 1479 1346 κατὰ
1489 1320 1518 1345 τὸ
1532 1318 1676 1346 ἀκόλουθον
1688 1317 1869 1352 διαληφθῆναι

1076 1366 1121 1393 τὸν
1136 1366 1214 1400 λόγον
1227 1375 1232 1381 ·
1254 1366 1347 1401 ἐπειδὴ
1367 1367 1456 1392 πάντα
1471 1366 1521 1392 ὅσα
1536 1365 1664 1399 εποίησεν
1680 1364 1694 1390 ὁ
1708 1363 1785 1395 Θεὸς,
1801 1362 1871 1389 καλὰ

1077 1411 1136 1438 λίαν
1153 1412 1236 1444 ἐστὶν,
1257 1411 1364 1446 ἑκάστῳ
1381 1411 1452 1446 φημὶ
1475 1411 1530 1438 δεῖν
1553 1409 1607 1436 τῶν
1624 1409 1708 1435 όντων
1728 1408 1872 1442 ὲνθεωρεῖ-

1078 1457 1140 1484 σθαι
1156 1458 1206 1492 τὴν
1229 1457 1276 1484 τοῦ
1294 1456 1378 1483 καλοῦ
1400 1457 1567 1491 τελειότητα.
1599 1456 1631 1482 Ἥ
1656 1455 1710 1490 γὰρ
1731 1454 1778 1481 τοῦ
1801 1454 1873 1481 λίαν

1079 1502 1220 1538 προσθήκη
1234 1521 1240 1532 ,
1266 1501 1310 1528 διὰ
1323 1502 1372 1536 τῆς
1388 1500 1549 1535 ἑπιτατικῆς
1564 1500 1702 1535 σημασίας
1721 1498 1812 1532 σαφῶς
1828 1498 1872 1524 ὲν-

1078 1546 1249 1574 δείκνυταιτδ
1260 1546 1416 1577 ἀνελλειπὲς
1428 1547 1466 1577 εἰς
1478 1545 1624 1572 τελείωσιν.
1633 1545 1677 1575 Ὠς
1685 1544 1737 1579 γὰρ
1748 1544 1776 1570 ὲν
1785 1544 1817 1578 τῇ
1827 1551 1873 1576 γε.-

1079 1594 1152 1620 νέσει
1167 1593 1221 1620 τῶν
1233 1592 1311 1624 ζώων
1328 1592 1426 1628 μυρίας
1447 1593 1495 1628 μὲν
1517 1592 1573 1618 ἐστι
1589 1590 1720 1626 διαφορὰς
1739 1590 1803 1616 ἰδεῖν
1819 1588 1874 1615 τῶν

1080 1640 1108 1665 ἑν
1126 1638 1229 1670 τούτοις
1250 1638 1355 1673 γενῶν,
1379 1638 1418 1673 τῷ
1443 1638 1472 1664 δὲ
1494 1637 1630 1671 καθολικῷ
1653 1636 1725 1671 λόγῳ
1747 1635 1796 1670 τῆς
1818 1634 1874 1660 τῶν

235 1674 320 1702 ὄντων
344 1676 480 1712 ἀποδοχῆς
502 1678 632 1713 ἁρμόζειν
652 1679 694 1713 ἐφ’
709 1681 824 1707 ἑκάστου
841 1682 939 1717 φαμὲν,
963 1683 1033 1711 κατὰ
1048 1685 1078 1712 τὺ
1093 1683 1150 1711 ἴσον
1173 1685 1204 1711 τὸ
1221 1684 1302 1711 καλὸν
1319 1682 1388 1711 εἶναι
1407 1684 1466 1711 λίαν
1481 1693 1487 1699 ·
1509 1685 1540 1710 οὐ
1564 1685 1618 1719 μὴν
1642 1684 1709 1718 πρὸς
1733 1682 1763 1708 τὸ
1783 1679 1876 1715 φαίνω

239 1730 318 1756 μενον
341 1722 390 1758 τὴν
411 1723 546 1760 ἀποδοχὴν
568 1722 647 1757 εἶναι,
665 1725 681 1760 ἢ
707 1725 740 1752 ἂν
756 1727 801 1753 καὶ
817 1728 834 1762 ὴ
851 1728 1043 1765 σκολόπενδρα,
1060 1731 1107 1757 καὶ
1129 1732 1142 1757 ό
1158 1732 1284 1766 χερσαῖος
1300 1730 1444 1765 βάτραχος,
1458 1730 1505 1756 καὶ
1521 1729 1555 1755 τὰ
1576 1730 1608 1755 ἐκ
1622 1729 1673 1764 τῆς
1693 1728 1801 1763 σήψεως
1820 1727 1875 1753 τῶν

238 1768 376 1804 βορϐόρων
396 1769 612 1805 ζωογονούμενα,
630 1770 686 1806 ἔχοι
706 1772 737 1798 τὺ
754 1772 814 1800 λίαν
840 1774 924 1802 καλά·
940 1775 996 1802 ἀλλ’
1014 1777 1043 1803 οὐ
1065 1777 1132 1813 πρὸς
1147 1777 1196 1812 τὴν
1212 1777 1286 1813 ὤραν
1301 1777 1356 1804 τῶν
1371 1775 1520 1811 γεγονότων
1541 1775 1555 1801 ό
1578 1775 1648 1806 θεῖος
1662 1773 1800 1808 ὀφθαλμὸς
1814 1772 1876 1807 βλέ-

237 1825 306 1849 πων,
321 1818 349 1844 ἑν
361 1818 472 1854 εὐχροίᾳ
485 1820 538 1846 τινὶ
551 1819 597 1846 καὶ
610 1820 747 1856 εὐμορφίᾳ
767 1821 797 1847 τὸ
821 1822 902 1849 καλὸν
927 1824 1057 1858 ὁρίζεται,
1077 1825 1134 1852 ἀλλ’
1149 1827 1178 1852 ὲν
1194 1825 1233 1860 τῷ
1248 1826 1364 1852 ἕκαστον
1374 1845 1380 1856 ,
1413 1823 1480 1850 καθὸ
1501 1823 1557 1850 ἔστι
1571 1843 1577 1854 ,
1603 1822 1708 1848 τελείαν
1733 1822 1761 1847 ἓν
1785 1819 1875 1854 ἑαυτῷ

237 1863 310 1899 ἔχειν
326 1864 376 1900 τὴν
397 1865 496 1899 φύσινι
525 1867 555 1892 οὐ
577 1865 632 1902 γὰρ
648 1867 676 1893 ὲν
699 1867 738 1902 τῷ
753 1867 816 1902 βοῦν
842 1868 879 1903 μὴ
904 1867 985 1901 εἶναι,
1010 1870 1055 1897 τὸν
1080 1872 1162 1898 ἵππον
1184 1872 1257 1898 ἐστιν
1276 1869 1356 1904 εἶναι,
1381 1869 1437 1896 ἀλλ’
1459 1869 1487 1894 ὲν
1511 1868 1617 1902 ἑκάστῳ
1631 1867 1733 1892 τούτων
1747 1865 1876 1899 συντηρετ

239 1909 366 1944 ἑαυτὴνὴ
384 1909 474 1943 φύσις,
494 1910 560 1941 ἰδίας
575 1911 701 1946 ἀφορμὰς
719 1912 787 1946 πρὸς
807 1912 856 1948 τὴν
881 1913 948 1940 ἰδίαν
973 1914 1102 1951 διαμονὴν
1116 1917 1281 1951 κεκτημένη,
1296 1916 1347 1942 οὐκ
1361 1917 1389 1941 ἐν
1403 1915 1489 1950 φθορᾷ
1505 1914 1555 1948 τῆς
1571 1913 1687 1948 φύσεως,
1705 1911 1759 1938 ἀλλ’
1771 1911 1809 1941 εἰς
1825 1909 1875 1944 τὴν

238 1954 286 1982 τοῦ
300 1952 367 1980 εἶναι
381 1954 492 1989 δύναμιν
507 1955 614 1990 ἔχουσα.

277 1999 323 2027 Sic
339 2000 419 2026 etiam
434 2001 578 2033 elementa,
600 2002 663 2029 licet
681 2003 759 2031 aliter
778 2004 850 2032 inter
859 2012 889 2032 se
903 2005 1024 2033 habeant.

1111 2005 1191 2033 Οὖτω
1203 2004 1254 2031 κᾶν
1270 2004 1369 2039 ἑτέρως
1381 2003 1437 2038 ἔχοι
1449 2002 1483 2029 τὰ
1493 2003 1611 2037 στοιχεῖα
1617 2001 1685 2036 πρὸς
1694 2001 1805 2035 ἄλληλα,
1816 2000 1875 2050 an:

242 2046 348 2080 singula
369 2050 458 2074 tamen
483 2047 511 2074 in
533 2055 562 2075 se
591 2049 670 2076 valde
694 2054 759 2077 sunt
778 2051 902 2085 pulchra.
918 2051 1024 2086 Propri:

1081 2050 1127 2078 οὖν
1142 2052 1184 2085 ἐφ’
1201 2049 1297 2077 ἑαυτοῦ
1313 2050 1427 2075 ἕκαστον
1441 2048 1524 2074 καλόν
1537 2049 1594 2073 ἑστι
1611 2047 1682 2073 λίαν.
1704 2047 1761 2080 Ἐφ’
1777 2046 1873 2072 ἑαυτοῦ

242 2091 315 2118 enim
332 2093 545 2128 unumquodque
561 2093 665 2122 ratione
677 2096 843 2130 completum
859 2101 901 2124 est
916 2097 1032 2132 pulchri-

242 2135 348 2164 tudine.
358 2136 476 2164 Pulchra
490 2142 531 2165 est
541 2142 623 2171 terra,
635 2139 736 2174 quippe
749 2148 809 2175 qua;
823 2149 875 2168 non
887 2146 947 2176 eget
962 2143 1033 2170 aeris

243 2183 367 2215 interitu,
386 2186 414 2210 ut
428 2187 499 2210 terra
511 2184 561 2216 sit,
581 2185 628 2212 sed
646 2186 762 2213 naturali
778 2187 829 2214 sibi
847 2195 861 2214 a
878 2187 933 2215 Deo
950 2189 1030 2216 insita

243 2233 377 2263 potestate
394 2237 455 2257 sese
472 2237 652 2262 conservans,
670 2231 697 2258 in
718 2232 837 2267 propriis
853 2234 1032 2268 qualitatibus

245 2279 346 2302 manet.
364 2274 480 2303 Pulcher
498 2279 540 2304 est
556 2284 614 2308 aer,
630 2284 684 2304 non
695 2285 729 2304 ex
747 2285 780 2306 eo
793 2278 865 2313 quod
882 2282 955 2307 terra
977 2287 1032 2307 non

245 2320 292 2352 sit,
317 2320 364 2348 sed
378 2321 450 2355 quod
465 2322 524 2356 ipse
546 2325 599 2355 est,
623 2330 707 2358 seque
728 2330 833 2352 naturae
854 2333 911 2353 sum
929 2326 1033 2354 viribus

244 2371 392 2394 sustentat.
428 2367 473 2396 Sic
498 2369 580 2395 etiam
602 2377 673 2404 aqua
695 2374 738 2398 est
759 2371 838 2399 valde
861 2372 986 2407 pulchra,
1005 2377 1034 2400 et

245 2412 315 2446 ignis
333 2413 446 2447 pulcher
459 2417 501 2441 est
512 2414 599 2447 valde,
614 2418 640 2442 et
656 2417 774 2451 propriis
789 2421 903 2452 uterque
918 2419 1033 2453 qualita-

246 2459 319 2486 tibus
334 2459 486 2492 absolutus,
507 2461 534 2487 in
549 2468 581 2488 ea
601 2469 730 2490 mensura
745 2471 799 2498 qua
816 2465 932 2498 primum
950 2472 1034 2500 gene-

246 2508 322 2531 ratus
341 2509 395 2537 est,
421 2505 521 2533 divina:
542 2507 692 2536 voluntatis
706 2509 807 2537 virtute
825 2515 955 2544 perpetuo
969 2517 1035 2538 con—

246 2555 381 2578 servatur.
414 2551 528 2584 «Terra,
558 2553 646 2589 inquit
662 2574 670 2587 ,
694 2554 721 2581 in
738 2558 869 2582 aeternum
889 2554 977 2582 stat"
993 2562 1000 2580 :
1019 2563 1029 2579 ι

245 2605 300 2625 non
325 2596 504 2632 imminuitur,
520 2606 575 2626 non
589 2604 719 2635 augetur:
738 2607 784 2627 aer
799 2600 826 2627 in
844 2601 961 2635 propriis
976 2608 1032 2628 ser-

247 2647 328 2670 vatur
345 2643 484 2677 terminis;
500 2644 570 2679 ignis
585 2653 639 2672 non
655 2646 798 2673 minuitur.
815 2645 938 2678 Quonam
953 2646 1035 2681 igitur

248 2691 327 2723 pacto
343 2695 413 2723 aqua
437 2689 496 2716 sola
515 2697 546 2716 CX
561 2697 654 2718 eorum
672 2699 772 2726 genere
785 2695 836 2723 est,
858 2699 918 2726 qua:
933 2699 1034 2719 consu-

249 2734 381 2762 muntur?
399 2734 531 2764 Praeterea
551 2737 578 2764 in
601 2737 682 2765 rebus
706 2736 772 2772 ipsis
788 2737 859 2764 inter
879 2744 909 2764 sc
925 2744 1034 2772 compa-

285 2823 308 2840 ’⁷
325 2823 414 2852 quue.
435 2824 486 2854 ut.

1081 2098 1135 2133 γὰρ
1151 2096 1220 2123 κατὰ
1226 2096 1271 2122 τὸν
1280 2096 1344 2122 ἴδιον
1351 2094 1429 2128 λόγον
1445 2095 1474 2120 ὲν
1484 2093 1522 2129 τῷ
1535 2092 1608 2127 καλῷ
1629 2091 1872 2126 συμπεπλήρωται.

1081 2144 1170 2170 Καλόν
1185 2144 1257 2170 ἑστιν
1267 2143 1283 2174 ἡ
1295 2142 1342 2176 γῆ·
1354 2142 1383 2167 οὐ
1391 2140 1445 2176 γὰρ
1455 2141 1503 2175 τῆς
1517 2139 1656 2170 ἀπωλείας
1664 2137 1709 2164 τοῦ
1719 2138 1798 2172 ἀέρος
1805 2137 1874 2172 χρῄ-

1047 2206 1068 2232 D
1083 2190 1124 2221 ζει
1137 2189 1240 2225 πρὸςτὸ
1251 2186 1320 2214 εἶναι
1328 2187 1375 2222 γῆ,
1385 2186 1451 2213 ἀλλὰ
1462 2185 1535 2221 μένει
1547 2186 1575 2211 ἑν
1584 2186 1643 2232 ταῖς
1653 2185 1731 2232 ἰδίαις
1739 2184 1874 2232 ποιότησι,

1082 2237 1126 2264 διὰ
1133 2237 1181 2271 τῆς
1192 2234 1308 2270 φυσικῆς
1316 2233 1383 2268 αὐτῇ
1392 2232 1482 2258 θεόθεν
1491 2230 1653 2265 ἐγκειμένης
1662 2229 1802 2264 δυνάμεως
1811 2230 1875 2255 ἑαυ-

1081 2282 1131 2317 τὴν
1149 2279 1327 2314 συντηροῦσα.
1339 2277 1450 2304 Καλὺνὸ
1461 2277 1515 2311 ἀήρ
1526 2284 1532 2290 ·
1546 2276 1595 2302 οὐκ
1608 2276 1636 2317 ἐγ
1644 2274 1683 2309 τῷ
1695 2276 1731 2309 μὴ
1743 2272 1810 2300 εἶναι
1823 2273 1874 2308 τὴν

1083 2328 1144 2362 γῆν,
1158 2325 1214 2353 ἀλλ’
1228 2325 1257 2351 ἐν
1267 2321 1289 2358 ᾧ
1302 2323 1381 2354 αὑτός
1395 2323 1519 2353 ἐστιταῖς
1534 2320 1603 2348 κατὰ
1615 2320 1695 2354 φύσιν
1705 2319 1872 2354 ἐνυπαρχού-

1085 2381 1144 2404 σαις
1158 2371 1231 2406 αὐτῷ
1237 2370 1367 2404 δυνάμεσι
1379 2369 1447 2403 πρὸς
1453 2368 1501 2402 τὴν
1512 2366 1640 2401 διαμονὴν
1652 2365 1783 2400 ἐξαρκῶν.
1795 2364 1875 2390 Οὕτω

1084 2419 1131 2445 καὶ
1146 2418 1218 2453 ὕδωρ
1242 2416 1302 2442 λίαν
1325 2415 1406 2441 ’καλὸν
1416 2434 1424 2446 ,
1449 2414 1496 2440 καὶ
1509 2413 1538 2439 τὸ
1553 2411 1608 2447 πῦρ
1632 2412 1712 2438 καλόν
1728 2412 1785 2437 ἑστι
1800 2411 1872 2443 λίαν,

1083 2466 1142 2496 ταῖς
1153 2464 1230 2494 ἰδίαις
1244 2462 1372 2497 ἑκάτερον
1388 2459 1658 2495 συμπεπληρωμένον
1674 2458 1815 2492 ποιότησις
1824 2457 1874 2483 καὶ

1083 2513 1115 2546 τῇ
1132 2510 1246 2545 δυνάμει
1260 2507 1307 2534 τοῦ
1324 2507 1396 2533 θείου
1411 2505 1562 2541 θελήματος
1578 2504 1649 2531 κατὰ
1664 2504 1698 2530 τὰ
1716 2503 1770 2529 ἴδια
1785 2503 1876 2538 μέτρα

1082 2555 1134 2590 τῆς
1152 2555 1263 2590 πρώτης
1283 2552 1426 2587 γενέσεως,
1444 2551 1483 2582 εἰς
1507 2550 1537 2577 τὸ
1561 2549 1682 2584 διηνεκὲς
1704 2548 1873 2583 παραμένον.

1086 2609 1096 2626 ι
1107 2600 1140 2626 'H
1149 2597 1308 2634 γῆ,›φησὶν,
1317 2608 1325 2622 ι
1336 2598 1376 2628 εἰς
1388 2596 1434 2622 τὸν
1443 2594 1529 2622 αἰῶνα
1539 2594 1662 2628 ἕστηκεν·
1671 2603 1679 2618 ι
1690 2593 1740 2619 οὐκ
1748 2592 1876 2619 ἐλαττου-

1084 2645 1165 2681 μένη,
1188 2644 1218 2670 οὐ
1244 2641 1438 2673 πλεονάζουσα.
1472 2641 1500 2667 '0
1521 2640 1575 2675 ἀὴρ
1592 2640 1620 2665 ἐν
1640 2639 1696 2669 τοῖς
1710 2638 1787 2669 ἰδίοις
1800 2638 1874 2672 ὅροις

1083 2691 1263 2726 φυλάσσεται,
1287 2689 1317 2715 τὸ
1337 2687 1392 2723 πῦρ
1418 2687 1448 2713 οὺ
1472 2685 1592 2722 μειοῦται
1607 2693 1613 2700 ·
1647 2684 1704 2716 πῶς
1738 2683 1816 2719 μόνον
1839 2683 1874 2708 ἐκ

1083 2738 1192 2765 πάντων
1216 2735 1245 2762 τὸ
1270 2735 1340 2769 ὕδωρ
1363 2733 1418 2760 τῶν
1432 2731 1634 2767 δαπανωμένων
1651 2730 1727 2764 aut;
1755 2729 1810 2757 Καὶ
1833 2727 1877 2755 ἑτι
