  <div class='ocr_page' id='page_1' title='image "/cluster/home/n/w/nwhite01/storage/ocr_20150623/44/njp.32101009003169/052.png"; bbox 0 0 1976 3077; ppageno 0'>
   <div class='ocr_carea' id='block_1_1' title="bbox 101 126 1725 171">
    <p class='ocr_par' dir='ltr' id='par_1_1' title="bbox 101 126 1725 171">
     <span class='ocr_line' id='line_1_1' title="bbox 101 126 1725 171; baseline 0.009 -14"><span class='ocrx_word' id='word_1_1' title='bbox 101 126 138 157; x_wconf 79' lang='grc'>95</span> <span class='ocrx_word' id='word_1_2' title='bbox 685 131 720 159; x_wconf 85' lang='grc' dir='ltr'><strong>ΙΝ</strong></span> <span class='ocrx_word' id='word_1_3' title='bbox 739 132 977 164; x_wconf 82' lang='lat' dir='ltr'><strong>HEXAEMERON</strong></span> <span class='ocrx_word' id='word_1_4' title='bbox 996 136 1107 164; x_wconf 74' lang='lat' dir='ltr'><strong>LIBER.</strong></span> <span class='ocrx_word' id='word_1_5' title='bbox 1690 144 1725 171; x_wconf 56' lang='lat'><strong>95</strong></span> 
     </span>
    </p>
   </div>
   <div class='ocr_carea' id='block_1_2' title="bbox 101 181 877 235">
    <p class='ocr_par' dir='ltr' id='par_1_2' title="bbox 101 181 877 224">
     <span class='ocr_line' id='line_1_2' title="bbox 101 181 877 224; baseline 0.013 -16"><span class='ocrx_word' id='word_1_6' title='bbox 101 183 169 219; x_wconf 75' lang='grc' dir='ltr'>πρὸς</span> <span class='ocrx_word' id='word_1_7' title='bbox 183 181 284 216; x_wconf 80' lang='grc' dir='ltr'><strong>τούτοις</strong></span> <span class='ocrx_word' id='word_1_8' title='bbox 300 183 400 220; x_wconf 82' lang='grc' dir='ltr'>πολλὴν</span> <span class='ocrx_word' id='word_1_9' title='bbox 413 185 520 221; x_wconf 79' lang='grc' dir='ltr'>ὁρῶμεν</span> <span class='ocrx_word' id='word_1_10' title='bbox 532 186 561 213; x_wconf 83' lang='grc' dir='ltr'>ὲν</span> <span class='ocrx_word' id='word_1_11' title='bbox 578 188 719 224; x_wconf 75' lang='grc' dir='ltr'><strong>συγκρίσει</strong></span> <span class='ocrx_word' id='word_1_12' title='bbox 730 190 785 217; x_wconf 84' lang='grc' dir='ltr'><strong>τῶν</strong></span> <span class='ocrx_word' id='word_1_13' title='bbox 801 191 877 218; x_wconf 57' lang='grc' dir='ltr'>ὄντωη</span> 
     </span>
    </p>
   </div>
   <div class='ocr_carea' id='block_1_3' title="bbox 928 181 1725 235">
    <p class='ocr_par' dir='ltr' id='par_1_3' title="bbox 940 194 1725 235">
     <span class='ocr_line' id='line_1_3' title="bbox 940 194 1725 235; baseline 0.009 -14"><span class='ocrx_word' id='word_1_14' title='bbox 940 194 1034 222; x_wconf 88' lang='lat' dir='ltr'><strong>raudis</strong></span> <span class='ocrx_word' id='word_1_15' title='bbox 1051 194 1174 222; x_wconf 84' lang='lat' dir='ltr'><strong>videmus</strong></span> <span class='ocrx_word' id='word_1_16' title='bbox 1195 202 1255 222; x_wconf 86' lang='lat' dir='ltr'><strong>eam</strong></span> <span class='ocrx_word' id='word_1_17' title='bbox 1275 203 1335 230; x_wconf 83' lang='lat' dir='ltr'><strong>quae</strong></span> <span class='ocrx_word' id='word_1_18' title='bbox 1358 200 1482 225; x_wconf 88' lang='lat' dir='ltr'><strong>naturam</strong></span> <span class='ocrx_word' id='word_1_19' title='bbox 1501 206 1533 226; x_wconf 86' lang='lat' dir='ltr'><strong>ac</strong></span> <span class='ocrx_word' id='word_1_20' title='bbox 1550 199 1602 226; x_wconf 98' lang='lat' dir='ltr'><strong>vim</strong></span> <span class='ocrx_word' id='word_1_21' title='bbox 1619 201 1725 235; x_wconf 81' lang='lat' dir='ltr'><strong>igneam</strong></span> 
     </span>
    </p>
   </div>
   <div class='ocr_carea' id='block_1_4' title="bbox 100 227 886 272">
    <p class='ocr_par' dir='ltr' id='par_1_4' title="bbox 100 227 886 272">
     <span class='ocr_line' id='line_1_4' title="bbox 100 227 886 272; baseline 0.011 -18"><span class='ocrx_word' id='word_1_22' title='bbox 100 227 150 264; x_wconf 79' lang='grc' dir='ltr'><strong>τὴν</strong></span> <span class='ocrx_word' id='word_1_23' title='bbox 163 229 272 265; x_wconf 85' lang='grc' dir='ltr'><strong>πυρώδη</strong></span> <span class='ocrx_word' id='word_1_24' title='bbox 289 230 383 258; x_wconf 76' lang='grc' dir='ltr'>οὐσίαν</span> <span class='ocrx_word' id='word_1_25' title='bbox 405 231 451 258; x_wconf 77' lang='grc' dir='ltr'>καὶ</span> <span class='ocrx_word' id='word_1_26' title='bbox 467 232 598 268; x_wconf 84' lang='grc' dir='ltr'>δύναμιν·</span> <span class='ocrx_word' id='word_1_27' title='bbox 625 234 672 260; x_wconf 78' lang='grc' dir='ltr'>καὶ</span> <span class='ocrx_word' id='word_1_28' title='bbox 692 235 771 262; x_wconf 85' lang='grc' dir='ltr'>τοῦτο</span> <span class='ocrx_word' id='word_1_29' title='bbox 793 237 886 272; x_wconf 85' lang='grc' dir='ltr'>σαφῶς</span> 
     </span>
    </p>
   </div>
   <div class='ocr_carea' id='block_1_5' title="bbox 101 273 887 314">
    <p class='ocr_par' dir='ltr' id='par_1_5' title="bbox 101 273 887 314">
     <span class='ocr_line' id='line_1_5' title="bbox 101 273 887 314; baseline 0.01 -15"><span class='ocrx_word' id='word_1_30' title='bbox 101 274 133 299; x_wconf 80' lang='grc' dir='ltr'>ὲκ</span> <span class='ocrx_word' id='word_1_31' title='bbox 147 273 200 300; x_wconf 84' lang='grc' dir='ltr'><strong>τῶν</strong></span> <span class='ocrx_word' id='word_1_32' title='bbox 214 274 248 301; x_wconf 85' lang='grc' dir='ltr'>τὰ</span> <span class='ocrx_word' id='word_1_33' title='bbox 272 275 395 311; x_wconf 84' lang='grc' dir='ltr'>μετέωρα</span> <span class='ocrx_word' id='word_1_34' title='bbox 416 277 670 312; x_wconf 82' lang='grc' dir='ltr'>πεφιλοσοφηκότων</span> <span class='ocrx_word' id='word_1_35' title='bbox 695 279 734 311; x_wconf 80' lang='grc' dir='ltr'><strong>είς</strong></span> <span class='ocrx_word' id='word_1_36' title='bbox 751 280 887 314; x_wconf 80' lang='grc' dir='ltr'>ἀπόδειξιν</span> 
     </span>
    </p>
   </div>
   <div class='ocr_carea' id='block_1_6' title="bbox 98 319 884 361">
    <p class='ocr_par' dir='ltr' id='par_1_6' title="bbox 98 319 884 361">
     <span class='ocr_line' id='line_1_6' title="bbox 98 319 884 361; baseline 0.01 -16"><span class='ocrx_word' id='word_1_37' title='bbox 98 319 204 352; x_wconf 74' lang='grc' dir='ltr'>ἄγεται,</span> <span class='ocrx_word' id='word_1_38' title='bbox 220 320 250 346; x_wconf 80' lang='grc' dir='ltr'>τὸ</span> <span class='ocrx_word' id='word_1_39' title='bbox 267 320 483 349; x_wconf 72' lang='grc' dir='ltr'><strong>πολλαπλασίονα</strong></span> <span class='ocrx_word' id='word_1_40' title='bbox 504 323 555 358; x_wconf 77' lang='grc' dir='ltr'>τῆς</span> <span class='ocrx_word' id='word_1_41' title='bbox 570 323 622 358; x_wconf 83' lang='grc' dir='ltr'><strong>γῆς</strong></span> <span class='ocrx_word' id='word_1_42' title='bbox 636 322 704 351; x_wconf 76' lang='grc' dir='ltr'>εἶναι</span> <span class='ocrx_word' id='word_1_43' title='bbox 720 325 766 351; x_wconf 83' lang='grc' dir='ltr'>τὸν</span> <span class='ocrx_word' id='word_1_44' title='bbox 788 326 864 361; x_wconf 79' lang='grc' dir='ltr'>ἥλιον</span> <span class='ocrx_word' id='word_1_45' title='bbox 877 333 884 340; x_wconf 90' lang='grc'>·</span> 
     </span>
    </p>
   </div>
   <div class='ocr_carea' id='block_1_7' title="bbox 99 364 886 405">
    <p class='ocr_par' dir='ltr' id='par_1_7' title="bbox 99 364 886 405">
     <span class='ocr_line' id='line_1_7' title="bbox 99 364 886 405; baseline 0.011 -16"><span class='ocrx_word' id='word_1_46' title='bbox 99 364 137 395; x_wconf 89' lang='grc' dir='ltr'>ὡς</span> <span class='ocrx_word' id='word_1_47' title='bbox 157 365 223 399; x_wconf 84' lang='grc' dir='ltr'>μηδὲ</span> <span class='ocrx_word' id='word_1_48' title='bbox 238 366 285 392; x_wconf 77' lang='grc' dir='ltr'><strong>ἐπὶ</strong></span> <span class='ocrx_word' id='word_1_49' title='bbox 307 366 374 393; x_wconf 86' lang='grc' dir='ltr'>πολὺ</span> <span class='ocrx_word' id='word_1_50' title='bbox 397 367 443 394; x_wconf 88' lang='grc' dir='ltr'><strong>τοῦ</strong></span> <span class='ocrx_word' id='word_1_51' title='bbox 470 368 549 403; x_wconf 81' lang='grc' dir='ltr'>ἀέρος</span> <span class='ocrx_word' id='word_1_52' title='bbox 565 369 615 403; x_wconf 84' lang='grc' dir='ltr'>τὴν</span> <span class='ocrx_word' id='word_1_53' title='bbox 629 369 678 397; x_wconf 76' lang='grc' dir='ltr'><strong>ἀπ’</strong></span> <span class='ocrx_word' id='word_1_54' title='bbox 705 370 789 405; x_wconf 84' lang='grc' dir='ltr'>αὐτῆς</span> <span class='ocrx_word' id='word_1_55' title='bbox 808 372 886 398; x_wconf 80' lang='grc' dir='ltr'>σκιὰν</span> 
     </span>
    </p>
   </div>
   <div class='ocr_carea' id='block_1_8' title="bbox 99 408 885 451">
    <p class='ocr_par' dir='ltr' id='par_1_8' title="bbox 99 408 885 451">
     <span class='ocr_line' id='line_1_8' title="bbox 99 408 885 451; baseline 0.011 -16"><span class='ocrx_word' id='word_1_56' title='bbox 99 408 271 442; x_wconf 79' lang='grc' dir='ltr'>ἐξικνεῖσθαι,</span> <span class='ocrx_word' id='word_1_57' title='bbox 288 411 327 446; x_wconf 84' lang='grc' dir='ltr'>τῷ</span> <span class='ocrx_word' id='word_1_58' title='bbox 342 413 535 448; x_wconf 79' lang='grc' dir='ltr'>ὑπερϐάλλοντι</span> <span class='ocrx_word' id='word_1_59' title='bbox 557 414 604 441; x_wconf 86' lang='grc' dir='ltr'><strong>τοῦ</strong></span> <span class='ocrx_word' id='word_1_60' title='bbox 626 415 738 450; x_wconf 80' lang='grc' dir='ltr'>ἡλιακοῦ</span> <span class='ocrx_word' id='word_1_61' title='bbox 755 417 885 451; x_wconf 82' lang='grc' dir='ltr'>μεγέθους</span> 
     </span>
    </p>
   </div>
   <div class='ocr_carea' id='block_1_9' title="bbox 99 456 885 497">
    <p class='ocr_par' dir='ltr' id='par_1_9' title="bbox 99 456 885 497">
     <span class='ocr_line' id='line_1_9' title="bbox 99 456 885 497; baseline 0.01 -16"><span class='ocrx_word' id='word_1_62' title='bbox 99 456 249 487; x_wconf 82' lang='grc' dir='ltr'>κωνοειδῶς</span> <span class='ocrx_word' id='word_1_63' title='bbox 265 457 294 482; x_wconf 80' lang='grc' dir='ltr'>ἐν</span> <span class='ocrx_word' id='word_1_64' title='bbox 310 459 343 492; x_wconf 86' lang='grc' dir='ltr'><strong>τῇ</strong></span> <span class='ocrx_word' id='word_1_65' title='bbox 360 458 495 494; x_wconf 75' lang='grc' dir='ltr'>προσϐολῇ</span> <span class='ocrx_word' id='word_1_66' title='bbox 510 459 564 486; x_wconf 86' lang='grc' dir='ltr'>τῶν</span> <span class='ocrx_word' id='word_1_67' title='bbox 578 461 694 488; x_wconf 80' lang='grc' dir='ltr'><strong>ἀκτίνων</strong></span> <span class='ocrx_word' id='word_1_68' title='bbox 708 462 885 497; x_wconf 86' lang='grc' dir='ltr'>συστελλομέ-</span> 
     </span>
    </p>
   </div>
   <div class='ocr_carea' id='block_1_10' title="bbox 97 499 886 543">
    <p class='ocr_par' dir='ltr' id='par_1_10' title="bbox 97 499 886 543">
     <span class='ocr_line' id='line_1_10' title="bbox 97 499 886 543; baseline 0.011 -17"><span class='ocrx_word' id='word_1_69' title='bbox 97 508 158 535; x_wconf 86' lang='grc' dir='ltr'>νην.</span> <span class='ocrx_word' id='word_1_70' title='bbox 172 501 204 527; x_wconf 84' lang='grc' dir='ltr'>Εί</span> <span class='ocrx_word' id='word_1_71' title='bbox 216 499 262 528; x_wconf 82' lang='grc' dir='ltr'><strong>οὗν</strong></span> <span class='ocrx_word' id='word_1_72' title='bbox 273 501 359 535; x_wconf 80' lang='grc' dir='ltr'>οὕτως</span> <span class='ocrx_word' id='word_1_73' title='bbox 371 503 459 537; x_wconf 81' lang='grc' dir='ltr'>ὀλίγον</span> <span class='ocrx_word' id='word_1_74' title='bbox 472 504 549 531; x_wconf 86' lang='grc' dir='ltr'>τοῦτο</span> <span class='ocrx_word' id='word_1_75' title='bbox 561 505 598 537; x_wconf 88' lang='grc' dir='ltr'>ὡς</span> <span class='ocrx_word' id='word_1_76' title='bbox 616 506 681 540; x_wconf 83' lang='grc' dir='ltr'>πρὸς</span> <span class='ocrx_word' id='word_1_77' title='bbox 697 507 784 534; x_wconf 76' lang='grc' dir='ltr'>ἐκεῖνο</span> <span class='ocrx_word' id='word_1_78' title='bbox 799 508 886 543; x_wconf 84' lang='grc' dir='ltr'>κρινό-</span> 
     </span>
    </p>
   </div>
   <div class='ocr_carea' id='block_1_11' title="bbox 100 547 885 588">
    <p class='ocr_par' dir='ltr' id='par_1_11' title="bbox 100 547 885 588">
     <span class='ocr_line' id='line_1_11' title="bbox 100 547 885 588; baseline 0.01 -15"><span class='ocrx_word' id='word_1_79' title='bbox 100 555 179 582; x_wconf 79' lang='grc' dir='ltr'>μενον</span> <span class='ocrx_word' id='word_1_80' title='bbox 194 567 201 579; x_wconf 84' lang='lat'><strong>,</strong></span> <span class='ocrx_word' id='word_1_81' title='bbox 225 547 295 575; x_wconf 84' lang='grc' dir='ltr'>ὥστε</span> <span class='ocrx_word' id='word_1_82' title='bbox 312 549 454 576; x_wconf 75' lang='grc' dir='ltr'>πολλοστὸν</span> <span class='ocrx_word' id='word_1_83' title='bbox 476 549 545 577; x_wconf 79' lang='grc' dir='ltr'>εἶναι</span> <span class='ocrx_word' id='word_1_84' title='bbox 560 551 606 578; x_wconf 87' lang='grc' dir='ltr'><strong>τοῦ</strong></span> <span class='ocrx_word' id='word_1_85' title='bbox 624 552 736 587; x_wconf 83' lang='grc' dir='ltr'>ἡλιακοῦ</span> <span class='ocrx_word' id='word_1_86' title='bbox 753 553 885 588; x_wconf 85' lang='grc' dir='ltr'>μεγέθους</span> 
     </span>
    </p>
   </div>
   <div class='ocr_carea' id='block_1_12' title="bbox 100 593 884 634">
    <p class='ocr_par' dir='ltr' id='par_1_12' title="bbox 100 593 884 634">
     <span class='ocr_line' id='line_1_12' title="bbox 100 593 884 634; baseline 0.01 -16"><span class='ocrx_word' id='word_1_87' title='bbox 100 593 168 627; x_wconf 79' lang='grc' dir='ltr'>μετὰ</span> <span class='ocrx_word' id='word_1_88' title='bbox 182 594 271 629; x_wconf 81' lang='grc' dir='ltr'>πάσης</span> <span class='ocrx_word' id='word_1_89' title='bbox 282 595 331 629; x_wconf 87' lang='grc' dir='ltr'>τῆς</span> <span class='ocrx_word' id='word_1_90' title='bbox 349 595 399 630; x_wconf 83' lang='grc' dir='ltr'>γῆς</span> <span class='ocrx_word' id='word_1_91' title='bbox 416 596 445 622; x_wconf 85' lang='grc' dir='ltr'>τὸ</span> <span class='ocrx_word' id='word_1_92' title='bbox 461 595 532 632; x_wconf 79' lang='grc' dir='ltr'>ὕδωρ</span> <span class='ocrx_word' id='word_1_93' title='bbox 548 598 791 634; x_wconf 84' lang='grc' dir='ltr'>ἀντιμετρούμενον</span> <span class='ocrx_word' id='word_1_94' title='bbox 809 607 816 614; x_wconf 88' lang='grc'><strong>·</strong></span> <span class='ocrx_word' id='word_1_95' title='bbox 845 601 884 631; x_wconf 78' lang='grc' dir='ltr'>εἰς</span> 
     </span>
    </p>
   </div>
   <div class='ocr_carea' id='block_1_13' title="bbox 99 637 885 680">
    <p class='ocr_par' dir='ltr' id='par_1_13' title="bbox 99 637 885 680">
     <span class='ocr_line' id='line_1_13' title="bbox 99 637 885 680; baseline 0.009 -17"><span class='ocrx_word' id='word_1_96' title='bbox 99 637 181 664; x_wconf 66' lang='grc' dir='ltr'>πόσον</span> <span class='ocrx_word' id='word_1_97' title='bbox 203 637 235 665; x_wconf 81' lang='grc' dir='ltr'>ἂν</span> <span class='ocrx_word' id='word_1_98' title='bbox 257 640 350 675; x_wconf 84' lang='grc' dir='ltr'>χρόνον</span> <span class='ocrx_word' id='word_1_99' title='bbox 371 640 401 666; x_wconf 89' lang='grc' dir='ltr'>τὸ</span> <span class='ocrx_word' id='word_1_100' title='bbox 417 639 502 676; x_wconf 79' lang='grc' dir='ltr'>βραχὺ</span> <span class='ocrx_word' id='word_1_101' title='bbox 525 641 604 669; x_wconf 80' lang='grc' dir='ltr'>τοῦτο</span> <span class='ocrx_word' id='word_1_102' title='bbox 623 643 662 678; x_wconf 82' lang='grc' dir='ltr'>τῷ</span> <span class='ocrx_word' id='word_1_103' title='bbox 685 643 802 679; x_wconf 81' lang='grc' dir='ltr'>τοσούτῳ</span> <span class='ocrx_word' id='word_1_104' title='bbox 817 645 885 680; x_wconf 76' lang='grc' dir='ltr'>πυρὶ</span> 
     </span>
    </p>
   </div>
   <div class='ocr_carea' id='block_1_14' title="bbox 99 683 884 724">
    <p class='ocr_par' dir='ltr' id='par_1_14' title="bbox 99 683 884 724">
     <span class='ocr_line' id='line_1_14' title="bbox 99 683 884 724; baseline 0.01 -15"><span class='ocrx_word' id='word_1_105' title='bbox 99 683 168 718; x_wconf 81' lang='grc' dir='ltr'>πρὸς</span> <span class='ocrx_word' id='word_1_106' title='bbox 186 684 234 719; x_wconf 83' lang='grc' dir='ltr'>τὴν</span> <span class='ocrx_word' id='word_1_107' title='bbox 248 684 368 720; x_wconf 81' lang='grc' dir='ltr'>δαπάνην</span> <span class='ocrx_word' id='word_1_108' title='bbox 384 686 540 721; x_wconf 80' lang='grc' dir='ltr'>διήρκεσεν;</span> <span class='ocrx_word' id='word_1_109' title='bbox 565 688 644 715; x_wconf 83' lang='grc' dir='ltr'>Ἀλλά</span> <span class='ocrx_word' id='word_1_110' title='bbox 666 689 720 724; x_wconf 84' lang='grc' dir='ltr'>μὴν</span> <span class='ocrx_word' id='word_1_111' title='bbox 740 690 884 722; x_wconf 83' lang='grc' dir='ltr'>διαπαντὸς</span> 
     </span>
    </p>
   </div>
   <div class='ocr_carea' id='block_1_15' title="bbox 98 728 884 770">
    <p class='ocr_par' dir='ltr' id='par_1_15' title="bbox 98 728 884 770">
     <span class='ocr_line' id='line_1_15' title="bbox 98 728 884 770; baseline 0.01 -16"><span class='ocrx_word' id='word_1_112' title='bbox 98 728 205 764; x_wconf 80' lang='grc' dir='ltr'>ὁρῶμεν</span> <span class='ocrx_word' id='word_1_113' title='bbox 220 730 268 765; x_wconf 82' lang='grc' dir='ltr'>τὴν</span> <span class='ocrx_word' id='word_1_114' title='bbox 280 730 414 758; x_wconf 81' lang='grc' dir='ltr'>θάλασσαν</span> <span class='ocrx_word' id='word_1_115' title='bbox 428 733 457 758; x_wconf 79' lang='grc' dir='ltr'>ὲν</span> <span class='ocrx_word' id='word_1_116' title='bbox 471 732 509 768; x_wconf 85' lang='grc' dir='ltr'>τῷ</span> <span class='ocrx_word' id='word_1_117' title='bbox 526 733 576 768; x_wconf 80' lang='grc' dir='ltr'><strong>τσῳ</strong></span> <span class='ocrx_word' id='word_1_118' title='bbox 591 733 818 770; x_wconf 85' lang='grc' dir='ltr'>πλημμύρουσαν,</span> <span class='ocrx_word' id='word_1_119' title='bbox 838 737 884 762; x_wconf 72' lang='grc' dir='ltr'>καὶ</span> 
     </span>
    </p>
   </div>
   <div class='ocr_carea' id='block_1_16' title="bbox 98 775 883 817">
    <p class='ocr_par' dir='ltr' id='par_1_16' title="bbox 98 775 883 817">
     <span class='ocr_line' id='line_1_16' title="bbox 98 775 883 817; baseline 0.011 -17"><span class='ocrx_word' id='word_1_120' title='bbox 98 775 151 801; x_wconf 85' lang='grc' dir='ltr'>τῶν</span> <span class='ocrx_word' id='word_1_121' title='bbox 167 776 296 811; x_wconf 84' lang='grc' dir='ltr'>ποταμῶν</span> <span class='ocrx_word' id='word_1_122' title='bbox 311 777 359 813; x_wconf 78' lang='grc' dir='ltr'>τὴν</span> <span class='ocrx_word' id='word_1_123' title='bbox 374 778 458 813; x_wconf 79' lang='grc' dir='ltr'>φορὰν</span> <span class='ocrx_word' id='word_1_124' title='bbox 477 779 505 805; x_wconf 83' lang='grc' dir='ltr'>ὲν</span> <span class='ocrx_word' id='word_1_125' title='bbox 521 780 577 811; x_wconf 88' lang='grc' dir='ltr'>τοῖς</span> <span class='ocrx_word' id='word_1_126' title='bbox 593 780 668 813; x_wconf 81' lang='grc' dir='ltr'>ἰδίοις</span> <span class='ocrx_word' id='word_1_127' title='bbox 688 781 819 816; x_wconf 86' lang='grc' dir='ltr'>μένουσαν</span> <span class='ocrx_word' id='word_1_128' title='bbox 834 782 883 817; x_wconf 83' lang='grc' dir='ltr'>μέ-</span> 
     </span>
    </p>
   </div>
   <div class='ocr_carea' id='block_1_17' title="bbox 98 821 883 861">
    <p class='ocr_par' dir='ltr' id='par_1_17' title="bbox 98 821 883 861">
     <span class='ocr_line' id='line_1_17' title="bbox 98 821 883 861; baseline 0.011 -16"><span class='ocrx_word' id='word_1_129' title='bbox 98 827 171 854; x_wconf 83' lang='grc' dir='ltr'>τροις</span> <span class='ocrx_word' id='word_1_130' title='bbox 183 829 190 835; x_wconf 93' lang='grc'><strong>·</strong></span> <span class='ocrx_word' id='word_1_131' title='bbox 216 822 266 856; x_wconf 83' lang='grc' dir='ltr'>ἄρα</span> <span class='ocrx_word' id='word_1_132' title='bbox 281 821 310 848; x_wconf 85' lang='grc' dir='ltr'><strong>τὺ</strong></span> <span class='ocrx_word' id='word_1_133' title='bbox 326 822 363 857; x_wconf 89' lang='grc' dir='ltr'>μὴ</span> <span class='ocrx_word' id='word_1_134' title='bbox 377 823 548 851; x_wconf 79' lang='grc' dir='ltr'>δαπανᾶσθαι</span> <span class='ocrx_word' id='word_1_135' title='bbox 560 833 585 851; x_wconf 89' lang='grc' dir='ltr'><strong>τι</strong></span> <span class='ocrx_word' id='word_1_136' title='bbox 599 825 646 852; x_wconf 81' lang='grc' dir='ltr'><strong>τοῦ</strong></span> <span class='ocrx_word' id='word_1_137' title='bbox 660 826 744 861; x_wconf 86' lang='grc' dir='ltr'>ὑγροῦ</span> <span class='ocrx_word' id='word_1_138' title='bbox 754 846 762 859; x_wconf 82' lang='grc'><strong>,</strong></span> <span class='ocrx_word' id='word_1_139' title='bbox 777 827 821 854; x_wconf 84' lang='grc' dir='ltr'><strong>διὰ</strong></span> <span class='ocrx_word' id='word_1_140' title='bbox 834 827 883 861; x_wconf 79' lang='grc' dir='ltr'>τῆς</span> 
     </span>
    </p>
   </div>
   <div class='ocr_carea' id='block_1_18' title="bbox 937 240 1725 282">
    <p class='ocr_par' dir='ltr' id='par_1_18' title="bbox 937 240 1725 282">
     <span class='ocr_line' id='line_1_18' title="bbox 937 240 1725 282; baseline 0.009 -16"><span class='ocrx_word' id='word_1_141' title='bbox 937 240 1049 272; x_wconf 91' lang='lat' dir='ltr'><strong>obtinet,</strong></span> <span class='ocrx_word' id='word_1_142' title='bbox 1074 241 1260 276; x_wconf 72' lang='lat' dir='ltr'><strong>magnitudine</strong></span> <span class='ocrx_word' id='word_1_143' title='bbox 1276 242 1354 277; x_wconf 84' lang='lat' dir='ltr'><strong>longe</strong></span> <span class='ocrx_word' id='word_1_144' title='bbox 1377 248 1516 278; x_wconf 85' lang='lat' dir='ltr'><strong>praestare.</strong></span> <span class='ocrx_word' id='word_1_145' title='bbox 1533 244 1599 272; x_wconf 85' lang='lat' dir='ltr'><strong>Nam</strong></span> <span class='ocrx_word' id='word_1_146' title='bbox 1623 245 1662 273; x_wconf 77' lang='lat' dir='ltr'><strong>illi</strong></span> <span class='ocrx_word' id='word_1_147' title='bbox 1677 247 1725 282; x_wconf 88' lang='lat' dir='ltr'><strong>qui</strong></span> 
     </span>
    </p>
   </div>
   <div class='ocr_carea' id='block_1_19' title="bbox 936 283 1724 325">
    <p class='ocr_par' dir='ltr' id='par_1_19' title="bbox 936 283 1724 325">
     <span class='ocr_line' id='line_1_19' title="bbox 936 283 1724 325; baseline 0.009 -14"><span class='ocrx_word' id='word_1_148' title='bbox 936 283 970 311; x_wconf 88' lang='lat' dir='ltr'><strong>de</strong></span> <span class='ocrx_word' id='word_1_149' title='bbox 992 285 1073 312; x_wconf 86' lang='lat' dir='ltr'><strong>rebus</strong></span> <span class='ocrx_word' id='word_1_150' title='bbox 1092 285 1255 313; x_wconf 90' lang='lat' dir='ltr'><strong>sublimibus</strong></span> <span class='ocrx_word' id='word_1_151' title='bbox 1271 285 1508 321; x_wconf 86' lang='lat' dir='ltr'><strong>philosophantur.</strong></span> <span class='ocrx_word' id='word_1_152' title='bbox 1531 290 1615 316; x_wconf 89' lang='lat' dir='ltr'><strong>solem</strong></span> <span class='ocrx_word' id='word_1_153' title='bbox 1635 291 1724 325; x_wconf 88' lang='lat' dir='ltr'><strong>ipsum</strong></span> 
     </span>
    </p>
   </div>
   <div class='ocr_carea' id='block_1_20' title="bbox 936 330 1724 365">
    <p class='ocr_par' dir='ltr' id='par_1_20' title="bbox 936 330 1724 365">
     <span class='ocr_line' id='line_1_20' title="bbox 936 330 1724 365; baseline 0.008 -9"><span class='ocrx_word' id='word_1_154' title='bbox 936 330 1029 356; x_wconf 89' lang='lat' dir='ltr'><strong>multis</strong></span> <span class='ocrx_word' id='word_1_155' title='bbox 1043 330 1166 364; x_wconf 86' lang='lat' dir='ltr'><strong>partibus</strong></span> <span class='ocrx_word' id='word_1_156' title='bbox 1189 334 1260 357; x_wconf 91' lang='lat' dir='ltr'><strong>terra</strong></span> <span class='ocrx_word' id='word_1_157' title='bbox 1277 331 1408 365; x_wconf 83' lang='lat' dir='ltr'><strong>majorem</strong></span> <span class='ocrx_word' id='word_1_158' title='bbox 1434 341 1495 360; x_wconf 81' lang='lat' dir='ltr'><strong>esse</strong></span> <span class='ocrx_word' id='word_1_159' title='bbox 1512 334 1591 362; x_wconf 76' lang='lat' dir='ltr'><strong>facile</strong></span> <span class='ocrx_word' id='word_1_160' title='bbox 1610 336 1724 363; x_wconf 86' lang='lat' dir='ltr'><strong>demon-</strong></span> 
     </span>
    </p>
   </div>
   <div class='ocr_carea' id='block_1_21' title="bbox 936 373 1723 412">
    <p class='ocr_par' dir='ltr' id='par_1_21' title="bbox 936 373 1723 412">
     <span class='ocr_line' id='line_1_21' title="bbox 936 373 1723 412; baseline 0.009 -12"><span class='ocrx_word' id='word_1_161' title='bbox 936 377 1034 401; x_wconf 84' lang='lat' dir='ltr'><strong>strant.</strong></span> <span class='ocrx_word' id='word_1_162' title='bbox 1047 373 1140 409; x_wconf 82' lang='lat' dir='ltr'><strong>Neque</strong></span> <span class='ocrx_word' id='word_1_163' title='bbox 1153 375 1225 402; x_wconf 91' lang='lat' dir='ltr'><strong>enim</strong></span> <span class='ocrx_word' id='word_1_164' title='bbox 1241 376 1364 402; x_wconf 81' lang='lat' dir='ltr'><strong>umbram</strong></span> <span class='ocrx_word' id='word_1_165' title='bbox 1378 379 1456 404; x_wconf 79' lang='lat' dir='ltr'><strong>terra:</strong></span> <span class='ocrx_word' id='word_1_166' title='bbox 1471 377 1578 412; x_wconf 80' lang='lat' dir='ltr'><strong>longius</strong></span> <span class='ocrx_word' id='word_1_167' title='bbox 1593 380 1621 406; x_wconf 90' lang='lat' dir='ltr'><strong>in</strong></span> <span class='ocrx_word' id='word_1_168' title='bbox 1635 388 1723 407; x_wconf 89' lang='lat' dir='ltr'><strong>aerem</strong></span> 
     </span>
    </p>
   </div>
   <div class='ocr_carea' id='block_1_22' title="bbox 935 419 1725 456">
    <p class='ocr_par' dir='ltr' id='par_1_22' title="bbox 935 419 1725 456">
     <span class='ocr_line' id='line_1_22' title="bbox 935 419 1725 456; baseline 0.008 -11"><span class='ocrx_word' id='word_1_169' title='bbox 935 419 1070 453; x_wconf 75' lang='lat' dir='ltr'><strong>protendi,</strong></span> <span class='ocrx_word' id='word_1_170' title='bbox 1087 420 1159 455; x_wconf 90' lang='lat' dir='ltr'><strong>quod</strong></span> <span class='ocrx_word' id='word_1_171' title='bbox 1182 425 1329 455; x_wconf 88' lang='lat' dir='ltr'><strong>superante</strong></span> <span class='ocrx_word' id='word_1_172' title='bbox 1341 421 1408 449; x_wconf 91' lang='lat' dir='ltr'><strong>solis</strong></span> <span class='ocrx_word' id='word_1_173' title='bbox 1422 422 1619 456; x_wconf 84' lang='lat' dir='ltr'><strong>magnitudine,</strong></span> <span class='ocrx_word' id='word_1_174' title='bbox 1634 425 1725 451; x_wconf 89' lang='lat' dir='ltr'><strong>radio-</strong></span> 
     </span>
    </p>
   </div>
   <div class='ocr_carea' id='block_1_23' title="bbox 935 466 1724 497">
    <p class='ocr_par' dir='ltr' id='par_1_23' title="bbox 935 466 1724 497">
     <span class='ocr_line' id='line_1_23' title="bbox 935 466 1724 497; baseline 0.006 -5"><span class='ocrx_word' id='word_1_175' title='bbox 935 472 995 492; x_wconf 91' lang='lat' dir='ltr'><strong>rum</strong></span> <span class='ocrx_word' id='word_1_176' title='bbox 1006 473 1118 493; x_wconf 86' lang='lat' dir='ltr'><strong>accessu</strong></span> <span class='ocrx_word' id='word_1_177' title='bbox 1133 466 1160 493; x_wconf 92' lang='lat' dir='ltr'><strong>in</strong></span> <span class='ocrx_word' id='word_1_178' title='bbox 1173 467 1291 494; x_wconf 90' lang='lat' dir='ltr'><strong>turbinis</strong></span> <span class='ocrx_word' id='word_1_179' title='bbox 1304 474 1406 495; x_wconf 91' lang='lat' dir='ltr'><strong>morem</strong></span> <span class='ocrx_word' id='word_1_180' title='bbox 1418 469 1596 495; x_wconf 83' lang='lat' dir='ltr'><strong>contrahatur</strong></span> <span class='ocrx_word' id='word_1_181' title='bbox 1608 473 1634 496; x_wconf 91' lang='lat' dir='ltr'><strong>et</strong></span> <span class='ocrx_word' id='word_1_182' title='bbox 1647 478 1724 497; x_wconf 86' lang='lat' dir='ltr'><strong>coar-</strong></span> 
     </span>
    </p>
   </div>
   <div class='ocr_carea' id='block_1_24' title="bbox 934 511 1724 550">
    <p class='ocr_par' dir='ltr' id='par_1_24' title="bbox 934 511 1724 550">
     <span class='ocr_line' id='line_1_24' title="bbox 934 511 1724 550; baseline 0.006 -12"><span class='ocrx_word' id='word_1_183' title='bbox 934 515 1031 539; x_wconf 87' lang='lat' dir='ltr'><strong>ctetur.</strong></span> <span class='ocrx_word' id='word_1_184' title='bbox 1057 511 1134 545; x_wconf 86' lang='lat' dir='ltr'><strong>Quod</strong></span> <span class='ocrx_word' id='word_1_185' title='bbox 1150 513 1172 540; x_wconf 90' lang='lat' dir='ltr'><strong>si</strong></span> <span class='ocrx_word' id='word_1_186' title='bbox 1189 517 1274 539; x_wconf 89' lang='lat' dir='ltr'><strong>totum</strong></span> <span class='ocrx_word' id='word_1_187' title='bbox 1300 513 1361 546; x_wconf 89' lang='lat' dir='ltr'><strong>hoc,</strong></span> <span class='ocrx_word' id='word_1_188' title='bbox 1381 514 1454 548; x_wconf 91' lang='lat' dir='ltr'><strong>quod</strong></span> <span class='ocrx_word' id='word_1_189' title='bbox 1476 522 1508 541; x_wconf 74' lang='lat' dir='ltr'><strong>ex</strong></span> <span class='ocrx_word' id='word_1_190' title='bbox 1525 519 1597 542; x_wconf 89' lang='lat' dir='ltr'><strong>terra</strong></span> <span class='ocrx_word' id='word_1_191' title='bbox 1609 519 1636 542; x_wconf 88' lang='lat' dir='ltr'><strong>et</strong></span> <span class='ocrx_word' id='word_1_192' title='bbox 1654 523 1724 550; x_wconf 84' lang='lat' dir='ltr'><strong>aqua</strong></span> 
     </span>
    </p>
   </div>
   <div class='ocr_carea' id='block_1_25' title="bbox 935 556 1723 594">
    <p class='ocr_par' dir='ltr' id='par_1_25' title="bbox 935 556 1723 594">
     <span class='ocr_line' id='line_1_25' title="bbox 935 556 1723 594; baseline 0.005 -11"><span class='ocrx_word' id='word_1_193' title='bbox 935 556 1089 589; x_wconf 75' lang='lat' dir='ltr'><strong>coniicitur,</strong></span> <span class='ocrx_word' id='word_1_194' title='bbox 1108 565 1170 585; x_wconf 90' lang='lat' dir='ltr'><strong>cum</strong></span> <span class='ocrx_word' id='word_1_195' title='bbox 1185 559 1245 592; x_wconf 89' lang='lat' dir='ltr'><strong>ipso</strong></span> <span class='ocrx_word' id='word_1_196' title='bbox 1258 562 1361 585; x_wconf 85' lang='lat' dir='ltr'><strong>tantum</strong></span> <span class='ocrx_word' id='word_1_197' title='bbox 1379 559 1436 586; x_wconf 87' lang='lat' dir='ltr'><strong>sole</strong></span> <span class='ocrx_word' id='word_1_198' title='bbox 1448 564 1648 594; x_wconf 85' lang='lat' dir='ltr'><strong>comparatum,</strong></span> <span class='ocrx_word' id='word_1_199' title='bbox 1668 565 1723 587; x_wconf 91' lang='lat' dir='ltr'><strong>tam</strong></span> 
     </span>
    </p>
   </div>
   <div class='ocr_carea' id='block_1_26' title="bbox 934 603 1724 638">
    <p class='ocr_par' dir='ltr' id='par_1_26' title="bbox 934 603 1724 638">
     <span class='ocr_line' id='line_1_26' title="bbox 934 603 1724 638; baseline 0.004 -9"><span class='ocrx_word' id='word_1_200' title='bbox 934 603 1061 638; x_wconf 86' lang='lat' dir='ltr'><strong>exiguum</strong></span> <span class='ocrx_word' id='word_1_201' title='bbox 1086 605 1146 634; x_wconf 87' lang='lat' dir='ltr'><strong>est,</strong></span> <span class='ocrx_word' id='word_1_202' title='bbox 1182 607 1211 629; x_wconf 91' lang='lat' dir='ltr'><strong>ut</strong></span> <span class='ocrx_word' id='word_1_203' title='bbox 1231 603 1325 630; x_wconf 88' lang='lat' dir='ltr'><strong>multis</strong></span> <span class='ocrx_word' id='word_1_204' title='bbox 1358 604 1484 637; x_wconf 86' lang='lat' dir='ltr'><strong>partibus</strong></span> <span class='ocrx_word' id='word_1_205' title='bbox 1512 605 1630 632; x_wconf 80' lang='lat' dir='ltr'><strong>excellat</strong></span> <span class='ocrx_word' id='word_1_206' title='bbox 1656 605 1724 632; x_wconf 90' lang='lat' dir='ltr'><strong>solis</strong></span> 
     </span>
    </p>
   </div>
   <div class='ocr_carea' id='block_1_27' title="bbox 934 647 1724 683">
    <p class='ocr_par' dir='ltr' id='par_1_27' title="bbox 934 647 1724 683">
     <span class='ocr_line' id='line_1_27' title="bbox 934 647 1724 683; baseline 0.004 -9"><span class='ocrx_word' id='word_1_207' title='bbox 934 647 1102 683; x_wconf 76' lang='lat' dir='ltr'><strong>magnitudo,</strong></span> <span class='ocrx_word' id='word_1_208' title='bbox 1132 648 1253 682; x_wconf 90' lang='lat' dir='ltr'><strong>quandiu</strong></span> <span class='ocrx_word' id='word_1_209' title='bbox 1278 649 1413 675; x_wconf 89' lang='lat' dir='ltr'><strong>tantulum</strong></span> <span class='ocrx_word' id='word_1_210' title='bbox 1435 649 1507 676; x_wconf 83' lang='lat' dir='ltr'><strong>istud</strong></span> <span class='ocrx_word' id='word_1_211' title='bbox 1526 649 1631 677; x_wconf 88' lang='lat' dir='ltr'><strong>humidi</strong></span> <span class='ocrx_word' id='word_1_212' title='bbox 1649 654 1724 677; x_wconf 89' lang='lat' dir='ltr'><strong>tanto</strong></span> 
     </span>
    </p>
   </div>
   <div class='ocr_carea' id='block_1_28' title="bbox 935 693 1723 728">
    <p class='ocr_par' dir='ltr' id='par_1_28' title="bbox 935 693 1723 728">
     <span class='ocr_line' id='line_1_28' title="bbox 935 693 1723 728; baseline 0.004 -8"><span class='ocrx_word' id='word_1_213' title='bbox 935 693 990 728; x_wconf 90' lang='lat' dir='ltr'><strong>igni</strong></span> <span class='ocrx_word' id='word_1_214' title='bbox 1009 694 1206 721; x_wconf 87' lang='lat' dir='ltr'><strong>nutrimentum</strong></span> <span class='ocrx_word' id='word_1_215' title='bbox 1225 694 1483 721; x_wconf 83' lang='lat' dir='ltr'><strong>subministrasset?</strong></span> <span class='ocrx_word' id='word_1_216' title='bbox 1497 695 1623 722; x_wconf 85' lang='lat' dir='ltr'><strong>Attamen</strong></span> <span class='ocrx_word' id='word_1_217' title='bbox 1635 697 1723 723; x_wconf 89' lang='lat' dir='ltr'><strong>omni-</strong></span> 
     </span>
    </p>
   </div>
   <div class='ocr_carea' id='block_1_29' title="bbox 935 738 1723 776">
    <p class='ocr_par' dir='ltr' id='par_1_29' title="bbox 935 738 1723 776">
     <span class='ocr_line' id='line_1_29' title="bbox 935 738 1723 776; baseline 0.008 -11"><span class='ocrx_word' id='word_1_218' title='bbox 935 738 987 766; x_wconf 86' lang='lat' dir='ltr'><strong>bus</strong></span> <span class='ocrx_word' id='word_1_219' title='bbox 1007 739 1114 766; x_wconf 66' lang='lat' dir='ltr'><strong>saeculis</strong></span> <span class='ocrx_word' id='word_1_220' title='bbox 1135 740 1260 768; x_wconf 82' lang='lat' dir='ltr'><strong>videmus</strong></span> <span class='ocrx_word' id='word_1_221' title='bbox 1286 748 1361 768; x_wconf 84' lang='lat' dir='ltr'><strong>mare</strong></span> <span class='ocrx_word' id='word_1_222' title='bbox 1386 742 1488 776; x_wconf 87' lang='lat' dir='ltr'><strong>pariter</strong></span> <span class='ocrx_word' id='word_1_223' title='bbox 1515 743 1669 775; x_wconf 83' lang='lat' dir='ltr'><strong>exundans,</strong></span> <span class='ocrx_word' id='word_1_224' title='bbox 1696 747 1723 771; x_wconf 87' lang='lat' dir='ltr'><strong>et</strong></span> 
     </span>
    </p>
   </div>
   <div class='ocr_carea' id='block_1_30' title="bbox 933 783 1721 816">
    <p class='ocr_par' dir='ltr' id='par_1_30' title="bbox 933 783 1721 816">
     <span class='ocr_line' id='line_1_30' title="bbox 933 783 1721 816; baseline 0.006 -6"><span class='ocrx_word' id='word_1_225' title='bbox 933 783 1074 812; x_wconf 92' lang='lat' dir='ltr'><strong>ﬂuminum</strong></span> <span class='ocrx_word' id='word_1_226' title='bbox 1086 783 1183 812; x_wconf 82' lang='lat' dir='ltr'><strong>cursus</strong></span> <span class='ocrx_word' id='word_1_227' title='bbox 1196 785 1298 813; x_wconf 82' lang='lat' dir='ltr'><strong>eisdem</strong></span> <span class='ocrx_word' id='word_1_228' title='bbox 1317 785 1416 813; x_wconf 80' lang='lat' dir='ltr'><strong>ﬁnibus</strong></span> <span class='ocrx_word' id='word_1_229' title='bbox 1429 791 1455 812; x_wconf 86' lang='lat' dir='ltr'><strong>et</strong></span> <span class='ocrx_word' id='word_1_230' title='bbox 1467 787 1554 814; x_wconf 84' lang='lat' dir='ltr'><strong>modis</strong></span> <span class='ocrx_word' id='word_1_231' title='bbox 1574 789 1721 816; x_wconf 81' lang='lat' dir='ltr'><strong>contineri.</strong></span> 
     </span>
    </p>
   </div>
   <div class='ocr_carea' id='block_1_31' title="bbox 933 829 1722 866">
    <p class='ocr_par' dir='ltr' id='par_1_31' title="bbox 933 829 1722 866">
     <span class='ocr_line' id='line_1_31' title="bbox 933 829 1722 866; baseline 0.008 -10"><span class='ocrx_word' id='word_1_232' title='bbox 933 829 993 862; x_wconf 84' lang='lat' dir='ltr'><strong>Quo</strong></span> <span class='ocrx_word' id='word_1_233' title='bbox 1020 830 1129 865; x_wconf 88' lang='lat' dir='ltr'><strong>quidem</strong></span> <span class='ocrx_word' id='word_1_234' title='bbox 1155 831 1344 866; x_wconf 86' lang='lat' dir='ltr'><strong>experimento</strong></span> <span class='ocrx_word' id='word_1_235' title='bbox 1372 832 1439 859; x_wconf 89' lang='lat' dir='ltr'><strong>nihil</strong></span> <span class='ocrx_word' id='word_1_236' title='bbox 1468 832 1571 860; x_wconf 89' lang='lat' dir='ltr'><strong>humidi</strong></span> <span class='ocrx_word' id='word_1_237' title='bbox 1597 835 1722 862; x_wconf 78' lang='lat' dir='ltr'><strong>consumi</strong></span> 
     </span>
    </p>
   </div>
   <div class='ocr_carea' id='block_1_32' title="bbox 97 865 877 912">
    <p class='ocr_par' dir='ltr' id='par_1_32' title="bbox 97 865 877 908">
     <span class='ocr_line' id='line_1_32' title="bbox 97 865 877 908; baseline 0.012 -18"><span class='ocrx_word' id='word_1_238' title='bbox 97 865 224 900; x_wconf 81' lang='grc' dir='ltr'><strong>τοιαύτης</strong></span> <span class='ocrx_word' id='word_1_239' title='bbox 239 869 416 902; x_wconf 77' lang='grc' dir='ltr'><strong>μαρτυρεῖται</strong></span> <span class='ocrx_word' id='word_1_240' title='bbox 432 869 537 904; x_wconf 84' lang='grc' dir='ltr'>πείρας.</span> <span class='ocrx_word' id='word_1_241' title='bbox 558 869 626 897; x_wconf 85' lang='grc' dir='ltr'>Ἀλλ’</span> <span class='ocrx_word' id='word_1_242' title='bbox 640 871 734 907; x_wconf 83' lang='grc' dir='ltr'>ὥσπερ</span> <span class='ocrx_word' id='word_1_243' title='bbox 751 872 825 907; x_wconf 86' lang='grc' dir='ltr'><strong>παρά</strong></span> <span class='ocrx_word' id='word_1_244' title='bbox 834 873 877 908; x_wconf 62' lang='grc' dir='ltr'>’τὴι</span> 
     </span>
    </p>
   </div>
   <div class='ocr_carea' id='block_1_33' title="bbox 928 865 1722 912">
    <p class='ocr_par' dir='ltr' id='par_1_33' title="bbox 934 875 1722 912">
     <span class='ocr_line' id='line_1_33' title="bbox 934 875 1722 912; baseline 0.006 -10"><span class='ocrx_word' id='word_1_245' title='bbox 934 875 1081 910; x_wconf 82' lang='lat' dir='ltr'><strong>probatur;</strong></span> <span class='ocrx_word' id='word_1_246' title='bbox 1108 880 1134 904; x_wconf 91' lang='lat' dir='ltr'><strong>et</strong></span> <span class='ocrx_word' id='word_1_247' title='bbox 1153 877 1386 912; x_wconf 86' lang='lat' dir='ltr'><strong>quemadmodum</strong></span> <span class='ocrx_word' id='word_1_248' title='bbox 1405 879 1483 906; x_wconf 90' lang='lat' dir='ltr'><strong>initio</strong></span> <span class='ocrx_word' id='word_1_249' title='bbox 1500 886 1554 905; x_wconf 91' lang='lat' dir='ltr'><strong>non</strong></span> <span class='ocrx_word' id='word_1_250' title='bbox 1579 887 1611 906; x_wconf 84' lang='lat' dir='ltr'><strong>cx</strong></span> <span class='ocrx_word' id='word_1_251' title='bbox 1631 880 1722 907; x_wconf 84' lang='lat' dir='ltr'><strong>humi-</strong></span> 
     </span>
    </p>
   </div>
   <div class='ocr_carea' id='block_1_34' title="bbox 98 910 882 954">
    <p class='ocr_par' dir='ltr' id='par_1_34' title="bbox 98 910 882 954">
     <span class='ocr_line' id='line_1_34' title="bbox 98 910 882 954; baseline 0.011 -18"><span class='ocrx_word' id='word_1_252' title='bbox 98 910 209 946; x_wconf 81' lang='grc' dir='ltr'>πρώτην</span> <span class='ocrx_word' id='word_1_253' title='bbox 225 913 274 938; x_wconf 83' lang='grc' dir='ltr'><strong>οὑκ</strong></span> <span class='ocrx_word' id='word_1_254' title='bbox 290 913 318 939; x_wconf 83' lang='grc' dir='ltr'>ἐν</span> <span class='ocrx_word' id='word_1_255' title='bbox 329 915 361 948; x_wconf 86' lang='grc' dir='ltr'>τῇ</span> <span class='ocrx_word' id='word_1_256' title='bbox 377 914 464 949; x_wconf 79' lang='grc' dir='ltr'>φθορᾷ</span> <span class='ocrx_word' id='word_1_257' title='bbox 479 916 528 951; x_wconf 84' lang='grc' dir='ltr'>τῆς</span> <span class='ocrx_word' id='word_1_258' title='bbox 546 916 693 952; x_wconf 81' lang='grc' dir='ltr'>ὑγρότητος</span> <span class='ocrx_word' id='word_1_259' title='bbox 706 918 735 944; x_wconf 78' lang='grc' dir='ltr'>τὸ</span> <span class='ocrx_word' id='word_1_260' title='bbox 751 918 807 954; x_wconf 86' lang='grc' dir='ltr'>πῦρ</span> <span class='ocrx_word' id='word_1_261' title='bbox 820 918 882 953; x_wconf 77' lang='grc' dir='ltr'>ἔσχε</span> 
     </span>
    </p>
   </div>
   <div class='ocr_carea' id='block_1_35' title="bbox 97 954 882 998">
    <p class='ocr_par' dir='ltr' id='par_1_35' title="bbox 97 954 882 998">
     <span class='ocr_line' id='line_1_35' title="bbox 97 954 882 998; baseline 0.013 -18"><span class='ocrx_word' id='word_1_262' title='bbox 97 954 146 989; x_wconf 80' lang='grc' dir='ltr'>τὴν</span> <span class='ocrx_word' id='word_1_263' title='bbox 154 955 266 990; x_wconf 83' lang='grc' dir='ltr'>γένεσιν,</span> <span class='ocrx_word' id='word_1_264' title='bbox 273 957 340 983; x_wconf 78' lang='grc' dir='ltr'>ἀλλὰ</span> <span class='ocrx_word' id='word_1_265' title='bbox 347 959 420 994; x_wconf 85' lang='grc' dir='ltr'>παρὰ</span> <span class='ocrx_word' id='word_1_266' title='bbox 426 960 566 996; x_wconf 85' lang='grc' dir='ltr'>τῆςαὺτῆς</span> <span class='ocrx_word' id='word_1_267' title='bbox 574 961 675 997; x_wconf 85' lang='grc' dir='ltr'>ὑπέστη</span> <span class='ocrx_word' id='word_1_268' title='bbox 683 962 831 998; x_wconf 84' lang='grc' dir='ltr'>δυνάμεως·</span> <span class='ocrx_word' id='word_1_269' title='bbox 837 964 882 990; x_wconf 81' lang='grc' dir='ltr'>καὶ</span> 
     </span>
    </p>
   </div>
   <div class='ocr_carea' id='block_1_36' title="bbox 96 1000 879 1042">
    <p class='ocr_par' dir='ltr' id='par_1_36' title="bbox 96 1000 879 1042">
     <span class='ocr_line' id='line_1_36' title="bbox 96 1000 879 1042; baseline 0.011 -16"><span class='ocrx_word' id='word_1_270' title='bbox 96 1000 175 1027; x_wconf 84' lang='grc' dir='ltr'>τοῦτο</span> <span class='ocrx_word' id='word_1_271' title='bbox 188 1001 273 1034; x_wconf 78' lang='grc' dir='ltr'>οὕτως</span> <span class='ocrx_word' id='word_1_272' title='bbox 281 1004 350 1030; x_wconf 80' lang='grc' dir='ltr'><strong>κατά</strong></span> <span class='ocrx_word' id='word_1_273' title='bbox 357 1004 405 1039; x_wconf 81' lang='grc' dir='ltr'>τὴν</span> <span class='ocrx_word' id='word_1_274' title='bbox 422 1005 533 1041; x_wconf 87' lang='grc' dir='ltr'>πρώτην</span> <span class='ocrx_word' id='word_1_275' title='bbox 539 1006 586 1034; x_wconf 87' lang='grc' dir='ltr'><strong>τοῦ</strong></span> <span class='ocrx_word' id='word_1_276' title='bbox 595 1008 726 1042; x_wconf 79' lang='grc' dir='ltr'>στοιχείου</span> <span class='ocrx_word' id='word_1_277' title='bbox 742 1008 879 1042; x_wconf 72' lang='grc' dir='ltr'>σύστασιν,</span> 
     </span>
    </p>
   </div>
   <div class='ocr_carea' id='block_1_37' title="bbox 97 1046 881 1088">
    <p class='ocr_par' dir='ltr' id='par_1_37' title="bbox 97 1046 881 1088">
     <span class='ocr_line' id='line_1_37' title="bbox 97 1046 881 1088; baseline 0.013 -17"><span class='ocrx_word' id='word_1_278' title='bbox 97 1047 144 1072; x_wconf 80' lang='grc' dir='ltr'>καὶ</span> <span class='ocrx_word' id='word_1_279' title='bbox 154 1047 193 1078; x_wconf 88' lang='grc' dir='ltr'><strong>είς</strong></span> <span class='ocrx_word' id='word_1_280' title='bbox 204 1046 233 1073; x_wconf 82' lang='grc' dir='ltr'><strong>τὺ</strong></span> <span class='ocrx_word' id='word_1_281' title='bbox 239 1046 383 1083; x_wconf 80' lang='grc' dir='ltr'>διηνεκὲςὴ</span> <span class='ocrx_word' id='word_1_282' title='bbox 393 1049 505 1084; x_wconf 83' lang='grc' dir='ltr'>διαμονὴ</span> <span class='ocrx_word' id='word_1_283' title='bbox 521 1051 730 1087; x_wconf 84' lang='grc' dir='ltr'>φυλαχθήσεται,</span> <span class='ocrx_word' id='word_1_284' title='bbox 743 1053 818 1080; x_wconf 78' lang='grc' dir='ltr'>οὐδὲν</span> <span class='ocrx_word' id='word_1_285' title='bbox 831 1054 881 1088; x_wconf 79' lang='grc' dir='ltr'>τῆς</span> 
     </span>
    </p>
   </div>
   <div class='ocr_carea' id='block_1_38' title="bbox 96 1092 878 1135">
    <p class='ocr_par' dir='ltr' id='par_1_38' title="bbox 96 1092 878 1135">
     <span class='ocr_line' id='line_1_38' title="bbox 96 1092 878 1135; baseline 0.012 -18"><span class='ocrx_word' id='word_1_286' title='bbox 96 1093 183 1126; x_wconf 79' lang='grc' dir='ltr'>ὑγρᾶς</span> <span class='ocrx_word' id='word_1_287' title='bbox 193 1092 299 1126; x_wconf 85' lang='grc' dir='ltr'>φύσεως</span> <span class='ocrx_word' id='word_1_288' title='bbox 314 1094 380 1129; x_wconf 83' lang='grc' dir='ltr'>πρὸς</span> <span class='ocrx_word' id='word_1_289' title='bbox 390 1095 419 1121; x_wconf 72' lang='grc' dir='ltr'>τὸ</span> <span class='ocrx_word' id='word_1_290' title='bbox 429 1095 563 1131; x_wconf 85' lang='grc' dir='ltr'>διαμεῖναι</span> <span class='ocrx_word' id='word_1_291' title='bbox 575 1097 605 1123; x_wconf 86' lang='grc' dir='ltr'>τὸ</span> <span class='ocrx_word' id='word_1_292' title='bbox 616 1098 669 1133; x_wconf 88' lang='grc' dir='ltr'><strong>πῦρ</strong></span> <span class='ocrx_word' id='word_1_293' title='bbox 678 1099 878 1135; x_wconf 85' lang='grc' dir='ltr'>διοχλουμένης.</span> 
     </span>
    </p>
   </div>
   <div class='ocr_carea' id='block_1_39' title="bbox 147 1138 880 1180">
    <p class='ocr_par' dir='ltr' id='par_1_39' title="bbox 147 1138 880 1180">
     <span class='ocr_line' id='line_1_39' title="bbox 147 1138 880 1180; baseline 0.012 -17"><span class='ocrx_word' id='word_1_294' title='bbox 147 1138 217 1164; x_wconf 82' lang='grc' dir='ltr'>Ἀλλ’</span> <span class='ocrx_word' id='word_1_295' title='bbox 247 1139 373 1174; x_wconf 82' lang='grc' dir='ltr'>ὁρῶμεν,</span> <span class='ocrx_word' id='word_1_296' title='bbox 406 1141 495 1176; x_wconf 78' lang='grc' dir='ltr'>φησὶ,</span> <span class='ocrx_word' id='word_1_297' title='bbox 535 1143 664 1176; x_wconf 80' lang='grc' dir='ltr'>πολλάκις</span> <span class='ocrx_word' id='word_1_298' title='bbox 701 1145 880 1180; x_wconf 81' lang='grc' dir='ltr'>ὑγρανθεῑσαν</span> 
     </span>
    </p>
   </div>
   <div class='ocr_carea' id='block_1_40' title="bbox 94 1184 879 1224">
    <p class='ocr_par' dir='ltr' id='par_1_40' title="bbox 94 1184 879 1224">
     <span class='ocr_line' id='line_1_40' title="bbox 94 1184 879 1224; baseline 0.008 -14"><span class='ocrx_word' id='word_1_299' title='bbox 94 1184 124 1218; x_wconf 74' lang='grc' dir='ltr'><strong>ἐξ</strong></span> <span class='ocrx_word' id='word_1_300' title='bbox 167 1185 319 1221; x_wconf 75' lang='grc' dir='ltr'>ἐπομϐρίας</span> <span class='ocrx_word' id='word_1_301' title='bbox 348 1186 398 1221; x_wconf 82' lang='grc' dir='ltr'>τὴν</span> <span class='ocrx_word' id='word_1_302' title='bbox 425 1187 486 1222; x_wconf 85' lang='grc' dir='ltr'>γῆν,</span> <span class='ocrx_word' id='word_1_303' title='bbox 528 1185 587 1214; x_wconf 78' lang='grc' dir='ltr'>εἶτα</span> <span class='ocrx_word' id='word_1_304' title='bbox 628 1188 804 1224; x_wconf 84' lang='grc' dir='ltr'>σφοδρότερον</span> <span class='ocrx_word' id='word_1_305' title='bbox 832 1189 879 1216; x_wconf 83' lang='grc' dir='ltr'><strong>τοῦ</strong></span> 
     </span>
    </p>
   </div>
   <div class='ocr_carea' id='block_1_41' title="bbox 93 1230 880 1277">
    <p class='ocr_par' dir='ltr' id='par_1_41' title="bbox 93 1230 880 1277">
     <span class='ocr_line' id='line_1_41' title="bbox 93 1230 880 1277; baseline 0.008 -22"><span class='ocrx_word' id='word_1_306' title='bbox 93 1230 168 1265; x_wconf 83' lang='grc' dir='ltr'>ἡλίου</span> <span class='ocrx_word' id='word_1_307' title='bbox 194 1230 224 1256; x_wconf 85' lang='grc' dir='ltr'>τὸ</span> <span class='ocrx_word' id='word_1_308' title='bbox 245 1231 422 1266; x_wconf 83' lang='grc' dir='ltr'>ὑποκείμενον</span> <span class='ocrx_word' id='word_1_309' title='bbox 445 1232 605 1277; x_wconf 62' lang='grc' dir='ltr'>θάλψαντος,</span> <span class='ocrx_word' id='word_1_310' title='bbox 626 1234 711 1269; x_wconf 82' lang='grc' dir='ltr'>ξηρὰν</span> <span class='ocrx_word' id='word_1_311' title='bbox 736 1235 880 1270; x_wconf 82' lang='grc' dir='ltr'>γινομένην</span> 
     </span>
    </p>
   </div>
   <div class='ocr_carea' id='block_1_42' title="bbox 92 1275 879 1316">
    <p class='ocr_par' dir='ltr' id='par_1_42' title="bbox 92 1275 879 1316">
     <span class='ocr_line' id='line_1_42' title="bbox 92 1275 879 1316; baseline 0.009 -16"><span class='ocrx_word' id='word_1_312' title='bbox 92 1275 142 1310; x_wconf 75' lang='grc' dir='ltr'>τὴν</span> <span class='ocrx_word' id='word_1_313' title='bbox 155 1275 206 1310; x_wconf 83' lang='grc' dir='ltr'><strong>πρὸ</strong></span> <span class='ocrx_word' id='word_1_314' title='bbox 219 1275 308 1310; x_wconf 78' lang='grc' dir='ltr'>ὀλίγου</span> <span class='ocrx_word' id='word_1_315' title='bbox 336 1275 477 1313; x_wconf 76' lang='grc' dir='ltr'>διάϐροχον</span> <span class='ocrx_word' id='word_1_316' title='bbox 488 1286 494 1292; x_wconf 88' lang='grc'>·</span> <span class='ocrx_word' id='word_1_317' title='bbox 528 1278 577 1304; x_wconf 83' lang='grc' dir='ltr'><strong>ποῦ</strong></span> <span class='ocrx_word' id='word_1_318' title='bbox 593 1279 693 1311; x_wconf 84' lang='grc' dir='ltr'>τοίνυν,</span> <span class='ocrx_word' id='word_1_319' title='bbox 709 1281 800 1315; x_wconf 83' lang='grc' dir='ltr'>φησὶν,</span> <span class='ocrx_word' id='word_1_320' title='bbox 817 1281 832 1316; x_wconf 85' lang='grc' dir='ltr'><strong>ἡ</strong></span> <span class='ocrx_word' id='word_1_321' title='bbox 850 1281 879 1307; x_wconf 80' lang='grc' dir='ltr'>ἐν</span> 
     </span>
    </p>
   </div>
   <div class='ocr_carea' id='block_1_43' title="bbox 91 1320 879 1361">
    <p class='ocr_par' dir='ltr' id='par_1_43' title="bbox 91 1320 879 1361">
     <span class='ocr_line' id='line_1_43' title="bbox 91 1320 879 1361; baseline 0.008 -14"><span class='ocrx_word' id='word_1_322' title='bbox 91 1320 195 1352; x_wconf 82' lang='grc' dir='ltr'>τούτοις</span> <span class='ocrx_word' id='word_1_323' title='bbox 217 1322 344 1358; x_wconf 83' lang='grc' dir='ltr'>ὑγρότης,</span> <span class='ocrx_word' id='word_1_324' title='bbox 367 1323 445 1358; x_wconf 86' lang='grc' dir='ltr'>εῐπερ</span> <span class='ocrx_word' id='word_1_325' title='bbox 471 1323 508 1359; x_wconf 81' lang='grc' dir='ltr'>μὴ</span> <span class='ocrx_word' id='word_1_326' title='bbox 532 1323 646 1351; x_wconf 80' lang='grc' dir='ltr'>καθόλου</span> <span class='ocrx_word' id='word_1_327' title='bbox 670 1325 700 1351; x_wconf 75' lang='grc' dir='ltr'>τὸ</span> <span class='ocrx_word' id='word_1_328' title='bbox 715 1325 816 1360; x_wconf 84' lang='grc' dir='ltr'>θερμὸν</span> <span class='ocrx_word' id='word_1_329' title='bbox 830 1326 879 1361; x_wconf 86' lang='grc' dir='ltr'>τῆς</span> 
     </span>
    </p>
   </div>
   <div class='ocr_carea' id='block_1_44' title="bbox 92 1365 879 1406">
    <p class='ocr_par' dir='ltr' id='par_1_44' title="bbox 92 1365 879 1406">
     <span class='ocr_line' id='line_1_44' title="bbox 92 1365 879 1406; baseline 0.008 -15"><span class='ocrx_word' id='word_1_330' title='bbox 92 1365 200 1396; x_wconf 78' lang='grc' dir='ltr'>ἀκτῖνος</span> <span class='ocrx_word' id='word_1_331' title='bbox 210 1366 453 1400; x_wconf 81' lang='grc' dir='ltr'>ἐπαναλίσκοντος;</span> <span class='ocrx_word' id='word_1_332' title='bbox 470 1366 533 1403; x_wconf 72' lang='grc' dir='ltr'><strong>Ἆρ’</strong></span> <span class='ocrx_word' id='word_1_333' title='bbox 544 1365 590 1395; x_wconf 79' lang='grc' dir='ltr'>οὖν</span> <span class='ocrx_word' id='word_1_334' title='bbox 604 1369 652 1395; x_wconf 76' lang='grc' dir='ltr'><strong>καὶ</strong></span> <span class='ocrx_word' id='word_1_335' title='bbox 663 1369 694 1396; x_wconf 84' lang='grc' dir='ltr'>τὸ</span> <span class='ocrx_word' id='word_1_336' title='bbox 707 1370 735 1396; x_wconf 73' lang='grc' dir='ltr'>ὲν</span> <span class='ocrx_word' id='word_1_337' title='bbox 748 1369 787 1405; x_wconf 82' lang='grc' dir='ltr'>τῷ</span> <span class='ocrx_word' id='word_1_338' title='bbox 801 1370 879 1406; x_wconf 81' lang='grc' dir='ltr'>κερά-</span> 
     </span>
    </p>
   </div>
   <div class='ocr_carea' id='block_1_45' title="bbox 93 1411 878 1451">
    <p class='ocr_par' dir='ltr' id='par_1_45' title="bbox 93 1411 878 1451">
     <span class='ocr_line' id='line_1_45' title="bbox 93 1411 878 1451; baseline 0.008 -14"><span class='ocrx_word' id='word_1_339' title='bbox 93 1420 136 1447; x_wconf 83' lang='grc' dir='ltr'>μῳ</span> <span class='ocrx_word' id='word_1_340' title='bbox 158 1411 229 1447; x_wconf 81' lang='grc' dir='ltr'>ὕδωρ</span> <span class='ocrx_word' id='word_1_341' title='bbox 252 1413 276 1438; x_wconf 85' lang='grc' dir='ltr'><strong>εί</strong></span> <span class='ocrx_word' id='word_1_342' title='bbox 304 1412 484 1449; x_wconf 78' lang='grc' dir='ltr'>μεταϐληθείη</span> <span class='ocrx_word' id='word_1_343' title='bbox 511 1414 579 1449; x_wconf 82' lang='grc' dir='ltr'>πρὸς</span> <span class='ocrx_word' id='word_1_344' title='bbox 602 1415 709 1451; x_wconf 71' lang='grc' dir='ltr'>ἕτερον,</span> <span class='ocrx_word' id='word_1_345' title='bbox 731 1416 777 1442; x_wconf 74' lang='grc' dir='ltr'>καὶ</span> <span class='ocrx_word' id='word_1_346' title='bbox 801 1416 878 1443; x_wconf 84' lang='grc' dir='ltr'>κενὸν</span> 
     </span>
    </p>
   </div>
   <div class='ocr_carea' id='block_1_46' title="bbox 90 1457 878 1496">
    <p class='ocr_par' dir='ltr' id='par_1_46' title="bbox 90 1457 878 1496">
     <span class='ocr_line' id='line_1_46' title="bbox 90 1457 878 1496; baseline 0.006 -13"><span class='ocrx_word' id='word_1_347' title='bbox 90 1457 197 1491; x_wconf 82' lang='grc' dir='ltr'>ἀθρόως</span> <span class='ocrx_word' id='word_1_348' title='bbox 219 1457 249 1483; x_wconf 84' lang='grc' dir='ltr'>τὸ</span> <span class='ocrx_word' id='word_1_349' title='bbox 266 1457 367 1492; x_wconf 88' lang='grc' dir='ltr'>πλῆρες</span> <span class='ocrx_word' id='word_1_350' title='bbox 383 1459 487 1492; x_wconf 88' lang='grc' dir='ltr'>γένοιτο</span> <span class='ocrx_word' id='word_1_351' title='bbox 505 1466 511 1473; x_wconf 68' lang='grc'><strong>⁸</strong></span> <span class='ocrx_word' id='word_1_352' title='bbox 539 1459 599 1486; x_wconf 76' lang='grc' dir='ltr'>ἐπεὶ</span> <span class='ocrx_word' id='word_1_353' title='bbox 621 1460 650 1486; x_wconf 86' lang='grc' dir='ltr'><strong>δὲ</strong></span> <span class='ocrx_word' id='word_1_354' title='bbox 675 1461 703 1487; x_wconf 82' lang='grc' dir='ltr'>ὲν</span> <span class='ocrx_word' id='word_1_355' title='bbox 725 1461 812 1496; x_wconf 84' lang='grc' dir='ltr'>τούτῳ</span> <span class='ocrx_word' id='word_1_356' title='bbox 828 1462 878 1488; x_wconf 84' lang='grc' dir='ltr'><strong>οὑκ</strong></span> 
     </span>
    </p>
   </div>
   <div class='ocr_carea' id='block_1_47' title="bbox 91 1500 878 1542">
    <p class='ocr_par' dir='ltr' id='par_1_47' title="bbox 91 1500 878 1542">
     <span class='ocr_line' id='line_1_47' title="bbox 91 1500 878 1542; baseline 0.008 -14"><span class='ocrx_word' id='word_1_357' title='bbox 91 1502 164 1529; x_wconf 70' lang='grc' dir='ltr'>ἔστιν</span> <span class='ocrx_word' id='word_1_358' title='bbox 177 1523 185 1534; x_wconf 86' lang='grc'><strong>,</strong></span> <span class='ocrx_word' id='word_1_359' title='bbox 211 1503 270 1529; x_wconf 64' lang='grc' dir='ltr'><strong>οὐδὲ</strong></span> <span class='ocrx_word' id='word_1_360' title='bbox 292 1500 361 1529; x_wconf 73' lang='grc' dir='ltr'>εἶναι</span> <span class='ocrx_word' id='word_1_361' title='bbox 383 1503 452 1535; x_wconf 83' lang='grc' dir='ltr'>ὅλως</span> <span class='ocrx_word' id='word_1_362' title='bbox 472 1505 502 1531; x_wconf 71' lang='grc' dir='ltr'>τὸ</span> <span class='ocrx_word' id='word_1_363' title='bbox 521 1506 550 1531; x_wconf 79' lang='grc' dir='ltr'>ἐν</span> <span class='ocrx_word' id='word_1_364' title='bbox 574 1506 659 1541; x_wconf 78' lang='grc' dir='ltr'>ἑτέρῳ</span> <span class='ocrx_word' id='word_1_365' title='bbox 681 1507 820 1542; x_wconf 80' lang='grc' dir='ltr'>γινόμενον</span> <span class='ocrx_word' id='word_1_366' title='bbox 836 1507 878 1533; x_wconf 93' lang='grc' dir='ltr'>λέ-</span> 
     </span>
    </p>
   </div>
   <div class='ocr_carea' id='block_1_48' title="bbox 78 1548 877 1584">
    <p class='ocr_par' dir='ltr' id='par_1_48' title="bbox 78 1548 877 1584">
     <span class='ocr_line' id='line_1_48' title="bbox 78 1548 877 1584; baseline 0.008 -11"><span class='ocrx_word' id='word_1_367' title='bbox 78 1548 201 1582; x_wconf 63' lang='grc' dir='ltr'>Ὓουσιν;</span> <span class='ocrx_word' id='word_1_368' title='bbox 224 1549 257 1574; x_wconf 86' lang='grc' dir='ltr'><em>Ὃ</em></span> <span class='ocrx_word' id='word_1_369' title='bbox 267 1548 321 1583; x_wconf 87' lang='grc' dir='ltr'><strong>γὰρ</strong></span> <span class='ocrx_word' id='word_1_370' title='bbox 335 1549 450 1576; x_wconf 81' lang='grc' dir='ltr'>ἐνταῦθα</span> <span class='ocrx_word' id='word_1_371' title='bbox 467 1550 582 1584; x_wconf 87' lang='grc' dir='ltr'>γίνεται,</span> <span class='ocrx_word' id='word_1_372' title='bbox 596 1552 675 1578; x_wconf 87' lang='grc' dir='ltr'>τοῦτο</span> <span class='ocrx_word' id='word_1_373' title='bbox 687 1552 733 1579; x_wconf 75' lang='grc' dir='ltr'>καὶ</span> <span class='ocrx_word' id='word_1_374' title='bbox 749 1553 791 1578; x_wconf 84' lang='grc' dir='ltr'><strong>ἐπ’</strong></span> <span class='ocrx_word' id='word_1_375' title='bbox 807 1553 877 1579; x_wconf 81' lang='grc' dir='ltr'>ὲκεί-</span> 
     </span>
    </p>
   </div>
   <div class='ocr_carea' id='block_1_49' title="bbox 90 1594 874 1633">
    <p class='ocr_par' dir='ltr' id='par_1_49' title="bbox 90 1594 874 1633">
     <span class='ocr_line' id='line_1_49' title="bbox 90 1594 874 1633; baseline 0.008 -14"><span class='ocrx_word' id='word_1_376' title='bbox 90 1601 136 1620; x_wconf 90' lang='grc' dir='ltr'><strong>νου</strong></span> <span class='ocrx_word' id='word_1_377' title='bbox 155 1602 196 1625; x_wconf 84' lang='grc' dir='ltr'><strong>τις</strong></span> <span class='ocrx_word' id='word_1_378' title='bbox 215 1594 377 1625; x_wconf 73' lang='grc' dir='ltr'>ὑπολαϐὼν,</span> <span class='ocrx_word' id='word_1_379' title='bbox 403 1595 449 1621; x_wconf 86' lang='grc' dir='ltr'><strong>τοῦ</strong></span> <span class='ocrx_word' id='word_1_380' title='bbox 472 1596 577 1628; x_wconf 80' lang='grc' dir='ltr'>εἰκότος</span> <span class='ocrx_word' id='word_1_381' title='bbox 604 1597 652 1632; x_wconf 78' lang='grc' dir='ltr'>οὐχ</span> <span class='ocrx_word' id='word_1_382' title='bbox 679 1598 874 1633; x_wconf 82' lang='grc' dir='ltr'>ἁμαρτήσεται,</span> 
     </span>
    </p>
   </div>
   <div class='ocr_carea' id='block_1_50' title="bbox 89 1636 878 1675">
    <p class='ocr_par' dir='ltr' id='par_1_50' title="bbox 89 1636 878 1675">
     <span class='ocr_line' id='line_1_50' title="bbox 89 1636 878 1675; baseline 0.006 -11"><span class='ocrx_word' id='word_1_383' title='bbox 89 1636 164 1665; x_wconf 86' lang='grc' dir='ltr'>Ἷσον</span> <span class='ocrx_word' id='word_1_384' title='bbox 181 1639 233 1674; x_wconf 80' lang='grc' dir='ltr'>γάρ</span> <span class='ocrx_word' id='word_1_385' title='bbox 258 1640 314 1666; x_wconf 75' lang='grc' dir='ltr'>ἐστι</span> <span class='ocrx_word' id='word_1_386' title='bbox 330 1641 379 1675; x_wconf 87' lang='grc' dir='ltr'>τήν</span> <span class='ocrx_word' id='word_1_387' title='bbox 391 1649 421 1667; x_wconf 90' lang='grc' dir='ltr'><strong>τε</strong></span> <span class='ocrx_word' id='word_1_388' title='bbox 437 1640 491 1667; x_wconf 80' lang='grc' dir='ltr'>ἀπὸ</span> <span class='ocrx_word' id='word_1_389' title='bbox 509 1641 556 1668; x_wconf 82' lang='grc' dir='ltr'><strong>τοῦ</strong></span> <span class='ocrx_word' id='word_1_390' title='bbox 577 1642 665 1669; x_wconf 78' lang='grc' dir='ltr'>κοίλου</span> <span class='ocrx_word' id='word_1_391' title='bbox 678 1643 772 1669; x_wconf 84' lang='grc' dir='ltr'>τούτου</span> <span class='ocrx_word' id='word_1_392' title='bbox 785 1643 832 1669; x_wconf 73' lang='grc' dir='ltr'><strong>ἐπὶ</strong></span> <span class='ocrx_word' id='word_1_393' title='bbox 848 1643 878 1669; x_wconf 78' lang='grc' dir='ltr'>τὸ</span> 
     </span>
    </p>
   </div>
   <div class='ocr_carea' id='block_1_51' title="bbox 89 1683 877 1723">
    <p class='ocr_par' dir='ltr' id='par_1_51' title="bbox 89 1683 877 1723">
     <span class='ocr_line' id='line_1_51' title="bbox 89 1683 877 1723; baseline 0.003 -11"><span class='ocrx_word' id='word_1_394' title='bbox 89 1683 183 1719; x_wconf 67' lang='grc' dir='ltr'>ἓτερον</span> <span class='ocrx_word' id='word_1_395' title='bbox 198 1685 285 1711; x_wconf 84' lang='grc' dir='ltr'>κοῖλον</span> <span class='ocrx_word' id='word_1_396' title='bbox 300 1685 345 1711; x_wconf 85' lang='grc' dir='ltr'><strong>τοῦ</strong></span> <span class='ocrx_word' id='word_1_397' title='bbox 361 1686 444 1720; x_wconf 80' lang='grc' dir='ltr'>ὑγροῦ</span> <span class='ocrx_word' id='word_1_398' title='bbox 461 1686 613 1722; x_wconf 78' lang='grc' dir='ltr'>μεταρροὴν</span> <span class='ocrx_word' id='word_1_399' title='bbox 626 1687 761 1721; x_wconf 84' lang='grc' dir='ltr'>γενέσθαι,</span> <span class='ocrx_word' id='word_1_400' title='bbox 776 1687 822 1714; x_wconf 76' lang='grc' dir='ltr'>καὶ</span> <span class='ocrx_word' id='word_1_401' title='bbox 829 1687 877 1723; x_wconf 82' lang='grc' dir='ltr'>τὴν</span> 
     </span>
    </p>
   </div>
   <div class='ocr_carea' id='block_1_52' title="bbox 90 1728 877 1766">
    <p class='ocr_par' dir='ltr' id='par_1_52' title="bbox 90 1728 877 1766">
     <span class='ocr_line' id='line_1_52' title="bbox 90 1728 877 1766; baseline 0.005 -12"><span class='ocrx_word' id='word_1_402' title='bbox 90 1728 178 1754; x_wconf 82' lang='grc' dir='ltr'>νοτίδα</span> <span class='ocrx_word' id='word_1_403' title='bbox 200 1729 250 1764; x_wconf 88' lang='grc' dir='ltr'>τῆς</span> <span class='ocrx_word' id='word_1_404' title='bbox 264 1730 316 1764; x_wconf 88' lang='grc' dir='ltr'>γής</span> <span class='ocrx_word' id='word_1_405' title='bbox 333 1729 553 1765; x_wconf 60' lang='grc' dir='ltr'>ἐξικμασθεὴαν,</span> <span class='ocrx_word' id='word_1_406' title='bbox 572 1731 720 1766; x_wconf 79' lang='grc' dir='ltr'>ἀναχθῆναι</span> <span class='ocrx_word' id='word_1_407' title='bbox 745 1731 812 1766; x_wconf 84' lang='grc' dir='ltr'>πρὸς</span> <span class='ocrx_word' id='word_1_408' title='bbox 831 1731 877 1758; x_wconf 73' lang='grc' dir='ltr'><strong>τὸν</strong></span> 
     </span>
    </p>
   </div>
   <div class='ocr_carea' id='block_1_53' title="bbox 90 1773 876 1813">
    <p class='ocr_par' dir='ltr' id='par_1_53' title="bbox 90 1773 876 1813">
     <span class='ocr_line' id='line_1_53' title="bbox 90 1773 876 1813; baseline 0.006 -14"><span class='ocrx_word' id='word_1_409' title='bbox 90 1773 168 1808; x_wconf 79' lang='grc' dir='ltr'>ἀέρα,</span> <span class='ocrx_word' id='word_1_410' title='bbox 186 1774 306 1808; x_wconf 82' lang='grc' dir='ltr'>φυσικῶς</span> <span class='ocrx_word' id='word_1_411' title='bbox 329 1775 375 1801; x_wconf 88' lang='grc' dir='ltr'><strong>τοῦ</strong></span> <span class='ocrx_word' id='word_1_412' title='bbox 391 1776 485 1810; x_wconf 89' lang='grc' dir='ltr'>ὑγροῦ,</span> <span class='ocrx_word' id='word_1_413' title='bbox 500 1777 564 1802; x_wconf 87' lang='grc' dir='ltr'>ὅταν</span> <span class='ocrx_word' id='word_1_414' title='bbox 581 1777 597 1812; x_wconf 87' lang='grc' dir='ltr'><strong>ἡ</strong></span> <span class='ocrx_word' id='word_1_415' title='bbox 616 1777 662 1803; x_wconf 87' lang='grc' dir='ltr'><strong>τοῦ</strong></span> <span class='ocrx_word' id='word_1_416' title='bbox 678 1778 876 1813; x_wconf 86' lang='grc' dir='ltr'>ὑπερκειμένου</span> 
     </span>
    </p>
   </div>
   <div class='ocr_carea' id='block_1_54' title="bbox 90 1818 876 1858">
    <p class='ocr_par' dir='ltr' id='par_1_54' title="bbox 90 1818 876 1858">
     <span class='ocr_line' id='line_1_54' title="bbox 90 1818 876 1858; baseline 0.006 -14"><span class='ocrx_word' id='word_1_417' title='bbox 90 1818 223 1854; x_wconf 80' lang='grc' dir='ltr'>θερμότης</span> <span class='ocrx_word' id='word_1_418' title='bbox 238 1820 305 1855; x_wconf 79' lang='grc' dir='ltr'>πρὸς</span> <span class='ocrx_word' id='word_1_419' title='bbox 317 1821 414 1856; x_wconf 75' lang='grc' dir='ltr'>ἑαυτὴν</span> <span class='ocrx_word' id='word_1_420' title='bbox 431 1821 576 1856; x_wconf 77' lang='grc' dir='ltr'>ἐφέλκηται</span> <span class='ocrx_word' id='word_1_421' title='bbox 592 1822 765 1858; x_wconf 65' lang='grc' dir='ltr'>λεπομερῶς</span> <span class='ocrx_word' id='word_1_422' title='bbox 781 1823 814 1849; x_wconf 83' lang='grc' dir='ltr'>ὲκ</span> <span class='ocrx_word' id='word_1_423' title='bbox 826 1823 876 1858; x_wconf 86' lang='grc' dir='ltr'>τῆς</span> 
     </span>
    </p>
   </div>
   <div class='ocr_carea' id='block_1_55' title="bbox 89 1864 876 1902">
    <p class='ocr_par' dir='ltr' id='par_1_55' title="bbox 89 1864 876 1902">
     <span class='ocr_line' id='line_1_55' title="bbox 89 1864 876 1902; baseline 0.006 -13"><span class='ocrx_word' id='word_1_424' title='bbox 89 1864 150 1899; x_wconf 74' lang='grc' dir='ltr'>γῆς,</span> <span class='ocrx_word' id='word_1_425' title='bbox 173 1865 239 1899; x_wconf 80' lang='grc' dir='ltr'>πρὸς</span> <span class='ocrx_word' id='word_1_426' title='bbox 262 1864 297 1890; x_wconf 85' lang='grc' dir='ltr'><strong>τὰ</strong></span> <span class='ocrx_word' id='word_1_427' title='bbox 319 1864 375 1891; x_wconf 81' lang='grc' dir='ltr'><strong>ἀνω</strong></span> <span class='ocrx_word' id='word_1_428' title='bbox 398 1865 583 1900; x_wconf 82' lang='grc' dir='ltr'>διηθουμένου.</span> <span class='ocrx_word' id='word_1_429' title='bbox 601 1867 753 1902; x_wconf 79' lang='grc' dir='ltr'>Τεκμήριον</span> <span class='ocrx_word' id='word_1_430' title='bbox 774 1867 802 1894; x_wconf 84' lang='grc' dir='ltr'><strong>δὲ</strong></span> <span class='ocrx_word' id='word_1_431' title='bbox 822 1867 876 1894; x_wconf 84' lang='grc' dir='ltr'><strong>τῶν</strong></span> 
     </span>
    </p>
   </div>
   <div class='ocr_carea' id='block_1_56' title="bbox 88 1909 877 1948">
    <p class='ocr_par' dir='ltr' id='par_1_56' title="bbox 88 1909 877 1948">
     <span class='ocr_line' id='line_1_56' title="bbox 88 1909 877 1948; baseline 0.006 -14"><span class='ocrx_word' id='word_1_432' title='bbox 88 1909 249 1943; x_wconf 80' lang='grc' dir='ltr'>γινομένων,</span> <span class='ocrx_word' id='word_1_433' title='bbox 267 1909 307 1936; x_wconf 81' lang='grc' dir='ltr'>ὅτι</span> <span class='ocrx_word' id='word_1_434' title='bbox 322 1909 482 1944; x_wconf 76' lang='grc' dir='ltr'>παχυτέρων</span> <span class='ocrx_word' id='word_1_435' title='bbox 502 1911 630 1943; x_wconf 81' lang='grc' dir='ltr'>πολλάκις</span> <span class='ocrx_word' id='word_1_436' title='bbox 643 1911 697 1938; x_wconf 81' lang='grc' dir='ltr'><strong>τῶν</strong></span> <span class='ocrx_word' id='word_1_437' title='bbox 710 1913 804 1948; x_wconf 82' lang='grc' dir='ltr'>ἀτμῶν</span> <span class='ocrx_word' id='word_1_438' title='bbox 823 1913 877 1939; x_wconf 76' lang='grc' dir='ltr'>ἀπὸ</span> 
     </span>
    </p>
   </div>
   <div class='ocr_carea' id='block_1_57' title="bbox 86 1953 876 1994">
    <p class='ocr_par' dir='ltr' id='par_1_57' title="bbox 86 1953 876 1994">
     <span class='ocr_line' id='line_1_57' title="bbox 86 1953 876 1994; baseline 0.006 -13"><span class='ocrx_word' id='word_1_439' title='bbox 86 1954 136 1981; x_wconf 74' lang='grc' dir='ltr'><strong>τοῦ</strong></span> <span class='ocrx_word' id='word_1_440' title='bbox 160 1953 258 1989; x_wconf 80' lang='grc' dir='ltr'>βάθους</span> <span class='ocrx_word' id='word_1_441' title='bbox 278 1955 327 1989; x_wconf 83' lang='grc' dir='ltr'>τῆς</span> <span class='ocrx_word' id='word_1_442' title='bbox 345 1955 395 1990; x_wconf 83' lang='grc' dir='ltr'>γῆς</span> <span class='ocrx_word' id='word_1_443' title='bbox 412 1955 617 1992; x_wconf 74' lang='grc' dir='ltr'>ἀναδιδομένων,</span> <span class='ocrx_word' id='word_1_444' title='bbox 635 1957 755 1994; x_wconf 77' lang='grc' dir='ltr'>νεφώδης</span> <span class='ocrx_word' id='word_1_445' title='bbox 768 1967 810 1990; x_wconf 86' lang='grc' dir='ltr'><strong>τις</strong></span> <span class='ocrx_word' id='word_1_446' title='bbox 829 1959 876 1985; x_wconf 86' lang='grc' dir='ltr'><strong>σύ-</strong></span> 
     </span>
    </p>
   </div>
   <div class='ocr_carea' id='block_1_58' title="bbox 89 1999 874 2041">
    <p class='ocr_par' dir='ltr' id='par_1_58' title="bbox 89 1999 874 2041">
     <span class='ocr_line' id='line_1_58' title="bbox 89 1999 874 2041; baseline 0.006 -15"><span class='ocrx_word' id='word_1_447' title='bbox 89 2007 184 2030; x_wconf 87' lang='grc' dir='ltr'>στασις</span> <span class='ocrx_word' id='word_1_448' title='bbox 203 1999 346 2035; x_wconf 74' lang='grc' dir='ltr'>ἀναερύειν</span> <span class='ocrx_word' id='word_1_449' title='bbox 359 2000 442 2034; x_wconf 83' lang='grc' dir='ltr'>δοκεῖ,</span> <span class='ocrx_word' id='word_1_450' title='bbox 467 2002 513 2027; x_wconf 82' lang='grc' dir='ltr'>καὶ</span> <span class='ocrx_word' id='word_1_451' title='bbox 535 2003 651 2038; x_wconf 77' lang='grc' dir='ltr'>τοσαύτη</span> <span class='ocrx_word' id='word_1_452' title='bbox 673 2003 727 2030; x_wconf 83' lang='grc' dir='ltr'>τῶν</span> <span class='ocrx_word' id='word_1_453' title='bbox 747 2004 840 2039; x_wconf 84' lang='grc' dir='ltr'>ἀτμῶν</span> <span class='ocrx_word' id='word_1_454' title='bbox 857 2005 874 2041; x_wconf 82' lang='grc' dir='ltr'><strong>ἡ</strong></span> 
     </span>
    </p>
   </div>
   <div class='ocr_carea' id='block_1_59' title="bbox 88 2044 874 2085">
    <p class='ocr_par' dir='ltr' id='par_1_59' title="bbox 88 2044 874 2085">
     <span class='ocr_line' id='line_1_59' title="bbox 88 2044 874 2085; baseline 0.01 -15"><span class='ocrx_word' id='word_1_455' title='bbox 88 2044 213 2080; x_wconf 79' lang='grc' dir='ltr'>παχύτης</span> <span class='ocrx_word' id='word_1_456' title='bbox 231 2045 345 2079; x_wconf 68' lang='grc' dir='ltr'>γίνεται,</span> <span class='ocrx_word' id='word_1_457' title='bbox 359 2046 396 2078; x_wconf 83' lang='grc' dir='ltr'>ὡς</span> <span class='ocrx_word' id='word_1_458' title='bbox 412 2047 456 2072; x_wconf 69' lang='grc' dir='ltr'>καὶ</span> <span class='ocrx_word' id='word_1_459' title='bbox 472 2049 528 2080; x_wconf 74' lang='grc' dir='ltr'>τοῖς</span> <span class='ocrx_word' id='word_1_460' title='bbox 547 2047 694 2084; x_wconf 81' lang='grc' dir='ltr'>ὀφθαλμοῖς</span> <span class='ocrx_word' id='word_1_461' title='bbox 714 2050 799 2085; x_wconf 82' lang='grc' dir='ltr'>αὐτὴν</span> <span class='ocrx_word' id='word_1_462' title='bbox 826 2051 874 2085; x_wconf 75' lang='grc' dir='ltr'><strong>ἔφ-</strong></span> 
     </span>
    </p>
   </div>
   <div class='ocr_carea' id='block_1_60' title="bbox 88 2089 874 2131">
    <p class='ocr_par' dir='ltr' id='par_1_60' title="bbox 88 2089 874 2131">
     <span class='ocr_line' id='line_1_60' title="bbox 88 2089 874 2131; baseline 0.009 -15"><span class='ocrx_word' id='word_1_463' title='bbox 88 2091 166 2126; x_wconf 82' lang='grc' dir='ltr'>ικτὴν</span> <span class='ocrx_word' id='word_1_464' title='bbox 182 2089 260 2117; x_wconf 75' lang='grc' dir='ltr'>εἶναι.</span> <span class='ocrx_word' id='word_1_465' title='bbox 276 2091 382 2118; x_wconf 84' lang='grc' dir='ltr'>Γένοιτο</span> <span class='ocrx_word' id='word_1_466' title='bbox 400 2093 422 2118; x_wconf 81' lang='grc' dir='ltr'><strong>δ’</strong></span> <span class='ocrx_word' id='word_1_467' title='bbox 445 2092 477 2119; x_wconf 81' lang='grc' dir='ltr'>ἄν</span> <span class='ocrx_word' id='word_1_468' title='bbox 492 2101 556 2120; x_wconf 90' lang='grc' dir='ltr'>ποτε</span> <span class='ocrx_word' id='word_1_469' title='bbox 570 2094 616 2120; x_wconf 77' lang='grc' dir='ltr'><strong>καὶ</strong></span> <span class='ocrx_word' id='word_1_470' title='bbox 638 2094 874 2131; x_wconf 85' lang='grc' dir='ltr'>λεπτομερεστέρα</span> 
     </span>
    </p>
   </div>
   <div class='ocr_carea' id='block_1_61' title="bbox 86 2136 873 2177">
    <p class='ocr_par' dir='ltr' id='par_1_61' title="bbox 86 2136 873 2177">
     <span class='ocr_line' id='line_1_61' title="bbox 86 2136 873 2177; baseline 0.008 -15"><span class='ocrx_word' id='word_1_471' title='bbox 86 2144 128 2167; x_wconf 90' lang='grc' dir='ltr'><strong>τις</strong></span> <span class='ocrx_word' id='word_1_472' title='bbox 146 2137 163 2172; x_wconf 89' lang='grc' dir='ltr'><strong>ἡ</strong></span> <span class='ocrx_word' id='word_1_473' title='bbox 185 2136 234 2171; x_wconf 82' lang='grc' dir='ltr'>τῆς</span> <span class='ocrx_word' id='word_1_474' title='bbox 252 2136 352 2168; x_wconf 83' lang='grc' dir='ltr'>νοτίδος</span> <span class='ocrx_word' id='word_1_475' title='bbox 365 2137 557 2172; x_wconf 78' lang='grc' dir='ltr'>ἀναθυμίασις,</span> <span class='ocrx_word' id='word_1_476' title='bbox 579 2139 616 2170; x_wconf 86' lang='grc' dir='ltr'>ὡς</span> <span class='ocrx_word' id='word_1_477' title='bbox 632 2139 787 2172; x_wconf 75' lang='grc' dir='ltr'>ἐξισοῦσθαι</span> <span class='ocrx_word' id='word_1_478' title='bbox 804 2141 873 2177; x_wconf 74' lang='grc' dir='ltr'>πρὸς</span> 
     </span>
    </p>
   </div>
   <div class='ocr_carea' id='block_1_62' title="bbox 935 921 1720 957">
    <p class='ocr_par' dir='ltr' id='par_1_62' title="bbox 935 921 1720 957">
     <span class='ocr_line' id='line_1_62' title="bbox 935 921 1720 957; baseline 0.008 -10"><span class='ocrx_word' id='word_1_479' title='bbox 935 921 1028 948; x_wconf 83' lang='lat' dir='ltr'><strong>ditatis</strong></span> <span class='ocrx_word' id='word_1_480' title='bbox 1049 922 1159 950; x_wconf 83' lang='lat' dir='ltr'><strong>interitu</strong></span> <span class='ocrx_word' id='word_1_481' title='bbox 1185 923 1257 957; x_wconf 81' lang='lat' dir='ltr'><strong>ignis</strong></span> <span class='ocrx_word' id='word_1_482' title='bbox 1270 927 1360 950; x_wconf 83' lang='lat' dir='ltr'><strong>ortum</strong></span> <span class='ocrx_word' id='word_1_483' title='bbox 1383 923 1487 956; x_wconf 83' lang='lat' dir='ltr'><strong>habuit,</strong></span> <span class='ocrx_word' id='word_1_484' title='bbox 1516 924 1563 951; x_wconf 87' lang='lat' dir='ltr'><strong>sed</strong></span> <span class='ocrx_word' id='word_1_485' title='bbox 1578 925 1611 951; x_wconf 91' lang='lat' dir='ltr'><strong>ab</strong></span> <span class='ocrx_word' id='word_1_486' title='bbox 1627 925 1720 954; x_wconf 87' lang='lat' dir='ltr'><strong>eadem</strong></span> 
     </span>
    </p>
   </div>
   <div class='ocr_carea' id='block_1_63' title="bbox 934 968 1718 1004">
    <p class='ocr_par' dir='ltr' id='par_1_63' title="bbox 934 968 1718 1004">
     <span class='ocr_line' id='line_1_63' title="bbox 934 968 1718 1004; baseline 0.004 -10"><span class='ocrx_word' id='word_1_487' title='bbox 934 968 1099 995; x_wconf 87' lang='lat' dir='ltr'><strong>constitutus</strong></span> <span class='ocrx_word' id='word_1_488' title='bbox 1109 973 1151 995; x_wconf 89' lang='lat' dir='ltr'><strong>est</strong></span> <span class='ocrx_word' id='word_1_489' title='bbox 1161 973 1304 1003; x_wconf 76' lang='lat' dir='ltr'><strong>potestate,</strong></span> <span class='ocrx_word' id='word_1_490' title='bbox 1318 970 1358 996; x_wconf 88' lang='lat' dir='ltr'><strong>sic</strong></span> <span class='ocrx_word' id='word_1_491' title='bbox 1369 974 1398 996; x_wconf 93' lang='lat' dir='ltr'><strong>ut</strong></span> <span class='ocrx_word' id='word_1_492' title='bbox 1412 970 1478 996; x_wconf 88' lang='lat' dir='ltr'><strong>nihil</strong></span> <span class='ocrx_word' id='word_1_493' title='bbox 1489 970 1599 996; x_wconf 89' lang='lat' dir='ltr'><strong>humida</strong></span> <span class='ocrx_word' id='word_1_494' title='bbox 1612 976 1718 1004; x_wconf 80' lang='lat' dir='ltr'><strong>natura,</strong></span> 
     </span>
    </p>
   </div>
   <div class='ocr_carea' id='block_1_64' title="bbox 933 1014 1718 1050">
    <p class='ocr_par' dir='ltr' id='par_1_64' title="bbox 933 1014 1718 1050">
     <span class='ocr_line' id='line_1_64' title="bbox 933 1014 1718 1050; baseline 0.004 -11"><span class='ocrx_word' id='word_1_495' title='bbox 933 1020 987 1047; x_wconf 88' lang='lat' dir='ltr'><strong>quo</strong></span> <span class='ocrx_word' id='word_1_496' title='bbox 1003 1014 1061 1048; x_wconf 84' lang='lat' dir='ltr'><strong>ipse</strong></span> <span class='ocrx_word' id='word_1_497' title='bbox 1075 1018 1194 1046; x_wconf 84' lang='lat' dir='ltr'><strong>maneat,</strong></span> <span class='ocrx_word' id='word_1_498' title='bbox 1218 1015 1404 1049; x_wconf 81' lang='lat' dir='ltr'><strong>perturbetur,</strong></span> <span class='ocrx_word' id='word_1_499' title='bbox 1423 1016 1449 1042; x_wconf 94' lang='lat' dir='ltr'><strong>in</strong></span> <span class='ocrx_word' id='word_1_500' title='bbox 1473 1015 1560 1050; x_wconf 85' lang='lat' dir='ltr'><strong>primo</strong></span> <span class='ocrx_word' id='word_1_501' title='bbox 1578 1023 1627 1042; x_wconf 88' lang='lat' dir='ltr'><strong>suo</strong></span> <span class='ocrx_word' id='word_1_502' title='bbox 1647 1019 1718 1043; x_wconf 81' lang='lat' dir='ltr'><strong>statu</strong></span> 
     </span>
    </p>
   </div>
   <div class='ocr_carea' id='block_1_65' title="bbox 933 1060 1331 1093">
    <p class='ocr_par' dir='ltr' id='par_1_65' title="bbox 933 1060 1331 1093">
     <span class='ocr_line' id='line_1_65' title="bbox 933 1060 1331 1093; baseline 0.003 -8"><span class='ocrx_word' id='word_1_503' title='bbox 933 1063 1064 1093; x_wconf 88' lang='lat' dir='ltr'><strong>perpetuo</strong></span> <span class='ocrx_word' id='word_1_504' title='bbox 1081 1063 1273 1087; x_wconf 79' lang='lat' dir='ltr'><strong>conservatum</strong></span> <span class='ocrx_word' id='word_1_505' title='bbox 1289 1060 1331 1087; x_wconf 91' lang='lat' dir='ltr'><strong>iri.</strong></span> 
     </span>
    </p>
   </div>
   <div class='ocr_carea' id='block_1_66' title="bbox 968 1148 1719 1184">
    <p class='ocr_par' dir='ltr' id='par_1_66' title="bbox 968 1148 1719 1184">
     <span class='ocr_line' id='line_1_66' title="bbox 968 1148 1719 1184; baseline 0.003 -10"><span class='ocrx_word' id='word_1_506' title='bbox 968 1148 1000 1175; x_wconf 85' lang='lat' dir='ltr'><strong>At</strong></span> <span class='ocrx_word' id='word_1_507' title='bbox 1016 1149 1099 1180; x_wconf 83' lang='lat' dir='ltr'><strong>enim,</strong></span> <span class='ocrx_word' id='word_1_508' title='bbox 1116 1148 1214 1183; x_wconf 84' lang='lat' dir='ltr'><strong>inquit.</strong></span> <span class='ocrx_word' id='word_1_509' title='bbox 1232 1156 1418 1184; x_wconf 61' lang='lat' dir='ltr'><strong>saepenumero</strong></span> <span class='ocrx_word' id='word_1_510' title='bbox 1436 1154 1534 1176; x_wconf 86' lang='lat' dir='ltr'><strong>terram</strong></span> <span class='ocrx_word' id='word_1_511' title='bbox 1553 1150 1640 1177; x_wconf 90' lang='lat' dir='ltr'><strong>imbre</strong></span> <span class='ocrx_word' id='word_1_512' title='bbox 1660 1158 1719 1176; x_wconf 89' lang='lat' dir='ltr'><strong>ma-</strong></span> 
     </span>
    </p>
   </div>
   <div class='ocr_carea' id='block_1_67' title="bbox 931 1193 1718 1227">
    <p class='ocr_par' dir='ltr' id='par_1_67' title="bbox 931 1193 1718 1227">
     <span class='ocr_line' id='line_1_67' title="bbox 931 1193 1718 1227; baseline 0.003 -6"><span class='ocrx_word' id='word_1_513' title='bbox 931 1193 1065 1221; x_wconf 82' lang='lat' dir='ltr'><strong>defactam</strong></span> <span class='ocrx_word' id='word_1_514' title='bbox 1081 1195 1214 1227; x_wconf 86' lang='lat' dir='ltr'><strong>videmus,</strong></span> <span class='ocrx_word' id='word_1_515' title='bbox 1231 1195 1328 1222; x_wconf 85' lang='lat' dir='ltr'><strong>deinde</strong></span> <span class='ocrx_word' id='word_1_516' title='bbox 1344 1195 1401 1223; x_wconf 90' lang='lat' dir='ltr'><strong>sole</strong></span> <span class='ocrx_word' id='word_1_517' title='bbox 1417 1196 1604 1223; x_wconf 78' lang='lat' dir='ltr'><strong>vehementius</strong></span> <span class='ocrx_word' id='word_1_518' title='bbox 1618 1196 1718 1223; x_wconf 81' lang='lat' dir='ltr'><strong>calefa-</strong></span> 
     </span>
    </p>
   </div>
   <div class='ocr_carea' id='block_1_68' title="bbox 931 1240 1718 1276">
    <p class='ocr_par' dir='ltr' id='par_1_68' title="bbox 931 1240 1718 1276">
     <span class='ocr_line' id='line_1_68' title="bbox 931 1240 1718 1276; baseline 0.004 -10"><span class='ocrx_word' id='word_1_519' title='bbox 931 1240 1029 1271; x_wconf 85' lang='lat' dir='ltr'><strong>ciente,</strong></span> <span class='ocrx_word' id='word_1_520' title='bbox 1043 1240 1166 1267; x_wconf 85' lang='lat' dir='ltr'><strong>eamdem</strong></span> <span class='ocrx_word' id='word_1_521' title='bbox 1180 1248 1353 1273; x_wconf 81' lang='lat' dir='ltr'><strong>exarescere,</strong></span> <span class='ocrx_word' id='word_1_522' title='bbox 1379 1248 1439 1276; x_wconf 73' lang='lat' dir='ltr'><strong>qum</strong></span> <span class='ocrx_word' id='word_1_523' title='bbox 1467 1242 1548 1276; x_wconf 88' lang='lat' dir='ltr'><strong>paulo</strong></span> <span class='ocrx_word' id='word_1_524' title='bbox 1566 1247 1628 1269; x_wconf 85' lang='lat' dir='ltr'><strong>ante</strong></span> <span class='ocrx_word' id='word_1_525' title='bbox 1659 1245 1718 1269; x_wconf 87' lang='lat' dir='ltr'><strong>erat</strong></span> 
     </span>
    </p>
   </div>
   <div class='ocr_carea' id='block_1_69' title="bbox 931 1285 1716 1320">
    <p class='ocr_par' dir='ltr' id='par_1_69' title="bbox 931 1285 1716 1320">
     <span class='ocr_line' id='line_1_69' title="bbox 931 1285 1716 1320; baseline 0.003 -8"><span class='ocrx_word' id='word_1_526' title='bbox 931 1285 1042 1319; x_wconf 82' lang='lat' dir='ltr'><strong>irrigua.</strong></span> <span class='ocrx_word' id='word_1_527' title='bbox 1056 1285 1180 1318; x_wconf 85' lang='lat' dir='ltr'><strong>Quonam</strong></span> <span class='ocrx_word' id='word_1_528' title='bbox 1196 1286 1288 1320; x_wconf 81' lang='lat' dir='ltr'><strong>igitur,</strong></span> <span class='ocrx_word' id='word_1_529' title='bbox 1305 1286 1402 1320; x_wconf 85' lang='lat' dir='ltr'><strong>inquit,</strong></span> <span class='ocrx_word' id='word_1_530' title='bbox 1420 1287 1487 1314; x_wconf 85' lang='lat' dir='ltr'><strong>abiit</strong></span> <span class='ocrx_word' id='word_1_531' title='bbox 1503 1287 1648 1315; x_wconf 89' lang='lat' dir='ltr'><strong>humiditas</strong></span> <span class='ocrx_word' id='word_1_532' title='bbox 1661 1288 1716 1319; x_wconf 86' lang='lat' dir='ltr'><strong>illa.</strong></span> 
     </span>
    </p>
   </div>
   <div class='ocr_carea' id='block_1_70' title="bbox 931 1330 1716 1366">
    <p class='ocr_par' dir='ltr' id='par_1_70' title="bbox 931 1330 1716 1366">
     <span class='ocr_line' id='line_1_70' title="bbox 931 1330 1716 1366; baseline 0.003 -9"><span class='ocrx_word' id='word_1_533' title='bbox 931 1330 952 1357; x_wconf 83' lang='lat' dir='ltr'><strong>si</strong></span> <span class='ocrx_word' id='word_1_534' title='bbox 966 1330 1104 1357; x_wconf 83' lang='lat' dir='ltr'><strong>radiorum</strong></span> <span class='ocrx_word' id='word_1_535' title='bbox 1121 1330 1219 1358; x_wconf 85' lang='lat' dir='ltr'><strong>ardore</strong></span> <span class='ocrx_word' id='word_1_536' title='bbox 1231 1338 1284 1357; x_wconf 90' lang='lat' dir='ltr'><strong>non</strong></span> <span class='ocrx_word' id='word_1_537' title='bbox 1300 1335 1341 1358; x_wconf 89' lang='lat' dir='ltr'><strong>est</strong></span> <span class='ocrx_word' id='word_1_538' title='bbox 1354 1331 1540 1366; x_wconf 83' lang='lat' dir='ltr'><strong>consumpta?</strong></span> <span class='ocrx_word' id='word_1_539' title='bbox 1557 1332 1597 1358; x_wconf 83' lang='lat' dir='ltr'><strong>An</strong></span> <span class='ocrx_word' id='word_1_540' title='bbox 1616 1339 1675 1366; x_wconf 71' lang='lat' dir='ltr'><strong>qua:</strong></span> <span class='ocrx_word' id='word_1_541' title='bbox 1688 1332 1716 1359; x_wconf 92' lang='lat' dir='ltr'><strong>in</strong></span> 
     </span>
    </p>
   </div>
   <div class='ocr_carea' id='block_1_71' title="bbox 930 1375 1716 1411">
    <p class='ocr_par' dir='ltr' id='par_1_71' title="bbox 930 1375 1716 1411">
     <span class='ocr_line' id='line_1_71' title="bbox 930 1375 1716 1411; baseline 0.004 -9"><span class='ocrx_word' id='word_1_542' title='bbox 930 1375 1002 1403; x_wconf 91' lang='lat' dir='ltr'><strong>dolio</strong></span> <span class='ocrx_word' id='word_1_543' title='bbox 1011 1380 1052 1403; x_wconf 82' lang='lat' dir='ltr'><strong>est</strong></span> <span class='ocrx_word' id='word_1_544' title='bbox 1064 1383 1145 1410; x_wconf 87' lang='lat' dir='ltr'><strong>aqua,</strong></span> <span class='ocrx_word' id='word_1_545' title='bbox 1163 1376 1185 1403; x_wconf 92' lang='lat' dir='ltr'><strong>si</strong></span> <span class='ocrx_word' id='word_1_546' title='bbox 1202 1376 1228 1403; x_wconf 88' lang='lat' dir='ltr'><strong>in</strong></span> <span class='ocrx_word' id='word_1_547' title='bbox 1245 1376 1362 1403; x_wconf 89' lang='lat' dir='ltr'><strong>alterum</strong></span> <span class='ocrx_word' id='word_1_548' title='bbox 1377 1376 1480 1403; x_wconf 90' lang='lat' dir='ltr'><strong>dolium</strong></span> <span class='ocrx_word' id='word_1_549' title='bbox 1497 1376 1716 1411; x_wconf 82' lang='lat' dir='ltr'><strong>transfundatur,</strong></span> 
     </span>
    </p>
   </div>
   <div class='ocr_carea' id='block_1_72' title="bbox 930 1421 1716 1456">
    <p class='ocr_par' dir='ltr' id='par_1_72' title="bbox 930 1421 1716 1456">
     <span class='ocr_line' id='line_1_72' title="bbox 930 1421 1716 1456; baseline 0.003 -9"><span class='ocrx_word' id='word_1_550' title='bbox 930 1421 1077 1455; x_wconf 82' lang='lat' dir='ltr'><strong>statimque</strong></span> <span class='ocrx_word' id='word_1_551' title='bbox 1088 1421 1275 1453; x_wconf 81' lang='lat' dir='ltr'><strong>exinaniatur,</strong></span> <span class='ocrx_word' id='word_1_552' title='bbox 1292 1421 1365 1456; x_wconf 89' lang='lat' dir='ltr'><strong>quod</strong></span> <span class='ocrx_word' id='word_1_553' title='bbox 1383 1421 1492 1456; x_wconf 88' lang='lat' dir='ltr'><strong>plenum</strong></span> <span class='ocrx_word' id='word_1_554' title='bbox 1516 1426 1584 1453; x_wconf 86' lang='lat' dir='ltr'><strong>erat,</strong></span> <span class='ocrx_word' id='word_1_555' title='bbox 1601 1422 1662 1456; x_wconf 86' lang='lat' dir='ltr'><strong>quia</strong></span> <span class='ocrx_word' id='word_1_556' title='bbox 1688 1422 1716 1449; x_wconf 91' lang='lat' dir='ltr'><strong>in</strong></span> 
     </span>
    </p>
   </div>
   <div class='ocr_carea' id='block_1_73' title="bbox 929 1466 1717 1501">
    <p class='ocr_par' dir='ltr' id='par_1_73' title="bbox 929 1466 1717 1501">
     <span class='ocr_line' id='line_1_73' title="bbox 929 1466 1717 1501; baseline 0.003 -9"><span class='ocrx_word' id='word_1_557' title='bbox 929 1473 984 1493; x_wconf 90' lang='lat' dir='ltr'><strong>uno</strong></span> <span class='ocrx_word' id='word_1_558' title='bbox 1000 1473 1069 1501; x_wconf 88' lang='lat' dir='ltr'><strong>aqua</strong></span> <span class='ocrx_word' id='word_1_559' title='bbox 1087 1473 1141 1493; x_wconf 91' lang='lat' dir='ltr'><strong>non</strong></span> <span class='ocrx_word' id='word_1_560' title='bbox 1158 1472 1214 1498; x_wconf 83' lang='lat' dir='ltr'><strong>est,</strong></span> <span class='ocrx_word' id='word_1_561' title='bbox 1235 1474 1270 1494; x_wconf 90' lang='lat' dir='ltr'><strong>ne</strong></span> <span class='ocrx_word' id='word_1_562' title='bbox 1294 1467 1321 1493; x_wconf 93' lang='lat' dir='ltr'><strong>in</strong></span> <span class='ocrx_word' id='word_1_563' title='bbox 1342 1467 1428 1494; x_wconf 90' lang='lat' dir='ltr'><strong>altero</strong></span> <span class='ocrx_word' id='word_1_564' title='bbox 1444 1466 1552 1501; x_wconf 85' lang='lat' dir='ltr'><strong>quidem</strong></span> <span class='ocrx_word' id='word_1_565' title='bbox 1568 1467 1642 1494; x_wconf 83' lang='lat' dir='ltr'><strong>erit?</strong></span> <span class='ocrx_word' id='word_1_566' title='bbox 1660 1466 1717 1495; x_wconf 81' lang='lat' dir='ltr'><strong>Hoc</strong></span> 
     </span>
    </p>
   </div>
   <div class='ocr_carea' id='block_1_74' title="bbox 930 1511 1716 1546">
    <p class='ocr_par' dir='ltr' id='par_1_74' title="bbox 930 1511 1716 1546">
     <span class='ocr_line' id='line_1_74' title="bbox 930 1511 1716 1546; baseline 0 -8"><span class='ocrx_word' id='word_1_567' title='bbox 930 1511 952 1538; x_wconf 90' lang='lat' dir='ltr'><strong>si</strong></span> <span class='ocrx_word' id='word_1_568' title='bbox 968 1511 1029 1546; x_wconf 90' lang='lat' dir='ltr'><strong>quis</strong></span> <span class='ocrx_word' id='word_1_569' title='bbox 1048 1512 1081 1538; x_wconf 90' lang='lat' dir='ltr'><strong>ad</strong></span> <span class='ocrx_word' id='word_1_570' title='bbox 1098 1512 1232 1539; x_wconf 83' lang='lat' dir='ltr'><strong>elementa</strong></span> <span class='ocrx_word' id='word_1_571' title='bbox 1259 1512 1395 1544; x_wconf 86' lang='lat' dir='ltr'><strong>retulerit,</strong></span> <span class='ocrx_word' id='word_1_572' title='bbox 1413 1512 1481 1538; x_wconf 87' lang='lat' dir='ltr'><strong>nihil</strong></span> <span class='ocrx_word' id='word_1_573' title='bbox 1508 1512 1618 1539; x_wconf 88' lang='lat' dir='ltr'><strong>errabit.</strong></span> <span class='ocrx_word' id='word_1_574' title='bbox 1646 1512 1716 1539; x_wconf 87' lang='lat' dir='ltr'><strong>Idem</strong></span> 
     </span>
    </p>
   </div>
   <div class='ocr_carea' id='block_1_75' title="bbox 929 1556 1714 1592">
    <p class='ocr_par' dir='ltr' id='par_1_75' title="bbox 929 1556 1714 1592">
     <span class='ocr_line' id='line_1_75' title="bbox 929 1556 1714 1592; baseline 0.001 -9"><span class='ocrx_word' id='word_1_575' title='bbox 929 1556 1001 1583; x_wconf 81' lang='lat' dir='ltr'><strong>enim</strong></span> <span class='ocrx_word' id='word_1_576' title='bbox 1015 1561 1066 1588; x_wconf 85' lang='lat' dir='ltr'><strong>est,</strong></span> <span class='ocrx_word' id='word_1_577' title='bbox 1083 1565 1115 1584; x_wconf 88' lang='lat' dir='ltr'><strong>ex</strong></span> <span class='ocrx_word' id='word_1_578' title='bbox 1129 1565 1183 1584; x_wconf 90' lang='lat' dir='ltr'><strong>uno</strong></span> <span class='ocrx_word' id='word_1_579' title='bbox 1193 1565 1258 1585; x_wconf 86' lang='lat' dir='ltr'><strong>vase</strong></span> <span class='ocrx_word' id='word_1_580' title='bbox 1272 1558 1298 1584; x_wconf 92' lang='lat' dir='ltr'><strong>in</strong></span> <span class='ocrx_word' id='word_1_581' title='bbox 1311 1558 1426 1585; x_wconf 89' lang='lat' dir='ltr'><strong>alterum</strong></span> <span class='ocrx_word' id='word_1_582' title='bbox 1438 1565 1535 1592; x_wconf 89' lang='lat' dir='ltr'><strong>aquam</strong></span> <span class='ocrx_word' id='word_1_583' title='bbox 1548 1557 1714 1588; x_wconf 79' lang='lat' dir='ltr'><strong>transfundi.</strong></span> 
     </span>
    </p>
   </div>
   <div class='ocr_carea' id='block_1_76' title="bbox 929 1602 1716 1638">
    <p class='ocr_par' dir='ltr' id='par_1_76' title="bbox 929 1602 1716 1638">
     <span class='ocr_line' id='line_1_76' title="bbox 929 1602 1716 1638; baseline 0.003 -10"><span class='ocrx_word' id='word_1_584' title='bbox 929 1606 956 1629; x_wconf 89' lang='lat' dir='ltr'><strong>et</strong></span> <span class='ocrx_word' id='word_1_585' title='bbox 969 1602 1156 1630; x_wconf 85' lang='lat' dir='ltr'><strong>humiditatem</strong></span> <span class='ocrx_word' id='word_1_586' title='bbox 1169 1608 1268 1630; x_wconf 86' lang='lat' dir='ltr'><strong>eterra</strong></span> <span class='ocrx_word' id='word_1_587' title='bbox 1288 1603 1394 1638; x_wconf 83' lang='lat' dir='ltr'><strong>exsugi,</strong></span> <span class='ocrx_word' id='word_1_588' title='bbox 1410 1603 1435 1630; x_wconf 93' lang='lat' dir='ltr'><strong>in</strong></span> <span class='ocrx_word' id='word_1_589' title='bbox 1459 1610 1605 1637; x_wconf 84' lang='lat' dir='ltr'><strong>acremque</strong></span> <span class='ocrx_word' id='word_1_590' title='bbox 1626 1607 1716 1630; x_wconf 90' lang='lat' dir='ltr'><strong>trans-</strong></span> 
     </span>
    </p>
   </div>
   <div class='ocr_carea' id='block_1_77' title="bbox 928 1647 1714 1682">
    <p class='ocr_par' dir='ltr' id='par_1_77' title="bbox 928 1647 1714 1682">
     <span class='ocr_line' id='line_1_77' title="bbox 928 1647 1714 1682; baseline 0.001 -9"><span class='ocrx_word' id='word_1_591' title='bbox 928 1647 1041 1681; x_wconf 84' lang='lat' dir='ltr'><strong>portari.</strong></span> <span class='ocrx_word' id='word_1_592' title='bbox 1052 1647 1220 1674; x_wconf 83' lang='lat' dir='ltr'><strong>Naturaliter</strong></span> <span class='ocrx_word' id='word_1_593' title='bbox 1233 1648 1317 1680; x_wconf 89' lang='lat' dir='ltr'><strong>enim,</strong></span> <span class='ocrx_word' id='word_1_594' title='bbox 1334 1648 1444 1682; x_wconf 91' lang='lat' dir='ltr'><strong>quando</strong></span> <span class='ocrx_word' id='word_1_595' title='bbox 1459 1649 1629 1682; x_wconf 85' lang='lat' dir='ltr'><strong>superiorum</strong></span> <span class='ocrx_word' id='word_1_596' title='bbox 1646 1649 1714 1676; x_wconf 89' lang='lat' dir='ltr'><strong>cali-</strong></span> 
     </span>
    </p>
   </div>
   <div class='ocr_carea' id='block_1_78' title="bbox 928 1692 1743 1728">
    <p class='ocr_par' dir='ltr' id='par_1_78' title="bbox 928 1692 1743 1728">
     <span class='ocr_line' id='line_1_78' title="bbox 928 1692 1743 1728; baseline 0.001 -9"><span class='ocrx_word' id='word_1_597' title='bbox 928 1692 1000 1720; x_wconf 86' lang='lat' dir='ltr'><strong>ditas</strong></span> <span class='ocrx_word' id='word_1_598' title='bbox 1012 1693 1045 1720; x_wconf 86' lang='lat' dir='ltr'><strong>ad</strong></span> <span class='ocrx_word' id='word_1_599' title='bbox 1063 1701 1092 1721; x_wconf 86' lang='lat' dir='ltr'><strong>se</strong></span> <span class='ocrx_word' id='word_1_600' title='bbox 1105 1694 1227 1726; x_wconf 87' lang='lat' dir='ltr'><strong>attrahit,</strong></span> <span class='ocrx_word' id='word_1_601' title='bbox 1244 1694 1384 1721; x_wconf 88' lang='lat' dir='ltr'><strong>hmnidum</strong></span> <span class='ocrx_word' id='word_1_602' title='bbox 1397 1694 1549 1721; x_wconf 86' lang='lat' dir='ltr'><strong>subtilitate</strong></span> <span class='ocrx_word' id='word_1_603' title='bbox 1566 1694 1684 1728; x_wconf 84' lang='lat' dir='ltr'><strong>partium</strong></span> <span class='ocrx_word' id='word_1_604' title='bbox 1699 1702 1714 1720; x_wconf 87' lang='lat' dir='ltr'><strong>a</strong></span> <span class='ocrx_word' id='word_1_605' title='bbox 1739 1713 1743 1716; x_wconf 84' lang='lat'><strong><em>.</em></strong></span> 
     </span>
    </p>
   </div>
   <div class='ocr_carea' id='block_1_79' title="bbox 928 1739 1714 1774">
    <p class='ocr_par' dir='ltr' id='par_1_79' title="bbox 928 1739 1714 1774">
     <span class='ocr_line' id='line_1_79' title="bbox 928 1739 1714 1774; baseline 0.001 -9"><span class='ocrx_word' id='word_1_606' title='bbox 928 1742 999 1766; x_wconf 85' lang='lat' dir='ltr'><strong>terra</strong></span> <span class='ocrx_word' id='word_1_607' title='bbox 1015 1747 1122 1767; x_wconf 84' lang='lat' dir='ltr'><strong>sursum</strong></span> <span class='ocrx_word' id='word_1_608' title='bbox 1134 1740 1247 1766; x_wconf 90' lang='lat' dir='ltr'><strong>tollitur.</strong></span> <span class='ocrx_word' id='word_1_609' title='bbox 1258 1739 1378 1774; x_wconf 81' lang='lat' dir='ltr'><strong>Hujusce</strong></span> <span class='ocrx_word' id='word_1_610' title='bbox 1390 1740 1427 1767; x_wconf 88' lang='lat' dir='ltr'><strong>rei</strong></span> <span class='ocrx_word' id='word_1_611' title='bbox 1440 1740 1506 1766; x_wconf 94' lang='lat' dir='ltr'><strong>illud</strong></span> <span class='ocrx_word' id='word_1_612' title='bbox 1528 1740 1656 1767; x_wconf 90' lang='lat' dir='ltr'><strong>indicium</strong></span> <span class='ocrx_word' id='word_1_613' title='bbox 1669 1740 1714 1773; x_wconf 87' lang='lat' dir='ltr'><strong>sit,</strong></span> 
     </span>
    </p>
   </div>
   <div class='ocr_carea' id='block_1_80' title="bbox 927 1783 1706 1820">
    <p class='ocr_par' dir='ltr' id='par_1_80' title="bbox 927 1783 1706 1820">
     <span class='ocr_line' id='line_1_80' title="bbox 927 1783 1706 1820; baseline 0.001 -10"><span class='ocrx_word' id='word_1_614' title='bbox 927 1783 1000 1818; x_wconf 87' lang='lat' dir='ltr'><strong>quod</strong></span> <span class='ocrx_word' id='word_1_615' title='bbox 1012 1785 1195 1812; x_wconf 82' lang='lat' dir='ltr'><strong>crassioribus</strong></span> <span class='ocrx_word' id='word_1_616' title='bbox 1208 1793 1223 1812; x_wconf 92' lang='lat' dir='ltr'><strong>e</strong></span> <span class='ocrx_word' id='word_1_617' title='bbox 1235 1785 1370 1820; x_wconf 82' lang='lat' dir='ltr'><strong>profundo</strong></span> <span class='ocrx_word' id='word_1_618' title='bbox 1384 1788 1464 1812; x_wconf 72' lang='lat' dir='ltr'><strong>terra:</strong></span> <span class='ocrx_word' id='word_1_619' title='bbox 1475 1785 1634 1819; x_wconf 89' lang='lat' dir='ltr'><strong>plerumque</strong></span> <span class='ocrx_word' id='word_1_620' title='bbox 1650 1785 1706 1811; x_wconf 87' lang='lat' dir='ltr'><strong>sub-</strong></span> 
     </span>
    </p>
   </div>
   <div class='ocr_carea' id='block_1_81' title="bbox 927 1827 1714 1863">
    <p class='ocr_par' dir='ltr' id='par_1_81' title="bbox 927 1827 1714 1863">
     <span class='ocr_line' id='line_1_81' title="bbox 927 1827 1714 1863; baseline 0.003 -9"><span class='ocrx_word' id='word_1_621' title='bbox 927 1827 990 1854; x_wconf 90' lang='lat' dir='ltr'><strong>latis</strong></span> <span class='ocrx_word' id='word_1_622' title='bbox 1014 1829 1171 1862; x_wconf 76' lang='lat' dir='ltr'><strong>vaporibus,</strong></span> <span class='ocrx_word' id='word_1_623' title='bbox 1195 1829 1374 1863; x_wconf 76' lang='lat' dir='ltr'><strong>caliginosum</strong></span> <span class='ocrx_word' id='word_1_624' title='bbox 1399 1829 1534 1863; x_wconf 83' lang='lat' dir='ltr'><strong>quoddam</strong></span> <span class='ocrx_word' id='word_1_625' title='bbox 1548 1836 1649 1863; x_wconf 88' lang='lat' dir='ltr'><strong>corpus</strong></span> <span class='ocrx_word' id='word_1_626' title='bbox 1667 1829 1714 1856; x_wconf 92' lang='lat' dir='ltr'><strong>de-</strong></span> 
     </span>
    </p>
   </div>
   <div class='ocr_carea' id='block_1_82' title="bbox 926 1871 1712 1908">
    <p class='ocr_par' dir='ltr' id='par_1_82' title="bbox 926 1871 1712 1908">
     <span class='ocr_line' id='line_1_82' title="bbox 926 1871 1712 1908; baseline 0.004 -10"><span class='ocrx_word' id='word_1_627' title='bbox 926 1871 995 1905; x_wconf 88' lang='lat' dir='ltr'><strong>ﬂuit,</strong></span> <span class='ocrx_word' id='word_1_628' title='bbox 1008 1876 1136 1907; x_wconf 90' lang='lat' dir='ltr'><strong>tantaque</strong></span> <span class='ocrx_word' id='word_1_629' title='bbox 1149 1873 1185 1900; x_wconf 88' lang='lat' dir='ltr'><strong>sit</strong></span> <span class='ocrx_word' id='word_1_630' title='bbox 1198 1881 1328 1908; x_wconf 82' lang='lat' dir='ltr'><strong>vaporum</strong></span> <span class='ocrx_word' id='word_1_631' title='bbox 1345 1874 1554 1908; x_wconf 76' lang='lat' dir='ltr'><strong>coagmentatio.</strong></span> <span class='ocrx_word' id='word_1_632' title='bbox 1574 1877 1605 1900; x_wconf 89' lang='lat' dir='ltr'><strong>ut</strong></span> <span class='ocrx_word' id='word_1_633' title='bbox 1625 1874 1712 1902; x_wconf 88' lang='lat' dir='ltr'><strong>oculis</strong></span> 
     </span>
    </p>
   </div>
   <div class='ocr_carea' id='block_1_83' title="bbox 925 1917 1710 1954">
    <p class='ocr_par' dir='ltr' id='par_1_83' title="bbox 925 1917 1710 1954">
     <span class='ocr_line' id='line_1_83' title="bbox 925 1917 1710 1954; baseline 0.001 -9"><span class='ocrx_word' id='word_1_634' title='bbox 925 1917 1069 1952; x_wconf 84' lang='lat' dir='ltr'><strong>perspicue</strong></span> <span class='ocrx_word' id='word_1_635' title='bbox 1090 1921 1231 1946; x_wconf 82' lang='lat' dir='ltr'><strong>cernatur.</strong></span> <span class='ocrx_word' id='word_1_636' title='bbox 1261 1918 1336 1946; x_wconf 85' lang='lat' dir='ltr'><strong>Alias</strong></span> <span class='ocrx_word' id='word_1_637' title='bbox 1352 1922 1440 1946; x_wconf 87' lang='lat' dir='ltr'><strong>autem</strong></span> <span class='ocrx_word' id='word_1_638' title='bbox 1459 1919 1567 1947; x_wconf 88' lang='lat' dir='ltr'><strong>tenuior</strong></span> <span class='ocrx_word' id='word_1_639' title='bbox 1590 1919 1710 1954; x_wconf 56' lang='lat' dir='ltr'><strong>quadam</strong></span> 
     </span>
    </p>
   </div>
   <div class='ocr_carea' id='block_1_84' title="bbox 925 1964 1712 2000">
    <p class='ocr_par' dir='ltr' id='par_1_84' title="bbox 925 1964 1712 2000">
     <span class='ocr_line' id='line_1_84' title="bbox 925 1964 1712 2000; baseline 0.003 -10"><span class='ocrx_word' id='word_1_640' title='bbox 925 1964 1034 1998; x_wconf 82' lang='lat' dir='ltr'><strong>vaporis</strong></span> <span class='ocrx_word' id='word_1_641' title='bbox 1051 1964 1080 1991; x_wconf 86' lang='lat' dir='ltr'><strong>ﬁt</strong></span> <span class='ocrx_word' id='word_1_642' title='bbox 1094 1964 1241 1998; x_wconf 86' lang='lat' dir='ltr'><strong>exhalatio,</strong></span> <span class='ocrx_word' id='word_1_643' title='bbox 1257 1973 1318 2000; x_wconf 65' lang='lat' dir='ltr'><strong>quae</strong></span> <span class='ocrx_word' id='word_1_644' title='bbox 1333 1965 1366 1992; x_wconf 88' lang='lat' dir='ltr'><strong>ad</strong></span> <span class='ocrx_word' id='word_1_645' title='bbox 1386 1965 1458 1993; x_wconf 85' lang='lat' dir='ltr'><strong>aeris</strong></span> <span class='ocrx_word' id='word_1_646' title='bbox 1474 1966 1632 1992; x_wconf 88' lang='lat' dir='ltr'><strong>tenuitatem</strong></span> <span class='ocrx_word' id='word_1_647' title='bbox 1649 1973 1712 2000; x_wconf 88' lang='lat' dir='ltr'><strong>pro-</strong></span> 
     </span>
    </p>
   </div>
   <div class='ocr_carea' id='block_1_85' title="bbox 925 2009 1710 2046">
    <p class='ocr_par' dir='ltr' id='par_1_85' title="bbox 925 2009 1710 2046">
     <span class='ocr_line' id='line_1_85' title="bbox 925 2009 1710 2046; baseline 0.001 -10"><span class='ocrx_word' id='word_1_648' title='bbox 925 2010 999 2037; x_wconf 84' lang='lat' dir='ltr'><strong>xime</strong></span> <span class='ocrx_word' id='word_1_649' title='bbox 1012 2010 1128 2043; x_wconf 84' lang='lat' dir='ltr'><strong>acoedit,</strong></span> <span class='ocrx_word' id='word_1_650' title='bbox 1147 2018 1197 2038; x_wconf 88' lang='lat' dir='ltr'><strong>nec</strong></span> <span class='ocrx_word' id='word_1_651' title='bbox 1208 2011 1285 2045; x_wconf 89' lang='lat' dir='ltr'><strong>prius</strong></span> <span class='ocrx_word' id='word_1_652' title='bbox 1297 2009 1386 2038; x_wconf 91' lang='lat' dir='ltr'><strong>oculis</strong></span> <span class='ocrx_word' id='word_1_653' title='bbox 1401 2011 1503 2045; x_wconf 90' lang='lat' dir='ltr'><strong>percipi</strong></span> <span class='ocrx_word' id='word_1_654' title='bbox 1518 2015 1617 2046; x_wconf 70' lang='lat' dir='ltr'><strong>potest,</strong></span> <span class='ocrx_word' id='word_1_655' title='bbox 1629 2019 1710 2045; x_wconf 80' lang='lat' dir='ltr'><strong>quam</strong></span> 
     </span>
    </p>
   </div>
   <div class='ocr_carea' id='block_1_86' title="bbox 924 2054 1709 2091">
    <p class='ocr_par' dir='ltr' id='par_1_86' title="bbox 924 2054 1709 2091">
     <span class='ocr_line' id='line_1_86' title="bbox 924 2054 1709 2091; baseline 0.004 -10"><span class='ocrx_word' id='word_1_656' title='bbox 924 2054 997 2082; x_wconf 85' lang='lat' dir='ltr'><strong>inter</strong></span> <span class='ocrx_word' id='word_1_657' title='bbox 1015 2063 1045 2083; x_wconf 90' lang='lat' dir='ltr'><strong>se</strong></span> <span class='ocrx_word' id='word_1_658' title='bbox 1061 2060 1156 2083; x_wconf 87' lang='lat' dir='ltr'><strong>coacta</strong></span> <span class='ocrx_word' id='word_1_659' title='bbox 1173 2060 1254 2091; x_wconf 89' lang='lat' dir='ltr'><strong>atque</strong></span> <span class='ocrx_word' id='word_1_660' title='bbox 1265 2061 1392 2088; x_wconf 78' lang='lat' dir='ltr'><strong>concreta</strong></span> <span class='ocrx_word' id='word_1_661' title='bbox 1413 2057 1648 2091; x_wconf 76' lang='lat' dir='ltr'><strong>coagmentatione</strong></span> <span class='ocrx_word' id='word_1_662' title='bbox 1661 2065 1709 2084; x_wconf 91' lang='lat' dir='ltr'><strong>sua</strong></span> 
     </span>
    </p>
   </div>
   <div class='ocr_carea' id='block_1_87' title="bbox 925 2100 1711 2138">
    <p class='ocr_par' dir='ltr' id='par_1_87' title="bbox 925 2100 1711 2138">
     <span class='ocr_line' id='line_1_87' title="bbox 925 2100 1711 2138; baseline 0.004 -11"><span class='ocrx_word' id='word_1_663' title='bbox 925 2101 1024 2128; x_wconf 89' lang='lat' dir='ltr'><strong>nubem</strong></span> <span class='ocrx_word' id='word_1_664' title='bbox 1039 2101 1147 2129; x_wconf 83' lang='lat' dir='ltr'><strong>elllciat.</strong></span> <span class='ocrx_word' id='word_1_665' title='bbox 1161 2100 1269 2129; x_wconf 88' lang='lat' dir='ltr'><strong>Tenues</strong></span> <span class='ocrx_word' id='word_1_666' title='bbox 1284 2107 1364 2136; x_wconf 71' lang='lat' dir='ltr'><strong>igitur</strong></span> <span class='ocrx_word' id='word_1_667' title='bbox 1377 2106 1459 2137; x_wconf 84' lang='lat' dir='ltr'><strong>atque</strong></span> <span class='ocrx_word' id='word_1_668' title='bbox 1472 2101 1575 2128; x_wconf 91' lang='lat' dir='ltr'><strong>humidi</strong></span> <span class='ocrx_word' id='word_1_669' title='bbox 1596 2110 1711 2138; x_wconf 80' lang='lat' dir='ltr'><strong>vapores</strong></span> 
     </span>
    </p>
   </div>
   <div class='ocr_carea' id='block_1_88' title="bbox 925 2147 1711 2183">
    <p class='ocr_par' dir='ltr' id='par_1_88' title="bbox 925 2147 1711 2183">
     <span class='ocr_line' id='line_1_88' title="bbox 925 2147 1711 2183; baseline 0.001 -9"><span class='ocrx_word' id='word_1_670' title='bbox 925 2147 963 2174; x_wconf 91' lang='lat' dir='ltr'><strong>illi</strong></span> <span class='ocrx_word' id='word_1_671' title='bbox 993 2148 1102 2175; x_wconf 84' lang='lat' dir='ltr'><strong>levitate</strong></span> <span class='ocrx_word' id='word_1_672' title='bbox 1126 2155 1176 2175; x_wconf 87' lang='lat' dir='ltr'><strong>sua</strong></span> <span class='ocrx_word' id='word_1_673' title='bbox 1198 2148 1225 2174; x_wconf 90' lang='lat' dir='ltr'><strong>in</strong></span> <span class='ocrx_word' id='word_1_674' title='bbox 1248 2155 1310 2175; x_wconf 86' lang='lat' dir='ltr'><strong>aere</strong></span> <span class='ocrx_word' id='word_1_675' title='bbox 1331 2148 1448 2175; x_wconf 86' lang='lat' dir='ltr'><strong>ﬂuitant.</strong></span> <span class='ocrx_word' id='word_1_676' title='bbox 1476 2148 1552 2181; x_wconf 82' lang='lat' dir='ltr'><strong>Quod</strong></span> <span class='ocrx_word' id='word_1_677' title='bbox 1580 2149 1603 2175; x_wconf 90' lang='lat' dir='ltr'><strong>si</strong></span> <span class='ocrx_word' id='word_1_678' title='bbox 1623 2149 1711 2183; x_wconf 88' lang='lat' dir='ltr'><strong>major</strong></span> 
     </span>
    </p>
   </div>
   <div class='ocr_carea' id='block_1_89' title="bbox 85 2181 877 2229">
    <p class='ocr_par' dir='ltr' id='par_1_89' title="bbox 85 2181 872 2222">
     <span class='ocr_line' id='line_1_89' title="bbox 85 2181 872 2222; baseline 0.006 -14"><span class='ocrx_word' id='word_1_679' title='bbox 85 2182 132 2208; x_wconf 77' lang='grc' dir='ltr'><strong>τὸν</strong></span> <span class='ocrx_word' id='word_1_680' title='bbox 147 2182 213 2217; x_wconf 86' lang='grc' dir='ltr'>ἀέρα</span> <span class='ocrx_word' id='word_1_681' title='bbox 227 2182 326 2216; x_wconf 79' lang='grc' dir='ltr'>τρόπον</span> <span class='ocrx_word' id='word_1_682' title='bbox 341 2181 401 2208; x_wconf 85' lang='grc' dir='ltr'>τινὰ</span> <span class='ocrx_word' id='word_1_683' title='bbox 413 2183 445 2217; x_wconf 80' lang='grc' dir='ltr'><strong>τῇ</strong></span> <span class='ocrx_word' id='word_1_684' title='bbox 461 2182 614 2218; x_wconf 82' lang='grc' dir='ltr'>λεπτότητι,</span> <span class='ocrx_word' id='word_1_685' title='bbox 628 2185 674 2211; x_wconf 77' lang='grc' dir='ltr'>καὶ</span> <span class='ocrx_word' id='word_1_686' title='bbox 689 2185 726 2220; x_wconf 86' lang='grc' dir='ltr'>μὴ</span> <span class='ocrx_word' id='word_1_687' title='bbox 742 2186 872 2222; x_wconf 73' lang='grc' dir='ltr'>πρότερον</span> 
     </span>
    </p>
   </div>
   <div class='ocr_carea' id='block_1_90' title="bbox 928 2181 1707 2229">
    <p class='ocr_par' dir='ltr' id='par_1_90' title="bbox 928 2193 1707 2229">
     <span class='ocr_line' id='line_1_90' title="bbox 928 2193 1707 2229; baseline -0.001 -9"><span class='ocrx_word' id='word_1_688' title='bbox 928 2193 1027 2221; x_wconf 92' lang='lat' dir='ltr'><strong>humidi</strong></span> <span class='ocrx_word' id='word_1_689' title='bbox 1039 2193 1117 2228; x_wconf 92' lang='lat' dir='ltr'><strong>copia</strong></span> <span class='ocrx_word' id='word_1_690' title='bbox 1136 2193 1162 2220; x_wconf 91' lang='lat' dir='ltr'><strong>in</strong></span> <span class='ocrx_word' id='word_1_691' title='bbox 1178 2201 1262 2220; x_wconf 95' lang='lat' dir='ltr'><strong>unum</strong></span> <span class='ocrx_word' id='word_1_692' title='bbox 1279 2193 1420 2221; x_wconf 86' lang='lat' dir='ltr'><strong>conﬂuens</strong></span> <span class='ocrx_word' id='word_1_693' title='bbox 1434 2194 1594 2229; x_wconf 84' lang='lat' dir='ltr'><strong>gravitatem</strong></span> <span class='ocrx_word' id='word_1_694' title='bbox 1612 2195 1707 2228; x_wconf 87' lang='lat' dir='ltr'><strong>acqui—</strong></span> 
     </span>
    </p>
   </div>
   <div class='ocr_carea' id='block_1_91' title="bbox 87 2227 872 2268">
    <p class='ocr_par' dir='ltr' id='par_1_91' title="bbox 87 2227 872 2268">
     <span class='ocr_line' id='line_1_91' title="bbox 87 2227 872 2268; baseline 0.009 -15"><span class='ocrx_word' id='word_1_695' title='bbox 87 2227 268 2263; x_wconf 82' lang='grc' dir='ltr'>φανεροῦσθαι</span> <span class='ocrx_word' id='word_1_696' title='bbox 291 2228 350 2259; x_wconf 82' lang='grc' dir='ltr'>ταῖς</span> <span class='ocrx_word' id='word_1_697' title='bbox 371 2227 459 2262; x_wconf 72' lang='grc' dir='ltr'>ὕψεσι,</span> <span class='ocrx_word' id='word_1_698' title='bbox 484 2229 548 2264; x_wconf 80' lang='grc' dir='ltr'>πρὶν</span> <span class='ocrx_word' id='word_1_699' title='bbox 572 2230 657 2267; x_wconf 82' lang='grc' dir='ltr'>αὐτὴν</span> <span class='ocrx_word' id='word_1_700' title='bbox 681 2232 748 2266; x_wconf 81' lang='grc' dir='ltr'>πρὸς</span> <span class='ocrx_word' id='word_1_701' title='bbox 773 2233 872 2268; x_wconf 79' lang='grc' dir='ltr'>ἑαυτὴν</span> 
     </span>
    </p>
   </div>
   <div class='ocr_carea' id='block_1_92' title="bbox 87 2272 870 2313">
    <p class='ocr_par' dir='ltr' id='par_1_92' title="bbox 87 2272 870 2313">
     <span class='ocr_line' id='line_1_92' title="bbox 87 2272 870 2313; baseline 0.01 -15"><span class='ocrx_word' id='word_1_702' title='bbox 87 2274 246 2308; x_wconf 82' lang='grc' dir='ltr'>συμπεσεῖν,</span> <span class='ocrx_word' id='word_1_703' title='bbox 268 2272 316 2308; x_wconf 87' lang='grc' dir='ltr'><strong>τὴν</strong></span> <span class='ocrx_word' id='word_1_704' title='bbox 339 2272 392 2298; x_wconf 85' lang='grc' dir='ltr'>τῶν</span> <span class='ocrx_word' id='word_1_705' title='bbox 415 2273 542 2301; x_wconf 83' lang='grc' dir='ltr'>τοιούτων</span> <span class='ocrx_word' id='word_1_706' title='bbox 564 2275 654 2310; x_wconf 87' lang='grc' dir='ltr'>ὑγρῶν</span> <span class='ocrx_word' id='word_1_707' title='bbox 679 2277 870 2313; x_wconf 79' lang='grc' dir='ltr'>ἀναθυμίασιν,</span> 
     </span>
    </p>
   </div>
   <div class='ocr_carea' id='block_1_93' title="bbox 86 2318 871 2358">
    <p class='ocr_par' dir='ltr' id='par_1_93' title="bbox 86 2318 871 2358">
     <span class='ocr_line' id='line_1_93' title="bbox 86 2318 871 2358; baseline 0.005 -12"><span class='ocrx_word' id='word_1_708' title='bbox 86 2320 134 2346; x_wconf 79' lang='grc' dir='ltr'>καὶ</span> <span class='ocrx_word' id='word_1_709' title='bbox 146 2319 216 2346; x_wconf 83' lang='grc' dir='ltr'>οὕτω</span> <span class='ocrx_word' id='word_1_710' title='bbox 227 2318 352 2353; x_wconf 86' lang='grc' dir='ltr'>γενέσθαι</span> <span class='ocrx_word' id='word_1_711' title='bbox 364 2318 444 2353; x_wconf 80' lang='grc' dir='ltr'>νέφος</span> <span class='ocrx_word' id='word_1_712' title='bbox 457 2319 500 2347; x_wconf 81' lang='grc' dir='ltr'>διὰ</span> <span class='ocrx_word' id='word_1_713' title='bbox 515 2322 564 2356; x_wconf 82' lang='grc' dir='ltr'>τῆς</span> <span class='ocrx_word' id='word_1_714' title='bbox 577 2322 769 2358; x_wconf 82' lang='grc' dir='ltr'>συμπιλήσεως</span> <span class='ocrx_word' id='word_1_715' title='bbox 779 2332 786 2340; x_wconf 92' lang='grc'><strong>·</strong></span> <span class='ocrx_word' id='word_1_716' title='bbox 800 2324 871 2352; x_wconf 78' lang='grc' dir='ltr'>ὥστε</span> 
     </span>
    </p>
   </div>
   <div class='ocr_carea' id='block_1_94' title="bbox 86 2364 871 2405">
    <p class='ocr_par' dir='ltr' id='par_1_94' title="bbox 86 2364 871 2405">
     <span class='ocr_line' id='line_1_94' title="bbox 86 2364 871 2405; baseline 0.011 -16"><span class='ocrx_word' id='word_1_717' title='bbox 86 2364 134 2395; x_wconf 77' lang='grc' dir='ltr'><strong>τὰς</strong></span> <span class='ocrx_word' id='word_1_718' title='bbox 143 2364 243 2396; x_wconf 84' lang='grc' dir='ltr'>λεπτάς</span> <span class='ocrx_word' id='word_1_719' title='bbox 256 2373 285 2390; x_wconf 89' lang='grc' dir='ltr'><strong>τε</strong></span> <span class='ocrx_word' id='word_1_720' title='bbox 302 2364 348 2390; x_wconf 70' lang='grc' dir='ltr'>καὶ</span> <span class='ocrx_word' id='word_1_721' title='bbox 361 2365 510 2400; x_wconf 85' lang='grc' dir='ltr'>ἀτμοειδείς</span> <span class='ocrx_word' id='word_1_722' title='bbox 526 2366 650 2401; x_wconf 75' lang='grc' dir='ltr'>ἰκμάδας,</span> <span class='ocrx_word' id='word_1_723' title='bbox 665 2370 732 2401; x_wconf 80' lang='grc' dir='ltr'>τέως</span> <span class='ocrx_word' id='word_1_724' title='bbox 748 2370 798 2405; x_wconf 81' lang='grc' dir='ltr'>μὲν</span> <span class='ocrx_word' id='word_1_725' title='bbox 812 2371 871 2397; x_wconf 79' lang='grc' dir='ltr'>ἑπι-</span> 
     </span>
    </p>
   </div>
   <div class='ocr_carea' id='block_1_95' title="bbox 85 2409 870 2450">
    <p class='ocr_par' dir='ltr' id='par_1_95' title="bbox 85 2409 870 2450">
     <span class='ocr_line' id='line_1_95' title="bbox 85 2409 870 2450; baseline 0.01 -14"><span class='ocrx_word' id='word_1_726' title='bbox 85 2409 210 2442; x_wconf 82' lang='grc' dir='ltr'>πολάζειν</span> <span class='ocrx_word' id='word_1_727' title='bbox 224 2409 263 2445; x_wconf 83' lang='grc' dir='ltr'>τῷ</span> <span class='ocrx_word' id='word_1_728' title='bbox 275 2410 337 2445; x_wconf 84' lang='grc' dir='ltr'>ἀέρι</span> <span class='ocrx_word' id='word_1_729' title='bbox 353 2410 397 2436; x_wconf 79' lang='grc' dir='ltr'>διὰ</span> <span class='ocrx_word' id='word_1_730' title='bbox 410 2412 572 2447; x_wconf 77' lang='grc' dir='ltr'>κουφότητα,</span> <span class='ocrx_word' id='word_1_731' title='bbox 589 2415 637 2442; x_wconf 80' lang='grc' dir='ltr'><strong>καὶ</strong></span> <span class='ocrx_word' id='word_1_732' title='bbox 650 2415 805 2450; x_wconf 75' lang='grc' dir='ltr'>ἐποχεῖσθαι</span> <span class='ocrx_word' id='word_1_733' title='bbox 815 2418 870 2449; x_wconf 80' lang='grc' dir='ltr'>τοῖς</span> 
     </span>
    </p>
   </div>
   <div class='ocr_carea' id='block_1_96' title="bbox 85 2454 869 2498">
    <p class='ocr_par' dir='ltr' id='par_1_96' title="bbox 85 2454 869 2498">
     <span class='ocr_line' id='line_1_96' title="bbox 85 2454 869 2498; baseline 0.013 -18"><span class='ocrx_word' id='word_1_734' title='bbox 85 2454 247 2490; x_wconf 81' lang='grc' dir='ltr'>πνεύμασιν,</span> <span class='ocrx_word' id='word_1_735' title='bbox 268 2457 293 2482; x_wconf 89' lang='grc' dir='ltr'>ει</span> <span class='ocrx_word' id='word_1_736' title='bbox 309 2456 337 2483; x_wconf 82' lang='grc' dir='ltr'><strong>δὲ</strong></span> <span class='ocrx_word' id='word_1_737' title='bbox 351 2456 469 2493; x_wconf 81' lang='grc' dir='ltr'>πλεῖονή</span> <span class='ocrx_word' id='word_1_738' title='bbox 483 2458 529 2484; x_wconf 83' lang='grc' dir='ltr'><strong>τοῦ</strong></span> <span class='ocrx_word' id='word_1_739' title='bbox 545 2460 628 2495; x_wconf 84' lang='grc' dir='ltr'>ὑγροῦ</span> <span class='ocrx_word' id='word_1_740' title='bbox 643 2461 786 2495; x_wconf 88' lang='grc' dir='ltr'>συγγένεια</span> <span class='ocrx_word' id='word_1_741' title='bbox 801 2463 869 2498; x_wconf 79' lang='grc' dir='ltr'>πρὸς</span> 
     </span>
    </p>
   </div>
   <div class='ocr_carea' id='block_1_97' title="bbox 83 2500 869 2539">
    <p class='ocr_par' dir='ltr' id='par_1_97' title="bbox 83 2500 869 2539">
     <span class='ocr_line' id='line_1_97' title="bbox 83 2500 869 2539; baseline 0.01 -11"><span class='ocrx_word' id='word_1_742' title='bbox 83 2500 169 2536; x_wconf 72' lang='grc' dir='ltr'>αὐτὴν</span> <span class='ocrx_word' id='word_1_743' title='bbox 185 2502 331 2537; x_wconf 81' lang='grc' dir='ltr'>συρρυεῖσα</span> <span class='ocrx_word' id='word_1_744' title='bbox 347 2503 444 2539; x_wconf 78' lang='grc' dir='ltr'>βαρεῖα</span> <span class='ocrx_word' id='word_1_745' title='bbox 466 2504 581 2538; x_wconf 86' lang='grc' dir='ltr'>γένοιτο,</span> <span class='ocrx_word' id='word_1_746' title='bbox 596 2506 656 2533; x_wconf 83' lang='grc' dir='ltr'>τότε</span> <span class='ocrx_word' id='word_1_747' title='bbox 684 2508 869 2536; x_wconf 74' lang='grc' dir='ltr'>ἐκπίπτουσαν</span> 
     </span>
    </p>
   </div>
   <div class='ocr_carea' id='block_1_98' title="bbox 83 2545 869 2584">
    <p class='ocr_par' dir='ltr' id='par_1_98' title="bbox 83 2545 869 2584">
     <span class='ocr_line' id='line_1_98' title="bbox 83 2545 869 2584; baseline 0.015 -14"><span class='ocrx_word' id='word_1_748' title='bbox 83 2545 131 2571; x_wconf 86' lang='grc' dir='ltr'><strong>τοῦ</strong></span> <span class='ocrx_word' id='word_1_749' title='bbox 147 2546 226 2582; x_wconf 87' lang='grc' dir='ltr'>ἀέρος</span> <span class='ocrx_word' id='word_1_750' title='bbox 237 2547 284 2573; x_wconf 74' lang='grc' dir='ltr'><strong>ἐπὶ</strong></span> <span class='ocrx_word' id='word_1_751' title='bbox 298 2548 349 2583; x_wconf 83' lang='grc' dir='ltr'>τὴν</span> <span class='ocrx_word' id='word_1_752' title='bbox 358 2549 410 2584; x_wconf 80' lang='grc' dir='ltr'>γῆν</span> <span class='ocrx_word' id='word_1_753' title='bbox 425 2549 542 2584; x_wconf 81' lang='grc' dir='ltr'>σταγόνα</span> <span class='ocrx_word' id='word_1_754' title='bbox 553 2551 685 2584; x_wconf 80' lang='grc' dir='ltr'>γίνεσθαι.</span> <span class='ocrx_word' id='word_1_755' title='bbox 700 2554 804 2582; x_wconf 84' lang='grc' dir='ltr'>Οὐκοῦν</span> <span class='ocrx_word' id='word_1_756' title='bbox 818 2555 869 2582; x_wconf 82' lang='grc' dir='ltr'><strong>οὑκ</strong></span> 
     </span>
    </p>
   </div>
   <div class='ocr_carea' id='block_1_99' title="bbox 81 2591 867 2635">
    <p class='ocr_par' dir='ltr' id='par_1_99' title="bbox 81 2591 867 2635">
     <span class='ocr_line' id='line_1_99' title="bbox 81 2591 867 2635; baseline 0.015 -19"><span class='ocrx_word' id='word_1_757' title='bbox 81 2591 220 2618; x_wconf 83' lang='grc' dir='ltr'>ἀνάλωσεν</span> <span class='ocrx_word' id='word_1_758' title='bbox 233 2592 250 2627; x_wconf 83' lang='grc' dir='ltr'><strong>ἡ</strong></span> <span class='ocrx_word' id='word_1_759' title='bbox 266 2592 400 2630; x_wconf 77' lang='grc' dir='ltr'>θερμότης</span> <span class='ocrx_word' id='word_1_760' title='bbox 422 2595 491 2630; x_wconf 79' lang='grc' dir='ltr'>ὅπερ</span> <span class='ocrx_word' id='word_1_761' title='bbox 515 2595 547 2623; x_wconf 87' lang='grc' dir='ltr'>ὲκ</span> <span class='ocrx_word' id='word_1_762' title='bbox 567 2597 616 2632; x_wconf 84' lang='grc' dir='ltr'>τῆς</span> <span class='ocrx_word' id='word_1_763' title='bbox 632 2598 686 2633; x_wconf 14' lang='grc' dir='ltr'>γῆς,</span> <span class='ocrx_word' id='word_1_764' title='bbox 705 2599 867 2635; x_wconf 81' lang='grc' dir='ltr'>ἀνεμάξατο,</span> 
     </span>
    </p>
   </div>
   <div class='ocr_carea' id='block_1_100' title="bbox 80 2635 868 2681">
    <p class='ocr_par' dir='ltr' id='par_1_100' title="bbox 80 2635 868 2681">
     <span class='ocr_line' id='line_1_100' title="bbox 80 2635 868 2681; baseline 0.015 -20"><span class='ocrx_word' id='word_1_765' title='bbox 80 2635 140 2662; x_wconf 83' lang='grc' dir='ltr'>ἀλλ’</span> <span class='ocrx_word' id='word_1_766' title='bbox 164 2636 194 2668; x_wconf 73' lang='grc' dir='ltr'><strong>ἐξ</strong></span> <span class='ocrx_word' id='word_1_767' title='bbox 217 2637 306 2664; x_wconf 84' lang='grc' dir='ltr'>αὐτῶν</span> <span class='ocrx_word' id='word_1_768' title='bbox 331 2639 380 2674; x_wconf 84' lang='grc' dir='ltr'>μὲν</span> <span class='ocrx_word' id='word_1_769' title='bbox 396 2640 510 2676; x_wconf 81' lang='grc' dir='ltr'>συνέστη</span> <span class='ocrx_word' id='word_1_770' title='bbox 533 2641 563 2668; x_wconf 83' lang='grc' dir='ltr'>τὸ</span> <span class='ocrx_word' id='word_1_771' title='bbox 585 2643 681 2677; x_wconf 75' lang='grc' dir='ltr'>νέφος,</span> <span class='ocrx_word' id='word_1_772' title='bbox 702 2644 732 2671; x_wconf 80' lang='grc' dir='ltr'>τὸ</span> <span class='ocrx_word' id='word_1_773' title='bbox 746 2645 868 2681; x_wconf 72' lang='grc' dir='ltr'>δὲ,νέφος</span> 
     </span>
    </p>
   </div>
   <div class='ocr_carea' id='block_1_101' title="bbox 81 2681 866 2727">
    <p class='ocr_par' dir='ltr' id='par_1_101' title="bbox 81 2681 866 2727">
     <span class='ocr_line' id='line_1_101' title="bbox 81 2681 866 2727; baseline 0.017 -20"><span class='ocrx_word' id='word_1_774' title='bbox 81 2681 232 2727; x_wconf 76' lang='grc' dir='ltr'>συνθλιϐὲν,</span> <span class='ocrx_word' id='word_1_775' title='bbox 248 2683 319 2720; x_wconf 83' lang='grc' dir='ltr'>ὕδωρ</span> <span class='ocrx_word' id='word_1_776' title='bbox 332 2686 448 2719; x_wconf 70' lang='grc' dir='ltr'>ἐγένετο·</span> <span class='ocrx_word' id='word_1_777' title='bbox 462 2687 540 2713; x_wconf 85' lang='grc' dir='ltr'>τοῦτο</span> <span class='ocrx_word' id='word_1_778' title='bbox 554 2688 582 2714; x_wconf 77' lang='grc' dir='ltr'><strong>δὲ</strong></span> <span class='ocrx_word' id='word_1_779' title='bbox 596 2689 676 2716; x_wconf 81' lang='grc' dir='ltr'>πάλιν</span> <span class='ocrx_word' id='word_1_780' title='bbox 687 2692 720 2726; x_wconf 83' lang='grc' dir='ltr'><strong>τῇ</strong></span> <span class='ocrx_word' id='word_1_781' title='bbox 737 2693 771 2727; x_wconf 83' lang='grc' dir='ltr'>γῇ</span> <span class='ocrx_word' id='word_1_782' title='bbox 785 2701 866 2720; x_wconf 87' lang='grc' dir='ltr'>κατα-</span> 
     </span>
    </p>
   </div>
   <div class='ocr_carea' id='block_1_102' title="bbox 81 2726 865 2772">
    <p class='ocr_par' dir='ltr' id='par_1_102' title="bbox 81 2726 865 2772">
     <span class='ocr_line' id='line_1_102' title="bbox 81 2726 865 2772; baseline 0.018 -21"><span class='ocrx_word' id='word_1_783' title='bbox 81 2726 194 2772; x_wconf 81' lang='grc' dir='ltr'>μιχθὲν,</span> <span class='ocrx_word' id='word_1_784' title='bbox 217 2728 257 2759; x_wconf 83' lang='grc' dir='ltr'><strong>εἰς</strong></span> <span class='ocrx_word' id='word_1_785' title='bbox 279 2729 363 2764; x_wconf 85' lang='grc' dir='ltr'>ἀτμὸν</span> <span class='ocrx_word' id='word_1_786' title='bbox 382 2731 504 2767; x_wconf 84' lang='grc' dir='ltr'>ἀνήχθη,</span> <span class='ocrx_word' id='word_1_787' title='bbox 531 2733 577 2760; x_wconf 82' lang='grc' dir='ltr'>καὶ</span> <span class='ocrx_word' id='word_1_788' title='bbox 591 2735 606 2761; x_wconf 84' lang='grc' dir='ltr'>ὀ</span> <span class='ocrx_word' id='word_1_789' title='bbox 628 2735 713 2770; x_wconf 82' lang='grc' dir='ltr'>ἀτμὸς</span> <span class='ocrx_word' id='word_1_790' title='bbox 727 2738 865 2772; x_wconf 75' lang='grc' dir='ltr'>νεφωθεὶς.</span> 
     </span>
    </p>
   </div>
   <div class='ocr_carea' id='block_1_103' title="bbox 78 2771 866 2817">
    <p class='ocr_par' dir='ltr' id='par_1_103' title="bbox 78 2771 866 2817">
     <span class='ocr_line' id='line_1_103' title="bbox 78 2771 866 2817; baseline 0.015 -19"><span class='ocrx_word' id='word_1_791' title='bbox 78 2771 182 2807; x_wconf 76' lang='grc' dir='ltr'>θμϐρος</span> <span class='ocrx_word' id='word_1_792' title='bbox 202 2773 321 2807; x_wconf 66' lang='grc' dir='ltr'>ἐγένετο.</span> <span class='ocrx_word' id='word_1_793' title='bbox 350 2775 397 2802; x_wconf 82' lang='grc' dir='ltr'><strong>Ἐκ</strong></span> <span class='ocrx_word' id='word_1_794' title='bbox 417 2776 445 2802; x_wconf 84' lang='grc' dir='ltr'><strong>δὲ</strong></span> <span class='ocrx_word' id='word_1_795' title='bbox 467 2777 561 2805; x_wconf 83' lang='grc' dir='ltr'>τούτου</span> <span class='ocrx_word' id='word_1_796' title='bbox 588 2780 668 2806; x_wconf 82' lang='grc' dir='ltr'>πάλιν</span> <span class='ocrx_word' id='word_1_797' title='bbox 694 2782 710 2816; x_wconf 89' lang='grc' dir='ltr'><strong>ἡ</strong></span> <span class='ocrx_word' id='word_1_798' title='bbox 740 2783 775 2817; x_wconf 86' lang='grc' dir='ltr'>γῆ</span> <span class='ocrx_word' id='word_1_799' title='bbox 804 2784 866 2815; x_wconf 83' lang='grc' dir='ltr'>τοὺς</span> 
     </span>
    </p>
   </div>
   <div class='ocr_carea' id='block_1_104' title="bbox 79 2817 864 2862">
    <p class='ocr_par' dir='ltr' id='par_1_104' title="bbox 79 2817 864 2862">
     <span class='ocr_line' id='line_1_104' title="bbox 79 2817 864 2862; baseline 0.015 -19"><span class='ocrx_word' id='word_1_800' title='bbox 79 2817 183 2852; x_wconf 71' lang='grc' dir='ltr'>ἀτμοὺς</span> <span class='ocrx_word' id='word_1_801' title='bbox 199 2818 338 2846; x_wconf 80' lang='grc' dir='ltr'>ἀπεκύησε</span> <span class='ocrx_word' id='word_1_802' title='bbox 350 2827 358 2835; x_wconf 71' lang='grc'><strong><em>⁸</em></strong></span> <span class='ocrx_word' id='word_1_803' title='bbox 386 2821 503 2848; x_wconf 81' lang='grc' dir='ltr'>κάκεῖνοι</span> <span class='ocrx_word' id='word_1_804' title='bbox 526 2824 705 2858; x_wconf 79' lang='grc' dir='ltr'>παχυνθέντες</span> <span class='ocrx_word' id='word_1_805' title='bbox 721 2828 749 2853; x_wconf 83' lang='grc' dir='ltr'>ὲν</span> <span class='ocrx_word' id='word_1_806' title='bbox 765 2829 795 2862; x_wconf 84' lang='grc' dir='ltr'>τῇ</span> <span class='ocrx_word' id='word_1_807' title='bbox 819 2837 864 2854; x_wconf 78' lang='grc' dir='ltr'>συ-</span> 
     </span>
    </p>
   </div>
   <div class='ocr_carea' id='block_1_105' title="bbox 925 2238 1708 2273">
    <p class='ocr_par' dir='ltr' id='par_1_105' title="bbox 925 2238 1708 2273">
     <span class='ocr_line' id='line_1_105' title="bbox 925 2238 1708 2273; baseline 0 -8"><span class='ocrx_word' id='word_1_808' title='bbox 925 2241 977 2271; x_wconf 90' lang='lat' dir='ltr'><strong>rat,</strong></span> <span class='ocrx_word' id='word_1_809' title='bbox 998 2243 1062 2266; x_wconf 89' lang='lat' dir='ltr'><strong>tunc</strong></span> <span class='ocrx_word' id='word_1_810' title='bbox 1082 2246 1114 2265; x_wconf 85' lang='lat' dir='ltr'><strong>ex</strong></span> <span class='ocrx_word' id='word_1_811' title='bbox 1141 2245 1204 2265; x_wconf 83' lang='lat' dir='ltr'><strong>aere</strong></span> <span class='ocrx_word' id='word_1_812' title='bbox 1227 2239 1353 2273; x_wconf 86' lang='lat' dir='ltr'><strong>guttatim</strong></span> <span class='ocrx_word' id='word_1_813' title='bbox 1369 2238 1453 2265; x_wconf 92' lang='lat' dir='ltr'><strong>cadit.</strong></span> <span class='ocrx_word' id='word_1_814' title='bbox 1473 2239 1567 2273; x_wconf 79' lang='lat' dir='ltr'><strong>Itaque</strong></span> <span class='ocrx_word' id='word_1_815' title='bbox 1585 2238 1658 2273; x_wconf 80' lang='lat' dir='ltr'><strong>quod</strong></span> <span class='ocrx_word' id='word_1_816' title='bbox 1676 2246 1708 2266; x_wconf 89' lang='lat' dir='ltr'><strong>ex</strong></span> 
     </span>
    </p>
   </div>
   <div class='ocr_carea' id='block_1_106' title="bbox 923 2283 1708 2316">
    <p class='ocr_par' dir='ltr' id='par_1_106' title="bbox 923 2283 1708 2316">
     <span class='ocr_line' id='line_1_106' title="bbox 923 2283 1708 2316; baseline -0.001 -5"><span class='ocrx_word' id='word_1_817' title='bbox 923 2287 995 2311; x_wconf 87' lang='lat' dir='ltr'><strong>terra</strong></span> <span class='ocrx_word' id='word_1_818' title='bbox 1007 2283 1134 2310; x_wconf 86' lang='lat' dir='ltr'><strong>caliditas</strong></span> <span class='ocrx_word' id='word_1_819' title='bbox 1165 2283 1277 2310; x_wconf 81' lang='lat' dir='ltr'><strong>attrahit</strong></span> <span class='ocrx_word' id='word_1_820' title='bbox 1301 2287 1329 2310; x_wconf 87' lang='lat' dir='ltr'><strong>et</strong></span> <span class='ocrx_word' id='word_1_821' title='bbox 1344 2283 1460 2316; x_wconf 91' lang='lat' dir='ltr'><strong>extollit,</strong></span> <span class='ocrx_word' id='word_1_822' title='bbox 1480 2283 1508 2310; x_wconf 89' lang='lat' dir='ltr'><strong>id</strong></span> <span class='ocrx_word' id='word_1_823' title='bbox 1537 2283 1570 2310; x_wconf 88' lang='lat' dir='ltr'><strong>ab</strong></span> <span class='ocrx_word' id='word_1_824' title='bbox 1593 2291 1623 2310; x_wconf 84' lang='lat' dir='ltr'><strong>ea</strong></span> <span class='ocrx_word' id='word_1_825' title='bbox 1653 2290 1708 2311; x_wconf 63' lang='lat' dir='ltr'><strong>n0]</strong></span> 
     </span>
    </p>
   </div>
   <div class='ocr_carea' id='block_1_107' title="bbox 923 2329 1708 2364">
    <p class='ocr_par' dir='ltr' id='par_1_107' title="bbox 923 2329 1708 2364">
     <span class='ocr_line' id='line_1_107' title="bbox 923 2329 1708 2364; baseline 0 -8"><span class='ocrx_word' id='word_1_826' title='bbox 923 2329 1106 2361; x_wconf 85' lang='lat' dir='ltr'><strong>consumitur,</strong></span> <span class='ocrx_word' id='word_1_827' title='bbox 1123 2329 1171 2356; x_wconf 73' lang='lat' dir='ltr'><strong>sed</strong></span> <span class='ocrx_word' id='word_1_828' title='bbox 1198 2329 1285 2358; x_wconf 84' lang='lat' dir='ltr'><strong>nubes</strong></span> <span class='ocrx_word' id='word_1_829' title='bbox 1303 2329 1413 2357; x_wconf 88' lang='lat' dir='ltr'><strong>evadit:</strong></span> <span class='ocrx_word' id='word_1_830' title='bbox 1439 2336 1493 2364; x_wconf 84' lang='lat' dir='ltr'><strong>qua</strong></span> <span class='ocrx_word' id='word_1_831' title='bbox 1509 2329 1617 2363; x_wconf 91' lang='lat' dir='ltr'><strong>quidem</strong></span> <span class='ocrx_word' id='word_1_832' title='bbox 1633 2337 1708 2356; x_wconf 86' lang='lat' dir='ltr'><strong>com-</strong></span> 
     </span>
    </p>
   </div>
   <div class='ocr_carea' id='block_1_108' title="bbox 922 2374 1708 2409">
    <p class='ocr_par' dir='ltr' id='par_1_108' title="bbox 922 2374 1708 2409">
     <span class='ocr_line' id='line_1_108' title="bbox 922 2374 1708 2409; baseline 0.003 -8"><span class='ocrx_word' id='word_1_833' title='bbox 922 2382 1028 2409; x_wconf 80' lang='lat' dir='ltr'><strong>pressa,</strong></span> <span class='ocrx_word' id='word_1_834' title='bbox 1054 2374 1140 2402; x_wconf 86' lang='lat' dir='ltr'><strong>imber</strong></span> <span class='ocrx_word' id='word_1_835' title='bbox 1155 2374 1282 2402; x_wconf 83' lang='lat' dir='ltr'><strong>eﬂicitur.</strong></span> <span class='ocrx_word' id='word_1_836' title='bbox 1301 2374 1358 2402; x_wconf 81' lang='lat' dir='ltr'><strong>Hoc</strong></span> <span class='ocrx_word' id='word_1_837' title='bbox 1376 2378 1467 2402; x_wconf 84' lang='lat' dir='ltr'><strong>autem</strong></span> <span class='ocrx_word' id='word_1_838' title='bbox 1500 2382 1609 2402; x_wconf 89' lang='lat' dir='ltr'><strong>rursum</strong></span> <span class='ocrx_word' id='word_1_839' title='bbox 1629 2379 1708 2403; x_wconf 63' lang='lat' dir='ltr'><strong>terra!</strong></span> 
     </span>
    </p>
   </div>
   <div class='ocr_carea' id='block_1_109' title="bbox 921 2419 1705 2455">
    <p class='ocr_par' dir='ltr' id='par_1_109' title="bbox 921 2419 1705 2455">
     <span class='ocr_line' id='line_1_109' title="bbox 921 2419 1705 2455; baseline -0.001 -8"><span class='ocrx_word' id='word_1_840' title='bbox 921 2419 1077 2452; x_wconf 87' lang='lat' dir='ltr'><strong>commisto,</strong></span> <span class='ocrx_word' id='word_1_841' title='bbox 1089 2427 1174 2454; x_wconf 82' lang='lat' dir='ltr'><strong>vapor</strong></span> <span class='ocrx_word' id='word_1_842' title='bbox 1184 2419 1323 2455; x_wconf 84' lang='lat' dir='ltr'><strong>consurgit</strong></span> <span class='ocrx_word' id='word_1_843' title='bbox 1335 2428 1342 2447; x_wconf 90' lang='lat'><strong><em>:</em></strong></span> <span class='ocrx_word' id='word_1_844' title='bbox 1355 2419 1401 2454; x_wconf 89' lang='lat' dir='ltr'><strong>qui</strong></span> <span class='ocrx_word' id='word_1_845' title='bbox 1414 2419 1542 2446; x_wconf 82' lang='lat' dir='ltr'><strong>redactus</strong></span> <span class='ocrx_word' id='word_1_846' title='bbox 1552 2419 1580 2446; x_wconf 90' lang='lat' dir='ltr'><strong>in</strong></span> <span class='ocrx_word' id='word_1_847' title='bbox 1593 2419 1705 2451; x_wconf 87' lang='lat' dir='ltr'><strong>nubem,</strong></span> 
     </span>
    </p>
   </div>
   <div class='ocr_carea' id='block_1_110' title="bbox 920 2465 1705 2502">
    <p class='ocr_par' dir='ltr' id='par_1_110' title="bbox 920 2465 1705 2502">
     <span class='ocr_line' id='line_1_110' title="bbox 920 2465 1705 2502; baseline 0 -9"><span class='ocrx_word' id='word_1_848' title='bbox 920 2466 1040 2502; x_wconf 87' lang='lat' dir='ltr'><strong>pluviam</strong></span> <span class='ocrx_word' id='word_1_849' title='bbox 1066 2469 1094 2493; x_wconf 89' lang='lat' dir='ltr'><strong>et</strong></span> <span class='ocrx_word' id='word_1_850' title='bbox 1119 2466 1233 2494; x_wconf 89' lang='lat' dir='ltr'><strong>imbrem</strong></span> <span class='ocrx_word' id='word_1_851' title='bbox 1260 2466 1341 2501; x_wconf 88' lang='lat' dir='ltr'><strong>parit.</strong></span> <span class='ocrx_word' id='word_1_852' title='bbox 1371 2465 1450 2493; x_wconf 90' lang='lat' dir='ltr'><strong>Unde</strong></span> <span class='ocrx_word' id='word_1_853' title='bbox 1474 2473 1588 2500; x_wconf 87' lang='lat' dir='ltr'><strong>vapores</strong></span> <span class='ocrx_word' id='word_1_854' title='bbox 1607 2466 1705 2493; x_wconf 90' lang='lat' dir='ltr'><strong>iterum</strong></span> 
     </span>
    </p>
   </div>
   <div class='ocr_carea' id='block_1_111' title="bbox 920 2512 1705 2548">
    <p class='ocr_par' dir='ltr' id='par_1_111' title="bbox 920 2512 1705 2548">
     <span class='ocr_line' id='line_1_111' title="bbox 920 2512 1705 2548; baseline -0.003 -8"><span class='ocrx_word' id='word_1_855' title='bbox 920 2513 1039 2548; x_wconf 76' lang='lat' dir='ltr'><strong>concipit</strong></span> <span class='ocrx_word' id='word_1_856' title='bbox 1069 2517 1160 2544; x_wconf 84' lang='lat' dir='ltr'><strong>terra,</strong></span> <span class='ocrx_word' id='word_1_857' title='bbox 1193 2513 1240 2548; x_wconf 89' lang='lat' dir='ltr'><strong>qui</strong></span> <span class='ocrx_word' id='word_1_858' title='bbox 1274 2513 1301 2540; x_wconf 92' lang='lat' dir='ltr'><strong>in</strong></span> <span class='ocrx_word' id='word_1_859' title='bbox 1338 2513 1425 2540; x_wconf 87' lang='lat' dir='ltr'><strong>nubes</strong></span> <span class='ocrx_word' id='word_1_860' title='bbox 1454 2512 1632 2547; x_wconf 80' lang='lat' dir='ltr'><strong>coagmentati</strong></span> <span class='ocrx_word' id='word_1_861' title='bbox 1659 2512 1705 2539; x_wconf 88' lang='lat' dir='ltr'><strong>de-</strong></span> 
     </span>
    </p>
   </div>
   <div class='ocr_carea' id='block_1_112' title="bbox 919 2558 1705 2594">
    <p class='ocr_par' dir='ltr' id='par_1_112' title="bbox 919 2558 1705 2594">
     <span class='ocr_line' id='line_1_112' title="bbox 919 2558 1705 2594; baseline -0.001 -8"><span class='ocrx_word' id='word_1_862' title='bbox 919 2558 1007 2587; x_wconf 88' lang='lat' dir='ltr'><strong>ﬂuunt</strong></span> <span class='ocrx_word' id='word_1_863' title='bbox 1024 2569 1030 2586; x_wconf 93' lang='lat'>:</span> <span class='ocrx_word' id='word_1_864' title='bbox 1052 2559 1126 2594; x_wconf 92' lang='lat' dir='ltr'><strong>quod</strong></span> <span class='ocrx_word' id='word_1_865' title='bbox 1145 2563 1235 2587; x_wconf 82' lang='lat' dir='ltr'><strong>autem</strong></span> <span class='ocrx_word' id='word_1_866' title='bbox 1265 2558 1390 2590; x_wconf 82' lang='lat' dir='ltr'><strong>deﬂuxit,</strong></span> <span class='ocrx_word' id='word_1_867' title='bbox 1404 2564 1514 2585; x_wconf 86' lang='lat' dir='ltr'><strong>rursum</strong></span> <span class='ocrx_word' id='word_1_868' title='bbox 1529 2565 1577 2592; x_wconf 86' lang='lat' dir='ltr'><strong>per</strong></span> <span class='ocrx_word' id='word_1_869' title='bbox 1594 2565 1705 2592; x_wconf 75' lang='lat' dir='ltr'><strong>vapores</strong></span> 
     </span>
    </p>
   </div>
   <div class='ocr_carea' id='block_1_113' title="bbox 919 2602 1703 2640">
    <p class='ocr_par' dir='ltr' id='par_1_113' title="bbox 919 2602 1703 2640">
     <span class='ocr_line' id='line_1_113' title="bbox 919 2602 1703 2640; baseline -0.004 -8"><span class='ocrx_word' id='word_1_870' title='bbox 919 2605 1033 2639; x_wconf 87' lang='lat' dir='ltr'><strong>cogitur.</strong></span> <span class='ocrx_word' id='word_1_871' title='bbox 1047 2605 1137 2640; x_wconf 82' lang='lat' dir='ltr'><strong>Atque</strong></span> <span class='ocrx_word' id='word_1_872' title='bbox 1146 2604 1182 2632; x_wconf 83' lang='lat' dir='ltr'><strong>ita</strong></span> <span class='ocrx_word' id='word_1_873' title='bbox 1193 2605 1269 2632; x_wconf 89' lang='lat' dir='ltr'><strong>orbis</strong></span> <span class='ocrx_word' id='word_1_874' title='bbox 1283 2604 1394 2640; x_wconf 83' lang='lat' dir='ltr'><strong>quidam</strong></span> <span class='ocrx_word' id='word_1_875' title='bbox 1412 2604 1452 2635; x_wconf 84' lang='lat' dir='ltr'><strong>ﬁt,</strong></span> <span class='ocrx_word' id='word_1_876' title='bbox 1466 2602 1513 2637; x_wconf 92' lang='lat' dir='ltr'><strong>qui</strong></span> <span class='ocrx_word' id='word_1_877' title='bbox 1529 2603 1556 2629; x_wconf 91' lang='lat' dir='ltr'><strong>in</strong></span> <span class='ocrx_word' id='word_1_878' title='bbox 1574 2610 1604 2630; x_wconf 86' lang='lat' dir='ltr'><strong>se</strong></span> <span class='ocrx_word' id='word_1_879' title='bbox 1615 2603 1703 2637; x_wconf 86' lang='lat' dir='ltr'><strong>ipsum</strong></span> 
     </span>
    </p>
   </div>
   <div class='ocr_carea' id='block_1_114' title="bbox 918 2647 1703 2684">
    <p class='ocr_par' dir='ltr' id='par_1_114' title="bbox 918 2647 1703 2684">
     <span class='ocr_line' id='line_1_114' title="bbox 918 2647 1703 2684; baseline -0.006 -7"><span class='ocrx_word' id='word_1_880' title='bbox 918 2650 999 2682; x_wconf 85' lang='lat' dir='ltr'><strong>redit,</strong></span> <span class='ocrx_word' id='word_1_881' title='bbox 1013 2654 1040 2677; x_wconf 87' lang='lat' dir='ltr'><strong>et</strong></span> <span class='ocrx_word' id='word_1_882' title='bbox 1052 2649 1147 2677; x_wconf 83' lang='lat' dir='ltr'><strong>iisdem</strong></span> <span class='ocrx_word' id='word_1_883' title='bbox 1162 2649 1283 2684; x_wconf 84' lang='lat' dir='ltr'><strong>vestigiis</strong></span> <span class='ocrx_word' id='word_1_884' title='bbox 1294 2648 1405 2676; x_wconf 88' lang='lat' dir='ltr'><strong>assidue</strong></span> <span class='ocrx_word' id='word_1_885' title='bbox 1418 2647 1534 2675; x_wconf 87' lang='lat' dir='ltr'><strong>vertitur</strong></span> <span class='ocrx_word' id='word_1_886' title='bbox 1543 2653 1574 2673; x_wconf 82' lang='lat' dir='ltr'><strong>ac</strong></span> <span class='ocrx_word' id='word_1_887' title='bbox 1587 2647 1703 2673; x_wconf 84' lang='lat' dir='ltr'><strong>circum-</strong></span> 
     </span>
    </p>
   </div>
   <div class='ocr_carea' id='block_1_115' title="bbox 917 2692 1703 2729">
    <p class='ocr_par' dir='ltr' id='par_1_115' title="bbox 917 2692 1703 2729">
     <span class='ocr_line' id='line_1_115' title="bbox 917 2692 1703 2729; baseline -0.005 -7"><span class='ocrx_word' id='word_1_888' title='bbox 917 2695 1049 2722; x_wconf 88' lang='lat' dir='ltr'><strong>volvitur.</strong></span> <span class='ocrx_word' id='word_1_889' title='bbox 1077 2694 1154 2728; x_wconf 86' lang='lat' dir='ltr'><strong>Quod</strong></span> <span class='ocrx_word' id='word_1_890' title='bbox 1178 2695 1200 2722; x_wconf 87' lang='lat' dir='ltr'><strong>si</strong></span> <span class='ocrx_word' id='word_1_891' title='bbox 1224 2695 1330 2728; x_wconf 88' lang='lat' dir='ltr'><strong>plantas</strong></span> <span class='ocrx_word' id='word_1_892' title='bbox 1350 2701 1382 2721; x_wconf 82' lang='lat' dir='ltr'><strong>ac</strong></span> <span class='ocrx_word' id='word_1_893' title='bbox 1401 2693 1522 2729; x_wconf 84' lang='lat' dir='ltr'><strong>germina</strong></span> <span class='ocrx_word' id='word_1_894' title='bbox 1545 2692 1703 2726; x_wconf 86' lang='lat' dir='ltr'><strong>objeceris:</strong></span> 
     </span>
    </p>
   </div>
   <div class='ocr_carea' id='block_1_116' title="bbox 917 2739 1701 2775">
    <p class='ocr_par' dir='ltr' id='par_1_116' title="bbox 917 2739 1701 2775">
     <span class='ocr_line' id='line_1_116' title="bbox 917 2739 1701 2775; baseline -0.006 -8"><span class='ocrx_word' id='word_1_895' title='bbox 917 2740 1099 2775; x_wconf 84' lang='lat' dir='ltr'><strong>respondebo,</strong></span> <span class='ocrx_word' id='word_1_896' title='bbox 1125 2739 1217 2766; x_wconf 89' lang='lat' dir='ltr'><strong>omnia</strong></span> <span class='ocrx_word' id='word_1_897' title='bbox 1242 2739 1268 2765; x_wconf 91' lang='lat' dir='ltr'><strong>in</strong></span> <span class='ocrx_word' id='word_1_898' title='bbox 1295 2740 1388 2766; x_wconf 89' lang='lat' dir='ltr'><strong>orbem</strong></span> <span class='ocrx_word' id='word_1_899' title='bbox 1416 2739 1507 2765; x_wconf 88' lang='lat' dir='ltr'><strong>itidem</strong></span> <span class='ocrx_word' id='word_1_900' title='bbox 1537 2743 1701 2764; x_wconf 77' lang='lat' dir='ltr'><strong>eammeam.</strong></span> 
     </span>
    </p>
   </div>
   <div class='ocr_carea' id='block_1_117' title="bbox 918 2781 1702 2820">
    <p class='ocr_par' dir='ltr' id='par_1_117' title="bbox 918 2781 1702 2820">
     <span class='ocr_line' id='line_1_117' title="bbox 918 2781 1702 2820; baseline -0.005 -9"><span class='ocrx_word' id='word_1_901' title='bbox 918 2785 1022 2812; x_wconf 88' lang='lat' dir='ltr'><strong>llumor</strong></span> <span class='ocrx_word' id='word_1_902' title='bbox 1039 2786 1111 2813; x_wconf 85' lang='lat' dir='ltr'><strong>enim</strong></span> <span class='ocrx_word' id='word_1_903' title='bbox 1128 2793 1174 2820; x_wconf 84' lang='lat' dir='ltr'><strong>per</strong></span> <span class='ocrx_word' id='word_1_904' title='bbox 1193 2785 1300 2820; x_wconf 83' lang='lat' dir='ltr'><strong>plantas</strong></span> <span class='ocrx_word' id='word_1_905' title='bbox 1313 2790 1359 2812; x_wconf 90' lang='lat' dir='ltr'><strong>aut</strong></span> <span class='ocrx_word' id='word_1_906' title='bbox 1389 2784 1493 2812; x_wconf 85' lang='lat' dir='ltr'><strong>semina</strong></span> <span class='ocrx_word' id='word_1_907' title='bbox 1520 2783 1546 2809; x_wconf 92' lang='lat' dir='ltr'><strong>in</strong></span> <span class='ocrx_word' id='word_1_908' title='bbox 1576 2781 1702 2816; x_wconf 75' lang='lat' dir='ltr'><strong>germina</strong></span> 
     </span>
    </p>
   </div>
   <div class='ocr_carea' id='block_1_118' title="bbox 917 2826 1701 2866">
    <p class='ocr_par' dir='ltr' id='par_1_118' title="bbox 917 2826 1701 2866">
     <span class='ocr_line' id='line_1_118' title="bbox 917 2826 1701 2866; baseline -0.004 -8"><span class='ocrx_word' id='word_1_909' title='bbox 917 2831 1039 2863; x_wconf 85' lang='lat' dir='ltr'><strong>conﬂuit.</strong></span> <span class='ocrx_word' id='word_1_910' title='bbox 1052 2839 1114 2860; x_wconf 91' lang='lat' dir='ltr'><strong>cum</strong></span> <span class='ocrx_word' id='word_1_911' title='bbox 1126 2830 1200 2866; x_wconf 88' lang='lat' dir='ltr'><strong>quod</strong></span> <span class='ocrx_word' id='word_1_912' title='bbox 1217 2835 1355 2858; x_wconf 83' lang='lat' dir='ltr'><strong>terrenum</strong></span> <span class='ocrx_word' id='word_1_913' title='bbox 1369 2834 1421 2862; x_wconf 70' lang='lat' dir='ltr'><strong>est,</strong></span> <span class='ocrx_word' id='word_1_914' title='bbox 1432 2828 1610 2862; x_wconf 85' lang='lat' dir='ltr'><strong>consequitur</strong></span> <span class='ocrx_word' id='word_1_915' title='bbox 1620 2835 1627 2853; x_wconf 82' lang='lat'><strong>:</strong></span> <span class='ocrx_word' id='word_1_916' title='bbox 1638 2826 1701 2862; x_wconf 75' lang='lat' dir='ltr'><strong>qli-</strong></span> 
     </span>
    </p>
   </div>
  </div>
