1976 3077
245 108 280 139 εδ
861 106 890 133 s.
911 104 1075 134 cneconu
1094 104 1240 133 NYSSENI
1833 112 1868 139 οδ

241 165 294 193 bul
304 164 433 193 admissis
450 171 494 192 res
516 164 636 191 enutrila
660 164 760 192 crescit
787 168 815 192 et
842 169 967 200 augetur.
997 166 1030 192 At

1093 165 1174 190 ττάσει
1196 163 1250 190 τῶν
1266 163 1355 198 νεφῶν
1381 164 1571 201 κατερρύησαν
1584 175 1590 182 ·
1617 167 1663 194 καὶ
1680 167 1711 194 τὸ
1731 168 1868 204 ἀπορῤυὶν

242 211 288 238 ubi
310 211 457 244 exaruerit,
479 210 516 236 ita
533 210 702 242 dissolvitur,
721 214 750 236 nt
764 210 878 245 singqu
891 216 982 245 partes
995 210 1028 238 ad

242 256 409 283 elementum
429 254 473 282 sui
491 254 578 282 simile
594 258 775 281 revertantur.
793 254 900 282 Etenim
914 262 976 281 cum
1001 255 1029 281 in

242 299 384 335 particulis
400 299 458 327 suis
479 307 525 326 aer
536 299 571 326 sit
591 307 682 332 rarus,
703 299 884 334 tenuibusque
899 307 1029 334 vaporum

242 344 367 380 partibus
397 345 477 380 longe
500 344 622 377 tenuior,
635 344 768 380 quidquid
791 345 818 371 in
839 345 897 380 ipso
916 348 972 376 est,
996 344 1030 371 ad

242 394 389 426 cognatum
417 390 468 417 sibi
491 391 656 417 elementum
677 398 725 425 per
745 391 835 425 ipsum
860 390 968 417 transit.
987 390 1031 418 Sic

243 437 316 465 enim
332 440 359 463 et
373 436 474 471 pulvis,
489 436 552 463 licet
576 435 623 462 diu
648 435 676 462 in
695 443 759 463 aere
777 435 877 463 dill'usa
902 435 1030 470 jactetur,

244 483 352 509 tandem
375 481 499 508 redditur
517 487 596 508 terrae
610 490 617 514 ;
632 486 659 509 et
676 482 775 509 humor
803 489 858 508 non
882 482 966 516 perit,
982 481 1032 508 sed

245 528 348 563 aliquid
363 528 475 556 omnino
493 527 546 555 sibi
567 528 745 563 conjunctutn
761 534 793 561 ac
814 527 903 554 simile
916 527 1030 559 invenit,

245 574 289 602 cui
311 573 457 606 admistus,
474 577 626 608 auctusque
652 574 770 608 partium
784 573 915 600 similium
938 581 1032 600 aenes-

246 619 332 650 sione,
349 626 457 646 rursum
475 618 502 645 in
516 619 615 646 nubent
635 619 801 650 concrescit,
821 623 903 654 atque
924 619 961 645 ita
986 625 1033 653 per

246 664 344 699 pluviae
359 668 451 699 guttas
467 664 493 690 in
510 669 636 691 naturam
647 671 725 691 suam
742 665 907 691 restituitur.
929 663 966 690 Ex
977 671 1032 698 quo

246 710 287 742 tit,
317 715 347 737 ut
364 709 458 737 mundi
486 715 589 745 partes,
612 718 673 745 qua:
697 709 794 737 ordine
822 710 979 737 constitutae
1004 709 1032 736 in

247 755 430 782 universitate
457 762 546 782 rerum
566 755 702 788 videntur,
715 755 843 783 eumdem
861 754 971 781 modum
1007 758 1034 782 et

247 807 504 835 mensuram,quam
515 800 622 835 opificis
637 800 768 835 sapientia
782 800 881 835 cuique
891 799 925 827 ad
938 799 1031 827 mundi

1081 209 1161 236 πάλιν
1178 209 1211 236 δι’
1228 209 1323 244 ἀτμῶν
1337 209 1460 245 ἀνεδόθη,
1481 211 1527 237 καὶ
1541 211 1612 238 οὕτω
1628 212 1727 245 κύκλος
1744 222 1784 245 τις
1797 214 1868 248 γίνε-

1081 263 1125 281 ται
1143 255 1210 290 πρὸς
1225 255 1319 281 ἑαυτὸν
1337 255 1523 291 ἀναστρέφων,
1539 257 1585 282 καὶ
1600 257 1643 284 διὰ
1655 258 1708 284 τῶν
1725 259 1813 285 αὐτῶν
1825 260 1868 286 ἀεὶ

1081 301 1241 336 περιχωρῶν
1256 309 1284 327 τε
1302 302 1348 328 καὶ
1364 302 1545 336 ἑλισσόμενος.
1570 302 1628 329 Κᾶν
1641 303 1674 330 τὰ
1692 304 1763 340 φυτά
1776 305 1868 340 εἰπῃς,

1081 347 1133 374 κᾶν
1153 348 1188 373 τὰ.
1212 346 1405 382 βλαστήματα,
1427 347 1515 374 πάντα
1542 348 1580 384 τῷ
1601 348 1675 384 αὑτῷ
1694 338 1786 384 κύκλῳ
1800 338 1870 385 cuit»

1082 393 1265 428 περιέρχεται.
1288 393 1322 418 Ἥ
1338 392 1392 428 γὰρ
1410 393 1491 428 ἰκμὰς
1505 393 1548 419 διά
1567 393 1688 429 φυτῶνῆ
1706 395 1870 430 σπερμάτων

1082 440 1139 470 τοῖς
1163 438 1286 473 βλαστοῖς
1311 438 1510 474 συνανέδραμεν
1524 447 1530 454 ·
1557 437 1606 465 εἷθ’
1626 440 1687 466 ὅσον
1702 440 1759 466 ἐστὶ
1771 440 1868 474 γεῶδες

1083 483 1151 518 αὐτῇ
1174 483 1365 518 συνεπόμενον,
1381 484 1510 518 ὲναφεῖσα
1532 483 1571 519 τῷ
1586 484 1660 519 δγκῳ
1674 484 1719 510 τοῦ
1738 485 1870 519 τρεφομέ-

1083 537 1127 555 νου
1141 549 1148 561 ,
1174 529 1237 555 ὅταν
1252 528 1370 565 ξηρανθῇ
1394 528 1425 555 τὺ
1450 529 1627 565 ὑποκείμενον
1646 530 1685 564 τῷ
1708 530 1869 565 περιέχοντι,

1083 573 1164 600 πάλιν
1180 574 1247 609 πρὸς
1266 574 1296 600 τὸ
1316 574 1450 609 ὁμόφυλον
1464 574 1649 609 ὲξατμίζεται.
1673 575 1778 610 Ἀραιος
1794 574 1821 601 δὲ
1834 574 1871 601 ὢν

1083 619 1097 644 ό
1110 618 1164 654 ἀὴρ
1179 619 1207 645 ὲν
1223 620 1278 650 τοῖς
1293 619 1388 645 ἑαυτοῦ
1408 619 1522 655 μορίοις,
1546 620 1592 645 καὶ
1607 620 1656 655 τῆς
1677 620 1871 655 λεπτομερείας

1082 663 1137 689 τῶν
1150 663 1243 698 ἀτμῶν
1255 664 1512 700 λεπτομερέστερος,
1528 664 1600 691 ἅπαν
1616 664 1646 691 τὸ
1665 666 1693 691 ὲν
1710 665 1783 700 αὐτῷ
1798 665 1874 698 γενό-

1085 717 1174 744 μενον,
1192 709 1261 745 πρὸς
1281 710 1312 736 τὸ
1338 710 1468 744 συγγενὲς
1489 710 1637 744 διαφίησιν.
1659 711 1736 737 Οὕτω
1751 711 1829 747 γὰρῆ
1845 720 1874 738 τε

1084 755 1167 786 κόνις,
1183 754 1234 781 κᾶν
1245 755 1359 782 ἐπιπολὺ
1375 755 1422 782 τοῦ
1439 755 1519 790 ἀέρος
1533 755 1670 790 διασχεθῇ,
1687 755 1766 782 πάλιν
1790 757 1823 792 τῇ
1839 757 1876 791 γῇ

1084 800 1259 827 ἀποδίδοται·
1287 802 1333 827 καὶ
1353 803 1370 837 ἡ
1396 801 1479 837 ἰκμὰς
1500 801 1550 828 οὐκ
1572 802 1728 833 ἀπόλλυται,
1753 802 1810 828 ἀλλ’
1830 803 1876 828 εὑ-

247 831 480 880 ρωειινῖιυᾱίηεῐη
505 831 584 872 initio
600 831 780 880 praescripsit,
807 831 934 871 tueantur
950 847 1032 877 atque

1093 844 1175 878 pioxst
1202 844 1232 871 τὸ
1259 831 1370 877 πάντως
1384 831 1476 882 ἑαῦτῇῦ
1486 846 1614 880 συγγενές
1629 855 1658 872 τε
1676 831 1727 872 καί
1739 846 1877 880 σύμφυλον

247 895 421 918 conservent.

1086 889 1159 916 κατά
1171 890 1216 917 τὸν
1229 890 1298 926 ἀέρα
1312 890 1497 926 πλανώμενον,
1512 888 1533 925 ᾧ
1547 891 1767 927 προσπλασθεῖσα
1780 893 1825 918 καὶ
1833 892 1879 918 διὰ

246 938 297 972 τῆς
312 936 366 963 τῶν
380 936 480 971 ὁμοίων
505 936 705 972 προχωρήσεως
728 935 875 970 αὐξηθεῖσα
886 955 893 966 ,
917 933 998 960 πάλιν
1016 934 1170 968 διογκοῦται
1186 936 1253 972 πρὸς
1269 937 1366 971 νέφους
1382 938 1520 969 σύστασιν,
1540 937 1586 963 καὶ
1601 936 1671 963 οὕτω
1684 936 1728 963 διὰ
1741 936 1879 970 σταγόνων

247 986 280 1019 τῇ
297 984 349 1020 ἰδίᾳ
362 984 442 1018 φύσει
457 984 689 1011 ἀποκαθίσταται·
709 983 780 1009 ὥστε
795 981 933 1017 πανταχοῦ
946 981 981 1008 τὰ
995 981 1042 1008 τοῦ
1058 982 1161 1017 κόσμου
1175 991 1204 1009 τε
1224 983 1400 1018 στοιχειωδῶς
1422 985 1451 1010 ὲν
1469 983 1508 1019 τῷ
1525 984 1605 1011 παντὶ
1633 983 1807 1019 θεωρούμενα
1833 982 1881 1008 ἐπὶ

247 1029 294 1056 τοῦ
308 1029 388 1056 αὐτοῦ
406 1030 504 1065 μέτρου
520 1028 714 1063 φυλάσσεσθαι,
727 1028 741 1055 ὅ
757 1028 832 1064 παρά
854 1028 903 1063 τὴν
927 1026 1038 1062 πρώτην
1054 1027 1097 1061 ἐφ’
1115 1028 1231 1055 ἑκάστου
1253 1029 1308 1056 τῶν
1328 1030 1412 1057 όντων
1428 1030 1445 1065 ἡ
1469 1030 1549 1064 σοφία
1568 1029 1615 1057 τοῦ
1632 1028 1796 1065 δημιουργοῦ
1812 1028 1881 1064 πρὸς

248 1076 296 1111 τὴν
310 1075 493 1111 εὐαρμοστίαν
506 1075 552 1102 τοῦ
569 1075 666 1105 παντὸς
680 1075 829 1108 διετάξατο.

227 1155 230 1158 ν
285 1123 352 1151 Illud
367 1123 450 1158 objici
477 1130 557 1158 posse
576 1131 630 1150 non
662 1123 769 1158 ignoro,
799 1127 986 1156 saepenumero
1011 1119 1038 1147 in

250 1170 378 1197 maximis
391 1169 530 1196 caloribus
546 1169 633 1196 nubes
644 1176 691 1203 per
708 1176 798 1196 acrem
810 1167 940 1202 disjectas
960 1165 1038 1197 ferri,

250 1215 278 1242 in
291 1222 362 1249 quas
377 1214 400 1242 si
414 1213 518 1241 diutius
531 1213 631 1248 aliquis
643 1213 729 1241 aciem
743 1213 886 1240 oculorum
915 1211 1041 1238 intende-

252 1261 301 1293 rit,
322 1259 468 1294 redarguet
489 1258 692 1294 quodammodo
720 1258 853 1285 rationem
871 1264 978 1290 eorum,
993 1256 1040 1290 qui

250 1307 378 1331 asserunt
395 1308 498 1331 natura:
515 1303 632 1330 humida:
646 1303 714 1330 nihil
731 1302 867 1329 consumi.
890 1301 958 1328 Nam
976 1305 1037 1328 tur-

252 1349 371 1377 bulentae
394 1349 476 1377 nubis
500 1349 648 1380 sectiones,
672 1356 733 1383 qua
747 1350 861 1375 multum
888 1347 960 1375 aeris
976 1355 1040 1382 spa-

251 1397 321 1423 tium
333 1398 485 1430 occupant,
502 1394 618 1429 primum
635 1393 746 1428 quidem
774 1393 859 1420 nimia
876 1393 984 1421 ardoris
1013 1393 1038 1420 vi

252 1446 378 1467 accensa).
389 1438 604 1473 magnitudinem
618 1438 793 1471 contrahunt,
802 1438 901 1465 deinde
915 1438 1040 1465 incendio

252 1486 398 1512 exsiccatae
428 1484 537 1519 penitus
561 1484 714 1515 abolentur,
738 1484 806 1511 adeo
821 1487 852 1511 ut
875 1484 989 1511 humore
1005 1484 1040 1510 ab

253 1535 321 1558 aestu
343 1534 518 1565 consumpto,
547 1530 614 1557 nihil
629 1530 743 1556 omnino
774 1530 955 1564 relinquatur.
981 1529 1041 1562 Quo

254 1572 364 1608 quidem
382 1577 544 1608 argumento
561 1580 692 1608 vaporum
709 1573 779 1600 ratio
792 1573 935 1601 refellitur.
949 1573 1041 1600 Nubes

255 1619 328 1646 enim
341 1619 368 1645 in
383 1619 526 1654 superiore
534 1619 684 1646 turbulenti
697 1619 859 1654 ventosique
877 1619 957 1653 hujus
971 1618 1042 1646 aeris

257 1668 333 1698 parte
349 1665 508 1692 constitutae
523 1665 590 1692 nihil
605 1665 763 1700 graviorum
789 1672 920 1700 vaporum
948 1665 975 1691 in
992 1671 1042 1691 ua-

256 1714 326 1736 turze
340 1717 398 1737 suae
408 1710 568 1738 tenuitatem
580 1710 736 1743 admittunt,
746 1718 808 1738 cum
821 1718 916 1738 omnes
929 1718 1044 1746 vapores

256 1760 283 1783 et
297 1756 486 1783 exhalationes
501 1756 666 1784 crassiorem
678 1756 751 1783 illam
767 1756 840 1783 aeris
851 1760 966 1790 partem,
984 1762 1046 1790 quae

257 1806 357 1828 terram
375 1802 489 1837 propius
505 1802 599 1833 ambit,
619 1806 715 1829 natura
736 1801 898 1836 prasﬁnitam
914 1801 1042 1833 habeant,

257 1854 308 1874 nec
334 1847 450 1876 ulterius
465 1847 592 1882 progredi
615 1848 732 1882 possint.
750 1846 818 1874 Nam
847 1847 939 1875 tenuis
962 1852 1045 1881 atque
1066 1862 1069 1866 κ

257 1892 368 1920 aetheria
385 1893 430 1919 illa
444 1893 520 1927 regio
537 1893 606 1920 nihil
631 1900 755 1921 crassum
773 1893 903 1920 admittit.
928 1892 1044 1926 Quidam

233 1938 240 1946 '
258 1945 288 1965 se
299 1937 434 1965 montium
448 1938 646 1966 altissimorum
660 1939 777 1966 vertices
789 1939 891 1966 vidisse
906 1939 1047 1966 memorire

258 1982 448 2017 prodiderunt,
461 1982 489 2009 in
501 1989 572 2017 quos
581 1990 631 2010 nec
645 1983 732 2011 nubes
745 1984 904 2015 ascendere,
912 1991 962 2011 nec
973 1984 1046 2010 venti

260 2028 395 2063 aspirare,
406 2035 457 2055 nec
467 2029 594 2055 volucres
606 2029 692 2063 magis
700 2028 827 2056 advolare
837 2030 952 2064 possint,
963 2037 1045 2064 quam

260 2073 387 2102 animalia
398 2081 458 2108 quae
465 2073 540 2101 humi
548 2073 673 2101 demersa
682 2078 757 2107 sunt,
764 2074 790 2101 in
797 2082 859 2102 aere
865 2075 946 2102 vitam
958 2082 1045 2110 agere.

261 2119 297 2148 Ut
317 2119 469 2155 perspicum
485 2119 532 2152 sit,
545 2127 606 2147 esse
622 2119 766 2154 quemdam
784 2120 810 2147 in
823 2127 884 2148 aere
901 2120 1047 2147 terminum

260 2166 450 2196 constitutum,
466 2173 554 2203 quem
570 2165 754 2193 crassioribus
772 2169 851 2193 terra!
866 2165 1047 2194 exltalationi-

260 2213 312 2241 bus
335 2212 483 2243 transilire,
506 2215 535 2238 ut
559 2211 592 2238 ad
614 2212 756 2247 superiora
777 2212 973 2245 conscendant,
994 2220 1048 2240 non

259 2260 350 2287 liceat.
376 2258 557 2291 Quamobrem
586 2257 612 2285 in
638 2258 770 2285 montium
798 2258 987 2286 cacuminibus
1015 2258 1049 2284 ad

260 2309 382 2333 aestatem
408 2312 495 2339 usque
517 2308 677 2339 permanent
702 2304 792 2337 nives,
818 2311 868 2332 nec
891 2304 1048 2339 liqueﬁunt,

260 2351 333 2386 qttod
350 2351 494 2378 bumorum
512 2350 539 2378 in
553 2357 584 2378 ea
601 2354 677 2385 parte
691 2351 831 2378 concretio
845 2351 955 2379 assidue
971 2350 1050 2379 refri-

261 2400 338 2432 geret
353 2404 453 2424 aerem.
472 2396 624 2429 Quinetiam
641 2397 734 2431 igneos
753 2400 867 2429 tractus,
884 2404 953 2431 quos
962 2396 1050 2431 prosi-

262 2443 359 2470 lientes
378 2441 470 2469 stellas
484 2441 594 2477 quidam
609 2447 716 2475 vocant,
733 2449 766 2470 ex
781 2442 874 2470 eadem
891 2449 973 2469 causa
993 2441 1049 2469 ﬁeri

262 2488 361 2515 docent
374 2487 522 2522 sapientes,
540 2487 585 2522 qui
599 2495 642 2515 res
653 2487 785 2522 ejusmodi
798 2486 965 2522 proﬁtentur.
979 2486 1050 2515 Ven-

261 2535 351 2560 torum
361 2531 433 2560 enim
448 2531 472 2559 vi
483 2532 632 2559 crassiores
639 2531 771 2566 quasdam
781 2539 812 2560 ac
823 2532 964 2560 densiores
978 2533 1050 2561 aeris

262 2583 355 2614 partes
371 2578 397 2605 in
413 2578 552 2613 regionem
575 2578 714 2605 aetheriam
736 2578 876 2612 compelli,
893 2585 948 2612 quo
969 2578 1049 2605 simul

263 2627 343 2658 atque
349 2623 532 2658 pervenerint,
540 2623 659 2656 incendi,
667 2622 801 2651 flammam
807 2630 916 2658 quoque
921 2630 982 2650 cum
990 2631 1051 2652 ven-

263 2673 292 2697 to
302 2664 383 2698 simul
391 2668 724 2704 exstingui.Qnamobrem
737 2675 798 2696 cum
810 2668 864 2695 dici
879 2675 933 2696 non
944 2670 1050 2704 possint

264 2723 380 2751 vapores
396 2715 530 2743 exstincta
552 2714 624 2742 nube
643 2721 752 2742 rursum
777 2714 943 2747 consistere,
968 2719 998 2742 ut
1016 2723 1048 2744 ex

265 2759 566 2795 illis,quemadmodum
588 2759 614 2786 in
638 2758 814 2786 inferioribus
833 2759 890 2787 ﬁeri
911 2760 1048 2794 videmus,

266 2805 354 2834 relicti
378 2806 479 2834 humidi
505 2806 607 2834 reditus
633 2805 736 2839 sperari
758 2811 853 2841 queat,
876 2814 988 2836 necesse
1009 2815 1050 2836 cst

1133 1120 1201 1146 Ἀλλ’
1215 1118 1274 1151 οἶδα
1295 1120 1341 1147 τὸν
1361 1119 1555 1148 ἀντιπίπτοντα
1564 1122 1660 1154 λόγον·
1679 1119 1808 1150 πολλάκις
1825 1118 1882 1154 γάρ

1090 1164 1164 1191 ἐστιν
1176 1165 1247 1196 ἰδεῖν,
1263 1166 1292 1192 ὲν
1305 1165 1475 1201 σφοδροτέρῳ
1490 1166 1610 1192 καύσωνι
1624 1165 1691 1199 νέφη
1705 1164 1766 1191 τινά
1778 1163 1822 1190 διὰ.
1832 1163 1882 1190 τοῦ

1091 1210 1171 1245 ἀέρος
1192 1211 1414 1246 κατεσπαρμένα,
1429 1208 1470 1243 οἷς
1493 1212 1519 1238 ei
1538 1220 1580 1244 τις
1596 1211 1642 1237 ἐπὶ
1656 1211 1747 1237 πλεῖον
1761 1211 1884 1237 ὲνατενί-

1092 1264 1173 1288 σειεν,
1196 1256 1300 1290 ἐλέγξει
1325 1264 1386 1289 πως
1401 1256 1446 1283 τὸν
1465 1257 1543 1291 λόγον
1566 1257 1670 1288 τοῦτον,
1685 1257 1715 1288 ὃς
1734 1256 1816 1292 μηδὲν
1829 1256 1884 1292 τῆς

1092 1302 1178 1337 ὑγρᾶς
1193 1302 1302 1336 φύσεως
1317 1302 1539 1334 ὲξαναλίσκεσθαι
1554 1302 1637 1336 λέγει.
1664 1301 1705 1329 Τά
1720 1303 1774 1338 γὰρ
1797 1302 1885 1338 090p.-

1092 1347 1180 1383 6οειδῆ
1206 1347 1253 1374 τοῦ
1275 1347 1373 1383 νέφους
1397 1349 1548 1384 τμήματα,
1575 1348 1694 1384 πολλαχῆ
1726 1349 1773 1375 τοῦ
1801 1349 1884 1384 ἀέρος

1092 1393 1287 1428 ἐσκεδασμένα,
1303 1393 1410 1429 πρῶτον
1423 1394 1472 1428 μὲν
1488 1393 1645 1421 ἐλαττοῦται
1658 1393 1728 1421 κατὰ
1744 1394 1790 1421 τὸν
1800 1394 1885 1428 δγκον

1092 1439 1131 1474 τῷ
1145 1439 1340 1474 ὑπερῦάλλοντι
1353 1439 1400 1466 τοῦ
1416 1439 1537 1474 φλογμοῦ
1554 1438 1728 1475 ὲξοπτώμενσ.
1762 1437 1820 1466 εἶτα
1834 1439 1885 1466 καὶ

1093 1486 1132 1516 εις
1151 1485 1182 1511 τὺ
1208 1484 1338 1516 παντελὲς
1353 1484 1512 1519 ἀφανίζεται
1528 1485 1739 1520 καταφρυγέντα
1759 1485 1797 1520 τῷ
1817 1485 1886 1512 uati-

1093 1539 1168 1561 σωνι,
1182 1530 1220 1562 ὡς
1234 1531 1301 1565 μηδὲ
1319 1530 1404 1566 βραχύ
1421 1539 1447 1557 τι
1472 1530 1598 1565 λείψανον
1614 1531 1818 1566 ὑπολειφθῆναι,
1834 1529 1885 1557 τοῦ

1093 1575 1214 1611 φλογμοῦ
1228 1576 1277 1611 τὴν
1295 1576 1394 1610 ἰκμάδα
1409 1575 1657 1610 καταξηράναντος.
1676 1575 1761 1602 Τοῦτο
1776 1575 1803 1602 δὲ
1819 1575 1887 1601 οὐκ·

1093 1621 1132 1647 ἐτι
1145 1621 1202 1647 ἐστὶ
1213 1620 1251 1656 τῷ
1261 1620 1315 1647 τῶν
1325 1621 1419 1656 ἀτμῶν
1430 1621 1500 1656 λόγῳ
1512 1620 1771 1656 παραμυθήσασθαι.
1786 1621 1817 1647 Ἢ
1829 1621 1886 1656 γὰρ

1094 1666 1149 1692 ἀνω
1163 1665 1217 1692 τῶν
1229 1665 1316 1699 νεφῶν
1330 1665 1495 1697 κατάστασις
1509 1666 1525 1701 ή
1541 1665 1588 1691 τοῦ
1605 1665 1715 1701 θολεροῦ
1730 1665 1824 1691 τούτου
1837 1666 1886 1692 καὶ

1098 1711 1302 1746 πνευματώδους
1312 1712 1391 1747 ἀέρος
1406 1711 1602 1746 ὑπερκειμένη,
1618 1711 1694 1738 οὐδὲν
1706 1711 1760 1737 τῶν
1771 1711 1888 1746 βαρυτέ-

1097 1767 1150 1793 ρων
1166 1759 1195 1785 ὲν
1208 1759 1241 1794 τῇ
1256 1758 1399 1793 λεπτότητι
1412 1758 1461 1792 τῆς
1478 1758 1546 1789 ἰδίας
1564 1757 1672 1792 φύσεως
1687 1757 1865 1791 καταδέχεται
1878 1765 1884 1772 ·

1095 1802 1162 1829 ἀλλά
1171 1803 1270 1834 πάντες
1281 1802 1362 1838 ἀτμοὶ
1371 1803 1418 1829 καὶ
1427 1803 1510 1829 πᾶσαι
1519 1802 1713 1838 ἀναθυμιάσεις
1722 1803 1784 1838 ὅρον
1793 1802 1886 1837 ἔχουσι

1095 1848 1145 1883 τῆς
1156 1849 1202 1874 ἐπὶ
1212 1849 1242 1875 τὸ
1253 1848 1308 1875 ἀνω
1320 1849 1405 1884 φορᾶς
1416 1848 1465 1884 τὴν
1476 1848 1521 1875 τοῦ
1533 1848 1671 1883 περιγείου
1683 1848 1763 1883 ἀέρος
1776 1848 1846 1874 κατὰ
1856 1848 1888 1874 τὺ

1099 1894 1181 1929 μέρος
1192 1895 1279 1920 ἐκεῖνο
1293 1894 1445 1929 παχύτητα,
1456 1891 1489 1930 ἧς
1504 1893 1624 1920 διαδῦναι
1639 1893 1685 1920 ἐπὶ
1696 1894 1726 1919 τὸ
1737 1894 1792 1920 ἄνω
1805 1893 1887 1928 φύσιν

1097 1938 1146 1965 οὐκ
1162 1939 1228 1974 ἔχει.
1245 1939 1281 1965 Οὐ
1292 1939 1346 1973 γὰρ
1361 1938 1394 1965 ἂν
1408 1938 1582 1972 ὑπολειφθείη
1597 1939 1625 1964 ἐν
1636 1938 1674 1973 τῷ
1688 1938 1777 1974 λεπτῷ
1793 1947 1821 1964 τε
1839 1940 1888 1965 καὶ

1097 1985 1255 2020 αίθεροειδεῖ
1263 1985 1317 2011 τῶν
1328 1984 1516 2020 παχυμερεστέ
1522 1993 1574 2018 ρων
1582 1984 1668 2010 οὐδέν.
1682 1984 1774 2016 Οὕτως
1784 1983 1829 2011 οὖν
1839 1985 1887 2011 καὶ

1097 2031 1168 2066 ὀρῶν
1175 2039 1253 2057 τινων
1264 2030 1459 2066 ὑπερμεγεθῶν
1467 2030 1517 2062 τὰς
1533 2029 1687 2065 ἀκρωρείας
1697 2030 1721 2056 οἱ
1732 2031 1888 2065 ἱστορήσαν-

1097 2085 1143 2108 τες
1153 2076 1276 2111 λέγουσιν
1288 2076 1450 2112 ὑπερνεφεῖς
1464 2076 1512 2110 μὲν
1527 2073 1596 2102 εῖναι
1609 2075 1653 2101 ἀεὶ
1670 2075 1717 2102 καὶ
1727 2075 1888 2110 ἀνεφίκτους

1098 2123 1154 2154 τοῖς
1163 2122 1309 2157 πνεύμασι,
1317 2122 1363 2148 καὶ
1375 2124 1430 2153 τοῖς
1441 2123 1552 2157 πτηνοῖς
1561 2122 1700 2157 ἀμήχανον
1709 2122 1757 2156 τὴν
1771 2123 1813 2148 ἐπ’
1821 2122 1888 2148 ὲκεί-

1099 2177 1152 2196 νων
1161 2167 1286 2202 γενέσθαι
1297 2169 1404 2202 πτῆσιν,
1414 2168 1462 2202 οὐχ
1472 2165 1577 2202 ἦττονῆ
1590 2168 1644 2198 τοῖς
1655 2167 1829 2201 ὐποϐρυχίοις
1841 2166 1888 2200 τὴν

1101 2215 1130 2240 ὲν
1141 2213 1201 2249 ἀέρι
1217 2212 1300 2248 ζωὴν,
1315 2213 1352 2244 ὡς
1374 2212 1418 2239 διὰ
1433 2213 1541 2239 πάντων
1557 2213 1649 2246 σαφῶς
1666 2213 1886 2243 ἀποδείκνυσθαι,

1099 2257 1168 2286 εἶναι
1184 2267 1210 2285 τι
1226 2258 1296 2285 κατά
1315 2258 1360 2284 τὸν
1381 2258 1449 2293 ἀέρα
1466 2257 1533 2292 πρὸς
1553 2258 1598 2284 τὸν
1616 2257 1810 2292 ὑπερκείμενον
1833 2258 1888 2292 χῶ-

1100 2313 1146 2340 ρον
1165 2303 1297 2339 μεθόριον,
1312 2303 1326 2329 δ
1342 2304 1408 2330 πᾶσι
1432 2305 1488 2335 τοῖς
1510 2303 1758 2338 παχυμερεστέροις
1782 2303 1834 2329 τῶν
1856 2305 1887 2330 ὲκ

1099 2351 1148 2385 τῆς
1165 2350 1216 2385 γῆς
1229 2349 1459 2384 ἀναθυμιωμένων
1473 2349 1558 2384 ὁρίζει
1576 2349 1624 2384 τὴν
1643 2349 1746 2375 στάσιν·
1763 2345 1794 2375 οὗ
1809 2349 1887 2384 χάριν

1100 2395 1146 2422 καὶ
1162 2395 1241 2430 μέχρι
1254 2395 1302 2429 τῆς
1317 2394 1391 2429 ὥρας
1406 2394 1452 2420 τοῦ
1473 2394 1577 2428 θέρους,
1598 2393 1713 2428 ἀτηκτος
1733 2394 1748 2428 ὴ
1770 2395 1816 2420 ἐπὶ
1833 2395 1887 2420 τῶν

1099 2441 1257 2476 ἀκρωρειῶν
1271 2440 1390 2475 διαμένει
1400 2440 1476 2474 χιὼν,
1487 2439 1535 2474 τῆς
1549 2439 1603 2465 τῶν
1614 2439 1707 2474 ἀτμῶν
1734 2439 1892 2470 συστάσεως

1100 2488 1161 2515 κατ’
1174 2487 1260 2514 ὲκεῖνο
1275 2486 1306 2513 τὸ
1321 2486 1402 2521 μέρος
1421 2485 1551 2521 διηνεκῶς
1568 2486 1613 2512 τὸν
1632 2486 1700 2521 ἀέρα
1715 2484 1891 2520 καταψυχοὺ-

1101 2541 1160 2568 σης.
1179 2533 1258 2559 ’Δλλά
1281 2532 1328 2559 καὶ
1353 2531 1415 2563 τοὺς
1439 2531 1590 2567 πυροειδείς
1614 2532 1718 2562 ὁλκοὺς,
1742 2530 1788 2562 οῦς
1817 2539 1892 2561 τινες

1100 2579 1255 2610 διάττοντας
1277 2577 1406 2604 καλοῦσιν
1425 2577 1553 2613 ἀστέρας,
1579 2578 1610 2603 ἐκ
1631 2577 1680 2612 τῆς
1699 2576 1784 2612 αὐτῆς
1799 2577 1893 2605 αἰτίας

1099 2623 1231 2658 γίνεσθαι⁴
1260 2621 1464 2657 φυσιολογοῦσιν
1490 2622 1516 2648 ot
1540 2621 1626 2648 ταῦτα
1654 2621 1746 2655 σοφοὶ,
1770 2622 1833 2648 ὅταν
1856 2620 1886 2646 ἐκ

1100 2678 1180 2697 τινων
1199 2668 1361 2703 πνευμάτων
1383 2666 1443 2702 βίας
1465 2666 1600 2702 ὐπερχεθῇ
1622 2675 1647 2693 τι
1666 2664 1713 2692 τοῦ
1737 2665 1886 2700 παχυτέρου

1101 2717 1147 2744 καὶ
1164 2715 1343 2751 ὑλωδεστέρου
1356 2714 1436 2749 ἀέρος
1452 2713 1497 2740 ἐπὶ
1510 2712 1555 2739 τὸν
1569 2712 1688 2748 αίθέριον
1702 2712 1792 2743 τόπον,
1809 2711 1889 2742 εὐθὺς

1101 2759 1297 2795 ἐκφλογοῦσθαι
1320 2759 1376 2786 ἄνω
1404 2758 1563 2793 γενόμενον·
1594 2757 1723 2784 καὶκατὰ
1747 2757 1794 2792 τὴν
1819 2756 1891 2782 ἐνδο-

1102 2807 1194 2834 θεῖσαν
1210 2806 1242 2832 ὲκ
1258 2805 1304 2832 τοῦ
1319 2805 1471 2840 πνεύματος
1489 2804 1587 2840 ὁρμὴν,
1601 2803 1649 2839 τὴν
1675 2803 1760 2838 φλόγα
1776 2802 1891 2838 ῥέουσαν
