1976 3077
83 112 116 142 97
351 96 359 98 ’
683 110 716 138 IN
737 109 975 139 liEXAEMEltON
996 109 1109 138 LIBER.
1676 110 1711 138 os

83 170 222 208 φέρεσθαι·
242 169 398 202 σϐεσθέντος
421 168 449 196 δὲ
463 167 509 196 τοῦ
534 168 696 205 πνεύματος,
718 178 873 205 συναπομα-

928 176 1019 197 eorum
1031 159 1195 196 sententiam
1206 167 1367 203 approbare,
1379 167 1427 204 qui
1435 168 1576 196 humidum
1586 168 1674 201 exuri,
1683 171 1712 196 et

85 216 220 252 ραίνεσθαι
242 216 289 242 καὶ
312 215 361 250 τὴν
376 215 473 250 φλόγα.
491 214 536 250 Τῷ
560 215 693 250 πνεύματι
716 215 804 242 τοίνυν
824 216 874 243 οὑκ

83 262 138 288 ἐστι
164 259 277 288 δυνατὸν
301 262 387 287 εἰπεῖν
410 261 490 288 πάλιν
511 261 614 296 ἀτμοὺς
627 261 656 299 έν
671 260 710 296 τῷ
728 260 874 296 ἀφανισμῷ

83 306 128 333 τοῦ
154 306 252 341 νέφους
272 302 466 333 συνίστασθαι¹
493 306 530 338 ὡς
556 306 589 332 δι’
614 306 725 333 ἐκείνων
753 306 873 340 ἐλπίσαι,

83 355 141 381 καθ’
163 354 309 390 ὁμοιότητα
332 353 386 381 τῶν
411 352 531 381 κάτωθεν
549 353 694 389 ῥηθέντων,
712 353 760 380 τοῦ
770 353 873 389 ἀναλη-

83 399 195 434 φθέντος
223 398 307 435 ὑγροῦ
337 399 386 435 τὴν
410 399 548 431 ἐπάνοδον,
573 399 679 434 ἀνάγκη
703 399 874 426 συντίθεσθαι

83 447 138 478 τοῖς
158 447 317 474 ὲκκαίεσθαι
334 446 365 473 τὸ
390 446 474 482 ὑγρὸν
498 445 701 480 δογματίζουσι,
725 446 772 473 καὶ
791 447 831 478 είς
843 446 874 473 τὸ

86 493 123 529 μὴ
146 492 176 520 ὃν
200 492 399 528 περιΐστασθαι.
420 491 489 518 Ἀλλ’
505 491 560 525 ὲγὼ
576 491 606 518 τὸ
625 492 673 527 μὲν
697 491 874 526 ἀφανίζεσθαι

83 538 122 574 τῷ
136 538 330 574 ὑπερόάλλοντι
350 537 464 573 φλογμῷ
484 537 534 572 τὴν
553 538 581 564 ὲν
603 538 659 568 τοῖς
679 537 773 572 ἀτμοῖς
791 537 873 572 ὑγρό-

83 591 152 618 τητα
169 582 306 617 πείθομαι,
326 582 439 617 μάταιον
456 581 502 608 καὶ
523 581 657 617 ἐριστικὸν
676 579 744 607 εἶναι
762 581 872 616 κρίνων,

82 628 113 654 τὸ
127 629 184 659 τοῖς
200 629 324 663 φανεροῖς
341 626 550 662 ἀντιμόιχεσθαι·
565 626 625 653 ἐπεὶ
641 626 669 653 δὲ
687 627 819 662 προσήκει
836 626 875 661 μὴ

83 674 181 708 καμεῖν
198 672 364 707 πανταχόθεν
377 671 565 707 ἀνιχνεύοντας
579 672 627 707 τὴν
644 671 784 706 ἀλήθειαν,
798 671 873 697 οὐδὲν

81 716 162 754 ἦττον
176 718 278 744 τούτων
297 717 457 753 γινομένων,
475 718 546 753 φημὶ
562 717 591 743 τὸ
610 717 707 752 μέτρον
721 717 770 752 τῆς
786 717 873 752 ὑγρᾶς

83 764 189 799 φύσεως
206 763 340 798 ἀμείωτον
357 762 544 796 διασώζεσθαι,
566 763 613 799 καὶ
632 763 675 789 ἀεὶ
699 762 730 789 τὸ
750 762 874 789 δαπανώ·

83 817 162 844 μενον
176 807 381 842 ἀντεισάγεσθαι
400 808 508 838 πάντως
522 807 559 842 τῷ
581 807 709 835 λείποντι.
731 807 762 833 Ὃ
783 805 811 833 δέ
827 815 872 842 μοι

923 215 950 243 in
964 215 1079 242 nihilum
1093 214 1179 249 redigi
1193 213 1315 241 tradunt.
1331 214 1386 249 Ego
1400 222 1473 247 vero,
1489 218 1520 242 ut
1536 214 1643 249 vaporis
1658 213 1711 241 hu-

923 268 1027 288 morem
1038 260 1072 288 ab
1083 262 1266 295 exsuperante
1276 259 1402 287 incendio
1412 260 1537 288 consumi
1561 259 1710 288 concedam

923 305 1012 341 (stulti
1022 305 1095 333 enim
1107 313 1139 333 ac
1149 305 1298 340 pertinacis
1310 305 1428 332 hominis
1437 305 1540 340 judico,
1555 305 1636 334 rebus
1649 313 1713 341 perv

923 351 1027 386 spicuis
1041 350 1203 383 adversari),
1219 354 1320 383 tamen,
1335 350 1465 385 quoniam
1482 349 1602 384 undique
1610 350 1711 377 verita-

923 401 977 424 tem
998 395 1158 431 indagantes
1175 395 1285 432 fatigari
1306 403 1361 423 non
1381 395 1470 427 decet,
1492 402 1586 423 assero
1607 399 1712 423 natura

923 442 1042 470 bumidaa
1055 449 1213 470 mensuram
1227 441 1296 469 nihil
1317 441 1490 469 imminutam
1504 441 1671 474 conservari,
1685 445 1712 469 et

924 488 996 524 quod
1010 491 1202 523 consumptum
1217 491 1271 519 est,
1284 487 1396 523 rependi
1409 494 1524 522 prorsus
1535 491 1617 522 atque
1631 487 1712 515 resti-

924 534 975 561 tui.
986 533 1064 567 Quod
1080 537 1170 560 autem
1185 533 1213 560 in
1228 533 1279 560 hac
1293 540 1335 560 me
1348 533 1481 561 sententia
1493 532 1646 565 continuat,
1659 532 1713 560 hoc

923 584 966 607 est
981 579 1083 614 :lgnis,
1114 583 1144 606 ut
1159 587 1192 607 ex
1209 579 1317 607 actione
1331 579 1417 614 ipsius
1428 579 1471 606 hic
1485 579 1556 614 apud
1566 586 1616 606 nos
1630 586 1714 614 expe-

923 625 1019 657 rimur,
1035 633 1089 652 non
1104 632 1200 652 omnes
1215 625 1343 658 materize,
1363 633 1445 660 quam
1458 625 1583 660 corripit,
1595 625 1713 660 qualita-

924 673 965 697 tes
978 669 1144 705 depascitur.
1165 669 1288 705 Exempli
1309 670 1397 704 gratia
1412 670 1439 697 in
1453 669 1506 697 olei
1522 670 1645 701 materia,
1662 669 1714 696 hu-

923 715 1033 742 miditas
1047 718 1224 750 posteaquam
1235 723 1250 742 a
1262 715 1393 749 qualitate
1405 715 1503 750 frigida
1518 715 1642 749 seiuncta
1657 718 1711 746 est,

925 761 1004 789 facile
1015 761 1050 789 ab
1065 762 1135 796 ignis
1151 761 1289 789 caliditate
1303 761 1458 793 attrahitur,
1474 765 1501 788 et
1516 760 1711 788 inﬂammatur.

926 805 979 834 Sed
995 814 1049 833 non
1067 807 1154 834 solum
1169 807 1196 833 in
1211 806 1346 834 ﬂammam
1364 807 1454 834 oleum
1471 806 1649 838 convertitur,
1665 813 1713 833 ve-

81 853 131 889 τὴν
151 853 278 888 τοιαύτην
304 852 438 888 ὑπόληψιν
466 852 576 887 βεϐαίαν
601 853 681 886 ποιεῖ,
697 851 768 878 τοῦτ’
789 852 871 878 ἐστιν·

928 860 984 879 rum
1007 853 1089 879 etiam
1110 857 1172 887 post
1197 853 1288 888 ignem
1314 860 1348 880 ex
1367 852 1419 879 olei
1442 851 1712 879 bumiditateortum

87 899 132 926 Ἐν
148 901 182 935 τῇ
200 899 260 926 καθ’
274 900 348 934 ἡμᾶς
364 898 410 925 τοῦ
425 898 509 934 πυρὸς
525 898 659 933 ἐνεργείᾳ,
674 898 752 925 τοῦτο
766 898 809 925 διὰ
824 899 871 934 τῆς

81 945 179 980 πείρας
200 945 380 980 μανθάνομεν,
396 944 436 970 ὅτι
452 944 482 970 οὐ
502 944 591 975 πάσας
605 943 654 975 τὰς
669 944 811 979 ποιότητας
824 944 872 979 τῆς

82 990 148 1024 ὕλης
162 990 192 1016 τὸ
208 990 263 1025 πῦρ
287 990 470 1021 ὲπιϐόσκεται,
485 989 542 1015 ἀλλ’
557 986 590 1024 ἦς
615 989 647 1015 ἂν
661 989 854 1025 περιδρὰξηται
864 997 871 1004 ο

81 1033 136 1062 οἷον
149 1036 215 1071 φέρε
229 1037 315 1062 εἰπεῖν
330 1036 375 1062 ἐπὶ
394 1036 444 1070 τῆς
464 1034 510 1062 τοῦ
526 1034 615 1060 ἐλαίου
632 1034 708 1070 ὕλης,
723 1034 816 1069 ἐπειδὴ
829 1043 874 1061 κε-

81 1080 215 1117 χώρισται
230 1081 279 1116 τῆς
294 1081 399 1116 ψυχρᾶς
416 1080 567 1116 ποιότητος,
584 1081 612 1106 ὲν
631 1081 664 1114 τῇ
680 1079 729 1115 ὕλῃ
745 1079 829 1115 ταύτῃ
843 1079 873 1105 τὸ

82 1127 165 1162 ὑγρὸν
188 1127 306 1158 εὐκόλως
328 1127 379 1153 ὑπὸ
401 1126 450 1161 τῆς
467 1126 631 1162 θερμότητος
646 1125 698 1151 ετοῦ
722 1125 805 1160 πυρὸς
830 1125 870 1158 ἐξ-

81 1172 221 1207 ειλκύσθη,
235 1173 280 1199 καὶ
294 1172 357 1206 φλὸξ
369 1173 484 1206 ἐγένετο.
505 1171 573 1198 Ἀλλ’
595 1172 625 1198 οὺ
638 1171 717 1206 μόνον
734 1172 772 1202 εἰς
787 1171 875 1205 φλόγα

81 1218 112 1244 τὸ
126 1218 215 1245 ἔλαιον
235 1218 277 1245 διὰ
290 1217 335 1244 τοῦ
355 1217 439 1252 πυρὸς
455 1216 600 1252 ἠλλοιώθη,
617 1216 684 1243 ἀλλά
708 1217 758 1244 καὶθ
778 1217 808 1243 τὸ
826 1216 873 1243 τοῦ

80 1264 168 1299 πυρὸς
189 1263 236 1290 τοῦ
253 1263 399 1299 γενομένου
414 1262 468 1289 ἀπὸ
490 1262 536 1289 τοῦ
560 1262 661 1294 ἐλαίου,
678 1261 770 1297 φησὶν,
792 1262 874 1297 ὑγρὸν

82 1310 154 1346 μετά
172 1309 202 1336 τὸ
223 1310 288 1346 πῦρ,
307 1309 375 1345 ξηρὰ
393 1309 496 1343 γίνεται
517 1308 590 1340 κόνις
601 1315 607 1322 “
626 1308 694 1343 ὅπερ
711 1307 804 1342 σαφῶς
822 1308 875 1334 δεί-

81 1363 179 1381 κνυσιν
205 1355 222 1389 ἡ
247 1355 279 1380 ἐκ
301 1353 347 1380 τοῦ
370 1353 467 1389 λύχνου
481 1353 573 1387 λιγνὺς
592 1352 829 1387 καταμελαίνουσα
844 1352 875 1380 τὸ

81 1401 130 1436 τῆς
147 1399 245 1434 φλογὸς
270 1399 485 1435 ὑπερκείμενον·
505 1398 573 1432 ὅπερ
594 1399 618 1424 εί
645 1398 691 1424 ἐπὶ
717 1397 808 1424 πλεῖον
833 1397 876 1431 γί-

79 1454 181 1480 γνοιτο,
198 1446 245 1472 καὶ
268 1445 349 1479 ὄγκος
370 1453 412 1476 τις
432 1443 649 1480 ὑποστρέφεσθαι
662 1443 701 1478 τῷ
715 1443 759 1470 διὰ
770 1443 820 1477 τῆς
834 1443 874 1469 λι-

80 1491 162 1525 γνύος
181 1490 365 1526 μελαινομένῳ
384 1490 468 1526 τόπῳ.
487 1489 568 1516 Ὅθεν
584 1489 662 1525 δῆλόν
676 1489 759 1521 ἐστιν,
778 1489 818 1515 ὅτι
835 1489 874 1520 είς

925 898 1019 926 aridus
1035 899 1104 926 cinis
1119 899 1246 931 eﬂicitur,
1267 899 1294 926 id
1309 899 1381 934 quod
1392 904 1484 934 aperte
1502 898 1666 933 perspicitur
1678 905 1713 924 ex

925 944 1044 971 lucerme
1059 943 1182 979 fuligine,
1198 951 1252 978 qua
1267 951 1298 972 ea
1312 952 1373 978 qua:
1395 951 1479 978 supra
1499 943 1635 970 ﬂammam
1661 942 1713 970 sila

925 993 1000 1021 sunt,
1016 990 1184 1024 nigrescunt.
1203 989 1281 1023 Quod
1298 990 1322 1017 si
1337 989 1439 1016 diutius
1454 989 1510 1020 ﬂat,
1530 989 1581 1023 ipsi
1597 988 1657 1015 loco
1681 995 1714 1014 ex

924 1034 1043 1062 lucerna:
1065 1035 1177 1070 fuligine
1201 1035 1302 1062 infecto
1325 1035 1410 1063 moles
1434 1034 1557 1070 quaedam
1581 1034 1714 1062 accrescit

925 1084 1008 1115 atque
1023 1080 1151 1108 adhaeret.
1163 1080 1202 1107 Ex
1217 1089 1271 1115 quo
1287 1081 1396 1115 planum
1410 1081 1451 1113 lit,
1464 1081 1553 1108 oleum
1565 1088 1613 1115 per
1624 1081 1713 1115 ignem

924 1125 1091 1152 exsiccatum
1112 1125 1140 1152 in
1162 1126 1361 1154 minutissimas
1380 1132 1406 1153 et
1428 1131 1568 1161 aspectum
1589 1131 1714 1154 nostrum

925 1170 1084 1205 cﬂugientes
1101 1171 1249 1205 particulas
1271 1171 1447 1204 commutari,
1470 1177 1551 1206 atque
1572 1171 1608 1199 ita
1622 1179 1714 1199 aerem

925 1221 1027 1251 petere,
1050 1216 1167 1251 indeque
1183 1217 1313 1244 desiliens
1327 1217 1354 1243 in
1370 1221 1469 1244 terram
1487 1217 1640 1246 considere.
1663 1217 1713 1244 Mi-

925 1261 1131 1288 nutissimarum
1144 1265 1234 1288 autem
1252 1261 1375 1296 fuliginis
1390 1262 1583 1297 particularum
1596 1263 1622 1290 in
1653 1270 1716 1290 acre

925 1298 982 1334 ﬂeri
1007 1305 1179 1338 eﬂusioucm,
1196 1314 1230 1334 ex
1254 1315 1286 1334 eo
1304 1311 1395 1342 potest
1408 1308 1532 1343 intelligi,
1547 1308 1618 1343 quod
1635 1315 1716 1336 nares

925 1352 999 1379 hunc
1015 1352 1105 1387 ipsum
1120 1360 1209 1380 aerem
1221 1353 1415 1380 attrahentium
1428 1353 1511 1388 nigra:
1524 1353 1602 1380 ﬁunt.
1630 1353 1716 1386 Quin-

925 1398 1007 1425 etiam
1025 1398 1052 1425 id
1068 1398 1139 1433 quod
1154 1406 1185 1425 ex
1202 1402 1311 1433 pectore
1327 1399 1492 1434 rcspirantes
1509 1399 1648 1431 emittunt,
1674 1399 1716 1426 ni-

925 1451 1004 1479 grum
1020 1451 1082 1471 esse
1096 1443 1280 1478 conspicitur,
1296 1449 1437 1480 propterea
1448 1445 1520 1480 quod
1535 1444 1656 1480 fuliginis
1668 1451 1715 1471 co-

926 1489 983 1516 lore
996 1497 1042 1524 per
1060 1489 1131 1516 aeris
1146 1490 1336 1516 attractionem
1353 1490 1500 1518 accedente
1515 1490 1551 1518 sit
1571 1489 1714 1517 infectum.

80 1536 169 1563 λεπτά
182 1544 211 1562 τε
226 1535 273 1562 καὶ
297 1535 387 1570 ἀφανῆ
406 1535 489 1570 μόρια
505 1535 536 1561 τὸ
555 1534 643 1561 ἔλαιον
661 1534 705 1561 διὰ
716 1534 762 1560 τοῦ
780 1534 865 1569 πυρὸς
884 1535 1070 1570 ἀποξηρανθὲν
1087 1535 1250 1567 ἀλλοιοῦται,
1263 1535 1310 1561 καὶ
1325 1535 1409 1567 οὕτως
1431 1536 1460 1562 ὲν
1473 1535 1512 1571 τῷ
1525 1535 1586 1572 ἀέρι
1600 1536 1714 1570 γίνεται,

81 1582 209 1609 κάκεῖθεν
222 1582 268 1608 ἐπὶ
287 1581 335 1617 τὴν
349 1581 400 1617 γῆν
419 1580 566 1613 συνιζάνει,
575 1580 698 1608 Δείκνυσι
712 1580 742 1607 δὲ
758 1579 788 1606 τὸ
801 1581 830 1607 ὲν
839 1579 878 1615 τῷ
889 1580 951 1616 ἀέρι
963 1580 1012 1616 τὴν
1024 1580 1177 1616 λεπτομερῆ
1195 1581 1246 1616 τῆς
1258 1581 1365 1615 λιγνύος
1385 1579 1453 1608 εἶναι
1471 1581 1604 1617 διάχυσιν,
1622 1583 1654 1609 ὲκ
1670 1582 1717 1609 τοῦ

81 1627 146 1660 τοὺς
159 1627 299 1663 μυκτῆρας
313 1627 368 1653 τῶν
380 1627 426 1653 τὸν
443 1627 512 1662 ἀέρα
525 1626 618 1654 τοῦτον
633 1626 820 1653 ἀναπνεόντων
833 1626 1070 1662 ὑπομελαίνεσθαι.
1081 1627 1213 1659 Πολλάκις
1222 1627 1251 1654 δὲ
1265 1628 1312 1654 καὶ
1325 1627 1354 1654 τὸ
1367 1627 1472 1654 ἔνδοθεν
1486 1629 1518 1654 ὲκ
1531 1628 1578 1655 τοῦ
1594 1628 1718 1664 θώρακος

82 1673 298 1709 ἀναπτυόμενον,
322 1673 406 1708 μέλαν
426 1673 551 1709 ὁρᾶσθαι,
575 1672 620 1700 διὰ
637 1672 668 1700 τὸ
682 1672 723 1705 τῷ
743 1671 868 1708 χρώματι
886 1672 936 1708 τῆς
949 1672 1055 1707 λιγνύος
1076 1673 1123 1700 καὶ
1140 1673 1206 1700 αὐτὸ
1231 1673 1474 1710 καταχρώννυσθαι
1489 1673 1528 1710 τῷ
1540 1673 1583 1702 διὰ
1601 1674 1651 1710 τῆς
1670 1674 1718 1701 τοῦ

82 1720 164 1756 ἀέρος
178 1719 314 1754 ἀναπνοῆς
328 1719 554 1746 συνεισπίπτοντι.

121 1765 224 1793 Οὐκοῦν
247 1764 326 1800 δῆλόν
347 1765 421 1792 ἐστιν
441 1765 474 1792 ὲκ
492 1765 609 1798 τούτων,
622 1765 664 1792 ὅτι
678 1764 725 1791 τοῦ
745 1764 834 1792 ἐλαίου
850 1764 877 1791 τὲ

967 1764 1007 1792 Ex
1020 1765 1063 1793 his
1076 1770 1182 1794 constat
1196 1766 1384 1794 humiditatem
1399 1767 1452 1794 olei
1467 1766 1508 1795 sic
1523 1766 1550 1794 in
1566 1766 1719 1795 siccitatem

85 1812 136 1848 μὲν
157 1811 239 1847 ὑγρδν
256 1811 295 1842 εἱς
316 1810 451 1847 ξηρότητα
469 1811 650 1847 μετεποιήθη,
669 1812 684 1838 ὁ
696 1810 725 1837 δὲ
744 1810 814 1838 κατὰ
827 1810 878 1846 τὴν

84 1858 152 1893 ὓλην
174 1857 254 1891 όγκος
280 1857 329 1883 οὑκ
347 1857 387 1888 εἰς
410 1856 579 1891 ἀνυπαρξίαν
601 1855 736 1891 ἠφανίσθη
759 1855 803 1882 διὰ
825 1855 880 1882 τῶν

83 1902 193 1930 λεπτῶν
220 1911 250 1928 τε
273 1902 320 1928 καὶ
350 1902 460 1936 ἀφανῶν
485 1902 586 1937 μορίων
621 1900 808 1932 ὲνσκεδασθεὶς
841 1900 881 1936 τῷ

84 1949 159 1984 ἀέρι.
179 1948 268 1982 Ὅπερ
288 1947 377 1973 τοίνυν
402 1947 446 1974 ἐπὶ
475 1946 521 1973 τοῦ
542 1946 626 1982 ὑγροῦ
651 1947 746 1974 τούτου
767 1946 810 1973 διὰ
832 1946 881 1981 τῆς

84 1994 142 2021 τῶν
160 1993 310 2028 γινομένων
333 1992 472 2028 ἐνεργείας
495 1992 703 2028 ὲμάθομεν,ὄτι
728 1992 881 2019 ἀλλοιοῦται

87 2039 170 2075 μόνον
183 2038 213 2064 τὺ
229 2037 311 2073 ὑγρὸν
325 2039 363 2070 είς
385 2037 529 2074 ξηρότητα,
546 2037 595 2064 οὐκ
610 2038 649 2069 είς
663 2037 694 2064 τὸ
708 2037 837 2069 παντελὲς
851 2037 882 2064 τὸ

87 2087 181 2114 ὑλικὸν
198 2084 374 2120 ἀφανίζεται·
391 2084 469 2111 τοῦτό
493 2093 535 2116 τις
562 2085 609 2111 καὶ
631 2084 696 2120 περὶ
716 2083 763 2110 τοῦ
781 2084 881 2116 παντὸς

88 2131 197 2162 ἐννοῶν,
211 2129 257 2157 τοῦ
277 2129 381 2161 είκότος
394 2129 443 2164 οὐχ
456 2129 644 2165 ἁμαρτήσεται
654 2136 660 2143 ·
679 2128 756 2163 δῆλον
769 2128 823 2163 γὰρ
840 2129 882 2155 ὅτι

88 2178 122 2204 ἐκ
143 2176 233 2211 μερῶν
256 2176 287 2202 τὸ
311 2176 371 2202 ὅλον
396 2174 571 2210 συνέστηκεν.
590 2175 678 2209 Ὀπερ
694 2173 717 2200 δ’
732 2173 765 2200 ἂν
790 2173 819 2200 ὲν
842 2172 883 2208 τῷ

90 2221 169 2257 μέρει
181 2220 330 2255 ἐμάθομεν,
345 2219 424 2246 τοῦτο
438 2220 485 2246 καὶ
498 2220 563 2255 περὶ
574 2219 620 2246 τοῦ
633 2218 732 2250 παντὸς
740 2218 883 2254 ἐδιδάχθη-

90 2276 151 2302 μεν.
173 2266 246 2294 Μίαν
265 2266 293 2293 δὲ
309 2265 347 2301 τῷ
365 2265 438 2300 γένει
459 2265 509 2301 τὴν
530 2265 666 2301 ὑγρότητα
683 2263 762 2298 εἶναι,
779 2265 834 2291 οὐδ’
849 2264 883 2291 ἂν

88 2312 144 2339 τῶν
158 2311 303 2348 ἐριστικῶν
318 2320 358 2343 τις
371 2311 502 2338 ἀντείποι.
525 2311 604 2337 Ἀλλὰ
622 2311 675 2346 μὴν
697 2310 782 2345 λεπτὴ
808 2310 883 2340 κόνις

89 2358 256 2385 ὲκκαυθείσα
271 2357 314 2385 διά
333 2358 379 2384 τοῦ
402 2357 486 2393 πυρὸς
509 2358 526 2393 ἡ
550 2357 667 2393 ὑγρότης
689 2357 807 2391 ὲγένετο’
829 2355 884 2391 ἄρα

90 2405 138 2431 καὶ
154 2405 208 2431 πᾶν
223 2404 305 2440 ὑγρὸν
322 2405 350 2430 ὲν
362 2403 400 2438 τῷ
411 2403 476 2438 πυρὶ
498 2403 642 2438 γενόμενον
662 2402 823 2438 μταὸάλλει
833 2402 883 2437 τὴν

90 2450 120 2476 ὲν
130 2451 186 2481 τοῖς
206 2449 310 2485 μορίοις
323 2449 462 2484 ποιότητα,
473 2449 542 2484 πρὸς
554 2450 583 2475 τὺ
598 2448 678 2485 ξηρὸν
692 2450 724 2475 ὲκ
737 2448 784 2475 τοῦ
800 2447 883 2483 ὑγροῦ

92 2494 301 2530 μεθιστάμενον,
315 2495 365 2521 οὐκ
378 2495 417 2526 εἰς
433 2494 463 2520 τὸ
477 2494 606 2526 παντελὲς
619 2493 790 2528 ἀφανίζεται.
808 2494 884 2520 Ἐπεὶ

89 2538 138 2567 οὖν
163 2540 249 2575 ἀτμοῦ
275 2540 405 2572 σύστασις
426 2541 457 2566 τὸ
480 2540 558 2574 νέφος
573 2540 655 2572 ἐστὶν,
675 2540 689 2566 ό
713 2539 742 2566 δὲ
763 2538 849 2574 ἀτμὸς
867 2540 884 2574 ἡ

90 2586 263 2621 λεπτομερὴς
287 2586 335 2613 τοῦ
358 2586 441 2622 ὑγροῦ
470 2587 542 2613 ἐστιν
565 2585 756 2621 ἀναθυμίασις.
777 2585 882 2621 ἀνάγκη

91 2631 180 2662 πᾶσα,
197 2630 261 2657 ὅταν
282 2631 456 2666 καταφρυγὲν
472 2630 511 2666 τῷ
527 2630 641 2666 φλογμῷ
666 2631 696 2658 τὸ
715 2630 811 2666 νέφος,
839 2631 884 2657 τὸν

91 2676 191 2703 λεπτὸν
207 2677 309 2703 ἐκεῖνον
324 2677 370 2703 καὶ
393 2677 482 2713 ἀμερῆ
496 2675 544 2704 τοῦ
558 2676 646 2712 ἀτμοῦ
660 2677 751 2711 ὄγκον,
768 2676 819 2704 κᾶν
834 2676 883 2712 τὴν

93 2722 181 2757 ὑγρὰν
205 2721 242 2757 μὴ
267 2721 384 2757 διασώζῃ
414 2723 550 2757 ποιότητα,
579 2722 617 2758 μὴ
642 2723 734 2757 μέντοι
766 2722 835 2749 κατά
855 2723 886 2749 τὸ

93 2768 273 2802 ὑποκείμενον
293 2769 333 2799 εἰς
353 2768 505 2803 ἀφανισμὸν
521 2769 693 2804 μεταϐαίνειν
715 2770 755 2800 είς
777 2769 807 2795 τὸ
819 2768 885 2804 μηδὲ

93 2814 286 2849 ἀναλυόμενον.
304 2814 431 2849 Τέσσαρα
448 2814 502 2850 γάρ
519 2814 582 2850 περὶ
603 2814 649 2841 τὸν
672 2815 758 2850 ὰτμδν
775 2814 888 2851 θεωρεῖ-

931 1812 1102 1843 commutarl,
1118 1816 1148 1840 ut
1163 1813 1283 1840 materiae
1304 1812 1462 1847 magnitudo
1477 1820 1526 1847 per
1543 1812 1720 1840 tenuissimas

930 1856 1090 1891 particulas,
1101 1861 1129 1885 et
1139 1865 1200 1892 quae
1213 1857 1298 1884 aciem
1311 1857 1453 1884 oculorum
1468 1856 1609 1891 eﬂ‘ugiunt,
1621 1856 1647 1883 in
1658 1863 1721 1884 aere

932 1901 1046 1936 disjecta
1068 1909 1123 1929 non
1145 1901 1277 1930 deleatur.
1300 1901 1329 1928 Si
1351 1901 1413 1936 quis
1433 1901 1525 1937 igitur,
1549 1906 1579 1929 ut
1597 1902 1649 1929 hoc
1667 1901 1720 1929 olei
1763 1937 1765 1939 _

931 1947 1073 1974 bumidurn
1082 1946 1215 1974 duntaxat
1225 1946 1252 1974 in
1261 1947 1365 1974 siccum
1374 1947 1552 1979 convertitur,
1562 1953 1616 1974 non
1629 1949 1720 1973 autem

931 1996 987 2019 tota
1001 1992 1114 2018 materia
1126 1991 1235 2026 penitus
1248 1990 1384 2023 aboletur,
1394 1991 1434 2018 sic
1445 1991 1479 2018 de
1490 1991 1619 2018 universo
1633 1990 1721 2018 humi-

931 2036 966 2064 do
980 2037 1148 2071 cogitaverit,
1166 2044 1224 2064 non
1241 2036 1361 2070 errabit;
1376 2035 1550 2064 manifestum
1569 2037 1641 2064 enim
1663 2040 1719 2068 est,

932 2086 1018 2110 totum
1037 2090 1070 2110 ex
1088 2083 1212 2118 partibus
1229 2087 1367 2113 constare.
1389 2082 1467 2115 Quod
1484 2086 1574 2110 autem
1595 2082 1628 2110 de
1644 2086 1722 2117 parte

932 2128 1074 2160 discimus,
1091 2129 1161 2156 idem
1176 2128 1210 2156 de
1225 2132 1283 2156 toto
1296 2129 1452 2156 edocemur.
1470 2127 1557 2156 Unam
1573 2132 1663 2155 autem
1675 2135 1722 2163 ge-

932 2181 998 2201 nere
1021 2174 1210 2202 humiditatem
1232 2182 1294 2202 esse
1316 2182 1397 2202 nemo
1425 2182 1461 2201 ne
1485 2174 1722 2209 pertinacissimus

933 2219 1043 2254 quidem
1059 2220 1178 2255 negabit.
1189 2219 1277 2255 Atque
1290 2220 1438 2248 humiditas
1454 2220 1489 2248 ab
1503 2221 1565 2256 igne
1579 2220 1722 2247 combusta

934 2266 1024 2294 tenuis
1041 2267 1129 2301 pulvis
1143 2266 1277 2295 eﬂicitur:
1289 2271 1316 2295 et
1327 2275 1408 2294 omne
1428 2267 1580 2298 humidum,
1601 2267 1665 2294 dum
1680 2270 1723 2294 est

933 2311 962 2339 in
976 2312 1048 2348 igne,
1069 2313 1262 2348 particularum
1284 2315 1443 2350 qualitatem
1459 2323 1493 2342 ex
1509 2314 1674 2341 humiditate
1695 2314 1723 2341 in

935 2359 1085 2387 siccitatem
1101 2361 1246 2393 convertit,
1261 2368 1317 2388 non
1332 2365 1422 2388 autem
1439 2361 1549 2395 penitus
1563 2359 1670 2388 deletur
1681 2364 1724 2387 at-

935 2413 988 2440 que
1001 2407 1182 2434 consumitur.
1205 2407 1339 2440 Quoniam
1359 2406 1442 2442 igitur
1460 2407 1557 2434 nebula
1571 2413 1619 2434 seu
1636 2406 1724 2433 nubes

937 2451 1004 2478 nihil
1020 2452 1093 2479 aliud
1107 2457 1159 2484 est,
1178 2453 1230 2480 nisi
1248 2459 1378 2487 vaporum
1396 2453 1501 2480 coactio
1518 2457 1599 2488 atque
1612 2459 1726 2479 concre-

937 2497 993 2524 tio:
1009 2506 1094 2532 vapor
1108 2502 1199 2526 autem
1212 2503 1254 2526 est
1270 2498 1431 2526 tenuissitna
1447 2498 1550 2526 humidi
1565 2497 1702 2526 exhalatio
1715 2505 1723 2524 :

937 2548 1049 2570 necesse
1069 2548 1121 2574 est,
1137 2550 1198 2570 cum
1214 2543 1312 2570 ardore
1328 2543 1414 2571 nubes
1430 2544 1577 2575 exaruerit,
1595 2542 1725 2570 minutis-

924 2588 1035 2615 ‘simum
1057 2589 1125 2616 illud
1145 2593 1172 2617 et
1193 2589 1363 2617 individuum
1386 2589 1495 2624 vaporis
1519 2588 1724 2624 corpusculum,

937 2635 1062 2668 quamvis
1076 2635 1212 2662 humidam
1221 2635 1379 2670 qualitatem
1392 2642 1446 2662 non
1460 2638 1559 2666 servet,
1570 2642 1623 2661 non
1634 2638 1726 2661 tamen

938 2681 1048 2708 omnino
1062 2681 1216 2716 disperdiet
1231 2682 1344 2709 aboleri.
1357 2681 1481 2716 Quatuor
1494 2681 1567 2709 enim
1584 2680 1611 2708 in
1626 2688 1726 2715 vapore

937 2727 1161 2760 considerantur,
1184 2728 1348 2761 humiditas,
1368 2728 1519 2763 frigiditas,
1541 2726 1676 2763 gravitas,
1698 2730 1726 2753 et

937 2773 1086 2807 quantitas.
1103 2773 1139 2800 Ex
1153 2773 1195 2802 his
1211 2781 1271 2808 quae
1285 2777 1390 2801 natura:
1404 2773 1476 2809 ignis
1487 2773 1677 2802 adversantur,
1692 2778 1726 2798 ea

937 2819 962 2847 vi
971 2818 1058 2854 ipsius
1067 2820 1256 2854 cxsuperantis
1270 2819 1423 2848 abolentur:
1435 2817 1612 2850 quamobrem
1620 2822 1672 2845 nec
1679 2816 1735 2860 11le
