1976 3077
258 131 292 158 99
527 158 531 163 ,
877 129 906 156 5.
928 127 1092 156 GREGORII
1114 127 1261 156 NYSSENI

1822 127 1874 157 100

257 189 360 217 midum
373 196 423 217 nec
433 188 557 224 frigidum
573 188 601 215 in
615 188 678 223 igne
697 188 748 216 sita
765 193 874 215 manent
893 188 1037 223 ejusmodi.

1090 196 1144 220 ται,
1159 188 1189 214 τὸ
1204 188 1295 224 ὑγρὸν,
1308 188 1338 214 τὸ
1351 188 1463 224 ψυχρὸν,
1476 188 1506 215 τδ
1523 189 1604 224 βαρὺ,
1616 189 1633 224 ἡ
1649 188 1807 224 πηλικότης.
1827 189 1875 215 Ἐκ

257 234 401 267 Quantitas
411 241 475 261 vero
483 233 517 260 ab
530 233 600 268 ignis
615 238 713 260 natura
725 240 779 260 non
792 234 941 268 discrepat,
956 240 1039 267 quan-

257 279 401 314 doquidem
416 283 443 306 et
457 279 527 313 ignis
541 279 570 306 in
584 283 686 313 quanto
719 278 918 310 consideratur,
935 282 962 305 et
976 285 1038 305 eum

256 327 360 359 quanto
375 324 514 359 quantitas
527 331 582 351 non
596 326 706 358 pugnat.
723 323 816 358 Itaque
830 323 939 358 vaporis
953 330 1040 357 quan-

256 371 322 398 titas
331 370 365 397 ab
377 369 514 397 humidiet
524 369 613 404 frigidi
623 370 754 404 qualitate
767 370 891 404 sejuncta
903 374 1038 397 servatur.

257 415 322 448 Ome
338 419 427 442 autem
446 423 479 442 ex
497 416 630 451 gravitate
646 415 767 450 qualitas
787 415 882 450 vapori
907 414 1040 441 naturali-

256 465 300 487 ter
317 461 397 492 inest,
411 467 465 488 una
476 468 538 488 cum
550 460 739 496 magnitudine
763 464 964 493 conservatur;
988 467 1038 494 pa-

257 506 322 533 riter
339 507 412 534 enim
429 511 457 534 et
472 507 584 534 humida
601 512 628 534 et
653 506 754 542 frigida
780 513 890 541 gravem
912 509 1038 532 naturam

255 551 366 579 habent.
382 551 421 579 Ex
435 552 486 580 hac
500 560 590 579 rerum
603 553 675 580 serie
692 560 769 579 mens
786 551 861 578 nullo
879 551 974 578 labore
991 557 1040 577 co-

255 602 378 632 gnoscet,
402 598 540 632 quomodo
560 605 630 632 aqua
649 597 693 624 liat
718 602 791 625 terra
817 600 1039 630 commutataque

255 643 364 676 vaporis
380 643 510 677 qualitate
520 648 646 670 naturam
661 643 776 670 similem
792 645 967 677 assequatur.
980 640 1038 668 Sic-

255 696 316 715 cum
333 688 417 720 enim,
439 693 465 715 et
480 696 562 724 grave
587 689 739 723 qualitatis,
769 696 832 722 quae
854 691 935 715 terrae
954 687 1037 719 inest,

253 734 364 769 propria
381 738 456 765 sunt,
473 734 500 760 in
516 741 600 768 eaque
615 741 701 768 vapor
715 737 829 761 exustus
858 733 1036 760 convertitur.

254 779 293 806 Ac
309 779 374 806 mihi
391 779 501 813 quidem
517 787 571 806 non
584 778 739 806 faciendum
757 778 877 810 videtur,
888 781 917 805 ut
934 777 1038 812 princi-

254 823 328 858 pium
361 823 413 850 hoc
441 823 572 854 assecuti,
597 826 810 857 consequentem
836 822 971 853 ordinem,
1004 820 1037 847 ad

254 875 334 902 quem
348 868 533 895 consideratio
545 869 604 902 ipsa
616 875 666 895 nos
681 875 730 902 per
745 867 905 894 verisimilia
915 866 948 892 ad
967 866 1038 893 veri-

254 918 338 941 tatem
367 914 471 942 ducens
501 914 685 949 progreditur,
723 913 891 940 omittamus.
926 910 1039 938 Videtur

253 961 325 986 enim
341 959 376 986 ob
395 959 465 986 hanc
485 967 595 987 causam
613 963 640 987 et
661 965 735 986 tnare
757 965 865 992 semper
877 958 905 984 in
921 956 1039 991 propriis

255 1004 379 1031 terminis
393 1012 560 1039 permanere.
577 1003 710 1037 Quoniam
732 1003 855 1031 accessio
870 1003 926 1035 illa,
954 1009 1037 1037 quam

253 1057 286 1077 ev
305 1049 508 1077 conﬂuentibus
534 1050 614 1084 aquis
632 1049 744 1077 assidue
761 1048 891 1083 paulatim
909 1047 1036 1082 acquirit,

253 1094 414 1121 exhauritur
430 1099 456 1122 et
472 1094 643 1122 consumitur
656 1101 670 1120 a
684 1094 833 1125 ealiditate,
860 1100 921 1127 quae
942 1100 1039 1119 cucur-

253 1139 346 1166 bitulae
367 1139 454 1166 instar
472 1142 567 1166 tenues
591 1138 709 1165 humida:
735 1141 841 1165 natura:
864 1144 979 1172 vapores
997 1140 1038 1163 at-

252 1184 346 1211 trahit.
357 1183 459 1211 Verum
474 1184 537 1218 quia
552 1183 752 1210 mediterranea
765 1183 836 1214 loca,
865 1186 891 1209 et
904 1190 966 1217 quae
979 1189 1038 1208 ma-

252 1230 295 1264 gis
317 1230 349 1256 ad
374 1230 530 1264 aquilonem
550 1232 677 1263 vergunt,
698 1228 763 1255 huic
784 1228 883 1255 rationi
911 1227 1038 1254 videntur

253 1274 406 1305 adversari,
425 1277 567 1308 propterea
581 1273 739 1307 quod,cum
758 1273 785 1299 in
804 1273 846 1300 his
857 1273 982 1308 partibus
1003 1272 1038 1299 ob

253 1320 326 1347 aeris
349 1319 495 1346 ambientis
517 1317 692 1353 [rigiditatem
712 1325 786 1345 mare
810 1325 863 1344 non
890 1318 1036 1345 admodum

253 1363 372 1396 ealeﬁat,
391 1371 523 1399 vaporum
536 1362 670 1391 confectio
683 1367 799 1398 torpeat,
809 1371 869 1390 eam
886 1363 1034 1399 dupliciter

253 1409 486 1437 conﬁrmabimus.

1088 232 1189 258 τούτων
1201 233 1250 258 ὅσα
1263 233 1313 267 μὲν
1323 233 1450 264 ἐναντίως
1470 233 1538 267 πρὸς
1552 233 1583 259 τὺ
1595 232 1650 268 πῦρ
1662 232 1728 267 ἔχει,
1742 234 1774 268 τῇ
1794 232 1874 259 δυνα-

1090 277 1166 313 στείᾳ
1184 277 1231 304 τοῦ
1254 277 1461 313 ἐπικρατοῦντος
1483 277 1690 312 ὲξαφανίζεται·
1705 277 1766 304 οὔτε
1783 278 1831 312 γὰρ
1844 278 1876 304 τὸ

1089 322 1182 357 ὑγρόν,
1197 323 1257 350 οὕτε
1269 324 1300 351 τὸ
1311 323 1414 360 ψυχρὸν
1429 325 1457 350 ὲν
1470 323 1508 358 τῷ
1520 322 1586 359 πυρὶ
1600 323 1743 358 γενόμενον
1754 323 1876 358 διαμένει

1089 368 1214 395 τοιοῦτον.
1234 366 1265 395 Ἡ
1293 369 1383 404 μέντοι
1413 368 1559 403 πηλικότης
1580 369 1716 403 συγγενῶς
1737 369 1784 395 καὶ
1808 369 1874 402 πρὸς

1088 413 1137 449 τὴν
1147 413 1193 440 τοῦ
1206 414 1291 449 πυρὸς
1305 415 1397 441 οὐσίαν
1412 414 1482 449 ἐχει-
1504 415 1551 441 καὶ
1568 414 1622 450 γὰρ
1637 414 1667 440 τὸ
1683 413 1739 449 πῦρ
1753 415 1781 440 ὲν
1800 413 1876 447 ποσῷ

1090 459 1255 495 καθορᾶται·
1281 460 1357 495 ποσῷ
1377 460 1406 486 δὲ
1434 460 1549 495 ποσότης
1572 460 1603 486 οὺ
1628 460 1750 495 μάχεται.
1775 460 1806 486 El
1828 457 1876 485 οὖν

1088 505 1105 540 ἠ
1138 505 1286 540 πηλικότης
1319 505 1366 531 τοῦ
1397 505 1483 540 ἀτμοῦ
1513 504 1693 537 διασώζεται,
1718 506 1773 540 ,τῆς
1804 504 1875 530 κατά

1088 550 1118 576 τὸ
1143 550 1224 585 ὑγρόν
1245 559 1275 577 τε
1297 551 1343 577 καὶ
1368 551 1470 586 ψυχρὸν
1503 551 1644 585 ποιότητος
1671 549 1872 584 διαζευχοεῖσα·

1089 597 1105 631 ἠ
1122 596 1150 622 δὲ
1167 596 1237 623 κατά
1254 596 1284 623 τὺ
1298 595 1380 631 βάρος
1396 597 1507 631 ποιότης
1523 595 1658 626 οὐσιωδῶς
1674 595 1818 630 ἐγκειμένη
1839 596 1872 629 τῇ

1089 640 1135 667 τοῦ
1148 640 1234 675 ἀτμοῦ
1248 640 1342 675 φύσει,
1357 640 1520 675 συνδιεσώθη
1534 641 1565 675 τῇ
1583 639 1742 675 πηλικότητι
1758 639 1874 674 (ἐπίσης

1089 685 1169 721 γάρὴ
1183 685 1303 722 βαρύτης
1317 686 1364 712 καὶ
1379 686 1470 721 ὑγροῖς
1481 686 1528 712 καὶ
1542 685 1634 720 ξηροῖς
1648 685 1810 720 ἐνυπάρχειν
1826 685 1874 711 πέ-

1089 739 1173 766 φυκεν
1183 733 1205 766 )·
1219 731 1308 758 οὐκέτ’
1331 731 1363 757 ἂν
1379 732 1392 757 ό
1413 730 1476 762 νοῦς
1490 731 1556 765 ἡμῖν
1573 730 1664 766 κάμνῃ
1680 731 1712 765 τῇ
1728 730 1875 765 ἀκολουθίᾳ

1089 776 1143 803 τῶν
1156 777 1305 811 γινομένων
1322 776 1454 810 ἑπόμενος
1464 796 1471 807 ,
1485 775 1555 802 ὥστε
1572 775 1734 810 ἐπιγνῶναι,
1749 776 1822 806 ὅπως
1843 775 1875 801 τὸ

1090 821 1162 856 ὕδωρ
1175 822 1211 856 γῆ
1225 821 1380 856 γενόμενον,
1395 821 1438 847 διὰ
1450 821 1495 847 τοῦ
1510 821 1686 856 μεταϐάλλειν
1697 822 1759 853 τοὺς
1770 822 1874 856 ἀτμοὺς

1088 865 1137 900 τὴν
1159 866 1300 901 ποιότητα,
1317 866 1366 901 τὴν
1383 866 1490 900 ὁμοειδῆ
1506 866 1585 900 φύσιν
1605 865 1817 900 καταλαμΰάνει.
1837 866 1873 892 Τὸ

1087 911 1141 946 γὰρ
1155 911 1236 946 ξηρὸν
1256 912 1301 937 καὶ
1324 911 1392 946 βαρὺ
1413 911 1477 937 ἴδιον
1491 911 1524 937 ἂν
1539 911 1580 947 εῐη
1604 911 1652 946 τῆς
1669 911 1733 945 περὶ
1747 911 1797 946 τὴν
1820 911 1873 946 γῆν

1088 955 1278 990 θεωρουμένης
1291 955 1433 990 ποιότητος
1443 977 1450 988 ,
1466 956 1505 987 είς
1519 956 1587 991 ὅπερ
1602 956 1745 987 ὲκκαυθεὶς
1758 956 1774 982 ὁ
1788 957 1872 991 ἀτμὸς

1088 1000 1264 1036 μετεποιήθη.
1290 1001 1344 1028 Καί
1371 1010 1415 1036 μοι
1431 1001 1505 1028 δοκεῖ
1527 1001 1615 1033 καλῶς
1632 1001 1703 1037 ἔχειν
1719 1002 1769 1036 τῆς
1785 1002 1872 1037 ἀρχῆς

1087 1046 1189 1081 ταύτης
1203 1047 1378 1082 λαϐομένους,
1395 1047 1431 1082 μὴ
1446 1047 1579 1082 διαφεῖναι
1591 1048 1640 1082 τὴν
1654 1048 1812 1075 ἀκολουθίαν
1825 1048 1873 1083 τῆς

1090 1091 1247 1124 ἐξετάσεως,
1260 1094 1299 1124 εἰς
1312 1093 1344 1127 ἣν
1359 1092 1464 1127 πρόεισι
1479 1093 1521 1120 διὰ
1536 1093 1589 1119 τῶν
1603 1093 1714 1120 εἰκότων
1730 1095 1746 1129 ἡ
1762 1093 1874 1128 θεωρία,

1090 1138 1297 1173 χειραγωγοῦσα
1318 1139 1385 1173 πρὸς
1410 1139 1459 1174 τὴν
1476 1139 1616 1173 ἀλήθειαν.
1637 1139 1728 1165 Ἔοικε
1750 1139 1804 1174 γὰρ
1828 1139 1875 1166 καὶ

1091 1184 1108 1218 ἡ
1127 1183 1247 1209 θάλασσα
1269 1183 1313 1209 διὰ
1324 1183 1402 1210 τοῦτο
1416 1185 1445 1210 ὲν
1463 1185 1518 1216 τοῖς
1537 1184 1611 1215 ἰδίοις
1625 1184 1697 1219 ὅροις
1712 1184 1756 1210 διὰ
1774 1184 1875 1216 παντὸς

1092 1226 1192 1261 μένειν,
1212 1227 1253 1253 ὅτι
1271 1228 1330 1254 κατ’
1344 1228 1433 1262 ὀλίγον
1446 1228 1495 1263 τῆς
1519 1229 1562 1254 ἀεὶ
1583 1229 1727 1264 γινομένης
1742 1229 1809 1264 αὐτῇ
1832 1229 1875 1254 διὰ

1090 1271 1146 1298 τῶν
1163 1271 1266 1297 ὑδάτων
1283 1272 1450 1307 προσθήκης,
1471 1273 1487 1306 ἡ
1507 1273 1550 1299 διὰ
1563 1273 1617 1299 τῶν
1636 1273 1730 1308 ἀτμῶν
1745 1273 1874 1308 ὲξάντλη-

1092 1324 1134 1347 σις
1153 1315 1199 1341 ἐπὶ
1219 1315 1249 1341 τὺ
1268 1316 1463 1351 ὑπερκείμενον
1486 1317 1589 1350 γίνεται
1609 1318 1658 1353 τῆς
1674 1318 1874 1354 ὲπιθαλπούσης

1090 1361 1271 1397 θερμότητος,
1289 1362 1385 1393 σικύας
1407 1362 1484 1397 δίκην
1504 1363 1534 1388 τὸ
1558 1363 1724 1398 λεπτομερὲς
1748 1363 1797 1398 τῆς
1820 1364 1875 1390 τῶν

1089 1408 1180 1443 ὑγρῶν
1201 1408 1308 1442 φύσεως
1331 1407 1516 1443 ἀνιμωμένης.
1538 1409 1581 1435 ‘Ev
1603 1409 1630 1436 δὲ
1650 1410 1707 1441 τοῖς
1725 1410 1874 1445 μεσογείοις

252 1463 281 1480 τε
298 1455 346 1481 καὶ
367 1453 560 1489 βορεινοτέροις
583 1453 636 1480 τῶν
651 1454 741 1481 τόπων
759 1455 775 1489 ἡ
800 1454 847 1480 τοῦ
869 1454 1040 1489 περιέχοντος
1059 1454 1195 1489 ψυχρότης
1212 1453 1397 1481 ἐναντιοῦσθαι
1416 1454 1490 1480 δοκεῖ
1511 1454 1550 1488 τῷ
1573 1454 1654 1488 λόγῳ,
1676 1454 1714 1486 ὡς
1728 1455 1772 1482 διὰ
1787 1455 1817 1481 τὸ
1838 1456 1875 1490 μὴ

239 1500 402 1527 ςθάλπεσθαι
423 1500 545 1535 σφοδρῶς
559 1500 608 1536 τὴν
631 1501 660 1526 ὲν
679 1501 735 1532 τοῖς
758 1501 852 1536 μέρεσι
874 1500 979 1532 τούτοις
995 1501 1149 1533 θάλασσαν,
1177 1500 1313 1536 ἀργούσης
1335 1500 1384 1535 τῆς
1406 1499 1461 1527 τῶν
1479 1500 1571 1534 ἀτμῶν
1591 1500 1755 1532 ἀναδόσεως,
1773 1500 1874 1531 διπλοῖς

253 1546 311 1572 ἐστι
327 1545 466 1580 λογισμοῖς
485 1545 533 1580 τὴν
551 1546 686 1573 ἀντίθεσιν
702 1546 804 1581 ταύτην
818 1547 1077 1582 παραμυθήσασθαι.

289 1590 510 1625 I’rimum'igitur
532 1590 659 1622 dicimus,
676 1591 739 1618 licet
762 1591 972 1618 innumerabilia
984 1599 1038 1618 ma-

1135 1590 1245 1626 Πρῶτον
1278 1591 1326 1625 μὲν
1352 1591 1392 1618 ὅτι
1416 1591 1465 1626 μία
1495 1591 1553 1618 ἐστὶ
1575 1591 1621 1617 καὶ
1658 1591 1771 1626 συνεχὴς
1807 1592 1877 1626 πρὸς

254 1638 296 1664 ria
326 1636 482 1670 videantur,
513 1644 597 1663 unum
619 1641 710 1664 tamen
735 1642 762 1664 et
793 1638 952 1664 continuum
977 1645 1039 1665 esse

254 1690 339 1714 mare,
368 1682 396 1708 in
415 1689 476 1709 sese
500 1689 549 1716 per
564 1681 658 1709 orbem
686 1682 846 1709 universum
868 1689 1036 1716 commeans,

254 1735 305 1755 nec
320 1728 375 1753 ullo
387 1730 466 1762 pacto
480 1735 495 1753 a
511 1727 705 1761 conjunctione
724 1734 774 1754 sua
791 1727 931 1754 divulsum
957 1730 1039 1761 atque

254 1773 407 1807 sejunctum
435 1781 442 1799 :
470 1772 658 1807 quamobrem,
679 1772 702 1800 si
730 1777 860 1807 perpetua
889 1771 1038 1799 caliditatis

254 1816 410 1851 pra-sentin,
429 1816 501 1851 quod
518 1816 638 1843 australe
651 1821 703 1848 est,
718 1816 918 1848 succendatur,
940 1816 968 1842 in
982 1815 1038 1842 illis

255 1862 319 1889 item
335 1862 461 1897 partibus
482 1861 692 1889 diminutionem
708 1861 815 1893 sentiri,
841 1861 920 1896 aquis
943 1866 1039 1896 sponte.

254 1915 305 1935 sua
320 1909 447 1935 deorsum
463 1908 623 1935 naturaliter
644 1907 846 1935 conﬂuentibus
871 1907 903 1934 ad
927 1907 1039 1941 explen-

254 1953 319 1980 dum
332 1953 370 1984 id,
383 1952 455 1987 quod
470 1954 632 1981 exhaustum
645 1957 672 1980 et
688 1953 859 1980 exinanitum
870 1957 923 1980 est.
937 1953 1040 1980 Deinde

254 2005 317 2026 cum
334 2002 420 2025 totum
437 2005 512 2025 mare
534 2005 568 2025 ex
595 1999 692 2032 quavis
713 2005 784 2033 aqua
807 1997 974 2029 confectum,
1003 1998 1039 2024 sit

256 2044 370 2075 salsum,
385 2050 478 2078 parem
494 2042 552 2070 ﬁeri
567 2051 699 2078 vaporum
715 2044 896 2078 digestiouem
913 2050 1039 2077 compro-

257 2088 334 2120 bari;
350 2088 484 2115 salsorum
499 2088 571 2114 enim
590 2088 723 2115 naturalis
743 2092 784 2116 est
799 2089 922 2116 siccitas.
949 2087 1040 2121 Quare

257 2133 280 2160 si
297 2133 415 2168 qualitas
431 2133 487 2160 haec
504 2141 552 2168 per
565 2137 652 2160 totum
671 2141 747 2161 mare
761 2134 865 2168 pariter
879 2133 978 2161 diﬂ‘usa
986 2137 1038 2166 est,

257 2179 360 2214 pariter
377 2179 460 2206 etiam
484 2179 539 2214 agit
560 2179 588 2206 in
605 2180 732 2207 omnibus
754 2180 828 2207 illius
849 2180 985 2215 partibus.
1011 2179 1039 2206 ld

1088 1636 1187 1671 ἑαυτὴν
1219 1636 1306 1663 διόλου
1327 1637 1344 1672 ἡ
1372 1636 1502 1669 θάλασσα,
1527 1637 1579 1663 κᾶν
1608 1638 1648 1668 εἰς
1674 1638 1758 1672 μυρία
1780 1637 1874 1673 διῄρη-

1087 1691 1133 1708 ται
1161 1682 1266 1717 πελάγη
1279 1702 1286 1714 ,
1316 1682 1434 1717 οὐδαμοῦ
1456 1683 1507 1717 τῆς
1523 1683 1591 1717 πρὸς
1612 1684 1710 1718 ἑαυτὴν
1730 1684 1874 1718 συναφείας

1088 1728 1281 1762 διασιιδιιιμένη⁵
1302 1728 1383 1761 ὥστε,
1400 1729 1424 1754 εί
1438 1728 1468 1754 τδ
1482 1728 1568 1767 νότιον
1586 1730 1618 1763 τῇ
1637 1729 1757 1764 διηνεκεῖ
1770 1738 1874 1765 παρου-

1090 1772 1135 1807 σίᾳ
1154 1773 1201 1799 τοῦ
1217 1773 1317 1808 θερμοῦ
1332 1774 1492 1808 ὑπερκέοιτο
1511 1773 1559 1808 (a),
1577 1775 1606 1800 ὲν
1627 1776 1683 1806 τοῖς
1703 1775 1874 1810 κατεψυγμέ-

1089 1827 1144 1850 νοις
1160 1819 1256 1855 μέρεσι
1275 1819 1327 1855 τῆς
1340 1821 1397 1846 ἐκεῖ
1410 1820 1557 1856 γενομένης
1572 1820 1745 1852 ἐλαττώσεως
1766 1821 1816 1856 τὴν
1833 1822 1874 1847 αἴ.

1091 1864 1185 1899 σθησιν
1199 1865 1332 1898 γίνεσθαι,
1355 1866 1515 1901 αὐτομάτως
1533 1867 1582 1901 τῆς
1598 1866 1650 1892 τῶν
1669 1867 1772 1893 ὑδάτων
1788 1869 1875 1903 φορᾶς

1090 1909 1118 1934 ἐν
1132 1909 1171 1943 τῷ
1184 1911 1339 1944 κατωφερεϊ
1352 1910 1401 1944 τῆς
1417 1910 1522 1944 φύσεως
1535 1911 1603 1946 πρὸς
1617 1911 1647 1937 τὸ
1659 1912 1701 1938 ἀε¹ι
1715 1909 1875 1947 κινούμενον

1091 1954 1303 1989 μεταρρεούσης.
1319 1956 1433 1981 Ἔπειτα
1451 1956 1478 1982 δὲ
1494 1956 1542 1982 καὶ
1556 1957 1586 1982 τὸ
1599 1958 1687 1983 πᾶσαν
1703 1957 1791 1992 ἅλμην
1805 1956 1874 1984 εἶναι

1089 1998 1137 2034 τὴν
1154 1999 1301 2033 θάλασσαν,
1325 2001 1356 2026 ὲκ
1373 2001 1472 2032 παντὸς
1487 2001 1534 2027 τοῦ
1553 2002 1646 2034 ὓδατος
1663 2003 1817 2038 γινομένην,
1831 2003 1874 2029 διὰ

1088 2043 1138 2079 τὴν
1154 2044 1207 2070 τῶν
1222 2045 1315 2080 ἀτμῶν
1333 2045 1466 2078 ἀνάδοσιν,
1482 2047 1553 2073 κατά
1566 2047 1597 2073 τὸ
1612 2046 1670 2074 ἴσον
1688 2049 1855 2085 μαρτύρεται
1866 2058 1872 2065 ’

1091 2088 1155 2115 ἴδιον
1170 2089 1223 2124 γὰρ
1235 2091 1285 2124 τῆς
1299 2089 1352 2116 τῶν
1367 2090 1437 2116 ἁλῶν
1453 2091 1560 2125 φύσεως
1575 2094 1592 2128 ἡ
1611 2093 1727 2129 ξηρότης
1743 2095 1826 2121 ἐστίν.
1843 2095 1874 2121 Εἰ

1089 2133 1117 2160 δὲ
1128 2134 1197 2161 κατὰ
1210 2135 1241 2160 τὸ
1252 2132 1309 2161 ἴσον
1322 2136 1338 2169 ἡ
1353 2135 1462 2170 ποιότης
1473 2136 1541 2173 αὕτη
1556 2137 1622 2172 πρὸς
1634 2140 1723 2165 πᾶσαν
1737 2139 1874 2166 θάλασσαν

1089 2179 1282 2215 ἀνακέκραται,
1297 2182 1350 2216 ἀρα
1366 2183 1466 2216 ὁμοίως
1481 2184 1509 2209 ὲν
1529 2184 1609 2210 παντὶ
1631 2184 1709 2219 μέρει
1726 2185 1755 2212 τὸ
1775 2187 1875 2221 ἑαυτῆς

256 2225 329 2251 enim
341 2224 475 2259 cujusque
491 2229 598 2252 naturae
618 2226 757 2260 proprium
780 2229 834 2257 est,
849 2230 877 2252 ut
897 2233 930 2253 ex
947 2226 972 2253 vi
990 2233 1038 2253 sua

1091 2227 1234 2261 ἐνεργήσει
1251 2228 1267 2263 ἡ
1288 2227 1371 2263 ἅλμη.
1391 2228 1469 2255 Πᾶσα
1487 2228 1541 2264 γὰρ
1564 2229 1643 2263 φύσις
1659 2230 1689 2256 τὸ
1709 2231 1874 2267 κατάλληλον

258 2273 329 2304 agat.
347 2269 415 2296 Nam
429 2274 459 2296 ut
473 2270 545 2304 ignis
560 2259 695 2303 accendit,
719 2274 746 2298 et
770 2271 816 2298 nix
842 2271 994 2306 refrigerat,
1013 2273 1038 2297 et

1092 2273 1125 2306 τῇ
1138 2259 1197 2307 ’ἰδία
1210 2259 1446 2308 δυνάμεινπάντως
1460 2259 1613 2308 ἐργάζεται.
1634 2259 1679 2307 in;
1694 2276 1747 2311 γὰρ
1761 2259 1832 2303 καίει
1845 2278 1875 2303 τὸ

257 2315 309 2342 mel
324 2315 414 2342 dulcia
429 2315 526 2348 reddit,
554 2316 592 2342 ita
605 2316 646 2343 sal
668 2316 798 2344 exsiccat.
817 2316 953 2349 Quocirca
977 2323 1039 2343 cum

258 2360 360 2394 passim
378 2367 426 2394 per
447 2360 541 2386 omnia
563 2361 650 2387 maria
674 2361 739 2388 salis
755 2362 921 2389 exsiccativa
941 2366 1039 2388 natura

258 2404 294 2431 sit
310 2404 468 2436 distributa,
484 2404 524 2431 sic
541 2403 573 2431 ad
591 2404 698 2432 facilem
712 2413 843 2440 vaporum
857 2406 1038 2441 digestionem

257 2448 442 2483 prospiciente
463 2448 554 2475 divina
573 2449 726 2484 sapientia;
745 2458 840 2478 omnes
855 2451 928 2478 enim
946 2455 1039 2485 partes

258 2501 335 2529 aquae
349 2498 445 2522 tenues
465 2494 507 2522 sal
523 2495 724 2529 quodammodo
738 2497 870 2528 excludit,
893 2501 974 2532 atque
993 2505 1041 2524 ειν

259 2539 336 2574 pellit
349 2547 364 2566 e
383 2541 462 2572 mari,
474 2540 575 2575 quippe
588 2541 660 2575 quod
674 2541 831 2569 dominetur
846 2542 957 2569 humido
975 2550 1040 2577 pro-

259 2589 319 2620 pter
342 2585 452 2612 insitam
483 2591 588 2613 natura
618 2587 768 2614 siccitatem
784 2596 791 2614 :
808 2595 864 2614 non
891 2587 1040 2614 absurdum

257 2635 302 2658 est
330 2631 498 2665 existimare,
518 2632 688 2666 aequabiliter
706 2632 826 2666 undique
849 2632 1039 2660 humiditatem

259 2676 396 2709 consumi,
410 2684 486 2704 mare
500 2685 548 2712 per
558 2684 672 2711 vapores
683 2677 865 2705 exbaurientc
879 2685 950 2705 aere.
959 2677 1039 2710 Quod

259 2725 351 2748 autem
365 2721 455 2748 omnis
466 2728 563 2749 aereus
583 2721 682 2748 humor
695 2721 722 2748 in
737 2721 859 2749 nubibus
878 2721 937 2755 ﬁat,
957 2726 1040 2760 atque

295 2810 335 2846 (α)
347 2810 483 2851 interpres
500 2810 574 2846 legit,
590 2809 775 2845 ὑπερκαίοιτο,
788 2809 864 2838 Ευιτ.

1094 2317 1160 2351 πῦρ,
1176 2318 1223 2344 καὶ
1237 2319 1254 2353 ἡ
1276 2318 1342 2353 χιὼν
1353 2319 1444 2354 ψύχει,
1459 2321 1505 2346 καὶ
1519 2320 1658 2354 γλυκαίνει
1670 2322 1700 2348 τὸ
1718 2322 1788 2357 μέλι,
1804 2322 1875 2349 οὕτω

1093 2362 1140 2388 καὶ
1159 2362 1184 2388 οἱ
1208 2362 1272 2395 ἅλες
1296 2363 1476 2399 ξηραίνουσιν.
1497 2364 1600 2391 Οὐκοῦν
1622 2366 1714 2402 ἐπειδὴ
1738 2367 1874 2402 πανταχοῦ

1093 2408 1149 2438 τοῖς
1163 2407 1307 2442 πελάγεσιν
1320 2410 1336 2444 ὴ
1353 2409 1500 2446 ξηραντικὴ
1515 2410 1568 2437 τῶν
1582 2410 1651 2438 ἀλῶν
1668 2413 1874 2447 συγκαταμέμι-

1093 2461 1155 2480 κται
1169 2453 1258 2488 φύσις,
1274 2455 1352 2481 τοῦτο
1366 2455 1431 2491 πρὸς
1445 2457 1568 2483 εὐκολίαν
1580 2457 1629 2491 τῆς
1642 2457 1696 2484 τῶν
1708 2458 1802 2492 ἀτμῶν
1813 2459 1875 2484 ἀνα-

1092 2499 1190 2531 δόσεως
1203 2499 1252 2534 τῆς
1269 2500 1344 2532 θείας
1358 2502 1453 2535 σοφίας
1465 2503 1659 2538 προειδομένης
1672 2506 1680 2538 (
1691 2503 1809 2530 ἐκθλίϐει
1821 2504 1875 2540 γάρ

1094 2553 1152 2575 πως
1168 2545 1214 2570 καὶ
1228 2545 1365 2577 ἐξωθεῖται
1378 2547 1426 2581 τῆς
1441 2546 1577 2581 θαλάσσης
1594 2549 1647 2573 πᾶν
1663 2547 1692 2573 τὸ
1710 2547 1874 2582 λεπτομερὲς

1095 2588 1142 2615 τοῦ
1163 2589 1258 2621 ὕδατος
1279 2591 1295 2625 ἡ
1317 2590 1406 2625 ἅλμη,
1430 2591 1474 2618 διὰ
1494 2592 1544 2626 τῆς
1560 2592 1721 2626 ἐγκειμένης
1744 2592 1777 2627 τῇ
1795 2591 1874 2626 φύσει

1093 2633 1241 2670 ξηρότητος
1265 2635 1335 2662 κατά
1355 2635 1402 2662 τοῦ
1428 2631 1514 2672 ιῖιγροῦ⁹
1538 2636 1773 2672 δυναστεύουσα)·
1798 2636 1874 2663 οὐδὲν

1093 2679 1145 2711 ἔξω
1167 2680 1214 2707 τοῦ
1241 2681 1344 2713 εἰκότος
1370 2682 1443 2708 ἐστὶν
1465 2683 1560 2718 ἐπίσης
1575 2682 1684 2710 ιοίεσθαι
1709 2682 1874 2717 πανταχόθεν

1094 2725 1214 2759 γίνεσθαι
1228 2726 1267 2763 τῷ
1281 2727 1356 2764 ὑγρῷ
1376 2727 1424 2765 τὴν
1440 2728 1571 2764 δαπάνην,
1587 2728 1635 2757 ἰ’-οῦ
1660 2729 1739 2765 ἀέρος
1760 2729 1801 2757 διὰ
1820 2728 1874 2756 τῶν
