1976 3077
100 109 149 139 ibi

694 114 727 143 IN
746 115 983 145 HEXAEMERON
1001 115 1113 144 LIBER.

1673 120 1727 150 4412

102 170 197 206 ἀτμῶν
218 165 437 206 ἀρυομένουτὴν
454 171 602 201 θάλασσαν.
626 173 705 201 Ἀλλά
723 175 777 210 μὴν
792 176 822 202 τὸ
839 176 888 203 πᾶ-

943 175 1005 203 inde
1019 175 1117 211 pluuia:
1140 176 1168 203 in
1194 180 1295 204 terram
1317 178 1454 211 decidant,
1481 182 1508 206 et
1522 186 1574 207 nos
1598 180 1728 214 superius

103 225 151 244 σαν
172 217 222 252 τὴν
239 217 362 253 ἐναέριον
385 217 486 252 ἰκμάδα
503 218 583 252 νέφος
602 218 744 253 γίνεσθαι,
764 221 890 248 κάκεῖθεν

102 263 224 297 ιπιρρεῖν
244 264 307 295 τοὺς
331 263 452 299 ὄμϐρους
470 265 503 300 τῇ
524 266 570 300 γῇ,
590 265 605 291 ὅ
624 273 654 291 τε
680 265 822 300 προλαϐὼν
839 267 892 293 ἀπ-

99 307 186 339 έδειξε
200 307 280 342 λόγος
291 328 298 341 ,
320 310 367 336 καὶ
382 310 399 344 ἡ
421 309 572 345 προφητεία
591 310 711 337 διδάσκει
729 310 767 346 τῷ
786 311 845 346 Θεῷ
861 312 891 338 τὸ

88 352 219 382 ’τοιοῦτον
230 354 310 390 ἔργον
319 355 488 388 ἀνατιθεῖσα,
498 356 526 381 ὲν
536 352 577 386 οἷς
585 363 677 390 φησιν,
688 355 728 382 ὅτι
744 365 753 381 t
765 353 796 382 ὐ
810 364 892 391 προσ-

100 399 266 434 καλούμενος
283 399 312 426 τὺ
330 399 402 434 ὕδωρ
416 400 466 434 τῆς
482 399 629 435 θαλάσσης,
644 400 691 426 καὶ
707 400 809 435 ὲκχέων
825 400 891 426 αὐτὸ

101 445 170 471 κατὰ
194 445 339 480 πρόσωπον
362 445 412 480 τῆς
437 445 502 479 γῆς,
523 454 533 472 ι
557 445 604 472 καὶ
627 446 695 472 ἄλλα
719 445 813 472 πολλά.
836 446 891 473 Καὶ

100 490 129 517 τὸ
148 490 314 522 ὲξοπτᾶτθαι
332 491 421 517 πάντα
439 491 474 517 τὰ
493 491 560 526 νέφη
574 493 606 517 ὲκ
621 492 670 526 τῆς
689 491 890 528 ὑπερκειμένης

102 536 280 572 θερμότητος,
295 537 342 563 καὶ
355 538 394 569 εἰς
406 537 436 563 τὸ
451 537 582 569 παντελὲς
596 537 828 572 καταφρύγεσθαι,
843 537 890 564 καὶ

101 581 178 608 τοῦτο
195 582 238 608 διὰ
261 583 310 617 τῆς
327 583 466 617 ἐνεργείας
486 583 636 618 ἐμάθομεν.
655 583 784 610 Λείπεται
800 577 889 610 τοίνὺν

103 628 139 663 μὴ
158 628 347 663 παραδραμεῖν
366 628 415 664 τὴν
430 629 585 660 ἀκολούθως
599 629 807 656 ἀνακύπτουσαν
825 630 889 664 ἡμῖν

101 675 133 700 ὲκ
145 673 199 700 τῶν
212 674 366 710 εἰρημένων
378 674 522 701 ἀντίθεσιν.
548 675 621 710 Ἐρεῖ
632 675 685 710 γάρ
698 684 739 706 τις
754 676 809 706 τοῖς
826 683 890 710 προ-

101 718 297 754 εξητασμένοις
313 720 462 754 ἑπόμενος,
478 721 518 746 ὅτι
535 720 614 746 Κατὰ
628 720 658 746 τὸ
671 720 717 746 ἐπὶ
733 719 780 746 τοῦ
799 720 888 747 ἐλαίου

102 765 253 801 ὑπόδειγμα
272 765 482 800 μεμαθήκαμεν,
497 766 528 791 τὺ
541 766 588 800 μὲν
605 765 695 791 ὑλικὸν
712 766 759 792 τοῦ
779 766 885 792 ὑποκει-

103 810 183 846 μένου
200 811 248 837 xui.
262 810 331 846 μετὰ
348 811 395 846 τὴν
410 811 554 845 ἐξὸπτησιν
572 811 609 845 μὴ
630 810 811 844 ἀπόλλυσθαι,
831 811 889 837 ἀλλ’

101 856 140 887 εἰς
154 855 198 882 τὸν
210 855 280 890 ἀέρα
294 858 463 891 μεταχωρεῖν
476 856 520 882 διὰ
532 856 582 890 τῆς
593 855 638 882 τοῦ
652 856 736 891 πυρὸς
751 856 890 891 ἐνεργείας

101 901 311 936 ἀπογεοὺμενον.
327 901 379 928 Τοῦ
392 901 419 927 δὲ
435 901 518 937 ὑγροῦ
533 901 756 935 ὲναφανιπθέντος
767 904 799 937 τῇ
813 903 889 928 ἐναν-

101 946 145 981 τίᾳ
160 947 282 981 ποιότητι
293 966 299 977 ,
315 947 374 977 πῶς
388 946 462 972 ἔστιν
484 946 619 981 ἀμείωτον
638 946 685 981 τὴν
703 947 787 980 ὑγρὰν
810 947 889 981 φύσιν

100 992 186 1018 εἰσαεὶ
203 991 350 1026 διαμένειν,
370 992 485 1018 πάντοτε
508 992 558 1026 τῆς
579 992 683 1026 θερμῆς
705 992 797 1023 οὐσίας
818 993 848 1018 τὺ
861 993 889 1019 ὲν

100 1038 157 1068 τοῖς
181 1037 277 1072 ἀτμοῖς
298 1037 381 1073 ὑγρὸν
405 1037 657 1072 καταφρυττοὺσης,
675 1039 721 1064 καὶ
744 1040 784 1069 εἰς
805 1038 889 1073 ξηρὰν

102 1082 324 1118 μεταϐαλλούσης
344 1083 487 1118 ποιότητα,
511 1082 603 1114 καθὼς
624 1085 639 1119 ὴ
661 1083 762 1118 θεωρία
777 1084 846 1110 κατὰ
861 1083 890 1109 τὺ

101 1128 246 1155 ἀκόλουθον
267 1128 312 1154 διὰ
331 1128 383 1154 τῶν
400 1128 590 1164 ἐξητασμένων
610 1128 769 1161 ἀπέδειξεν;
791 1129 822 1154 Εἰ
845 1126 890 1154 οὖν

100 1175 274 1210 ὲξατμίζεται
297 1176 346 1210 μὲν
367 1175 396 1200 τὸ
411 1175 504 1210 ὑγρὴν,
526 1175 661 1206 εὐάλωτος
679 1175 706 1201 δὲ
728 1173 831 1208 γίνεται
852 1174 891 1208 τῷ

101 1220 193 1256 θερμῷ
206 1221 222 1255 ἡ
235 1220 359 1255 ὑγρότης,
375 1220 414 1251 εἰς
424 1220 456 1247 τὰ
465 1220 493 1246 λε
499 1220 552 1246 πτά
561 1229 589 1246 τε
601 1220 648 1246 καὶ
659 1220 747 1254 ἀμερῆ
760 1219 891 1254 τμήματα

99 1266 142 1292 διὰ
157 1266 209 1292 τῶν
224 1266 318 1301 ἀτμῶν
334 1266 495 1301 μερισθεῖσα
505 1274 511 1281 ⁸
532 1266 640 1300 ἀνάγκη
656 1266 741 1296 πᾶσα,
760 1265 828 1300 πρὸς
842 1264 891 1300 τὴν

101 1311 187 1347 ξηρὰν
205 1311 335 1346 ποιότητα
349 1311 395 1337 τοῦ
410 1311 494 1347 ὑγροῦ
510 1311 726 1346 μεταϐαίνοντος,
743 1310 891 1345 ἀληθέστε-

102 1366 147 1392 ρον
161 1359 264 1383 ἐκεῖνον
282 1357 327 1383 τὸν
351 1357 428 1390 λόγον
447 1356 565 1389 οἴεσθαι,
585 1358 626 1383 ὅτι
650 1356 708 1382 ἐστὶ
729 1364 771 1387 τις
789 1356 891 1382 ὑδάτων

100 1402 262 1438 περιουσία,
316 1403 358 1428 ἀεὶ
373 1402 567 1437 ἀνα-πληροῦσα
586 1402 615 1428 τὸ
630 1403 662 1428 ὲκ
681 1401 728 1428 τοῦ
746 1402 830 1436 πυρὸς
845 1401 891 1427 δα-

99 1447 278 1482 πανώμενον.
300 1449 380 1479 Ἴσως
402 1447 422 1474 δ’
446 1447 477 1474 ἄν
495 1456 556 1474 τινα
577 1448 624 1474 καὶ
646 1446 799 1483 μαρτυρίαν
823 1446 893 1481 πρὸς

99 1494 149 1528 τὴν
177 1492 304 1528 τοιαύτην
329 1492 462 1528 ὑπόληψιν
480 1493 534 1519 ἀπὸ
561 1493 611 1527 τῆς
630 1493 743 1527 Γραφῆς
770 1491 892 1526 παραλά-

100 1540 160 1566 ϐοι·
186 1539 216 1565 τὸ
243 1538 385 1573 ἀνοιγῆναι
415 1539 478 1570 τοὺς
513 1539 706 1574 καταρράκτας
735 1537 781 1563 τοῦ
812 1537 886 1571 οὐρα-

941 221 1124 253 ostendimus,
1136 226 1164 249 et
1181 223 1322 257 pr0phetia
1338 231 1407 258 opus
1422 224 1560 259 ejusmodi
1572 224 1629 252 Deo
1642 225 1728 253 tribui

942 267 1023 294 docet
1041 267 1084 295 liis
1100 267 1201 300 verbis,
1222 268 1318 297 dicens
1337 278 1344 296 :
1365 279 1374 295 ι
1387 269 1438 302 Qui
1457 274 1538 298 vocat
1553 278 1652 306 aquam
1668 278 1727 298 nia-

941 313 990 345 ris.
1007 316 1034 340 et
1049 312 1139 340 fundit
1156 321 1216 342 eam
1234 322 1318 350 super
1335 314 1432 343 faciem
1444 316 1565 344 terrae".
1578 325 1588 342 ι
1613 316 1648 343 Ει
1662 324 1726 344 cum

941 358 994 385 alia
1011 359 1109 391 multa,
1131 364 1189 387 tum
1212 361 1299 388 nubes
1316 367 1331 387 a
1353 360 1495 395 superiore
1518 362 1658 389 caliditate
1677 369 1726 388 ac-

941 403 1032 436 cendi,
1048 407 1076 431 et
1099 404 1207 439 penitus
1219 405 1352 433 exsiccari
1369 406 1461 440 reipsa
1472 405 1728 439 didicimus.Quare

941 455 996 475 non
1019 453 1062 476 est
1097 450 1285 484 praetereunda
1311 450 1436 484 quaestio,
1459 457 1521 485 quae
1541 450 1621 478 nobis
1632 458 1665 478 ex
1692 451 1727 478 iis

941 501 1001 530 quae
1014 493 1086 521 dicta
1104 498 1179 528 sunt,
1196 495 1293 523 ordine
1314 496 1446 524 occurrit.
1471 496 1516 523 Sic
1529 495 1602 524 enim
1628 496 1727 531 aliquis

940 539 1052 575 obiiciat
1066 550 1072 568 :
1089 540 1128 567 Ex
1148 545 1363 569 commemorato
1380 542 1433 569 olei
1448 542 1572 577 exemplo
1593 541 1729 569 intellexi-

941 593 1012 618 mus,
1033 586 1176 613 materiam
1190 587 1342 622 subiectam
1369 587 1452 614 etiam
1470 592 1532 622 post
1556 587 1727 615 combustio.

940 638 1000 658 nem
1016 639 1070 658 non
1088 631 1201 665 aboleri,
1215 632 1263 660 sed
1279 633 1305 660 in
1318 639 1408 661 aerem
1417 633 1554 666 secedere,
1567 637 1649 668 atque
1657 632 1728 668 ignis

940 677 966 704 vi
985 677 1011 713 in
1026 682 1127 704 terram
1146 678 1244 713 redigi,
1256 685 1289 705 eo
1307 684 1480 712 consumpto,
1498 679 1571 714 quod
1588 679 1649 713 ejus
1663 687 1728 714 qua-

943 722 1013 749 litati
1027 722 1197 749 contrarium
1214 726 1284 750 erat.
1308 723 1490 756 Quamobrem
1504 724 1551 759 qui
1569 728 1659 759 potest
1674 725 1726 752 hu-

941 768 1013 794 mida
1026 771 1124 794 natura
1142 775 1249 803 semper
1266 769 1420 801 imminuta,
1443 774 1524 804 atque
1544 770 1649 804 integra
1665 778 1728 804 per-

944 819 1065 842 manere,
1084 819 1146 838 cum
1169 819 1299 847 vaporum
1326 812 1482 845 humorem,
1501 816 1530 840 ut
1557 813 1728 841 declaratum

909 855 927 882 Β
942 859 995 886 est.
1009 856 1111 891 ubique
1128 856 1254 885 caliditas
1272 857 1412 890 arefaciat,
1427 863 1453 885 et
1473 858 1500 885 in
1514 858 1616 886 siccam
1640 859 1728 894 quali-

942 905 1023 929 tatem
1036 903 1197 929 convertat?
1227 903 1293 934 Cur,
1324 911 1385 930 cum
1415 903 1557 931 humidum
1577 904 1728 936 exbaletur,

940 951 966 974 et
979 947 1068 974 calido
1082 952 1136 975 tam
1153 948 1188 976 sit
1203 949 1362 981 obnoxium,
1378 954 1408 976 ut
1422 950 1449 976 in
1466 950 1569 982 tenuia,
1586 954 1669 985 atque
1686 950 1729 977 in-

940 992 1052 1019 dividua
1073 993 1239 1028 corpuscula
1257 1002 1304 1028 per
1322 1002 1437 1029 vapores
1450 995 1599 1023 dissectum
1619 996 1647 1023 in
1673 996 1729 1023 ari-

940 1037 1002 1064 dam
1016 1039 1177 1072 qualitatem
1193 1041 1225 1066 ab
1240 1047 1272 1067 eo
1292 1047 1406 1068 necesse
1420 1041 1456 1068 sit
1475 1042 1649 1075 commutari,
1673 1050 1729 1069 non

940 1090 972 1110 ea
1002 1084 1093 1110 verior
1121 1084 1294 1112 existimetur
1328 1086 1430 1120 opinio,
1455 1094 1515 1120 quae
1543 1087 1642 1114 asserit
1667 1094 1729 1114 esse

941 1128 1087 1162 quamdam
1106 1136 1239 1163 aquarum
1255 1130 1373 1164 copiam.
1398 1138 1451 1165 qua
1464 1138 1572 1166 semper
1589 1131 1729 1159 instaure-

941 1177 996 1205 ιικι,
1011 1177 1038 1201 et
1050 1173 1198 1202 sufliciatur
1217 1175 1243 1202 id
1258 1175 1332 1210 quod
1349 1176 1383 1203 ab
1400 1176 1460 1211 igne
1476 1181 1671 1212 consumptum
1695 1184 1729 1205 ac

940 1218 1112 1253 deperditum
1139 1220 1201 1247 est?
1224 1221 1373 1255 praesertim
1395 1229 1456 1249 cum
1477 1221 1626 1257 Scriptum
1650 1223 1730 1250 testi-

941 1265 1034 1292 monio
1045 1265 1199 1292 confirmari
1216 1267 1315 1301 possit,
1335 1275 1395 1302 qua
1411 1267 1492 1294 tradit
1508 1272 1617 1302 apertas
1641 1267 1730 1296 fuisse

941 1313 1093 1336 cataractas
1121 1310 1225 1343 cwli",
1257 1318 1319 1338 cum
1358 1311 1437 1345 aquis
1464 1310 1607 1339 altissimis
1633 1318 1729 1339 omnes

942 1355 1073 1381 montium
1099 1355 1215 1383 vertices
1241 1356 1434 1390 superantibus
1458 1355 1596 1391 submersi
1625 1360 1730 1383 terram

941 1404 1089 1435 oporteret.
1107 1400 1163 1428 lloc
1179 1409 1228 1436 ego
1247 1402 1396 1437 Scriptura:
1421 1401 1608 1429 testimonium
1635 1401 1726 1429 dicam

942 1447 996 1473 alio
1024 1447 1146 1480 ejusdem
1173 1447 1322 1482 Scriptura:
1341 1447 1497 1475 testimonio
1521 1447 1606 1475 refelli
1632 1455 1727 1483 posse.

944 1490 1018 1518 Solet
1034 1491 1107 1518 cnim
1132 1491 1225 1518 divina
1251 1491 1392 1527 Scriptura
1412 1499 1426 1519 a
1444 1493 1555 1527 propria
1579 1492 1728 1520 verborum

905 1529 927 1557 (λ
945 1537 1144 1571 significatione
1169 1537 1306 1565 recedere.

99 1585 164 1617 νοῦ,
190 1585 234 1611 ὅτε
262 1583 427 1618 ὑποϐρύχιον
451 1584 503 1610 ἔδει
531 1583 657 1617 γενέσθαι
682 1583 731 1618 τὴν
750 1583 816 1617 γῆν,
837 1582 927 1621 πάσης
955 1582 1026 1618 ὀρῶν
1054 1583 1175 1617 κορυφῆς
1218 1583 1266 1610 ἐπὶ
1279 1583 1405 1610 πλεῖστον
1422 1583 1521 1618 βάθους
1550 1584 1730 1620 ὑπερέχοντος

99 1629 146 1656 τοῦ
164 1629 269 1660 ὕδατος.
286 1628 356 1654 Ἀλλ’
371 1628 426 1662 ἐγὼ
439 1628 487 1663 τὴν
504 1629 553 1663 μὲν
569 1628 706 1664 γραφικὴν
721 1627 856 1654 ἁντίθεσίν
872 1635 942 1661 φημι
962 1627 1073 1653 δυνατὸν
1087 1624 1155 1654 εἷναι
1168 1627 1212 1654 διὰ
1229 1627 1338 1665 Γραφῆς
1354 1628 1450 1663 ἑτέρας
1467 1630 1728 1666 παραμυθήσασθαι·

100 1673 159 1702 οἶδα
181 1675 235 1709 γὰρ
248 1674 296 1710 τὴν
314 1674 482 1710 κατάχρηαιν
498 1674 552 1700 τῶν
569 1674 648 1701 θείων
666 1673 795 1709 ῥημάτων
813 1673 858 1698 ἐπὶ
873 1672 923 1706 τῆς
936 1673 1071 1708 γραφικῆς
1084 1673 1236 1708 συνηθείας.

136 1723 168 1748 Τί
203 1722 330 1757 σημαίνει
358 1721 402 1748 διὰ
434 1721 480 1748 τοῦ
506 1721 619 1754 ἀνοῖξαι,
650 1722 697 1748 καὶ
724 1721 749 1747 τί
775 1721 820 1748 διὰ
846 1720 891 1747 τοῦ

101 1767 206 1794 κλεῖσαι
235 1768 414 1801 ἐνδείκνυται;
435 1768 519 1802 Δῆλον
536 1768 589 1803 γὰρ
613 1767 654 1793 ὅτι
679 1767 710 1793 τὸ
738 1766 893 1802 κλειόμενον

100 1813 255 1847 ἀνοίγεται,
271 1813 317 1840 καὶ
331 1813 361 1839 τὸ
378 1813 553 1848 ἀνοιγόμενον
577 1812 708 1838 κλείεται.
735 1811 811 1838 Ἐπεὶ
833 1810 890 1844 οὖν,

99 1859 188 1893 ἀτμοῦ
218 1867 282 1885 ποτε
312 1859 384 1885 κατά
412 1859 473 1889 τοὺς
503 1858 615 1892 χρόνους
650 1857 738 1883 Ἡλίου
776 1858 891 1892 ἐπικρα-

98 1903 221 1934 τοῦντος,
232 1903 302 1929 οὕτω
313 1903 420 1938 φησὶνὴ
434 1901 538 1938 Γραφὴ,
552 1902 592 1928 ὅτι
608 1912 616 1927 t
631 1902 793 1938 Ἐκλείσοηὸ
807 1903 890 1937 οὑρα-

99 1947 146 1979 νὸς
160 1949 206 1973 ἐπὶ
224 1947 270 1982 ἐτη
286 1948 350 1982 τρία
364 1947 411 1974 καὶ
426 1947 567 1983 μῆνας-ἓξ
585 1957 593 1972 ι
608 1947 685 1974 τοῦτο
698 1945 773 1982 οἶμαι
785 1947 830 1973 τοῦ
842 1948 888 1974 οὑ-

99 1992 184 2028 ρανοῦ
205 1991 268 2023 τοὺς
286 1993 477 2028 καταρράκτας
490 1992 624 2027 ὴνεῷχθαι
641 1992 688 2019 τὸν
707 1992 754 2028 τῆς
776 1992 795 2018 Γ
799 1993 887 2028 ραφῆς

97 2039 179 2072 λόγον
192 2038 290 2072 λέγειν,
307 2038 344 2069 ὡς
359 2037 484 2074 ἐκλείσθη
499 2039 526 2065 ἐν
540 2038 579 2074 τῷ
596 2038 646 2074 τῆς
661 2038 810 2073 ἀνομϐρίας
824 2047 885 2064 και-

98 2084 150 2120 ρῷ.
174 2084 253 2111 Ἀλλὰ
272 2084 325 2120 μὴν
344 2084 404 2110 τότε
420 2084 463 2111 διὰ
483 2083 532 2119 τῆς
549 2085 701 2119 προσευχῆς
716 2083 762 2111 τοῦ
784 2085 885 2117 Ἠλίου,

97 2130 178 2164 νέφος
189 2130 220 2156 ὲκ
234 2130 283 2165 τῆς
298 2130 433 2165 θαλάσσης
449 2131 593 2164 ἀναφανὲν,
610 2130 656 2156 τὸν
670 2130 782 2165 οὐρανὸν
795 2130 886 2162 αὑτοῖς

97 2175 142 2202 διὰ
159 2175 209 2210 τῆς
229 2175 381 2210 ἐπομϐρίας
395 2175 510 2211 ἦνοιξεν.
530 2176 601 2210 ’Ἄρα
614 2174 708 2210 σαφῶς
725 2175 886 2202 ἀποδείκνυ-

97 2229 144 2247 ται
158 2220 201 2247 διὰ
223 2220 335 2253 τούτων,
352 2220 383 2247 τὸ
402 2221 467 2256 μηδὲ
486 2221 547 2247 τότε
562 2221 591 2247 τὸ
611 2220 753 2256 στερέωμα
773 2220 822 2247 τοῦ
841 2221 886 2246 οὑ-

98 2266 182 2302 ρανοῦ
207 2266 370 2301 διασχισθὲν,
397 2267 430 2293 ὲκ
457 2266 512 2293 τῶν
537 2266 715 2302 ὑπερκεῖσθαι
735 2265 889 2301 λεγομένων

96 2312 202 2339 ὑδάτων
216 2312 386 2348 καταρρἦαι
405 2312 449 2338 τὸν
469 2311 581 2347 ὖμϐρον,
597 2311 655 2338 ἀλλ’
672 2312 785 2347 οὑρανὺν
799 2311 887 2346 λέγει,

95 2357 144 2383 τὸν
170 2357 308 2392 περίγειον
329 2357 415 2392 ἀέρα,
436 2357 480 2383 τὸν
503 2356 628 2392 ὁρίζοντα
647 2358 703 2389 τοῖς
719 2357 816 2392 ἀτμοῖς
838 2356 888 2392 τὴν

96 2403 204 2435 στάσιν,
219 2403 289 2437 ὅπερ
301 2403 359 2429 ἐστὶ
374 2403 422 2438 τῆς
433 2402 687 2439 λεπτομερεστάτης
701 2402 747 2429 τοῦ
760 2404 888 2438 ὑπερκει-

98 2449 183 2484 μένου
205 2449 268 2484 ὄρος
283 2449 400 2484 φύσεως·
418 2449 475 2484 μεθ’
491 2449 521 2476 ὃν
532 2449 660 2484 οὐδεμίαν
684 2448 797 2484 δύναμιν
819 2448 888 2484 πρὸς

95 2495 148 2529 τὴν
163 2495 254 2522 ἄνοδον
271 2494 327 2530 ἔχει
347 2494 400 2521 τῶν
418 2494 637 2530 ὲμϐριθεστέρων
653 2494 740 2526 οὐδὲν,
755 2494 785 2520 οὑ
797 2494 887 2528 νέφος,

95 2540 129 2566 οὐ
148 2540 266 2576 πνεῦμα,
283 2541 332 2568 οὑκ
349 2540 445 2576 ἀτμὸς,
462 2541 512 2568 οὑκ
529 2540 783 2576 ἀναθυμίασις,οὑχ
799 2541 815 2575 ἡ
834 2539 887 2566 τῶν

97 2586 210 2620 πτηνῶν
235 2586 323 2621 φύσις.
353 2587 390 2613 Τὸ
414 2584 460 2613 οὖν
483 2586 554 2622 ὑπὲρ
583 2586 705 2621 κεφαλῆς
723 2585 845 2620 συνήθως
869 2585 886 2620 ἡ

96 2631 196 2667 Γραφὴ
203 2631 315 2667 οὐρανὸν
323 2632 407 2667 λέγει.
420 2642 429 2658 ι
442 2633 556 2668 οὐρανοῦ
565 2632 675 2659 πετεινά
686 2642 696 2657 ι
708 2632 834 2665 λέγουσα,
842 2631 887 2657 τὸν

96 2676 169 2711 ἀέρα
180 2676 275 2703 τοῦτον
288 2677 479 2713 διαπετόμενα.
500 2677 568 2704 Ἀλλ’
588 2678 612 2704 ei
629 2678 675 2704 καὶ
689 2677 774 2704 ταῦτα
793 2676 886 2703 τοῦτον

95 2722 157 2758 ἔχει
173 2722 218 2750 τὸν
242 2724 353 2760 τρόπον,
367 2724 443 2752 οὑπω
469 2724 499 2751 τὸ
523 2725 614 2761 ἕτερον
628 2726 642 2751 ὁ
660 2724 737 2760 λόγος
752 2725 817 2759 ἡμῖν
833 2724 884 2751 ὑπ-

980 1720 1050 1752 Quid
1068 1720 1150 1754 igitur
1171 1728 1219 1754 per
1230 1720 1337 1756 aperire
1354 1725 1381 1748 et
1408 1721 1537 1749 claudere
1565 1722 1629 1749 velit
1651 1722 1730 1750 intel-

945 1765 992 1799 ligi
1020 1765 1235 1793 consideremus.
1262 1765 1299 1792 Ea
1323 1766 1451 1793 nimirum
1468 1767 1641 1801 aperiuntur,
1668 1775 1730 1802 quas

943 1810 1038 1837 clausa
1057 1816 1130 1843 sunt,
1142 1815 1167 1837 et
1185 1819 1245 1845 quae
1256 1815 1320 1838 sunt
1334 1815 1436 1846 aperta,
1452 1811 1629 1838 clauduntur.
1647 1812 1729 1839 Tem-

943 1855 1060 1890 poribus
1076 1855 1159 1891 igitur
1176 1855 1241 1883 Elia:
1255 1864 1317 1883 cum
1333 1856 1396 1883 olim
1413 1863 1509 1891 magna
1521 1856 1632 1884 siccitas
1644 1861 1728 1891 esset,

943 1909 974 1928 ea
996 1909 1040 1929 res
1071 1902 1098 1928 in
1126 1901 1269 1937 Scriptura
1295 1902 1371 1929 liisce
1397 1902 1487 1929 verbis
1511 1906 1553 1929 cst
1573 1902 1726 1937 explicata:

945 1957 953 1973 ι
969 1948 1100 1975 Clausum
1119 1953 1161 1975 est
1186 1948 1286 1975 coelum
1314 1948 1395 1975 annis
1411 1948 1509 1980 tribus,
1534 1951 1562 1975 et
1585 1948 1728 1976 mensibus

942 2002 991 2022 sex
1003 1995 1036 2022 ³ο.
1053 2005 1062 2020 ι
1077 1994 1167 2028 Quare
1178 2001 1208 2020 ea
1227 1993 1375 2028 Scriptura:
1388 1994 1522 2025 oratione,
1533 2001 1586 2028 qua
1598 1993 1729 2021 dicuntur

941 2045 1042 2074 apertae
1061 2043 1206 2067 cataractae
1227 2040 1300 2071 coeli.
1328 2039 1477 2074 signiﬁcari
1496 2040 1615 2067 arbitror
1636 2040 1727 2075 ipsum

941 2085 1041 2112 cmlum
1059 2084 1144 2113 fuisse
1159 2085 1281 2112 clausum
1297 2090 1419 2119 tempore
1437 2085 1579 2114 siccitatis.
1593 2085 1654 2119 Quo
1664 2087 1728 2122 qui-

941 2130 1003 2158 dem
1020 2134 1144 2166 tempore
1155 2139 1217 2158 cum
1226 2131 1352 2165 precibus
1363 2130 1429 2157 Elim
1444 2131 1530 2158 nubes
1546 2139 1561 2159 e
1575 2133 1644 2159 mari
1660 2133 1728 2161 sub-

941 2176 1014 2209 lata,
1037 2177 1128 2211 pluvia
1147 2176 1267 2204 demissa
1287 2177 1394 2203 coelum
1423 2177 1576 2211 aperuerit,
1606 2183 1727 2211 constat,

942 2230 976 2250 ne
991 2227 1057 2250 tunc
1064 2223 1175 2258 quidem
1189 2222 1361 2250 firmamento
1375 2223 1437 2250 caeli
1452 2223 1589 2258 disrupto,
1602 2232 1635 2252 ex
1648 2225 1727 2258 aquis

941 2276 1002 2303 qua:
1018 2276 1100 2302 super
1119 2268 1164 2295 illo
1180 2268 1310 2296 dicuntur
1333 2276 1405 2301 esse.
1426 2270 1541 2297 imbrem
1568 2269 1726 2303 deﬂuxisse,

941 2314 988 2341 sed
1004 2313 1103 2341 coelum
1118 2314 1248 2348 appellari
1272 2322 1374 2346 aerem,
1405 2315 1452 2348 qui
1476 2319 1577 2342 terram
1602 2315 1727 2343 ambiens

940 2359 1088 2394 vaporibus
1114 2360 1260 2386 terminum
1289 2360 1440 2393 constituit,
1463 2368 1518 2395 quo
1545 2367 1559 2387 a
1585 2361 1727 2389 subtiliore

940 2408 1040 2432 natura
1065 2404 1110 2439 illa
1130 2405 1271 2440 superiore
1289 2406 1479 2441 sejungantur,
1499 2406 1570 2433 ultra
1582 2414 1662 2441 quem
1688 2408 1727 2434 ni-

940 2450 978 2477 liil
998 2457 1092 2477 eorum
1104 2458 1164 2485 qua:
1177 2452 1302 2486 graviora
1318 2456 1392 2484 sunt,
1408 2456 1498 2486 potest
1521 2453 1654 2486 aspirare,
1669 2460 1725 2481 non

940 2496 1039 2528 nubes,
1055 2503 1108 2523 non
1123 2501 1232 2529 ventus,
1256 2504 1311 2524 non
1327 2504 1420 2531 vapor,
1442 2505 1498 2524 non
1509 2498 1657 2530 exhalatio,
1669 2506 1726 2526 non

939 2542 1006 2577 ipsae
1022 2541 1155 2570 volucres.
1183 2542 1260 2575 Quod
1276 2548 1366 2570 autem
1387 2551 1434 2570 aer
1459 2543 1503 2570 bic
1529 2543 1667 2578 capitibus
1680 2552 1727 2571 no-

939 2589 1005 2615 stris
1018 2589 1178 2623 impendens
1195 2589 1295 2617 coelum
1313 2590 1339 2615 in
1352 2589 1495 2624 Scriptura
1510 2593 1635 2622 vocetur,
1645 2589 1726 2619 facile

940 2634 1124 2669 intelligimus,
1140 2634 1203 2662 dum
1218 2636 1245 2661 in
1260 2642 1290 2662 ea
1300 2635 1427 2670 legimus,
1438 2645 1448 2661 ‹
1462 2635 1582 2662 volatilia
1598 2635 1723 2662 cmli'h

939 2679 1036 2707 Aerem
1051 2679 1121 2706 enim
1135 2687 1183 2714 per
1195 2687 1226 2707 ea
1238 2687 1298 2714 quae
1311 2680 1340 2707 in
1356 2680 1416 2715 ipso
1429 2680 1533 2712 volant,
1553 2680 1653 2707 coelum
1668 2678 1724 2707 dici

938 2725 1140 2760 cognoscimus.
1155 2725 1288 2753 Caeterum
1300 2725 1362 2754 licet
1368 2725 1425 2753 haec
1434 2725 1506 2754 itase
1519 2725 1646 2759 habeant,
1656 2731 1725 2752 nou-

135 2813 157 2828 ²¹
166 2812 260 2841 Amos.
280 2821 309 2848 v,
326 2814 353 2841 8.
391 2814 413 2831 "
429 2813 497 2842 Gen.
512 2814 599 2848 vn,“
620 2821 680 2850 sqq.
718 2814 740 2829 ³ο
757 2812 790 2840 111
805 2811 872 2848 Reg.
886 2820 953 2846 xvn,
972 2812 1005 2846 9;
1022 2812 1088 2841 Luc.
1102 2821 1139 2846 Iv,
1153 2813 1198 2840 25.
1237 2813 1257 2830 ³⁸
1272 2813 1340 2842 Gen.
1361 2821 1381 2847 ι,
1399 2812 1456 2846 26;
1474 2812 1568 2840 Matth.
1586 2818 1625 2848 Vl,
1642 2811 1690 2842 86.
