1976 3077
230 125 284 155 103

850 123 877 150 S.
895 122 1060 151 GREGORII
1076 123 1221 153 NYSSENI

1810 129 1862 156 Ιοι

229 183 294 212 dum
312 182 445 218 explicata
457 185 500 211 est
516 181 562 210 illa
575 182 701 218 quaestio,
724 181 863 217 quomodo
881 190 1013 218 vaporum

1067 184 1190 218 ελύσατο,
1207 184 1264 217 πῶς
1277 185 1294 220 ἠ
1313 185 1352 217 εἰς
1365 185 1394 212 τὸ
1409 185 1490 221 ξηρὸν
1506 185 1559 212 τῶν
1575 186 1671 222 ἀτμῶν
1684 187 1862 223 μεταποίησις

229 230 258 257 in
270 229 374 257 siccum
389 229 568 256 commutatio
584 228 725 256 humidum
736 227 763 255 vi
788 232 894 255 natura!
919 229 1016 256 calida:

229 278 423 310 comumptum
441 282 495 302 non
513 274 754 302 imminuat.Aliud
770 278 902 309 praeterea
916 274 1016 302 ordine

229 321 358 356 sequitur
381 321 576 356 inquirendum
591 339 599 352 ,
626 319 700 355 quod
721 320 894 347 accuratiore
922 320 1016 347 studio

229 366 391 401 indagantes
401 365 474 392 forte
487 372 699 401 consequemur.
716 365 827 392 Audisti
841 365 1015 400 prophetiam

228 412 329 438 divinat
362 411 509 445 potestatis
536 411 756 446 magnitudinem
777 418 811 438 ex
836 411 872 438 iis
898 418 959 446 quae
985 411 1015 438 in

229 458 313 484 rebus
333 457 488 491 proereatis
511 455 673 482 admiranda
694 459 859 488 cernuntur,
881 463 1016 484 enarran-

228 505 282 527 tem
297 501 350 528 ltoc
368 501 450 528 modo
466 509 473 527 :
495 510 503 526 ι
516 500 584 533 Quis
594 508 675 527 manu
687 500 833 528 dimensus
843 504 887 528 est
900 507 1013 535 aquam,

227 550 254 573 et
269 546 371 573 cmlum
396 546 498 581 palmo,
525 551 553 573 ct
576 546 681 581 pugillo
706 550 809 573 terram
838 546 1016 573 universam?

226 591 295 624 Quis
310 593 338 618 in
351 596 453 619 statera
468 596 588 623 montes,
605 596 633 620 et
651 592 737 619 valles
751 592 779 618 in
800 591 881 619 lance
894 591 1015 618 colloca-

228 638 266 664 vit
276 637 314 663 “'l
329 646 338 662 ι
360 636 408 664 His
423 637 525 669 verbis,
545 641 574 664 ut
592 637 722 668 arbitror,
737 639 834 671 aperte
851 637 933 664 docet
949 643 1016 670 pro-

228 683 318 717 p'teta,
326 682 465 717 propriam
476 682 593 717 singulis
603 682 746 709 elementis
755 682 944 717 praescriptam
954 690 1017 710 esse

228 735 397 759 mensuram,
413 735 428 754 a
445 727 493 755 Dei
511 728 604 754 omnia
630 727 842 762 complectentis
865 731 1014 762 potestate,

227 781 308 808 quam
327 774 373 800 ille
386 781 508 805 manum,
520 777 547 801 et
566 765 699 809 palmum,
717 777 744 801 et
761 773 895 808 pugillum
922 777 1015 807 vocat,

227 820 286 846 suis
300 819 515 854 unumquodque
531 819 658 847 terminis
676 823 704 847 et
720 810 866 847 .mensuris
882 826 1016 847 coercen-

1065 231 1115 258 οὒκ
1127 231 1232 258 ἐλαττοῖ
1247 232 1277 258 τὸ
1290 231 1383 267 ὑγρὸν,
1395 232 1426 258 τὸ
1438 232 1618 268 ἐπικρατήσει
1634 233 1683 268 τῆς
1699 233 1802 270 θερμῆς
1813 235 1860 261 οὒ-

1067 276 1128 308 σίας
1147 277 1383 312 ὲκδαπανὼμενον.
1402 277 1474 313 Πρὸς
1489 278 1518 304 δὲ
1533 278 1620 305 ταῦτα
1636 278 1726 310 καλῶς
1751 278 1784 305 ἇν
1803 280 1861 314 ἔχοι

1066 320 1162 355 ἑτέραν
1173 321 1332 347 ἀκολουθίαν
1344 321 1466 357 ἐξευρεῖν
1480 323 1513 357 τῇ
1525 321 1625 358 θεωρίᾳ
1638 322 1685 349 τοῦ
1698 322 1778 357 λόγου
1793 332 1864 359 συμ-

1066 365 1222 393 ϐαίνουσαν·
1241 366 1306 398 ἴσως
1319 367 1374 402 γὰρ
1390 367 1423 393 ἂν
1443 368 1549 402 γένοιτο
1568 368 1634 403 ἡμῖν
1656 367 1701 395 διὰ
1721 369 1771 404 τῆς
1787 369 1862 404 φιλο-

1066 413 1221 449 πονωτέρας
1251 414 1426 449 προσεδρίας,
1448 415 1485 451 μὴ
1517 414 1675 450 διαμαρτεῖν
1697 415 1746 451 τῆς
1777 424 1864 451 προσ-

1066 459 1186 494 ηκούσης
1194 460 1257 495 περὶ
1269 460 1315 486 τοῦ
1327 460 1485 495 σκέμματος
1494 460 1665 496 ὑπολήψεως.
1673 461 1797 487 Ἤκουσα
1811 460 1862 495 τῆς

1066 504 1233 539 προφητείας
1246 505 1277 531 τὸ
1291 505 1433 540 μεγαλεῖον
1449 506 1499 540 τῆς
1512 505 1559 532 τοῦ
1580 505 1647 532 Θεοῦ
1662 505 1803 541 δυνάμεως
1816 505 1862 532 διὰ

1066 548 1120 576 τῶν
1136 549 1165 575 ὲν
1179 550 1211 584 τῇ
1233 549 1322 576 κτίσει
1340 549 1488 584 θαυμάτων
1503 549 1666 585 διεξιούσης,
1682 551 1710 576 ἐν
1723 547 1764 581 οἷς
1777 557 1859 585 φησι·

1069 602 1079 620 σ
1097 594 1145 625 Τίς
1159 595 1296 631 ὲμέτρησε
1314 595 1347 630 τῇ
1371 595 1444 630 χειρὶ
1457 595 1487 622 τὸ
1510 595 1592 631 ὕδωρ,
1617 596 1665 622 καὶ
1684 596 1729 622 τὸν
1745 595 1861 631 οὐρανὸν

1067 639 1206 676 σπιθαμῇ,
1228 640 1276 667 καὶ
1293 642 1382 668 πᾶσαν
1399 640 1449 676 τὴν
1466 641 1518 676 γῆν
1541 641 1638 676 δρακί;
1655 642 1697 673 τίς
1711 641 1809 676 ἔστησε
1825 641 1860 667 τὰ

1067 685 1130 721 δρια
1149 684 1272 721 σταθμῷ,
1296 685 1407 718 καὶτὰς
1431 686 1519 717 νάπας
1539 686 1629 721 ζυγῷ;
1648 696 1657 712 ι
1677 686 1711 713 δι’
1726 683 1764 713 ὧν
1781 685 1859 721 οἶμαι

1067 731 1160 765 σαφῶς
1172 731 1248 762 ἰδίοις
1262 731 1370 766 μέτροις
1391 731 1446 757 τῶν
1464 731 1603 766 στοιχείων
1619 731 1733 757 ἕκαστον
1746 739 1860 766 περιγε-

1065 777 1187 812 γράφθαι
1197 776 1242 803 τὸν
1254 777 1396 812 προφήτην
1407 776 1551 809 διδάσκειν,
1562 776 1612 811 τῆς
1621 776 1798 812 περιεκτικῆς
1811 774 1859 802 τοῦ

1066 819 1133 846 Θεοῦ
1151 819 1302 854 δυνάμεως.
1326 821 1359 855 ἣν
1374 822 1453 856 χεῖρα
1468 821 1516 857 καὶ
1538 820 1635 855 δράκα,
1650 820 1698 846 καὶ
1719 820 1861 855 σπιθαμὴν

226 870 291 891 tem.
311 865 428 892 Necesse
441 869 483 892 est
500 865 593 900 igitur,
607 865 630 893 si
645 865 692 892 Dei
711 869 832 901 potestas
856 865 956 892 cmlum
972 865 1015 892 di—

1069 865 1206 901 όνομάζει,
1220 865 1311 897 ἰδικῶς
1323 865 1438 892 ἕκαστον
1453 866 1507 892 τῶν
1522 866 1606 892 ὅντων
1620 867 1648 892 ὲν
1662 865 1701 900 τῷ
1714 866 1860 901 καθήκοντι

226 919 320 939 mensa
340 916 392 944 est,
409 912 431 939 si
445 920 544 939 manus
559 912 620 946 ejus
635 919 746 947 aquam,
764 912 786 939 si
809 911 930 947 pugillus
949 911 1016 938 uni-

226 966 335 985 versam
360 963 474 989 terram.
501 959 524 986 si
541 959 626 986 valles
642 958 669 985 in
688 962 791 986 statera
807 958 963 997 constituit,
991 957 1015 985 si

226 1005 366 1032 moutibtts
385 1004 492 1039 pondus
511 1004 669 1039 prtetinivit,
692 1004 783 1031 omnia
802 1011 960 1031 mensuram
984 1011 1016 1031 ac

226 1049 336 1076 modum
352 1050 423 1077 tueri
441 1058 533 1082 suum,
559 1050 627 1076 nihil
644 1057 742 1077 eorum
755 1050 860 1085 augeri,
877 1049 946 1077 nihil
964 1050 1016 1076 im-

226 1094 324 1125 minui,
340 1103 401 1128 qua:
419 1103 532 1123 mensus
557 1099 599 1122 est
615 1094 697 1126 Deus,
718 1103 834 1130 quaeque
855 1096 944 1130 ipsius
967 1103 1016 1130 po-

227 1144 325 1167 testate
338 1141 535 1174 continentur;
560 1141 583 1168 si
601 1141 676 1168 nulla
698 1145 788 1169 autem
813 1141 894 1169 rebus
915 1141 1016 1168 accidit

224 1187 358 1218 accrctio,
385 1188 460 1214 nulla
480 1187 638 1220 diminutio,
664 1191 694 1215 ut
710 1188 855 1223 prophetia
883 1192 1013 1220 testatur,

225 1232 252 1258 in
275 1239 325 1258 sua
352 1240 467 1267 prorsus
491 1233 709 1268 unumquodque
732 1240 862 1260 mensura
884 1238 1015 1268 perpetuo

224 1281 326 1308 manet,
340 1285 402 1304 cum
418 1283 515 1304 natura
526 1278 583 1312 ipsa
594 1286 683 1305 rerum
696 1278 901 1305 commutabilis
916 1283 1014 1306 cuncta

224 1323 347 1349 vicissim
362 1327 514 1354 convertat,
532 1328 558 1351 et
574 1332 658 1350 unum
677 1325 704 1351 in
726 1324 800 1351 aliud
818 1329 915 1354 mutet,
934 1324 1016 1351 idem-

225 1375 278 1402 que
295 1376 406 1395 rursum
435 1369 615 1396 conversione
633 1369 844 1404 mutationeque
865 1370 1014 1405 pristinuut

226 1413 252 1439 in
271 1418 371 1440 statum
392 1414 517 1440 reducat.
535 1414 587 1442 Sed
601 1415 665 1450 quia
686 1423 815 1450 vaporem
831 1415 905 1442 bttnc
926 1415 1015 1442 Immi-

225 1459 289 1485 dum
308 1459 336 1485 in
349 1458 458 1486 ﬂamma
480 1460 612 1494 positum,
629 1461 757 1489 siccitate
774 1469 822 1496 per
837 1461 1013 1488 combustio-

1068 912 1159 947 μέτρῳ
1175 911 1419 947 περισφιγγούσης.
1442 913 1474 939 Εἰ
1489 909 1535 939 οὗν
1554 912 1724 948 μεμέτρηται
1745 912 1860 946 οὑρανδς

1065 957 1098 991 τῇ
1115 956 1174 991 θείᾳ
1193 956 1318 991 δυνάμει,
1337 956 1384 982 καὶ
1397 958 1430 992 τῇ
1445 957 1517 992 χειρὶ
1527 957 1557 983 τὸ
1572 957 1660 992 ὕδωρ,
1675 957 1720 983 κα)⁸
1733 958 1766 992 τῇ
1779 956 1860 992 δρακὶ

1066 1003 1169 1038 πᾶσαὴ
1184 1003 1230 1038 γῆ,
1248 1004 1294 1030 καὶ
1311 1003 1540 1037 ζυγοστατοῦνται
1557 1004 1585 1030 αἱ
1599 1004 1695 1036 νάπαι,
1714 1004 1760 1030 καὶ
1778 1011 1860 1038 (patve-

1068 1047 1114 1083 ρὸς
1133 1049 1190 1079 τοῖς
1213 1047 1303 1083 ὄρεσιν
1319 1047 1480 1083 ἀφορίζεται
1499 1048 1635 1084 σταθμὸς,
1658 1049 1766 1082 ἀνάγκη
1781 1049 1858 1074 πᾶσα

1068 1095 1159 1129 μένειν
1175 1093 1290 1120 ἕκαστον
1306 1087 1352 1120 ἐπὶ
1374 1093 1421 1119 τοῦ
1445 1093 1510 1120 ἰδίου
1528 1094 1625 1129 μέτρου
1648 1094 1695 1120 καὶ
1719 1093 1838 1128 σταθμοῦ
1851 1113 1858 1124 ,

1067 1141 1136 1175 μήτε
1162 1140 1313 1175 αὐξήσεως,
1333 1141 1402 1175 μήτε
1425 1139 1598 1171 κολοΰώσεως
1614 1140 1643 1166 ὲν
1666 1141 1722 1170 τοῖς
1739 1139 1792 1165 ὑπὸ
1811 1138 1859 1165 τοῦ

1066 1185 1133 1212 Θεοῦ
1159 1186 1387 1221 μεμετρημένοις,
1411 1186 1457 1212 καί
1484 1186 1529 1212 ὑπ’
1551 1185 1633 1212 αὑτοῦ
1656 1185 1860 1220 περιεχομένοις

1065 1231 1218 1266 δυναμένης
1233 1231 1370 1265 γενέσθαι.
1395 1232 1428 1258 Εἰ
1443 1229 1488 1258 οὖν
1507 1231 1574 1266 μήτε
1600 1231 1768 1266 προσθήκην,
1789 1231 1858 1266 μήτε

1065 1277 1211 1303 ἐλάττωσιν
1224 1276 1287 1312 περὶ
1298 1277 1331 1303 τὰ
1341 1277 1405 1304 ὄντα
1418 1277 1576 1312 συμϐαίνειν
1593 1278 1609 1313 ἡ
1621 1277 1773 1313 προφητεία
1789 1285 1859 1312 μαρ-

1064 1321 1188 1356 τύρεται,
1206 1321 1313 1352 πάντως
1331 1321 1377 1348 ἐπὶ
1394 1321 1434 1356 τῷ
1453 1322 1509 1357 ἰδίῳ
1533 1322 1649 1348 ἕκαστον
1669 1321 1760 1357 μέτρῳ
1774 1321 1861 1348 εἰσαεὶ

1064 1367 1197 1402 διαμένει,
1216 1369 1265 1402 τῆς
1279 1367 1400 1403 τρεπτῆς
1416 1367 1523 1402 φύσεως
1536 1368 1585 1402 τῆς
1601 1367 1629 1394 ἐν
1645 1369 1702 1398 τοῖς
1715 1365 1776 1394 οὖσι
1792 1366 1862 1394 05w-

1067 1413 1210 1448 ρουμένης,
1228 1413 1316 1439 πάντα
1326 1414 1366 1444 εἰς
1376 1413 1478 1448 ἄλληλα
1490 1412 1720 1448 μεταϐαλλούσης,
1734 1413 1781 1439 καὶ
1792 1412 1861 1439 ἕκα-

1065 1467 1126 1486 στον
1139 1460 1179 1490 εἰς
1192 1459 1223 1485 τὸ
1234 1459 1276 1484 ἕτε
1282 1467 1327 1494 ρον
1339 1458 1498 1493 ἀλλοιούσης
1508 1479 1516 1490 ,
1529 1458 1577 1485 καὶ
1596 1459 1676 1485 πάλιν
1691 1459 1738 1484 ἀπ’
1751 1458 1860 1485 ἐκείνου

225 1513 286 1532 nem
302 1505 451 1539 acquisita,
478 1506 504 1532 in
522 1507 683 1541 qualitatem
709 1511 868 1534 terrestrem
895 1507 1013 1534 transire

1067 1504 1107 1531 διὰ
1128 1503 1279 1539 μεταϐολῆς
1304 1512 1334 1530 τε
1353 1504 1400 1530 καὶ
1414 1502 1583 1535 ἀλλοιώσεως
1603 1504 1643 1535 εἰς
1667 1503 1697 1529 τὸ
1715 1503 1747 1554 ἐς
1770 1503 1861 1538 ἀρχῆς

225 1559 256 1577 ex
275 1551 418 1586 superiore
433 1551 484 1578 olei
500 1552 627 1587 exemplo
641 1552 710 1580 satis
728 1552 914 1583 ostendimus.
931 1552 1011 1579 dein—

1064 1547 1142 1580 αὖθις
1156 1548 1357 1583 ὲπαναγούσης.
1380 1548 1451 1574 Ἀλλ’
1466 1549 1506 1575 ὅτι
1521 1548 1570 1583 μὲν
1587 1548 1601 1574 ὁ
1619 1548 1702 1583 ὑγρὸς
1719 1545 1796 1579 οὗτος
1811 1548 1861 1574 ἀτ-

225 1604 291 1630 ('cps
312 1597 541 1624 considerandum
566 1601 619 1630 est,
644 1601 735 1624 utrum
758 1598 871 1633 vaporis
899 1598 1014 1625 materia

1067 1595 1124 1630 μὸς,
1143 1595 1173 1620 ὲν
1189 1594 1227 1630 τῷ
1241 1594 1353 1629 φλογμῷ
1368 1593 1568 1629 διαγενόμενος,
1585 1594 1625 1626 εἰς
1641 1593 1690 1629 τὴν
1704 1593 1791 1628 γεώδη
1813 1601 1862 1628 με·
1888 1612 1890 1614 τ

226 1641 252 1667 in
267 1641 434 1668 contrariam
454 1642 616 1676 qualitatem
632 1650 766 1670 conversa
787 1643 912 1677 reliquia
928 1642 1015 1677 ipsius

1067 1641 1187 1668 ταὸαἰνει
1212 1641 1340 1675 ποιότητα
1352 1661 1358 1672 ,
1377 1639 1444 1676 πρὸς
1459 1640 1488 1666 τὸ
1507 1640 1587 1675 ξηρὸν
1613 1639 1793 1675 μεταϐληθεὶς
1812 1638 1858 1666 διὰ

225 1685 416 1712 cmnhttstione
426 1686 585 1714 subtiliores
597 1695 629 1715 ac
645 1688 787 1715 tenuiores
804 1688 910 1715 enectae
923 1694 1009 1722 supra

1067 1686 1116 1721 τῆς
1132 1686 1313 1721 ὲξοπτήσεως,
1333 1685 1412 1711 τοῦτο
1428 1685 1456 1711 ἐν
1474 1685 1530 1716 τοῖς
1552 1684 1716 1720 προλαὸοὖσι
1729 1683 1817 1717 λόγοις
1830 1683 1862 1709 ὲν

226 1737 337 1757 manere
356 1731 473 1765 possint.
681 1723 683 1725 I

1067 1732 1105 1766 τῷ
1129 1730 1200 1758 κατὰ
1218 1730 1249 1757 τὸ
1272 1730 1361 1756 ἔλαιον
1383 1729 1564 1764 ὑποδείγματι
1589 1729 1706 1764 μετρίως
1723 1728 1861 1763 νενόηται,

226 1779 336 1804 σκοπεῖν
349 1778 378 1805 δὲ
395 1778 425 1805 τὰ
444 1779 512 1815 μετὰ
529 1780 607 1807 τοῦτο
623 1781 767 1816 προσήκει,
781 1782 805 1808 εί
821 1781 870 1816 τῆς
888 1780 954 1817 ὕλης
969 1780 1015 1807 τοῦ
1033 1778 1121 1815 ἀτμοῦ
1142 1778 1210 1814 πρὸς
1226 1778 1276 1813 τὴν
1289 1777 1414 1804 ἐναντίαν
1437 1776 1628 1811 ἁλλοιωθείσης
1653 1776 1798 1810 ποιότητα,
1815 1775 1862 1802 δυ-

224 1824 304 1850 νατόν
315 1824 388 1850 ἐστιν
402 1825 457 1852 ἀνω
471 1826 561 1860 μένειν
574 1826 662 1853 ἐκεῖνο
677 1826 725 1853 τοῦ
741 1827 827 1862 ἀτμοῦ
844 1827 874 1853 τὺ
888 1826 1024 1862 λείψανον,
1041 1827 1081 1853 ὅτι
1094 1824 1160 1852 ποτε
1175 1824 1325 1850 κατανοεῖὸ
1335 1823 1415 1858 λόγος
1427 1823 1457 1849 τδ
1468 1823 1511 1850 διὰ
1527 1822 1576 1856 τῆς
1589 1822 1761 1856 ἐξοπτήσεως
1779 1829 1862 1856 μετα-

224 1870 346 1906 ποιηθὲν,
362 1871 429 1906 πρὸς
441 1872 471 1898 τὸ
479 1872 639 1908 λεπτότερόν
653 1881 682 1899 τε
693 1874 739 1900 καὶ
751 1873 946 1909 ἀφανέστερον.

261 1915 317 1942 Hoc
330 1920 420 1942 autem
437 1918 569 1952 exemplis
591 1918 656 1945 item
684 1919 764 1947 vobis
782 1919 940 1946 manifestis
965 1925 1014 1953 po-

225 1960 341 1988 terimus
353 1961 530 1995 investigare.
556 1961 650 1997 Neque
666 1963 739 1990 enim
760 1963 847 1999 fuligo
870 1965 915 1990 illa
929 1963 1016 1991 subti-

225 2005 331 2034 lissima
352 2010 484 2041 perpetuo
499 2006 542 2032 hic
570 2007 599 2034 in
621 2015 683 2034 aere
707 2012 850 2042 permanet
875 2008 1014 2040 sublimis,

227 2049 274 2076 sed
291 2057 339 2084 per
354 2050 426 2077 aeris
441 2050 583 2077 raritatem
598 2051 632 2078 ad
645 2056 794 2086 cognatum
817 2052 870 2080 sibi
894 2052 1016 2079 elemen-

226 2096 285 2119 tum
302 2094 452 2125 transiens,
479 2098 560 2120 terrae
585 2098 613 2122 et
637 2095 803 2129 parietibus,
824 2100 1016 2130 tectorumque

228 2135 404 2171 laquearibus
429 2136 604 2165 adhaerescit.
630 2138 708 2171 Quod
731 2139 766 2166 de
788 2139 939 2174 vaporibus
962 2139 1016 2166 illis

1103 1912 1184 1940 Ἀλλὰ
1197 1912 1250 1948 μὴν
1264 1909 1342 1946 οἶμαι
1356 1911 1469 1938 δυνατὸν
1483 1909 1552 1937 εἶναι
1563 1911 1609 1938 καὶ
1621 1914 1686 1949 περὶ
1701 1911 1805 1938 ἐκείνου
1816 1912 1860 1939 διὰ

1067 1958 1121 1985 τῶν
1132 1957 1277 1992 γνωρίμων
1290 1957 1354 1992 ὑμῖν
1369 1955 1577 1991 ὑποδεῖγμάτοιν
1590 1955 1781 1990 στοχάσασθαι.
1791 1957 1860 1984 οὐδὲ

1068 2004 1123 2039 γὰρ
1135 2002 1253 2030 ἐνταῦθα
1265 2002 1295 2028 τδ
1304 2001 1472 2036 λεπτομερὲς
1488 2001 1538 2036 τῆς
1549 2000 1657 2034 λιγνύος
1668 2001 1753 2028 εἰσαεὶ
1766 2001 1860 2037 διαμέ-

1067 2059 1109 2077 νει
1123 2049 1191 2076 κατά
1204 2049 1250 2075 τὸν
1265 2048 1334 2084 ἀέρα
1347 2047 1493 2082 μετέωρον,
1503 2046 1561 2072 ἀλλ’
1574 2046 1626 2073 ὺπδ
1637 2047 1686 2081 τῆς
1699 2047 1861 2083 ἀραιότητος

1067 2095 1115 2122 τοῦ
1130 2095 1211 2128 ἀέρος
1226 2093 1295 2129 πρὸς
1306 2093 1337 2119 τὸ
1353 2092 1484 2126 συγγενὲς
1504 2091 1660 2126 διαφύεται,
1688 2093 1723 2127 γῇ
1741 2092 1789 2118 καὶ
1802 2092 1859 2119 τεί-

1069 2150 1129 2177 χεσι
1149 2140 1196 2167 καὶ
1218 2140 1274 2170 τοῖς
1288 2137 1335 2165 τοῦ
1358 2138 1459 2173 ὀρόφου
1478 2137 1568 2170 ξύλοις
1590 2138 1857 2173 περιχρωννύμενον.

227 2189 336 2218 quoque
347 2182 523 2217 cogitandum
540 2187 593 2215 est,
604 2187 634 2210 ut
655 2183 689 2211 ad
705 2184 873 2218 superiorem
892 2183 1014 2219 igneam-

1068 2184 1173 2212 Οὐκοῦν
1187 2183 1333 2212 ἀκόλουθον
1342 2182 1390 2209 καὶ
1401 2182 1465 2217 περὶ
1477 2182 1581 2209 ἐκείνου
1593 2181 1623 2208 τὺ
1636 2179 1692 2208 ἴσον
1703 2182 1859 2214 ὑπολαϐεῖν,

228 2235 281 2263 que
293 2228 429 2263 regionem
444 2236 459 2255 a
475 2229 564 2256 ventis
573 2229 789 2264 compellantur,
810 2234 836 2257 et
848 2229 874 2256 in
896 2228 1016 2256 humida;

229 2273 367 2308 qualitatis
389 2274 606 2302 commutatione
633 2274 778 2302 materiam
812 2278 934 2306 servent,
959 2282 1017 2302 are-

229 2319 349 2354 factique
371 2318 405 2346 ad
427 2319 454 2346 id
472 2320 544 2354 quod
560 2320 601 2348 eis
616 2325 761 2356 cognatum
779 2325 820 2349 est
861 2328 893 2349 ac
916 2322 1015 2355 simile,

229 2365 409 2393 detrahantur
428 2365 558 2400 humique
583 2366 756 2394 consideant.
777 2365 916 2396 Naturalis
944 2367 1017 2395 enim

230 2410 314 2437 rebus
334 2409 462 2437 omnibus
491 2411 645 2438 attrahendi
670 2412 712 2439 vis
731 2412 814 2440 insita
831 2416 882 2445 est,
911 2415 941 2440 ut
963 2412 1016 2439 mi-

230 2455 305 2482 nime
319 2454 468 2482 absurdum
486 2455 622 2489 videatur,
647 2458 670 2485 si
685 2465 801 2493 vapores
813 2458 925 2494 quidam
946 2458 1015 2485 sicci

231 2506 263 2526 ac
288 2503 433 2527 terrestres
459 2499 560 2532 ell'ecti,
593 2506 674 2529 terra:
700 2502 816 2530 siccitati
835 2507 863 2530 et
890 2503 1016 2537 qualitati

231 2545 471 2573 commisceantur.
502 2545 581 2579 Quod
605 2548 628 2575 si
647 2555 681 2576 ex
701 2549 752 2576 olei
778 2549 894 2577 materia
915 2552 1015 2576 cuncta

231 2592 435 2624 constarent,in
443 2593 635 2622 crassitudinis
652 2595 784 2630 qualitate
802 2603 918 2630 vapores
943 2595 1018 2629 ejus-

233 2635 305 2664 modi
322 2637 350 2663 in
359 2637 477 2665 colorem
498 2639 608 2675 nigrum
619 2640 764 2668 cxustione
776 2643 1016 2673 converterentur,

233 2685 303 2708 etex
315 2682 406 2716 specie
421 2682 466 2710 illa
483 2689 642 2720 conspecta,
667 2685 734 2721 quid
751 2686 837 2718 lieret,
861 2686 949 2714 cuivis
972 2694 1017 2715 es-

234 2731 275 2755 set
288 2728 471 2763 perspicuum.
484 2729 584 2759 Verum
604 2738 668 2767 quta
686 2731 870 2760 subtilissima
889 2731 1016 2767 liquidis-

271 2814 292 2829 "
303 2815 356 2844 lsa.
373 2823 417 2849 ιι,
432 2815 475 2843 l2.

1067 2231 1109 2257 ὅτι
1131 2229 1183 2256 ὑπὸ
1204 2228 1259 2255 τῶν
1276 2228 1439 2263 πνευμάτων
1461 2227 1595 2259 ἀνωσθεὶς
1618 2227 1632 2252 ὀ
1649 2227 1735 2261 άτμὺς
1757 2227 1798 2258 εἰς
1814 2227 1861 2254 τὸν

1068 2275 1266 2311 ὑπερκείμενον
1276 2274 1323 2301 καὶ
1334 2273 1457 2308 φλογώδη
1470 2272 1569 2308 χῶρον,
1581 2272 1628 2299 καὶ
1642 2273 1670 2299 ὲν
1678 2273 1711 2308 τῇ
1724 2272 1859 2309 μεταϐολῇ

1068 2321 1119 2356 τῆς
1129 2320 1215 2356 ὑγρᾶς
1234 2319 1376 2353 ποιότητος
1387 2338 1395 2351 ,
1410 2318 1440 2344 τὸ
1453 2318 1545 2345 ὑλικὸν
1559 2317 1714 2349 διεσώσατο.
1738 2317 1818 2354 ξηρὸς
1831 2318 1861 2345 δὲ

1068 2366 1213 2401 γενόμενος
1224 2365 1293 2400 πρὸς
1308 2364 1338 2391 τὸ
1352 2365 1481 2398 συγγενὲς
1498 2363 1679 2399 καθειλκύσθη
1693 2364 1739 2390 καὶ
1753 2364 1859 2390 ἀπεκα-

1068 2412 1150 2448 τέστη
1165 2413 1210 2447 γῇ.
1232 2411 1358 2446 Ἐλκτικὴ
1373 2410 1427 2446 γὰρ
1439 2409 1494 2436 τῶν
1505 2410 1613 2437 οἰκείων
1623 2410 1738 2445 δύναμις
1752 2410 1860 2445 ἑκάστῳ

1068 2457 1123 2484 τῶν
1137 2457 1221 2484 ὄντων
1232 2457 1264 2483 ὲκ
1276 2456 1384 2490 φύσεως
1394 2455 1526 2490 ἔγκειται,
1538 2455 1576 2487 ὡς
1592 2455 1659 2491 μηδὲ
1669 2454 1721 2488 ἔξω
1733 2455 1781 2482 τοῦ
1793 2455 1859 2482 ἁκο-

1069 2502 1164 2530 λούθου
1178 2502 1227 2538 τὴν
1245 2501 1372 2536 τοιαύτην
1392 2499 1461 2528 εἶναι
1486 2501 1630 2537 ὑπόληψιν,
1648 2502 1689 2528 ὃτι
1712 2501 1794 2536 ξηρός
1816 2509 1860 2533 τις

1070 2548 1117 2575 καὶ
1127 2547 1231 2583 γεώδης
1247 2547 1261 2573 ὁ
1285 2546 1371 2581 ἀτμὸς
1382 2547 1527 2582 γενόμενος
1538 2547 1587 2581 τὴν
1602 2547 1741 2582 ποιότητα,
1757 2548 1790 2582 τῇ
1811 2546 1858 2582 ξη-

1072 2594 1164 2629 ρότητι
1177 2593 1226 2628 τῆς
1241 2593 1292 2628 γῆς
1313 2592 1476 2628 κατεμίχθη.
1493 2593 1524 2620 Εἰ
1543 2592 1591 2628 μὲν
1609 2591 1657 2620 οὖν
1676 2591 1710 2629 ἦν
1729 2592 1860 2628 ἔλαιώδης
1915 2618 1919 2619 ,

1071 2640 1146 2665 πᾶσα
1160 2639 1209 2670 τῆς
1229 2639 1315 2674 ὑγρᾶς
1333 2639 1426 2670 οὐσίας
1447 2639 1463 2674 ὴ
1490 2639 1580 2673 φύσις,
1598 2639 1707 2672 πάντως
1725 2639 1759 2666 ἂν
1775 2639 1804 2666 ὲν
1820 2639 1860 2674 τῷ

1071 2685 1226 2719 παχυμερεῖ
1240 2685 1291 2719 τῆς
1310 2685 1451 2720 ποιότητος
1467 2685 1535 2721 πρὸς
1551 2685 1582 2711 τὸ
1602 2685 1685 2720 μέλαν
1698 2685 1794 2721 ἔτρεψε
1806 2686 1861 2712 τῶν

1071 2729 1198 2758 τοιούτων
1211 2730 1306 2766 ἀτμῶν
1318 2731 1368 2765 τὴν
1383 2730 1466 2766 χρόαν
1478 2731 1494 2766 ἡ
1508 2730 1662 2767 ὲξόπτησιςο
1676 2731 1720 2759 καὶ
1734 2730 1861 2766 ἐπίδηλον
