1976 3077
98 82 142 109 1ῢῦ

683 81 716 108 ΙΝ
724 84 728 87 ’
737 79 972 126 HEXAEMERON
990 79 1102 108 LIBER.

1653 81 1703 108 1οΰ

95 144 125 169 ἄν
139 143 198 170 πᾶσι
214 142 244 168 τὸ
263 142 404 177 γινόμενον
421 140 466 178 ἦν,
490 142 534 169 διὰ
549 141 595 169 τοῦ
609 141 734 176 δέχεσθαι
758 141 788 168 τὸ
805 139 873 172 εἶδος

926 140 1048 175 simaque
1068 144 1165 167 natura
1180 140 1206 166 in
1226 139 1373 174 vaporibus
1382 144 1432 172 cst,
1449 139 1476 167 hi
1492 147 1556 168 vero
1577 147 1609 167 eo
1622 148 1702 175 quem

95 186 261 222 δεικνύμενον.
282 187 358 213 Ἐπεὶ
371 186 399 213 δὲ
411 186 442 213 τὸ
453 186 658 213 λεπτότατόνλτε
672 186 719 212 καὶ
728 185 872 212 διειδέστα-

97 242 136 259 τον
153 233 199 268 τῆς
214 233 268 259 τῶν
287 233 390 259 ὑδάτων
408 233 515 267 φύσεως
536 232 565 258 ὲν
576 233 632 263 τοῖς
650 231 746 266 ἀτμοῖς
758 231 870 265 γίνεται,

94 276 187 305 οὖτοιδὲ
198 278 266 304 κατά
282 278 327 304 τὸν
335 277 582 313 προαποδειχθέντα
590 277 667 311 λόγον
680 276 872 312 ὲναποθέμενοι

95 325 129 358 τῷ
143 323 201 358 πυρὶ
211 324 260 358 τὴν
277 323 363 358 ὑγρὰν
378 322 516 357 ποιότητα,
527 323 593 358 πρὺς
601 324 630 349 τὺ
639 323 720 358 Er,va
728 321 873 357 ἠλλοιώθη-

96 377 146 395 σαν·
154 370 255 404 ἀνάγκη
267 369 351 400 πᾶσα,
359 368 477 402 καθαρὸν
489 368 566 394 τοῦτο
577 369 624 395 καὶ
634 368 749 404 ἀερῶδες
760 367 871 399 οἴεσθαι,

93 416 130 442 ὅτι
142 415 200 441 ποτὲ
211 414 257 441 καὶ
271 412 340 441 εἴναι
350 414 415 440 αὐτὸ
427 413 653 449 καταλαμϐάνειὴ
662 413 748 440 ἔννοια
754 413 783 439 τὸ
793 414 825 448 τῇ
834 412 874 438 λε-

95 461 195 496 πτότητι
203 461 347 495 διαφεῦγον
354 460 402 496 τὴν
410 460 583 494 κατανόησιν.
598 459 629 486 Εἰ
637 459 665 486 δὲ
679 459 728 494 τῆς
735 458 782 485 τοῦ
794 459 872 492 λόγου

95 507 262 542 καταλήψεως
277 506 503 541 ἀξιοπιστοτέραν
516 505 603 532 οἴεταί
619 514 660 537 τις
673 505 722 540 τὴν
737 504 872 539 αἴσθησιν,

95 553 136 579 καὶ
148 552 222 587 ζητεῖ
237 551 276 586 τῷ
296 550 427 586 ὀφθαλμῷ
441 551 503 582 τοὺς
517 551 630 585 ἀμερεῖς
648 558 677 575 τε
694 549 742 575 καὶ
758 549 872 582 ἀφανεῖς

94 597 203 629 ἐκείνους
225 597 322 631 ὄγκους
352 595 519 623 θεάσασθαι·
542 595 631 628 ἔξεστι
656 594 694 630 τῷ
718 594 872 629 βουλομένῳ

94 642 179 670 ναστὸν
189 643 243 669 τῶν
252 642 380 670 τοιούτων
394 642 494 677 μορίων
506 641 552 668 τὸν
565 641 635 677 ἀέρα
648 641 723 672 ἰδεῖν,
736 641 800 667 ὅταν
812 641 872 666 εἰσ-

94 689 192 724 χεθεῖσα
209 688 252 716 διὰ
266 688 372 724 θυρίδος
386 687 468 718 αὐτὸς
479 707 486 718 ,
504 686 680 722 ἐκδηλότερον
702 687 801 721 ποιήσῃ
825 685 871 712 τοῦ

93 735 167 770 ἀέρος
185 735 274 761 ἐκεῖνο
286 753 293 765 ,
317 734 379 760 ὅσον
402 733 435 760 ἂν
458 733 502 760 διὰ
527 733 575 767 τῆς
593 733 679 767 αὐγῆς
697 732 871 768 καταλάμψῃ.

96 781 126 807 '0
136 780 184 815 γὰρ
201 780 229 805 ἐν
242 778 281 814 τῷ
298 777 384 813 λοιπῷ
398 778 458 813 ἀέρι
473 779 528 808 τοῖς
542 776 689 811 ὀφθαλμοῖς
704 777 776 803 ἐστιν
789 777 872 810 ἀνέφι-

96 833 179 856 ικτον,
211 823 289 850 τοῦτο
316 823 359 849 διὰ
383 823 432 857 τῆς
461 823 570 852 ἀκτῖνος
600 822 694 856 ὁρᾶται
720 822 748 846 ἐν
778 820 872 856 πλήθει

92 871 189 906 ἀπείρῳ
208 870 277 896 κατά
293 869 338 895 τὸν
354 869 422 904 ἀέρα
442 868 636 903 στρεφόμενον.
657 869 686 893 '0
697 865 743 899 οὖν
754 867 872 902 ἐπισχὼν

91 917 189 948 τούτοις
199 916 245 943 τὸν
259 914 405 950 ὀφθαλμὸν,
422 914 532 949 εὑρήσει
547 913 590 939 ἀεὶ
610 913 677 948 πρὸς
691 912 721 938 τὸ
736 912 811 938 κάτω
824 912 873 946 τὴν

92 962 144 989 τῶν
163 961 268 988 λεπτῶν
283 961 397 987 ἐκείνων
414 959 500 995 φορὰν
517 959 731 994 καταρρέουσαν.
752 958 788 984 Τὸ
804 958 832 984 δὲ
845 959 874 984 ἐν

91 1007 129 1042 τῷ
149 1007 224 1042 μέρει
248 1006 295 1032 τοῦ
317 1005 396 1041 ἀέρος
410 1004 584 1040 δεικνύμενον
598 1003 735 1035 ἀπόδειξίς
754 1005 811 1030 sas:
826 1003 872 1029 τοῦ

53 1058 61 1063 "
91 1054 136 1080 καὶ
152 1053 179 1078 ὲν
195 1051 234 1087 τῷ
257 1051 338 1084 παντὶ
353 1050 523 1087 τδητοιοῦτον
542 1047 629 1080 εἶναι,
644 1049 738 1084 ἐπειδὴ
762 1049 873 1083 συνεχές

52 1106 55 1110 ·
92 1099 148 1124 ἐστι
161 1097 189 1124 τὸ
204 1097 258 1123 πᾶν
280 1095 367 1131 ἑαυτῷ
378 1116 385 1128 ,
397 1096 444 1122 καὶ
459 1096 491 1122 ὲκ
506 1095 595 1132 μερῶν
622 1094 829 1130 συμπληροῦται
844 1094 874 1120 τὸ

91 1143 158 1170 ὅλον.
179 1143 210 1169 Ei.
224 1142 252 1168 δὲ
267 1142 381 1169 πάντοτε
403 1142 420 1177 ἡ
436 1141 491 1168 τῶν
503 1141 610 1167 λεπτῶν
627 1140 729 1167 τούτων
750 1140 797 1166 καὶ
810 1140 874 1166 ἀτό-

93 1197 149 1223 μων
160 1188 229 1223 φορὰ
244 1187 288 1214 διὰ
307 1187 353 1213 τοῦ
367 1187 447 1222 ἀέρος
460 1186 506 1212 ἐπὶ
519 1186 568 1221 τὴν
581 1186 633 1221 γῆν
647 1185 802 1220 καταρῤέει,
820 1193 873 1218 φα-

91 1234 167 1270 νερδν
179 1234 207 1260 δὲ
221 1234 261 1260 ὅτι
277 1233 309 1259 οὺ
326 1233 356 1260 τὸ
377 1233 496 1268 αἰθέριον
507 1229 576 1264 εἶδος
596 1233 636 1264 εἰς
656 1231 742 1258 ταῦτα
756 1230 874 1267 θρυπτό-

93 1287 170 1314 μενον
187 1278 370 1304 διασκίδναται
383 1277 447 1313 (τὴν
460 1277 514 1312 γὰρ
526 1278 566 1308 εἱς
579 1276 614 1303 τά
633 1275 718 1302 λεπτά
735 1275 833 1310 θρύψιν
844 1283 874 1301 τε

91 1325 138 1351 καὶ
148 1324 267 1359 διάχυσιν
279 1325 296 1359 ἡ
308 1324 354 1350 τοῦ
367 1323 453 1360 πυρὸς
467 1323 547 1357 φύσις
558 1322 588 1349 οὺ
605 1322 702 1356 πάσχει
713 1321 723 1356 )
737 1329 745 1337 θ
765 1321 874 1355 ἀνάγκη

91 1371 164 1398 πᾶσα
179 1369 289 1396 ἐκείνων
304 1371 353 1404 τὴν
373 1369 438 1404 ὕλην
462 1368 586 1395 κατιέναι
610 1367 759 1398 πιστεύειν,
773 1363 811 1392 ὧν
825 1365 874 1399 τὴν

90 1414 181 1441 ἄνοδον
195 1414 209 1440 ὁ
221 1413 299 1446 λόγος
314 1412 359 1439 διὰ
370 1413 424 1439 τῶν
441 1412 535 1448 ἀτμῶν
549 1412 712 1448 ἐθεώρησεν,
723 1410 793 1437 ὥστε
804 1409 875 1445 ὑγρὰ

91 1459 142 1494 μὲν
155 1458 220 1484 ὅντα
243 1458 296 1484 ὑπὸ
316 1457 366 1492 τῆς
381 1457 485 1493 θερμῆς
500 1457 661 1483 ἀνέλκεσθαι
684 1455 791 1490 φύσεως
802 1475 809 1487 ,
826 1455 873 1481 ὲκ-

89 1503 224 1532 καυθέντα
242 1503 271 1530 δὲ
287 1503 332 1530 καὶ
342 1503 429 1538 γεώδη
445 1503 589 1538 γενόμενα,
605 1502 702 1538 μηκέτι
717 1502 745 1527 ὲν
758 1501 796 1535 τῷ
812 1500 877 1536 πυρὶ

89 1549 256 1584 κρατεῖσθαι,
270 1549 336 1576 ἀλλά
348 1548 415 1584 πρὸς
422 1548 471 1583 τὴν
481 1549 531 1583 γῆν
543 1548 621 1575 πάλιν
634 1545 875 1573 ἀποκαθίστασθαι.

91 1596 227 1631 Καθάπερ
242 1595 270 1622 δὲ
294 1596 343 1630 τῆς
367 1596 396 1621 ὲν
417 1595 483 1629 ἡμῖν
505 1594 609 1631 τροφῆς
634 1595 674 1625 εἰς
697 1593 798 1628 λεπτήν
817 1600 878 1618 τινα

89 1641 222 1675 ποιότητα
242 1640 285 1667 διὰ
298 1640 347 1675 τῆς
364 1639 472 1674 πέψεως
492 1639 694 1673 ἀλλοιωθείσης,
709 1634 731 1671 ᾧ
746 1637 779 1664 ἂν
792 1638 877 1672 ὲμπε-

92 1687 170 1714 λὰσει
183 1687 226 1713 διά
242 1687 289 1722 τῆς
303 1686 454 1717 ἀναδόσεως
469 1685 547 1721 μέρει
560 1685 608 1711 τοῦ
621 1684 756 1719 σώματος,
774 1683 877 1710 ἐκείνου

90 1730 234 1765 προσθήκη
242 1729 272 1756 τὸ
282 1729 470 1764 ἀναδιδόμενον
478 1729 591 1762 γίνεται,
609 1729 652 1755 ut
664 1728 788 1763 ποικίλης
795 1727 878 1762 οὔσης

88 1776 119 1802 ἐν
132 1777 165 1811 τῇ
175 1776 302 1802 συστάσει
310 1775 357 1801 τοῦ
366 1774 490 1810 σώματος
497 1774 545 1809 τῆς
552 1774 605 1800 τῶν
617 1773 704 1808 μελῶν
711 1773 840 1808 διαφορᾶς
850 1773 878 1799 ὲν

86 1821 128 1856 τῷ
137 1820 213 1855 ξηρῷ
221 1829 250 1846 τε
259 1820 305 1847 καὶ
320 1819 405 1854 ὑγρῷ,
418 1819 463 1845 καὶ
477 1818 515 1854 τῷ
524 1818 628 1845 καίοντι
641 1819 687 1844 καὶ
701 1817 740 1852 τῷ
750 1817 876 1852 ψύχοντι·

87 1866 155 1901 παρ’
172 1862 210 1891 ὦν
225 1865 257 1891 ἂν
271 1864 383 1898 γένηται
396 1863 426 1890 τὸ
440 1864 491 1898 τῆς
510 1864 612 1898 τροφῆς
631 1863 722 1898 μέρος,
735 1864 822 1889 ἐκεῖνο
837 1863 879 1897 γί-

86 1919 178 1940 νεται,
198 1910 213 1936 ὃ
235 1910 265 1936 τὺ
288 1909 466 1944 ὑποκείμενον
484 1908 553 1935 κατὰ
572 1908 652 1942 φύσιν
669 1909 742 1935 ἐστὶν
762 1908 811 1942 (τὸ
826 1908 879 1942 γὰρ

87 1955 259 1989 ἐπικρατοῦν
275 1954 410 1990 εὐκαίρως
430 1954 478 1990 τὴν
494 1953 648 1989 λεπτότητα
664 1955 713 1989 τῆς
729 1954 879 1985 ἀναδόσεως

83 2000 182 2035 ἑαυτῷ
197 1999 407 2035 προσῳκείωσε)
419 2007 427 2016 ο
445 1999 490 2025 τὸν
509 1999 590 2026 αὐτὸν
605 1999 706 2035 τρόπον
716 1998 880 2034 ἀνεπαίσθη-

85 2055 136 2078 τος
155 2046 261 2080 γίνεται
286 2045 330 2071 διὰ
351 2045 405 2072 τῶν
424 2045 535 2080 ἀμερῶν
559 2045 671 2077 ἐκείνων
693 2045 782 2079 δγκων
804 2045 820 2080 ἡ
837 2044 880 2072 ἀεὶ

84 2090 221 2125 γινομένη
231 2091 264 2125 τῇ
276 2091 310 2125 γῇ
323 2089 475 2125 προσθήκη.
490 2089 650 2117 Διότιπαντὶ
663 2089 700 2125 τῷ
709 2090 880 2125 ὑποκειμένῳ

85 2135 260 2170 συμφυέντα,
273 2135 341 2170 ὅπερ
355 2135 388 2162 ἂν
399 2135 458 2162 κατ’
472 2134 591 2172 οὐσίανῇ
607 2135 637 2162 τὸ
647 2135 798 2170 δεχόμενον,
813 2135 876 2170 πρὸς

932 2147 977 2172 na,
997 2140 1066 2174 lapis
1090 2140 1118 2167 in
1144 2140 1243 2174 lapide,
1261 2144 1288 2167 et
1307 2140 1334 2167 in
1361 2140 1490 2168 universo
1504 2140 1672 2174 universum,
1686 2146 1714 2168 ct
1760 2156 1763 2157 ν
1786 2151 1797 2152 ί

86 2181 203 2216 εκείνην
216 2181 348 2216 ἠλλοιὼοη
370 2181 419 2216 τὴν
438 2181 530 2215 φύσιν,
552 2182 599 2208 καὶ
612 2181 720 2216 ἐγένετο
743 2181 828 2216 βῶλος
851 2182 879 2208 ἐν

85 2226 183 2262 βώλῳ.
201 2227 247 2253 καὶ
261 2226 375 2262 ψάμμος
389 2226 417 2252 ἐν
425 2227 540 2262 ψάμμῳ.
554 2227 601 2253 καὶ
615 2227 727 2260 λίθοςίέν
739 2227 820 2262 λίθῳ,
835 2227 880 2254 καὶ

84 2273 117 2300 ὲν
131 2273 218 2309 παντὶ
229 2273 293 2306 πᾶν,
307 2272 403 2306 ὅτιπερ
415 2273 448 2298 ἂν
459 2272 527 2308 τύχῃ
542 2272 596 2298 τῶν
612 2273 796 2307 στερῤοτέρων
805 2273 881 2305 δεξὰ-

85 2326 185 2352 μενον,
206 2318 273 2353 πρὸς
285 2317 316 2343 τὸ
341 2317 507 2352 ἐπικρατοῦν
524 2316 664 2352 μετετέθη.
681 2317 712 2343 Εἰ
729 2317 757 2343 δὲ
776 2317 879 2343 δυσπα-

85 2364 225 2398 ρὰδεκτον
243 2362 327 2389 οἴεταί
348 2371 388 2395 τις
415 2362 462 2389 τοῦ
487 2362 559 2388 λίθου
583 2362 632 2396 τὴν
650 2362 811 2389 ἀντιτυπίαν
831 2362 881 2397 τῆς

82 2409 221 2443 τοιαύτης
242 2409 409 2443 προσθήκης,
429 2408 480 2434 κᾶν
494 2409 508 2434 ὁ
522 2408 599 2442 λόγος
611 2407 641 2433 τὸ
653 2407 796 2434 ἀκόλουθον
812 2407 862 2442 ἔχῃ
872 2427 879 2437 ,

82 2456 168 2489 ὅμως
184 2454 239 2488 ἐγὼ
253 2454 320 2489 πρὸς
335 2454 397 2485 τοὺς
410 2454 497 2481 ταῦτα
515 2454 678 2489 φρονοῦντας
691 2474 698 2484 ,
711 2454 787 2480 οὐδὲν
805 2452 880 2488 οἶμαι

81 2502 145 2529 δεῖν
160 2501 369 2536 ἀντιμάχεσθαι.
383 2501 466 2528 Οὐδὲν
477 2501 531 2537 γὰρ
545 2501 599 2534 ἓξει
611 2502 643 2528 τὸ
651 2501 725 2531 εἰκὸς
739 2502 755 2536 ἡ
770 2501 880 2536 θεωρία,

79 2549 133 2575 διὰ
151 2548 320 2582 πνευμάτων
334 2547 387 2574 ἀπὸ
409 2547 456 2573 τοῦ
469 2547 505 2582 μὴ
523 2547 731 2582 περιδεχομένου
742 2566 749 2576 ,
766 2546 833 2581 πρὸς
853 2546 882 2572 τδ

82 2592 286 2627 συμφυόμενον
299 2592 348 2626 τῆς
357 2593 464 2619 ἄνωθεν
472 2591 520 2619 τοῦ
530 2591 646 2626 γεώδους
657 2591 785 2626 ἐπιρροῆς
799 2599 882 2625 μετα-

79 2637 259 2672 πιπτούσης.
269 2637 339 2664 Ἀλλ’
347 2639 405 2672 ἐρεῖ
412 2646 453 2669 τις
462 2637 526 2669 ἴσως
535 2637 571 2672 μὴ
581 2637 647 2671 πρὸς
656 2637 700 2662 τὸν
711 2636 774 2662 ἴδιον
783 2635 882 2662 σκοπὸν

80 2684 205 2720 βλέπειν
215 2684 261 2710 sit:
269 2683 346 2717 λόγον
359 2685 375 2718 ή
381 2683 447 2718 μῶν,
456 2682 524 2710 ἀλλά
532 2682 679 2718 προθέσθαι
689 2681 738 2717 μὲν
745 2681 883 2713 ἀποδεῖξαι

77 2730 140 2765 τὴν
149 2728 238 2764 ὑγρὰν
251 2729 331 2763 φύσιν
340 2729 385 2755 ἐπὶ
393 2728 440 2754 τοῦ
448 2728 478 2760 ἐξ
490 2729 576 2764 ἀρχῆς
587 2728 684 2763 μέτρου
692 2727 772 2762 μέχρι
785 2726 883 2758 παντὸς

76 2775 288 2811 διαμέιουσαν,
304 2774 396 2801 λαθεῖν
411 2774 441 2800 δὲ
457 2775 489 2800 τὶλ
502 2774 620 2801 ἐναντίον
638 2773 882 2810 κατασκευάζοντα.

194 2822 327 2851 ΡΔτιιιιι.
353 2821 410 2850 Gn.
432 2820 535 2852 XLIV.

924 195 1009 221 supra
1025 187 1144 214 diximus
1162 185 1253 219 modo,
1273 186 1300 212 in
1318 186 1379 220 igne
1387 186 1468 220 positi
1481 187 1639 221 qualitatem
1653 187 1703 213 hu-

923 230 1023 257 midam
1034 231 1059 257 in
1069 231 1170 258 siccam
1178 234 1349 261 convertunt,
1357 237 1470 258 necesse
1477 235 1528 263 est,
1537 235 1566 258 ιιι
1572 232 1704 266 quidquid

922 275 988 302 illud
1007 275 1100 306 fuerit.
1112 277 1185 311 quod
1199 283 1231 304 ex
1247 276 1301 304 illis
1314 276 1454 303 redactum
1469 277 1560 304 animo
1580 285 1702 312 compre-

923 318 1107 352 henderimus,
1117 328 1215 356 purum
1231 324 1258 348 et
1268 327 1376 348 aereum
1386 319 1498 354 aliquid,
1513 320 1584 354 quod
1598 321 1705 348 subtili-

923 370 978 393 tate
997 373 1046 393 sua
1065 366 1247 401 cognitionem
1262 365 1380 402 eli‘ugiat,
1396 366 1556 401 cogitemus.
1573 365 1620 394 Sin
1633 367 1706 401 quis-

923 411 994 446 piam
1014 413 1107 439 sensui
1123 413 1209 446 magis
1224 419 1304 447 quam
1320 412 1418 439 rationi
1435 411 1599 439 credendum
1619 416 1704 446 putat,

924 457 1076 492 qmeritque
1094 457 1182 484 oculis
1196 457 1335 484 individua
1354 464 1386 484 ac
1400 464 1470 484 caeca
1483 457 1528 484 illa
1545 458 1706 491 corpuscula

923 502 1057 534 contueri,
1077 503 1100 530 is
1118 502 1217 537 poterit
1238 510 1326 530 aerem
1343 502 1444 530 talibus
1460 503 1601 537 particulis
1621 503 1706 530 refer-

923 551 980 575 tum
995 548 1129 583 aspicere,
1147 549 1256 583 quando
1267 548 1335 575 radii
1350 549 1417 576 solis
1433 557 1480 583 per
1497 548 1644 576 fenestram
1660 556 1707 576 ex-

925 594 1006 628 cepti,
1039 601 1099 621 eam
1125 594 1196 621 aeris
1223 598 1326 629 partem
1356 593 1499 621 clariorem
1530 594 1705 625 reddiderint.
1729 619 1731 637 ί

924 647 984 674 quae
1003 640 1147 674 splendore
1172 639 1254 667 fuerit
1276 640 1421 668 illustrata.
1440 640 1490 668 llic
1508 640 1579 668 enim
1601 641 1705 668 inlinita
1728 647 1729 660 ι

924 685 1152 720 corpusculorum
1168 686 1195 712 in
1210 693 1274 713 aere
1287 685 1456 713 volitantium
1474 686 1628 717 multitudo,
1647 694 1707 720 quae

924 730 951 757 in
968 731 1073 765 reliquo
1090 731 1161 758 aeris
1176 732 1264 766 spatio
1282 732 1369 759 oculis
1383 732 1456 759 cerni
1474 739 1527 758 non
1549 736 1646 766 potest,
1661 738 1704 758 ra-

924 775 1185 815 diorumrbenclicio
1203 778 1374 812 perspicitur.
1392 777 1420 804 Si
1440 778 1501 812 quis
1518 777 1600 812 igitur
1620 778 1705 804 aciem

887 814 909 841 Β
922 814 1062 849 oculorum
1091 822 1246 856 intenderit,
1261 824 1423 857 corpuscula
1447 823 1490 850 illa
1509 823 1619 850 subtilia
1637 823 1706 850 assi~

924 867 977 894 due
996 867 1142 896 deﬂuentia
1157 868 1284 895 deorsum
1306 869 1371 895 ferri
1391 869 1548 903 conspiciat.
1566 868 1643 901 Quod
1658 876 1708 895 au»

923 916 976 939 tem
993 913 1019 939 in
1036 919 1087 940 una
1101 917 1177 948 parte
1193 914 1265 941 aeris
1278 914 1441 945 ostenditur,
1456 914 1556 941 iudicio
1567 919 1619 946 est,
1635 914 1706 941 idem
1751 938 1756 939 ,

923 959 950 984 in
968 958 1094 985 universo
1119 959 1219 985 mundo
1240 959 1308 990 ﬁeri,
1328 959 1461 994 siquidem
1484 960 1554 987 inter
1572 967 1601 987 se
1620 960 1708 986 conti-

924 1011 994 1031 nuus
1009 1008 1061 1034 est,
1081 1009 1108 1031 et
1128 1013 1160 1032 ex
1188 1005 1310 1039 partibus
1330 1010 1500 1040 compactus.
1516 1006 1601 1033 Porro
1625 1006 1648 1034 si
1669 1011 1708 1033 te-

923 1049 987 1076 nuia
1004 1049 1060 1076 huic
1077 1050 1270 1085 individuaque
1287 1051 1460 1085 corpuscula,
1478 1059 1538 1086 qua:
1550 1051 1576 1078 in
1593 1059 1656 1079 aere
1666 1052 1705 1086 ja-

924 1099 1042 1127 ctantur,
1058 1096 1084 1122 in
1103 1099 1203 1123 terram
1223 1095 1366 1123 deﬂuunt:
1387 1100 1546 1131 certumque
1566 1101 1608 1125 est
1626 1098 1708 1124 aethe-

924 1140 992 1167 riam
1019 1141 1137 1175 speciem
1163 1148 1217 1168 non
1244 1141 1361 1176 discerpi
1388 1141 1415 1168 in
1439 1150 1470 1169 ea
1495 1149 1545 1169 nec
1568 1142 1708 1177 dissipari.

924 1187 1033 1221 quando
1061 1186 1275 1217 contractionem
1298 1192 1378 1222 atque
1398 1187 1557 1215 effusionem
1574 1187 1708 1222 ejusmodi

924 1239 978 1259 non
990 1232 1093 1266 patitur
1106 1232 1176 1267 ignis
1192 1237 1287 1259 natura
1300 1242 1307 1259 :
1328 1240 1440 1260 necesse
1452 1237 1491 1260 est
1511 1237 1540 1260 ut
1553 1234 1708 1265 credamus,

924 1277 1065 1305 materiam
1085 1285 1147 1306 esse
1164 1278 1271 1306 illorum
1289 1286 1430 1313 vaporum,
1447 1286 1562 1313 quorum
1579 1279 1709 1315 digestio-

924 1331 986 1350 nem
1003 1327 1066 1351 ante
1082 1323 1336 1350 consideravimus:
1355 1324 1401 1358 qui
1417 1331 1480 1350 cum
1495 1324 1598 1351 humidi
1614 1324 1680 1357 sint,
1693 1332 1709 1351 a

924 1367 1012 1394 calida
1032 1368 1208 1395 attrahuntur
1229 1372 1338 1400 natura,
1358 1369 1503 1404 exnstique
1516 1376 1548 1396 ac
1564 1373 1709 1398 terrestres

925 1411 1025 1444 eﬁ‘ecti.
1038 1420 1091 1440 non
1105 1413 1222 1447 amplius
1234 1413 1261 1440 in
1271 1421 1334 1441 aere
1344 1414 1528 1447 continentur,
1539 1414 1586 1442 scd
1600 1423 1708 1442 rursum

927 1458 955 1484 in
971 1462 1072 1485 terram
1086 1463 1272 1486 revertuntur.
1283 1459 1515 1492 Quemadmodum
1529 1464 1618 1488 autem
1633 1461 1711 1488 cibus

929 1503 956 1529 in
981 1503 1060 1530 nobis
1086 1511 1135 1538 per
1158 1504 1362 1532 concoctionem
1388 1505 1416 1532 in
1439 1509 1546 1532 tenuem
1565 1506 1710 1540 quamdam

928 1550 1086 1585 qualitatem
1103 1550 1271 1582 immutatur,
1291 1554 1318 1579 et
1336 1543 1491 1586 cuicunque
1504 1552 1628 1587 corporis
1641 1553 1711 1587 parti

928 1603 977 1631 per
992 1595 1171 1630 digestionem
1194 1597 1352 1628 accesserit,
1367 1604 1426 1625 earn
1442 1601 1533 1632 auget,
1552 1605 1667 1633 cumque
1683 1598 1711 1626 in

929 1641 1053 1674 corporis
1068 1641 1264 1669 constitutione
1280 1641 1356 1668 varia
1373 1641 1409 1669 sit
1423 1641 1604 1669 membrorum
1619 1643 1646 1669 in
1662 1642 1713 1670 sic-

929 1694 961 1714 co
976 1691 1003 1713 et
1017 1686 1140 1719 humido.
1157 1692 1184 1714 et
1199 1687 1288 1714 calido
1304 1691 1332 1714 et
1348 1686 1447 1721 frigido
1463 1687 1623 1721 dill‘erentia,
1644 1696 1711 1723 quo—

928 1740 1036 1767 cunque
1063 1738 1213 1761 coucoctus
1241 1734 1419 1768 digestusque
1447 1734 1616 1768 pervenerit,
1649 1735 1711 1762 talis

928 1778 1028 1810 evadit,
1046 1779 1135 1814 qualis
1154 1783 1196 1806 est
1212 1786 1244 1806 ea
1265 1779 1390 1814 corporis
1403 1786 1466 1814 pars
1483 1786 1498 1806 a
1522 1787 1574 1815 qua
1596 1781 1712 1816 suscipi-

929 1829 983 1856 tur,
998 1832 1059 1859 qnae
1076 1825 1186 1860 quidem
1206 1828 1358 1859 opportune
1377 1825 1536 1853 tenuitatem
1554 1826 1713 1861 digestionis

929 1870 1145 1904 comprehendit.
1159 1877 1273 1904 eamque
1286 1869 1337 1898 sibi
1349 1871 1546 1902 accommodat,
1558 1875 1585 1898 et
1598 1871 1712 1898 similem

930 1918 961 1938 ac
976 1912 1114 1947 propriam
1128 1912 1215 1940 reddit
1231 1913 1346 1940 :eodem
1361 1918 1438 1948 pacto
1451 1914 1515 1941 licet
1533 1922 1586 1942 non
1609 1915 1712 1942 sentia-

929 1961 984 1989 tur,
1007 1958 1117 1985 assidua
1142 1963 1220 1986 terrae
1239 1958 1268 1985 ﬁt
1296 1960 1418 1987 accessio
1441 1967 1489 1993 per
1508 1960 1646 1988 individua
1667 1960 1712 1988 illa

930 2003 1103 2037 corpuscula.
1124 2003 1306 2036 Quamobrem
1327 2005 1458 2039 quidquid
1478 2005 1576 2033 alicubi
1593 2007 1714 2035 cohaese-

930 2048 976 2080 rit,
995 2052 1022 2076 et
1037 2049 1180 2080 coaluerit,
1198 2048 1271 2077 illius
1289 2050 1374 2084 partis
1393 2057 1408 2076 a
1421 2057 1475 2084 qua
1490 2055 1645 2085 susceptum
1660 2057 1712 2082 est,

932 2097 1058 2121 naturam
1074 2094 1159 2125 subit,
1175 2094 1259 2129 litque
1272 2095 1350 2130 gleba
1364 2095 1391 2122 in
1408 2095 1498 2129 gleba,
1518 2103 1600 2124 arena
1615 2097 1642 2123 in
1653 2104 1714 2124 are-

929 2185 1113 2221 quodcunque
1131 2185 1213 2213 fuerit
1231 2185 1360 2217 solidum,
1376 2185 1441 2212 illud
1453 2193 1467 2212 a
1485 2193 1540 2220 quo
1552 2186 1713 2220 suscipitur,

930 2229 957 2256 in
976 2230 1096 2263 ejusdem
1112 2233 1237 2258 naturam
1253 2234 1446 2258 commutatur.
1463 2230 1541 2262 Quod
1564 2231 1586 2257 si
1609 2232 1671 2265 quis
1687 2231 1713 2258 in

930 2274 1018 2308 lapide
1034 2278 1145 2308 propter
1161 2274 1290 2302 duritiam
1305 2280 1381 2310 putet
1395 2283 1456 2303 esse
1469 2275 1586 2308 diﬂicile,
1606 2276 1668 2303 licet
1687 2276 1714 2304 id

929 2321 1018 2355 ipsum
1042 2321 1112 2347 ratio
1135 2321 1308 2355 persuadeat,
1331 2329 1381 2356 ego
1402 2325 1491 2349 tamen
1514 2329 1576 2348 cum
1597 2322 1644 2349 illo
1659 2329 1714 2348 non

930 2365 1085 2392 dt-certabo.
1104 2364 1286 2392 Nihilominus
1302 2366 1374 2393 enim
1386 2365 1554 2397 conﬁciatur,
1568 2365 1640 2399 quod
1652 2372 1715 2399 pro-

930 2410 1046 2445 positum
1061 2414 1112 2442 est,
1125 2417 1185 2437 cum
1197 2411 1336 2438 terrestris
1349 2410 1463 2437 materia
1476 2410 1603 2437 deorsum
1616 2409 1713 2441 (luens,

931 2463 945 2482 a
962 2455 1084 2490 partibus
1099 2463 1158 2482 eam
1178 2463 1232 2482 non
1253 2455 1465 2489 suscipientibus
1482 2455 1516 2481 ad
1531 2455 1715 2490 suscipientes

932 2509 946 2527 a
961 2501 1047 2528 ventis
1060 2499 1252 2528 transieratur.
1266 2500 1299 2527 At
1313 2501 1413 2535 aliquis
1424 2500 1495 2527 dicet
1513 2500 1640 2531 fortasse,
1656 2507 1715 2526 ora-

932 2547 1032 2574 tionem
1045 2552 1165 2573 nostram
1180 2553 1235 2573 non
1251 2553 1284 2573 eo
1301 2546 1422 2578 tendere,
1435 2554 1489 2580 quo
1500 2545 1692 2581 proposuimus
1706 2554 1712 2572 :

932 2592 1011 2620 nobis
1034 2592 1107 2619 enim
1132 2591 1217 2620 fuisse
1245 2592 1429 2626 propositum,
1459 2596 1489 2618 ut
1509 2591 1715 2619 ostenderemus

933 2645 1031 2673 aquam
1046 2645 1154 2673 semper
1171 2639 1197 2665 in
1208 2645 1239 2665 ea
1252 2645 1391 2670 mensura,
1405 2646 1485 2673 quam
1496 2638 1574 2665 initio
1585 2637 1713 2668 obtinuit,

934 2690 1112 2717 permanere;
1131 2681 1315 2717 imprudenter
1329 2687 1418 2714 autem
1436 2684 1500 2711 illuc
1513 2691 1573 2711 esse
1590 2689 1715 2716 progres-

934 2735 990 2759 sos,
1013 2731 1043 2754 ut
1053 2729 1221 2755 contrarium
1239 2728 1482 2756 conlirmarcmus:
1504 2729 1560 2756 sive
1582 2727 1652 2753 enim
1673 2726 1716 2752 di-

935 2773 1002 2808 gesti
1016 2779 1131 2806 vapores
1150 2772 1178 2799 in
1200 2772 1260 2808 igne
1275 2773 1445 2806 considcant,
1467 2773 1524 2800 sive
1547 2773 1715 2798 revertantur

1555 2817 1572 2842 4
