1976 3077
284 103 294 129 Ι
301 104 333 130 ιιἸ

892 106 925 135 5.
945 105 1109 135 GllEGOBIl
1123 105 1267 134 ΝἴδδΕΝΙ

1862 111 1915 140 108

283 169 309 194 in
319 170 423 194 terram
438 175 444 192 :
464 169 578 199 utraque
602 173 630 192 re
648 165 855 194 diminutionem
870 174 948 202 aquae
967 167 1059 202 parite]

1119 165 1181 193 Εἴτε
1194 166 1248 202 γὰρ
1259 167 1289 193 ἐν
1303 166 1343 202 τῷ
1358 166 1426 202 πυρὶ
1439 166 1470 194 τὺ
1485 166 1676 202 ἀναδιδόμενον
1693 168 1778 202 μένοι,
1792 169 1847 195 εἴτε
1865 170 1912 198 καὶ

281 212 368 246 sequi,
384 218 470 245 eaque
485 211 544 245 ipso
566 211 672 246 copiam
695 219 827 246 aquarum
848 212 970 243 ostendi,
995 211 1067 247 quod

280 257 393 284 omnino
421 264 528 292 semper
551 257 741 284 absumantur.
767 257 958 286 Necessarium
985 258 1068 293 igitur

280 303 342 334 erit,
359 307 388 329 ut
403 309 495 329 rerum
507 307 633 330 naturam
655 304 752 330 iterum
774 303 990 335 consideremus,
1011 310 1067 338 quo

281 347 432 382 disputatio
451 351 545 375 nostra
561 347 663 376 rectius
686 355 733 382 per
749 348 835 383 ipsam
853 347 887 375 ad
907 349 986 375 linem
1003 355 1066 383 pro-

280 393 398 427 positum
416 393 592 428 perducatur.
772 390 781 393 “

316 530 445 564 Quaenam
463 530 546 566 igitur
560 534 603 557 cst
625 537 716 557 rerum
737 531 853 557 natura?
870 530 940 558 Nihil
957 538 1066 564 eorum,

280 584 342 611 qua:
365 580 515 603 cernuntur
541 576 638 602 ordine
664 581 763 602 terram
789 576 904 607 ambire.
925 580 1066 606 constans,

281 623 399 653 lirmum,
420 627 446 649 et
470 622 640 649 immutabile
665 621 846 649 constitutum
870 626 912 648 cst
936 629 950 648 a
975 629 1066 648 rerum

278 668 400 695 omnium
416 668 513 703 opiﬁce
538 667 614 695 Deo:
635 667 683 694 sed
701 667 792 694 omnia
808 668 882 694 inter
897 674 926 694 se
945 667 1067 694 vicissim

280 718 493 742 commutantur.
507 714 580 741 Inest
593 714 666 741 eni
681 713 804 748 quedam
818 713 871 745 vis,
884 713 964 748 cujus
976 720 1069 748 perpe-

281 764 328 786 tuo
342 759 461 794 quodam
482 759 510 786 in
526 758 620 786 orbem
639 762 714 785 motu
738 761 839 785 cuncta
861 757 918 784 hare
937 757 1067 785 inferiora

280 805 516 838 circumaguntur,
538 807 565 831 et
580 807 782 838 permutantur,
798 810 962 838 rursumque
981 803 1008 830 in
1025 810 1066 830 se-

1118 211 1254 248 ξηρανθὲν
1262 211 1343 240 πάλιν
1349 213 1396 239 ἐπὶ
1404 212 1453 247 τὴν
1464 213 1515 248 γῆν
1526 213 1714 248 ἑπανέρχοιτο,
1724 214 1769 248 ἴση
1781 214 1841 241 καθ’
1849 215 1913 242 ἑκά-

1120 266 1199 294 τερον
1209 259 1226 294 ἠ
1245 258 1292 285 τοῦ
1305 258 1400 290 ὓδατος
1411 259 1560 290 ἐλάττωσις
1574 258 1652 285 ἔσται
1661 267 1667 274 ·
1686 259 1734 286 καὶ
1746 260 1820 287 οὐδὲν
1831 259 1913 292 ἧττον

1119 303 1164 330 διὰ
1175 304 1224 339 τῆς
1234 303 1408 339 κατασκευῆς
1422 304 1523 339 ταύτης
1535 304 1673 338 ἀναγκαία
1683 304 1818 332 δείκνυται
1865 305 1912 332 τοῦ

1121 349 1204 384 ὑγροῦ
1225 350 1378 385 περιουσία,
1399 350 1444 377 διὰ
1461 350 1492 377 τὸ
1507 349 1617 381 πάντως
1633 350 1720 376 εἰσαεὶ
1730 350 1912 379 δαπανᾶσθαι.

1121 395 1225 422 οὐκοῦν
1236 396 1382 429 ἀναγκαῖον
1389 395 1422 423 ἂν
1432 395 1474 431 εἴη
1490 396 1559 431 πρὸς
1571 395 1617 422 τὸν
1630 395 1708 430 λόγον
1714 395 1819 428 τοῦτον,
1830 398 1913 425 πάλιν

1121 440 1170 475 τὴν
1182 440 1262 475 φύσιν
1272 441 1326 467 τῶν
1337 441 1422 468 όντων
1435 442 1655 476 κατανοῆσαι,ὠς
1666 441 1698 469 ἂν
1707 442 1835 478 διἀὐτῆς
1844 445 1913 479 ἡμῖν

1121 486 1263 522 εὖοδωθείη
1276 487 1344 523 πρὸς
1360 487 1406 514 τὸν
1415 487 1596 524 προκείμενον
1610 488 1711 514 σκοπὸν
1724 488 1755 515 τὸ
1768 488 1910 525 θεώρημα.

1156 532 1204 564 Τίς
1228 530 1274 559 οὖν
1293 533 1309 568 ή
1327 532 1425 567 φύσις;
1453 533 1536 560 Οὐδὲν
1555 533 1608 559 τῶν
1635 533 1813 569 στοιχειωδῶς
1833 535 1861 561 ἐν
1875 537 1910 570 τῇ

1122 576 1250 603 συστάσει
1275 576 1322 603 τοῦ
1340 577 1479 612 περιγείου
1494 577 1596 613 κόσμου
1613 578 1807 614 θεωρουμένων
1831 580 1912 616 ἄτρε-

1121 623 1188 648 πτόν
1214 630 1244 648 τε
1274 622 1321 649 καὶ
1348 622 1527 649 ἀναλλοίωτον
1554 623 1631 659 παρά
1658 623 1706 650 τοῦ
1737 625 1910 660 Δημιουργοῦ

1121 668 1174 694 τῶν
1205 668 1272 695 ὅλων
1305 668 1474 704 πεποίηται’
1506 669 1576 696 ἀλλὰ
1610 670 1699 697 πάντα
1726 670 1757 697 ἑν
1787 671 1910 706 ἀλλήλοις

1121 713 1194 744 ἐστὶ,
1214 713 1261 740 καὶ
1291 714 1324 741 δι’
1343 714 1464 750 ἀλλήλων
1494 715 1697 750 διακρατεῖται,
1715 716 1764 751 τῆς
1791 716 1911 751 τρεπτῆς

1120 759 1260 795 δυνάμεως
1289 760 1332 788 διά
1361 769 1434 792 τινος
1465 761 1611 795 ἐγκυκλίου
1639 763 1791 797 περιφορᾶς
1820 762 1909 790 πάντα

1121 806 1162 837 είς
1194 806 1296 841 ἄλληλα
1323 806 1358 832 τὰ
1388 806 1476 842 γεώδη
1507 806 1747 842 μεταϐαλλούσης,
1784 807 1832 835 καὶ
1861 808 1909 834 ἀπ’

248 836 253 891 ,ί
281 849 397 884 metipsa
407 836 592 876 reducuntur:
605 847 672 880 Qua:
684 848 794 883 quidem
811 836 987 875 commutatio
1001 855 1059 875 cum

1116 836 1237 887 ἀλλήλων
1254 836 1303 882 ἐἰς
1330 836 1415 878 ἑαυτά
1438 836 1519 879 πάλιν
1536 836 1747 887 ὲπαναγοὺσηςί
1764 853 1852 888 ,αὐτῆς
1879 853 1908 880 δὲ

248 894 249 899 “
279 895 338 923 fieri
353 902 494 930 nunquam
510 897 612 925 cesset,
630 901 745 921 necesse
760 897 813 926 est,
833 894 860 921 in
874 894 927 921 alia
945 893 1065 921 vicissim

246 938 249 959 ί
276 940 370 968 omnia
387 940 515 971 transire,
535 944 562 967 et
581 947 630 975 per
649 940 744 967 eadem
762 940 862 967 iterum
888 939 1000 975 vestigia
1024 947 1068 966 re-

243 986 248 990 ’
280 993 380 1014 meare.
395 985 467 1013 Nihil
486 986 559 1013 enim
577 987 673 1013 horum
691 993 707 1013 a
727 993 756 1014 se
772 986 831 1020 ipso
844 989 1066 1018 conservaretur,

279 1032 332 1059 nisi
347 1039 408 1059 cum
426 1031 512 1058 altero
529 1039 627 1066 genere
648 1031 823 1058 commistum
846 1034 971 1057 naturam
989 1038 1066 1058 suam

279 1078 425 1105 obtineret.
443 1076 598 1110 Quomodo,
616 1077 736 1112 inquies,
754 1076 801 1103 illa
820 1075 1005 1103 commutandi
1026 1076 1066 1103 vis

223 1118 226 1119 ν
279 1131 327 1159 per
341 1127 459 1158 quatuor
484 1123 621 1151 elementa
641 1123 669 1150 in
689 1123 783 1150 orbem
801 1122 953 1150 commeat?
974 1121 1067 1157 Neque

277 1171 350 1198 enim
365 1170 492 1205 qumlibet
509 1177 541 1197 ex
557 1169 724 1204 quibuslibet
739 1168 861 1196 vicissim
880 1168 957 1201 ﬁunt,
979 1175 1067 1203 neque

276 1215 503 1243 commutationis
518 1215 642 1242 circulus
657 1221 705 1249 per
723 1221 768 1242 res
788 1213 911 1248 singulas
927 1213 1068 1248 aequaliter

237 1255 239 1258 ⁴
274 1266 414 1296 vagatur:
433 1261 480 1289 sed
505 1268 576 1296 aqua
596 1259 706 1295 quidem
728 1267 777 1294 per
794 1267 908 1294 vapores
928 1259 954 1286 in
976 1266 1065 1286 aerem

277 1307 444 1339 refunditur,
460 1313 575 1340 vapores
591 1310 684 1333 autem
708 1305 808 1340 pabulo
830 1304 945 1333 ﬂanunae
963 1305 1067 1333 submi-

275 1354 392 1381 nistrato
410 1356 555 1380 terrestres
579 1352 659 1384 ﬁunt,
674 1351 703 1378 in
725 1351 843 1378 cinerem
860 1350 1067 1385 'quodammodo

274 1400 389 1431 redacti,
414 1403 591 1433 posteaquam
616 1405 679 1425 cum
706 1399 768 1432 igne
794 1397 893 1424 versati
915 1401 989 1425 sunt.
1017 1396 1065 1425 llis

278 1452 342 1471 vero
357 1444 493 1479 susceptis
508 1447 579 1471 terra
602 1442 764 1470 mutationis
781 1443 808 1469 in
829 1450 859 1470 se
872 1442 1004 1469 circulum
1026 1442 1063 1468 si-

275 1489 333 1516 stit.
348 1487 441 1524 Neque
450 1489 528 1516 enim
544 1496 622 1523 aqua:
646 1493 743 1515 natura
758 1495 855 1515 rursus
871 1492 960 1514 ortum
978 1488 1062 1515 habet

273 1542 291 1563 ο
306 1540 389 1562 ιρι-το.
409 1534 468 1568 Qua
489 1535 598 1570 quidem
619 1536 726 1562 ratione
750 1534 916 1569 relinquitur
937 1534 1062 1562 conside-

275 1580 401 1613 randum,
416 1585 506 1609 utrum
522 1585 595 1607 terra
609 1581 635 1607 in
655 1587 732 1616 aqua;
744 1584 869 1607 naturam
883 1580 980 1606 mutari
996 1588 1059 1614 pos-

273 1629 322 1655 sit.
341 1626 420 1660 Quod
436 1627 500 1654 dum
521 1627 729 1662 investigamus,
746 1633 828 1654 nemo
841 1626 992 1654 orationem
1009 1634 1060 1653 no-

276 1678 360 1700 stram
379 1677 409 1700 ut
426 1673 576 1708 longiorem
603 1677 723 1700 accuset.
741 1671 874 1700 Videmus
887 1679 918 1699 ea
937 1679 998 1707 quae
1012 1679 1061 1699 na-

276 1724 337 1747 tura
354 1723 417 1747 sunt
438 1719 522 1751 sicca,
546 1723 645 1754 sponte
661 1726 710 1746 sua
732 1718 850 1746 naturali
864 1718 981 1752 quadam
998 1725 1061 1753 pro—

271 1764 389 1798 prietate
407 1764 557 1792 madeﬁeri.
578 1763 611 1791 Ut
630 1764 656 1790 in
672 1764 730 1791 sale
755 1764 818 1791 licet
837 1764 948 1795 intueri,
963 1764 1060 1791 metal-

274 1813 320 1845 lis,
341 1817 369 1840 et
390 1814 417 1840 in
436 1812 470 1840 iis
490 1820 551 1847 quae
571 1819 604 1839 ex
623 1811 740 1839 humore
763 1811 856 1846 aliquo
871 1811 1060 1846 conglaciante

274 1858 441 1885 consistunt.
460 1857 561 1885 Horum
577 1864 638 1884 cum
655 1857 766 1884 siccitas
782 1857 891 1892 propria
906 1856 952 1890 sit,
968 1860 1059 1883 tamen

271 1903 297 1928 si
311 1902 422 1937 quidam
437 1909 469 1929 ex
486 1901 554 1936 ipsis
566 1901 657 1936 liquor
672 1901 831 1932 descendat,
851 1899 964 1926 humida
979 1899 1058 1931 ﬁunt,

274 1946 481 1980 siccitatemque
503 1953 580 1972 suam
603 1945 629 1972 in
652 1945 789 1972 humidam
811 1944 970 1979 qualitatem
993 1951 1059 1972 con-

272 1995 392 2019 vertunt.
414 1991 487 2017 Talis
509 1991 590 2018 etiam
611 1991 732 2018 cernitur
754 1990 842 2018 mellis
860 1993 968 2020 natura,
986 1989 1058 2024 quod

271 2037 364 2064 calore
374 2036 552 2067 exsiccatum,
567 2043 676 2063 rursum
688 2041 754 2063 casu
768 2035 861 2070 aliquo
874 2035 901 2061 in
914 2035 1057 2062 humorem

272 2082 427 2110 resolvitur.
451 2080 504 2108 Sed
525 2081 582 2108 lucc
600 2081 784 2108 omittantur:
803 2084 916 2115 praestat
933 2081 1008 2109 enim
1024 2089 1056 2109 ea

1117 897 1166 932 τῆς
1208 896 1379 929 ἀλλοιώσεως
1418 897 1566 929 ἀπαύστως
1603 899 1631 925 ὲν
1672 900 1728 929 τοῖς
1767 900 1909 935 στοιχείοις

1116 942 1329 977 ἐνεργουμένης,
1361 943 1467 977 ἀνάγκη
1503 943 1592 971 πάντα
1624 944 1665 975 εἰς
1697 944 1798 979 ἄλληλα
1826 953 1908 980 μετα-

1117 986 1236 1017 ϐαίνειν,
1263 986 1426 1022 ὲξιστάμενά
1456 996 1486 1014 τε
1514 988 1561 1014 ἀπ’
1588 988 1727 1024 ἀλλήλων,
1755 989 1801 1017 καὶ
1827 990 1907 1018 πάλιν

1118 1032 1189 1059 κατὰ
1209 1032 1239 1058 τὺ
1256 1030 1315 1059 ἴσον
1340 1033 1465 1068 ἀλλήλοις
1481 1033 1691 1069 ὲπεμδαίνοντα.
1707 1035 1744 1061 Οὐ
1763 1035 1816 1071 γὰρ
1832 1036 1864 1062 ἄν
1879 1045 1906 1062 τι

1117 1077 1219 1104 τούτων
1234 1078 1384 1113 φυλαχθείη
1405 1080 1447 1113 ἐφ’
1463 1079 1573 1112 ἑαυτοῦ,
1590 1080 1613 1106 εί
1636 1080 1672 1115 μὴ
1684 1081 1702 1115 ἠ
1720 1081 1788 1116 πρὸς
1806 1081 1839 1108 τὸ
1852 1082 1906 1109 ἑτε-

1119 1123 1228 1159 ρογενὲς
1239 1123 1367 1159 ἐπιμιξία
1382 1124 1541 1160 διακρατοίη
1558 1125 1607 1160 τὴν
1624 1125 1715 1160 φύσιν.
1734 1125 1796 1158 Πῶς
1807 1123 1854 1154 οὖν
1868 1126 1906 1154 εἵ-

1118 1178 1164 1196 ποι
1178 1178 1220 1201 τις
1235 1168 1268 1196 ἂν
1278 1189 1285 1201 ,
1303 1168 1347 1196 διὰ
1366 1169 1420 1195 τῶν
1439 1169 1581 1205 τεσσάρων
1598 1170 1648 1205 τὴν
1663 1170 1864 1206 μεταδλητικήν
1876 1179 1905 1197 τε

1118 1215 1166 1241 καὶ
1182 1214 1359 1249 ἀλλοιωτικὴν
1373 1215 1503 1250 δύναμιν,
1519 1215 1685 1251 περιοδεύειν
1700 1216 1904 1250 κυκλεύουσαν;

1118 1261 1155 1288 Οὐ
1168 1261 1221 1296 γὰρ
1236 1261 1323 1288 πάντα
1342 1261 1376 1287 δι’
1391 1261 1514 1296 ἀλλήλων
1534 1262 1638 1296 γίνεται
1647 1283 1657 1294 ,,
1674 1262 1734 1289 οὐδὲ
1750 1262 1784 1288 δι’
1802 1263 1904 1298 ὁμαλοῦ

1116 1308 1131 1333 ὁ
1150 1307 1199 1342 τῆς
1226 1306 1394 1337 ἀλλοιώσεως
1418 1307 1518 1338 κύκλος
1530 1326 1538 1339 ,
1555 1308 1589 1333 δι’
1613 1308 1729 1334 ἑκάστου
1745 1307 1799 1335 τῶν
1814 1307 1903 1334 υόντων

1118 1353 1285 1387 περιχωρεῖ,
1304 1351 1372 1378 ἀλλὰ
1388 1352 1418 1378 τὸ
1434 1352 1483 1387 μὲν
1501 1352 1573 1388 ὕδωρ
1596 1353 1666 1388 πρὸς
1691 1353 1739 1380 τὸν
1760 1354 1830 1389 ἀέρα
1851 1353 1898 1381 διὰ

1117 1396 1171 1423 τῶν
1197 1396 1292 1431 ἀτμῶν
1318 1397 1453 1432 ἀνεχέθη,
1475 1399 1500 1424 οι
1515 1398 1544 1424 δὲ
1563 1399 1644 1433 ἀτμοὶ
1659 1398 1709 1434 τήν
1730 1399 1817 1434 φλόγα
1840 1399 1904 1435 θρά-

1116 1442 1216 1477 ψαντες
1239 1442 1320 1469 πάλιν
1341 1442 1550 1478 ἀπεγειωησαν,
1572 1442 1628 1470 οἷόν
1654 1453 1696 1476 τις
1719 1445 1817 1472 σποδιά
1833 1446 1902 1480 μετὰ

1112 1487 1143 1512 τὸ
1157 1486 1196 1521 τῷ
1215 1487 1281 1522 πυρὶ
1297 1486 1478 1522 καθομιλῆσαι
1493 1487 1634 1523 γενόμενοι
1648 1497 1654 1504 ·
1676 1489 1692 1524 ὴ
1707 1489 1736 1515 δὲ
1756 1489 1793 1523 γῆ
1818 1489 1903 1516 ταῦ-,α

1114 1531 1249 1567 δεξαμένη
1273 1531 1386 1566 ἔστησεν
1410 1532 1439 1557 ἐν
1474 1532 1558 1567 ἑαυτῇ
1587 1532 1632 1559 τὸν
1655 1533 1706 1568 τῆς
1734 1533 1903 1565 ἀλλοιώσεως

1109 1578 1221 1614 δρόμον.
1254 1577 1339 1605 Οὔπω
1366 1578 1421 1613 γὰρ
1451 1578 1613 1614 ἐξήτασται,
1643 1580 1667 1606 εἰ
1691 1580 1708 1615 ἡ
1730 1579 1777 1606 τοῦ
1806 1579 1902 1611 ὓδατος

1112 1624 1194 1658 φύσις
1215 1625 1247 1651 ἐκ
1267 1624 1318 1659 γῆς
1347 1624 1403 1659 ἔχει
1415 1625 1465 1660 τὴν
1489 1625 1606 1658 γένεσιν.
1632 1625 1736 1652 Οὐκοῦν
1758 1625 1845 1661 τούτῳ
1863 1626 1902 1661 τῷ

1113 1670 1252 1704 σκέμματι
1273 1669 1415 1701 λείπεται,
1434 1671 1459 1696 εἰ
1481 1670 1594 1697 δυνατόν
1624 1671 1683 1697 ἐστι
1698 1670 1748 1706 τὴν
1781 1672 1832 1706 γῆν
1861 1672 1902 1704 είς

1111 1715 1207 1747 ὕδατος
1237 1716 1405 1751 μεταστῆναι
1426 1716 1516 1751 φύσιν.
1540 1716 1652 1748 Πάντως
1672 1717 1701 1743 δὲ
1728 1717 1814 1748 οὐδεὶς
1835 1719 1902 1753 ἡμῖν

1111 1760 1269 1796 ἀδολεσχίαν
1284 1761 1473 1796 ὲπεγκαλέσει,
1491 1761 1524 1789 δι’
1539 1758 1577 1788 ὧν
1592 1761 1625 1788 ἃν
1649 1760 1683 1797 ἦν
1705 1762 1815 1789 δυνατὸν
1833 1763 1901 1790 ἀνα-

1111 1806 1222 1841 ζητοῦσι
1238 1807 1268 1833 τὸ
1293 1807 1323 1833 ἐν
1339 1808 1397 1838 τοῖς
1417 1807 1574 1842 εἰρημένοις
1594 1806 1752 1834 ἀκόλουθον,
1777 1808 1902 1844 Ὀρῶμεν

1110 1852 1198 1879 τοίνυν
1212 1852 1296 1879 πολλὰ
1309 1853 1363 1879 τῶν
1383 1851 1482 1888 ξηρῶν,
1494 1852 1656 1887 αὐτομάτως
1676 1852 1710 1879 ἐκ
1722 1861 1796 1885 τινος
1820 1862 1901 1888 φυσι-

1110 1897 1162 1933 κῆς
1200 1898 1331 1934 ἰδιότητος
1357 1898 1560 1934 ὑγραινὸμενα,
1592 1895 1648 1924 οἷον
1668 1899 1720 1927 επὶ
1746 1899 1802 1925 τῶν
1827 1900 1900 1927 ἀλῶν

1109 1944 1183 1971 ἐστιν
1206 1943 1280 1976 ιδεϊν,
1305 1944 1360 1970 τῶν
1385 1952 1414 1970 τε
1443 1943 1691 1979 μεταλλευομένων,
1717 1945 1764 1971 καὶ
1786 1945 1841 1972 τῶν
1866 1946 1900 1972 ἐκ

1108 1998 1181 2021 τινος
1196 1989 1282 2025 ὑγροῦ
1298 1989 1540 2024 καταφρυγομένου
1565 1990 1780 2025 συνισταμένων,
1796 1987 1833 2017 ὧν
1851 1990 1900 2026 ξη-

1111 2035 1191 2071 ρότης
1206 2035 1256 2070 μέν
1267 2035 1325 2062 ἐστι
1337 2035 1369 2061 τὺ
1380 2034 1485 2070 ἰδίωμα,
1499 2036 1523 2061 εἰ
1538 2035 1566 2061 δέ
1581 2044 1623 2066 τις
1639 2035 1729 2062 αὐτῶν
1742 2036 1817 2064 νοτία
1831 2037 1899 2063 καϐ-

1111 2082 1204 2113 ίκοιτο,
1221 2080 1344 2116 ίκμαλέοι
1357 2080 1486 2115 γίνονται,
1505 2080 1553 2109 καὶ
1569 2080 1635 2116 πρὸς
1650 2081 1698 2116 τὴν
1717 2081 1803 2117 ὑγρὰν
1821 2083 1898 2109 ποιό-

270 2127 408 2163 principio
431 2127 523 2162 aliquo
543 2127 701 2154 necessario
721 2126 917 2162 disputationis
932 2127 1056 2155 ordinem

1113 2135 1176 2162 ιητα
1211 2127 1241 2154 τὺ
1273 2127 1302 2153 ὲν
1335 2126 1410 2160 σφίσι
1434 2126 1516 2161 ξηρὸν
1548 2126 1769 2161 μεταὸάλλουσιν.
1803 2128 1898 2160 οὕτως

269 2181 476 2208 persequamur.
503 2172 753 2200 Animadvertimus
777 2179 831 2200 non
849 2180 903 2200 una
923 2173 1055 2208 qualitate

268 2220 402 2246 elementa
419 2219 525 2253 singula
539 2218 682 2249 constitui.
698 2219 768 2245 etab
782 2218 843 2246 aliis
854 2219 997 2247 elementis
1010 2227 1054 2247 εο-

269 2265 371 2300 parari,
392 2264 438 2291 sed
455 2264 537 2291 variis
559 2264 736 2298 qualitatibus
757 2265 960 2299 comprehendi,
985 2271 1053 2299 qua-

268 2318 329 2338 rum
342 2311 402 2338 alia:
416 2311 487 2337 inter
496 2317 529 2337 se
540 2314 669 2345 pugnant,
689 2309 748 2336 alite
757 2310 840 2337 siml
859 2309 1052 2345 inspiciuntur,

268 2359 296 2383 ct
310 2355 494 2390 pugnantibus
515 2355 585 2382 inter
609 2362 640 2382 ac
662 2355 766 2389 pariter
785 2355 923 2382 colmrent
936 2359 962 2382 et
986 2362 1054 2389 qua-

269 2401 359 2429 drant.
385 2401 421 2428 Ut
445 2401 472 2428 in
494 2406 567 2428 terra
588 2404 616 2427 ct
635 2408 704 2436 aqua
727 2401 836 2428 siccitas
854 2405 881 2428 et
902 2400 1052 2428 humiditas

267 2446 397 2481 conjungi
411 2449 564 2480 nequeunt;
585 2445 681 2473 horum
697 2450 788 2473 tamen
802 2445 911 2480 utrique
924 2453 956 2472 ex
974 2451 1053 2480 aequo

267 2491 403 2527 frigiditas
426 2491 508 2524 inest,
531 2499 584 2526 qua
606 2495 759 2527 pugnantes
779 2490 980 2526 quodammodo
1003 2490 1052 2517 de-

267 2538 435 2565 vinciuntur.
455 2537 532 2572 Aqua
551 2537 615 2565 item
631 2541 658 2565 et
677 2544 724 2564 aer
738 2537 870 2572 gravitate
888 2536 1051 2570 Ievitateque

267 2587 442 2619 separantur,
464 2583 512 2611 sed
539 2583 568 2610 in
587 2583 630 2610 bis
652 2589 762 2617 quoque
786 2581 922 2616 frigiditas
941 2580 1050 2614 utrique

266 2629 440 2660 conveniens,
454 2632 484 2655 ut
499 2628 618 2656 medium
637 2627 773 2663 quoddam
785 2626 925 2653 vinculum
941 2631 1051 2661 specta-

265 2678 318 2703 tur.
344 2674 482 2710 Discrepat
501 2681 548 2702 aer
567 2675 602 2702 ab
617 2673 679 2709 igne
698 2681 730 2701 ea
743 2680 805 2708 quae
820 2677 863 2700 est
878 2673 950 2700 inter
973 2672 1051 2708 frigi-

265 2721 330 2748 dum
356 2724 384 2748 et
398 2720 516 2747 calidum
539 2718 703 2752 diderentia,
719 2718 768 2746 sed
792 2717 903 2746 levitate
928 2717 999 2745 inter
1020 2725 1050 2746 se

264 2766 446 2794 conciliantur
460 2769 541 2799 atque
555 2764 731 2791 conveniunt.
746 2762 818 2799 ignis
829 2763 947 2798 denique
961 2770 977 2790 a
994 2767 1049 2790 ter-

265 2818 294 2838 ra
309 2811 415 2838 levitate
430 2809 592 2845 sejimgitur,
615 2809 664 2837 sed
687 2809 822 2838 siccitatis
844 2809 1047 2837 necessitudine

1105 2172 1194 2207 ἔγνων
1210 2171 1257 2199 καὶ
1275 2171 1326 2206 τὴν
1341 2171 1388 2198 τοῦ
1405 2171 1512 2205 μέλιτος
1527 2171 1607 2205 φύσιν
1618 2171 1708 2206 ξηρὰν
1723 2173 1822 2207 τρόπον
1835 2174 1898 2201 τινὰ

1106 2218 1151 2244 διὰ
1167 2217 1217 2252 τῆς
1231 2218 1371 2252 ὀπτήσεως
1383 2217 1539 2252 γινομένην,
1556 2216 1603 2245 καὶ
1621 2216 1702 2244 πάλιν
1716 2218 1748 2243 ὲκ
1764 2219 1897 2253 περιστὰ-

1109 2262 1176 2294 σεώς
1191 2271 1263 2294 τινος
1271 2263 1313 2294 είς
1327 2263 1357 2289 τὸ
1369 2262 1451 2297 ὑγρὸν
1465 2262 1642 2291 ἀναλύουσαν.
1660 2262 1740 2289 Ἀλλά
1755 2263 1897 2298 παρείσθω

1106 2309 1203 2336 ταῦτα·
1216 2311 1340 2344 κρεῖττον
1351 2308 1404 2345 γὰρ
1415 2308 1445 2342 ἐξ
1459 2308 1546 2344 ἀρχῆς
1559 2316 1630 2340 τινος
1644 2309 1796 2342 ἀναγκαίας
1803 2309 1896 2338 δοῦναι

1106 2356 1155 2390 τὴν
1173 2354 1333 2382 ἀκολουθίαν
1346 2354 1386 2389 τῷ
1399 2355 1569 2390 θεωρήματι.
1585 2356 1625 2382 οὐ
1643 2354 1708 2390 μίαν
1723 2355 1896 2391 γινώσκομεν
1935 2348 1942 2351 “

1105 2401 1147 2436 ἐφ’
1177 2401 1292 2428 ἑκάστου
1316 2401 1370 2428 τῶν
1388 2401 1528 2436 στοιχείων
1552 2401 1692 2437 ποιότητα,
1719 2402 1752 2428 δι’
1774 2399 1808 2436 ἦς
1824 2410 1896 2437 συμ-

1106 2446 1256 2482 πληροῦται
1277 2447 1308 2474 τὸ
1327 2447 1515 2482 ὑποκείμενον,
1533 2447 1580 2473 καὶ
1596 2447 1644 2474 τοῦ
1661 2447 1896 2482 ἀντιστοιχοῦντος

1105 2491 1316 2527 ἀποχωρίζεται,
1336 2491 1394 2517 ἀλλ’
1417 2492 1446 2519 ὲν
1462 2491 1600 2526 διαφόροις
1618 2491 1732 2518 ἕκαστον
1748 2491 1894 2527 καταλαμ-

1100 2536 1214 2564 -6άνεται
1239 2538 1301 2568 ταῖς
1329 2537 1478 2572 ποιότησιν,
1507 2533 1546 2563 ὧν
1567 2537 1598 2562 αἱ
1630 2536 1678 2570 μὲν
1703 2536 1894 2572 ἀκοινωνήτως

1104 2581 1195 2617 ἔχουσι
1218 2582 1285 2617 πρὸς
1304 2581 1430 2617 ἀλλήλας,
1444 2582 1471 2608 αἱ
1485 2581 1513 2608 δὲ
1527 2581 1598 2607 κατά
1609 2580 1640 2606 τὸ
1651 2578 1708 2606 ἴσον
1726 2580 1894 2616 ὲνθεωροῦν-

1103 2636 1164 2660 ται,
1187 2628 1296 2659 οἰκείως
1320 2636 1350 2654 τε
1375 2628 1424 2654 καὶ⁵
1452 2626 1588 2663 ἁρμοδίως
1610 2625 1720 2660 ἔχουσαι
1744 2625 1813 2661 πρὸς
1839 2626 1894 2659 τὰς

1105 2673 1262 2708 μαχομένας
1281 2673 1411 2709 ἀλλήλαις
1435 2673 1580 2707 ποιότητας
1592 2680 1598 2687 ·
1617 2670 1673 2698 οἷον
1694 2671 1741 2698 ἐπὶ
1765 2671 1815 2706 τῆς
1837 2672 1894 2707 τῆς

1103 2719 1150 2745 καὶ
1171 2718 1220 2745 τοῦ
1240 2719 1343 2751 ὕδατος,
1368 2719 1492 2754 ἀμικτως
1508 2718 1558 2754 μὲν
1574 2717 1666 2753 ἔχουσι
1688 2716 1756 2751 πρὸς
1771 2715 1894 2752 ἀλλήλας

1101 2765 1119 2799 ή
1143 2764 1259 2799 ξηρότης
1271 2773 1300 2790 τε
1325 2765 1372 2792 καὶ
1386 2764 1513 2799 ὑγρότης,
1531 2763 1627 2798 ἐπίσης
1641 2762 1669 2789 δὲ
1693 2761 1813 2796 ἑκατέρᾳ
1827 2761 1895 2790 τοὺ-

1099 2817 1154 2837 των
1171 2809 1294 2836 σύνεστιν
1321 2811 1338 2845 ή
1361 2810 1509 2845 ψυχρότης,
1535 2809 1631 2836 ἐνοῦσα
1648 2808 1746 2845 τρόπον
1770 2807 1832 2835 τινὰ
1852 2809 1890 2837 δι³
