1976 3077
287 105 333 133 ΔΗ

915 105 946 132 ‘S.
969 103 1132 132 GREGORII
1153 103 1300 134 NYSSENI
1336 75 1345 83 Χ

1867 104 1916 131 ΗΞ

285 167 439 191 conservet.
456 163 502 190 Sic
515 170 580 198 ergo
593 169 663 198 aqua
675 162 828 194 coniicitur,
841 161 968 198 frigidum
983 163 1075 190 made-

1136 163 1229 198 μηκέτι
1252 162 1300 197 τὴν
1324 162 1439 197 ἡλιακὴν
1463 162 1619 197 θερμότητα.
1634 161 1789 189 διαδύεσθαι
1810 163 1843 197 τῇ
1867 171 1917 188 πυ-

288 209 367 240 lacit,
384 213 412 235 et
428 209 526 235 humor
545 216 578 235 ex
597 207 745 243 frigiditate
758 212 842 235 totam
860 216 936 243 aquae
950 214 1075 236 naturam

288 254 445 289 pet-fidente
461 254 652 281 constituitur.
673 255 710 281 Ex
727 261 797 289 aqua
812 261 878 281 vero
893 259 989 282 coacta
1010 262 1077 281 con-

286 304 453 336 gregataque
464 299 595 327 ﬂuentum
610 304 769 334 generatum
782 319 789 331 ,
812 308 976 335 quacunque
1000 301 1078 328 detur

287 346 394 378 aditus,
416 350 517 374 terram
540 347 646 380 aperit.
672 350 701 373 et
725 346 786 374 fons
814 347 977 381 appellatur.
999 345 1078 379 Quod

288 397 379 420 autem
399 400 534 427 aquarum
555 397 632 419 ortus
652 396 749 419 auctor
763 397 789 418 et
805 399 889 419 causa
906 392 941 419 sit
957 393 1014 426 ipsa
1031 391 1077 418 fri-

289 438 408 472 gistas,
426 437 493 464 illud
514 437 646 464 indicium
666 437 717 467 sit,
737 437 810 471 quod
832 437 891 463 loca
912 437 1078 471 septentrio-

289 483 371 510 nibus
398 483 593 520 propinquiora
624 482 819 517 frigidioraque
836 483 922 517 magis
940 483 1079 510 abundant

289 537 423 563 aquarum
439 529 527 564 copia.
549 529 649 563 Aprica
666 528 737 556 enim
755 528 878 563 profecto
892 533 919 556 et
932 536 1017 564 opaca
1033 528 1080 556 de-

290 583 438 610 pressaque
454 580 546 603 essent
560 575 703 610 aequaliter
716 575 794 609 aquis
817 575 919 610 irrigua
931 595 939 607 ,
959 575 982 602 si
1005 575 1080 610 Trigi-

290 621 384 649 ditatis
400 621 524 649 absentia
550 622 618 648 nihil
641 628 776 656 aquarum
803 625 895 648 ortum
923 621 1078 656 impediret.

292 667 526 700 Quemadmodum
550 671 641 694 autem
663 675 696 694 ex
719 667 846 694 imbrium
868 668 951 702 guttis
966 667 1079 694 collecta

294 720 364 747 aqua
380 716 515 740 torrentes
533 716 696 745 nascuntur,
717 712 780 740 licet
798 716 889 747 guttas
904 713 977 747 ipsas
999 720 1079 748 sepa-

294 758 373 785 ratim
389 758 525 792 aspiciens
537 779 544 790 ,
560 759 683 793 singulas
699 766 747 793 per
763 766 792 786 se
808 759 935 793 pusillum
951 759 1079 794 quiddam

294 809 321 830 et
338 811 385 839 pro
401 804 488 831 nihilo
503 804 658 831 habendum
674 804 816 831 existimes
831 811 838 830 :
855 805 895 832 sic
909 813 942 832 ex
957 805 1080 833 humoris

294 850 498 877 sensimeterra
516 850 653 877 manantis
661 850 737 884 copia
751 850 843 878 multis
853 851 962 878 ﬂuentis
978 852 1080 880 coactis

292 896 419 923 oriuntur
434 895 564 923 ﬂumina:
581 903 697 930 quorum
720 896 741 924 si
767 896 828 932 quis
850 897 1079 931 magnitudinem,

295 949 485 976 perennesque
503 949 603 969 cursus
619 941 796 974 consideret,
820 942 955 969 undenam
981 951 1079 978 suppe-

293 986 374 1012 ditari
396 989 499 1012 tantam
520 993 653 1020 aquarum
673 986 868 1014 abundantiam
893 987 1082 1015 existimabit?

294 1031 363 1058 Num
379 1031 486 1066 aliquos
502 1031 553 1058 sibi
569 1031 596 1058 in
611 1036 690 1058 terra!
708 1031 814 1059 sinibus
835 1032 912 1059 lacus
927 1033 1082 1068 continget?

293 1076 410 1110 Quinam
421 1096 428 1109 ,
442 1077 573 1110 obsecro,
588 1077 657 1104 tanti
674 1077 750 1105 lacus
763 1084 824 1105 esse
837 1083 952 1112 queant,
967 1079 1012 1113 qui
1030 1079 1081 1106 nisi

294 1130 364 1150 nova
380 1122 491 1151 assidue
507 1122 640 1149 accedant
659 1122 781 1155 auxilia,
799 1130 852 1150 non
868 1123 942 1151 brevi
961 1128 1083 1159 tempore

293 1167 513 1196 exhauriantur?
529 1167 564 1194 At
587 1167 668 1199 alios,
691 1166 798 1202 inquis.
825 1168 900 1196 lacus
916 1169 1083 1204 excogitabi-

295 1221 366 1241 mus.
381 1212 436 1248 Ego
446 1220 510 1243 vero
523 1213 672 1247 requiram,
683 1212 813 1247 quidnam
823 1213 891 1241 alios
901 1214 961 1241 illos
972 1221 1081 1242 rursum

293 1259 442 1286 exhaustos
457 1257 587 1292 explebit.
603 1256 681 1289 Quod
696 1257 720 1284 si
735 1257 804 1284 alios
822 1261 904 1292 atque
924 1258 992 1285 ali05
1007 1259 1083 1286 lacus

296 1303 444 1334 inveneris,
468 1310 519 1338 ego
544 1303 664 1330 vicissim
691 1303 874 1338 interrogabo,
893 1303 964 1331 unde
988 1311 1084 1332 omnes

296 1349 404 1376 tandem
417 1349 548 1376 exinaniti
560 1348 781 1383 complebantur.
796 1348 908 1384 Cogeris
924 1349 1007 1384 igitur
1020 1358 1084 1385 pro-

295 1395 370 1431 gredi
390 1395 418 1421 in
434 1394 569 1421 inﬁnitum
580 1413 587 1425 ,
604 1398 686 1428 atque
700 1394 736 1420 ita
751 1394 840 1421 oratio
856 1400 901 1421 tua
918 1395 993 1423 lacus
1009 1395 1084 1422 lacu-

297 1441 348 1468 bus
369 1440 566 1472 accumulans,
588 1447 623 1467 ne
646 1439 768 1467 fontibus
785 1440 874 1467 desint
895 1440 988 1472 lacus,
1013 1441 1085 1469 unde

297 1491 436 1521 postremo
450 1493 520 1520 aqua
536 1488 614 1513 ortus
629 1485 796 1520 principium
811 1485 910 1512 habeat
920 1505 927 1517 ,
942 1493 1083 1521 nunquam
1099 1503 1121 1532 ρ

298 1531 440 1558 consistet.
465 1530 664 1565 Quamobrem,
685 1538 748 1557 cum
766 1530 926 1565 reperienda
944 1531 980 1558 sit
1002 1538 1085 1558 causa

297 1585 352 1612 qua
376 1578 469 1612 prima!
493 1585 571 1612 aqua:
592 1582 690 1604 natura
708 1577 899 1608 constituitur.
919 1577 1006 1612 magis
1023 1584 1088 1604 con-

299 1627 460 1652 sentaneum
474 1627 535 1655 est,
547 1631 607 1651 eam
623 1623 650 1650 in
665 1623 739 1657 ipsos
756 1622 845 1650 fontes
858 1622 993 1654 conferre,
1005 1630 1086 1657 quam

299 1670 351 1697 sub
366 1674 438 1697 terra
453 1669 530 1697 lacus
545 1669 702 1704 conﬁngere
712 1689 718 1701 ,
733 1677 851 1704 quorum
865 1670 933 1696 ratio
947 1676 1088 1696 commen-

300 1715 357 1742 Litia
379 1715 471 1742 statim
485 1715 520 1742 ab
543 1722 621 1750 aqua:
642 1720 739 1742 natura
763 1715 890 1742 deorsum
908 1715 1036 1742 tendente
1049 1715 1088 1742 la-

299 1760 464 1794 befactetur,
486 1765 513 1789 et
533 1760 712 1788 convellatur.
731 1760 874 1793 Quomodo
890 1756 962 1788 enim
978 1767 1087 1787 sursum

300 1805 381 1839 ﬂuet,
407 1806 497 1841 quod.
522 1806 650 1834 deorsum
682 1810 710 1832 ut
735 1805 816 1836 ﬂuat,
843 1809 968 1832 naturam
992 1804 1089 1831 habet?

300 1851 448 1883 Praeterea,
477 1859 559 1886 quam
591 1852 714 1886 ingentes
746 1852 855 1878 lacuum
887 1850 972 1878 moles
1007 1855 1089 1877 erunt

300 1897 503 1932 excogitanda,
536 1905 610 1931 qum,
639 1904 701 1924 cum
729 1905 865 1932 perennes
891 1902 929 1934 tot
955 1904 1088 1932 aquarum
1111 1924 1114 1927 ,

302 1943 385 1976 copia:
397 1942 507 1969 smulis
521 1943 649 1970 omnibus
668 1942 794 1974 eﬂluant,
821 1946 849 1969 et
873 1942 939 1969 nihil
969 1950 1089 1976 unquam

303 1992 468 2022 reportatur,
506 1996 560 2014 non
592 1988 785 2015 exinaniantur
824 1993 914 2015 tamen
954 1995 1005 2015 nee
1041 1995 1091 2015 ex-

303 2032 486 2060 haurianturl
517 2031 632 2060 Constat
667 2032 749 2066 igitur
789 2040 822 2058 ex
859 2032 892 2059 iis
926 2039 986 2067 qua:
1016 2031 1090 2059 dicta

305 2081 385 2111 sunt,
408 2077 468 2104 ideo
490 2076 648 2104 ﬂuminibus
667 2084 766 2111 aquam
792 2084 846 2103 non
865 2076 999 2110 deﬁcere,
1018 2077 1090 2112 quod

305 2130 377 2152 terra
391 2125 417 2152 in
432 2125 504 2152 illam
517 2127 725 2151 transmutetur.
741 2122 832 2150 Terra:
841 2131 906 2151 vero
920 2124 1089 2158 magnitudo,

1128 209 1236 242 κνὸτητι
1250 207 1296 234 τοῦ
1310 208 1384 233 λίθου
1399 208 1573 243 κωλυομένην
1582 217 1589 224 ·
1603 209 1664 235 τότε
1677 208 1774 234 λεπταί
1788 216 1860 240 τινες
1872 208 1919 235 τοῦ

1129 254 1223 285 ὓδατος
1239 253 1336 288 φλέεες
1350 253 1394 279 διὰ
1406 253 1455 288 τῆς
1468 254 1598 288 ἐργασίας
1618 253 1857 289 ἀνεστομώθησαν,
1872 254 1920 288 ἀφ’

1128 295 1165 324 ὧν
1182 299 1210 324 ἐν
1221 297 1312 332 κύκλῳ
1325 297 1389 332 περὶ
1399 297 1428 323 τὸ
1446 297 1526 332 βάθος
1536 298 1587 332 τῆς
1603 298 1752 329 συνδέσεως
1761 297 1920 333 γινομένης,

1128 342 1281 377 εὐθηνεῑται
1298 342 1328 368 τὸ
1343 342 1431 378 φρέαρ
1443 342 1481 378 τῷ
1495 342 1583 370 ὕδατι.
1597 343 1687 378 Ὅπερ
1698 343 1786 368 τοίνυν
1804 343 1921 369 ἐνταῦθα

1129 388 1232 422 γίνεται
1245 388 1312 423 πρὸς
1331 388 1380 423 τὴν
1402 388 1589 423 χειροποίητον
1610 388 1764 422 κοιλότητα,
1786 388 1921 414 συνδοθεί-

1130 442 1180 468 σης
1200 433 1248 468 τῆς
1269 434 1435 469 πανταχόθεν
1461 434 1524 469 περὶ
1546 433 1576 460 τὸ
1599 433 1687 468 φρέαρ
1707 433 1922 469 συνθλιῧομένης

1132 479 1254 514 ίκμάδος,
1271 480 1349 506 τοῦτο
1363 479 1436 510 εἰκὸς
1453 480 1482 506 ὲν
1500 479 1580 506 παντὶ
1594 479 1715 513 γίνεσθαι
1729 479 1813 514 τόπῳ,
1831 480 1878 506 καὶ
1893 480 1922 506 τὺ

1130 525 1172 551 διὰ
1187 525 1236 560 τῆς
1249 525 1351 560 λεπτῆς
1368 524 1481 560 ίκμάδος
1498 525 1541 551 ἀεὶ
1557 525 1740 560 συνδιδόμενον
1755 525 1798 551 διὰ
1813 524 1921 559 φλεϐῶν

1130 570 1209 596 τινῶν
1228 570 1274 596 ἐπὶ
1286 570 1349 601 τοὺς
1368 569 1531 605 εὐρυτέρους
1552 569 1724 604 όχετεύεσθαι
1745 569 1854 604 πόρους,
1869 569 1920 605 ἤδη

1129 616 1179 650 τῆς
1191 616 1291 650 λεπτῆς
1314 615 1442 650 συῤῥοίας
1454 615 1523 650 πρὸς
1537 615 1634 650 ἑαυτὴν
1657 615 1811 649 ἐνωθείσης.
1827 614 1922 646 Οὕτως

1130 659 1176 687 οὖν
1197 661 1378 694 ἀπογεννᾶται
1393 660 1424 686 τὺ
1445 660 1526 695 ὓδωρ,
1540 661 1588 686 τοῦ
1609 661 1656 696 μὲν
1672 660 1776 696 ψυχροῦ
1803 660 1852 694 τὴν
1868 660 1922 695 γῆν

1131 706 1369 742 καθυγραίνοντος,
1383 706 1433 740 τῆς
1450 705 1478 732 δὲ
1493 706 1641 741 ὑγρότητος
1657 706 1705 741 τῆς
1717 707 1749 731 ἐκ
1758 704 1805 732 τοῦ
1815 704 1920 740 ψυχροῦ

1133 751 1349 786 συνισταμένης,
1379 751 1426 777 καὶ
1438 751 1502 785 ὅλην
1525 751 1574 786 τὴν
1595 750 1643 777 τοῦ
1667 751 1761 782 ὕδατος
1786 750 1866 784 φύσιν
1891 751 1921 776 ὲν

1133 797 1215 832 ἑαυτῇ
1232 796 1396 832 τελειούσης.
1415 796 1496 824 ’Ὁθεν
1509 796 1651 832 ἀθροισθὲν
1671 797 1732 832 ἤδη,
1747 797 1794 822 καὶ
1814 795 1923 832 ῥεῖθρον

1131 841 1286 876 γενόμενον,
1310 838 1382 878 ᾗπερ
1408 842 1441 868 ἂν
1464 842 1592 877 εὐοδωθῇ,
1610 842 1669 868 κατ’
1689 843 1777 868 ἐκεῖνο
1797 841 1845 877 τὴν
1868 842 1922 876 γῆν

1131 887 1329 921 ἀνεστόμωσεν.
1347 887 1433 913 Τοῦτο
1447 887 1474 913 δὲ
1493 887 1567 923 πηγὴ
1582 887 1754 921 ὀνομάζεται.
1765 887 1922 922 Τεκμήριον

1131 930 1160 957 δὲ
1175 931 1222 958 τοῦ
1238 931 1416 966 καθηγεῖσθαι
1439 932 1487 967 τὴν
1504 932 1661 967 ψυχρότητα
1684 933 1733 967 τῆς
1752 932 1805 958 τῶν
1818 932 1922 959 ὑδάτων

1132 976 1275 1010 γενέσεως,
1301 976 1331 1003 τὸ
1355 978 1419 1009 τοὺς
1441 977 1508 1013 πρὸς
1534 978 1674 1012 ἀρκτῲους
1687 977 1742 1004 τῶν
1763 977 1853 1004 τόπων
1874 978 1922 1004 καὶ

1134 1022 1232 1057 μᾶλλον
1255 1023 1477 1058 κατεψυγμένους
1496 1023 1668 1058 εὐθηνεῖσθαι
1684 1025 1738 1055 τοῖς
1760 1023 1864 1050 ὕδασιν.
1883 1022 1921 1049 ἿΙ

1132 1067 1186 1103 γὰρ
1203 1068 1348 1103 ἂνλὲπίσης
1367 1068 1402 1095 τὰ
1420 1069 1568 1104 ἠλιούμενά
1590 1077 1620 1095 τε
1636 1070 1681 1096 καὶ
1695 1069 1778 1100 νότια,
1793 1069 1924 1104 διάϐροχα

1132 1114 1187 1145 τοῖς
1206 1113 1298 1140 ὕδασιν
1312 1112 1356 1149 ἦν,
1377 1115 1401 1141 εἰ
1425 1114 1508 1150 μηδὲν
1526 1115 1542 1150 ἡ
1563 1115 1680 1142 ἀπουσία
1696 1115 1745 1149 τῆς
1767 1114 1872 1149 ψύξεως
1888 1116 1924 1150 τῇ

1132 1160 1237 1194 γενέσει
1250 1159 1303 1186 τῶν
1324 1160 1415 1196 ὑγρῶν
1432 1161 1594 1193 ὲνεπόδιζεν.
1610 1161 1715 1196 Ὥσπερ
1732 1161 1759 1187 δὲ
1773 1161 1802 1187 τὸ
1823 1161 1852 1194 ἐξ
1873 1161 1922 1196 ὀμ.

1134 1206 1214 1241 ὁρίας
1228 1205 1299 1241 ὕδωρ
1314 1202 1456 1241 ἀθροισθὲν
1470 1207 1518 1242 μὲν
1535 1208 1567 1233 ὲκ
1576 1207 1625 1242 τῆς
1637 1206 1692 1233 τῶν
1705 1207 1842 1241 σταγόνων
1858 1209 1926 1243 συρ-

1134 1251 1218 1286 ῥοίας,
1234 1251 1400 1287 χειμάρρους
1414 1251 1528 1286 γίνεται,
1545 1253 1569 1278 εἰ
1580 1252 1608 1278 δὲ
1622 1251 1707 1283 αὑτὰς
1725 1253 1774 1283 τὰς
1788 1252 1923 1286 σταγόνας

1133 1294 1175 1328 ἐφ’
1186 1293 1288 1320 ἑαυτῶν
1299 1303 1340 1326 τις
1353 1294 1456 1329 βλέποι,
1466 1295 1553 1330 βραχὺ
1561 1304 1586 1322 τι
1597 1296 1643 1322 καὶ
1658 1297 1715 1322 ἀντ’
1730 1296 1870 1328 οὐδενὺςτὺ
1886 1298 1918 1323 ὲν

1137 1339 1240 1375 ἑκάστῃ
1253 1340 1400 1375 φανήσεται
1409 1349 1416 1355 ·
1431 1341 1501 1367 οὑτω
1509 1336 1555 1368 καὶ
1567 1342 1583 1376 ἡ
1593 1341 1643 1376 τῆς
1650 1341 1720 1368 κατὰ
1733 1341 1829 1368 λεπτὸν
1836 1343 1923 1369 κάτω-

1135 1385 1180 1411 θεν
1201 1385 1244 1411 ἀεὶ
1272 1385 1319 1411 τοῦ
1341 1386 1423 1421 ὑγροῦ
1449 1387 1647 1422 συνισταμένης
1668 1388 1831 1423 ποσότητος·
1860 1388 1926 1415 ὅταν

1134 1430 1163 1457 ἓν
1177 1432 1209 1457 ὲκ
1229 1431 1333 1458 πολλῶν
1353 1431 1468 1467 ῥείθρων
1480 1432 1510 1458 τὸ
1524 1432 1577 1459 τῶν
1596 1423 1701 1460 λεπτῶν
1720 1433 1856 1469 ἄθροισμα
1877 1435 1926 1468 γέ-

1135 1485 1224 1511 νηται,
1243 1476 1273 1503 τὸ
1294 1477 1414 1504 τοιοῦτον
1431 1479 1470 1510 εὶς
1491 1479 1614 1514 ποταμοῦ
1630 1480 1711 1514 φύσιν
1725 1480 1868 1507 ἐκδίδοται.
1896 1480 1928 1507 '0

1137 1522 1165 1549 δὲ
1177 1522 1279 1554 ταύτας
1291 1523 1341 1555 τὰς
1355 1523 1501 1559 ὑπολήψεις
1522 1517 1780 1561 παραγραφόμενος,
1797 1527 1878 1553 πόθεν
1893 1527 1928 1554 ἂν

1136 1569 1242 1604 οἰηθείη
1266 1570 1329 1601 τοὺς
1354 1571 1482 1602 ἀεννάους
1504 1571 1559 1597 τῶν
1581 1572 1712 1607 ποταμῶν
1735 1573 1927 1604 ἁναδίδοσθαι;

1137 1613 1211 1650 Ἀρα
1235 1616 1272 1650 μή
1293 1624 1369 1647 τινας
1392 1616 1490 1651 λίμνας
1508 1617 1584 1649 ἐντὸς
1603 1617 1657 1644 τῶν
1675 1618 1726 1653 τῆς
1746 1618 1798 1653 γῆς
1819 1619 1929 1645 κόλπων

1139 1662 1326 1697 ὑπονοήσειεν;
1351 1662 1429 1689 Ἀλλὰ
1440 1662 1488 1689 καὶ
1498 1659 1578 1689 αὗται
1596 1663 1704 1695 πάντως
1720 1665 1744 1690 εἰ
1761 1664 1798 1699 μὴ
1812 1664 1843 1690 τὸ
1853 1665 1930 1700 ἐπιρ-

1139 1708 1200 1743 ρέον
1226 1708 1330 1743 ἔχοιεν,
1358 1709 1387 1735 ὲν
1413 1708 1508 1744 βραχεῖ
1534 1708 1746 1745 κενωθήσονται,
1775 1710 1845 1737 ὥστε
1867 1711 1928 1738 κατ’

1139 1754 1260 1788 ἀνάγκην
1282 1754 1329 1780 καὶ
1352 1754 1434 1786 ἄλλας
1459 1754 1560 1781 τούτων
1575 1755 1752 1790 ὑπερκεῖσθαι
1773 1757 1894 1791 νομίσει-
1910 1759 1927 1792 ἡ

1138 1799 1166 1825 δὲ
1185 1799 1330 1826 ἀκολουθία
1346 1799 1393 1826 τοῦ
1407 1799 1498 1834 λόγου,
1521 1799 1568 1826 καὶ
1593 1799 1641 1831 τὰς
1659 1800 1741 1832 ἄλλας
1755 1801 1930 1837 ἀναπληροῦν

1139 1844 1318 1880 ἀναζητήσει’
1332 1845 1383 1872 κᾶν
1403 1844 1485 1877 ἄλλας
1504 1845 1680 1880 ὑπερκεῖσθαι
1698 1845 1796 1880 λίμνας
1816 1847 1931 1873 ἐκείνων

1141 1890 1311 1925 ὑποτίθηται,
1333 1891 1424 1917 καὶτὸ
1438 1891 1492 1917 τῶν
1508 1891 1596 1918 ἄλλων
1618 1891 1754 1927 πλήρωμα
1773 1892 1852 1924 ποίας
1872 1893 1931 1927 ἔχει

1140 1935 1188 1966 τὰς
1212 1935 1338 1971 ἀφορμὰς
1358 1936 1512 1969 ἀναγκαίως
1536 1937 1747 1972 διερευνήσεται.
1771 1938 1825 1964 Καὶ
1841 1937 1931 1970 οὕτως

1141 1981 1181 2012 είς
1195 1981 1306 2016 ἄπειρον
1320 1980 1422 2016 προῖὼν
1433 1981 1447 2008 ὁ
1456 1981 1535 2015 λόγος
1544 1982 1662 2017 οὐδαμοῦ
1674 1984 1811 2018 στήσεται.
1824 1983 1931 2018 λιμνῶν

1141 2026 1238 2060 λίμνας
1255 2026 1410 2062 ὑπερτιθείς
1421 2034 1427 2041 ·
1453 2027 1495 2053 ἵνα
1510 2027 1537 2054 αἱ
1557 2027 1625 2062 πρὸς
1645 2029 1705 2059 ταῖς
1719 2030 1820 2063 πηγαῖς
1834 2028 1931 2064 λίμναι

1144 2072 1181 2107 μὴ
1199 2072 1385 2103 ἐπιλείπωσιν,
1401 2073 1454 2104 ἓως
1474 2072 1507 2100 ἂν
1525 2073 1581 2100 τῶν
1601 2074 1723 2108 ἐσχάτων
1735 2074 1784 2106 τὰς
1801 2074 1932 2110 ἀφορμὰς

1143 2117 1293 2153 καταλάϐῃ,
1314 2117 1348 2144 δι’
1371 2113 1438 2153 ῶνὴ
1458 2117 1505 2145 τοῦ
1528 2118 1624 2150 ὓδατος
1645 2119 1750 2154 γένεσις
1773 2119 1822 2155 τὴν
1842 2120 1933 2155 ἀρχὴν

307 2171 369 2199 licet
388 2175 492 2198 tantum
514 2178 546 2198 ex
568 2177 599 2197 ea
620 2169 698 2204 copia
721 2177 852 2204 aquarum
873 2174 1014 2205 erumpat,
1036 2178 1086 2198 non

1143 2162 1285 2198 λαμϐάνει.
1306 2163 1394 2197 Ὅπερ
1415 2163 1504 2191 τοίνυν
1521 2164 1594 2196 εἰκός
1608 2165 1666 2191 ἐστι
1681 2165 1731 2199 τῆς
1752 2165 1862 2201 πρώτης
1881 2166 1930 2193 τοῦ

282 2234 287 2236 τ
306 2217 486 2248 imminuitur,
503 2217 630 2251 quoniam
655 2215 763 2243 assidue
783 2216 817 2242 ab
839 2216 985 2244 exsiccatis
1007 2224 1092 2251 vapo-

306 2265 383 2291 ribus
400 2264 580 2290 instauratur.
597 2262 646 2290 llis
662 2263 699 2290 ita
712 2262 887 2294 constitutis,
903 2271 958 2290 non
975 2264 1092 2298 amplius

306 2315 401 2337 mutua
429 2309 509 2337 nobis
534 2310 732 2337 elementorum
762 2309 834 2336 inter
859 2317 888 2336 se
913 2309 1092 2336 commutatio

306 2356 484 2383 claudicabit.
503 2355 623 2390 Apparet
637 2355 710 2382 enim
725 2355 809 2387 ordo,
825 2363 880 2390 quo
901 2356 983 2382 unius
1005 2355 1032 2382 in
1054 2355 1094 2381 al-

307 2407 396 2433 terum
413 2402 592 2429 commutatio
609 2405 651 2429 est
666 2406 744 2429 ortus
762 2402 834 2429 illius
851 2409 944 2429 causa.
970 2400 1093 2435 Esempli

307 2448 395 2482 gratia
409 2455 415 2474 :
432 2455 502 2481 aqua
516 2455 563 2482 per
578 2455 693 2482 vapores
708 2447 815 2475 sublata
838 2447 868 2474 ﬁt
888 2455 944 2474 aer.
969 2447 1021 2474 Acr
1037 2454 1096 2472 ma-

308 2493 432 2520 defactus
447 2493 474 2519 in
491 2493 633 2528 superiore
648 2492 755 2520 ﬂamma
770 2493 934 2520 exsiccatur.
949 2492 1026 2524 Quod
1042 2497 1095 2518 ter-

309 2545 404 2566 renum
420 2541 463 2565 est
477 2545 525 2572 per
541 2538 613 2573 ignis
627 2542 754 2565 naturam
777 2538 811 2565 ab
834 2537 947 2564 humido
971 2538 1093 2564 secerni-

309 2593 362 2621 tur,
376 2593 514 2624 terraeque
532 2588 667 2616 redditum
686 2597 734 2624 per
748 2589 907 2624 qualitatem
924 2588 1050 2623 frigidam
1066 2588 1094 2616 in

311 2649 408 2676 aquam
422 2645 617 2670 commutatur.
637 2641 675 2668 Ex
689 2648 743 2676 quo
760 2640 788 2667 lit
798 2661 806 2673 .
822 2645 852 2668 ut
867 2641 926 2668 sine
940 2641 995 2668 ullo
1010 2642 1096 2676 impe-

311 2694 432 2721 dimento
454 2701 561 2728 semper
582 2693 717 2721 elementa
742 2691 863 2719 vicissim
887 2692 958 2719 inter
978 2700 1007 2720 sc
1022 2700 1096 2720 com-

312 2750 403 2773 meent
416 2766 423 2778 ,
440 2750 466 2773 et
481 2744 719 2776 circumferantur,
740 2744 899 2779 nullumque
921 2752 953 2771 ex
976 2745 1029 2772 illis
1050 2750 1096 2773 aut

312 2802 490 2825 consumatur
505 2800 551 2823 aut
564 2795 695 2823 redundet
711 2801 792 2831 atque
808 2796 955 2828 exuberet,
974 2795 1020 2824 sed
1038 2803 1098 2824 om.

1145 2208 1240 2239 ὓδατος
1248 2209 1355 2244 φύσεως
1369 2209 1460 2237 αἰτίαν
1474 2210 1660 2246 ἐξευρεθῆναι,
1669 2211 1737 2237 πολὺ
1746 2211 1778 2237 ἂν
1787 2211 1935 2245 εὐλογώτει

1135 2263 1192 2297 ’ρον
1207 2254 1249 2290 εἴη
1262 2254 1341 2282 τοῦτο
1361 2255 1424 2290 περὶ
1439 2255 1488 2291 τὴν
1495 2256 1550 2282 τῶν
1559 2255 1655 2291 πηγῶν
1671 2256 1799 2283 σύστασιν
1819 2258 1932 2288 ἐννοεῖν,

1144 2300 1192 2327 καὶ
1210 2300 1247 2335 μὴ
1268 2300 1317 2332 τὰς
1341 2300 1484 2334 ὑπογείους
1509 2301 1606 2336 λίμνας
1623 2302 1814 2335 φαντάζεσθαι,
1830 2303 1878 2337 ἀφ’
1893 2300 1934 2329 ὦν

1144 2344 1224 2376 εὐθὺς
1246 2345 1293 2371 καὶ
1311 2345 1341 2371 τὸ
1361 2345 1519 2380 κατωφερὲς
1535 2346 1584 2380 τῆς
1595 2346 1642 2372 τοῦ
1657 2346 1754 2378 ὓδατος
1772 2347 1879 2380 φύσεως
1902 2349 1935 2381 ἐξ

1144 2389 1265 2416 ἐναντίου
1288 2389 1355 2425 πρὸς
1376 2389 1422 2416 τὺν
1446 2389 1523 2423 λόγον
1542 2390 1658 2418 ῖσταται.
1687 2390 1750 2423 Πῶς
1766 2391 1820 2426 γὰρ
1837 2393 1883 2418 ἐπὶ
1901 2394 1936 2420 τὴ

1145 2435 1200 2462 ἄνω
1226 2436 1356 2470 ρυήσεται
1378 2434 1409 2463 οὗ
1441 2436 1457 2471 ἡ
1481 2436 1561 2470 φύσις
1587 2436 1655 2463 ἰδίαν
1680 2436 1736 2471 ἔχει
1759 2437 1808 2473 τὴν
1831 2438 1878 2464 ὲπ¹ι
1902 2428 1936 2466 τὸ

1145 2481 1220 2507 κάτω
1235 2481 1337 2517 φοράν;
1364 2481 1479 2508 Ἔπειτα
1498 2481 1527 2508 δὲ
1550 2482 1596 2508 καὶ
1618 2482 1678 2508 ὅσον
1694 2482 1724 2508 τὺ
1747 2483 1862 2517 μέγεθος
1878 2484 1936 2511 τῶν

1145 2526 1249 2562 λιμνῶν
1275 2527 1386 2553 ἐκείνων
1409 2528 1426 2562 ἡ
1447 2527 1574 2563 διηνεκὴς
1597 2527 1650 2554 τῶν
1671 2528 1806 2555 τοσούτων
1829 2529 1939 2558 ὑδάτων

1146 2571 1268 2607 ἀπορροὴ
1288 2570 1465 2606 στοχάζεσθαι
1489 2572 1605 2605 δίδωσιν,
1620 2571 1691 2599 ὥστε
1713 2573 1840 2600 τοσοῦτον
1865 2583 1938 2610 προ-

1147 2617 1277 2652 χεύουσαν
1293 2617 1322 2643 ὲν
1334 2617 1472 2649 τοσούτοις
1481 2616 1597 2652 χρόνοις,
1609 2617 1745 2645 ἁκένωτον
1765 2619 1865 2654 μένειν,
1882 2629 1940 2657 μη-

1146 2661 1220 2693 δενὸς
1245 2661 1350 2688 ἔνδοθεν
1370 2663 1401 2688 τὸ
1421 2662 1491 2695 ἐξιὸν
1512 2663 1727 2697 ἀντεισάγοντος;
1753 2663 1832 2691 Ἀλλὰ
1854 2665 1940 2700 δῆλον

1147 2707 1180 2733 ἂν
1197 2706 1239 2742 εῐη
1255 2707 1300 2734 διὰ
1312 2707 1366 2734 τῶν
1383 2707 1584 2743 ὲξητασμένων,
1599 2709 1639 2735 ὅτι
1654 2709 1694 2744 τῷ
1714 2710 1825 2745 ποταμῷ
1841 2711 1891 2745 μὲν
1904 2709 1937 2739 οὐ

1147 2751 1234 2778 λείπει
1259 2752 1276 2786 ἡ
1299 2752 1414 2787 χορηγία
1437 2752 1483 2778 τοῦ
1507 2752 1612 2784 ὕδατος.
1627 2753 1678 2787 τῆς
1695 2753 1748 2788 γῆς
1767 2756 1835 2790 πρὸς
1855 2755 1939 2784 τοῦτο

1148 2796 1361 2832 μεθισταμένης,
1384 2797 1413 2823 '0
1432 2797 1460 2823 δὲ
1482 2798 1564 2831 ὄγκος
1581 2798 1631 2833 τῆς
1649 2799 1702 2832 γῆς
1715 2799 1764 2825 οὐκ
1776 2799 1937 2829 ἐλαττοῦται
