1976 3077
61 123 115 152 H3

667 131 698 158 ΙΝ
719 131 853 160 ΙΙΕΧΑΕΜ

910 133 955 161 0N
976 133 1086 161 LIBER.
1098 165 1101 168 _
1639 136 1690 164 Hi

60 181 104 229 διὰ
118 181 165 229 τοῦ
179 181 344 217 ὑπεξιόντος,
355 184 404 220 τῆς
414 185 528 213 πάντοτε
540 186 685 222 γινομένης
694 188 748 214 τῶν
759 189 849 225 ξηρῶν

907 191 945 218 aia
958 191 985 218 in
1000 198 1052 226 qua
1067 190 1186 226 primum
1201 195 1348 219 constituta
1365 196 1429 220 sunt
1446 200 1576 221 mensura
1591 201 1689 229 perpe-

59 227 155 262 ὰτμῶν
176 229 339 264 μεταϐολῆς.
361 231 391 257 τὺ
415 231 458 269 ἀεὶ
484 231 643 266 μειούμενον
656 234 688 259 ὲκ
704 234 751 260 τοῦ
770 234 851 269 ὄγκου

907 242 951 264 tuo
967 241 1104 265 maneant.

62 273 282 310 ἀναπληρούσης.
299 272 349 302 Ὧν
371 277 530 311 γινομένων,
557 277 645 304 οὐκέτ’
667 277 699 305 ἂν
724 280 790 314 ἡμῖν
815 281 832 316 ή
859 282 897 312 εἰς
911 282 1012 318 ἄλληλα
1036 282 1090 309 τῶν
1118 281 1256 316 στοιχείων
1282 281 1422 314 ἀλλοίωσις
1447 282 1556 314 σκάζειν
1588 283 1691 316 δοκοίη,

59 319 127 346 ἀλλά
146 320 179 347 δι’
196 321 344 349 ἀκολούθου
365 323 504 359 δεσμεῖται
522 325 536 351 ὁ
563 324 660 359 λόγος,
691 326 739 361 τὴν
762 327 879 354 ἑκάστου
908 330 976 364 πρὸς
999 330 1029 355 τὸ
1055 330 1147 365 ἕτερον
1174 327 1296 363 τροπὴν,
1319 329 1424 363 γένεσιν
1451 330 1553 355 ἐκείνου
1584 329 1631 356 τοῦ
1653 332 1692 361 εἰς

58 364 72 410 ἦ
88 366 238 402 μετεσλήθη
264 368 379 403 βλέπων,
396 370 444 396 καὶ
459 370 510 406 τὴν
523 371 570 397 ἀπ’
588 371 691 398 ἐκείνου
707 372 774 407 πρὸς
800 373 829 400 τὸ
855 374 884 406 ἐξ
899 375 986 410 ἀρχῆς
1007 376 1087 403 πάλιν
1106 376 1335 403 ἀποκατάστασιν.
1353 373 1414 402 υἷον
1427 375 1456 402 τὸ
1472 375 1543 410 ὕδωρ
1563 376 1630 410 πρὸς
1647 377 1692 402 τὶν

59 407 128 447 ἀέρα
141 411 183 439 διὰ
199 413 252 440 τῶν
273 414 367 450 ἀτμῶν
389 415 522 450 ἀναχθὲν,
546 416 600 452 ἀὴρ
618 417 740 451 ἐγένετο·
762 419 776 445 ὁ
796 419 849 455 ἀὴρ
866 420 894 454 ὑγ
903 407 1010 456 ρανθεὶς
1032 423 1062 448 ὲν
1085 422 1123 457 τῷ
1148 423 1339 458 ὑπερκειμένῳ
1360 420 1473 456 φλογμῷ
1484 407 1692 456 κατεξηράνθηθ

59 460 91 484 ”
117 458 218 492 γεῶδες
239 459 286 486 τοῦ
311 459 395 496 ὕγροῦ
420 461 465 487 διὰ
492 461 542 496 τῆς
561 461 608 488 τοῦ
633 463 718 498 πυρὸς
745 464 853 498 φύσεως
881 467 1036 503 ἀπεκρίθη·
1061 468 1140 494 τοῦτο
1162 468 1190 495 ὲν
1212 469 1245 504 τῇ
1272 469 1306 504 γῇ
1326 467 1469 502 γενόμενον
1489 466 1531 492 διὰ
1562 466 1610 501 τῆς
1639 467 1692 501 ψυ-

59 507 128 541 χρᾶς
151 506 292 541 ποιότητος
312 509 353 540 εἰς
379 508 450 543 ὕδωρ
477 510 660 545 μετεποιήθη·
685 511 731 538 καὶ
751 511 837 544 οὕτως
854 512 1066 549 ἁδιάλειπτος,“
1081 515 1126 541 καὶ
1134 516 1272 551 ἀνωμένου
1298 516 1343 542 καὶ
1361 514 1467 547 οὐδενὸς
1489 514 1691 548 πλεονάζοντος,

58 552 116 578 ἀλλ’
128 553 157 579 ὲν
169 555 225 585 τοῖς
237 553 266 585 ὲξ
276 554 362 589 ἀρχῆς
374 554 483 590 μέτροις
495 557 533 587 εἰς
545 555 575 582 τὸ
588 556 708 591 διηνεκὲς
722 558 902 593 διαμένοντος.

103 598 208 626 οὐκοῦν
244 599 308 625 ἀλλο
337 608 363 626 τι
394 601 470 636 παρά
505 601 555 636 τὴν
586 601 672 637 ὑγρὰν
707 603 787 637 φύσιν
820 605 855 631 τὰ

59 644 246 679 ὑπερκείμενα
269 644 317 671 τοῦ
343 645 532 681 στερεώματος
557 644 641 674 ὕδατα
662 649 741 680 νοεῖν,
758 649 775 684 ὴ
799 648 853 675 τῶν

59 689 257 722 ἐξετασθέντων
285 690 431 717 ἀκολουθία
461 691 586 725 δίδωσιν,
617 692 696 729 εἴπερ
734 693 773 729 τῷ
816 694 853 730 μὴ

59 735 206 771 τρέφεσθαι
235 737 269 772 τῇ
300 736 348 763 τοῦ
377 737 461 772 ὑγροῦ
479 737 586 774 δαπάνῃ
624 738 675 773 τὴν
699 738 746 765 τοῦ
768 739 854 774 πυρὸς

60 781 142 815 φύσιν
164 781 197 808 ὲκ
218 781 274 808 τῶν
295 782 448 817 εἰρημένων
471 784 686 818 κατενοήσαμεν.
713 783 853 810 Δέδεικται

61 827 115 862 γὰρ
134 828 164 854 ὲν
183 828 239 858 τοῖς
259 826 464 862 ἑξητασμένοις,
479 828 518 854 ὅτι
537 828 567 854 τὸ
582 827 682 864 θερμόν
700 828 739 864 τῷ
755 829 851 864 ψυχρῷ

61 873 122 907 οὖχὶ
141 873 280 908 τρέφεται,
302 873 371 900 ἀλλὰ
397 874 556 901 σϐέννυται·
580 875 627 901 καὶ
649 875 679 901 τὸ
713 875 795 910 ὑγρὸν
814 875 852 911 τῷ

61 917 137 953 ξηρῷ
159 918 326 952 ἀφανίζεται,
337 919 376 945 ,οὐ
390 919 541 950 πλεονάζει,
568 919 638 946 Ἀλλ’
651 920 697 946 ἐπὶ
711 921 741 947 τὸ
759 921 852 956 ἕτερον

942 603 979 630 Ex
995 603 1039 637 iis,
1054 611 1115 639 quae
1126 604 1262 639 disputata
1274 607 1351 636 sunt,
1365 603 1502 637 sequitur.
1515 606 1544 629 ut
1555 610 1631 637 aqua:
1643 610 1691 629 su-

904 657 952 684 pra
963 650 1162 677 ﬁrmamentum
1174 651 1232 678 sita;
1244 650 1277 677 ab
1288 649 1340 677 hac
1352 649 1464 676 humida
1476 653 1573 676 natura
1585 648 1689 676 disere-
1720 648 1726 650 ’

904 699 979 730 pent.
997 696 1074 723 Patet
1090 697 1162 723 enim
1178 695 1281 723 humidi
1298 700 1377 731 pastu
1394 699 1522 722 naturam
1537 694 1608 729 ignis
1632 701 1689 720 non

905 741 938 768 ali
953 736 1242 777 :denionstratumque
1252 745 1304 774 est,
1317 741 1435 768 calidum
1445 739 1544 775 frigido
1556 746 1611 766 non
1625 746 1690 766 enu-

904 787 964 813 triri
974 807 981 818 ,
993 787 1040 814 sed
1053 787 1187 821 exstingui
1202 796 1208 814 :
1222 790 1248 814 et
1262 786 1374 813 humido
1387 786 1491 813 siccum
1508 785 1592 812 deleri
1603 805 1610 817 ,
1632 791 1708 825 non,

904 832 1038 868 adjuvari.
1052 832 1235 865 Quamobrem
1246 836 1356 867 tempus
1367 835 1426 862 est,
1439 835 1468 857 ut
1478 830 1629 857 oralionem
1643 836 1690 856 no~

903 883 988 905 stram
1015 879 1069 905 alio
1088 882 1299 911 eonvertamus,
1320 884 1533 913 quarramusque
1551 876 1688 910 quomodo

903 923 984 950 tertio
992 922 1037 950 die
1045 923 1124 950 facta)
1132 927 1195 950 sunt
1205 930 1310 954 omnes,
1321 930 1381 957 qua:
1393 922 1420 949 in
1429 921 1499 949 caelo
1511 926 1585 954 sunt,
1593 921 1686 949 stellae.

61 962 116 988 τῶν
138 963 310 998 ζητουμένων
325 964 420 1000 καιρὸς
437 965 470 991 ἂν
485 965 528 1000 εἴη
538 965 636 1000 τρέψαι
655 966 705 1001 τὴν
725 965 851 1002 θεωρίαν,

907 967 979 1001 Quod
991 969 1072 1003 igitur
1083 968 1210 995 omnibus
1222 968 1304 995 rebus
1317 967 1553 1002 admirandisqua:
1561 973 1691 1001 procrea-

63 1008 122 1040 πῶς
144 1009 212 1044 μετὰ
227 1009 275 1044 τὴν
293 1010 389 1045 τρίτην
408 1010 516 1045 ἡμέραν
539 1011 639 1042 πάντες
655 1012 679 1038 οἱ
700 1013 759 1039 κατ’
773 1012 852 1047 οὐρα-

62 1054 107 1080 νὸν
125 1054 266 1089 φωστῆρες
281 1056 451 1090 πεποίηνται.
468 1056 531 1082 Ὅτι
546 1056 596 1090 μὲν
606 1054 652 1083 οὖν
664 1056 779 1083 ἑκάστου
799 1057 853 1083 τῶν

62 1100 216 1134 γινομένων
242 1100 387 1136 θαυμάτων
418 1100 497 1135 λόγος
523 1110 566 1133 τις
593 1102 664 1134 οεῖος
691 1102 853 1138 καθηγεῖται

62 1145 277 1180 προστακτικὸς,
302 1146 373 1172 οὕτω
397 1146 444 1173 τοῦ
467 1147 590 1179 Μωσέως
615 1147 757 1183 ῐσπρικῶς
779 1149 853 1182 ἡμᾶς

61 1190 96 1216 τὶι
117 1189 206 1224 ὑψηλὰ
230 1189 284 1216 τῶν
306 1189 448 1225 δογμάτων
471 1191 698 1224 διδάσκοντος.ἐν
712 1194 768 1225 τοῖς
787 1192 854 1228 φθὰ-

63 1243 143 1262 σασιν
167 1235 337 1271 ὲξητάσαμεν
355 1236 462 1270 λόγοις,
479 1238 508 1263 ἐν
527 1235 568 1268 οἷς
590 1237 669 1264 τοῦτο
687 1238 853 1273 κατενοήσα-

64 1290 115 1316 μεν
127 1302 134 1314 ,
149 1282 179 1307 τὸ
193 1282 230 1318 μὴ
246 1282 409 1317 πρόσταγμα
426 1279 495 1309 εἶναι
507 1281 550 1309 διὰ
567 1283 696 1318 ῥημάτων
713 1283 854 1319 γινόμενον

61 1328 112 1362 τὴν
129 1327 203 1354 θείαν
223 1328 328 1363 φωνὴν,
345 1328 412 1355 ἀλλὰ
432 1329 481 1364 τὴν
504 1330 632 1364 τεχνικήν
653 1338 683 1356 τε
702 1331 749 1356 καὶ
771 1330 854 1366 σοφὴν

61 1374 177 1408 δύναμιν
191 1374 306 1401 ἑκάστου
324 1374 377 1400 τῶν
392 1375 552 1410 γινομένων,
572 1375 632 1401 καθ’
655 1377 689 1411 ἢν
703 1376 854 1411 ἐνεργεῖται

61 1419 96 1446 τὰ
112 1420 140 1445 ἐν
154 1421 209 1451 τοῖς
226 1418 284 1447 οὖσι
296 1420 432 1455 θαύματα,
449 1421 528 1447 τοῦτο
544 1421 622 1456 λόγον
636 1421 703 1448 Θεοῦ
718 1423 764 1449 καὶ
782 1420 852 1450 εἶναι

62 1465 110 1491 καὶ
123 1465 267 1499 λέγεσθαι,
287 1467 334 1493 καὶ
347 1467 387 1492 ὅτι
404 1467 506 1499 παντὸς
521 1467 626 1502 ἀθρόως
643 1466 690 1494 τοῦ
715 1467 785 1494 κατὰ
805 1468 854 1503 τὴν

63 1510 154 1538 κτίσιν
178 1511 360 1547 πληρώματος
383 1514 413 1539 ἐν
433 1512 472 1547 τῷ
494 1512 595 1548 πρώτῳ
620 1513 666 1540 τοῦ
685 1513 752 1540 Θεοῦ
777 1513 855 1550 θελήι

63 1563 131 1589 ματι
150 1556 311 1589 συστάντος,
325 1557 342 1592 ἡ
362 1557 518 1591 ἀναγκαίως
539 1557 611 1584 κατά
627 1557 676 1593 τὴν
690 1559 855 1594 ὲγκειμένην

61 1601 120 1632 τοῖς
133 1598 192 1627 οὖσι
210 1601 306 1636 σοφίαν
326 1603 446 1638 ἑπομένη
463 1603 555 1635 τάξις,
582 1603 650 1639 πρὸς
671 1604 720 1639 τὴν
737 1605 854 1631 ἑκάστου

62 1646 118 1672 τῶν
145 1647 283 1681 στοιχείων
304 1648 450 1680 ἀνάδειξιν,
468 1648 521 1675 τῶν
538 1648 617 1675 Θείων
634 1649 855 1684 προσταγμάτων

60 1692 112 1727 τὴν
125 1691 284 1720 ἀκολουθίαν
302 1693 368 1728 ἔχει.
388 1694 510 1721 Συνελὼν
523 1695 578 1730 γὰρ
591 1696 619 1721 ὲν
638 1696 671 1730 τῇ
695 1694 790 1730 πρώτῃ
807 1696 856 1730 τῆς

63 1736 227 1773 αἱσθητικῆς
244 1739 358 1770 κτίσεως
377 1739 542 1772 ὑποστάσει,
563 1740 746 1776 περιληπτικῇ
761 1741 854 1775 φωνῇ,

62 1783 94 1810 τδ
121 1784 174 1809 πᾶν
197 1785 211 1810 ὁ
235 1783 335 1818 Μωσῆς
364 1785 516 1817 ἐνεδείξατο
538 1785 639 1812 εἰπών·
674 1795 683 1811 ι
716 1786 759 1812 Ἐν
785 1787 855 1821 ἀρχῇ

62 1828 192 1863 ἐποίησεν
211 1830 225 1855 ὁ
239 1830 305 1861 Θεὸς
323 1831 368 1856 τὸν
388 1831 501 1866 οὐρανὸν
518 1831 564 1856 καὶ
583 1830 632 1865 τὴν
647 1831 710 1865 γῆν.
731 1840 740 1856 ι
759 1830 796 1856 Τὸ
809 1829 856 1857 οὖν

63 1873 204 1909 πλήρωμα
217 1874 271 1901 τῶν
285 1875 369 1902 ὄντων
388 1874 472 1901 εἰπὼν
486 1876 526 1901 δτι
540 1875 678 1910 ἐποίησεν,
692 1875 808 1910 καθεξῆς
828 1876 856 1902 ἐν

61 1918 141 1951 τάξει
154 1920 209 1945 τινὶ
232 1922 334 1956 φυσικῇ
349 1920 397 1955 τὴν
417 1920 562 1955 γινομένην
578 1921 693 1947 ἑκάστου
708 1921 762 1947 τῶν
773 1921 856 1948 ὅντων

61 1964 200 1997 ἀνάδειξιν
228 1966 435 2000 ἐπισημειοῦται
463 1966 501 2001 τῷ
531 1966 612 2001 λόγῳ.
643 1966 740 2001 Γέγονε
767 1967 856 1993 τοίνυν

62 2012 135 2048 μετὰ
153 2011 262 2038 πάντων
281 2012 310 2038 τὸ
328 2012 400 2046 φῶς.
416 2012 473 2039 ἀλλ’
487 2013 536 2039 οὐκ
552 2012 632 2043 εὐθὺς
649 2012 790 2047 προεφάνη
803 2012 856 2038 τῶν

61 2058 188 2089 πάντων,
203 2057 255 2089 ἕως
275 2057 310 2084 τὰ
324 2058 431 2092 ἀφεγγῆ
445 2059 494 2093 τῆς
514 2057 628 2089 κτίσεως
643 2057 713 2093 μέρη
728 2058 777 2093 τῆς
799 2066 856 2092 φω-

61 2105 187 2140 τιστικῆς
202 2105 418 2140 ἐπιπροσθοῦντα
435 2105 575 2140 δυνάμεως
594 2105 689 2140 ἔμενεν
700 2113 707 2120 ⁶
735 2104 801 2140 ὁμοῦ
827 2105 855 2131 δὲ

60 2151 102 2186 τῷ
122 2150 231 2185 δοθῆναι
255 2151 330 2186 παρά
348 2150 395 2177 τοῦ
416 2150 483 2191 Geo?!
498 2152 530 2186 τῇ
545 2151 631 2177 κτίσει
647 2151 714 2186 πρὸς
731 2151 780 2187 τὴν
795 2150 855 2177 δια.
871 2162 893 2191 D

62 2196 199 2230 κόσμησιν
220 2196 304 2231 αὐτῆς
324 2196 354 2222 τὸ
379 2196 528 2231 ἐνδόσιμον,
551 2197 567 2230 ἡ
598 2196 725 2232 πυρώδης
753 2205 782 2222 τε
806 2197 854 2222 καὶ

63 2240 214 2276 φωτιττικὴ
237 2241 351 2276 δύναμις
377 2242 427 2276 τῆς
452 2241 567 2272 κτίσεως
597 2242 737 2276 προεφάνη
760 2242 788 2268 ὲν
816 2241 855 2276 τῷ

62 2285 158 2320 κούφῳ
185 2287 231 2313 καὶ
255 2287 388 2321 εὐκινήτῳ
413 2287 463 2322 τῆς
483 2287 607 2321 φύσεως,
632 2287 853 2322 προεξαλλομένη

61 2331 118 2358 τῶν
133 2331 230 2358 ἄλλων.
257 2333 311 2358 Καὶ
338 2334 406 2364 τέως
431 2333 480 2368 μὲν
511 2331 545 2368 ἦν
566 2334 640 2359 πᾶσα
663 2332 726 2368 περὶ
750 2333 853 2367 ἑαυτὴν

61 2376 230 2412 ἠθροισμένη
246 2378 292 2404 καὶ
306 2378 490 2415 περιπολοῦσα
505 2379 534 2405 τὸ
552 2379 605 2406 πᾶν
616 2387 622 2393 ·
638 2377 707 2414 μετὰ
723 2378 802 2404 τοῦτο
824 2379 852 2405 δὲ

62 2421 146 2448 πάλιν
173 2424 228 2455 τοῖς
253 2424 327 2455 ἰδίοις
351 2425 455 2460 μορίοις
480 2424 548 2460 πρὸς
570 2424 604 2450 τὰ
618 2424 736 2459 συγγενῆ
760 2432 788 2450 τε
806 2423 852 2450 καὶ

63 2469 221 2504 κατάλληλα
239 2469 415 2506 διακρίνεται.
434 2471 518 2505 Δῆλον
537 2461 590 2505 γάρ
612 2471 644 2496 ἐκ
671 2470 724 2495 τῶν
745 2469 852 2504 ὁρωμέ-

61 2524 128 2547 νων,
148 2516 189 2542 ὄτι
211 2516 241 2542 οὑ
260 2517 308 2552 μία
324 2518 373 2552 τῆς
385 2518 549 2552 φωτιστικῆς
565 2517 670 2551 φύσεώς
691 2517 762 2542 ἐστιν
776 2517 792 2550 ἡ
807 2515 853 2541 δύ-

904 1017 937 1040 ιιυ
959 1018 1022 1041 sunt
1036 1033 1043 1045 ,
1058 1013 1181 1040 divinum
1203 1012 1338 1048 quoddam
1355 1012 1512 1039 mandatum
1529 1011 1690 1046 imperium-

903 1066 956 1093 que
978 1059 1116 1094 sigillatim
1142 1057 1331 1093 praecesserit,
1354 1065 1386 1085 ex
1409 1057 1492 1085 Mosis
1516 1057 1630 1084 historia
1651 1056 1692 1084 sic

903 1104 1010 1131 excelsa
1031 1104 1088 1142 hmc
1110 1103 1219 1131 decreta
1239 1104 1438 1138 complcclente
1453 1104 1481 1130 in
1498 1102 1690 1137 superioribus
1703 1112 1709 1115 ν

903 1150 1162 1181 animadvertimus,
1189 1149 1413 1183 didicimusque.
1441 1148 1564 1176 divinam
1593 1155 1689 1174 vocem

904 1203 958 1222 non
987 1203 1049 1223 esse
1066 1195 1224 1223 mandatum
1241 1195 1332 1223 verbis
1355 1201 1528 1230 expressum,
1552 1198 1580 1220 et
1602 1192 1691 1228 expli-

903 1242 1008 1271 catum,
1026 1238 1074 1266 sed
1085 1239 1218 1266 artificem
1229 1245 1261 1266 ac
1275 1240 1425 1273 sapientem
1439 1238 1466 1265 in
1481 1238 1562 1265 rebus
1574 1237 1690 1272 singulis

904 1288 1082 1319 potestatem,
1101 1292 1155 1320 qua
1172 1292 1214 1316 ea,
1229 1292 1291 1320 qua;
1309 1284 1335 1310 in
1352 1284 1420 1319 ipsis
1433 1288 1586 1311 cernuntur
1602 1283 1690 1310 admi-

904 1331 1016 1362 rabilia,
1042 1330 1165 1365 perfecta
1187 1335 1268 1362 sunt,
1299 1331 1443 1366 primaque
1467 1329 1514 1357 Dei
1549 1329 1691 1357 voluntate

905 1377 998 1403 statim
1013 1377 1126 1403 omnino
1142 1384 1233 1404 rerum
1249 1376 1456 1404 universitatem
1474 1375 1626 1408 exstitisse,
1645 1383 1693 1402 or-

905 1422 1054 1458 dinemque
1083 1423 1229 1458 sapientiae
1258 1423 1287 1449 in
1316 1422 1384 1457 ipsis
1418 1422 1507 1449 insitio
1534 1422 1693 1449 necessario

905 1472 1111 1504 permanentem
1121 1468 1276 1496 divinorum
1287 1469 1481 1496 mandatorum
1492 1467 1545 1494 vim
1555 1472 1581 1495 et
1593 1467 1692 1495 seriem

906 1515 1040 1542 obtinere.
1066 1513 1187 1542 Breviter
1209 1514 1282 1541 enim
1309 1521 1414 1545 rerum,
1440 1521 1502 1548 quae
1528 1521 1612 1541 sensu
1630 1520 1692 1547 per-

905 1559 1056 1594 cipiuntur,
1084 1559 1307 1594 procreationem
1338 1560 1536 1594 complectens,
1561 1559 1692 1586 mundum

906 1605 1064 1632 universum
1078 1605 1207 1638 ostendit,
1225 1605 1272 1632 «In
1284 1605 1432 1640 principio,
1449 1615 1458 1631 ι
1479 1606 1619 1640 inquiens,
1630 1615 1638 1630 ι
1653 1605 1694 1632 fe-
1716 1608 1728 1614 ‘

906 1650 942 1676 cit
960 1649 1033 1677 Deus
1054 1649 1155 1677 malum
1170 1653 1198 1677 et
1211 1653 1324 1678 terram.
1338 1659 1346 1674 ι
1366 1649 1472 1682 Quibus
1492 1649 1581 1677 verbis
1599 1656 1692 1675 rerum

906 1695 1089 1731 arriversitate
1114 1694 1333 1730 comprehensa,
1368 1694 1502 1730 deinceps
1536 1694 1692 1721 naturalem

907 1739 1050 1775 quemdam
1065 1740 1238 1776 singulorum
1255 1741 1380 1769 ordinem
1397 1741 1583 1776 persequitur.
1604 1739 1693 1766 Simul

906 1786 990 1821 igitur
1012 1793 1074 1812 cum
1101 1785 1217 1820 reliquis
1241 1785 1324 1813 rebus
1351 1785 1481 1812 omnibus
1509 1787 1638 1818 generata
1652 1787 1694 1808 est

907 1832 965 1862 lux,
988 1830 1036 1858 sed
1059 1839 1113 1858 non
1138 1831 1274 1865 extemplo
1301 1830 1384 1857 rebus
1408 1829 1537 1857 omnibus
1555 1828 1692 1864 prmluxit,

907 1877 1028 1912 quandiu
1047 1881 1139 1911 partes
1155 1882 1245 1903 rerum
1261 1875 1387 1903 obscurae
1404 1875 1456 1902 vim
1474 1875 1534 1910 ejus
1553 1875 1694 1902 illustran-

907 1925 962 1948 tem
979 1921 1199 1956 impediverunt;
1222 1924 1249 1947 at
1266 1920 1348 1947 simul
1376 1925 1459 1955 atque
1478 1920 1548 1946 ratio
1562 1927 1693 1946 concessa

907 1969 949 1992 est
977 1973 990 1992 a
1008 1965 1074 1998 Deo,
1095 1965 1172 2001 ignea
1188 1965 1230 1991 vis
1243 1965 1401 1992 illustrandi
1415 1962 1692 1999 pra-fulsitomnibus,

908 2011 1016 2046 sibique
1038 2016 1141 2038 natura:
1161 2012 1280 2043 levitate,
1306 2018 1338 2038 ac
1366 2010 1528 2044 mobilitate,
1555 2009 1692 2044 patefai'la

907 2058 962 2090 via,
987 2058 1133 2093 prosilivit.
1164 2058 1203 2084 Ac
1228 2062 1294 2084 tunc
1323 2057 1434 2092 quidem
1457 2057 1584 2084 universa
1610 2056 1637 2082 in
1664 2063 1694 2082 se

908 2107 1004 2131 coacta
1023 2104 1155 2131 uiundum
1169 2104 1263 2131 obibat
1280 2112 1286 2131 :
1304 2111 1365 2130 mox
1393 2107 1484 2129 autem
1503 2101 1621 2136 propriis
1638 2108 1700 2135 par-

908 2150 982 2176 tibus
998 2150 1024 2176 in
1037 2157 1080 2181 ea,
1094 2157 1154 2184 qua:
1176 2149 1227 2176 sibi
1247 2153 1364 2184 cognata
1381 2148 1586 2182 conjunctaun
1605 2150 1694 2177 eram,

907 2196 992 2222 divisa
1005 2200 1065 2231 est.
1093 2195 1170 2228 Quod
1195 2199 1288 2222 autem
1311 2194 1372 2229 ejus
1396 2197 1496 2220 natura
1519 2200 1574 2219 non
1600 2193 1636 2219 sit
1662 2200 1695 2219 ex

906 2242 950 2273 iis,
966 2249 1027 2276 qua:
1042 2241 1178 2272 videntur,
1197 2240 1373 2275 perspicuum
1391 2243 1444 2266 est.
1468 2237 1497 2264 Si
1520 2237 1583 2272 quis
1602 2242 1694 2264 tameu

907 2287 995 2314 lucem
1009 2295 1042 2314 ex
1060 2287 1190 2314 omnibus
1206 2290 1331 2313 coactam
1347 2292 1430 2312 unam
1449 2291 1511 2311 esse
1532 2291 1632 2318 genere
1653 2283 1694 2310 di-

906 2337 961 2364 cat,
992 2340 1046 2359 non
1077 2332 1192 2364 errabit,
1224 2331 1336 2367 quando
1360 2331 1472 2358 divinus
1498 2330 1580 2358 etiam
1603 2337 1695 2358 sermo

908 2379 1041 2413 singulari
1068 2386 1134 2405 voce
1163 2379 1320 2405 universam
1346 2377 1493 2413 signiﬁcat,
1520 2377 1694 2412 praecipiens,

908 2429 937 2451 ut
951 2424 995 2451 lux
1006 2444 1014 2456 ,
1033 2432 1086 2450 non
1103 2429 1204 2456 autem,
1227 2428 1256 2450 ut
1274 2424 1366 2458 plures
1382 2424 1459 2451 liant.
1477 2423 1575 2450 Verum
1586 2423 1617 2459 ,εἰ
1633 2423 1695 2457 quis

907 2477 950 2501 ea,
961 2477 1020 2503 qua:
1037 2469 1175 2500 videntur,
1193 2469 1342 2504 aspexerit,
1358 2469 1537 2503 multiplicem
1554 2469 1695 2496 illustran-

907 2516 942 2542 tis
959 2516 1086 2550 potentiae
1101 2515 1285 2543 dilferentiam
1311 2516 1338 2542 in
1357 2516 1442 2543 rebus
1466 2515 1675 2542 animadverti-1.

61 2569 164 2596 vzptc'
185 2561 252 2588 ἀλλὰ
271 2562 309 2597 τῷ
331 2563 380 2598 μὲν
406 2561 507 2596 γενικῷ
526 2561 597 2597 λόγῳ
619 2562 648 2587 ἓν
675 2569 715 2593 τις
740 2561 880 2596 ὀνομάζων
900 2561 957 2596 φῶς
977 2562 1008 2589 τὸ
1028 2563 1060 2588 ἐκ
1081 2562 1190 2589 πάντων
1213 2561 1422 2598 ἀθροιζόμενον,
1444 2561 1494 2588 οὐκ
1508 2560 1540 2587 ἂν
1561 2561 1696 2596 ἁμάρτοι.

62 2608 125 2635 ἐπεὶ
139 2608 210 2634 καὶὸ
225 2608 295 2640 θεῖος
310 2609 386 2643 λόγος
400 2610 433 2644 τῇ
450 2609 524 2643 ἑνικῇ
543 2608 618 2643 φωνῇ
633 2608 774 2642 καταρχὰς
785 2608 816 2634 τὸ
832 2609 885 2633 πᾶν
899 2607 1086 2644 διασημαίνει,
1109 2608 1176 2642 φῶς,
1199 2608 1260 2644 οὐχὶ
1274 2609 1351 2644 φῶτα
1369 2607 1516 2642 γενηθῆναι
1530 2609 1695 2642 προστάξας.

63 2656 94 2682 Εἰ
112 2654 141 2681 δὲ
153 2654 221 2690 πρὸς
236 2654 269 2681 τὰ
284 2655 434 2690 φαινόμενα
448 2654 541 2690 βλέποι
554 2662 605 2686 τις,
626 2653 726 2689 πολλὴν
741 2654 789 2688 τὴν
805 2654 853 2693 τῆς
867 2654 1035 2690 φωτιστικῆς
1052 2655 1191 2690 δυνάμεως
1207 2655 1337 2690 διαφορὰν
1352 2655 1380 2680 ὲν
1395 2655 1450 2684 τοῖς
1466 2651 1525 2680 οὖσι
1537 2654 1637 2688 mro-ias
1644 2663 1693 2681 ται.

100 2701 180 2728 Ὅθεν
202 2701 249 2727 καὶ
277 2700 458 2736 ὁΨαλμῳδός
485 2709 581 2737 φησιν·
613 2700 685 2735 ιΤῷ
713 2700 854 2735 ποιήσαντι

61 2748 141 2783 (ἰῶτα
169 2747 275 2782 μεγάλα
301 2747 382 2782 μόνῳ.
408 2758 417 2774 ι
435 2748 507 2781 Καὶ,
527 2757 536 2773 ι
564 2746 648 2782 ’Λλλη
662 2746 725 2779 δόξα
743 2747 829 2782 ἡλίου,
843 2757 851 2773 ι

100 2839 121 2856 ³³
135 2839 209 2867 l‘:a|.
225 2847 322 2871 cun,
336 2840 361 2867 ι.

943 2699 1114 2735 Quapropter
1138 2700 1220 2728 etiam
1246 2700 1382 2736 Propheta
1409 2700 1501 2727 dicit:
1521 2709 1530 2724 ‹
1552 2700 1603 2733 Qui
1629 2700 1693 2727 lauit

909 2746 1054 2774 luminaria
1069 2753 1166 2782 magna
1183 2746 1259 2774 solus
1268 2747 1300 2773 ³³.
1316 2756 1326 2773 ι
1341 2746 1373 2774 Et
1383 2745 1530 2781 Apostolus
1546 2754 1554 2773 ι
1569 2755 1578 2770 ι
1599 2745 1666 2778 Alia,
1682 2754 1692 2771 ι
