1976 3077
299 96 346 124 “5

908 100 935 129 S.
957 100 1121 130 GREGORII
1140 99 1184 128 ΝΥ
1190 99 1285 128 SSENI

1862 99 1912 129 “6

294 153 394 188 inquit,
418 162 427 179 ι
442 158 483 181 est
501 155 614 183 claritas
627 156 706 189 solis,
722 156 775 184 alia
791 157 904 186 claritas
926 159 1009 192 lunae,
1023 160 1067 187 ali:

1127 160 1208 195 φησὶν
1224 160 1238 186 ὁ
1252 159 1427 191 Ἀπόστολος,
1456 167 1465 183 t
1480 158 1527 185 καὶ
1549 157 1615 193 ἄλλη
1638 156 1701 190 δόξα
1724 157 1845 192 σελήνης,
1868 158 1912 184 καὶ

296 198 407 226 claritas
433 199 575 228 stellarum
593 210 599 228 :
617 201 698 229 stella
717 203 791 230 enim
812 203 904 231 dill‘ert
921 212 936 232 a
955 205 1033 233 stella
1049 206 1078 232 in

294 243 419 272 claritate
441 244 479 279 ";
505 255 515 272 ι
539 246 633 281 itaque
657 248 742 275 multa
772 249 844 277 lucis
873 249 986 278 omnino
1014 255 1079 278 sunt

293 287 464 317 discrimina.
480 287 512 318 Et
527 299 683 327 quanquam
696 294 800 327 omnia,
813 302 874 329 quae
885 295 988 323 Paulus
1005 303 1076 323 enu—

291 335 418 367 meravit,
431 334 586 364 illustrandi
596 338 650 364 vim
667 335 778 372 habent,
791 343 817 367 et
839 347 889 368 sua
902 341 1077 376 unumquod-

291 386 345 414 que
377 383 514 415 potestate
545 382 725 419 claritateque
759 385 1017 420 comprehenditur,
1047 392 1077 415 ut

291 431 390 453 cuncta
417 428 556 456 communi
582 430 693 457 nomine
715 430 761 458 lux
786 438 842 458 una
870 436 946 460 recte
970 433 1078 468 possint

290 470 434 505 appellari,
458 477 540 500 certae
561 477 653 502 tamen
678 475 705 502 in
727 475 771 502 his
788 475 983 512 distinctaeque
998 478 1076 506 ditl‘e-

290 515 385 542 rentim
407 521 578 551 spectantur.
597 518 663 552 Quae
678 527 741 547 cum
754 520 792 548 ita
807 528 837 549 se
851 520 977 555 habeant,
993 531 1045 551 nos
1059 531 1074 550 a

290 567 355 587 Vero
368 561 479 589 minime
494 570 654 591 recessuros
668 564 804 598 existimo,
820 566 844 594 si
862 567 1024 602 dixerimus,
1037 568 1074 596 ita

289 602 390 633 Moscm
419 603 588 636 intellexisse
618 617 624 636 :
659 610 740 638 initio
769 611 879 646 quidem
904 617 991 640 totam
1019 614 1072 640 vim

288 649 447 678 illustrandi
473 652 500 679 in
522 661 607 681 unum
627 659 820 691 congregatam
841 657 928 685 fuisse
945 666 1073 690 :verum,

288 702 350 722 cum
378 696 471 724 multm
493 702 585 725 essent
609 699 637 726 in
670 700 824 729 subtilitate
846 702 1071 738 mobilitateque,

287 742 421 775 quantum
454 741 488 769 ad
512 743 643 777 majorem
668 745 860 781 minoremque
884 749 1072 782 praestantiam

268 799 270 802 ν
287 785 417 819 pertinet,
438 786 464 813 in
479 787 666 816 universitatis
687 795 784 817 natura
804 791 975 826 diﬂ'erentite,
989 793 1072 821 trium

1128 205 1195 240 άλλη
1221 204 1285 236 δόξα
1311 203 1449 239 ἀστέρων⁸
1473 202 1561 238 ἀστὴρ
1587 201 1642 237 γὰρ
1655 201 1768 235 ἀστέρος
1791 201 1913 237 διαφέρει

1127 251 1157 276 ὲν
1169 249 1230 285 δόξῃ
1240 269 1247 282 ,
1265 258 1275 274 ι
1292 249 1329 280 ὡς
1343 249 1443 283 πολλῆς
1458 247 1566 279 πάντως
1574 247 1624 282 τῆς
1640 246 1710 273 κατά
1720 245 1818 280 τὸφῶς
1831 245 1914 281 οὔσης

1126 292 1267 331 διαφορᾶς.
1290 295 1321 320 Εἰ
1331 294 1386 329 γὰρ
1399 293 1446 320 καὶ
1459 293 1549 320 πάντα
1563 292 1691 326 φωτίζειν
1703 292 1824 326 πέφυκεν
1839 292 1889 319 ὅσα
1898 293 1913 318 ὁ

1126 341 1231 372 Παῦλος
1248 340 1470 376 ἀπηριθμήσατο,
1483 336 1652 366 καὶ-ἕκαστον
1665 339 1694 364 ὲν
1709 337 1844 374 ίδιαζούσῃ
1858 338 1912 364 τινὶ

1125 385 1238 422 δυνάμει
1249 386 1296 413 καὶ
1312 385 1375 421 δόξῃ
1390 383 1648 420 καταλαμϐάνεται’
1671 382 1765 415 καλῶς
1788 384 1822 410 ἂν
1845 383 1912 418 ἔχοι,

1125 431 1155 458 ἓν
1173 430 1231 466 φῶς
1250 430 1285 457 τὰ
1296 430 1383 457 πάντα
1402 429 1474 457 κατὰ
1491 430 1537 456 τὸν
1552 429 1660 463 γενικὸν
1676 428 1856 464 ὀνομάζεσθαι
1870 428 1913 456 λόρ

1125 485 1184 511 γον,
1194 476 1344 512 ἀσύγχυτον
1360 476 1388 503 δὲ
1399 475 1446 502 καὶ
1458 475 1627 511 διῃρημένην
1637 474 1687 510 τὴν
1697 475 1725 501 ὲν
1733 474 1843 506 τούτοις
1853 474 1911 502 δια-

1125 521 1211 557 φορὰν
1230 521 1352 556 θεωρεῖν.
1372 521 1404 548 El
1421 520 1450 546 δὲ
1462 520 1548 546 ταῦτα
1560 519 1653 546 τοῦτον
1669 517 1726 554 ἔχει
1738 519 1784 546 τὸν
1800 519 1910 555 τρόπον,

1124 567 1174 593 οὐκ
1185 566 1218 592 ἂν
1226 563 1302 601 οἶμαι
1310 566 1470 601 διαμαρτεῖν
1482 565 1532 600 τῆς
1541 563 1701 595 ἀκολουθίας
1710 564 1759 599 τὴν
1773 564 1911 600 ἡμετέραν

1124 610 1268 646 ὑπόληψιν,
1275 611 1298 637 εἰ
1304 609 1383 637 τοῦτο
1391 608 1572 645 ὑπολάὸοιμεν
1579 609 1736 643 νενοηκέναι
1745 610 1790 636 τὸν
1800 609 1908 637 Μωσέα·

1123 657 1164 683 ὃτι
1177 655 1318 691 καταρχὰς
1324 651 1374 691 μὲν
1383 657 1481 691 πᾶσαὴ
1492 655 1642 690 φωτιστικὴ
1653 655 1765 690 δύναμις
1777 656 1844 691 πρρς
1852 657 1911 682 ἐαυ-

1123 701 1172 737 τὴν
1179 701 1354 737 ἀθροισθεῖσα
1365 701 1394 728 ἓν
1402 701 1511 735 ἐγένετο
1518 702 1587 736 φῶς
1596 701 1657 728 ἐπεὶ
1663 702 1690 727 δὲ
1699 700 1782 736 πολλή
1791 699 1868 736 τιςῆν
1880 702 1910 728 ὲν

1122 745 1161 781 τῷ
1172 746 1261 781 λεπτῷ
1271 755 1300 773 τε
1313 746 1360 773 καὶ
1375 747 1509 783 εύκινήτῳ
1524 748 1598 783 παρὰ
1614 748 1645 775 τδ
1661 747 1760 784 μᾶλλον
1771 747 1818 774 καὶ
1829 745 1908 784 ἦττον

1123 792 1264 828 ἠδιαφορὰ
1289 792 1317 820 ὲν
1330 793 1362 827 τῇ
1373 792 1425 819 τῶν
1435 792 1503 819 ὅλων
1519 793 1597 828 φύσει
1612 794 1796 829 θεωρουμένη,
1808 793 1908 829 ἢρκεσε

287 830 392 858 dierum
410 832 528 867 spatium
547 833 634 862 fuisse
648 836 716 863 satis
735 836 768 863 ad
786 845 845 864 eam
864 845 928 865 vera
945 843 1067 874 certaque

1121 838 1152 864 τὸ
1168 839 1315 874 τριήμερον
1334 837 1429 873 χρόνου
1441 838 1591 874 διάστημα,
1607 839 1657 874 τὴν
1676 838 1790 867 ἑκάστου
1805 839 1907 866 τούτων

286 876 394 904 ratione
411 877 642 914 distinguendam,
667 884 705 914 ut,
728 882 801 917 quod
824 884 851 910 in
876 889 973 910 natura
995 884 1071 920 ignea

287 921 405 950 maxime
427 925 485 949 erat
508 923 618 957 subtile,
641 933 672 954 ac
689 925 756 960 leve,
783 929 810 954 et
836 936 903 963 pure
921 937 936 956 a
959 930 1072 957 materia

286 971 433 1000 remotum,
450 974 587 1009 summum
608 979 710 1005 rerum,
735 981 796 1008 qua:
817 974 870 1001 Sub
892 983 1003 1003 sensum
1024 984 1071 1004 ca—

286 1010 365 1043 dunt,
384 1008 526 1047 fastigium
541 1013 677 1042 obtineret
693 1025 699 1042 :
713 1015 764 1042 hoc
778 1024 842 1043 vero
855 1017 1032 1053 intelligibilis
1044 1022 1071 1046 et

286 1055 449 1090 incorporea
464 1059 562 1084 natura
584 1058 722 1086 admittit:
737 1058 813 1093 quod
833 1063 924 1088 autem
945 1061 1069 1096 inertius,

286 1106 318 1126 ac
331 1100 453 1135 segnius,
471 1102 541 1128 intra
557 1102 709 1141 subtilioris
724 1103 889 1140 leviorisque
900 1107 1070 1141 complexum

285 1145 466 1179 consisteret;
490 1149 517 1174 et
535 1139 588 1174 hoc
605 1153 715 1176 rursum
735 1154 768 1176 ex
788 1139 877 1178 insitae
895 1139 1070 1186 proprietatis

284 1188 437 1218 diterentia
453 1192 481 1219 in
501 1197 604 1228 septem
623 1194 692 1222 lucis
708 1198 798 1230 partes
817 1194 995 1230 divideretur,
1012 1204 1071 1224 om-

284 1241 332 1263 nes
354 1236 427 1264 inter
445 1243 475 1264 se
497 1238 603 1266 similes
649 1242 731 1275 atque
756 1245 904 1276 cognatas,
932 1242 1069 1276 sejunctas

283 1288 374 1311 autem
391 1292 405 1311 a
421 1285 513 1318 rebus,
524 1294 584 1321 quae
592 1287 692 1314 diversi
703 1288 811 1323 generis
824 1286 921 1316 forent.
934 1287 1069 1318 Omnibus

282 1333 349 1363 ergo
362 1329 514 1364 particulis,
531 1335 591 1365 quae
605 1331 632 1358 in
650 1331 717 1359 solis
741 1330 924 1360 illustrantem
942 1338 1068 1361 naturam

282 1373 417 1408 conjecta?
439 1379 524 1407 sunt,
546 1377 776 1405 cancurrcntib’us
791 1397 799 1410 ,
829 1386 914 1405 unum
938 1378 1068 1413 quiddam

281 1424 411 1454 magnum
424 1416 549 1449 eﬂ'ectum
569 1426 621 1450 est.
638 1422 717 1456 Quod
736 1423 829 1452 itidem’
845 1425 935 1451 evenit
947 1418 974 1452 iit
992 1425 1067 1457 luna,

221 1463 224 1464 '
281 1464 505 1499 caeterisquetum
515 1468 670 1495 errantibus
678 1471 735 1495 tum
744 1471 797 1495 non
806 1468 961 1497 errantibus
969 1470 1066 1501 stellis.

1122 883 1256 918 διάκρισιν
1275 883 1383 918 τρανῶς
1402 892 1432 910 τε
1455 884 1503 911 καὶ
1521 884 1681 920 ἀσυγχύτως
1710 885 1758 911 ἁλι-ι’
1785 885 1908 920 ἀλλήλων

1122 929 1295 964 ποιήσασθαι,
1320 929 1389 955 ὥστε
1408 929 1438 956 τὸ
1459 930 1508 965 μὲν
1520 929 1612 966 ἄκρως
1627 930 1724 956 λεπτόν
1735 938 1765 964 τε
1783 930 1830 957 καὶ
1843 929 1907 956 κοῦ-

1122 982 1171 1008 φον
1181 974 1231 1008 τῆς
1244 973 1383 1010 πυρώδους
1389 974 1494 1007 οὐσίας,
1503 975 1551 1000 καὶ
1565 974 1692 1010 καθαρῶς
1708 974 1804 1007 άῡλον,
1819 975 1847 1001 ὲν
1867 974 1906 1009 τῷ

1121 1016 1264 1054 ἀκροτάτῳ
1282 1018 1406 1053 γενέσθαι
1425 1019 1474 1053 τῆς
1496 1019 1628 1055 αἰσθητῆς
1650 1021 1766 1051 κτίσεως
1789 1020 1872 1056 (ὅπερ
1887 1020 1904 1054 ὴ

1120 1064 1201 1099 νοητὴ
1225 1072 1254 1089 τε
1272 1063 1318 1089 καὶ
1338 1062 1484 1098 ἀσώματος
1508 1063 1659 1098 διαδέχεται
1681 1064 1795 1099 φύσις)·
1821 1065 1851 1090 τὸ
1875 1064 1905 1090 δὲ

1120 1107 1268 1144 ἀργὸτερόν
1297 1113 1326 1134 τε
1346 1108 1394 1135 καὶ
1413 1108 1630 1144 ναρκωδέστερον
1656 1109 1744 1142 ἅπαν,
1767 1109 1841 1141 ἐντὸς
1855 1109 1905 1144 τῆς

1121 1151 1251 1190 περιοχῆς
1276 1152 1323 1181 τοῦ
1344 1151 1443 1180 λεπτοῦ
1469 1162 1499 1180 τε
1519 1154 1568 1180 καὶ
1587 1153 1688 1189 κούφου
1705 1154 1768 1189 περὶ
1807 1155 1903 1182 ἑαυτοῦ

1120 1199 1263 1234 συστῆναι·
1284 1199 1363 1226 τοῦτο
1382 1199 1410 1225 δὲ
1441 1198 1521 1225 πάλιν
1543 1200 1613 1226 κατὰ
1634 1199 1682 1234 τὴν
1703 1198 1835 1234 διαφορὰν
1854 1199 1904 1232 τῆς

1120 1241 1282 1280 ἐγκειμένης
1299 1243 1372 1279 αὺτῷ
1384 1244 1513 1279 ἰδιότητος
1528 1245 1632 1280 ἑπταχῆ
1647 1245 1818 1281 μερισθῆναι·
1834 1245 1903 1271 πάν-

1119 1300 1173 1318 των
1195 1288 1248 1318 τῶν
1270 1291 1442 1326 καταλλήλων
1462 1299 1493 1317 τε
1513 1291 1561 1317 καὶ
1580 1290 1723 1325 ὁμοφύλων
1744 1290 1790 1316 τοῦ
1816 1290 1903 1324 φωτὸς

1121 1338 1222 1374 μορίων
1246 1336 1369 1372 ἀλλήλοις
1380 1337 1451 1364 κατά
1462 1336 1492 1363 τὸ
1503 1336 1631 1371 συγγενὲς
1644 1336 1820 1371 συμφυέντων
1828 1355 1836 1368 ,
1856 1335 1904 1361 καὶ

1119 1384 1173 1411 ἀπὸ
1190 1383 1242 1410 τῶν
1261 1382 1425 1418 ὲτερογενῶς
1443 1382 1559 1418 ἐχόντων
1581 1381 1783 1416 διακριθέντων.
1810 1379 1903 1411 Οὕτως

1119 1425 1165 1456 οὖν
1176 1429 1237 1455 ὅσον
1255 1429 1283 1455 ὲν
1298 1429 1332 1464 τῇ
1349 1427 1500 1463 φωτιστικῇ
1514 1426 1591 1462 οὐσίᾳ
1607 1421 1654 1462 τῆς
1666 1425 1781 1462 ἡλιακῆς
1796 1425 1904 1460 φύσεως

1119 1471 1326 1507 ἑνεσπαρμένων
1343 1470 1451 1497 πάντων
1466 1469 1520 1496 τῶν
1540 1470 1642 1505 μορίων
1660 1469 1761 1496 τούτων
1778 1469 1844 1504 πρὸς
1856 1467 1903 1494 άλ-

281 1514 312 1536 ut
323 1510 453 1537 similium
466 1511 600 1547 cujusque
614 1513 810 1548 particularum
819 1520 972 1542 concurSus
984 1523 1064 1542 unam

1118 1517 1185 1554 ληλα
1196 1516 1411 1553 συνδραμόντων,
1424 1515 1452 1543 ἓν
1474 1515 1546 1550 μέγα
1573 1514 1680 1549 ἐγένετο
1691 1522 1698 1530 ·
1714 1514 1842 1545 ὡσαύτως
1855 1514 1903 1540 καὶ

281 1554 403 1589 aliquam
417 1560 511 1582 earum
526 1556 658 1591 eliceret;
674 1561 758 1593 atque
769 1558 807 1587 lta‘
823 1562 919 1587 omnes
935 1558 1068 1587 confectae

243 1594 246 1597 ’
281 1603 357 1626 sunt.
380 1599 531 1629 Contentus
552 1607 642 1630 autem
654 1599 754 1637 Moses,
768 1609 799 1632 ex
814 1605 847 1632 iis
861 1605 995 1633 luminare
1007 1611 1067 1633 tan-

280 1646 337 1671 tum
353 1645 442 1680 majus
456 1650 483 1674 et
503 1646 636 1676 luminare
654 1649 746 1677 minus
771 1650 938 1683 nominasse,
953 1652 1066 1679 caeteras

279 1695 375 1718 omnes
392 1690 530 1719 communi
561 1694 670 1721 nomine
691 1694 787 1723 stellas
811 1697 965 1731 appellavit.
987 1697 1065 1730 Quod

284 1740 375 1765 autem
391 1737 521 1773 fatigetur
536 1745 614 1768 mens
628 1745 732 1775 nostra,
743 1744 771 1769 et
781 1743 901 1777 pondere
911 1751 961 1771 suo
970 1751 1064 1778 pressa

282 1790 338 1810 non
356 1784 443 1818 possit
466 1785 564 1813 divina:
589 1787 729 1821 sapientia!
748 1788 926 1816 subtilitatetn
943 1791 1063 1825 assequi,

277 1836 358 1856 nemo
381 1829 547 1864 admiretur,
577 1831 625 1859 sed
654 1836 756 1860 naturae
778 1838 879 1861 nostrae
904 1835 1063 1862 tenuitatem

276 1878 411 1909 excuset;
437 1879 497 1903 cum
516 1884 570 1912 qua
591 1877 723 1912 praeclare
743 1879 844 1914 agitur,
869 1887 923 1906 non
944 1879 967 1906 si
989 1880 1063 1906 nulla

275 1920 304 1946 in
321 1923 347 1947 te
373 1921 554 1956 aberraver’it,
578 1923 627 1952 sed
650 1924 673 1952 si
696 1924 739 1952 vel
763 1931 845 1952 unam
867 1926 998 1961 consequi
1015 1935 1064 1961 po-

276 1965 370 1992 tuerit.
393 1964 457 1993 Haac
481 1972 572 1996 autem
588 1968 662 2003 dico,
680 1968 745 1998 illuc
760 1971 922 2005 respiciens,
943 1979 1003 2006 qua}
1028 1972 1063 1999 sit

276 2011 346 2037 ratio
370 2010 454 2045 hujus
465 2013 548 2039 trium
574 2013 682 2041 dierum
701 2016 794 2050 spatii,
811 2016 884 2050 quod
900 2017 967 2044 satis
981 2016 1063 2044 fuerit

275 2055 308 2082 ad
336 2063 367 2083 ea
392 2056 598 2092 distinguenda,
616 2064 677 2094 quae
693 2060 754 2088 luce
776 2058 889 2095 praedita
917 2065 992 2090 sunt.
1014 2061 1063 2090 Est

274 2101 347 2127 cnim
363 2102 454 2137 aliqua
478 2103 608 2131 nimirum
629 2106 715 2139 ratio,
737 2106 800 2134 licet
819 2106 995 2142 praestantior
1014 2108 1060 2141 sit,

275 2153 356 2180 quam
376 2151 406 2173 ut
421 2155 480 2175 eam
497 2156 548 2177 nos
559 2148 712 2185 intelligere
725 2152 875 2184 valeamus,
891 2161 945 2188 qua
955 2158 1061 2189 tempo-

274 2191 313 2218 rl's
341 2191 422 2227 hujus
447 2201 576 2221 mensura
591 2196 673 2224 rebus
688 2196 788 2225 lucidis
799 2198 978 2234 disponendis
992 2208 1061 2235 prte—

275 2238 376 2269 scripta
392 2242 444 2271 est‘,
468 2239 592 2268 adhibito
614 2243 747 2277 temporis
763 2243 844 2271 modo
867 2249 894 2272 et
908 2246 1060 2281 quantitate

276 2283 394 2311 actionis
411 2284 482 2319 ignis
494 2285 520 2312 in
534 2288 619 2319 motu,
637 2286 764 2324 factaque
777 2290 846 2318 lucis
862 2291 999 2319 divisione
1011 2299 1060 2327 pro

276 2334 370 2355 earum
386 2334 500 2362 natura.
520 2331 588 2360 adeo
610 2334 657 2366 ut,
673 2341 736 2361 cum
756 2335 812 2362 sint
829 2336 857 2363 in
874 2338 914 2364 eis
931 2337 1058 2365 innume-

275 2370 375 2401 rablles
394 2373 563 2408 ditl'erentiaa,
583 2378 612 2405 in
637 2387 688 2406 suo
709 2382 800 2408 tamen
824 2382 939 2417 singulm
963 2383 1017 2410 situ
1044 2390 1059 2410 a

275 2418 397 2446 naturali
417 2423 583 2456 proprietate"
605 2425 745 2454 collocata
767 2426 833 2459 sint,
856 2436 911 2462 quo
928 2428 1058 2456 nimirum

275 2467 382 2491 natura!
401 2465 442 2493 vis
469 2467 549 2495 insita
571 2469 693 2505 singulas
714 2471 802 2499 duxit.
831 2471 886 2500 Nec
914 2473 967 2500 ulla
993 2480 1059 2501 con-

276 2513 370 2536 secuta
393 2511 518 2540 conl‘usio
540 2518 592 2546 est,
616 2521 663 2543 aut
675 2518 855 2552 perturbatio,
875 2522 986 2553 propter
1012 2526 1058 2546 or-

275 2553 365 2581 dinem
389 2563 404 2582 a
429 2554 521 2585 divina
547 2560 682 2595 sapientia
709 2566 759 2596 pro
782 2562 901 2589 naturali
925 2563 1060 2598 cujusque

274 2601 440 2635 proprietate
461 2602 578 2640 singulis
602 2605 767 2640 adhibitum,
801 2608 1009 2641 immutabilem,
1029 2612 1060 2636 ut

275 2646 443 2679 superiorem
463 2650 601 2684 regionem
619 2649 741 2679 circulus
764 2651 913 2688 obliquus,
943 2659 991 2682 seu
1022 2654 1060 2681 si-

274 2690 362 2726 gnifer
385 2699 544 2729 occuparet.
571 2696 598 2724 in
624 2696 676 2725 hoc
707 2701 799 2726 autem
831 2703 933 2728 certam
961 2705 1059 2728 unum-

309 2772 330 2788 "
349 2773 430 2801 lCor.
448 2781 474 2807 ν,
494 2774 536 2802 Η,

1118 1563 1164 1590 ἐπὶ
1180 1564 1230 1599 τῆς
1250 1563 1365 1597 σελήνης
1378 1562 1425 1588 καὶ
1435 1562 1479 1596 ἐφ’
1490 1561 1605 1588 ἑκάστου
1618 1560 1671 1587 τῶν
1685 1559 1772 1586 ἄλλων
1786 1559 1840 1585 τῶν
1851 1568 1901 1585 πε-

1117 1608 1296 1644 πλανημένων
1320 1607 1435 1634 καὶτῶν
1451 1606 1709 1641 κατεστηριγμένων
1727 1605 1864 1641 ἀστέρωι,
1884 1605 1902 1640 ἡ

1116 1655 1185 1691 πρὸς
1199 1655 1232 1681 τὰ
1243 1652 1359 1690 ὁμογενῆ
1372 1653 1426 1680 τῶν
1437 1652 1552 1680 ἑκάστου
1563 1651 1664 1687 μορίων
1675 1651 1821 1686 συνδρομὴ,
1831 1650 1861 1677 ἓν
1873 1659 1902 1677 τι

1115 1700 1169 1727 τῶν
1180 1700 1347 1735 φαινομένων
1358 1698 1494 1734 ἐποίησεν·
1507 1698 1553 1724 καὶ
1562 1697 1632 1723 οὕτω
1642 1697 1675 1724 τὰ
1684 1697 1771 1724 πάντα
1780 1696 1899 1731 ἐγένετο.

1122 1746 1151 1773 Ἡ
1157 1746 1256 1782 ρκέσθη
1263 1745 1291 1771 δὲ
1301 1746 1315 1771 ό
1328 1745 1412 1780 μέγας
1422 1743 1525 1779 Μωσῆς
1534 1743 1567 1770 τὰ
1574 1741 1771 1778 γνωριμώτερα
1782 1742 1861 1777 μόνον
1871 1741 1901 1768 ὲν

1114 1792 1220 1824 τούτοις
1237 1790 1438 1825 κατονομάσας,
1460 1789 1506 1816 τὸν
1526 1789 1612 1824 μέγαν
1630 1788 1760 1824 φωστῆρα
1786 1788 1834 1814 καὶ
1853 1786 1900 1814 τὸν

1113 1839 1233 1871 ἐλάσσω,
1248 1837 1282 1864 τὰ
1294 1837 1360 1864 ἄλλα
1382 1836 1469 1863 πάντα
1485 1834 1601 1870 γενικῶς
1619 1835 1778 1870 προσειπεῖν
1795 1833 1834 1868 τῷ
1845 1833 1901 1860 τῶν

1113 1883 1235 1919 ἀστέρων
1248 1882 1368 1917 ὀνόματι.
1380 1881 1411 1908 Εἰ
1420 1880 1448 1907 δὲ
1458 1881 1550 1916 κάμνῃ
1558 1878 1637 1915 ἡμῶν
1653 1879 1669 1914 ἡ
1689 1878 1736 1905 τοῦ
1748 1878 1793 1905 voti
1810 1878 1900 1914 naxo-

1112 1937 1172 1964 της,
1186 1929 1222 1964 μὴ
1234 1927 1370 1963 δυναμένη
1385 1927 1417 1962 τῇ
1430 1926 1573 1962 λεπτότητι
1587 1923 1752 1957 συνεξελθεῖν
1763 1923 1811 1959 τῆς
1823 1923 1898 1956 θείας

1114 1965 1226 2006 σοφίας,
1245 1970 1388 2003 ξενιζέσθω
1409 1970 1458 2005 μὲν
1483 1969 1576 2005 μηδεὶς
1596 1969 1664 2004 πρὸς
1685 1968 1734 2004 τὴν
1760 1968 1899 2004 πτωχείαν

1111 2017 1161 2052 τῆς
1177 2016 1283 2051 φύσεως
1299 2015 1376 2052 ἡμῶν
1389 2015 1550 2043 ἀποϐλέπων
1559 2016 1579 2048 ⁹’,
1626 2014 1768 2050 ἀγαπητόν
1782 2015 1855 2041 ἐστιν
1866 2014 1900 2041 οὗ

1111 2063 1142 2090 τὸ
1160 2062 1272 2098 μηδενὸς
1294 2061 1463 2097 διαμαρτεῖν,
1477 2060 1546 2088 ἀλλά
1559 2061 1590 2087 τὸ
1601 2061 1659 2092 eve;
1675 2060 1739 2095 γοῦν
1759 2061 1899 2096 ἐπιτυχεῖν

1111 2108 1269 2144 δυνηθῆναι.
1286 2107 1379 2134 Ταῦτα
1398 2106 1426 2134 δέ
1443 2116 1513 2142 φημι
1538 2107 1605 2142 πρὸς
1616 2107 1703 2133 έκεῖνο
1723 2106 1840 2141 βλέπων,
1855 2106 1899 2138 τίς

1112 2154 1126 2181 ὁ
1136 2153 1214 2188 λόγος
1230 2152 1278 2179 τοῦ
1296 2152 1447 2188 τριημέρου
1456 2151 1551 2178 τούτου
1565 2150 1757 2185 διαστήματος,
1769 2149 1839 2176 ὥστε
1851 2149 1899 2176 τὸν

1113 2198 1238 2225 τοσοῦτον
1263 2197 1359 2233 χρόνον
1380 2197 1496 2233 ἀρκέσαι
1521 2196 1590 2232 πρὸς
1606 2195 1654 2231 τὴν
1669 2195 1784 2222 ἑκάστου
1798 2195 1852 2222 τῶν
1868 2195 1898 2222 ὲν

1112 2243 1151 2279 τῷ
1163 2243 1232 2279 φωτὶ
1243 2243 1436 2279 θεωρουμένων
1447 2241 1592 2278 διάκρισιν.
1611 2241 1695 2276 Δῆλον
1709 2240 1764 2276 γὰρ
1777 2241 1818 2267 ὅτι
1830 2240 1900 2268 πάν-

1111 2297 1165 2320 τως
1185 2288 1242 2315 ὲστί
1259 2297 1302 2320 τις
1317 2287 1410 2322 λόγος,
1433 2286 1484 2314 κᾶν
1503 2286 1632 2322 κρείττων
1687 2284 1737 2321 τῆς
1760 2285 1900 2321 ἡμετέρας

1111 2333 1250 2369 ἐπόψεως,
1272 2333 1332 2360 καθ’
1357 2332 1386 2359 δν
1404 2331 1547 2367 συμὸαίνει
1561 2331 1592 2358 τδ
1609 2332 1717 2367 μέτριον
1732 2329 1779 2357 τοῦ
1800 2330 1898 2366 χρόνου

1113 2380 1206 2406 τούτου
1232 2379 1299 2414 πρὸς
1322 2378 1371 2413 τὴν
1393 2378 1527 2412 διάκρισιν
1541 2376 1590 2413 τῆς
1609 2375 1775 2411 φωτιστικῆς
1790 2374 1898 2407 οὐσίας,

1111 2425 1144 2460 τῇ
1159 2423 1350 2460 μεμετρημένῃ
1365 2422 1514 2461 παρατάττει
1524 2420 1571 2448 τοῦ
1584 2421 1690 2456 χρόνου,
1704 2421 1751 2447 καὶ
1768 2420 1807 2456 τῷ
1820 2420 1898 2456 ποσῷ

1110 2470 1236 2505 τῆςκατὰ
1242 2470 1291 2504 τὴν
1301 2469 1405 2504 κίνησιν
1414 2467 1460 2494 τοῦ
1470 2467 1557 2503 πυρὸς
1562 2466 1708 2502 ἐνεργείας,
1717 2466 1766 2501 τῆς
1775 2464 1829 2492 τῶν
1841 2465 1899 2500 φώ-

1113 2515 1311 2551 τωνδιαστολῆς
1337 2516 1365 2542 ὲν
1380 2516 1414 2550 τῇ
1435 2514 1489 2541 τῶν
1507 2513 1658 2549 φωστήρων
1672 2511 1898 2547 ίδιότητιδιαιρε-

1113 2561 1216 2597 θείσης,
1231 2561 1299 2589 ὥστε
1311 2561 1360 2592 τὰς
1372 2560 1502 2596 ἀπείρους
1516 2558 1616 2590 ταύτας
1626 2556 1681 2585 τῶν
1692 2556 1789 2592 φώτων
1800 2556 1881 2592 διαιρο
1889 2572 1898 2577 -

1114 2607 1163 2642 ρὰς
1180 2607 1247 2642 πρὸς
1258 2607 1306 2641 τὴν
1315 2605 1418 2632 οἰκείαν
1432 2604 1505 2631 θέσιν
1513 2604 1632 2639 ἑκάστην
1642 2603 1832 2639 ἀποκριθῆναι,
1843 2602 1898 2629 ὑπὸ

1111 2652 1161 2686 τῆς
1172 2651 1289 2686 φυσικῆς
1313 2651 1442 2687 ἰδιότητος
1468 2651 1528 2677 ἐκεῖ
1548 2650 1706 2686 ταχθείσας,
1728 2650 1795 2677 ὅπου
1814 2649 1831 2684 ή
1847 2650 1896 2682 ἐγ-

1113 2697 1225 2734 κειμένη
1245 2696 1345 2732 φυσικὴ
1357 2696 1470 2733 δύναμις
1499 2695 1619 2733 ἑκάστην
1631 2696 1745 2733 ἢγαγεν,
1761 2694 1896 2731 μηδεμιᾶς
