1976 3077
97 110 146 139 H'l

719 113 756 142 ΙΝ
774 113 1011 143 HEXAEMERON
1031 113 1146 141 LIBER.

1680 111 1728 138 HS

95 173 125 199 tv
140 181 245 205 τουτοις
266 173 390 208 ἀταξίας,
411 175 428 210 ἢ
450 175 607 210 συγχύσεως
625 175 784 211 γενομένης,
797 175 841 206 διὰ
856 176 887 202 τδ

947 175 1064 211 luodque
1089 175 1198 210 signum
1220 175 1311 202 sedem
1335 173 1491 205 obtineret,
1517 172 1543 198 in
1567 170 1652 206 signis
1665 175 1731 195 vero

96 218 239 255 κεκρίσθαι
259 220 290 247 ἐν
303 220 396 252 αὐτοῖς
418 221 450 247 ἐκ
465 220 540 253 θείας
562 221 668 256 σοφίας,
689 222 760 249 κατὰ
782 222 831 257 τὴν
845 223 888 249 ἐν-

95 264 219 292 τεθεῖσαν
230 265 338 301 ἑκάστῳ
356 267 473 302 φυσικὴν
489 267 618 303 ίδιότητα,
640 267 689 301 τὴν
711 268 889 302 ἀπαράϐατον

95 309 182 343 τάξιν,
201 310 270 337 ὥστε
284 311 333 347 τὴν
346 312 396 347 μὲν
409 312 542 339 ἀνωτάτω
555 311 647 348 χώραν
659 314 781 348 ἐπισχεῖν
798 315 890 341 ἐκεῖνα

94 355 130 382 τά
144 356 234 392 πάσης
250 357 409 393 ἀνωφεροῦς
422 358 516 389 οὐσίας
547 358 758 393 ἀνωφερέστερα
769 366 775 373 ·
792 358 839 384 καὶ
860 360 889 385 ἐν

94 400 211 433 ἐκείνοις
222 400 303 429 πάλιν
319 402 335 438 ἢ
354 404 383 429 ἐν
404 402 444 438 τῷ
459 403 533 438 μέσῳ
556 402 699 438 ταχθῆναι,
717 403 733 438 ἢ
753 403 828 429 νότια
843 411 889 437 γε-

942 221 1057 257 singulis
1081 221 1166 248 stellae
1183 228 1237 247 non
1259 219 1383 251 fortuito.
1400 218 1448 246 sed
1467 217 1563 245 ordine
1585 216 1643 243 suis
1656 221 1730 249 quas-

942 275 995 301 que
1012 266 1079 294 locis
1093 266 1309 296 collocarentur,
1332 263 1515 298 zequabilique
1527 269 1558 288 ac
1574 260 1690 288 naturali
1704 259 1730 287 vi

945 319 994 338 sua
1007 311 1140 342 adducta,
1158 309 1312 337 immobiles
1323 316 1354 335 ac
1371 309 1455 335 ﬁrma:
1467 309 1670 342 permanerent,
1683 304 1732 332 ubi

943 356 1126 392 procreatoris
1147 355 1282 391 sapientia
1296 351 1502 391 praescribebat.

94 447 273 480 νέσΘαιτινά,
289 448 306 484 ἢ
320 449 389 484 πρὸς
411 449 521 484 ἀρκτια,
551 449 567 484 ἦ
595 448 643 484 τὴν
667 448 767 483 μεταξὺ
781 448 872 484 χώραν
900 449 1073 481 καταλαὸεἰν,
1091 449 1108 484 ἢ
1134 449 1179 476 τὸν
1204 448 1346 483 γαλαξίαν,
1374 446 1392 483 ἢ
1413 446 1458 474 τδν
1480 445 1610 479 ζωδιακὸν
1636 444 1733 472 κύκλον

94 493 302 529 ἀναπληρῶσαι,
317 493 365 520 καὶ
394 493 475 521 πάλιν
496 495 525 521 ἐν
548 494 647 529 τούτῳ,
667 494 685 530 ἢ
701 494 832 529 ταύτηνῆ
849 494 897 529 τὴν
910 494 1007 530 ἑτέραν
1030 494 1076 522 τοῦ
1099 495 1198 530 ἄστρου
1215 493 1387 530 περιγραφὴν
1409 490 1628 527 ἀπεργάσασθαι,
1644 490 1690 516 καὶ
1705 490 1734 516 ἐν

94 540 135 574 τῷ
147 540 238 576 ἀστρῳ
255 541 346 574 πάλιν,
360 540 397 577 μὴ
412 541 483 569 κατά
496 542 526 568 τὺ
537 541 689 577 αὐτόματον
711 542 826 568 ἕκαστον
853 540 907 568 τῶν
922 542 950 568 ἐν
969 541 1009 577 τῷ
1026 543 1144 577 σχήματι
1166 541 1299 577 κειμένων
1329 541 1446 576 ἄστρων,
1468 539 1485 575 ἢ
1502 535 1553 566 ὧδε
1568 538 1585 574 ἢ
1606 534 1656 564 ὧδε
1684 537 1734 571 τὴν

95 585 171 613 θέσιν
194 587 274 623 ἔχειν,
293 588 360 615 ἀλλὰ
377 588 511 624 ίσομερῶς
531 589 677 624 ἐγκειμένη
699 588 772 624 αὒτῷ
790 588 890 624 ἰδιότης
904 588 1058 624 ἀπήγαγεν,
1086 590 1144 616 ἐκεῖ
1171 589 1261 624 μένειν
1277 590 1307 615 ἐν
1329 587 1489 624 ἀμεταθέτῳ
1512 587 1546 622 τῇ
1576 585 1733 620 παγιότητι,

94 634 129 669 τῇ
150 634 200 669 τῆς
221 634 289 666 ἰδίας
305 634 412 669 φύσεως
426 635 550 670 δυνάμει,
573 634 644 662 κατὰ
659 635 709 670 τὴν
728 635 775 662 τοῦ
794 635 976 670 πεποιηκότος
1005 635 1102 670 σοφίαν
1129 635 1390 671 περικρατούμενον.

131 678 224 706 Ταῦτά
236 680 294 706 ἐστι
308 680 356 706 καὶ
369 679 404 707 τὰ
419 680 540 714 τοιαῦτα,
556 680 624 717 πρὸς
637 680 655 708 ἃ
672 681 780 716 βλέπων
794 682 808 708 ό
830 681 893 713 νοῦς

98 724 226 761 ίλλιγγιᾷ,
237 726 282 753 καὶ
297 726 345 761 τῆς
358 726 426 758 ἰδίας
435 727 548 759 νωθείας
561 726 789 763 καταψηφίζεται,
801 728 838 763 μὴ
848 727 893 754 δυ-

96 770 210 805 νάμενος
216 771 336 806 ἐξευρεῖν
344 772 389 798 τὸν
396 772 484 806 λόγον,
493 772 552 804 πῶς
559 774 576 808 ἡ
584 773 645 808 τριή
650 782 683 808 με
688 782 731 808 ρος
740 772 787 799 τοῦ
795 774 891 810 χρόνου

97 814 251 849 παράτασις
258 815 326 850 πρὸς
332 815 381 851 τὴν
388 817 522 843 τοσούτων
532 817 655 852 ἀστέρων
665 817 800 853 διάκρισιν
809 811 892 853 ἤρκε-

97 868 155 892 σεν,
167 860 184 895 ἢ
198 860 256 892 πῶς
264 860 308 887 διὰ
317 861 366 897 τὴν
376 862 491 897 ἄπειρον
502 862 551 897 τῆς
561 862 698 896 ἀπλανοῦς
708 864 825 899 σφαίρας
838 864 893 891 τῶν

97 905 245 939 περιγείων
256 905 403 933 ὑπόστασιν
414 907 442 933 ἐν
454 906 528 942 μέσῳ
537 907 583 934 τοῦ
593 908 692 940 παντὸς
699 908 891 945 διαστήματος,

97 949 147 985 τὴν
162 950 276 986 ἡλιακὴν
290 950 369 986 φύσιν
399 953 542 987 ὴΙμεγάλη
563 953 610 980 τοῦ
630 954 697 981 Θεοῦ
727 954 806 989 σοφία
827 963 894 981 κατ-

99 995 204 1031 έταξεν,
220 997 258 1028 ὡς
280 997 313 1024 ἃν
334 997 370 1033 μὴ
391 998 502 1030 τελείως
525 1001 554 1027 ἐν
572 999 611 1035 τῷ
630 1000 718 1036 σκότῳ
732 999 892 1036 διαδιῶμεν,

98 1043 150 1078 τῆς
166 1044 198 1069 ἐκ
211 1042 264 1070 τῶν
277 1044 384 1079 ἄστρων
396 1045 629 1081 ἀπαυγαζομένης
645 1046 816 1082 λαμπηδόνος
828 1046 893 1082 πρὶν

98 1089 116 1125 ἢ
127 1090 167 1120 εις
178 1089 252 1124 ἡμᾶς
269 1089 354 1116 ἐλθεῖν
369 1090 596 1127 ἐνδαπανωμένης
612 1091 650 1127 τῷ
662 1092 763 1127 μεταξὺ
781 1093 893 1129 διαστή-

101 1144 177 1170 ματι.
196 1132 233 1162 05
245 1136 324 1171 χάριν
335 1137 385 1172 τὴν
399 1137 588 1174 ἐκλαμπτικὴν
599 1138 648 1174 τῆς
658 1138 776 1174 ἡλιακῆς
787 1139 894 1174 φύσεως

98 1181 214 1217 δύναμιν
238 1182 364 1209 τοσοῦτον
401 1183 480 1219 ἡμῶν
505 1184 691 1220 ὑπερέθηκεν,
725 1184 795 1212 ὥστε
825 1186 893 1221 μήτε

100 1226 290 1262 ἀμαυροῦσθαι
302 1228 352 1263 τήν
366 1228 462 1256 ἀκτῖνα
472 1229 512 1264 τῷ
527 1229 617 1266 πολλῷ
633 1230 808 1266 διαστήματι,
824 1231 893 1266 μήτε

99 1271 140 1308 τῷ
152 1273 221 1307 ἄγαν
235 1275 431 1310 προσεγγισμῷ
447 1275 571 1312 λυπηρὰν
586 1274 665 1310 εἶναι,
683 1276 700 1312 ἢ
721 1277 781 1308 πῶς
797 1277 826 1303 τὸ
838 1276 894 1304 ὑλι-

101 1319 220 1355 κώτερόν
234 1329 264 1347 τε
279 1321 327 1347 καὶ
345 1314 499 1358 παχύτερον
514 1324 546 1349 ἐκ
565 1323 620 1350 τῶν
631 1322 848 1359 ὑπερκειμένων,
864 1324 894 1350 τὸ

101 1365 241 1401 σεληναῖον
256 1367 336 1403 σῶμά
353 1376 435 1403 φημι,
456 1368 523 1404 πρὸς
538 1369 568 1395 τὸ
583 1369 739 1404 κατώτερον
757 1370 894 1396 κατεσπά-

102 1411 163 1446 σθη,
175 1411 276 1439 καὶτὸν
288 1413 427 1448 περίγειον
436 1413 524 1449 χῶρον
535 1415 695 1449 περιπολεῖ·
709 1410 739 1440 οὗ
755 1414 824 1450 μέση
836 1423 893 1446 πως

102 1457 245 1492 θεωρεῖται
264 1458 281 1494 ἡ
297 1458 387 1492 φύσις,
402 1459 452 1494 τῆς
462 1468 492 1486 τε
511 1460 664 1495 ἀλαμποῦς,
683 1461 792 1496 καὶτῆς
808 1469 893 1495 φωτι-

102 1504 198 1539 στικῆς
212 1504 352 1539 δυνάμεως
373 1505 443 1532 κατὰ
464 1505 494 1532 τὺ
513 1507 568 1534 ἴσον
590 1506 752 1542 μετέχουσα.
769 1507 826 1542 Τὴν
844 1507 894 1542 μὲν

980 682 1044 710 ch
1061 688 1088 710 et
1108 682 1207 710 similia
1224 686 1289 710 sunt
1306 688 1338 709 ea
1353 688 1415 716 quae
1430 687 1509 708 mens
1523 679 1660 714 aspiciens
1679 678 1732 706 bae-

945 728 1021 760 sitat,
1040 732 1068 756 et
1081 728 1298 756 imbecillitatem
1311 734 1343 755 ac
1360 726 1502 762 segnitiem
1518 732 1596 753 suam
1610 729 1731 755 accusat.

945 773 1018 808 quod
1042 773 1355 808 rationem.escogitare
1381 780 1436 799 non
1461 771 1560 806 possit,
1585 778 1639 805 qua
1663 777 1733 805 pra:-

945 819 1051 847 ﬂnitum
1078 820 1158 846 trium
1182 819 1290 846 dierum
1315 817 1434 853 spatium
1460 816 1495 844 ad
1524 820 1565 844 tot
1593 815 1733 843 stellarum

945 865 1149 893 distinctionem
1168 864 1236 892 satis
1251 863 1350 891 fuerit:
1366 867 1413 890 aut
1428 861 1575 898 quomodo,
1593 869 1655 889 cum
1673 861 1733 888 inite

943 911 1000 939 nita
1015 915 1088 939 esset
1102 910 1249 938 inerrantis
1263 910 1375 944 sphaerae
1390 909 1425 936 ab
1444 909 1477 936 iis
1499 916 1559 943 quae
1579 911 1642 936 sunt
1659 908 1732 935 circa

944 962 1043 986 terram
1055 957 1194 990 distantia,
1209 957 1236 984 in
1250 955 1341 983 medio
1355 953 1449 982 mundi
1465 955 1554 990 spatio
1572 961 1670 989 magna
1687 953 1733 980 Dei

943 1002 1080 1037 sapientia
1106 1002 1190 1030 solem
1215 1000 1404 1033 constituerit,
1433 1007 1478 1032 ne,
1503 1007 1565 1027 cum
1591 998 1732 1026 stellarum

944 1048 1074 1083 splendor
1090 1052 1202 1083 propter
1226 1047 1390 1075 immensum
1411 1046 1586 1073 intervallum
1614 1049 1677 1071 ante
1689 1044 1733 1071 dc-

945 1095 1028 1125 liciat.
1045 1101 1128 1128 quam
1141 1093 1173 1120 ad
1197 1100 1249 1120 nos
1265 1091 1410 1127 pervenire
1433 1091 1532 1126 possit,
1551 1091 1578 1118 iu
1592 1090 1732 1125 perpetuis

945 1139 1067 1168 tenebris
1087 1139 1251 1166 viveremus.
1278 1137 1472 1173 Splendentem
1492 1137 1576 1172 igitur
1592 1136 1660 1163 solis
1677 1136 1731 1163 vim

945 1185 983 1212 ita
1003 1193 1087 1220 supra
1113 1193 1164 1213 nos
1184 1184 1340 1216 collocavit,
1361 1191 1397 1212 ne
1418 1183 1615 1210 obscuraretur
1637 1181 1732 1208 radius

942 1238 1000 1266 pne
1027 1230 1109 1266 longo
1128 1229 1298 1268 intervallo,
1321 1236 1389 1256 neve
1416 1227 1623 1263 propinquitate
1648 1226 1732 1254 nimia

944 1276 1097 1303 molestiam
1115 1275 1241 1306 aﬂ'erret,
1266 1279 1312 1301 aut
1338 1272 1477 1308 quomodo
1500 1271 1622 1299 materia}
1646 1270 1733 1305 magis

943 1321 1102 1348 immersum
1115 1320 1256 1355 magisque
1267 1326 1392 1347 crassum
1409 1319 1481 1345 lunae
1495 1324 1596 1351 corpus
1612 1314 1729 1342 inferius

944 1365 1126 1393 constitutum
1142 1366 1191 1396 sit,
1205 1365 1369 1399 oberretque
1384 1367 1465 1391 terra:
1477 1364 1629 1398 proximam
1644 1359 1733 1396 regio-

945 1420 1006 1440 nem
1025 1421 1031 1439 :
1047 1415 1094 1438 aut
1109 1412 1171 1438 talis
1187 1411 1222 1438 sit
1235 1410 1365 1445 splendor
1380 1409 1452 1445 ejus,
1465 1417 1526 1444 qua:
1536 1415 1598 1435 cum
1616 1407 1734 1434 obscura

945 1457 991 1489 sit,
1010 1456 1167 1484 illustrandi
1194 1460 1286 1483 tamen
1309 1455 1409 1482 habeat
1432 1454 1602 1482 facultatem.
1624 1451 1734 1480 Natura

945 1502 1017 1530 enim
1030 1502 1117 1537 ipsius
1132 1501 1288 1529 crassitudo
1304 1500 1447 1536 proprium
1462 1500 1577 1527 nitorem
1596 1498 1732 1530 obtundit,

102 1549 156 1585 γὰρ
173 1550 278 1577 οἴκοθεν
292 1550 453 1586 λαμπηδόνα
465 1551 481 1587 ή
492 1551 542 1586 τῆς
554 1551 648 1584 οὐσίας
663 1552 788 1588 παχύτης
798 1553 893 1588 ἀπήμ-

947 1546 995 1574 sed
1008 1546 1134 1582 opposito
1151 1547 1217 1575 solis
1233 1546 1373 1574 radiorum
1397 1545 1500 1573 lumine
1521 1545 1555 1572 ab
1577 1544 1734 1573 illustrandi

103 1593 193 1626 σλυνε,
200 1594 271 1630 τῷδε
278 1595 470 1632 ἀντιφωτισμῷ
476 1597 644 1633 τῆςὴλιακῆς
652 1597 759 1630 ἀκτῖνος
768 1598 797 1624 ού
805 1598 893 1634 πάντη

102 1641 151 1675 τῆς
167 1641 331 1676 φωτιστικῆς
347 1642 525 1677 ἠλλοτρίωται
545 1643 662 1678 φύσεως.
685 1644 764 1671 Ἀλλὰ
782 1644 828 1672 τον
845 1645 895 1680 μὲν

103 1685 181 1718 λόγον
195 1686 243 1721 τῆς
256 1688 284 1713 ἐν
301 1687 407 1723 ἑκάστῳ
430 1687 483 1714 τῶν
508 1688 591 1715 όντων
612 1690 778 1726 φαινομένης
799 1690 895 1725 σοφίας

105 1731 169 1758 ἰδεῖν
194 1733 210 1767 η
225 1733 346 1768 πτωχεία
364 1734 414 1768 τῆς
429 1733 536 1769 φύσεως
546 1735 624 1770 ἡμῶν
638 1735 775 1769 ἀδυνατεῖ,
791 1737 822 1763 τὸ
836 1736 896 1773 μέν-

103 1786 144 1804 τοι
163 1777 233 1821 κατά
246 1779 296 1813 τὴν
319 1779 474 1806 ἑκτεθεῐσαν
496 1780 571 1816 παρὰ
592 1780 638 1808 τοῦ
658 1782 802 1817 νομοθέτου
816 1782 892 1816 τάξιν

104 1823 151 1849 ἐπὶ
171 1823 220 1857 τῆς
241 1824 295 1850 τῶν
319 1824 404 1851 δντων
428 1826 555 1858 κτίσεως,
578 1826 736 1854 ἀκολουθίαν
759 1828 819 1855 τινὰ
837 1829 893 1861 τοῖς

104 1869 245 1903 γεγονόσιν
261 1869 439 1905 ἐνθεωρῆσαι,
463 1871 567 1903 τούτοις
590 1869 667 1907 οἶμαι
684 1872 795 1899 δυνατὸν
811 1873 892 1907 εἶναι,

104 1913 136 1940 τὸ
150 1913 268 1949 μετρίως
285 1915 354 1950 πρὸς
367 1914 396 1941 τὸ
412 1913 558 1942 ἀκόλουθον
572 1916 762 1951 ἐπισταμένοις
774 1917 892 1952 βλέπειν,

105 1959 150 1987 διά
171 1967 252 1987 τινων
272 1960 433 1996 ποχασμῶν
455 1961 578 1988 ὁπωσοῦν
598 1962 772 1998 κατανοῆσαι.

144 2005 249 2033 Οὐκοῦν
260 2006 438 2042 ἀναλάϐωμεν
446 2007 495 2042 τὴν
503 2007 556 2034 τῶν
564 2009 713 2043 γεγονότων
722 2010 894 2039 ἀκολουθίαν.

107 2053 186 2080 Ἐστι
194 2052 223 2079 δὲ
235 2052 303 2089 αὕτη
313 2061 319 2068 ·
333 2053 379 2080 τοῦ
388 2053 531 2082 καθολικοῦ
539 2063 569 2082 τε
581 2056 627 2082 καὶ
633 2056 741 2091 γενικοῦ
756 2057 845 2092 φωτὸς
852 2057 896 2085 διὰ

105 2099 136 2126 τὸ
152 2099 292 2134 εὐκίνητον
311 2100 494 2135 προφανέντος
509 2100 563 2128 τῶν
583 2101 680 2134 ἀλλων,
690 2101 895 2138 ἐπηκολούθησε

106 2144 152 2171 τοῦ
168 2144 356 2180 στερεώματος
371 2146 540 2182 περιγραφὴ,
556 2148 589 2182 τῇ
609 2147 766 2182 κυκλοτερεῖ
779 2147 895 2182 περιόδῳ

106 2189 153 2216 τοῦ
168 2190 253 2225 πυρὸς
264 2190 413 2226 ὁρισθεῖσα.
426 2191 481 2226 Τῆς
494 2191 523 2217 δὲ
539 2191 642 2227 κούφης
657 2191 762 2226 φύσεως
775 2192 829 2218 τῶν
846 2192 892 2228 βα-

109 2223 229 2272 ρυτέρων
249 2223 829 2272 ἀποκριθείσης,’ἀκολούθωςπδιαστέλλονται
846 2223 896 2265 ἀπ’
912 2223 934 2251 D

106 2281 228 2317 ἀλλήλων
253 2283 281 2309 αἱ
302 2282 408 2318 βαρεῖαι
434 2282 584 2318 ποιότητες,
599 2283 628 2310 ὲν
649 2285 684 2319 γῇ
700 2292 730 2310 τε
751 2284 799 2310 καὶ
820 2283 895 2311 ὕδατι

106 2327 296 2362 διακριθεῖσαι.
315 2327 372 2363 Τῆς
387 2328 415 2354 δέ
432 2328 506 2355 κάτω
527 2328 634 2363 φύσεως
655 2329 895 2364 διακοσμηθείσης,

107 2374 123 2408 ἡ
141 2373 226 2410 λεπτή
245 2383 275 2400 τε
297 2374 344 2401 καὶ
364 2374 453 2410 κούφη
470 2374 516 2401 καὶ
539 2374 673 2410 μετέωρος
692 2375 781 2407 οὐσία,
804 2375 848 2402 διὰ
866 2374 896 2402 τὸ

108 2421 146 2455 μὴ
163 2421 253 2447 πᾶσαν
269 2420 354 2455 αὐτὴν
368 2419 496 2454 δμοφυῶς
507 2419 575 2455 πρὸς
591 2420 689 2456 ἑαυτὴν
704 2420 787 2456 ἔχειν,
800 2421 829 2448 ὲν
845 2429 894 2456 με-

107 2466 173 2498 ταξὺ
185 2466 348 2501 διαστήματι
362 2465 409 2492 τοῦ
426 2465 621 2502 παρῳχηκότος
634 2466 743 2502 χρόνου,
763 2467 830 2502 πρὸς
846 2467 896 2498 τὰς

107 2512 247 2546 ὁμογενεῖς
263 2511 395 2547 ἰδιότητας
413 2511 445 2538 ἐκ
458 2510 506 2538 τοῦ
524 2511 613 2538 κοινοῦ
636 2511 814 2548 διακρίνεται,
832 2514 861 2540 ἐν

107 2556 138 2583 τὸ
150 2556 262 2592 ἀπειρον
276 2557 330 2584 τῶν
341 2557 450 2593 ἄστρων
466 2557 567 2593 πλῆθος
579 2558 745 2592 ἐξαπλωθὲν,
762 2559 833 2587 κατὰ
846 2560 895 2595 τὴν

107 2602 270 2638 ἐγκειμένην
291 2603 399 2638 ἑκάστῳ
415 2603 493 2639 μέρει
518 2604 636 2640 φυσικὴν
656 2604 785 2641 ἰδιότητα,
799 2605 846 2631 ἐπὶ
865 2605 895 2632 τὺ

107 2645 257 2681 ἀκρότατον
279 2649 329 2683 τῆς
352 2648 466 2680 κτίσεως
489 2642 643 2684 ἀνατρέχει,
659 2649 707 2675 καὶ
724 2649 753 2676 ἐν
776 2648 815 2684 τῷ
838 2649 895 2684 ἰδίῳ

84 2691 222 2719 «ἕκαστον
235 2693 339 2726 γίνεται
357 2694 442 2728 τόπῳ,
459 2693 521 2721 οὔτε
539 2694 691 2729 παυόμενον
709 2694 760 2730 τῆς
775 2695 898 2730 ἀεικινήο

107 2744 154 2764 του
172 2739 267 2773 φορᾶς,
288 2738 350 2765 οὒτε
369 2739 598 2775 μετακινούμενον
613 2740 666 2767 ἀπὸ
682 2741 732 2775 τῆς
750 2741 779 2767 ἐν
792 2736 814 2774 ᾧ
841 2741 899 2766 ἐστι

108 2781 219 2814 θέσεως.
247 2784 316 2810 Ἀλλ’
337 2785 353 2819 ἠ
377 2785 426 2819 μὲν
446 2785 522 2817 τάξις
545 2787 574 2812 ἐν
599 2786 704 2817 τούτοις
720 2786 750 2812 τὸ
770 2785 898 2821 ἀκίνητον

108 2827 173 2863 ἔχει,
193 2829 250 2864 ἡδὲ
265 2829 344 2864 φύσις
362 2830 391 2858 sa
410 2831 572 2867 ἀεικίνητον.
595 2832 708 2867 Ἐφεξῆς
724 2831 752 2858 δὲ
774 2833 790 2867 ἡ
810 2831 898 2858 δευτε-

945 1592 973 1620 vi
989 1599 1043 1620 non
1058 1596 1100 1620 est
1116 1596 1228 1628 prorsus
1252 1592 1352 1619 aliena.
1368 1590 1504 1618 Caeterum
1519 1589 1660 1624 sapientiae
1676 1591 1734 1617 sin—

946 1638 1018 1674 gulis
1033 1639 1061 1665 in
1075 1639 1158 1666 rebus
1172 1638 1331 1673 conspicua:
1354 1637 1489 1664 rationem
1513 1640 1618 1664 naturae
1634 1639 1735 1663 nostra:

946 1683 1092 1711 inﬁrmitas
1108 1682 1208 1711 intueri
1220 1691 1275 1710 non
1288 1686 1387 1718 potest,
1398 1682 1543 1717 quemdam
1554 1687 1643 1710 tamen
1656 1689 1735 1708 inuu-

946 1728 974 1756 di
992 1729 1077 1757 totius
1095 1729 1219 1757 ordinent
1235 1729 1262 1756 in
1279 1729 1313 1756 iis
1324 1735 1384 1763 quae
1398 1728 1472 1755 facta
1483 1733 1558 1760 sunt,
1576 1736 1609 1755 ex
1623 1727 1729 1754 descrio

947 1773 1040 1810 ptione
1064 1773 1240 1810 legislatoris,
1259 1774 1294 1802 ab
1315 1773 1349 1802 iis
1364 1774 1412 1809 qui
1432 1772 1607 1800 mediocriter
1633 1776 1735 1799 norunt

946 1818 1091 1855 dispicere,
1108 1827 1168 1854 qua:
1182 1827 1215 1847 ex
1231 1820 1333 1854 quibus
1348 1822 1565 1853 consequantur,
1583 1825 1632 1852 per
1646 1824 1733 1852 quas-

946 1864 1010 1892 dam
1033 1865 1228 1901 conjecturas,
1254 1869 1394 1900 utcunque
1423 1863 1554 1899 cognosci
1585 1870 1665 1899 posse
1686 1870 1734 1889 ar-

947 1909 1045 1938 bitror.

982 2011 1163 2044 Quamobrem
1201 2014 1358 2046 repetamus
1391 2009 1515 2038 ordinem
1547 2017 1642 2037 eorum
1672 2017 1732 2045 qua!
1779 2030 1784 2032 ν

947 2057 1018 2085 facta
1038 2062 1103 2084 sunt
1125 2066 1132 2084 :
1159 2057 1200 2084 sic
1219 2060 1311 2084 autem
1333 2056 1416 2083 habet
1432 2055 1554 2083 :Lueem
1577 2055 1732 2084 universam

947 2103 1099 2130 mobilitate
1109 2109 1159 2130 sua
1173 2105 1237 2130 ante
1249 2102 1304 2129 alia
1316 2101 1496 2136 prodeuntem
1510 2100 1674 2129 ﬁrmamenti
1689 2101 1734 2128 ab-

948 2148 1049 2176 solutio
1065 2149 1098 2175 ab
1120 2148 1192 2183 ignis
1209 2148 1314 2175 circulo
1329 2147 1441 2175 deﬁnita
1461 2147 1650 2181 consequitur.
1669 2146 1733 2174 Levi

948 2197 1039 2221 autem
1056 2197 1154 2220 natura
1174 2201 1189 2219 ιι
1205 2193 1379 2228 gravioribus
1394 2197 1532 2227 separata,
1548 2199 1644 2227 graves
1662 2192 1734 2219 inter

953 2246 983 2266 se
1000 2238 1146 2273 qualitates
1170 2237 1390 2273 distinguuntur,
1403 2237 1431 2264 in
1445 2240 1517 2265 terra
1539 2241 1566 2264 et
1581 2244 1651 2272 aqua
1668 2244 1734 2264 con-

951 2282 1056 2310 stitutae
1073 2292 1079 2310 :
1103 2282 1233 2310 inferiore
1248 2290 1314 2310 vero
1330 2287 1427 2310 natura
1446 2285 1588 2315 exornata,
1611 2282 1732 2313 subtilis.

947 2332 974 2356 et
991 2328 1069 2359 levis,
1084 2329 1258 2363 excelsaque,
1277 2328 1406 2364 quoniam
1421 2335 1475 2356 non
1488 2328 1578 2356 omnis
1590 2332 1649 2356 erat
1663 2329 1734 2356 inter

948 2380 978 2401 se
997 2373 1106 2405 similis,
1130 2374 1266 2408 interjecti
1283 2374 1416 2409 temporis
1438 2373 1528 2409 spatio
1543 2381 1576 2401 es
1593 2374 1640 2401 illa
1658 2381 1734 2401 com-

949 2420 1082 2448 munitate
1095 2420 1122 2447 in
1134 2425 1264 2456 cognatas
1279 2420 1411 2448 dividitur
1429 2420 1627 2455 proprietates:
1639 2419 1667 2446 in
1679 2427 1732 2454 qua

949 2465 1157 2494 innumerabilis
1185 2467 1327 2495 stellarum
1352 2465 1499 2493 multitudo
1522 2465 1658 2501 explicata
1683 2472 1734 2500 pro

949 2514 1031 2542 insita
1047 2515 1148 2549 cuique
1163 2515 1274 2550 propria
1287 2514 1325 2547 vi,
1340 2513 1435 2541 mundi
1452 2512 1593 2548 fastigium
1607 2516 1733 2547 occupat,

948 2565 1029 2596 atque
1044 2561 1081 2588 ita
1096 2561 1123 2596 in
1139 2568 1189 2588 sua
1205 2567 1320 2595 quaeque
1335 2560 1401 2588 sede
1417 2560 1512 2591 haeret,
1532 2562 1562 2586 ut
1583 2565 1647 2585 cum
1662 2565 1735 2585 sem-

949 2615 997 2642 per
1009 2606 1229 2639 circulnl'cratur,
1241 2613 1382 2642 nunquam
1393 2610 1484 2633 tamen
1495 2605 1585 2633 locum
1597 2604 1734 2639 relinquat

947 2660 1038 2680 suum.
1055 2651 1155 2680 Horum
1177 2652 1251 2680 enim
1274 2656 1304 2679 ut
1323 2651 1591 2687 ordqiimmntabilis
1611 2653 1668 2681 est,
1692 2649 1733 2676 sic

947 2701 1044 2723 natura
1061 2704 1169 2731 semper
1184 2696 1302 2724 mobilis.
1326 2695 1392 2723 Post
1408 2695 1609 2723 velocissimum
1628 2697 1729 2720 motum

948 2743 1073 2776 scquitur
1087 2741 1290 2773 secundoloco,
1306 2749 1367 2777 quae
1381 2741 1528 2768 velocitate
1545 2738 1668 2774 proxima
1680 2744 1733 2767 est,

948 2787 1164 2822 subeuntcmque
1191 2786 1324 2814 circulum
1350 2786 1470 2818 obtinet,
1497 2784 1579 2812 tertio
1604 2782 1732 2816 deinceps

948 2833 1009 2866 alia,
1033 2837 1060 2862 et
1077 2837 1189 2869 quarto,
1215 2831 1248 2859 ad
1272 2832 1416 2869 septimum
1440 2837 1525 2864 usque
1554 2835 1603 2863 pro
1627 2827 1733 2856 ratione
