1976 3077
234 102 284 131 ιὶῡ

847 101 875 128 S.
892 100 1054 129 GREGORH
1077 99 1222 128 NYSSENI

1805 93 1878 126 tso‘

232 157 393 186 vetocitatis.
416 157 504 185 Tanto
531 158 603 185 enim
624 164 796 194 unaquaque
813 158 920 194 longius
941 158 1018 185 abest

1079 158 1185 185 aovoﬁsa
1206 158 1244 192 (α)
1263 157 1332 192 μετὰ
1347 158 1396 192 τὴν
1418 156 1550 192 ὀξυτάτην
1574 157 1679 191 κίνησιν
1695 156 1724 182 ὲν
1745 157 1778 192 τῇ
1804 157 1862 192 ἰδίᾳ

232 212 247 231 a
273 204 424 238 superiore.
440 209 542 238 quanto
558 204 603 230 illa
620 204 653 231 ad
671 204 832 231 movendum
850 208 946 231 natura
963 209 1018 231 tar-

232 248 357 274 diorest.
385 246 446 274 lla:c
471 248 554 281 igitur
582 252 682 282 quarto
703 247 746 273 die
768 247 837 274 facta
862 252 935 279 sunt,
963 256 1017 274 non

232 293 304 328 quod
317 298 382 319 tunc
398 292 480 320 fuerit
493 293 538 320 lux
557 297 711 328 procreata,
727 292 773 320 sed
789 292 862 326 quod
879 293 1018 319 illustran-

232 338 258 365 di
273 339 296 365 vi
312 346 360 368 ι.Γο
377 343 475 365 natura
487 346 537 365 sua
555 339 636 365 simul
649 344 754 370 coacta,
767 339 944 373 apparuerint
956 346 1017 365 cum

233 384 343 418 reliqum
361 383 454 410 stella.
476 387 534 409 tum
553 383 605 410 illa:
624 390 684 418 quae
706 383 896 418 magnitudine
913 384 1019 410 caeteris

241 430 382 463 pla-stant,
396 428 437 455 sol
452 432 479 455 et
495 429 570 461 luna,
583 436 700 463 quorum
718 433 795 456 ortus
813 429 921 463 quidem
938 436 1018 456 occa-

235 475 277 502 sio
295 474 400 501 exstitit
414 475 484 501 lucis
509 475 535 501 iu
554 475 753 509 procreatione,
770 475 914 509 utriusque
929 479 1017 501 autem

235 519 396 549 constitutio
426 519 546 554 (quando
562 524 687 547 movetur
706 520 732 546 in
748 524 869 555 tempore
887 520 1018 555 quidquid

233 570 369 595 movetur,
388 569 416 591 υῑ
429 570 542 592 mutuus
568 565 763 599 particularum
781 572 935 592 COIICllI’SllS
959 569 1020 599 680'.

233 612 325 645 aliquo
346 611 475 645 temporis
499 611 656 645 intervallo)
679 611 767 637 tribus
781 610 878 637 diebus
898 610 1019 645 perfecta

234 659 288 682 est.
311 655 401 688 Quare
425 662 479 682 non
501 654 620 682 absurde
643 655 771 682 conditus
786 655 862 681 orbis
882 663 896 681 a
923 662 1021 689 magno

237 699 312 728 Mose
341 700 377 727 ita
402 700 579 731 describitur,
607 704 635 726 ut
664 704 796 734 quantum
817 700 850 727 ad
878 699 1020 727 materiam

235 746 361 780 pertinet,
373 745 455 772 simul
467 739 558 772 omnia
576 745 702 772 dicantur
727 745 825 772 virtute
835 745 941 780 opiﬁcis
953 752 1020 772 con-

235 792 329 817 stituta
352 799 360 818 :
382 791 530 825 singularis
551 796 640 818 autem
664 798 769 823 eorum,
790 799 851 826 quae
869 791 897 817 in
918 791 1020 817 mundo

1068 204 1148 238 φορᾷ,
1163 203 1208 229 τὸν
1225 202 1413 237 ὑποϐεϐηκότα
1430 202 1528 229 κύκλον
1542 201 1716 236 διαλαμϐάνει
1726 209 1733 217 ·
1750 202 1795 228 καὶ
1805 203 1861 228 πά.-

1067 250 1108 276 λιν
1126 251 1156 276 ἐκ
1180 250 1272 284 τρίτου
1293 250 1340 275 καὶ
1354 248 1485 283 τετάρτου
1508 248 1556 274 καὶ
1577 247 1629 278 ἓως
1651 247 1764 282 ἑϐδόμου
1790 247 1863 282 πρὸς

1068 294 1145 327 λόγον
1156 293 1204 328 τῆς
1219 293 1289 319 κατὰ
1299 293 1329 319 το
1344 292 1424 327 τάχος
1441 292 1557 326 φύσεως.
1573 291 1704 317 Τοσοῦτον
1719 291 1863 317 ὑποκατα-

1069 339 1156 365 ϐαίνει
1173 339 1219 365 τοῦ
1234 339 1363 374 ἀνωτέρω
1378 338 1502 370 ἕκαστον,
1517 337 1578 363 ὅσον
1597 337 1671 372 αὑτῷ
1684 337 1862 372 σχολαιοτὲρα

1068 385 1122 410 τῶν
1145 384 1348 419 ὑπερκειμένων
1364 385 1380 418 ἡ
1401 383 1481 417 φύσις
1501 383 1559 409 ἐστὶ
1579 383 1646 418 πρὸς
1667 384 1717 418 τὴν
1738 383 1859 418 κίνησιν.

1069 430 1160 457 Ταῦτα
1170 428 1215 456 οὖν
1226 430 1328 464 γίνεται
1340 429 1410 456 κατὰ
1421 429 1470 464 τὴν
1482 430 1613 464 τετάρτην
1627 430 1741 464 ἡμέραν,
1754 431 1785 456 οὺ
1796 430 1862 456 τότε

1069 478 1115 505 τοῦ
1137 478 1225 512 φωτὸς
1247 477 1505 513 δημιουργηθέντος,
1529 477 1597 504 ἀλλὰ
1619 477 1667 512 τῆς
1695 479 1863 512 φωτιστικῆς

1072 525 1201 559 ίδιότητος
1218 523 1281 558 περὶ
1299 523 1329 549 τὸ
1349 523 1419 549 κατὰ
1435 522 1514 561 φύσιν
1531 523 1613 557 ἑαυτῇ
1629 523 1676 549 καὶ
1695 522 1864 557 κατάλληλον

1069 569 1273 605 άθροισθείσης”
1288 568 1322 595 τά
1335 577 1364 594 τε
1376 568 1442 594 ἄλλα
1460 568 1576 603 ἐξεφάνη
1591 568 1644 594 τῶν
1665 569 1797 604 ἀστέρων,
1814 569 1865 594 καὶ

1069 613 1094 639 οἱ
1118 611 1146 638 ἐν
1167 612 1269 646 μείζονι
1293 611 1367 646 ὄγκῳ
1385 612 1447 646 περὶ
1470 611 1504 637 τὰ
1529 611 1609 638 λοιπὰ
1636 612 1831 647 καθορώμενοι,
1849 613 1865 639 ὁ

1070 657 1144 692 ἥλιός
1156 665 1186 683 τε
1201 657 1245 683 καὶ
1261 656 1393 692 ήσελήνη,
1408 653 1445 683 ὦν
1461 657 1477 692 ἡ
1489 657 1537 691 μὲν
1551 657 1666 690 γένεσις,
1678 659 1706 685 ἐν
1718 659 1749 692 τῇ
1766 657 1864 693 πρώτῃ

1070 703 1216 738 καταϐολῇ,
1241 703 1287 729 τοῦ
1305 703 1391 737 φωτὸς
1410 703 1458 734 τὰς
1477 703 1603 738 ἀφορμάς
1623 703 1712 738 ἔσχεν,
1726 706 1742 739 ἡ
1767 703 1795 730 δὲ
1817 704 1866 729 σύ-

1072 757 1164 781 στασις
1175 748 1289 775 ἑκάστου
1302 749 1402 784 (ἐπειδὴ
1415 748 1521 780 πάντως
1535 750 1563 775 ἐν
1577 750 1665 786 χρόνῳ
1677 752 1790 776 κινεῖται
1810 751 1865 777 πᾶν

1070 794 1103 820 τὸ
1122 794 1289 829 κινούμενον,
1307 794 1353 820 καὶ
1371 794 1411 820 δεῖ
1424 793 1472 829 τὴν
1486 795 1539 820 τῶν
1564 795 1663 830 μορίων
1678 795 1744 832 πρὸς
1761 795 1866 828 ἄλληλα

233 835 372 867 videntur,
394 835 534 862 distinctio
560 836 655 863 ordine
669 836 786 870 quodam
805 843 837 863 ac
851 835 921 864 serie
941 839 1022 862 natu-

1079 840 1238 878 συνδρομὴν,
1253 840 1299 867 καὶ
1316 839 1441 875 χρονικοῦ
1450 849 1521 871 τινος
1535 841 1730 877 διαστήματος)
1766 842 1795 867 ἐν
1804 843 1864 873 ταῖς

235 882 298 914 rali,
316 889 348 909 eo
372 882 460 916 spatio
482 882 555 917 quod
581 882 684 909 dictum
700 885 753 915 est,
783 882 918 909 absoluta.
946 881 1022 909 Tunc

235 929 318 957 simul
339 930 465 956 universa
487 928 532 955 lux
555 927 671 960 exstitit,
687 931 752 954 tunc
771 928 861 955 omnis
875 935 967 955 rerum
990 927 1022 954 il-

235 975 416 1002 lustrantium
440 978 536 1000 natura
564 973 682 1008 propriis
711 973 840 1000 distincta
863 972 1024 1000 dillerentiis

236 1022 376 1058 apparuit,
399 1029 516 1057 quarum
536 1029 552 1049 e
569 1029 684 1048 numero
713 1022 754 1049 sol
776 1026 828 1052 est,
842 1024 869 1049 et
888 1021 963 1048 luna.
984 1022 1023 1049 Ac

237 1066 469 1102 quemadmodum
488 1073 519 1094 ea
536 1074 597 1101 quae
618 1065 746 1094 fluentem
770 1067 824 1093 vim
840 1066 951 1098 habent,
969 1074 1022 1093 non

236 1117 304 1140 sunt
326 1113 408 1140 unius
424 1113 532 1147 generis
550 1112 654 1145 omnia,
675 1112 723 1139 sed
737 1112 890 1140 dill'erentia
905 1113 1023 1148 quadam

236 1159 308 1186 inter
319 1166 349 1186 se
362 1158 483 1186 vicissim
499 1158 666 1194 discrepant,
680 1162 710 1184 ut
723 1158 817 1185 videre
829 1158 893 1186 licet
907 1158 934 1185 in
951 1159 1022 1191 oleo,

235 1208 262 1232 et
278 1211 358 1239 aqua,
374 1209 401 1232 et
418 1208 530 1239 argento
545 1204 618 1236 vivo,
639 1211 700 1239 quae
719 1203 742 1231 si
759 1203 822 1239 quis
837 1203 927 1230 omnia
942 1204 1024 1231 simul

235 1250 264 1277 in
280 1258 335 1277 uno
353 1257 418 1277 vase
435 1249 596 1280 confundat,
615 1257 697 1284 parva
715 1249 857 1283 interjecta
877 1256 952 1276 mora
968 1249 1024 1283 pri-

234 1304 310 1324 mum
329 1295 444 1331 aspiciet
457 1299 598 1330 argentum
617 1295 709 1322 vivum
724 1295 760 1322 ob
777 1295 930 1330 graviorem
943 1295 1024 1322 dcor-

236 1348 353 1376 sumque
373 1341 527 1368 tendentem
553 1345 678 1367 naturam
704 1340 731 1367 in
750 1340 834 1368 fundo
855 1344 942 1368 totum
958 1349 1024 1368 con-

237 1388 339 1420 sidere,
362 1387 426 1414 licet
442 1387 533 1414 omnia
560 1386 702 1414 commista
724 1385 909 1419 sint;deinde
926 1394 1024 1422 aquam

238 1433 319 1461 simul
342 1437 466 1460 coactam
489 1439 596 1459 omnem
619 1432 785 1464 succedere;
813 1437 952 1467 postremo
973 1433 1025 1460 olei

238 1483 417 1514 congregatas
435 1479 584 1513 particulas
600 1482 780 1513 super-natare
802 1483 829 1505 et
846 1486 929 1514 super
943 1483 1026 1506 utro—-

240 1534 294 1561 que
310 1525 461 1552 consistere
477 1533 484 1552 :
501 1525 595 1552 eodem
612 1529 691 1559 pacto
703 1524 736 1551 de
753 1532 782 1552 re
796 1525 875 1552 nobis
886 1525 918 1552 ad
935 1525 1028 1560 dispu-
1042 1516 1063 1545 ο

239 1571 353 1599 landum
373 1571 512 1606 proposita
528 1577 677 1610 possumus
696 1567 844 1605 conjicere,
860 1570 926 1598 illud
945 1578 1028 1598 unum

240 1617 268 1644 in
294 1617 418 1652 exemplo
444 1619 551 1643 tantum
577 1620 791 1649 commutantes,
821 1621 850 1644 ut
879 1617 951 1652 quod
975 1617 1032 1644 illic

242 1665 354 1697 propter
375 1662 549 1697 gravitatem,
577 1662 622 1688 hic
646 1666 742 1689 contra
766 1667 877 1698 propter
895 1663 1030 1690 levitatem

240 1709 358 1736 eveniat.
380 1708 408 1735 In
425 1708 512 1743 prima
534 1708 606 1734 enim
624 1715 715 1734 rerum
737 1708 945 1739 constitutione,
972 1716 1032 1743 qum

241 1754 354 1782 levitate
379 1761 489 1781 sursum
511 1753 670 1785 tendebant,
690 1753 813 1788 quandiu
830 1753 864 1780 ob
876 1755 1028 1781 naturalem

241 1799 296 1826 vim
315 1799 424 1826 insitam
444 1798 582 1826 celeritate
595 1797 730 1828 valebant.
743 1798 845 1832 pariter
858 1799 950 1825 omnia
965 1806 1031 1826 con-

242 1849 399 1876 currerunt,
415 1848 472 1870 tum
487 1851 519 1871 ex
536 1843 689 1871 velocitatis
711 1843 870 1878 praestantia
885 1844 943 1881 ipsa
961 1853 1030 1881 quo-

241 1885 296 1923 que
315 1889 387 1915 inter
406 1896 436 1915 se
452 1888 582 1915 distincta
600 1892 674 1916 sunt.

1075 887 1162 922 τρισὶν
1176 886 1293 922 ἡμέραις
1306 885 1464 921 ἐτελειώοη⁸
1476 885 1513 917 ὡς
1527 887 1608 921 μηδὲν
1620 887 1672 919 ἔξω
1684 889 1732 921 τῆς
1749 887 1864 914 ἀκολου-

1076 932 1137 964 θίας
1163 932 1237 968 παρᾶ
1260 931 1306 958 τοῦ
1327 931 1444 967 μεγάλου
1459 932 1579 963 Μωσέως
1602 933 1630 958 ἐν
1649 934 1681 967 τῇ
1707 932 1761 959 τῶν
1778 933 1867 960 ὄντων

1075 978 1202 1013 διασκευῇ
1218 977 1381 1013 γεγράφθαι,
1394 978 1417 1004 εί
1433 977 1540 1004 πάντων
1555 978 1624 1005 κατὰ
1637 978 1666 1004 τὴ
1679 978 1776 1013 ἀθρόον
1790 978 1866 1012 παρὰ

1076 1024 1125 1059 τῆς
1140 1024 1186 1051 τοῦ
1196 1023 1368 1059 Δημιουργοῦ
1380 1023 1522 1059 δυνάμεως
1531 1024 1630 1055 ὑλικῶς
1642 1024 1867 1059 πῳκαταὸεεληο

1078 1070 1178 1106 μένων,
1191 1069 1257 1104 πρὸς
1268 1069 1316 1105 τὴν
1333 1069 1385 1096 τῶν
1399 1069 1485 1100 όντων
1499 1069 1637 1102 σύστασιν,
1657 1071 1675 1105 ἡ
1691 1070 1790 1105 μερικὴ
1812 1070 1869 1096 τῶν

1077 1116 1105 1141 ἐν
1128 1115 1166 1150 τῷ
1191 1114 1285 1150 κόσμῳ
1303 1114 1516 1150 τεθεωρημένωη
1544 1115 1688 1147 ἀνάδειξις,
1718 1114 1793 1148 τάξει
1813 1115 1869 1141 τινὶ

1077 1162 1178 1196 φυσικῇ
1193 1161 1238 1186 καὶ
1250 1160 1395 1195 ἀκολουθίᾳ
1408 1161 1435 1185 ἐν
1448 1160 1521 1196 ῥητῷ
1531 1160 1695 1195 διαστήματι
1711 1159 1868 1195 ἐτελειώθη·

1076 1206 1138 1232 τότε
1148 1206 1198 1240 μὲν
1212 1205 1310 1241 ἁθρόου
1324 1205 1370 1231 τοῦ
1391 1205 1478 1239 φωτὸς
1491 1205 1663 1239 ὲκφανέντος,
1680 1205 1726 1231 νῦν
1738 1205 1765 1231 δὲ
1779 1205 1871 1240 πάσης

1076 1252 1126 1286 τῆς
1142 1251 1309 1286 φωτιστικῆς
1326 1249 1434 1284 φύσεως
1455 1251 1545 1282 ὶδικῶς
1561 1251 1746 1287 διαφανείσης,
1762 1248 1799 1277 ὧν
1812 1253 1871 1278 ἐστι

1078 1297 1125 1324 καὶ
1143 1297 1157 1323 ὁ
1170 1296 1254 1332 ἥλιος,
1270 1296 1346 1331 καὶὴ
1368 1296 1477 1331 σελήνη.
1492 1297 1545 1322 Kal
1561 1296 1654 1332 ὥσπερ
1670 1297 1717 1323 ἐπὶ
1738 1297 1792 1323 τῶν
1806 1297 1871 1332 ρευ-

1079 1342 1143 1376 στήν
1162 1349 1222 1367 τινα
1237 1340 1351 1375 δύναμιν
1370 1340 1495 1375 ἐχόντων,
1515 1340 1565 1366 κᾶν
1581 1342 1669 1367 πάντα
1683 1341 1742 1376 ῥέῃ,
1758 1342 1787 1368 οὐ
1802 1341 1871 1368 πάν-

1077 1395 1132 1418 τως
1146 1386 1283 1422 ὀμογενῶς
1298 1386 1354 1421 ἔχει
1371 1385 1438 1422 πρὸς
1454 1386 1565 1422 ἄλληλα,
1579 1386 1646 1413 ἀλλά
1660 1387 1700 1418 τίς
1715 1388 1787 1413 ἐστιν
1805 1386 1872 1413 ἑκά-

1080 1441 1134 1468 στῳ
1158 1432 1274 1467 διαφορά
1303 1431 1370 1466 πρὸς
1397 1431 1427 1457 τὸ
1453 1431 1556 1467 ἕτερον,
1580 1429 1635 1458 οἷον
1657 1433 1686 1458 ὲν
1719 1432 1800 1467 ἐλαίῳ
1824 1433 1872 1459 καὶ

1080 1478 1242 1514 ὐδραργύρῳ
1265 1477 1311 1504 καὶ
1337 1477 1422 1508 ὕδατι,
1445 1477 1517 1512 ἅπερ
1543 1477 1568 1503 εἴ
1587 1486 1629 1508 τις
1646 1478 1762 1513 ἀναχέας
1782 1478 1871 1505 πάντα

1080 1525 1146 1561 πρὸς
1166 1523 1266 1559 ἄλληλα
1295 1523 1335 1549 ἐνὶ
1359 1523 1499 1558 περιϐάλοι
1523 1523 1635 1557 ἀγγείῳ,
1662 1524 1774 1558 βραχέος
1792 1524 1872 1558 ἐγγε-

1079 1571 1191 1604 νομένου
1205 1569 1313 1604 χρόνου,
1330 1567 1437 1603 πρῶτον
1453 1568 1547 1603 δψεται
1568 1569 1615 1604 τὴν
1631 1569 1810 1604 ὑδράργυρον,
1825 1568 1870 1595 διὰ

1079 1615 1110 1642 τὸ
1127 1614 1280 1650 βαρυτέραν
1299 1621 1329 1640 τε
1343 1613 1388 1639 καὶ
1410 1614 1653 1649 κατωφερεστέραν
1670 1613 1739 1640 εἶναι
1760 1614 1813 1640 τῶν
1826 1614 1873 1640 ἆλ-

1079 1662 1144 1694 λων,
1157 1662 1213 1692 τοῖς
1234 1660 1309 1692 ἰδίοις
1326 1660 1521 1694 συμφυομένην
1545 1660 1661 1695 μορίοις,
1678 1659 1730 1686 κᾶν
1749 1658 1872 1694 πανταχῆ

1080 1707 1166 1733 ταῦτα
1195 1705 1407 1740 διεσκεδασμένα
1434 1704 1518 1740 τύχῃ·
1544 1704 1638 1730 ἔπειτα
1656 1704 1686 1730 τὸ
1712 1703 1783 1739 ὕδωρ
1805 1703 1874 1738 πρὸς

1085 1752 1165 1779 ἑαυτὸ
1185 1751 1381 1785 συναγόμενον·
1398 1748 1458 1777 εἶτα
1475 1749 1521 1776 τοῦ
1537 1750 1627 1776 ἐλαίου
1648 1750 1682 1776 τά
1701 1750 1786 1785 μόρια
1805 1751 1873 1776 πᾶσι.

1083 1799 1142 1828 τοῖς.
1152 1796 1343 1831 ὑποκειμένοις
1357 1795 1564 1826 ἐπιπολάζοντα,
1579 1795 1625 1821 καὶ
1641 1795 1704 1829 περὶ
1717 1794 1800 1820 ἑαυτὰ
1812 1802 1875 1821 συν-

1085 1844 1231 1879 ιστάμενα·
1260 1842 1346 1873 οὕτως
1369 1839 1445 1877 οἶμαι
1465 1841 1520 1867 δεῖν
1536 1841 1582 1867 καὶ
1606 1841 1670 1876 περὶ
1690 1840 1740 1875 τῆς
1763 1849 1875 1876 προκει-

1084 1890 1169 1925 μένης
1184 1888 1300 1923 θεωρίας
1324 1887 1512 1922 στοχάζεσθαι,
1528 1885 1654 1912 τοσοῦτον
1670 1885 1874 1918 ὑπαλλάξαντας

244 1936 324 1971 μόνον
345 1934 392 1960 τοῦ
411 1934 625 1968 ὑποδείγματος,
650 1934 719 1960 ὥστε
740 1933 769 1959 τὸ
783 1935 812 1960 ὲν
836 1935 891 1965 τοῖς
915 1936 1037 1970 ρευστοῑς
1055 1933 1105 1963 ὧδε
1121 1934 1165 1961 διὰ
1190 1933 1235 1960 τοῦ
1269 1933 1368 1968 βάρους
1398 1931 1555 1966 γινόμενον,
1580 1931 1626 1958 ἐπὶ
1646 1930 1695 1962 τῆς
1719 1929 1874 1966 ἀνωφεροῦς

244 1982 352 2015 φύσεως
379 1980 449 2006 κατὰ
473 1980 502 2006 τὸ
530 1980 646 2015 ἔμπαλιν
674 1980 821 2015 θεωρῆσαι.
850 1981 962 2007 Πάντων
989 1982 1042 2017 γὰρ
1062 1981 1273 2017 ἀναφερομένων
1303 1979 1355 2005 ὑπὸ
1375 1978 1539 2012 κουφότητος
1556 1977 1614 2011 ἆμα
1638 1978 1671 2013 τῇ
1695 1976 1790 2012 πρώτῃ
1820 1976 1874 2002 τῶν

245 2030 328 2056 ειντων
352 2027 499 2062 καταϐολῇ,
520 2027 557 2057 ὡς
580 2025 635 2061 εἶχε
659 2027 757 2061 τάχους
782 2027 896 2057 ἕκαστον
925 2028 995 2054 κατὰ
1017 2029 1066 2064 τὴν
1081 2028 1244 2063 ὲγκειμένην
1257 2028 1312 2057 τοῖς
1332 2026 1414 2052 πᾶσιν
1428 2026 1459 2051 ἐκ
1473 2024 1579 2059 φύσεως
1593 2024 1715 2059 δύναμιν,
1731 2023 1875 2050 ἀκόλουθον

244 2074 278 2111 ἦν
289 2074 329 2110 τῷ
344 2072 527 2108 ῑσοδρομοῧντι
541 2072 666 2108 ἀλλήλοις
685 2072 772 2098 πάντα
795 2072 966 2107 συνδραμεῖν,
982 2074 1029 2100 καὶ
1043 2073 1113 2100 οὕτω
1139 2072 1311 2108 διακριθῆναι
1340 2070 1411 2097 κατὰ
1427 2070 1476 2106 τὴν
1494 2070 1541 2096 τοῦ
1556 2070 1654 2104 τάχους
1678 2069 1808 2104 διαφορὰν
1826 2068 1874 2096 ἀπ’

244 2122 377 2158 ἀλλήλων,
391 2121 445 2148 τῶν
467 2120 597 2151 ὡσαύτως
612 2120 771 2153 πεφυκότων
792 2129 821 2146 τε
844 2121 890 2146 καὶ
911 2121 1076 2156 δυναμένων.

281 2167 316 2195 Ut
332 2168 414 2202 igitur
429 2167 456 2194 in
473 2165 597 2202 exemplo
618 2166 758 2200 proposito
781 2173 872 2192 rerum
890 2165 1030 2194 ﬂuentium
1049 2169 1070 2196 D

247 2214 362 2241 secretio
374 2216 400 2239 et
414 2212 551 2247 separatio
563 2211 705 2238 materiam
722 2211 887 2246 singularem
902 2219 955 2237 non
972 2219 1035 2238 con~

247 2260 345 2290 stituit,
360 2258 408 2286 sed
421 2258 477 2293 jam
493 2258 592 2284 factam
603 2256 740 2289 distinxit,
757 2257 969 2292 distinctamque
987 2257 1035 2285 de-

248 2304 431 2333 monstravit:
451 2304 533 2331 sicin
558 2303 641 2330 trium
656 2302 760 2330 dierum
780 2303 868 2338 spatio
897 2304 1036 2331 illustraus

249 2351 316 2378 solis
328 2353 435 2384 natura,
450 2353 626 2384 potestasque
644 2348 714 2376 facta
728 2357 781 2376 non
799 2353 851 2381 est,
866 2349 913 2377 sed
931 2357 992 2376 cum
1009 2350 1035 2376 in

249 2396 426 2423 universitate
452 2402 543 2422 rerum
567 2394 663 2422 dill'usa
679 2399 761 2426 esset,
780 2394 861 2422 simul
887 2399 982 2421 coarta
997 2399 1039 2421 est

250 2447 278 2470 et
303 2442 458 2476 conjuncta.
477 2440 506 2467 Si
523 2440 584 2475 quis
597 2445 686 2468 autem
702 2447 717 2467 a
734 2440 813 2468 nobis
828 2444 855 2467 et
881 2440 954 2467 tertii
975 2439 1037 2467 θα)ιί

252 2487 387 2515 rationem
414 2490 499 2522 petat,
531 2486 605 2522 quod
636 2485 726 2514 Moses
755 2494 808 2513 non
840 2486 961 2520 scripsit,
991 2485 1039 2513 sed

252 2533 353 2560 Paulus
367 2533 445 2564 vidit,
456 2535 484 2559 et
497 2533 523 2559 in
542 2533 601 2567 ipso
614 2537 741 2566 tanquam
757 2532 783 2559 in
799 2532 887 2567 adytis
900 2531 1040 2567 sapientia:

253 2578 408 2605 consistens
424 2584 523 2604 arcana
541 2577 643 2603 audivit
656 2577 688 2609 ",
712 2576 747 2603 ab
767 2576 821 2602 illis
844 2583 903 2610 qua:
918 2575 1039 2609 exposita

255 2627 330 2655 sum,
344 2623 454 2650 tertium
483 2622 548 2649 illud
564 2622 663 2649 calum
681 2628 734 2648 non
751 2621 846 2647 abesse
862 2618 1041 2653 respondent-

256 2677 326 2697 mus.
354 2668 467 2696 Videtur
481 2668 552 2694 enim
579 2667 644 2693 mihi
665 2673 779 2701 magnus
797 2665 876 2693 etiam
896 2664 1044 2699 Apostolus

292 2739 314 2754 "
329 2738 347 2764 ll
364 2738 426 2764 (lor.
450 2747 493 2768 ιιι,
511 2737 570 2762 24.

1121 2167 1226 2200 Ὥσπερ
1249 2161 1295 2190 οὖν
1327 2162 1374 2189 ἐπὶ
1404 2161 1449 2188 τοῦ
1470 2161 1668 2196 ὑπιδείγματος
1696 2161 1713 2195 ἡ
1743 2159 1796 2186 τῶν
1814 2160 1866 2195 ῥευ-

1090 2212 1159 2239 στῶν
1170 2210 1272 2237 τούτων
1287 2209 1420 2243 διάκρισις
1441 2207 1490 2233 οὐκ
1510 2207 1621 2241 ἐποίησε
1639 2205 1682 2232 διὰ
1702 2204 1752 2239 τῆς
1771 2204 1875 2231 διαστο-

1088 2257 1138 2291 λῆς
1150 2256 1198 2287 τὰς
1213 2254 1289 2285 ὕλας,
1304 2253 1371 2280 ἀλλὰ
1385 2253 1434 2283 τὰς
1451 2251 1636 2286 γεγενημένας
1648 2250 1694 2276 καὶ
1709 2250 1736 2275 ὲν
1748 2248 1874 2284 ἀλλήλαις

1090 2300 1241 2336 κεχυμένας
1264 2298 1392 2334 καθαρῶς
1411 2297 1529 2332 ἑκάστην
1542 2298 1595 2322 ἁλι)
1613 2296 1661 2330 τῆς
1676 2295 1758 2330 ἄλλης
1773 2294 1875 2329 διακρι-

1090 2345 1182 2372 θεῖσαν
1205 2342 1348 2375 ἀνέδειξεν·
1369 2341 1440 2368 οὕτω
1459 2341 1505 2368 καὶ
1526 2340 1594 2376 μετὰ
1615 2339 1645 2365 τὸ
1661 2341 1807 2375 τριήμερον
1828 2338 1874 2365 τοῦ

1090 2392 1185 2427 χρόνου
1196 2390 1334 2423 διάστημα
1348 2388 1408 2423 οὐχ.
1420 2387 1527 2420 ἐγένετο
1540 2388 1555 2420 ἡ
1572 2386 1721 2420 φωτιστικὴ
1738 2385 1785 2411 τοῦ
1799 2385 1873 2420 ἡλίου

1092 2437 1171 2473 φύσις
1190 2435 1237 2462 καὶ
1257 2434 1379 2468 δύναμις,
1402 2432 1469 2459 ἀλλὰ
1485 2430 1667 2466 ὃιακεχυμένη
1688 2430 1756 2465 πρὸς
1776 2431 1805 2456 τὺ
1824 2430 1874 2456 πᾶν

1093 2482 1161 2517 πρὸς
1177 2480 1260 2515 ὲαυτὴ
1299 2478 1431 2513 διεκρίθη.
1449 2478 1479 2503 Εἰ
1494 2477 1522 2503 δέ
1538 2485 1580 2506 τις
1594 2476 1667 2511 ἡμᾶς
1692 2475 1815 2510 ἐπαιτοίη
1832 2475 1876 2501 καὶ

1094 2528 1158 2563 περὶ
1174 2526 1221 2551 τεῦ
1235 2525 1326 2561 τρίτου
1341 2523 1456 2559 οὐρανοῦ
1469 2523 1558 2556 λόγον,
1580 2522 1609 2548 ὃν
1623 2522 1637 2547 ὁ
1652 2521 1753 2555 Μωσῆς
1771 2521 1819 2555 μὲν
1829 2521 1876 2547 οὐκ

1095 2571 1222 2606 ἔγραψα,
1239 2569 1343 2599 Παῦλος
1356 2568 1384 2594 δὲ
1409 2565 1488 2597 εἶδεν,
1508 2566 1555 2591 καὶ
1568 2565 1597 2590 ἐν
1612 2564 1685 2599 αὐτῷ
1705 2564 1829 2599 καθάπερ
1848 2564 1876 2590 ὲν

1095 2617 1202 2647 ἀδύτοις
1216 2615 1270 2641 τισὶ
1282 2614 1331 2649 τῆς
1343 2613 1437 2647 σοφίας
1447 2611 1602 2646 γενόμενος,
1615 2610 1670 2636 τῶν
1687 2609 1812 2645 ἀρρήτων
1834 2610 1876 2634 ἐπ’

1096 2662 1262 2699 ηκροάσατο,
1274 2659 1353 2687 τοῦτό
1368 2666 1466 2693 φαμεν,
1479 2657 1521 2683 ὅτι
1537 2656 1586 2683 οὐκ
1601 2656 1652 2689 ἔξω
1664 2656 1718 2684 τῶν
1732 2653 1877 2691 ἐξητασμὸ-

294 2805 331 2839 (τι)
348 2804 402 2831 Vox
434 2807 567 2839 ~uspccta.
595 2801 748 2834 [legendum
776 2799 900 2833 δεύτερον
933 2795 1008 2824 εἶτα.
1037 2797 1114 2824 Eutr.
