1976 3077
111 121 156 149 lii

732 127 766 155 IN
786 128 1023 159 [IEXAEMERON
1042 132 1152 161 LIBER.

1687 139 1740 166 1‘22

111 187 164 206 νων
178 178 295 214 ὸτρίτος
316 180 416 211 ἐκεῖνος
433 179 547 216 οὐρανός
560 182 627 209 ἐστι.
651 183 730 210 Δοκεῖ
751 184 804 220 γάρ
829 187 898 221 μοιὸ

953 189 1062 215 vincens
1075 196 1169 216 omnes
1185 191 1340 225 superiores
1352 193 1436 222 totius
1447 197 1561 226 natura,
1571 202 1640 229 qua:
1654 202 1736 222 sensu

113 224 199 258 μέγας
231 224 391 256 ’Λπόστολος
415 226 429 251 ὁ
452 227 519 252 πᾶσι
544 229 601 259 τοῖς
623 227 778 263 ἔμπροσθεν
802 230 899 258 ἑαυτὸν

113 268 285 301 ὶπεκτείνων,
300 268 395 301 διαϐὰς
408 270 497 306 πάσης
511 272 560 306 τῆς
574 273 704 308 αἰσθητῆς
715 274 823 308 φύσεως
836 275 900 307 τοὺς

112 315 202 350 ὅρους,
221 316 261 346 είς
278 315 326 350 τὴν
345 316 443 351 νοητὴν
465 317 630 344 κατάστασιν
652 319 839 354 παρεισδῦναι,
868 321 898 347 οὐ

112 361 272 396 σωματικῆς
282 361 563 400 ἁκριὸῶςιγινομένης
575 364 649 399 αὐτῷ
662 365 710 398 τῆς
726 365 780 391 τῶν
797 366 900 400 νοητῶν

111 407 236 442 θεωρίας.
255 406 340 434 Τοῦτο
357 407 411 443 γὰρ
433 408 480 434 καὶ
495 409 578 452 αὐτὸς
591 409 631 444 τῷ
649 410 706 445 ἰδίῳ
721 410 793 446 λόγῳ
810 420 900 448 παρα-

111 453 272 488 σημαίνεται
288 453 382 485 είπὼν,
394 455 434 480 ὅτι
447 464 455 480 ι
471 455 526 481 εἴτε
542 456 571 482 ἐν
585 455 690 490 σώματι
702 457 752 483 οὑκ
765 455 832 489 οἶδα,
844 458 900 484 εἴτε

110 500 188 531 ἐκτὸς
199 499 246 526 τοῦ
260 500 383 534 σώματος
395 500 525 529 οὐκοῐδα·
540 503 554 528 ό
565 502 631 535 Θεὸς
651 501 721 531 οἶδεν
742 504 900 540 ἁρπαγέντα

110 546 155 572 τὸν
167 546 286 573 τοιοῦτον
302 547 354 579 ἕως
369 547 462 583 τρίτου
479 548 604 584 οὐρανοῦ.
619 558 628 574 ι
640 549 677 575 Τὸ
690 547 735 576 οὖν
751 550 900 585 ἀκρότατον

109 591 156 617 τοῦ
171 592 300 627 αἰσθητοῦ
318 593 420 628 κόσμου
439 594 530 629 τρίτον
545 592 621 629 οἶμαι
641 595 755 629 οὐρανὸν
772 603 901 630 προειρη·

110 637 187 664 κέναι
201 638 247 665 τὸν
257 638 373 672 Παῦλον,
386 640 466 675 τριχῆ
479 641 527 675 μὲν
537 641 654 676 τεμόντα
664 641 717 667 πᾶν
725 641 756 667 τὺ
770 641 900 676 φαινόμε-

109 692 165 715 νον,
185 683 255 711 κατὰ
275 684 304 710 δὲ
332 685 381 720 τὴν
406 686 549 721 συνήθειαν
568 687 618 721 τῆς
638 687 760 722 Γραφῆς,
785 686 900 714 ἕκαστον

108 730 163 756 τῶν
180 731 333 766 τμημάτων
346 732 448 759 τούτων
466 732 581 768 οὐρανὸν
600 733 781 768 ὀνομάσαντα.
800 733 830 760 ’0
845 733 900 768 γὰρ

108 776 159 810 τῆς
171 776 282 812 Γραφῆς
299 777 388 811 λόγος,
403 780 431 804 ὲν
445 779 614 814 καταχρήσει
628 779 682 806 τινὶ
697 780 836 815 ῥημάτων,
852 779 900 806 ἕνα

111 822 161 857 μὲν
172 822 285 856 οὐρανὸν
304 823 442 858 ὀνομάζει,
457 824 502 850 τὸν
516 825 578 859 ὅρον
598 825 645 851 τοῦ
659 825 899 861 παχυμερεστέρου

109 868 200 904 ἀέρος,
229 869 325 905 μέχρις
343 867 374 896 οὗ
389 871 438 908 καὶ
460 870 527 906 νέφη
548 871 594 897 καὶ
616 871 710 906 ἄνεμοι
732 871 780 898 καὶ
804 872 821 906 ἡ
846 872 900 899 τῶν

109 913 248 947 ὑψιπετῶν
266 914 367 949 ὀρνέων
383 915 496 950 φέρεται
515 915 606 949 φύσις.
621 915 675 942 Καὶ
689 915 743 951 γὰρ
758 915 805 942 καὶ
819 915 899 949 νεφέ-

109 957 158 990 λας
174 959 287 994 οὐρανοῦ
309 959 392 994 λέγει,
417 960 464 987 καὶ
489 960 598 987 πετεινὰ
624 961 758 996 οὐρανοῦ-
780 961 825 988 καὶ
851 961 900 995 οὐχ

108 1004 203 1036 ἁπλῶς
229 1005 342 1040 οὐρανὸν
368 1005 442 1040 λέγει
468 1006 571 1038 τοῦτον,
599 1005 667 1032 ἀλλὰ
689 1007 737 1032 καὶ
762 1006 831 1041 μετὰ
852 1006 899 1032 τοῦ

110 1051 311 1087 στερεώματος.
336 1052 416 1086 Λέγει
441 1052 506 1087 γὰρ,
525 1062 533 1078 ‹
561 1051 733 1086 Ἐξαγαγέτω
755 1053 790 1079 τὰ
817 1052 901 1079 ὕδατα

109 1099 214 1133 ἑρπετὰ
228 1098 321 1133 ψυχῶν
335 1098 440 1131 ζωσῶν,
454 1098 499 1124 καὶ
519 1099 630 1124 πετεινὰ
647 1099 785 1133 πετόμενα
796 1099 840 1125 ἐπὶ
851 1098 900 1133 τῆς

108 1143 161 1176 γῆς
176 1142 246 1169 κατὰ
259 1142 289 1168 τὸ
313 1142 455 1178 στερέωμα
472 1142 519 1169 τοῦ
535 1143 660 1178 οὐρανοῦ.
682 1153 691 1168 ι
711 1140 776 1169 Εἶτα
792 1143 823 1169 τὸ
842 1143 902 1169 ἓτε-

109 1196 166 1224 ρον,
179 1188 293 1222 οὐρανόν
305 1196 334 1214 τε
357 1188 403 1214 καὶ
423 1188 566 1223 στερέωμα
584 1188 773 1223 κατονομάζει,
789 1189 819 1215 τὸ
833 1188 902 1224 μετὰ

107 1233 157 1268 τὴν
171 1233 278 1268 ἀπλανῆ
294 1234 412 1268 σφαῖραν
432 1233 497 1268 περὶ
515 1233 547 1259 τὸ
562 1233 638 1265 ἐντὸς
654 1233 851 1270 θεωρούμενον,
872 1235 902 1262 ἐν

145 1279 170 1304 οἱ
197 1279 330 1314 πλανῆται
352 1278 406 1306 τῶν
424 1279 546 1314 ἀστέρων
578 1279 794 1315 διαπορεύονται.
820 1280 901 1314 Λέγει

108 1325 173 1360 γὰρ,
199 1325 239 1351 ’ότι
255 1334 263 1350 ι
289 1324 432 1359 Ἐποίησεν
455 1326 469 1351 ὁ
493 1324 558 1356 Θεὸς
577 1324 641 1356 τοὺς
666 1326 814 1361 φωστῆρας
838 1326 901 1358 τοὺς

109 1371 254 1407 μεγάλους,
276 1371 322 1397 καὶ
343 1370 419 1397 ἔθετο
436 1371 536 1402 αὐτοὺς
554 1371 583 1397 ὲν
605 1370 645 1406 τῷ
664 1372 834 1407 στερεώματι
852 1371 901 1398 τοῦ

107 1417 234 1452 ούρανοῦ,
249 1417 320 1444 ὥστε
342 1417 448 1451 φαίνειν
464 1417 510 1443 ἐπὶ
524 1417 574 1452 τῆς
588 1417 650 1452 γῆς.
672 1426 680 1442 ι
695 1418 780 1444 Παντὶ
796 1417 824 1444 δὲ
836 1418 903 1454 πρό-

107 1464 188 1498 δηλον
195 1463 234 1498 τῷ
242 1463 365 1492 ὁπωσοῦν
374 1462 572 1498 ὲπεσκεμμὲνῳ
580 1462 628 1498 τὴν
636 1462 682 1489 τοῦ
691 1462 791 1494 παντὸς
799 1463 902 1490 διακόσ-

110 1519 203 1546 μησιν,
211 1511 272 1537 ὅσον
281 1509 451 1544 ὑποϐέϐληκε
460 1509 547 1535 ταῦτα
555 1510 620 1545 περὶ
627 1509 676 1545 τὴν
682 1510 737 1536 ἄνω
747 1509 842 1545 φορὰν,
854 1510 901 1536 καὶ

108 1556 175 1582 αὐτὸ
184 1555 212 1582 δὲ
221 1556 251 1582 τὸ
258 1555 406 1590 ἀκρότατον
416 1554 463 1581 τοῦ
478 1554 609 1590 αἰσθητοῦ
621 1555 735 1590 κόσμου,
750 1555 764 1581 ὃ
775 1555 900 1591 μεθόριον

107 1602 159 1637 τῆς
167 1601 265 1637 νοητῆς
273 1600 397 1633 κτίσεως,
406 1600 549 1636 στερέωμά
556 1610 585 1627 τε
593 1601 638 1628 καὶ
644 1602 757 1637 οὐρανὸν
763 1601 899 1637 ὀνομάζει.

152 1647 180 1673 ’0
203 1644 249 1672 οὖν
273 1645 444 1681 ἐπιθυμητὴς
459 1644 514 1671 τῶν
537 1645 607 1681 ὑπὲρ
621 1645 711 1679 λόγον,
728 1645 777 1672 καὶ
793 1646 901 1672 σκοπῶν

109 1692 201 1724 καθὼς
234 1692 281 1718 καὶ
305 1693 373 1727 ἡμῖν
403 1690 576 1725 ἐγκελεύεται
608 1691 692 1726 μηδὲν
723 1690 779 1717 τῶν
806 1691 902 1726 βλεπο-

112 1740 217 1774 μένων·
243 1738 284 1764 an
309 1737 343 1763 τὰ
370 1737 419 1772 μὲν
440 1736 594 1772 βλεπόμενα
616 1737 787 1773 πρόσκαιρα,
813 1737 848 1763 τὰ
874 1737 902 1763 δὲ

113 1784 150 1821 μὴ
182 1784 334 1820 βλεπόμενα
363 1782 478 1809 αἰώνια·
513 1783 580 1809 ὅπου
611 1783 692 1809 αὐτὸν
720 1784 736 1818 η
767 1782 902 1817 ἐπιθυμία

111 1832 224 1867 ἐπῆρεν,
247 1831 305 1856 ἐκεῖ
332 1830 440 1863 ἐγένετο
465 1828 583 1863 ὑψωθεὶς
608 1830 641 1864 τῇ
670 1829 793 1864 δυνάμει.
817 1828 903 1855 Τοῦτο

111 1875 278 1911 ἐπιθυμητὸν
305 1874 379 1909 αὐτῷ
404 1873 620 1908 προδεικνύντος,
643 1874 688 1900 καὶ
714 1875 902 1909 ἀντὶ“είπεῖν,

111 1918 176 1949 Οἶδα
188 1921 330 1956 ἄνθρωπον
346 1920 436 1946 πᾶσαν
450 1919 499 1954 τὴν
514 1918 646 1954 αἰσθητὴν
660 1919 789 1946 διαϐάντα
805 1920 902 1952 κτίσιν,

111 1968 159 1995 καὶ
179 1968 207 1993 ἐν
229 1968 285 1998 τοῖς
301 1965 407 1997 ἀδύτοις
425 1966 475 2001 τῆς
498 1965 596 2001 νοητῆς
620 1966 764 2001 γενόμενον
781 1965 902 2000 φύσεως⁸

111 2013 207 2048 ἐπειδὴ
222 2013 254 2039 ὲκ
269 2012 364 2043 παιδὸς
376 2011 410 2038 τὰ
431 2011 491 2047 ἱερὰ
503 2011 653 2047 γράμματα
671 2009 751 2044 οἶδεν,
764 2013 825 2043 ταῖς
836 2020 905 2047 γρα-

111 2061 206 2094 φικαῖς
223 2058 324 2094 φωναῖς
344 2057 517 2093 διασημαίνει
542 2057 572 2084 τὸ
592 2057 688 2092 ὄνομα,
709 2057 799 2092 τρίτον
821 2057 903 2092 οὐρα-

111 2109 156 2132 νὸν
183 2105 319 2139 ὀνομάσας
346 2104 394 2139 τὴν
419 2103 473 2130 τῶν
492 2103 576 2139 τριῶν
604 2103 706 2130 τούτων
732 2103 788 2129 τῶν
813 2103 842 2129 ἐν
865 2102 904 2138 τῷ

112 2151 194 2177 παντὶ
219 2150 414 2186 θεωρουμένων
439 2150 592 2185 τμημάτων
617 2149 748 2181 διέξοδον’
775 2148 903 2175 κατέλιπε

112 2197 167 2231 γὰρ
183 2196 227 2222 τὸν
249 2196 335 2231 ἁέρα⁹
353 2195 511 2231 παρέδραμε
539 2196 585 2222 καὶ
602 2195 652 2230 τὴν
675 2195 719 2221 διὰ
743 2195 826 2230 μέσου
850 2194 904 2220 τῶν

951 234 1109 268 percipitur,
1136 236 1267 264 terminos
1291 241 1500 272 transcendisse,
1519 240 1552 267 ad
1567 248 1681 274 eamque
1696 241 1738 268 in-

950 287 1072 314 gressum
1100 288 1171 313 esse,
1190 289 1249 316 quze
1265 284 1356 311 animo
1372 291 1516 321 menteque
1530 287 1738 322 comprehendi-

950 330 1005 358 tur,
1036 334 1097 354 cum
1129 329 1315 362 spectaculum
1343 331 1408 358 illud
1438 332 1548 359 minime
1576 327 1736 367 corporeum

951 371 1042 404 fuerit,
1057 378 1087 399 ut
1103 373 1217 408 ipsemet
1228 375 1372 410 signiﬁcat,
1388 385 1396 402 ι
1414 378 1470 405 sive
1484 377 1511 404 in
1527 385 1651 412 corpore,
1668 388 1676 403 ι
1696 377 1738 404 in-

950 419 1056 453 quiens,
1078 429 1086 444 ι
1105 419 1198 446 nescio
1219 430 1226 447 :
1245 421 1302 448 sive
1324 427 1401 449 extra
1423 430 1531 458 corpus,
1545 423 1652 450 nescio:
1665 423 1737 450 Deus

950 463 1002 490 scit
1027 468 1134 498 raptum
1147 465 1280 499 ejusmodi
1305 467 1443 495 hominem
1468 467 1554 503 usque
1574 469 1607 495 ad
1626 469 1736 496 tertium

950 509 1060 536 malum.
1081 519 1089 535 ι
1121 509 1262 538 Summum
1291 512 1373 548 igitur
1398 514 1463 540 illud
1490 514 1597 541 culmen
1623 514 1738 548 hujusce

950 554 1056 587 mundi,
1071 563 1151 589 quem
1165 556 1294 589 dicimus,
1305 558 1423 585 arbitror
1433 567 1447 586 a
1459 558 1544 586 Paulo
1557 560 1666 586 tertium
1680 567 1737 586 co:-

949 600 1005 627 lnm
1023 601 1153 635 appellari
1171 611 1176 629 :
1197 602 1342 637 tripliciter
1358 604 1429 631 enim
1445 604 1542 631 dividit
1563 612 1643 632 omne
1665 605 1738 640 quod

950 645 1083 678 cernitur,
1108 651 1134 673 et
1147 655 1179 674 ex
1211 647 1360 683 Scriptura:
1384 650 1583 677 consuetudine
1616 650 1739 685 singulas

950 695 1042 725 partes
1066 692 1165 719 coelum
1183 697 1272 720 vocat.
1289 694 1411 722 Abutens
1425 695 1496 722 enim
1512 695 1630 730 quodam
1658 696 1739 722 modo

950 737 1149 772 signiﬁcatione
1178 740 1334 772 verborum,
1354 742 1482 774 spatium
1503 741 1569 768 illud
1594 740 1739 769 crassioris

950 784 1021 811 acris
1047 792 1101 818 quo
1115 789 1141 811 et
1167 785 1263 817 nubes,
1280 790 1306 813 et
1323 786 1405 817 venti,
1428 791 1455 813 et
1470 787 1569 814 excelsi
1599 787 1740 814 volucrum

951 829 1057 856 volatus
1069 830 1241 864 perveniunt,
1261 832 1359 859 emtum
1376 840 1460 858 unum
1477 833 1610 864 nominat,
1631 841 1693 860 eum
1715 837 1741 860 et

950 875 1012 902 cceli
1029 876 1117 903 nubes
1144 876 1217 904 dicit,
1229 881 1256 904 et
1272 878 1395 905 volucres
1411 879 1484 905 coeli.
1502 877 1565 906 Nec
1582 879 1741 913 simpliciter

951 920 1050 947 coelum
1090 921 1142 948 hoc
1182 929 1277 955 vocat,
1315 923 1362 951 sed
1405 923 1529 960 adjungit
1563 925 1642 952 etiam
1681 925 1740 953 illas

950 973 1041 999 voces,
1059 966 1111 993 sub
1130 967 1310 994 ﬁrmamento.
1325 967 1395 995 Dicit
1423 970 1495 997 enim
1517 980 1522 997 :
1548 980 1557 996 ‹
1587 964 1742 998 Producant

951 1019 1027 1046 aqua:
1038 1013 1145 1047 reptilta
1164 1014 1316 1041 animarum
1333 1015 1481 1043 viventium
1504 1021 1531 1044 et
1559 1017 1678 1043 volatilia
1694 1025 1742 1044 vo-

951 1058 1035 1085 lantia
1063 1067 1146 1094 super
1167 1063 1284 1092 terram,
1307 1061 1357 1088 sub
1388 1062 1560 1089 lirmamento
1593 1063 1654 1090 cadi
1673 1063 1706 1089 ³⁸.
1729 1073 1738 1088 ι

951 1103 1053 1131 Deinde
1080 1105 1193 1131 alterunt
1217 1105 1316 1132 coelum
1341 1109 1368 1133 et
1397 1106 1598 1134 ﬁrmamentum
1625 1108 1742 1142 appellat

952 1149 1068 1184 spatium
1097 1149 1173 1182 illud,
1206 1150 1278 1184 quod
1307 1151 1439 1178 inerranti
1467 1152 1581 1187 sphaera:
1605 1153 1740 1180 inclusum

951 1196 1154 1228 consideratur,
1184 1195 1210 1223 in
1227 1203 1282 1230 quo
1309 1197 1406 1227 stellae,
1423 1205 1491 1231 quas
1508 1203 1630 1225 errantes
1657 1199 1743 1225 nomi-

952 1246 1029 1270 nant.
1045 1245 1236 1276 pervagantur.
1253 1236 1299 1269 Sic
1313 1242 1370 1269 ait:
1389 1252 1398 1268 ‹
1415 1241 1489 1269 Fecit
1508 1242 1580 1270 Deus
1596 1243 1742 1270 luminaria

951 1294 1060 1321 magna,
1077 1290 1103 1314 et
1119 1287 1208 1321 posuit
1228 1295 1259 1314 ea
1282 1287 1309 1314 in
1333 1288 1504 1315 ﬁrmamento
1524 1289 1598 1318 coeli.
1615 1293 1644 1315 nt
1668 1289 1742 1316 luce-

952 1336 1012 1358 rent
1026 1339 1108 1366 super
1126 1336 1225 1363 terram
1239 1332 1271 1358 ³⁷.
1289 1341 1298 1357 ι
1315 1332 1408 1359 Cuivis
1427 1333 1587 1360 distinctum
1608 1334 1683 1361 orbis
1700 1342 1742 1360 or-

952 1380 1046 1403 natum
1060 1380 1198 1412 utcunque
1218 1377 1404 1404 consideranti
1421 1378 1594 1412 perspicuum
1619 1383 1672 1409 est,
1687 1379 1743 1405 hate

952 1420 1023 1448 infra
1046 1428 1202 1455 supremum
1224 1421 1290 1448 illud
1315 1421 1453 1457 fastigium
1479 1423 1635 1457 contigisse,
1669 1423 1742 1458 quod

953 1468 1044 1496 omnia
1057 1467 1185 1495 sensibus
1205 1468 1322 1495 obnoxia
1334 1469 1529 1503 complectens,
1545 1477 1631 1504 eaque
1651 1470 1744 1504 sejun-

953 1521 1019 1548 gens
1033 1519 1049 1539 a
1064 1513 1146 1540 rebus
1160 1512 1214 1539 illis
1237 1513 1398 1547 procreatis,
1420 1521 1480 1547 quae
1497 1517 1588 1540 mente
1603 1514 1702 1547 solum,
1717 1519 1744 1541 et

954 1559 1132 1595 intelligentia
1165 1559 1442 1594 comprehenduntur,
1477 1559 1688 1592 ﬁrmamentum,
1718 1565 1744 1587 et

953 1607 1053 1634 coelum
1068 1604 1194 1640 appellat.

987 1651 1024 1678 Ea
1039 1651 1132 1686 igitur,
1148 1659 1209 1686 qua:
1224 1651 1314 1679 verbis
1329 1651 1461 1686 explicari
1478 1660 1530 1679 non
1549 1655 1676 1687 possunt,
1693 1660 1743 1678 cu-

952 1699 1030 1734 piens
1048 1698 1208 1732 Apostolus,
1228 1703 1255 1725 et
1276 1698 1504 1733 quemadmodum
1525 1706 1576 1725 nos
1601 1699 1664 1724 item
1679 1698 1744 1725 hor-

952 1747 1036 1775 tatur,
1055 1743 1121 1769 nihil
1138 1747 1367 1778 eorutnspcctans
1384 1751 1443 1777 quae
1452 1744 1526 1770 cerni
1546 1749 1661 1778 queunt,
1680 1751 1741 1769 cum

952 1796 984 1815 ea
1003 1796 1064 1823 quae
1078 1789 1215 1821 videntur,
1232 1789 1395 1823 temporaria
1418 1789 1565 1827 sintuun
1584 1792 1673 1815 autem
1689 1796 1743 1815 non

953 1833 1091 1865 videntur,
1113 1839 1214 1860 interna
1240 1834 1282 1867 ³⁸;
1303 1835 1394 1861 divina
1420 1834 1519 1861 virtute
1535 1834 1662 1861 sublatus
1685 1841 1746 1868 per-

953 1881 1027 1907 venit
1039 1887 1072 1906 eo
1089 1888 1142 1914 quo
1157 1879 1292 1906 desiderio
1315 1879 1453 1906 ferebatur
1467 1899 1473 1910 ,
1504 1887 1621 1913 cumque
1651 1886 1745 1906 sacras

954 1924 1070 1952 Litteras
1086 1933 1100 1951 a
1111 1925 1225 1960 pueritia
1241 1924 1395 1957 didicisset,
1416 1925 1506 1952 verbis
1521 1924 1669 1959 Scriptura:
1688 1925 1745 1952 usi-

954 1969 1017 1997 tatis
1031 1977 1086 1997 rem
1102 1970 1189 2004 ipsam
1200 1970 1346 2004 expressit,
1361 1969 1472 1997 tertium
1488 1970 1587 1996 cmlum
1605 1970 1745 2004 appellans

955 2015 1051 2042 hartnn
1067 2016 1148 2042 trium
1171 2016 1335 2048 sectionum,
1361 2023 1422 2051 qua:
1447 2015 1474 2042 in
1492 2015 1591 2042 mundo
1608 2016 1745 2045 videntur,

954 2064 1114 2088 extremam.
1135 2060 1242 2088 Relicto
1265 2062 1337 2088 enim
1359 2069 1431 2094 aere,
1449 2065 1632 2096 superatoque
1659 2060 1747 2088 medio

955 2107 1002 2134 illo
1021 2108 1120 2142 spatio,
1136 2108 1163 2135 in
1187 2115 1241 2143 quo
1264 2109 1414 2136 errantium
1436 2109 1576 2135 stellarum
1599 2108 1680 2135 orbes
1694 2115 1747 2135 rer-

955 2157 1070 2184 santur,
1101 2161 1238 2181 summum
1278 2154 1452 2180 mtlteriorunt
1489 2154 1582 2180 ﬁnium
1616 2154 1746 2180 ambitum

955 2194 1135 2232 transcendit,
1156 2205 1184 2227 et
1209 2199 1242 2226 ad
1259 2200 1363 2226 ﬁrmam
1390 2200 1474 2232 illam,
1502 2207 1562 2234 quae
1578 2200 1639 2226 sola'
1660 2206 1748 2226 mente

112 2241 235 2276 ἀστέρων
249 2240 430 2276 κυκλοφορίαν
441 2249 447 2255 ·
461 2240 578 2275 ἐπέρασε
590 2239 617 2266 δὲ
629 2239 676 2266 καὶ
689 2239 737 2274 τὴν
750 2239 836 2276 ἄκραν
849 2239 902 2265 τῶν

955 2241 1124 2276 percipitur,
1161 2247 1285 2270 naturam
1318 2244 1497 2277 perveniens,
1531 2243 1649 2278 paradisi
1682 2243 1749 2270 vidit

113 2287 240 2322 αἱθερίων
257 2286 327 2322 ὅρων
353 2285 509 2321 περιϐολὴν,
531 2285 578 2311 καὶ
599 2285 628 2311 ὲν
648 2285 680 2319 τῇ
710 2284 834 2319 στασίμῳ
856 2285 903 2310 καὶ

113 2335 196 2369 νοητῇ
208 2333 287 2368 φύσει
302 2333 457 2368 γενόμενος.
467 2330 519 2358 οἶδε
530 2331 564 2358 τὰ
576 2331 623 2357 τοῦ
636 2331 797 2366 παραδείσου
807 2330 903 2365 κάλλη,

115 2380 162 2405 καὶ
174 2379 288 2413 ἤκουσεν
302 2378 320 2405 ἃ
333 2377 490 2414 ἀνθρωπίνη
505 2377 585 2412 φύσις
599 2378 629 2404 οὐ
643 2376 800 2411 φθέγγεται.
813 2377 907 2405 Ταῦτά

115 2434 168 2458 σοι,
185 2422 208 2452 ὧ
228 2425 355 2460 ἄνθρωπε
376 2424 423 2451 τοῦ
440 2424 520 2456 Θεοῦ,
541 2425 605 2460 περὶ
626 2423 680 2451 τῶν
696 2423 906 2460 προϐληθέντων

115 2473 183 2507 ἡμῖν
205 2471 279 2508 παρὰ
301 2471 351 2506 τῆς
372 2469 507 2502 συνέσεώς
525 2479 571 2497 σου
596 2469 813 2505 ἀπεκρινάμεθα,
838 2469 908 2504 μήτε

116 2526 144 2544 τι
163 2517 213 2552 τῆς
239 2516 377 2552 γραφικῆς
394 2515 494 2549 λέξεως
518 2517 558 2547 είς
579 2514 712 2550 τροπικὴν
744 2513 908 2549 ἀλληγορίαν

120 2563 361 2598 μεταποιήσαντες,
392 2563 461 2597 μήτε
489 2561 646 2597 παριδόντες
670 2569 697 2586 τι
724 2559 778 2586 τῶν
805 2560 910 2586 ἀντιτε-

118 2609 219 2636 θέντων
246 2610 311 2644 ἡμῖν
343 2608 534 2642 ἀνεξέταστον·
570 2607 628 2634 ἀλλ’
659 2607 697 2638 ὡς
727 2603 761 2641 ἧν
796 2606 909 2632 δυνατὸν

120 2654 254 2690 μενούσης
281 2655 329 2690 τῆς
357 2654 455 2686 λέξεως
489 2653 535 2680 ἐπὶ
567 2654 616 2688 τῆς
651 2652 719 2684 ἰδίας
751 2653 908 2687 ἐμφάσεως,

117 2700 157 2736 τῷ
172 2701 221 2736 τῆς
241 2701 348 2735 φύσεως
369 2700 456 2735 εἱρμῷ
476 2699 522 2726 διὰ
536 2699 586 2733 τῆς
609 2699 725 2734 θεωρίας
741 2699 795 2724 τῶν
810 2699 907 2733 ὀνομά-

117 2755 173 2774 των
191 2747 431 2782 ὴκολονθήσαμεν,
456 2746 490 2773 δι’
516 2743 553 2773 ὧν
578 2745 607 2772 τδ
635 2745 717 2780 μηδὲν
742 2745 908 2777 ὑπεναντίως

157 2835 178 2853 λε
194 2835 262 2862 Gen.
282 2842 300 2867 I,
316 2834 361 2861 20.
401 2834 421 2848 ³⁷
440 2833 504 2861 ibid.
524 2833 564 2860 16.
604 2833 625 2848 δ’
640 2833 661 2859 il
677 2833 738 2859 Cor.
753 2840 788 2864 IV,
810 2832 850 2859 18.

954 2287 1196 2322 pulchritudinem,
1214 2293 1240 2316 et
1262 2289 1365 2316 audivit
1379 2298 1410 2316 ea
1422 2297 1482 2325 qua:
1506 2289 1625 2316 humana
1650 2294 1747 2316 natura

957 2340 1010 2360 non
1033 2333 1163 2367 loquitur.
1186 2333 1248 2361 Hzec
1262 2335 1320 2367 tibi,
1342 2335 1382 2361 vir
1401 2335 1458 2368 Dei,
1473 2335 1505 2362 ad
1525 2335 1677 2370 propositas
1697 2343 1740 2361 no-
1779 2350 1783 2351 ν

957 2377 999 2405 bis
1011 2386 1027 2414 a
1042 2378 1186 2412 prudentia
1199 2385 1243 2407 tua
1260 2382 1426 2416 quaestiones
1442 2381 1645 2416 respondimus.
1662 2380 1748 2407 nullis

957 2425 1089 2451 orationis
1103 2425 1248 2460 pigmentis
1258 2427 1374 2454 morales
1386 2427 1528 2461 allegorias
1536 2426 1745 2460 conquircnles:

959 2479 1010 2498 nec
1035 2471 1233 2505 inexploratum
1264 2476 1459 2506 praztereuntes
1482 2472 1630 2507 quidquam
1653 2480 1748 2499 eorum

957 2524 1018 2551 qua:
1047 2516 1125 2544 nobis
1144 2517 1362 2551 opponebantur,
1381 2517 1430 2545 sed
1461 2518 1571 2553 propria
1602 2517 1746 2544 verborum

958 2563 1158 2599 signiﬁcatione
1171 2567 1290 2595 servata,
1307 2568 1411 2591 natura:
1438 2564 1560 2591 ordinem
1585 2561 1748 2597 disputando
1791 2584 1802 2585 η

959 2609 1099 2642 persecuti
1108 2615 1214 2639 sumus,
1225 2612 1253 2635 et
1264 2607 1331 2635 nihil
1343 2616 1450 2639 eorum,
1463 2614 1522 2642 qua:
1536 2606 1624 2642 primo
1637 2609 1746 2640 aspectu

960 2654 1096 2681 contraria
1129 2653 1301 2685 videbantur,
1322 2653 1356 2680 ab
1369 2653 1430 2681 aliis
1447 2653 1603 2687 discrepare
1617 2659 1665 2687 pro
1684 2651 1748 2677 viri-

961 2699 1012 2726 bus
1030 2699 1288 2726 demonstravimus.
1307 2697 1336 2725 ln
1354 2697 1466 2732 reliquis
1483 2701 1573 2724 autem
1599 2696 1633 2723 ad
1652 2693 1747 2722 tnundi

963 2746 1176 2780 procreationem
1215 2744 1430 2780 pertinentibus,
1465 2751 1525 2778 quae
1561 2750 1608 2770 sex
1641 2741 1747 2768 diorum
