1976 3077
206 102 254 131 527

805 107 833 137 S.
855 110 1016 140 GllEGORlI
1037 113 1182 141 NYSSENI

1777 116 1832 143 iis

203 170 299 197 capem
313 172 367 191 non
387 165 565 199 potuerimus.
588 164 642 194 Res
656 166 776 201 quidem,
794 168 821 196 in
835 171 990 198 considera-

1043 173 1156 208 θεωρίαν
1174 174 1282 206 σκοπὸς,
1300 174 1359 201 οὐδέ
1377 183 1446 206 τινος
1465 174 1518 201 τῶν
1537 175 1564 201 ὲν
1576 175 1670 210 κόσμῳ
1683 173 1829 210 θαυμάτων

203 208 302 235 tionem
330 217 390 242 qua:
420 210 503 242 venit,
535 218 588 238 non
618 212 716 247 exigua
744 217 797 245 est,
829 222 917 249 neque
944 217 990 244 ulli

203 261 295 294 earum
315 255 497 290 cedens'quas
512 256 555 283 hic
571 257 689 286 mundus
705 257 879 287 admirandas
896 262 991 289 conti—

152 314 159 324 ι
203 304 269 326 net:
286 305 366 335 atque
393 301 464 328 haud
486 302 544 330 scio
572 311 606 329 an
631 311 684 330 non
705 305 826 332 omnium
841 325 847 337 .
873 315 989 341 quarum

204 346 385 380 cognitionem
407 349 569 382 expetimus,
595 349 724 377 maxima.
744 349 803 377 Non
819 352 891 378 enim
913 353 990 388 quid-

203 399 284 426 quam
308 401 401 420 eorum
424 395 556 427 omnium,
578 403 638 429 quae
656 395 683 422 in
698 399 796 423 natura
811 405 900 424 rerum
918 399 991 426 exsi-

202 441 288 469 stunt,
306 437 352 465 Dei
375 438 407 465 ad
431 439 575 474 imaginem
595 439 694 467 factum
714 446 765 473 est,
789 445 887 476 prmter
907 450 990 470 unum

191 483 254 509 ‘hoc
268 487 400 516 creatum,
416 484 489 518 quod
510 484 647 511 hominem
662 485 790 513 dicimus.
815 486 921 514 Idcirco
942 487 990 515 bc-

202 528 300 562 nignos
315 529 453 557 auditores
474 531 645 564 perlubenter
662 530 741 558 nobis
756 531 861 558 veniam
876 532 990 560 daturos

202 573 374 605 conﬁdimus,
393 574 500 601 etiamsi
520 575 599 610 longe
623 574 695 602 infra
718 575 877 610 dignitatem
897 577 954 604 haec
975 584 990 603 a

202 619 281 645 nobis
308 624 488 654 exponentur.
515 620 580 647 Nam
603 621 630 647 in
655 621 716 652 hac,
744 622 852 656 opinor.
879 623 990 658 inquisi-

200 664 273 691 tione
288 668 383 691 nostra
394 665 460 692 nihil
474 666 595 692 omnium
606 674 701 693 eorum
717 674 777 701 qua:
792 667 895 694 homini
911 668 990 695 initio

200 709 334 736 accidisse
354 710 501 741 credimus,
520 715 548 738 et
561 715 692 739 eventura
703 712 834 747 deinceps
845 718 990 748 exspecta-

201 762 281 787 ntus,
307 759 390 790 atque
419 756 502 783 etiam
525 764 598 785 nunc
630 758 829 792 perspicimus,
863 759 990 787 omitten-

200 799 263 826 dum
279 799 340 826 erit.
367 800 492 828 Profecto
508 803 579 829 enim
605 803 703 830 merito
725 803 846 831 studium
863 809 989 832 nostrum

202 846 441 882 reprehensionem
462 847 625 880 incurreret,
645 852 774 883 tanquam
793 849 989 884 pollicitatione
1005 843 1024 869 Β

201 899 250 919 sua
269 892 348 927 longe
367 892 494 926 inferius,
512 894 535 921 si
549 894 668 922 hominis
680 895 819 929 proposita
835 895 990 923 considera-

201 937 274 964 tione
287 938 488 972 relinqueretur
502 939 613 974 aliquid,
627 939 699 974 quod
714 940 748 967 ad
764 940 920 967 institutum
937 941 988 968 hoc

200 987 326 1010 nostrum
344 983 456 1012 faceret.
481 984 625 1012 Enimvero
639 990 666 1012 et
681 986 726 1012 illa
747 994 808 1020 quae
828 986 854 1013 in
870 987 988 1015 hominis

200 1033 298 1055 natura
315 1037 386 1057 nunc
406 1038 420 1056 a
435 1031 521 1064 primo
536 1031 658 1065 ejusdem
681 1035 752 1058 statu
779 1032 987 1067 conditioneque

201 1074 309 1102 diversa
327 1083 399 1109 esse,
419 1076 500 1104 rebus
523 1076 561 1103 ita
586 1084 646 1104 sese
664 1076 823 1108 ferentibus,
840 1077 962 1105 videmus
978 1086 985 1105 :

200 1129 261 1148 cum
276 1129 307 1148 ex
334 1129 475 1148 sacrarum
491 1121 654 1149 Litterarum
681 1122 854 1155 auctoritate,
870 1128 926 1150 tum
943 1131 988 1149 ra-

201 1167 410 1194 tiocinationem
439 1167 564 1194 acumine
587 1166 739 1202 adjicienda
753 1171 897 1194 erunt:ut
921 1175 988 1194 con—

201 1217 281 1247 grnat
301 1213 425 1240 universa
444 1213 571 1240 tractatio
592 1213 625 1239 ad
647 1212 745 1240 seriem
760 1217 842 1247 atquc
863 1212 985 1239 ordinem

202 1266 305 1290 rerum,
330 1266 390 1293 quae
413 1258 538 1286 videntur
566 1266 628 1286 esse
652 1259 704 1286 illa:
725 1258 834 1293 quidem
860 1258 930 1285 inter
958 1265 988 1286 se

200 1303 328 1335 diversae,
339 1304 461 1330 canalem
479 1307 568 1331 tamen
583 1304 617 1330 ad
636 1309 734 1330 metam
749 1304 861 1330 tendunt
874 1313 881 1330 :
896 1303 988 1330 divina

202 1349 332 1377 nimirum
346 1354 480 1384 potestate
499 1358 574 1385 spem
596 1350 677 1377 rebus
696 1354 773 1377 extra
787 1357 894 1376 omnem
913 1357 988 1384 spem

1041 218 1075 244 τὰ
1097 217 1211 253 δεύτερα
1227 219 1383 254 φερόμενος,
1400 219 1469 254 τάχα
1481 219 1508 246 δὲ
1533 220 1579 246 καὶ
1597 219 1695 254 μείζων
1712 221 1828 247 ἑκάστου

1041 262 1095 288 τῶν
1109 264 1345 298 γιγνωσκομένων,
1360 264 1427 290 διότι
1448 264 1522 290 οὐδὲν
1543 265 1636 298 ἓτερον
1654 264 1713 299 Θεῷ
1728 265 1760 291 ἐκ
1775 265 1829 291 τῶν

1041 308 1124 335 ὄντων
1149 309 1296 343 ὡμοίωται,
1308 310 1377 344 πλὴν
1392 310 1443 344 τῆς
1461 310 1530 337 κατὰ
1545 310 1589 336 τὸν
1608 310 1750 346 ἄνθρωπον
1769 311 1829 337 κτί-

1042 363 1120 386 σεως,
1129 355 1199 380 ὥστε
1209 356 1283 390 παρὰ
1295 357 1351 387 τοῖς
1365 356 1515 390 εὐγνώμοσι
1532 356 1585 381 τῶν
1602 356 1744 391 ἀκροατῶν
1763 357 1830 391 πρό-

1041 408 1130 433 χειρον
1142 400 1206 434 ἡμῖν
1215 400 1264 433 τὴν
1277 401 1322 426 ἐπὶ
1332 401 1388 432 τοῖς
1402 400 1557 435 λεγομένοις
1570 400 1733 436 συγγνώμην
1747 398 1828 433 εἶναι,

1041 443 1092 470 κᾶν
1115 445 1180 471 πολὺ
1197 446 1309 472 κατόπιν
1324 446 1372 480 τῆς
1387 445 1463 478 ἀξίας
1481 447 1494 473 ὁ
1508 446 1584 480 λόγος
1603 446 1685 473 ἔλθοι.
1703 447 1748 472 Δεῖ
1763 447 1826 480 γὰρ,

1041 488 1116 525 οἶμαι
1127 511 1133 521 ,
1146 490 1199 517 τῶν
1209 491 1273 526 περὶ
1287 491 1332 518 τὸν
1349 492 1490 527 ἄνθρωπον
1505 492 1641 522 ἁπάντων,
1652 492 1706 518 τῶν
1717 501 1747 518 τε
1762 495 1828 527 1190'-

1042 534 1206 569 γεγενῆσθαι
1225 535 1459 571 πεπιστευμένων,
1474 536 1521 562 καὶ
1545 536 1598 562 τῶν
1611 536 1768 571 είσύστερον
1781 537 1828 561 ἐκ-

1040 579 1172 615 ϐήσεσθαι
1185 580 1425 616 προσδοκωμένων,
1444 581 1490 607 καὶ
1506 581 1560 607 τῶν
1571 581 1618 607 νῦν
1633 581 1829 616 θεωρουμένων

1042 624 1123 659 μηδὲν
1148 625 1312 659 παραλιπεῖν
1332 626 1516 658 ἀνεξέταστον.
1534 624 1574 653 Ἦ
1596 626 1651 661 γὰρ
1672 627 1704 652 ἂν
1723 627 1829 653 ἐλλιπε-

1041 670 1124 703 στέρα
1140 669 1186 696 τοῦ
1212 671 1418 706 ἐπαγγέλματος
1433 673 1449 707 ὴ
1475 672 1575 708 σπουδὴ
1604 673 1767 707 διελέγχοιτο
1780 693 1788 705 ,
1804 674 1828 698 εἰ

1039 715 1086 741 τοῦ
1103 715 1245 751 ἀνθρώπου
1263 718 1444 752 προκειμένου
1463 720 1496 754 τῇ
1517 718 1635 753 Θεωρίᾳ,
1653 719 1782 754 παρεθείη
1801 728 1827 745 τι

1039 760 1094 787 τῶν
1108 762 1298 789 συντεινόντων
1323 763 1391 798 πρὸς
1408 763 1458 798 τὴν
1481 763 1618 790 ὑπόθεσιν.
1640 764 1720 790 Ἀλλὰ
1732 765 1778 790 καὶ
1794 764 1828 790 τὰ

1039 805 1168 833 δοκοῦντα
1196 808 1260 843 περὶ
1274 808 1353 835 αὑτὸν
1368 809 1496 841 ἐναντίοις
1520 809 1601 844 ἔχειν,
1624 809 1667 835 διά
1683 810 1712 835 τὸ
1731 810 1767 844 μὴ
1794 809 1828 836 τὰ

1039 851 1108 878 αὐτὰ
1127 854 1183 883 τοῖς
1195 852 1225 885 ἐξ
1239 854 1326 890 ἀρχῆς
1340 855 1548 890 γεγενημένοις,
1562 856 1608 882 καὶ
1627 855 1674 882 νῦν
1696 857 1759 891 περὶ
1780 856 1828 891 τὴν

1039 896 1120 930 φύσιν
1140 898 1254 933 ὁρᾶσθαι
1276 899 1320 926 διά
1338 908 1409 931 τινος
1429 901 1581 934 ἀναγκαίας
1602 901 1762 933 ἀκολουθίας
1778 910 1784 916 ·
1797 901 1827 927 έκ

1038 951 1068 969 τε
1093 943 1142 977 τῆς
1158 945 1296 979 γραφικῆς
1314 944 1476 979 ὑφηγήσεως
1489 944 1536 971 καὶ
1558 945 1589 970 ὲκ
1605 945 1654 979 τῆς
1671 944 1747 980 παρὰ
1772 944 1827 970 τῶν

1038 987 1175 1022 λογισμῶν
1191 988 1389 1024 εὑρισκομένης
1411 989 1533 1021 ὲπινοίας
1550 989 1715 1024 ωναρτῆσαι
1744 997 1827 1024 προσ-

1037 1034 1112 1068 ήκει,
1127 1034 1165 1065 ὡς
1186 1035 1219 1061 ἂν
1239 1035 1383 1070 συμῦαίνοι
1398 1036 1472 1062 πᾶσα
1488 1036 1504 1070 ἡ
1529 1035 1656 1068 ὑπόθεσις
1677 1034 1764 1071 είρμῷ
1781 1036 1828 1061 καὶ

1038 1079 1113 1112 τάξει
1132 1079 1186 1106 τῶν
1202 1080 1329 1112 ἐναντίως
1357 1080 1428 1116 ἔχειν
1448 1081 1597 1108 δοκούντων
1613 1081 1680 1117 πρὸς
1693 1081 1721 1106 ἓν
1736 1080 1781 1107 καὶ
1798 1080 1828 1106 τὸ

1039 1122 1105 1148 αὐτὸ
1119 1123 1206 1157 πέρας
1222 1124 1526 1159 συμφερομένων,οὓτω
1541 1126 1587 1152 καὶ
1600 1126 1648 1160 τῆς
1660 1125 1735 1157 θείας
1749 1125 1828 1151 δυνά-

1040 1175 1113 1202 μεως
1126 1167 1222 1194 ἐλπίδα
1237 1170 1292 1200 τοῖς
1310 1169 1378 1204 ὑπὲρ
1402 1170 1506 1202 ἐλπίδα,
1519 1170 1566 1196 καὶ
1590 1171 1672 1206 πόρον
1690 1172 1744 1201 τοῖς
1756 1170 1829 1204 ἀμη-

1039 1213 1131 1248 χάνοις
1151 1214 1375 1249 ὲφευρισκούσης.
1395 1215 1546 1249 Σαφηνείας
1576 1215 1603 1241 δὲ
1629 1215 1708 1250 χάριν
1738 1215 1827 1246 καλῶς

1040 1258 1113 1293 ἔχειν
1128 1258 1230 1294 ᾠήθην,
1239 1259 1285 1285 ἐπὶ
1298 1259 1452 1293 κεφαλαίων
1466 1269 1507 1286 σοι
1521 1260 1660 1295 προθεῖναι
1677 1260 1721 1286 τὸν
1738 1260 1826 1294 λόγον,

1042 1304 1079 1335 ὡς
1092 1303 1124 1330 ἂν
1141 1303 1211 1338 ἔχοις
1238 1304 1328 1339 πάσης
1352 1305 1402 1340 τῆς
1421 1306 1611 1340 πραγματείας
1633 1307 1661 1332 ὲν
1678 1306 1760 1340 ὀλίγῳ
1774 1305 1829 1332 τῶν

1042 1349 1207 1377 καθέκαστον
1220 1350 1442 1386 ἐπιχειρημάτων
1454 1351 1553 1377 εἰδέναι
1565 1352 1616 1386 τὴν
1634 1351 1773 1378 ὑπόθεσιν.

199 1396 313 1430 positis,
335 1401 362 1424 et
382 1397 484 1424 exitum
505 1398 639 1432 perplexis
664 1398 827 1425 inveniente.
852 1397 984 1424 Caeterum
1018 1396 1088 1424 lucis
1110 1405 1141 1424 ac
1161 1397 1365 1432 perspicuitatis
1386 1399 1474 1433 gratia
1492 1399 1579 1426 visum
1604 1404 1645 1426 est
1665 1399 1760 1433 paucis
1788 1406 1828 1425 ca-

203 1444 305 1479 pitibus
334 1452 390 1472 rem
406 1452 514 1473 omnem
540 1445 589 1472 tibi
609 1445 755 1480 subjicere,
775 1453 829 1480 quo
855 1445 1024 1480 singulorum
1043 1451 1263 1480 argumentorum
1287 1446 1373 1473 totius
1396 1446 1633 1474 commentationis
1656 1447 1719 1477 vim,
1741 1445 1829 1472 brevi-

202 1491 255 1518 bus
268 1490 357 1518 verbis
367 1490 591 1526 comprehensam
605 1492 760 1526 perspicere
773 1491 878 1526 liquido
890 1490 989 1526 possis.

458 1547 573 1575 CAPUT
591 1547 735 1575 PRIMUM.

204 1592 237 1620 In
247 1601 297 1628 quo
318 1593 351 1621 de
373 1593 470 1621 mundo
489 1595 669 1628 particulatim
693 1594 843 1626 disseritur,
862 1594 993 1627 jucunde-

238 1637 287 1663 que
300 1636 331 1655 ea
346 1637 404 1664 qua:
420 1629 532 1656 homini:
551 1634 637 1656 ortum
651 1637 816 1664 marcescere,
838 1637 992 1656 commemo-

238 1668 342 1690 rantur.

238 1709 289 1737 llic
299 1714 351 1742 est.
364 1710 490 1744 inquiunt
499 1710 608 1738 Littera:
623 1718 717 1744 sacrae,
731 1711 800 1738 liber
812 1710 846 1737 de
854 1714 914 1736 ortu
928 1710 990 1737 cmli

203 1762 236 1782 ac
254 1759 343 1782 terrae.
361 1754 398 1782 Eo
414 1755 543 1782 nimirum
557 1759 686 1790 tempore,
711 1756 842 1791 quidquid
857 1755 988 1786 cernitur,

203 1796 354 1835 perfectum
372 1801 424 1828 fuit
439 1811 445 1828 :
463 1807 543 1836 atque
563 1806 653 1829 creata
671 1801 776 1835 singula
797 1805 902 1829 secreta
921 1801 991 1827 inter

203 1855 245 1878 se,
271 1855 349 1875 suum
368 1848 494 1883 quaelibet
516 1848 543 1874 in
566 1848 654 1875 locum
681 1848 906 1882 commigrarunt,
932 1855 990 1874 cte-

203 1893 324 1928 lesleque
338 1901 437 1927 carpas
454 1893 520 1921 orbe
541 1901 590 1920 suo
604 1893 731 1920 universa
743 1894 989 1928 complectebatur;

203 1939 332 1973 gravibus
347 1946 378 1966 ac
398 1939 524 1966 deorsum
540 1940 713 1974 vergentibus
725 1940 898 1974 corporibus,
918 1943 990 1966 terra

204 1989 232 2012 ct
252 1992 332 2018 aqua,
349 1983 468 2011 medium
483 1984 510 2011 in
533 1992 622 2011 rerum
645 1985 822 2012 universitate
840 1985 929 2012 locum
942 1993 990 2012 oc-

203 2031 378 2064 cupantibus,
402 2030 583 2064 amplexuque
605 2035 700 2058 mutuo
724 2039 753 2058 se
774 2031 987 2058 continentibus.

205 2075 291 2103 indita
303 2079 359 2102 tum
375 2080 417 2102 est
434 2081 536 2102 naturae
551 2083 640 2103 rerum
654 2076 746 2102 divina
762 2076 885 2110 quamam
900 2084 946 2104 ars
958 2084 990 2104 ac

204 2121 338 2154 facultas,
363 2129 424 2157 qua:
446 2129 490 2149 res
521 2121 645 2149 conditas
668 2121 746 2156 quasi
771 2128 841 2148 nexu
871 2122 988 2156 quodam

204 2165 338 2194 stabilitas
357 2169 538 2201 perpetuaret,
557 2166 713 2201 duplicique
734 2167 758 2192 vi
776 2170 874 2193 cuncta
898 2167 990 2194 mode-

1249 1546 1447 1573 ΚΕΦΑΛΑΙΟΝ
1473 1547 1620 1573 ΠΡΩΤΟΝ.

1049 1587 1135 1628 Ἐνᾼῷ
1151 1592 1395 1628 τίςνέστινμερικὴ
1410 1592 1476 1626 περὶ
1487 1593 1540 1619 τοῦ
1553 1594 1668 1628 κόσμου
1680 1595 1829 1628 φυσιολο-

1078 1626 1137 1660 τία,
1145 1627 1205 1663 ⁸ιιιοιί
1214 1635 1260 1663 τις
1269 1627 1411 1663 ἁϐροτέρα
1422 1628 1563 1661 διήγησις
1573 1626 1639 1662 περὶ
1656 1626 1714 1654 τῶν
1727 1637 1830 1663 προγε-

1077 1661 1209 1695 γονότων
1225 1661 1280 1695 τῆς
1294 1662 1348 1689 τοῦ
1363 1662 1521 1696 ἀνθρώπου
1532 1661 1687 1697 γενέσεως.

1076 1705 1150 1740 Αὕτη
1165 1706 1181 1740 ἡ
1197 1705 1286 1740 βίϐλος
1300 1707 1433 1740 γενέσεως
1447 1708 1562 1743 οὐρανοῦ
1580 1708 1625 1734 καὶ
1636 1708 1697 1742 γῆς,
1714 1707 1796 1742 φησὶν
1812 1709 1828 1743 ὴ

1041 1749 1145 1785 Γραφή*
1158 1750 1202 1776 ὅτε
1213 1751 1390 1786 συνετελέσθη
1406 1753 1459 1778 πᾶν
1474 1752 1504 1778 τὸ
1518 1753 1686 1787 φαινόμενον,
1702 1755 1748 1780 καὶ
1762 1753 1828 1789 πρὸς

1040 1794 1089 1829 τὴν
1108 1795 1210 1821 οὶκείαν
1227 1795 1302 1822 θέσιν
1316 1796 1430 1823 ἕκαστον
1444 1797 1499 1824 τῶν
1515 1797 1597 1824 ὖντων
1614 1799 1761 1834 ἀποκριθὲν
1780 1801 1828 1826 ἁν-

1041 1841 1194 1876 εχώρησεν·
1210 1842 1254 1868 ὅτε
1270 1843 1415 1878 περιέσχεν
1429 1844 1458 1869 ἐν
1472 1843 1564 1879 κύκλῳ
1582 1844 1616 1870 τὰ
1632 1845 1719 1872 πάντα
1735 1846 1766 1871 τὸ
1782 1846 1828 1872 οὐ·

1041 1888 1132 1923 ράνιον
1143 1888 1231 1922 σῶμα,
1243 1889 1293 1924 τὴν
1302 1889 1331 1915 δὲ
1346 1889 1430 1924 μέσην
1437 1889 1483 1915 τοῦ
1496 1890 1596 1921 παντὸς
1605 1890 1723 1916 ἀπέλαϐε
1736 1890 1826 1925 χώραν

1041 1933 1075 1959 τὰ
1095 1933 1179 1968 βαρέα
1195 1934 1242 1960 καὶ
1262 1935 1406 1970 κατωφερῆ
1424 1934 1478 1960 τῶν
1495 1936 1639 1970 σωμάτων,
1666 1937 1700 1971 γῆ
1726 1945 1754 1962 τε
1781 1936 1827 1963 καὶ

1041 1978 1122 2013 ὕδωρ,
1140 1981 1168 2006 ἐν
1183 1981 1307 2016 ἀλλήλοις
1320 1981 1547 2017 διακρατούμενα.
1570 1982 1720 2017 Σύνδεσμος
1740 1982 1767 2008 δὲ
1788 1990 1828 2013 τις

1040 2025 1086 2051 καὶ
1100 2025 1242 2061 βεϐαιότης
1255 2027 1309 2054 τῶν
1323 2027 1514 2062 γεγενημένων
1528 2028 1544 2062 ὴ
1557 2027 1615 2054 θεία
1629 2028 1709 2063 τέχνη
1724 2028 1771 2054 καὶ
1785 2027 1828 2053 δύ-

1040 2079 1122 2105 ναμις
1138 2072 1169 2107 τῇ
1182 2071 1262 2106 φύσει
1279 2072 1332 2099 τῶν
1347 2072 1430 2098 όντων
1447 2073 1607 2108 ἐναπετέθη,
1624 2074 1731 2105 διπλαῖς
1750 2075 1828 2110 ἐνερ-

1040 2116 1127 2150 γείαις
1145 2117 1288 2152 ήνιοχοῠσα
1303 2117 1338 2144 τὰ
1352 2118 1449 2144 πάντα.
1466 2119 1562 2145 Στάσει
1579 2119 1634 2153 γάρ
1654 2120 1701 2145 καὶ
1724 2120 1829 2154 κινήσει

1040 2160 1090 2196 τὴν
1102 2161 1208 2195 γένεσιν
1218 2163 1274 2193 τοῖς
1289 2163 1325 2197 μὴ
1340 2160 1409 2193 οὖσι,
1424 2163 1472 2189 καὶ
1485 2163 1533 2198 τὴν
1543 2164 1672 2199 διαμονὴν
1686 2165 1742 2195 τοῖς
1755 2162 1829 2190 οὖσιν

203 2217 321 2240 raretur.
346 2212 412 2239 Nam
432 2213 521 2248 qttiete
541 2220 573 2240 ac
593 2217 666 2239 motu
681 2211 806 2240 effectum
833 2216 884 2245 est,
899 2217 929 2240 ut
948 2221 990 2242 res

1043 2207 1247 2243 ἐμηχανήσατο,
1274 2209 1337 2244 περὶ
1365 2208 1394 2235 τὸ
1422 2208 1490 2244 βαρὺ
1516 2209 1565 2236 καὶ
1589 2209 1754 2244 ἀμετάθετον
1780 2209 1830 2244 τῆς

205 2258 322 2285 necdum
343 2258 506 2285 exsislentes
529 2259 676 2288 orirentur.
703 2261 729 2285 et
754 2261 821 2285 orta:
845 2265 991 2286 conserva-

206 2307 312 2334 rentur,
329 2309 391 2329 cum
416 2302 488 2329 circa
505 2309 548 2329 res
575 2303 706 2337 gravitate
728 2302 831 2335 firmas,
854 2310 886 2330 ac
902 2308 992 2331 motus

207 2348 296 2375 omnis
328 2351 473 2382 expertes,
492 2347 574 2375 veluti
597 2348 670 2374 circa
698 2347 814 2375 solidum
846 2349 991 2383 quemdam

207 2400 296 2424 axem,
313 2393 471 2420 celerrimus
486 2393 540 2427 poli
561 2397 652 2420 motus
673 2393 761 2420 instar
774 2398 840 2421 rotae
864 2394 991 2428 ferretur,

207 2444 234 2466 et
250 2442 344 2465 mutua
361 2439 438 2474 quasi
465 2446 515 2474 ope
540 2444 626 2467 semet
643 2440 700 2467 haec
721 2445 850 2475 perpetuo
868 2442 992 2469 contine—

207 2488 284 2517 rent;
299 2488 396 2511 natura
413 2492 473 2519 quae
487 2485 515 2511 in
531 2485 623 2513 orbem
638 2486 738 2521 agitur,
754 2487 839 2514 veloci
855 2492 929 2514 motu
943 2495 994 2515 suo

207 2534 287 2557 terra;
312 2529 474 2558 densitatem
499 2531 618 2566 undique
640 2532 790 2566 complexa,
817 2539 849 2559 ac
871 2533 992 2560 vicissim

208 2575 289 2605 rebus
306 2575 392 2603 ﬁrmis
409 2576 537 2612 nullaque
557 2584 590 2604 ex
609 2581 684 2612 parte
699 2577 871 2610 cedentibus,
896 2579 994 2605 immo-

209 2620 256 2647 bili
281 2621 419 2648 soliditate
433 2629 481 2648 sua
500 2622 704 2649 conversionem
715 2622 874 2650 volubilium
892 2631 994 2660 augen-

208 2666 291 2694 tibus.
321 2667 408 2702 Atque
433 2668 475 2695 his
500 2668 580 2695 rebus
610 2667 717 2705 diversa
741 2668 767 2694 vi
783 2673 810 2695 et
836 2669 995 2701 eilicacilate

209 2713 340 2746 przeditis,
362 2717 465 2741 natura:
477 2713 602 2741 videlicet
625 2714 766 2745 immobili,
786 2719 813 2742 et
824 2716 901 2743 alteri
918 2719 995 2752 quiec

209 2759 245 2785 tis
258 2759 373 2794 experti,
396 2767 444 2794 par
458 2759 567 2794 quidem
584 2759 654 2787 inest
678 2764 822 2795 utramque
843 2762 869 2788 in
888 2767 992 2796 partem

209 2814 348 2835 excessus.
362 2807 427 2834 Nam
441 2814 527 2842 neque
540 2811 611 2834 terra
625 2815 743 2842 unquam
758 2816 772 2835 n
784 2809 932 2837 stabilitate
945 2818 993 2838 sua

1043 2253 1171 2291 ἀκινήτου
1191 2253 1313 2288 φύσεως,
1327 2252 1382 2280 ο”ον
1402 2254 1465 2289 περί
1484 2263 1545 2280 τινα
1559 2255 1656 2288 πάγιον
1670 2254 1762 2287 ἄξονα,
1781 2255 1830 2290 τὴν

1042 2297 1173 2333 ὀξυτάτην
1189 2298 1236 2324 τοῦ
1252 2299 1333 2325 πόλου
1351 2299 1458 2335 κίνησιν
1483 2300 1581 2335 τροχοῦ
1597 2301 1675 2335 δίκην
1693 2301 1721 2327 ὲν
1738 2301 1830 2335 κύκλῳ

1042 2343 1272 2378 περιελαύνουσα,
1289 2345 1337 2370 καὶ
1354 2345 1388 2371 δι’
1405 2345 1528 2380 ἀλλήλων
1547 2347 1713 2382 ἀμφοτέροις
1735 2355 1830 2381 συντη-

1045 2389 1128 2425 ροῦσοι
1145 2391 1175 2416 τὺ
1191 2391 1331 2417 ἀδιάλυτον
1341 2400 1347 2405 ·
1367 2391 1415 2426 τῆς
1426 2399 1457 2417 τε
1471 2392 1725 2427 κυκλοφορουμένης
1738 2392 1831 2424 οὐσίας

1046 2434 1088 2461 διὰ
1102 2435 1152 2470 τῆς
1169 2434 1257 2467 ὀξείας
1274 2436 1405 2471 κινήσεως
1417 2436 1447 2463 τὸ
1459 2437 1555 2463 ναστὸν
1569 2437 1617 2472 τῆς
1634 2438 1684 2471 γῆς
1699 2437 1726 2462 ὲν
1740 2437 1831 2472 κύκλῳ

1047 2482 1297 2517 περισφιγγούσης,
1315 2482 1363 2509 τοῦ
1389 2491 1419 2508 τε
1438 2482 1551 2518 στερῤοὓ
1567 2483 1614 2509 καὶ
1630 2483 1770 2509 ἀνενδότου
1789 2483 1832 2509 διὰ

1045 2528 1094 2563 τῆς
1108 2528 1274 2563 ἀμεταθέτου
1288 2528 1453 2563 παγιότητος
1464 2528 1642 2559 ἀδιαλείπτως
1653 2529 1833 2560 ἐπιτείνοντος

1044 2575 1098 2601 τῶν
1116 2575 1179 2610 περὶ
1200 2575 1285 2611 αὐτὴν
1306 2575 1498 2610 κυκλουμένων
1522 2575 1570 2609 τὴν
1590 2574 1702 2608 δίνησιν.
1726 2575 1786 2610 Ἰση
1803 2575 1832 2600 δὲ

1045 2621 1105 2648 καθ’
1127 2621 1255 2655 ἑκάτερον
1279 2620 1333 2647 τῶν
1358 2622 1418 2652 ταῖς
1443 2620 1592 2656 ἐνεργείαις
1612 2619 1792 2655 διεστηκότων
1817 2621 1831 2655 ὴ

1048 2666 1182 2702 ὐπερόολὴ
1196 2667 1406 2702 ἐναπειργάσθη,
1419 2669 1453 2702 τῇ
1467 2676 1496 2693 τε
1509 2667 1632 2703 στασίμῳ
1647 2667 1724 2701 φύσει
1739 2667 1785 2693 καὶ
1798 2668 1830 2701 τῇ

1047 2713 1156 2747 ἀστάτῳ
1170 2713 1316 2748 περιφορᾷ.
1336 2713 1403 2739 Uine
1419 2713 1471 2748 γὰρ
1487 2713 1502 2748 ἡ
1520 2713 1555 2748 γῆ
1577 2714 1627 2748 τῆς
1644 2713 1708 2744 ίδίας
1729 2712 1830 2746 βάσει-ις

1050 2758 1236 2792 μετατίθεται,
1254 2758 1315 2784 οὕτε
1332 2759 1346 2784 ὁ
1367 2758 1479 2793 οὐρανός
1501 2767 1566 2785 ποτε
1587 2759 1617 2785 τὸ
1637 2758 1748 2792 σφοδρὸν
1765 2757 1831 2784 eust-

1048 2805 1112 2832 δωαι
1126 2805 1172 2832 καὶ
1184 2804 1305 2839 ὑποχαλᾷ
1318 2803 1366 2839 τῆς
1381 2804 1520 2839 κινήσεως.
1535 2804 1626 2831 Ταῦτα
1637 2802 1662 2829 δὲ
1678 2802 1722 2829 καὶ
1738 2802 1832 2837 πρῶτα
