1976 3077
153 93 204 123 H9

760 97 802 124 Dii
824 98 962 126 "OMINIS
981 99 1136 128 OPlF'ltZIO.

1730 104 1780 132 150

151 154 222 182 κατὰ
237 155 285 190 τὴν
300 155 346 182 τοῦ
366 156 544 191 πεποιηκότος
563 157 668 190 σοφίαν,
681 154 736 182 οἷόν
753 166 793 188 τις
805 158 875 193 ἁρχὴ
890 158 937 184 τοῦ

991 159 1120 187 dimoveri
1144 165 1247 196 potest;
1266 168 1355 196 neque
1372 160 1470 188 cmlum
1496 160 1528 188 de
1545 161 1703 189 vehemente
1724 171 1778 188 mo-

150 201 250 232 παντδς
274 203 470 237 μηχανήματος
489 203 747 238 προκατεσκευάσθη
769 203 823 229 τῶν
844 204 936 234 ὅντων,

147 245 308 279 δεικνύντος,
326 244 413 281 οἶμαι,
431 247 477 274 τοῦ
503 248 619 282 μγάλου
644 248 764 279 Μωσέως
784 248 827 274 διὰ
841 248 887 274 τοῦ
909 249 938 273 ἐν

147 292 217 326 ἀρχῇ
235 291 280 317 τὸν
299 291 413 326 οὐρανὸν
428 292 475 318 καὶ
497 293 547 328 τὴν
562 292 613 326 γῆν
626 292 700 327 παρὰ
714 292 761 318 τοῦ
776 293 843 319 Θεοῦ
858 301 938 326 γεγε-

148 336 244 371 νῆσθαι
258 337 344 362 εἰπεῖν
354 358 361 369 ,
379 338 419 364 ὃτι
441 336 573 372 κινήσεώς
587 346 618 363 τε
632 338 679 364 καὶ
698 338 817 370 στάσεως
839 337 937 372 ἔκγονα

147 382 180 408 τὰ
195 384 223 408 ὲν
237 384 269 418 τῇ
288 383 375 409 κτίσει
394 383 542 417 φαινόμενα
560 384 662 415 πάντα,
680 383 714 410 τὰ
732 384 801 410 κατὰ
816 384 846 410 τὸ
867 385 937 411 θεῖον

147 427 271 462 βούλημα
287 428 462 463 παραχθέντα
484 429 523 460 εἰς
541 428 656 462 γένεσιν.
680 428 732 454 Τοῦ
752 429 840 455 τοίνυν
853 430 936 464 οὐρα-

146 473 191 499 νοῦ
209 474 255 500 καὶ
268 475 316 507 τῆς
336 474 387 508 γῆς
402 474 433 500 ὲκ
449 473 595 509 διαμέτρου
618 474 685 508 πρὸς
701 474 801 509 ἄλληλα
821 475 891 501 κατὰ
906 475 936 501 τὸ

146 512 266 544 ἐναντίον
281 519 330 552 τῆς
351 518 489 554 ἐνεργείας
509 518 697 552 διεστηκότων,
717 519 733 553 ὴ
755 519 857 553 μεταξὺ
879 519 935 545 τῶν

147 565 272 590 ἐναντίων
292 564 380 596 κτίσις
399 565 427 590 ὲν
455 564 533 599 μέρει
554 563 608 589 τῶν
637 564 844 599 παρακειμένων
872 573 936 599 μετ-

146 609 253 642 έχουσα,
267 609 300 635 δι’
312 610 411 645 ἑαυτῆς
424 609 559 644 μεσιτεύει
568 610 624 640 τοῖς
634 609 738 644 ἄκροις,
750 610 787 641 ὡς
799 610 831 636 ἂν
842 610 935 645 ἐπίδη-

145 654 189 679 λον
204 655 329 687 γενέσθαι
347 655 396 689 τὴν
412 655 480 690 πρὸς
495 655 596 689 ἄλληλα
619 655 671 681 τῶν
685 655 815 682 ἐναντίων
830 656 874 682 διὰ
887 656 934 682 τοῦ

146 700 229 734 μέσου
245 700 402 734 συνάφειαν.
423 701 459 726 Τὸ
475 701 529 736 γὰρ
546 701 700 736 ἀεικίνητον
715 702 760 728 καὶ
774 702 871 728 λεπτὸν
885 702 934 737 τῆς

145 745 286 780 πυρώδους
299 746 391 777 οὐσίας
410 747 532 781 μιμεῖται
553 747 601 782 μέν
617 756 676 778 πως
695 747 709 773 6
724 747 786 782 ἀὴρ,
804 747 833 774 έν
851 756 879 774 τε
894 747 934 782 τῷ

145 792 238 826 κούφῳ
257 793 306 827 τῆς
320 792 426 826 φύσεως
445 793 491 819 καὶ
505 792 543 827 τῷ
560 792 629 828 πρὸς
641 792 690 828 τὴν
712 793 818 828 κίνησιν
840 794 934 828 ἐπιτη-

993 208 1035 231 lus
1050 205 1150 240 impetu
1170 206 1318 240 quidquam
1339 206 1460 233 remittit.
1479 205 1540 232 "'J‘C
1557 206 1641 240 prima
1660 207 1781 234 omnium

991 251 1122 278 exstitere
1139 251 1165 277 iu
1184 255 1244 277 ortu
1263 259 1366 282 rerum,
1384 251 1490 278 volente
1502 251 1634 278 creatoris
1647 252 1780 286 sapientia

990 305 1052 324 esse
1062 304 1093 324 ea
1120 297 1256 332 quoddam
1275 297 1382 324 initittm
1406 297 1504 331 optticii
1530 299 1582 325 sui.
1604 297 1695 332 Itaque
1723 305 1780 324 ma-

990 350 1072 377 gnum
1092 342 1166 369 illum
1188 343 1291 374 Mosen,
1312 350 1373 370 cum
1396 342 1433 369 ait
1451 343 1529 369 initio
1550 343 1648 370 caelum
1665 351 1696 371 ae
1723 348 1781 370 tero

991 395 1048 415 ram
1066 386 1149 413 Deum
1169 387 1334 419 condidisse,
1364 387 1416 413 hoe
1441 387 1562 413 indicare
1585 388 1703 414 voluisse
1723 388 1781 414 exi-

991 432 1073 458 stimo
1091 440 1098 458 :
1114 439 1158 458 res
1179 433 1332 464 universas,
1349 439 1409 466 qua!
1424 431 1495 457 inter
1509 435 1599 458 creata
1618 437 1778 464 cernuntur,

989 475 1077 509 deque
1106 476 1245 503 voluntate
1275 484 1306 503 ac
1333 476 1466 503 sententia
1500 474 1545 502 Dei
1571 481 1671 502 exortae
1697 481 1778 509 sunt,

989 527 1004 546 a
1022 525 1095 546 ntotu
1113 524 1139 547 et
1159 521 1250 555 quiete
1274 520 1409 555 profectas
1433 528 1504 548 esse.
1523 521 1610 555 Atque
1634 521 1684 548 hoc
1700 527 1780 556 pacto

989 565 1059 592 ccelo
1084 569 1111 592 et
1129 569 1199 592 terra
1215 574 1247 593 ex
1272 565 1405 592 diametro
1426 566 1498 592 inter
1514 573 1543 592 sc
1556 565 1696 592 contraria
1715 566 1780 593 atie-

989 610 1080 637 ctione
1093 611 1302 642 dissidentibus.
1320 615 1410 638 creata
1430 615 1538 642 caetera,
1555 619 1616 645 qum
1630 611 1673 638 his
1694 611 1777 638 inter-

986 655 1056 690 jecta
1072 660 1147 687 sunt,
1166 663 1227 682 cum
1249 656 1373 683 nonnihil
1389 663 1450 682 cum
1468 657 1550 683 rebus
1571 656 1623 683 sibi
1643 656 1779 691 contiguis

989 709 1135 730 commune
1151 703 1279 734 habeant,
1300 703 1371 730 inter
1384 706 1504 730 extrema
1529 702 1575 729 illa
1595 707 1681 729 semet
1698 702 1777 737 quasi

988 747 1176 782 interponunt,
1200 753 1230 775 ut
1255 748 1333 775 facile
1359 752 1487 783 appareat
1511 755 1565 782 quo
1582 752 1661 782 pacto
1679 756 1725 782 per
1746 756 1776 774 ea

987 798 1048 826 quae
1077 792 1166 818 media
1193 793 1277 827 inter,
1294 792 1352 819 haec
1371 793 1538 823 consistunt.
1560 799 1602 818 res
1630 793 1776 826 caztet-oqtti

143 838 219 869 δείως
232 837 312 872 ἔχειν.
328 838 364 864 Οὐ
378 839 431 874 μὴν
446 838 566 870 τοιοῦτός
583 840 666 872 ἐστιν,
686 836 742 871 οἷος
755 840 804 875 τῆς
818 839 886 875 πρὸς
898 840 932 867 τὰ

990 835 1150 863 dissidentes
1182 841 1278 863 mutuo
1299 840 1507 864 eonnectantur.
1531 836 1598 863 Nam
1627 844 1675 864 aer
1697 837 1779 863 modo

145 884 229 917 πάγια
255 884 415 917 συγγενείας
441 883 663 919 ἀλλοτριοῦσθαι,
688 884 750 910 οὕτε
775 884 818 911 ἀεὶ
845 884 933 919 μένων

144 930 278 965 ἀκίνητος,
296 929 357 957 οὔτε
382 931 527 962 διαπαντὸς
547 930 616 966 ῥέων
633 931 679 957 καὶ
702 930 912 965 σκεδαννύμενος
924 939 931 947 ⁸

144 974 212 1000 ἀλλὰ
221 976 254 1010 τῇ
262 975 327 1010 πρὸς
336 975 429 1009 ἕτερον
436 975 580 1010 οἰκειότητι
592 973 646 1001 οἷόν
656 983 681 1001 τι
692 974 869 1010 μεθόριοντῆς
880 975 934 1002 τῶν

145 1019 290 1054 ἐνεργειῶν
302 1020 486 1055 ἐναντιότητος
501 1020 614 1053 γίνεται,
625 1019 722 1054 μιγνὺς
736 1020 793 1055 ἅμα
808 1020 855 1046 καὶ
865 1020 933 1046 διαι-

147 1064 200 1098 ρῶν
206 1065 235 1090 ὲν
243 1064 487 1099 αὑτῷτὰδιεστῶτα
492 1066 525 1100 τῇ
533 1064 700 1099 φύσει.Κατὰ
705 1065 836 1092 τὺναὺτὺν
843 1065 933 1099 λόγον,

146 1111 195 1137 καὶ
206 1111 222 1145 ὴ
238 1110 309 1146 ὑγρὰ
321 1110 398 1137 οὐσία
407 1111 511 1142 διπλαῖς
524 1111 644 1145 ποιότησι
656 1111 724 1146 πρὸς
735 1111 864 1147 ἑκάτερον
878 1111 933 1138 τῶν

145 1156 274 1182 ἐναντίων
290 1156 448 1191 ἁρμόζεται.
462 1156 506 1191 Τῷ
525 1156 574 1192 μὲν
582 1157 636 1191 γὰρ
646 1156 742 1192 βαρεῖά
752 1165 781 1184 τε
791 1157 838 1183 καὶ
844 1165 932 1183 κατω-

145 1198 417 1236 φερὴςεῖναι.πολλὴν
424 1201 491 1236 πρὸς
496 1201 526 1227 τὺ
534 1201 687 1237 γεῶδεςτὴν
696 1202 854 1236 συγγένειαν
863 1202 929 1237 ἔχει.

987 881 1105 916 quodam
1142 882 1319 908 mobilitatem
1344 886 1512 916 perpetuam,
1543 881 1778 916 subtilitatemque

987 927 1075 962 ignete
1092 932 1199 954 natura:
1218 928 1350 955 imitatur.
1370 928 1418 956 Est
1437 929 1510 955 enim
1520 928 1553 955 ‘et
1569 928 1675 956 levitate
1694 932 1776 954 natu-

986 973 1034 999 rali
1050 973 1195 1008 praeditus.
1211 978 1238 1001 et
1257 974 1290 1000 ad
1313 978 1416 1001 motum
1434 974 1576 1009 aptissime
1588 978 1775 1009 comparatus.

985 1017 1077 1053 Neque
1096 1022 1187 1046 tamen
1203 1019 1306 1047 idcirco
1323 1019 1401 1054 plane
1424 1023 1465 1046 est
1481 1019 1514 1046 ab
1533 1020 1608 1046 omni
1624 1019 1776 1046 solidorum

986 1063 1147 1099 cognatione
1169 1064 1292 1095 alienus,
1316 1072 1377 1091 nam
1399 1068 1428 1091 ut
1443 1072 1550 1099 semper
1571 1069 1659 1092 motus
1679 1071 1777 1099 expezs

985 1115 1039 1135 non
1056 1113 1115 1140 est,
1133 1109 1170 1136 ita
1188 1117 1295 1144 semper
1311 1110 1393 1137 etiam
1415 1118 1469 1137 non
1488 1110 1545 1137 linit
1565 1114 1611 1137 aut
1628 1111 1777 1145 spargitur.

984 1153 1032 1180 sed
1057 1154 1086 1181 tit
1100 1155 1217 1190 quadam
1235 1155 1268 1182 ad
1293 1159 1439 1190 utrumque
1459 1157 1633 1190 cognatione,
1652 1160 1681 1182 ut
1707 1156 1777 1182 inter

982 1208 1027 1229 res
1046 1201 1235 1229 eﬂectionibus
1251 1201 1366 1228 diversis
1384 1201 1559 1228 adversantes
1581 1201 1633 1228 sibi
1653 1201 1775 1236 quidam,

145 1247 223 1282 quasi
246 1244 324 1274 limes
348 1248 396 1280 sit;
417 1252 499 1283 atque
520 1249 588 1276 adeo
617 1253 715 1276 natura
742 1250 813 1277 inter
840 1257 870 1277 se
887 1249 1048 1278 dissidentia
1064 1256 1127 1276 cum
1143 1248 1294 1280 consociet,
1317 1252 1373 1275 tum
1400 1252 1534 1275 secernat.
1565 1247 1665 1275 Eodem
1696 1249 1778 1275 modo

144 1298 172 1322 et
189 1295 286 1322 humor
299 1294 401 1330 duplici
415 1296 547 1330 qualitate
561 1296 595 1324 ad
610 1300 758 1332 utrumque
784 1297 882 1325 horum
910 1297 1114 1325 adversantium
1141 1300 1272 1331 perpetuo
1305 1295 1356 1322 sibi
1387 1298 1473 1322 semet
1494 1294 1691 1322 accommodat.
1710 1294 1776 1322 Nam

145 1351 199 1370 non
213 1343 308 1378 exigua
324 1350 386 1370 cum
402 1347 475 1371 terra
489 1345 650 1379 cognatione
665 1349 784 1377 tenetur,
805 1353 859 1380 qua
877 1345 967 1381 gravis
986 1349 1040 1376 est,
1056 1347 1083 1371 ct
1099 1350 1153 1379 qua
1171 1343 1299 1370 deorsum
1316 1341 1412 1370 fertur.

181 1389 227 1424 Τῷ
252 1389 281 1416 δὲ
310 1390 433 1429 μετέχειν
455 1391 572 1426 ροώδονς
594 1391 667 1424 τινος
694 1392 740 1419 καὶ
772 1393 937 1429 πορευτικῆς

146 1423 316 1470 ἐνεργείας(
334 1423 364 1462 οἳ)
377 1423 469 1472 πάντῆ
496 1437 547 1472 τῆς
575 1437 736 1473 κινουμένης
758 1423 936 1474 ἠλλοτρίωται

1025 1392 1158 1420 Caeterum
1174 1398 1227 1426 qua
1245 1391 1325 1418 etiam
1349 1389 1462 1416 ﬂuidum
1487 1389 1616 1424 quiddam
1639 1390 1664 1417 ei
1695 1390 1777 1421 inest,

989 1439 1085 1474 visque
1100 1435 1273 1474 pértneabilis
1289 1445 1297 1463 :
1314 1443 1368 1463 non
1387 1443 1501 1471 prorsus
1518 1443 1533 1462 a
1549 1436 1632 1463 rebus
1651 1436 1695 1468 iis,
1718 1444 1778 1472 qua!

148 1481 271 1516 φύσεως,
299 1481 367 1508 ἀλλά
382 1483 424 1514 τίς
446 1483 504 1509 ἐστι
533 1484 580 1510 καὶ
601 1483 645 1510 διὰ
669 1484 763 1511 τούτου
785 1485 856 1520 μίξις
882 1485 936 1512 τῶν

990 1492 1032 1512 res
1060 1488 1191 1519 perpetuo
1221 1487 1384 1514 moventur,
1417 1481 1524 1517 sejungi
1550 1485 1656 1517 potest;
1687 1483 1779 1517 itaque

148 1526 277 1552 ἐναντίων
301 1525 348 1552 καὶ
370 1525 486 1559 σύνοδος,
507 1528 556 1563 τῆς
569 1536 599 1554 τε
614 1528 763 1565 βαρύτητος
776 1531 815 1561 εἰς
829 1530 935 1564 κίνησιν

150 1571 352 1607 μετατεθείσης,
380 1572 497 1607 καὶτῆς
523 1573 655 1609 κινήσεως
680 1576 708 1601 ὲν
723 1574 761 1610 τῷ
791 1574 868 1611 βάρει
899 1575 935 1611 μὴ

149 1617 330 1653 πεδηϐείσης,
359 1617 431 1644 ὥστε
467 1619 626 1654 συμϐαίνειν
664 1621 732 1656 πρὸς
767 1621 869 1656 ἄλληλα
903 1621 937 1648 τὰ.

149 1663 220 1690 κατά
241 1664 271 1690 τὸ
292 1665 444 1700 ἀκρότατον
471 1667 504 1701 τῇ
531 1666 611 1700 φύσει
634 1667 794 1703 διεστηκότα
817 1668 861 1695 διὰ
882 1667 936 1694 τῶν

151 1710 346 1745 μεσιτευόντων
357 1711 480 1747 ἀλλήλοις
493 1712 636 1748 ὲνούμενα.
649 1714 757 1748 Μᾶλλον
769 1714 798 1741 δὲ
809 1714 879 1741 κατὰ
891 1714 936 1741 τὸν

149 1756 249 1791 ἀχριὸῆ
267 1755 344 1791 λόγον
360 1756 420 1783 οὐδὲ
434 1757 503 1793 αὐτὴ
527 1758 581 1784 τῶν
599 1758 793 1794 ἀντικειμένων
812 1761 828 1795 ἡ
856 1759 937 1795 φύσις

149 1800 272 1835 ἀμίκτως
283 1801 371 1836 πάντη
387 1801 455 1837 πρὸς
465 1802 514 1837 τὴν
534 1802 630 1837 ἑτέραν
644 1805 699 1835 τοῖς
715 1803 857 1839 ίδιώμασιν
870 1805 936 1840 ἔχει,

148 1845 186 1878 ὼς
205 1845 248 1879 ἂν,
261 1844 353 1882 οἶμαι,
368 1848 457 1874 πάντα
470 1848 539 1883 πρὸς
550 1848 653 1883 ἄλληλα
672 1849 744 1875 νεύοι
759 1849 794 1875 τὰ
810 1850 880 1876 κατὰ
892 1851 938 1876 τὸν

149 1892 251 1927 κόσμον
267 1893 419 1927 φαινόμενα
428 1912 435 1925 ,
448 1893 496 1920 καὶ
507 1893 638 1928 ξυμπνέοι
656 1895 723 1930 πρὸς
738 1895 837 1931 ἑαυτὴν
851 1897 867 1931 ἡ
881 1897 939 1923 κτί-

150 1945 193 1969 σις
233 1938 262 1963 ὲν
298 1939 355 1969 τοῖς
390 1937 445 1964 τῶν
483 1939 678 1975 ἀντικειμένων
718 1940 859 1975 ίδιὼμασιν
893 1941 939 1968 εὐ-

151 1983 311 2018 ρισκομένη.
335 1983 391 2018 Τῆς
406 1983 460 2019 γὰρ
483 1985 617 2019 κινήσεως
637 1985 668 2012 οὗ
695 1985 774 2021 μόνον
799 1987 869 2013 κατά
891 1987 939 2022 τὴν

149 2028 263 2064 τοπικὴν
287 2029 452 2063 μετάστασιν
477 2031 633 2066 νοουμένης,
650 2031 719 2058 ἀλλά
739 2032 785 2059 καὶ
803 2033 831 2059 ὲν
852 2034 938 2068 τροπῇ

149 2074 196 2099 καὶ
226 2073 366 2101 ἀλλοιώσει
401 2075 590 2112 θεωρουμένης
601 2076 613 2092 ·”
641 2077 722 2105 πάλιν
753 2078 776 2104 δ’
809 2076 860 2111 αὖ,
890 2079 940 2115 τῆς

149 2119 314 2154 ἀμεταθέτου
348 2120 455 2154 φύσεως
475 2121 524 2157 τὴν
542 2122 612 2149 κατά
627 2123 658 2149 τὸ
675 2123 845 2151 ἀλλοιοῦσθαι
863 2125 939 2160 κίνη-

986 1534 1013 1557 et
1036 1529 1063 1557 in
1086 1529 1200 1556 humore
1226 1528 1283 1555 haec
1300 1529 1440 1555 contraria
1455 1529 1528 1555 inter
1557 1535 1587 1556 se
1615 1529 1778 1556 consocian-

986 1580 1046 1609 tur,
1065 1579 1092 1603 et
1121 1575 1200 1610 quasi
1222 1579 1339 1608 cocuut,
1361 1582 1424 1602 cum
1448 1574 1521 1610 quod
1548 1582 1630 1609 grave
1653 1578 1695 1602 est
1721 1583 1778 1601 mo—

986 1626 1043 1648 tum
1066 1621 1191 1655 recipiat,
1215 1625 1242 1648 et
1264 1624 1360 1648 contra
1382 1624 1473 1648 motus
1496 1627 1510 1647 a
1526 1619 1645 1654 p0udere
1658 1628 1712 1647 non
1728 1621 1779 1647 im-

987 1666 1120 1701 pediatur.
1145 1665 1202 1694 Hoc
1227 1665 1296 1693 adeo
1318 1668 1398 1700 pacto
1423 1670 1520 1692 natura
1540 1665 1663 1700 partibus
1685 1669 1777 1692 extre-

989 1713 1042 1740 mis
1065 1712 1239 1743 dissidentia,
1262 1718 1311 1747 per
1336 1719 1368 1739 ea
1392 1719 1454 1746 qua:
1475 1710 1594 1738 medimn
1619 1711 1690 1738 inter
1720 1712 1777 1745 ipsa

987 1757 1079 1785 locutu
1103 1757 1235 1788 obtinent,
1250 1756 1466 1791 coniunguntur.
1482 1755 1514 1782 Et
1527 1763 1591 1782 vero
1609 1756 1631 1783 si
1648 1760 1778 1783 accurate

988 1810 1045 1831 rem
1061 1802 1262 1833 existimemus,
1281 1801 1484 1829 adversantium
1503 1800 1555 1828 sibi
1572 1804 1680 1832 natura,
1696 1801 1777 1828 etiam

989 1848 1100 1883 propria
1113 1847 1203 1883 quoad
1228 1847 1397 1882 singulorum
1415 1846 1546 1874 attributa
1563 1846 1670 1878 attinet,
1695 1846 1778 1881 quid—

988 1895 1050 1922 dam
1069 1895 1142 1921 inter
1156 1901 1185 1921 se
1205 1900 1350 1920 commune
1375 1892 1476 1920 habet:
1500 1899 1560 1919 eam
1587 1891 1717 1919 nimirum
1743 1892 1778 1919 ob

989 1947 1114 1971 causam,
1128 1944 1157 1966 ut
1171 1938 1291 1966 arbitror
1308 1938 1380 1973 quod
1396 1945 1440 1965 res
1456 1937 1510 1965 hoc
1538 1937 1565 1964 in
1587 1937 1690 1964 mundo
1715 1937 1778 1964 nni-

989 1993 1076 2013 verste
1099 1986 1131 2012 ad
1158 1987 1280 2011 mutuam
1304 1984 1452 2019 quamdam
1477 1983 1653 2011 concordiam
1681 1988 1778 2010 natura

989 2031 1145 2058 ducantur:
1172 2033 1199 2056 et
1222 2037 1284 2064 qua:
1308 2029 1449 2056 attributis
1479 2028 1598 2064 propriis
1624 2035 1779 2063 repugnare

990 2075 1042 2103 sibi
1070 2078 1161 2102 creata
1190 2074 1342 2106 sentimus,
1367 2073 1462 2101 eadem
1492 2073 1615 2101 vicissim
1648 2073 1720 2101 inter
1749 2081 1779 2101 se

991 2120 1164 2156 conspirent.
1198 2119 1264 2146 Nam
1291 2127 1352 2146 cum
1379 2127 1432 2146 non
1459 2126 1512 2146 una
1542 2119 1598 2146 haec
1626 2124 1717 2146 motus
1743 2120 1779 2147 sit

150 2173 192 2192 σιν
219 2165 248 2191 οὐ
273 2166 471 2202 προσιεμένης’
495 2167 661 2199 ἑναλλάξασα
686 2168 735 2200 τὰς
762 2169 895 2205 ἰδιότητας
921 2170 937 2204 ἡ

992 2166 1108 2201 species,
1124 2173 1186 2193 cum
1208 2165 1273 2200 quid
1295 2164 1406 2192 deloco
1430 2165 1463 2192 ad
1487 2165 1576 2191 locum
1594 2165 1776 2197 transfertur;

149 2210 195 2236 τοῦ
216 2211 284 2237 Θεοῦ
307 2212 397 2245 σοφία,
416 2211 455 2246 τῷ
472 2212 520 2247 μὲν
537 2212 682 2248 ἀεικινήτῳ
698 2213 729 2240 τὸ
745 2213 887 2249 ἄτρεπτον,
902 2215 941 2250 τῷ

148 2256 177 2282 δὲ
200 2257 319 2292 ἀκινήτῳ
345 2257 394 2293 τὴν
417 2258 522 2293 τροπὴν
543 2258 694 2294 ἐνεποίησε,
719 2260 872 2296 προμηθείᾳ
889 2262 941 2287 τινὶ

149 2303 217 2336 τάχα
240 2302 270 2328 τὸ
293 2302 413 2328 τοιοῦτον
435 2303 646 2338 οἰκονομήσασα,
668 2304 706 2335 ὡς
725 2303 757 2330 ἂν
780 2304 817 2339 μὴ
844 2304 874 2331 τὸ
892 2305 941 2339 τῆς

150 2347 257 2382 φύσεως
274 2347 349 2379 ἴδιον,
366 2348 433 2384 ὅπερ
455 2348 513 2375 ἐστὶ
532 2348 562 2375 τὸ
586 2349 718 2384 ἀτρεπτόν
732 2358 761 2375 τε
779 2350 825 2376 καὶ
838 2350 941 2385 ἀμετά-

150 2392 235 2424 θετον,
252 2391 297 2417 ὲπί
312 2400 383 2423 τινος
405 2392 460 2419 τῶν
484 2393 555 2420 κατὰ
578 2393 628 2429 τὴν
651 2393 738 2421 κτίσιν
758 2394 940 2429 βλεπομένων,

149 2435 214 2461 θεὸν
238 2435 395 2470 νομίζεσθαι
414 2436 444 2463 τὸ
467 2437 569 2472 κτίσμα
595 2438 742 2473 ποιήσειεν.
765 2439 801 2465 Οὐ
828 2438 882 2474 γὰρ
902 2439 942 2465 ἔτι

151 2478 275 2514 οεΰτητος
299 2481 431 2516 ὑπόληψιν
462 2482 555 2516 σχοίη,
583 2483 651 2518 ὅπερ
681 2482 713 2509 ἂν
741 2483 898 2519 κινούμενον
923 2485 939 2520 ἢ

151 2524 338 2560 ἀλλοιούμενον
359 2527 437 2562 τύχῃ.
465 2527 515 2554 Διὰ
540 2527 618 2554 τοῦτο
641 2529 657 2564 ὴ
685 2529 733 2565 μὲν
754 2530 789 2565 γῆ
812 2530 941 2566 στάσιμός

151 2570 219 2603 ἐστι,
242 2572 288 2598 καὶ
307 2572 357 2599 οὐκ
378 2573 525 2609 ἄτρεπτος-
543 2575 557 2600 ὁ
578 2575 605 2601 δὲ
621 2575 734 2610 οὐρανὸς
754 2575 800 2602 τοῦ
822 2577 940 2603 ἐναντίου

151 2616 181 2642 τὸ
196 2618 312 2653 τρεπτδν
325 2619 374 2646 οὐκ
389 2619 469 2654 ἔχων,
486 2620 544 2646 οὐδὲ
562 2622 691 2656 στάσιμον
706 2621 772 2656 ἔχει,
787 2622 830 2648 ἵνα
843 2623 875 2657 τῇ
893 2623 942 2657 μὲν

151 2662 230 2697 φύσει
245 2664 352 2700 ἑστώσῃ
367 2665 418 2700 τὴν
438 2666 552 2702 τροπὴν,
567 2668 600 2702 τῇ
617 2667 645 2693 δὲ
667 2667 704 2702 μὴ
723 2667 878 2703 τρεπομένῃ
893 2668 942 2703 τὴν

151 2709 256 2745 κίνησιν
273 2711 289 2744 ἠ
309 2710 368 2737 θεία
390 2712 565 2746 συμπλέξασα
587 2712 710 2747 δύναμις,
741 2715 787 2740 καὶ
815 2710 940 2749 ἆλλήλαις

149 2755 308 2791 ἀμφοτέρας
337 2757 369 2791 τῇ
398 2757 535 2789 ἐναλλάξει
571 2757 625 2784 τῶν
656 2759 806 2794 ίδιωμάτων
835 2769 943 2796 προσοι-

151 2801 264 2837 κειώσῃ,
278 2803 324 2828 καὶ
338 2802 388 2837 τῆς
404 2803 467 2838 περὶ
483 2803 512 2829 τὸ
528 2803 599 2830 Θεῖον
616 2803 775 2839 ὑπολήψεως
797 2806 941 2842 ἀλλοτριώ-

992 2219 1086 2239 verum
1101 2211 1184 2238 etiam
1205 2218 1268 2237 cum
1283 2209 1348 2244 quid
1365 2209 1406 2237 vel
1427 2212 1560 2240 mutatur,
1579 2209 1620 2236 vel
1639 2210 1778 2236 converti-

992 2262 1055 2291 tur;
1082 2262 1180 2285 natura
1201 2264 1283 2292 porro
1327 2255 1563 2283 incommutabilis
1600 2263 1660 2283 eam
1687 2259 1779 2284 motus

992 2304 1122 2339 speciem.
1134 2310 1188 2338 qua
1208 2302 1273 2338 quid
1286 2306 1417 2334 mutatur,
1439 2309 1493 2329 non
1513 2301 1640 2328 admittat
1654 2311 1662 2335 ;
1676 2301 1778 2328 idcirco

992 2350 1084 2377 divina
1109 2349 1245 2384 sapientia
1268 2347 1433 2383 permutatis
1455 2347 1586 2382 utrinque
1605 2348 1780 2382 proprietati-

992 2397 1054 2427 bus.
1071 2400 1197 2423 naturam
1217 2404 1307 2423 rerum
1322 2403 1432 2431 semper
1446 2395 1587 2423 mobilium
1607 2395 1674 2423 nulli
1691 2401 1783 2422 muta-

993 2442 1060 2470 tioni
1086 2442 1249 2477 subjectam,
1275 2442 1389 2469 alteram
1407 2449 1482 2473 vero.
1510 2445 1601 2468 motus
1627 2442 1779 2475 cxpertium

993 2488 1151 2515 mutabilem
1179 2495 1241 2514 esse
1270 2488 1367 2514 voluit.
1398 2487 1487 2522 Atque
1516 2487 1568 2514 hoc
1597 2487 1668 2514 haud
1698 2487 1780 2514 dubie

992 2534 1136 2569 prudentia
1153 2533 1287 2567 singulari
1303 2532 1433 2563 instituit,
1449 2540 1482 2560 nc
1505 2532 1630 2560 homines
1655 2532 1682 2559 in
1698 2532 1781 2559 rebus

992 2579 1103 2606 creatis.
1127 2585 1196 2613 quas
1209 2578 1358 2609 cernimus.
1371 2586 1432 2606 esse
1453 2577 1556 2613 aliquid
1580 2583 1711 2612 perpetuo
1727 2578 1778 2604 im-

993 2626 1124 2653 mutabile
1138 2625 1395 2657 auimadvertentes,
1412 2628 1509 2651 natura
1525 2625 1575 2651 hoc
1588 2625 1613 2652 ei
1630 2625 1778 2654 tribuente.

993 2672 1064 2699 idem
1087 2678 1136 2706 pro
1153 2671 1208 2698 Deo
1231 2671 1362 2699 colerent.
1389 2670 1450 2697 Non
1465 2671 1537 2697 enim
1556 2678 1620 2698 vero
1635 2674 1780 2697 consenta-

994 2725 1074 2744 neum
1092 2716 1177 2743 videri
1197 2721 1285 2751 potest
1302 2717 1326 2744 ei
1345 2715 1383 2743 rei
1406 2715 1577 2743 divinitatem
1601 2716 1702 2745 inesse.
1719 2722 1782 2749 qua

994 2769 1038 2789 res
1053 2763 1095 2790 vel
1119 2762 1204 2789 motui
1219 2763 1260 2788 vel
1286 2762 1430 2789 mutationi
1455 2761 1574 2789 obnoxia
1604 2761 1650 2787 sit.
1674 2760 1780 2787 Idcirco

995 2813 1094 2836 terram
1112 2808 1220 2844 quidem
1239 2809 1344 2835 ﬁrmam
1362 2815 1421 2835 esse
1446 2807 1580 2840 videmus,
1597 2811 1623 2833 at
1649 2806 1779 2834 mutatio-
