1976 3077
225 79 279 107 135

842 76 870 104 S.
889 76 1054 105 GREGORII
1073 77 1222 106 NYSSENI

1807 83 1862 111 156

225 144 282 163 sam
299 135 368 162 "4°.
388 145 398 160 ι
418 134 440 161 0
458 142 514 162 rem
531 134 736 163 admirandam!
754 135 800 163 Sol
817 142 926 163 creatur
941 136 1008 163 nulla

1068 137 1170 172 ῥήματι
1181 138 1254 173 μόνῳ
1264 138 1294 165 τὸ
1304 139 1422 166 τοιοῦτον
1435 139 1527 175 θαῦμα
1539 141 1706 172 συνίσταται,
1715 140 1776 167 οὔτε
1786 141 1859 174 ὅθεν,

224 182 420 209 deliberatione
437 181 623 216 praecedente,
637 182 789 217 eodemque
808 187 888 217 pacto
900 183 1011 214 emtum,

223 229 324 263 quibus
334 228 442 255 duobus
453 228 520 255 nihil
532 235 594 256 esse
607 235 656 263 par
666 229 766 256 creatis
779 229 806 255 in
819 229 900 256 rebus
912 233 1011 262 potest.

225 273 285 301 Uno
297 274 380 301 verbo
394 273 552 308 huiusmodi
567 274 594 300 in
618 281 708 302 rerum
730 278 827 301 natura
850 275 1012 301 miraculum

223 320 328 348 exstitit
344 329 350 346 :
369 327 458 354 neque
482 319 569 351 unde,
586 319 628 346 vel
649 319 787 354 quomodo
799 327 831 347 ea
847 319 918 346 facta
930 320 1011 351 'sint,

222 367 375 401 expositum
391 370 443 392 est.
460 364 532 392 Idem
549 365 655 392 caeteris
671 365 698 392 in
714 365 797 392 rebus
813 365 931 400 singulis
945 373 1013 393 usu-

222 411 306 438 venit.
323 410 431 441 A‘Ither,
448 410 538 437 sidera
550 429 557 441 ,
573 409 734 444 interjectus
750 410 820 437 inter
836 410 894 437 haec
917 414 944 437 et
963 417 1014 437 nos

223 464 279 488 aer,
299 463 390 488 mare,
417 460 504 489 terra,
531 456 678 488 animalia,
704 456 819 490 plantae,
843 456 934 483 omnia
960 463 1014 483 uno

223 503 270 529 Dei
285 503 368 528 verho
381 502 408 528 in
416 505 513 528 'ortum
530 501 664 536 producta
679 506 754 529 sunt.
769 502 862 530 Solius
876 502 909 529 ad
924 502 1015 529 homi-

223 548 265 575 nis
286 547 495 574 fabricationem
513 551 622 574 creator
642 547 687 576 ille
708 548 900 576 universitatis
920 555 1013 575 rerum

221 593 338 628 quadam
360 602 422 620 cum
450 586 672 621 consideratione
693 594 798 621 accedit
816 603 822 621 :
848 599 1013 629 praeparata-

220 648 273 673 que
294 640 411 674 primum
434 639 535 673 opificii
559 639 690 671 materie,
715 640 844 675 illiusque
867 640 954 667 forma
978 638 1011 666 ad

1064 182 1127 209 οὔτε
1143 183 1227 216 ὅπως,
1240 184 1306 211 οὒτε
1325 185 1388 212 ἄλλο
1402 194 1428 211 τι
1450 187 1570 214 τοιοῦτον
1588 187 1859 222 παρασημηναμένου

1063 228 1110 254 τοῦ
1124 228 1214 262 λόγου.
1230 229 1308 256 Οὕτω
1327 231 1373 257 καὶ
1394 231 1428 258 τὰ
1445 232 1504 258 καθ’
1516 232 1631 259 ἕκαστον
1647 232 1750 264 πάντα,
1765 232 1859 267 αἰθὴρ.

1065 276 1189 312 ἀστέρες,
1206 278 1220 303 ὀ
1234 277 1279 304 διὰ
1296 278 1380 313 μέσου
1401 280 1465 315 ἀὴρ,
1478 280 1608 312 θάλαττα,
1628 281 1675 315 γῆ.
1696 280 1763 312 ζῶαν
1775 281 1858 314 φυτὰ.

1066 322 1155 349 πάντα
1175 322 1247 358 λόγῳ
1271 324 1338 359 πρὸς
1361 325 1468 358 γένεσιν
1487 326 1593 360 ἄγεται.
1615 327 1690 362 Μόνῃ
1710 326 1738 353 δὲ
1756 327 1789 361 τῇ
1810 326 1859 353 τοῦ

1065 366 1209 403 ἀνθρώπου
1234 371 1388 406 κατασκευῇ
1420 371 1660 407 περιεσκεμμένως
1683 372 1824 406 πρόσεισιν
1844 372 1860 398 ὁ

1063 413 1112 440 τοῦ
1127 415 1227 446 παντὸς
1243 416 1368 451 ποιητὴς,
1389 417 1427 449 ὡς
1450 418 1495 445 καὶ
1515 418 1581 452 ὓλην
1601 418 1676 453 αὐτῷ
1697 418 1745 452 τῆς
1760 418 1859 445 συστὰ-

1065 466 1134 490 σεως
1156 461 1364 495 προετοιμάσαι,
1385 463 1431 489 καὶ
1455 463 1601 498 ἀρχετύπῳ
1620 463 1674 490 τινὶ
1694 463 1787 489 κάλλει
1809 463 1860 498 τὴν

1066 505 1172 540 μορφὴν
1184 507 1324 541 ὁμοιῶσαι,
1348 509 1396 535 καὶ
1423 510 1556 545 προθέντα
1577 510 1623 536 τὸν
1637 509 1746 542 σκοπὸν,
1764 506 1794 535 οὗ
1809 510 1860 544 χά-

1065 556 1108 583 ριν
1129 551 1290 586 γενήσεται,
1312 554 1478 591 κατάλληλον
1502 555 1576 590 αὐτῷ
1602 556 1649 582 καὶ
1668 556 1772 582 οἰκείαν
1797 557 1859 587 ταῖς

1065 594 1216 630 ἐνεργείαις
1229 598 1428 635 δημιουργῆσαι
1450 601 1499 638 τὴν
1510 601 1601 636 φύσιν,
1617 602 1776 638 ἐπιτηδείως
1789 602 1858 637 πρὸς

1064 640 1095 666 τὸ
1109 643 1288 678 προκείμενον
1299 645 1423 680 ἔχουσαν.

219 685 326 712 eximia:
344 684 557 719 pulchritudinis
572 685 712 719 exemplar
724 685 933 720 exprimendum
948 684 1090 719 designata
1100 706 1108 719 ,
1125 686 1178 714 fine
1191 689 1274 716 etiam
1289 692 1443 726 proposito,
1461 692 1494 720 ad
1514 700 1595 727 quem
1616 692 1752 719 creandus
1765 696 1855 719 esset:

219 738 275 760 tum
292 733 390 760 deinde
405 736 530 760 naturam
547 732 601 760 sibi
616 733 788 760 consimilem
804 738 831 761 et
846 733 1003 760 actionibus
1016 732 1123 760 allinem
1140 735 1273 770 fabricat,
1301 745 1362 774 quae
1380 740 1474 775 operi,
1491 741 1535 768 cui
1557 740 1755 773 destinaretur,
1781 743 1857 767 esset

219 779 372 813 aptissima.

521 869 635 898 CAPUT
655 869 700 896 IV.

275 948 404 980 lloniinis
419 948 553 982 api/icium
566 948 596 974 in
615 947 736 974 omnibus
757 947 954 982 imperatoriam

359 983 503 1018 quamdam
521 983 708 1009 attcluritalem
724 988 865 1010 ostentare.

253 1062 320 1090 Nam
337 1063 567 1097 quemadmodum
593 1062 620 1089 in
642 1061 726 1090 rebus
744 1061 872 1089 humanis
892 1061 1009 1088 artifices
1035 1070 1038 1072 -

218 1109 253 1136 iis
277 1109 468 1136 instrumentis
494 1115 555 1143 quae
579 1108 761 1140 fabricantur,
788 1107 903 1134 formati]
927 1107 1008 1134 talem

218 1155 360 1187 tribuunt,
385 1154 479 1189 qualis
500 1161 561 1181 esse
581 1153 615 1180 ad
639 1161 738 1186 usum,
759 1153 803 1180 cui
824 1153 1006 1184 destinantur,

218 1202 360 1236 aptissima
384 1200 473 1227 videri
498 1204 610 1235 potest:
632 1200 673 1227 sic
695 1199 940 1234 prastantissimus
963 1198 1008 1226 ille

218 1254 311 1281 rerum
326 1245 424 1273 artifex
443 1249 567 1272 naturam
581 1249 704 1272 nostram
727 1244 848 1272 condidit
866 1245 941 1272 velut
964 1244 1007 1270 in-

218 1296 404 1321 strumentum
427 1291 564 1326 quoddam
588 1298 673 1325 regno
699 1289 918 1317 administrando
949 1289 1008 1316 ido-

218 1345 310 1368 neum,
327 1340 411 1370 utque
424 1339 496 1362 esset
513 1335 545 1361 ad
564 1334 617 1361 hoc
633 1335 714 1361 homo
729 1341 811 1368 quam
830 1333 1005 1368 aptissimus,

217 1391 279 1410 cum
295 1380 529 1417 praestantissimis
544 1380 628 1407 animi
643 1379 754 1407 dotibus
765 1399 772 1411 ,
790 1383 846 1406 tum
860 1387 891 1406 ea
903 1400 910 1411 ,
924 1386 1006 1414 quam

217 1429 374 1460 cernimus,
390 1426 514 1462 corporis
529 1433 592 1453 eum
609 1425 698 1453 forma
721 1425 876 1452 exornavit.
892 1424 925 1450 Et
947 1425 1007 1451 ani-

217 1482 280 1501 mus
296 1473 404 1508 quidem
419 1472 521 1507 regiam
541 1471 733 1506 excelsumque
752 1470 910 1505 dignitatem
928 1477 1005 1497 suam

217 1505 351 1554 longe-ab
371 1505 526 1545 humilitate
548 1517 653 1552 privata
674 1517 826 1551 sejunctam
838 1537 846 1549 ,
862 1517 890 1542 in
911 1523 943 1543 eo
957 1510 1005 1542 de-
1020 1505 1042 1534 ο

217 1567 305 1593 clarat
319 1572 327 1591 ε
341 1563 414 1599 quod
433 1564 575 1590 dominum
597 1562 734 1590 neminem
749 1561 891 1597 agnoscit.
907 1565 934 1588 et
957 1567 1008 1588 suo

217 1619 248 1637 ex
266 1610 379 1637 arbitrio
395 1609 450 1643 agit
464 1609 575 1640 omnia;
600 1615 730 1642 meroque
746 1612 772 1634 et
793 1614 902 1634 summo
923 1606 1007 1641 impe-

218 1657 259 1683 rio
269 1677 276 1688 ,
293 1660 322 1682 ut
336 1655 386 1690 ipsi
404 1655 484 1688 libet,
501 1659 586 1681 semet
600 1654 747 1689 gubernat.
761 1652 827 1679 Nam
841 1653 884 1680 cui
897 1652 1006 1680 tandem

218 1701 268 1727 hoc
283 1699 410 1727 convenit
424 1721 430 1728 .
448 1700 470 1726 si
488 1707 540 1725 non
558 1699 613 1733 regi
627 1698 639 1724 ?
654 1697 789 1725 Praalcrea
806 1698 942 1724 hominem
961 1706 1008 1724 na-

217 1753 285 1774 turae
304 1746 421 1776 divinae,
438 1745 518 1778 cujus
532 1746 623 1771 omnia
639 1747 735 1778 parent
756 1743 891 1778 imperio,
912 1743 1008 1778 imagi-

217 1800 278 1819 nem
297 1799 377 1824 csse,
400 1791 467 1818 nihil
490 1798 551 1818 esse
574 1790 726 1825 putandum
747 1794 789 1817 est
808 1790 901 1823 aliud,
923 1798 1007 1825 quam

217 1840 321 1874 regium
336 1840 361 1866 ei
376 1838 460 1866 decus
482 1839 510 1865 in
533 1839 592 1873 ipsa
615 1838 754 1864 creatione
779 1837 910 1865 tributum
934 1845 1005 1865 esse.

216 1884 450 1918 Quemadmodum
465 1883 537 1910 enim
554 1890 630 1909 more
643 1882 775 1914 humano,
792 1881 837 1916 qui
852 1881 1005 1916 principum

217 1930 349 1965 imagines
366 1929 486 1960 faciunt,
503 1929 594 1955 nativa
618 1927 713 1954 forma:
736 1927 837 1954 indicia
858 1926 1006 1962 eilingunt,

217 1981 297 2010 atque
321 1975 403 2002 etiam
431 1982 560 2009 purpurae
584 1975 686 2001 amictu
713 1974 816 2008 regiam
845 1974 1006 2009 dignitatem

216 2023 392 2056 exprimunt:
409 2028 495 2054 eaque
514 2020 612 2047 deinde
624 2021 682 2048 suis
704 2021 794 2055 imago
814 2021 938 2048 numeris
958 2021 1007 2048 ab-

217 2069 306 2096 soluta
319 2075 351 2095 ex
367 2065 567 2094 consuetudine
590 2073 635 2093 rex
659 2067 829 2101 appellatur;
857 2067 893 2093 ita
915 2072 941 2094 et
963 2067 1009 2093 ho-

217 2114 300 2142 minis
315 2118 411 2140 natura
422 2133 429 2145 ,
444 2113 484 2140 sic
493 2112 609 2140 condita
624 2117 652 2139 ut
667 2113 838 2147 reliquorum
852 2118 1006 2140 creatorum

215 2160 328 2188 domina
338 2164 430 2190 esset,
446 2164 557 2194 propter
578 2167 638 2186 eam
651 2179 657 2191 ,
682 2166 736 2193 qua
759 2166 850 2194 regem
871 2159 1006 2186 universi-

164 2240 168 2243 Δ
216 2207 279 2234 tatis
294 2206 377 2240 hujus
391 2205 493 2237 refert,
506 2205 716 2232 similitudinem
728 2226 735 2238 ,
750 2205 840 2240 imago
851 2206 930 2240 quasi
944 2206 1006 2232 viva

215 2255 306 2279 erecta
318 2257 379 2282 cst,
394 2259 456 2278 cum
471 2258 524 2286 qua
538 2255 564 2277 et
577 2251 697 2286 dignitas
711 2256 738 2278 ct
751 2259 851 2278 nomen
864 2251 1013 2287 archetypi-

215 2297 476 2324 communicaretur.
501 2296 590 2331 Atque
613 2299 671 2323 haec
692 2297 783 2331 imago
805 2305 859 2324 non
883 2304 1003 2332 purpura

215 2347 257 2370 est
279 2346 427 2374 exornata,
449 2349 537 2376 neque
560 2346 669 2376 sceptro
689 2345 716 2368 ct
736 2342 810 2377 regia
831 2341 916 2370 fascia
935 2349 1005 2377 prm-

217 2388 413 2417 stantissimam
437 2387 598 2422 dignitatem
628 2395 707 2415 suam
732 2393 762 2415 ut
786 2393 937 2416 ostentaret
962 2396 1006 2416 ne-

217 2441 294 2462 cesse
317 2433 451 2464 habebat,
476 2433 586 2467 quando
610 2441 644 2461 ne
666 2434 756 2468 ipsum
780 2435 889 2469 quidem
914 2442 1005 2461 exem-

221 2480 310 2515 plum,
333 2479 367 2507 ad
388 2478 462 2513 quod
484 2483 525 2506 est
546 2479 732 2512 conformata,
756 2481 839 2507 rebus
861 2481 888 2507 in
913 2481 1006 2514 hujus-

218 2526 291 2554 modi
314 2525 462 2557 consistit,
489 2525 536 2552 sed
564 2533 613 2561 pro
636 2534 757 2561 purpura
781 2527 881 2554 virtute
904 2527 1003 2554 amicta

216 2577 273 2603 est,
293 2579 348 2607 quo
366 2571 440 2599 cultu
458 2571 525 2598 nihil
542 2572 628 2606 magis
642 2581 703 2600 esse
716 2573 818 2607 regium
835 2576 942 2607 potest:
959 2581 1007 2607 pro

1330 871 1529 899 ΚΕΦΑΛΑῘΟΝ
1550 873 1586 899 Δ’.
1608 878 1610 881 '

1065 944 1129 971 Ὅτι
1151 944 1199 972 διὰ
1220 946 1343 983 πάντων
1363 949 1556 983 ἐπισημαίνει
1577 949 1634 983 τὴν
1657 949 1787 983 ἀρχικὴν
1810 949 1856 980 ἐξ-

1160 981 1270 1008 ουσίαν
1287 981 1306 1015 ή
1327 983 1379 1009 τοῦ
1394 981 1550 1017 ἀνθρώπου
1571 981 1753 1017 miracles-vri.

1098 1061 1231 1096 Καθάπερ
1251 1062 1306 1097 γὰρ
1331 1063 1359 1089 ὲν
1383 1062 1423 1098 τῷ
1449 1062 1498 1098 βίῳ
1517 1062 1604 1098 τούτῳ
1624 1062 1796 1097 καταλλήλως
1820 1063 1854 1098 τῇ

1062 1104 1142 1139 χρείᾳ
1159 1105 1357 1140 σχηματίζεται
1378 1106 1452 1141 παρὰ
1472 1107 1526 1133 τῶν
1537 1107 1745 1142 τεχνιτευόντων
1762 1107 1791 1133 τὶ-
1809 1107 1855 1142 ἧρ-

1062 1158 1143 1183 γανσν
1154 1157 1161 1165 ·
1175 1149 1262 1193 οὕτως
1276 1147 1332 1178 οἷόν
1347 1161 1373 1178 τι
1393 1152 1489 1183 σκεῦος
1507 1153 1547 1184 εἰς
1561 1152 1699 1193 βασιλείας
1715 1153 1855 1188 ινέργειαν

1061 1196 1213 1231 ἐπιτήδειον
1225 1191 1275 1233 τὴν
1294 1198 1432 1233 ἡμετέραν
1449 1197 1529 1232 φύσιν
1549 1198 1563 1224 ό
1581 1191 1774 1235 ἀριστοτέχνης
1792 1198 1853 1233 ἐδη-

1062 1241 1224 1277 μιούργησε,
1249 1243 1304 1274 τοῖς
1331 1252 1361 1269 τε
1385 1243 1455 1269 κατὰ
1479 1243 1528 1278 τὴν
1552 1243 1640 1278 ψυχὴν
1664 1244 1854 1279 προτερήμασι

1061 1280 1110 1313 καῖ
1129 1286 1203 1322 αὐτῷ
1223 1286 1263 1322 τῷ
1282 1286 1329 1313 τοῦ
1352 1286 1476 1322 σώματος
1503 1288 1622 1323 σχήματι
1644 1287 1764 1314 τοιοῦτον
1783 1286 1854 1316 εἶναι

1061 1332 1284 1367 παρασκευάσας,
1296 1329 1351 1358 οἷον
1366 1333 1525 1368 ἐπιτηδείως
1538 1333 1605 1368 πρὸς
1621 1333 1758 1368 βασιλείαν
1769 1333 1812 1369 ἔχε
1818 1343 1851 1361 ιν.

1066 1377 1098 1404 Ἦ
1115 1378 1164 1413 μὲν
1178 1378 1232 1414 γὰρ
1248 1378 1320 1414 ψυχὴ
1329 1379 1359 1405 τὸ
1371 1378 1508 1413 βασιλικόν
1527 1388 1556 1406 τε
1570 1380 1616 1406 καὶ
1632 1380 1788 1415 ἐπηρμένον
1803 1381 1853 1406 αὑ-

1060 1423 1137 1450 τόθεν
1148 1424 1268 1450 δείκνυσι
1283 1424 1376 1460 πόρρω
1387 1425 1436 1460 τῆς
1450 1425 1587 1459 ἰδιωτικῆς
1600 1426 1792 1462 ταπεινότητος
1807 1435 1853 1453 κε-

1061 1470 1240 1505 χωρισμένον,
1265 1471 1297 1496 ὲκ
1319 1470 1366 1497 τοῦ
1383 1470 1528 1498 ἀδέσποτον
1547 1471 1631 1507 αὐτὴν
1643 1470 1711 1498 εἶναι
1726 1472 1771 1499 καὶ
1789 1473 1853 1499 αὐτ·

1058 1516 1188 1548 εξούσιον,
1204 1516 1277 1548 ἰδίοις
1290 1516 1352 1552 Θελή
1358 1525 1439 1552 μασιν
1450 1517 1689 1553 αὐτοκρατορικῶς
1699 1518 1853 1553 διοικουμέ-

1059 1570 1121 1597 νην.
1131 1562 1210 1594 Τίνος
1225 1562 1279 1598 γὰρ
1294 1562 1374 1589 ἄλλου
1389 1561 1535 1596 τοῦτο,’καὶ
1550 1564 1609 1598 οὐχὶ
1622 1563 1752 1598 βασιλέως
1760 1564 1851 1596 iactv;

1058 1607 1114 1634 Καὶ
1126 1607 1167 1634 έτι
1180 1607 1247 1642 πρὸς
1255 1607 1370 1640 τούτοις,
1384 1607 1414 1634 τὸ
1429 1609 1479 1643 τῆς
1492 1608 1708 1644 δυναστευούσης
1720 1609 1774 1635 τῶν
1787 1609 1852 1635 πάν-

1058 1662 1111 1680 των
1129 1653 1238 1687 φύσεως
1260 1653 1352 1680 εἰκόνα
1373 1654 1521 1688 γενέσθαι,
1537 1655 1613 1681 οὐδὲν
1625 1654 1718 1690 ἕτερόν
1734 1655 1817 1687 ἐστιν,
1832 1654 1849 1691 ἢ

1058 1699 1140 1731 εὐθὺς
1157 1699 1280 1734 βασιλίδα
1306 1699 1543 1735 δημιουργηθῆναι
1563 1699 1612 1735 τὴν
1633 1700 1724 1735 φύσιν.
1744 1700 1850 1736 ’Ὠσπερ

1058 1746 1113 1781 γὰρ
1128 1745 1200 1772 κατὰ
1217 1745 1267 1781 τὴν
1291 1745 1466 1782 ἀνθρωπίνην
1483 1746 1625 1781 συνήθειαν
1640 1746 1665 1772 οἱ
1681 1745 1730 1777 τὰς
1744 1746 1850 1778 εἰκόνας

1058 1791 1111 1818 τῶν
1124 1791 1298 1826 κρατούντων
1313 1791 1573 1823 κατασκευάζοντες,
1587 1791 1632 1818 τόν
1644 1800 1674 1818 τε
1688 1792 1850 1828 χαρακτῆρα

1057 1838 1107 1873 τῆς
1121 1838 1229 1873 μορφῆς
1243 1838 1458 1873 άναμάσσονται,
1471 1838 1518 1864 καὶ
1531 1839 1564 1873 τῇ
1576 1836 1706 1873 περιϐολῇ
1720 1837 1770 1872 τῆς
1784 1846 1849 1873 πορ-

1059 1883 1170 1918 φυρίδος
1189 1883 1238 1918 τὴν
1254 1883 1397 1919 βασιλικὴν
1410 1883 1488 1916 ἀξίαν
1504 1883 1786 1919 συμπαραγράφουσι,
1802 1884 1849 1910 καὶ

1058 1929 1166 1963 λέγεται
1176 1929 1247 1956 κατὰ
1263 1929 1407 1965 συνήθειαν
1421 1929 1495 1964 καὶὴ
1510 1929 1601 1962 εἰκὼν,
1619 1928 1744 1964 βασιλεύς
1754 1937 1760 1942 ·
1777 1929 1849 1956 οὕτω

1058 1977 1130 2013 καὶὴ
1143 1976 1300 2012 ἀνθρωπίνη
1309 1975 1400 2010 φύσις,
1417 1975 1508 2010 ἐπειδὴ
1520 1975 1588 2010 πρὸς
1596 1975 1645 2010 τὴν
1660 1975 1748 2010 ἀρχὴν
1762 1975 1846 2002 ἄλλω»

1058 2023 1286 2055 κατεσκευάζετο,
1301 2022 1345 2048 διὰ
1355 2022 1405 2057 τῆς
1420 2021 1488 2057 πρὸς
1503 2021 1548 2048 τὸν
1565 2021 1677 2056 βασιλέα
1690 2021 1737 2047 τοῦ
1748 2020 1847 2051 παντὸς

1058 2070 1226 2104 ὁμοιότητος,
1238 2066 1294 2094 οἷόν
1310 2076 1352 2100 τις
1367 2068 1487 2103 ἔμψυχος
1499 2067 1581 2093 εἰκὼν
1592 2067 1738 2102 άνεπάθη,
1751 2076 1848 2094 κοινω-

1059 2115 1143 2143 νοῦσα
1161 2115 1200 2150 τῷ
1215 2114 1362 2150 ἀρχετύπῳ
1382 2114 1430 2140 καὶ
1449 2113 1499 2149 τῆς
1519 2113 1598 2147 ἀξίας
1622 2113 1667 2140 καὶ
1683 2112 1730 2139 τοῦ
1750 2112 1848 2148 ὀνόμα-

1060 2170 1121 2193 τος·
1140 2162 1170 2187 οὐ
1190 2160 1343 2196 πορφυρίδα
1362 2160 1553 2195 περικειμένη,
1573 2159 1632 2186 οὐδὲ
1648 2160 1780 2195 σκήπτρῳ
1801 2159 1848 2186 καὶ

1057 2207 1204 2242 διαδήματι
1231 2206 1280 2242 τὴν
1302 2205 1379 2238 ἀξίαν
1400 2205 1619 2241 ὲπισημαίνουσα
1643 2203 1726 2240 (οὐδὲ
1745 2206 1798 2241 γὰρ
1818 2205 1848 2232 τὴ

1057 2252 1211 2288 ἀρχέτυπον
1237 2252 1265 2278 ἐν
1293 2251 1400 2282 τούτοις
1423 2251 1535 2287 ἐστὶν),
1553 2251 1609 2279 ἀλλ’
1632 2251 1693 2277 ἀντὶ
1721 2251 1769 2284 μὲν
1796 2250 1847 2284 τῆς

1059 2297 1217 2333 ἁλουργίδας
1242 2297 1292 2332 τὴν
1311 2296 1412 2331 ἀρετὴν
1438 2297 1629 2332 ἠμφιεσμένη,
1651 2296 1665 2322 ὃ
1685 2296 1716 2331 δὴ
1737 2295 1846 2323 πάντων

1059 2343 1272 2379 βασιλικώτατον
1293 2343 1455 2378 ἐσθημάτων
1467 2342 1554 2368 ἐστίν’
1571 2342 1631 2369 ἀντὶ
1649 2342 1676 2368 δὲ
1694 2341 1741 2368 τοῦ
1758 2343 1846 2377 σκήπ-

1059 2398 1125 2425 τρου
1135 2390 1168 2424 τῇ
1185 2389 1365 2424 μακαριότητι
1377 2388 1427 2423 τῆς
1440 2388 1589 2419 ἀθανασίας
1599 2388 1757 2423 ἐρειδομένη
1768 2395 1775 2402 ·
1787 2388 1846 2415 ἀντὶ

1058 2436 1086 2461 δὲ
1102 2435 1148 2461 τοῦ
1164 2434 1302 2469 βασιλικοῦ
1313 2434 1478 2469 διαδήματος
1489 2433 1528 2468 τῷ
1541 2433 1589 2468 τῆς
1601 2433 1772 2469 δικαιοσύνης
1789 2443 1846 2460 στε-

1061 2482 1136 2516 φάνῳ
1153 2480 1359 2516 κεκοσμημένη,
1376 2480 1445 2506 ὥστε
1459 2480 1503 2506 διὰ
1520 2479 1628 2506 πάντων
1641 2480 1670 2505 ὲν
1688 2479 1725 2514 τῷ
1738 2480 1786 2514 τῆς
1801 2479 1846 2514 βα-

1062 2526 1162 2558 σιλείας
1186 2525 1322 2561 ἀξιώματι
1340 2524 1495 2552 δείκνυσθαι
1513 2524 1546 2551 δι“
1564 2524 1709 2560 ἅκριὸείας
1726 2525 1794 2559 πρὸς
1817 2525 1847 2551 τὸ

1061 2572 1214 2608 ἀρχέτυπον
1227 2571 1324 2601 κάλλος
1340 2569 1528 2605 όμοιωθεῖσαν.

217 2622 345 2653 sceptro.
361 2617 508 2645 immortali
527 2618 657 2646 beatitate
672 2619 782 2646 sutlulta
797 2628 803 2645 :
824 2626 872 2653 pro
889 2619 962 2653 regia
980 2618 1064 2646 fascia
1075 2639 1082 2650 ,
1097 2618 1211 2652 iustitiae
1226 2624 1327 2644 corona
1356 2620 1497 2644 exornata.
1523 2615 1644 2650 Denique
1662 2616 1695 2643 de
1719 2616 1847 2643 omnibus

217 2674 278 2702 quae
295 2665 429 2700 maiestati
448 2665 529 2700 regiae
543 2666 726 2698 conveniunt,
746 2670 874 2700 apparet,
902 2673 983 2692 unam
1009 2667 1078 2693 hanc
1105 2665 1267 2700 imaginem,
1287 2663 1519 2699 pulchritudinem
1535 2663 1667 2698 principis
1683 2664 1846 2698 exemplaris

218 2718 342 2742 accurate
358 2713 469 2741 referre.

252 2793 312 2810 ἐ’-⁸ο
326 2793 393 2820 Gen.
412 2800 430 2825 ι,
444 2793 488 2821 26.
