1976 3077
116 141 165 168 ίΖΊ

378 198 574 225 ΚΕΦΑΛΑΙΟΝ
596 198 631 223 Ε’.

113 242 179 271 ὀτι
195 244 326 278 ὁμοίωμα
345 243 401 277 τῆς
423 244 503 276 θείας
517 243 679 275 ,βασιλείας
696 244 710 269 ό
731 242 894 276 ἄνθρωπος.
914 248 936 275 Α

148 290 185 316 Τδ
199 289 227 316 δὲ
247 289 318 316 θεῖον
337 289 435 321 κάλλος
447 289 477 316 οὐ
496 288 614 324 σχήματί
635 297 703 320 τινι,
727 289 772 314 καὶ
788 289 894 323 μορφῆς

114 335 254 371 εὐμοιρίᾳ,
278 334 321 362 διά
341 343 414 366 τινος
439 334 563 369 εὐχροίας
587 333 759 367 ἀγλαΐζεται,
785 333 841 359 ἀλλ’
867 333 897 360 ὲν

113 379 243 414 άφράστῳ
256 378 436 414 μακαριότητι
450 379 508 405 κατ’
518 378 615 414 ἀρετὴν
624 378 774 413 θεωρεῖται.
792 378 896 412 Ὠσπερ

113 423 201 450 τοίνυν
215 424 264 455 τὰς
279 421 452 459 ἀνθρωπίνας
468 423 573 458 μορφὰς
586 422 630 449 διὰ
644 423 797 458 χρωμάτων
814 422 896 449 τινῶν

114 468 159 494 ἐπὶ
175 469 237 500 τοὺς
261 469 377 498 πίνακας
389 469 414 494 οἱ
429 469 544 504 γραφεῖς
570 468 769 503 μεταφέρουσι,
782 468 831 499 τὰς
858 469 897 494 οι-

114 513 189 544 κείας
205 522 234 539 τε
252 513 297 540 καὶ
319 513 503 548 καταλλήλους
529 513 617 548 βαφὰς
640 513 835 548 ἀπαλείφοντες
857 512 896 548 τῷ

115 559 269 594 μιμήματι,
282 559 319 590 ὡς
334 558 366 585 ἂν
381 559 413 585 δι’
434 558 574 593 ἀκριϐείας
589 558 619 584 τὸ
633 558 784 593 ἀρχέτυπον
800 557 910 590 κάλλος

115 604 287 639 μετενεχθείη
301 603 369 639 πρὸς
379 604 409 630 τὸ
420 605 545 639 ὁμοίωμα
559 612 566 619 ·
577 603 648 631 οὕτω
664 612 708 639 μοι
721 604 776 630 νόει
791 604 838 630 καὶ
851 603 896 630 τὸν

68 662 76 674 ι
113 650 246 685 ἡμέτερον
262 650 394 685 πλάστην,
411 649 466 676 οἷόν
481 659 535 676 τισι
550 649 648 685 βαφαῖς
663 651 696 685 τῇ
718 649 771 677 τῶν
793 649 897 685 ἀρετῶν

113 695 224 731 ἐπιδολῇ
233 696 299 731 πρὸς
306 696 336 722 τὸ
347 696 410 722 [διον
419 695 516 727 κάλλος
521 695 570 730 τὴν
577 695 667 722 εἰκόνα
676 694 897 731 περιανθίσαντα,

113 741 141 767 ὲν
155 742 220 776 ἡμῖν
231 741 314 773 δεῖξαι
332 741 379 776 τὴν
393 740 460 768 ἰδίαν
478 741 574 776 ἀρχὴν.
590 740 719 775 Πολυειδῆ
733 741 760 767 δὲ
773 740 820 767 καὶ
838 748 897 766 ποι-

113 788 175 814 κίλα
187 788 222 814 τὰ
231 789 312 815 οἱονεὶ
323 788 455 824 χρώματα
466 789 516 822 τῆς
529 786 642 819 εἰκόνος,
655 787 688 813 δι’
703 785 740 814 ὧν
752 788 768 822 ὴ
783 787 896 822 ἀληθινὴ

113 833 353 867 ἀναζωγραφεῖται
369 833 460 868 μορψὴ
471 853 479 865 ,
495 834 545 860 οὐκ
557 833 699 869 ὲρύθρημα
714 833 761 858 καὶ
775 832 898 868 λαμπρό-

113 887 171 913 της,
183 878 229 904 καὶ
243 879 259 914 ἡ
275 879 338 905 ποιὰ
348 879 449 905 τούτων
461 879 528 914 πρὸς
539 878 640 914 ἄλληλα
656 877 738 913 μίξις,
753 877 813 904 οὐδέ
825 886 897 909 τινος

115 924 227 958 μέλανος
241 924 385 959 ὑπογραφὴ
405 924 492 959 ὀφρύν
509 933 538 950 τε
556 924 602 950 καὶ
618 924 773 960 ὀφθαλμοὺς
788 924 898 951 ὑπαλει-

114 977 211 1003 φουσα,
224 970 271 996 καὶ
285 970 354 996 κατά
370 978 430 996 τινα
447 970 544 1005 κρᾶσιν
560 970 592 996 τὰ
609 970 685 996 κοῖλα
698 969 744 996 τοῦ
758 969 898 1005 χαρακτῆ-

116 1022 160 1049 ρος
171 1014 381 1046 ὑποσκιάζουσα,
395 1015 442 1040 καὶ
455 1015 505 1040 ὅσα
519 1013 630 1041 τοιαῦτα
644 1015 796 1049 ζωγράφων
806 1016 896 1050 χεῖρες

114 1061 327 1095 ὲπετεχνήσαντο
337 1068 344 1075 ·
368 1060 424 1087 ἀλλ’
438 1060 497 1087 ἀντὶ
514 1060 616 1086 τούτων
635 1060 788 1095 καθαρότης
800 1081 807 1092 ,
823 1060 896 1087 ἀπά-

113 1105 174 1132 θεια
186 1125 193 1137 ,
212 1106 394 1141 μακαριότης,
414 1106 499 1132 κακοῦ
518 1106 618 1137 irati-rb;
639 1105 825 1140 ἀλλοτρίωσις,
849 1106 896 1132 καὶ

112 1151 161 1178 ὅσα
175 1151 221 1178 τοῦ
235 1151 355 1178 τοιούτου
375 1152 469 1186 γένους
484 1152 551 1183 ἐστὶ,
569 1152 602 1178 δι’
624 1149 661 1178 ὧν
678 1151 826 1187 μορφοῦται
840 1153 896 1183 τοῖς

112 1195 265 1231 ἀνθρώποις
279 1198 294 1232 ἡ
306 1197 373 1232 πρὸς
384 1197 413 1223 τὸ
426 1197 502 1224 Θετον
517 1197 654 1232 ὁμοίωσις.
669 1197 804 1228 Τοιούτοις
819 1197 896 1224 ἄνθε-

113 1248 155 1268 σιν
170 1242 183 1266 ό
196 1241 359 1276 δημιουργὸς
372 1242 420 1276 τῆς
434 1242 502 1273 ιδίας
526 1242 628 1273 είκόνυς
639 1241 688 1277 τὴν
702 1243 841 1277 ἡμετέραν
855 1241 894 1268 δι-

113 1285 228 1321 εχάραξε
243 1286 332 1320 φύσιν.
354 1287 385 1314 El
403 1286 432 1313 δὲ
448 1287 539 1314 καὶτὰ
557 1287 624 1314 ἄλλα
643 1286 846 1320 συνεξετάζοις,
862 1287 896 1314 δι’

112 1327 151 1358 ὧν
170 1331 199 1357 τὸ
219 1331 290 1358 θεῖον
311 1331 409 1363 κάλλος
426 1331 675 1367 χαρακτηρίζεται·
699 1332 825 1368 εὑρήσεις
850 1332 897 1358 καὶ

113 1376 180 1412 πρὺς
191 1378 280 1404 ἐκεῖνα
291 1378 324 1404 δι’
339 1378 480 1413 ἀκριϐείας
498 1377 653 1413 σωζομένην
662 1379 690 1405 ὲν
703 1379 736 1412 τῇ
748 1377 809 1404 καθ’
823 1377 896 1412 ἡμᾶς

53 1419 100 1463 /
112 1422 196 1448 εικόνι
205 1422 254 1457 τὴν
265 1422 420 1458 ὁμοιότητα,
434 1422 503 1454 Νοῦς
517 1423 563 1449 καὶ
577 1423 656 1457 λόγος
669 1422 798 1458 ἠθειότης
812 1422 895 1449 ἐστιν’

112 1469 142 1496 ιν
163 1468 233 1504 ἀρχῇ
251 1476 280 1493 τε
296 1467 350 1503 γὰρ
363 1466 397 1503 ἦν
413 1468 427 1494 ό
444 1469 538 1502 Λόγος.
555 1469 609 1495 Καὶ
626 1469 651 1495 οἱ
672 1469 809 1504 προφῆται
827 1468 896 1495 κατὰ

114 1513 218 1539 Παῦλον
230 1512 292 1540 νοῦν
304 1513 422 1549 Χριστοῦ
434 1513 534 1547 ἔχουσι,
550 1513 595 1539 τὸν
610 1514 639 1539 ὲν
653 1513 744 1544 αὐτοῖς
755 1512 895 1540 λαλοῦντα.

112 1557 150 1584 Οὐ
174 1557 268 1594 πόρρω
288 1557 389 1584 τούτων
415 1559 461 1584 καὶ
485 1558 515 1584 τὺ
541 1557 720 1593 ἀνθρώπινον.
755 1559 836 1592 Ὁρᾷς
867 1559 896 1584 ὲν

113 1602 218 1638 σεαυτῷ
231 1603 332 1630 καὶτὸν
347 1603 448 1637 λόγον,-
458 1604 504 1630 καὶ
517 1603 646 1636 διάνοιαν,
663 1604 775 1639 μίμημα
790 1604 836 1629 τοῦ
853 1603 896 1630 ὄν-

111 1657 165 1680 τως
189 1649 234 1676 νοῦ
256 1658 285 1675 τε
308 1650 355 1677 καὶ
380 1649 470 1683 λόγου.
495 1649 600 1685 Ἀγάπη
618 1649 699 1676 πάλιν
718 1651 732 1676 ό
745 1649 831 1681 Θεὸς,
850 1650 897 1676 καὶ

112 1692 221 1728 ἀγάπης
242 1694 328 1729 πηγή.
343 1694 494 1729 Τοῦτοξγάρ
519 1702 600 1730 φησιν
622 1694 748 1729 Ἰωάννης
763 1695 778 1721 ό
798 1694 895 1729 μέγας,

112 1737 153 1763 ὃτι
165 1747 173 1763 ι
183 1737 290 1774 Ἀγάπη
298 1740 329 1765 ὲκ
338 1738 383 1764 τοῦ
392 1739 457 1765 Θεοῦ
465 1747 472 1754 ο
485 1749 493 1765 ι
506 1739 563 1771 καὶ,
574 1749 582 1765 ι
595 1739 623 1765 ὐ
632 1739 697 1768 Θεὸς,
707 1740 799 1774 ἀγάπη
807 1740 864 1766 ἐστι
872 1748 877 1754 '
886 1749 895 1765 t

97 1810 101 1814 ,
112 1782 191 1809 τοῦτο
201 1784 248 1810 καὶ
259 1785 391 1819 ἡμέτερον
403 1785 547 1820 πεποίηται
557 1785 702 1820 πρόσωπον
709 1786 724 1812 ὁ
733 1785 782 1820 τῆς
792 1785 899 1819 φύσεως

113 1827 244 1863 πλάστης.
258 1839 267 1854 1
279 1830 324 1856 Ἐν
332 1829 418 1864 τούτῳ
428 1840 436 1856 t
447 1830 512 1865 γὰρ,
523 1831 599 1865 φησι,
609 1839 618 1856 ί
629 1829 777 1864 γνώσονται
790 1831 898 1864 πάντες,

111 1873 153 1901 ὃτι
169 1874 285 1909 μαθηταί
302 1883 353 1909 μου
369 1875 441 1905 ἐστὲ,
459 1876 506 1901 ἐὰν
522 1876 645 1909 ἀγαπᾶτε
661 1875 800 1910 ἀλλήλους.
813 1886 822 1901 ι
850 1877 899 1903 Οὑ-

112 1917 178 1944 κοῦν
195 1918 231 1952 μὴ
248 1918 388 1953 παρούσης
403 1918 515 1954 ταύτης,
531 1918 602 1950 ἄπας
618 1920 632 1945 ὁ
648 1919 789 1955 χαρακτὴρ
799 1919 849 1954 τῆς
860 1920 899 1946 εί-

113 1963 191 1995 κόνος
212 1964 436 2000 μεταπεποίηται.
459 1965 551 1992 Πάντα
573 1965 731 1998 meum,
748 1966 795 1992 ml.
810 1965 898 1992 πάντα

113 2009 242 2036 ἐπακούει
254 2010 284 2036 τὸ
298 2010 384 2042 Θεῖον,
397 2011 444 2038 καὶ
455 2011 542 2038 πάντα
550 2011 729 2047 διερευνᾶται.
743 2012 836 2046 Ἔχεις
849 2011 898 2038 καὶ

113 2055 148 2081 σὺ
164 2055 213 2091 τὴν
227 2056 261 2083 δι’
287 2056 373 2091 ὂψεως
393 2058 439 2083 καὶ
454 2057 539 2092 ἀκοῆς
560 2058 613 2084 τῶν
635 2057 719 2084 όντων
734 2056 876 2093 ἀντίληψιν
888 2077 895 2090 ,

113 2101 161 2127 καὶ
178 2101 227 2136 τὴν
246 2101 395 2137 ζητητικίιν
410 2110 439 2130 τε
459 2103 506 2130 καὶ
524 2103 728 2139 διερευνητικὴν
743 2103 797 2130 τῶν
811 2103 896 2130 ὄντων

112 2147 242 2173 διάνοιαν.

747 137 789 164 DE
814 136 954 164 IIOMISIS
979 137 1131 165 OPIHCIO.

910 1537 934 1571 ο

1134 57 1171 69 κς

1681 137 1730 166 ίῦΰ

1259 197 1371 225 CAPUT
1388 198 1419 224 V.
1701 201 1703 203 '

1017 242 1156 269 Hominem
1173 242 1254 270 divini
1272 243 1374 277 imperii
1390 244 1527 278 imaginem
1543 243 1671 271 exhibere.

986 288 1119 314 Caeterum
1135 288 1309 322 pulchritudo
1325 288 1370 315 illa
1389 289 1490 321 divina,
1508 297 1561 316 non
1576 289 1628 316 ulla
1645 289 1730 316 forma

952 334 992 360 vel
1016 334 1114 361 eximia
1138 337 1280 361 venustate
1305 337 1417 360 externa
1443 334 1605 368 resplendet,
1634 334 1681 362 sed
1704 335 1731 362 in

951 377 1079 405 beatitate
1108 378 1256 406 secundum
1281 378 1408 405 virtutem
1437 377 1566 405 inell‘ahili
1594 379 1730 406 consistit.

952 421 1054 449 ldcirco
1076 422 1302 457 quemadmodum
1319 422 1437 457 pictores
1452 422 1590 449 coloribus
1616 423 1727 457 quibus-

951 467 1014 494 dam
1030 467 1131 503 ﬁguras
1147 468 1281 496 humanas
1298 468 1325 495 in
1346 468 1444 495 tabulis
1458 468 1623 503 exprimunt,
1644 468 1732 495 omni-

951 520 1004 547 que
1019 513 1109 541 studio
1120 513 1226 541 colores
1238 514 1366 549 proprios
1381 518 1407 541 et
1424 514 1619 541 convenientes
1633 513 1732 541 addere

952 557 1065 593 pictura:
1091 566 1147 586 suze
1176 564 1320 590 conantur,
1347 564 1376 587 ut
1402 558 1632 594 pulchritudittem
1661 558 1731 592 ejus,

950 602 1022 637 quod
1035 603 1200 637 expritnunt,
1215 604 1388 638 exemplaris,
1401 607 1527 631 accurate
1542 603 1569 630 in
1588 603 1732 637 imaginem

950 648 1037 683 ipsam
1055 648 1221 677 transferant
1236 658 1242 676 :
1268 648 1307 676 sic
1322 653 1444 677 nostrum
1459 649 1540 677 etiam
1564 648 1731 676 conditorem

949 695 1130 728 existimabis,
1157 695 1293 723 indentem
1313 696 1427 723 virtutes
1441 695 1539 722 anitnis
1556 694 1668 725 nostris,
1685 693 1733 720 iis-

950 739 1011 768 dem
1034 741 1115 768 veluti
1133 741 1270 769 coloribus
1288 742 1431 777 imaginem
1456 748 1532 768 suam
1550 741 1583 767 ad
1604 739 1733 767 similitu-

950 786 1041 814 dinem
1061 787 1177 822 proprize
1201 788 1411 822 pulchritudinis
1434 794 1559 819 ornasse,
1581 791 1611 813 ut
1630 786 1732 820 princi-

951 836 1030 867 patus
1045 834 1088 860 sui
1104 834 1193 869 imago
1205 834 1232 861 in
1246 835 1325 862 nobis
1336 834 1546 869 perspiceretur.
1560 833 1629 861 Sunt
1643 837 1731 860 autent

948 878 1113 913 multiplices
1136 886 1167 907 ac
1187 880 1254 907 varii
1274 880 1357 914 hujus
1381 880 1506 914 imaginis
1532 879 1647 911 colores.
1670 879 1732 914 qui-

948 922 1000 950 bus
1023 923 1113 950 nativa
1129 923 1175 952 Dei
1200 924 1286 952 forma
1301 925 1333 952 ad
1350 926 1439 953 vivum
1466 925 1629 960 exprimitur
1645 934 1652 952 :
1677 932 1731 952 non

948 967 987 994 illi
1007 968 1115 1002 quidem
1134 970 1176 997 vel
1205 969 1298 1002 ruhor,
1319 970 1361 997 vel
1387 969 1525 1005 splendor,
1541 970 1584 997 vel
1601 970 1671 996 facta
1687 977 1732 997 se-

946 1012 1066 1039 cundum
1089 1013 1251 1048 qualitatum
1269 1015 1469 1050 proportionem
1493 1015 1590 1042 horum
1617 1014 1688 1041 inter
1703 1021 1733 1041 se

946 1057 1112 1090 commistio,
1127 1059 1170 1085 vel
1186 1059 1329 1086 atramenti
1347 1059 1380 1086 ad
1399 1059 1491 1087 fucum
1509 1059 1664 1094 usurpatio,
1679 1067 1731 1094 qua

946 1103 1091 1138 supercilia
1111 1104 1217 1132 oculive
1241 1105 1424 1137 sublinantur,
1446 1113 1478 1133 ac
1496 1105 1615 1140 quodatn
1631 1109 1732 1139 tempe-

946 1153 1071 1176 ramento
1084 1153 1175 1184 partcs
1188 1150 1324 1185 depressa:
1338 1151 1491 1178 sublustres
1509 1150 1668 1184 reddantur,
1690 1151 1730 1178 vel

946 1195 969 1222 si
984 1195 1049 1230 quid
1064 1198 1106 1222 est
1121 1195 1277 1230 ltujusmodi
1295 1197 1366 1231 quod
1384 1196 1517 1224 artiﬁcum
1536 1196 1671 1224 industria
1687 1205 1731 1224 re-

947 1241 1017 1275 perit
1033 1249 1038 1264 :
1060 1241 1106 1269 sed
1121 1241 1239 1276 puritas,
1258 1242 1416 1269 immunitas
1429 1250 1444 1269 a
1468 1243 1730 1277 perturbationibus,

946 1285 1096 1318 beatitudo,
1120 1286 1241 1314 conditio
1258 1287 1322 1314 mali
1343 1288 1432 1315 omnis
1449 1295 1555 1322 expers,
1573 1292 1600 1315 et
1616 1288 1659 1316 ltis
1681 1289 1732 1316 alia

948 1331 1112 1364 consimilia,
1144 1339 1206 1366 qua:
1232 1332 1369 1360 hominem
1405 1332 1457 1360 Deo
1483 1340 1574 1368 parem
1602 1333 1731 1362 eliiciunt.

948 1376 1089 1411 Ejusmodi
1116 1376 1230 1404 ﬂoribus
1254 1377 1394 1405 hominum
1422 1383 1547 1406 naturam
1570 1379 1667 1408 artifex
1689 1380 1733 1408 ille

948 1421 1065 1456 propriae
1078 1421 1204 1457 imaginis
1220 1422 1339 1450 ornavit.
1354 1423 1432 1457 Quod
1451 1423 1473 1452 si
1487 1427 1514 1450 et
1531 1425 1581 1450 alia
1593 1424 1657 1452 libet
1672 1433 1734 1460 per-

948 1467 1068 1501 quirere,
1077 1468 1184 1502 quibus
1197 1467 1288 1495 divina
1301 1468 1475 1503 pulchritudo
1492 1469 1674 1503 exprimitur:
1692 1470 1734 1496 in-

950 1511 1053 1546 telliges
1081 1511 1163 1539 etiam
1188 1512 1235 1539 illa
1256 1513 1329 1548 quod
1348 1514 1455 1546 attinet,
1481 1513 1687 1541 similitudinem
1706 1515 1732 1542 in

949 1557 1069 1592 imagine
1085 1561 1179 1585 nostra
1193 1562 1321 1586 accurate
1333 1563 1468 1586 servatam
1491 1567 1562 1588 esse.
1586 1560 1616 1587 ln
1637 1564 1734 1588 natura

950 1602 1042 1629 divina
1053 1606 1094 1630 est
1111 1610 1188 1630 mens
1201 1607 1227 1630 et
1242 1610 1342 1632 sermo.
1356 1605 1404 1632 Est
1415 1605 1486 1632 enint
1503 1606 1589 1633 sacris
1606 1606 1633 1633 in
1648 1606 1735 1634 Litte-

950 1647 988 1689 ris
1003 1648 1152 1683 proditum,
1166 1649 1244 1676 initio
1259 1657 1348 1676 rerum
1361 1651 1519 1679 Sermonem
1533 1652 1588 1686 jam
1603 1652 1688 1681 fuisse
1700 1653 1732 1680 δ’.

949 1692 1052 1721 Paulus
1068 1694 1149 1721 etiam
1165 1698 1242 1722 vates
1253 1695 1354 1722 Christi
1368 1700 1484 1724 ntetttem
1500 1697 1630 1725 habuisse
1641 1699 1732 1731 tradit,

951 1747 999 1774 per
1015 1746 1063 1767 eos
1086 1739 1242 1774 loquentem
1255 1740 1287 1767 ".
1304 1740 1522 1769 Consentaneum
1547 1743 1589 1770 his
1604 1743 1734 1778 quiddam

950 1788 992 1813 est
1006 1785 1033 1812 in
1049 1785 1174 1820 homine,
1192 1785 1259 1813 Nam
1274 1786 1302 1813 in
1325 1787 1414 1822 teipso
1430 1787 1624 1816 animadvertis
1637 1794 1664 1816 et
1675 1797 1735 1817 ser-

950 1838 1058 1858 monem
1074 1838 1146 1863 esse,
1166 1836 1193 1858 et
1211 1832 1264 1858 vim
1288 1832 1493 1868 intelligentcm,
1505 1841 1565 1868 quae
1584 1839 1648 1862 sunt
1663 1842 1734 1863 verae

950 1874 1024 1902 illius
1036 1876 1135 1902 mentis
1149 1880 1177 1902 et
1188 1877 1323 1904 sertnonis
1337 1877 1434 1911 imago.
1449 1878 1521 1906 Deus
1538 1879 1601 1909 item
1614 1879 1734 1908 Charitas

949 1924 1003 1953 est,
1022 1926 1049 1948 et.
1067 1920 1129 1948 fons
1147 1921 1206 1956 ipse
1225 1923 1326 1950 amoris
1350 1925 1446 1950 mutui.
1471 1924 1516 1951 Sic
1531 1925 1603 1952 enim
1619 1933 1734 1961 magnus

950 1967 994 1994 ille
1007 1966 1127 1994 Joannes
1143 1968 1274 2002 loquitur,
1293 1975 1355 1996 cum
1370 1970 1407 1996 ait
1422 1978 1429 1995 :
1452 1980 1460 1996 I
1472 1970 1509 1997 Ex
1526 1971 1578 1999 Deo
1592 1975 1633 2000 est
1645 1972 1734 2000 chari-

949 2017 1017 2045 tasn
1029 2017 1066 2045 et,
1081 2022 1090 2039 ε
1102 2013 1173 2041 Deus
1185 2014 1241 2048 ipse
1251 2014 1318 2042 nihil
1330 2016 1453 2044 estaliud
1465 2025 1544 2052 quatn
1556 2018 1675 2047 charitas
1683 2019 1731 2047 “.t

948 2058 1036 2086 Etiam
1052 2059 1123 2086 hattc
1140 2059 1221 2088 faciei
1236 2067 1336 2089 nostrae
1349 2067 1440 2089 notam
1456 2071 1546 2091 rerum
1559 2063 1672 2092 Creator
1688 2065 1734 2092 int-

947 2105 1066 2139 pressit:
1091 2105 1183 2141 itaque
1201 2107 1310 2142 inquit:
1330 2116 1339 2133 ι
1358 2109 1397 2135 Ex
1418 2116 1450 2136 eo
1464 2109 1614 2145 intelligent
1628 2119 1733 2145 omnes,

947 2157 997 2178 vos
1023 2158 1099 2179 meos
1124 2159 1186 2179 esse
1208 2152 1368 2196 discipulos,
1399 2154 1421 2181 si
1449 2159 1543 2182 ntutuo
1569 2164 1617 2183 vos
1642 2163 1734 2184 amore

113 2192 323 2227 complectimini
335 2194 367 2221 ".
386 2204 395 2220 ι
418 2194 521 2223 Idcirco
535 2195 557 2222 si
572 2199 684 2222 mutuus
702 2195 745 2222 hic
760 2202 837 2222 antor
853 2194 880 2222 in
892 2195 971 2223 nobis
985 2196 1165 2230 desideretur,
1183 2198 1266 2225 totius
1282 2192 1407 2233 imaginis
1420 2204 1490 2227 nota:
1507 2204 1616 2228 mutatae
1630 2201 1734 2230 scilicet

113 2242 204 2266 erunt.
218 2239 316 2267 Omnia
335 2241 457 2269 intuetur
469 2242 590 2269 divinum
613 2241 730 2275 Numen,
745 2242 837 2269 omnia
862 2242 984 2276 exaudit,
1011 2244 1102 2270 omnia
1132 2249 1328 2278 perscrutatur.
1355 2245 1442 2272 Etiam
1467 2251 1494 2274 tu
1512 2247 1570 2274 visu
1588 2248 1735 2284 audituque

113 2292 159 2313 res
173 2286 300 2322 percipis,
319 2291 345 2315 et
362 2281 460 2317 mentis
475 2289 651 2324 intelligentia
670 2289 796 2317 universa
812 2289 928 2324 inquiris
941 2293 968 2317 et
980 2291 1170 2324 perscrutaris.

375 2334 571 2361 ΚΕΦΛΛΑΙΟΝ
585 2336 630 2368 ς’.

1259 2337 1373 2365 CAPUT
1392 2337 1434 2364 Vl.

120 2377 275 2420 Ἕξέςασις
289 2379 344 2420 τῇς
366 2380 418 2420 τοῦ
433 2380 488 2407 νοῦ
501 2380 585 2420 ‘gpdq
602 2380 665 2420 fit?
687 2381 782 2420 ςξψσιν
796 2388 897 2420 qur-[e-

951 2378 1122 2420 Cognutionia
1143 2388 1202 2420 quw_
1222 2383 1302 2420 menti
1318 2391 1375 2409 rum
1392 2389 1489 2410 natura
1511 2389 1560 2416 est,
1581 2385 1733 2420 indagatio,-

148 2413 240 2451 νείμς,
254 2414 289 2440 ὲν
295 2411 378 2451 ᾦζκαὶ
388 2415 422 2441 ἐκ
430 2411 562 2449 παρόδου
573 2411 611 2441 τὸ
625 2411 851 2451 ἑᾶννἊν-ομοίωνἱ
860 2411 901 2444 δι-

148 2448 299 2484 ελέγχει-αι
313 2449 415 2485 δόγμα.

149 2492 202 2518 Καί
218 2501 251 2527 με
269 2493 363 2528 μηδεὶς
376 2494 472 2521 οἰέσθω
494 2495 555 2521 καθ’
571 2495 717 2530 ὁμοιότητα
732 2495 781 2529 τῆς
793 2494 898 2529 ἀνθρω-

114 2537 194 2571 πίνης
206 2537 343 2573 ἐνεργείας
352 2540 380 2565 ὲν
390 2539 528 2575 διαφόροις
541 2539 670 2574 δυνάμεσι
682 2540 711 2566 τὸ
724 2539 800 2566 Θείον
811 2539 899 2573 λέγειν

113 2581 169 2608 τῶν
183 2582 266 2609 όντων
283 2584 461 2617 ἐφάπτεσθαι.
479 2585 516 2611 Οὐ
534 2584 587 2620 γάρ
606 2586 665 2611 ἐστι
692 2583 802 2611 δυνατὸν
820 2585 849 2611 ἐν
862 2585 896 2620 τῇ

113 2627 244 2663 ἁπλότητι
258 2629 306 2665 τῆς
319 2629 460 2666 θειότητος
474 2630 505 2657 sb
519 2630 640 2657 ποικίλον
653 2639 683 2656 τε
699 2630 745 2657 καὶ
759 2628 896 2661 πολυειδὲς

112 2671 163 2707 τῆς
186 2673 381 2709 ἀντιληπτικῆς
407 2675 546 2710 ἐνεργείας
562 2675 737 2710 κατανοῆσαι.
752 2674 821 2701 Οὐδὲ
842 2674 896 2709 γὰρ

112 2717 179 2752 ἡμῖν
203 2718 297 2746 πολλαί
318 2719 390 2751 τινές
407 2721 475 2748 εἰσιν
489 2721 518 2747 αἱ
541 2720 733 2755 ἀντιληπτικαλ
751 2720 804 2746 τῶν
827 2728 898 2755 πρα-

113 2761 225 2797 γμάτιον
237 2763 376 2799 δυνάμεις,
394 2765 418 2791 εί
431 2765 476 2791 καὶ
489 2765 664 2800 πολυτρόπως
676 2764 719 2791 διὰ
734 2764 788 2791 τῶν
802 2764 898 2800 αἰσθή-

152 2828 174 2846 ⁸³
188 2828 268 2857 Joan.
284 2838 302 2864 I,
323 2831 348 2858 Ι.
392 2832 414 2848 ⁸³
430 2832 439 2859 l
456 2832 520 2859 Cor.
537 2841 586 2865 vn,
601 2833 650 2865 40;
671 2832 692 2859 ll
706 2833 768 2860 Cor.
790 2839 849 2867 xm,
866 2832 892 2859 3.

233 2879 367 2910 PHROL.
391 2880 451 2912 Gn.
474 2880 581 2912 XLIV.

987 2415 1031 2453 ubi
1045 2415 1127 2453 obiler
1146 2415 1170 2453 et
1192 2417 1384 2450 hwreticorum,
1407 2420 1451 2452 qui
1465 2415 1583 2446 Anomiei
1599 2415 1732 2453 dicuntur;

985 2449 1107 2477 doctrina
1122 2451 1264 2485 refutalur.

985 2493 1070 2523 Nemo
1085 2499 1173 2522 autem
1191 2496 1330 2524 existimet
1350 2497 1385 2524 iza
1399 2506 1441 2526 me
1457 2498 1540 2534 loqui.
1557 2500 1633 2534 quasi
1649 2500 1732 2529 Detun

950 2544 1067 2567 statuam
1084 2541 1124 2568 sic
1150 2549 1240 2576 agerc,
1255 2546 1283 2568 ιιι
1312 2543 1449 2571 hominem
1474 2545 1597 2572 videmus
1619 2545 1734 2574 diversis

950 2585 1125 2614 facultatibus
1161 2586 1188 2614 in
1219 2588 1325 2623 agendo
1353 2589 1402 2616 uti.
1435 2589 1492 2617 Non
1520 2591 1592 2618 cnint
1626 2590 1667 2618 fas
1692 2596 1736 2620 est

950 2629 984 2657 de
1011 2629 1084 2662 Deo.
1115 2630 1195 2665 cujus
1219 2636 1262 2659 est
1294 2637 1389 2660 natura
1423 2634 1534 2669 simplex
1552 2654 1560 2666 ,
1596 2635 1733 2670 cogitare:

950 2675 1029 2709 quasi
1057 2675 1133 2702 varia
1158 2676 1357 2711 multiplicique
1370 2677 1496 2706 facultate
1510 2680 1638 2714 praeditus
1654 2688 1736 2714 agona

950 2720 978 2747 di
1006 2721 1049 2747 sit.
1078 2720 1144 2748 Nam
1175 2722 1197 2749 si
1225 2722 1252 2749 in
1267 2723 1345 2751 nobis
1366 2723 1475 2759 quidem
1501 2725 1591 2752 multa:
1611 2729 1675 2752 sunt
1695 2723 1735 2753 fa-

951 2766 1068 2794 cultates
1087 2775 1136 2802 per
1157 2775 1225 2803 quas
1244 2769 1366 2804 agimus,
1399 2770 1506 2797 etiamsi
1531 2770 1646 2798 diversis
1675 2777 1735 2799 mo-

934 2833 964 2869 ,“
988 2833 997 2862 Ι
1015 2833 1093 2864 Joan.
1112 2843 1148 2870 tv,
1169 2835 1194 2870 7,
1212 2835 1238 2862 8.
1285 2837 1307 2852 "
1322 2835 1398 2865 Joan.
1417 2844 1478 2869 xm,
1496 2837 1540 2864 55.

1593 2883 1614 2915 5
