1976 3077
235 107 286 136 139

856 107 885 136 S.
906 106 1071 135 GREGORII
1090 110 1109 135 Ν
1117 108 1234 136 YSSENI

1810 110 1862 137 NO

233 165 276 193 dis
302 171 349 200 per
377 170 473 190 sensus
503 164 595 190 omnia
622 162 798 199 suscipimus.
823 162 872 191 Est
893 163 966 191 enim
992 163 1012 189 ir

1074 173 1141 191 σεων
1157 165 1210 192 τῶν
1226 165 1296 192 κατὰ
1311 165 1382 201 ζωὴν
1398 165 1591 201 ὲφαπτώμεθα.
1608 165 1663 192 Μία
1679 164 1731 201 γάρ
1745 165 1786 198 τίς
1801 167 1861 193 ἐστι

234 211 313 238 nobis
328 217 380 237 una
396 208 517 245 quardam
533 209 573 237 vis
592 216 624 236 ac
641 208 767 240 facultas.
787 209 917 236 nimirum
931 216 1018 241 mens,

233 264 294 291 quae
305 255 426 290 singulas
453 261 583 282 sensuum
607 253 686 282 sedes
703 253 867 289 permeando
891 255 1018 281 universa

233 302 328 329 efficit.
344 301 407 329 llmc
423 301 510 328 oculis
532 300 663 336 quidquid
690 300 814 333 offertur,
839 300 933 327 videt:
962 300 1019 327 haec

233 347 365 383 quidquid
385 346 496 378 dicitur,
517 347 624 373 aurium
641 354 692 381 ope
715 346 840 381 percipit.
871 345 933 373 [lato
959 353 1019 380 qum

232 397 309 427 grata
327 396 391 419 sunt
412 391 594 426 amplectitur,
622 391 728 425 ingrata
760 398 825 418 vero
854 396 1016 424 aversatur;

233 438 290 465 haec
311 445 392 464 manu
414 437 538 464 ministra
564 443 755 471 quamcunque
781 436 814 463 ad
848 443 905 463 rem
928 436 1017 464 visum

232 482 324 514 fuerit,
339 482 433 515 utitur,
447 481 569 516 ejusdem
586 485 616 508 ut
635 481 808 508 instrumenti
832 488 883 516 ope
907 489 950 509 res
975 481 1016 508 vel

231 528 364 560 continet,
378 527 419 555 vel
437 528 534 562 rejicit,
548 532 624 562 prout
639 535 671 554 ex
683 535 734 554 usu
751 527 807 554 fore
820 527 924 554 statuit.
937 526 1014 559 Quod

232 574 255 600 si
271 573 354 608 igitur
377 573 403 600 in
429 573 538 600 homine
559 581 642 599 unum
664 573 794 608 quiddam
817 578 859 600 est
878 577 906 600 et
932 573 1015 605 idem,

230 619 303 654 quod
322 626 369 653 per
390 618 482 646 omnia
497 618 523 645 vi
541 617 722 653 facultateque
740 625 789 646 sua
808 618 862 653 agit
878 625 909 644 ac
926 625 1017 645 move-

231 669 286 697 tur,
305 667 332 692 et
341 663 463 691 vicissim
477 671 550 690 nunc
576 663 628 690 hoc
648 670 721 690 nunc
748 663 794 690 illo
819 670 901 690 sensu
919 662 1015 694 utitur,

230 710 357 747 quodque
371 710 406 737 ob
419 709 515 745 agendi
529 709 688 736 varietatem
709 712 834 736 naturam
861 716 939 736 suam
961 716 1014 735 non

229 760 328 789 mutat,
344 759 482 790 utcunque
493 762 624 783 sensuum
636 755 820 782 instrumenta
829 754 938 782 diversa
961 754 1015 781 sint

229 812 244 830 a
259 806 357 830 natura
373 801 483 830 condita
500 810 506 829 :
519 808 574 837 quo
584 804 664 836 pacto
676 801 738 836 quis
750 801 818 828 adeo
828 801 941 827 demens
954 808 1015 828 esse

1071 210 1195 245 δύναμις,
1211 211 1290 243 αὐτὸς
1306 213 1321 238 6
1334 211 1492 246 ὲγκείμενος
1509 212 1580 244 νοῦς,
1595 213 1609 238 6
1623 212 1656 238 δι’
1673 211 1792 239 ἑκάστου
1804 213 1859 240 τῶν

1071 257 1256 293 αἰσθητηρίων
1266 257 1381 289 διεξιὼν,
1394 257 1504 284 καὶτῶν
1517 257 1601 284 όντων
1618 257 1859 293 ἐπιδρασσόμενος.

1074 300 1158 334 Οὗτος
1173 302 1270 338 θεωρεί
1289 303 1333 330 διὰ
1347 303 1400 330 τῶν
1416 303 1562 338 ὀφθαλμῶν
1577 303 1607 329 τὸ
1622 304 1798 338 φαινόμενον·
1814 299 1860 331 οὖς

1069 356 1115 379 τος
1128 349 1212 374 συνιεῖ
1225 348 1270 374 διὰ
1289 349 1338 383 τῆς
1358 349 1440 384 ἀκοῆς
1454 348 1484 375 τὸ
1498 349 1657 383 λεγόμενον,
1678 349 1772 385 ἀγαπᾷ
1784 358 1813 375 τε
1828 349 1859 376 τὸ

1070 392 1260 428 κατευθύμιον,
1285 393 1332 419 καὶ
1346 392 1377 419 τὸ
1395 393 1432 428 μὴ
1446 393 1507 419 καθ’
1523 393 1620 428 ἡδονὴν
1644 394 1856 429 ἀποστρέφεται,

1070 438 1116 464 καὶ
1133 439 1165 472 τῇ
1184 438 1256 473 χειρὶ
1272 437 1370 473 χρῆται
1394 437 1461 472 πρὸς
1481 437 1512 464 τὸ
1530 439 1544 464 ὃ
1558 447 1583 464 τι
1599 437 1732 472 βούλεται,
1750 439 1858 473 κρατῶν

1068 483 1101 510 δι’
1112 483 1196 518 αὐτῆς
1209 483 1254 510 καὶ
1268 483 1461 519 ἀπωθούμενος
1475 484 1546 519 ἆπερ
1558 483 1591 510 ἂν
1605 483 1752 510 λυσιτελεῖν
1763 484 1854 519 κρίνῃ,

1067 530 1100 564 τῇ
1116 528 1161 555 τοῦ
1173 528 1290 564 ὀργάνου
1305 529 1434 564 συνεργίᾳ
1455 530 1496 561 εἰς
1510 529 1588 555 τοῦτο
1607 529 1808 565 συγχρώμενος.
1825 530 1856 556 Εἰ

1067 574 1155 601 τοίνυν
1180 575 1207 600 ὲν
1226 574 1265 609 τῷ
1287 574 1423 610 ἀνθρώπῳ
1447 575 1500 602 κᾶν
1517 575 1633 610 διάφορα
1653 574 1722 610 τύχῃ
1737 574 1771 600 τὰ
1790 574 1856 610 πρὸς

1067 620 1193 656 αἴσθησιν
1209 621 1450 655 κατεσκευασμένα
1463 621 1538 656 παρὰ
1549 621 1598 656 τῆς
1616 620 1723 655 φύσεως
1737 620 1852 656 δργανα,

1066 666 1130 692 όδιὰ
1143 666 1250 693 πάντων
1261 666 1380 701 ἐνεργῶν
1394 666 1441 692 καὶ
1453 666 1613 701 κινούμενος
1622 666 1669 692 καὶ
1681 666 1855 701 καταλλήλως

1066 711 1174 747 ἑκάστῳ
1191 711 1259 747 πρὸς
1281 712 1312 738 τὸ
1332 711 1513 746 προκείμενον
1532 711 1719 747 κεχρημένος,
1741 709 1781 743 εἷς
1796 712 1855 738 ἐστι

1066 758 1113 784 καὶ
1125 759 1139 784 6
1153 756 1233 789 αὐτὸς
1245 777 1254 788 ,
1273 759 1333 789 ταῖς
1349 758 1490 793 διαφοραῖς
1511 756 1564 784 τῶν
1583 757 1727 791 ἐνεργειῶν
1748 757 1777 782 οὐ
1793 765 1855 782 συν-

1068 803 1240 837 εξαλλάσσων
1254 803 1304 838 τὴν
1321 803 1401 837 φύσιν
1414 812 1420 818 ·
1437 803 1494 834 πῶς
1515 802 1544 830 ἀν
1557 811 1599 834 τις
1613 803 1658 828 ἐπὶ
1672 801 1718 829 τοῦ
1735 802 1800 829 Θεοῦ
1812 802 1855 828 διὰ

229 849 328 885 possit,
347 852 377 875 ut
391 847 439 875 Dei
453 851 579 875 naturam
598 854 647 882 per
664 847 809 874 facultates
823 846 913 874 varias
936 846 1012 878 quasi

1065 849 1119 876 τῶν
1134 849 1263 876 ποικίλων
1271 848 1410 883 δυνάμεων
1420 849 1451 875 τὺ
1467 848 1618 884 πολυμερὲς
1629 848 1677 882 τῆς
1687 847 1778 879 οὐσίας
1791 855 1856 874 κατ-

228 894 458 922 multimembrem
480 893 489 929 (
504 898 533 920 ut
549 893 585 921 ita
599 893 730 928 dixerim)
746 892 931 928 imaginctur?
946 892 1013 919 Nam

231 949 240 966 α
260 939 310 973 Qui
325 939 434 966 oculum
449 938 536 971 finxit,
547 948 556 965 ι
572 939 609 966 ιιιί
628 938 709 966 Vates
719 938 840 973 loquitur
854 938 888 971 “,
906 947 915 964 ι
928 942 955 966 et
966 945 1016 965 au-

228 992 285 1012 rem
305 983 447 1019 plantavit,
463 992 472 1009 »
492 982 636 1010 facultates
665 983 747 1010 hasce
775 986 904 1017 tauquam
936 985 1016 1010 notas

228 1032 360 1066 quasdam
374 1030 407 1057 de
418 1029 519 1065 quibus
530 1029 593 1056 facti
610 1029 643 1056 ad
659 1029 746 1064 ipsius
761 1028 915 1063 exemplum
929 1035 1015 1063 agno-

228 1083 378 1106 sceremur,
396 1075 535 1102 hominum
553 1079 658 1102 natura:
680 1074 831 1109 impressit.
850 1073 955 1101 Idcirco
971 1073 1015 1100 in-

227 1123 286 1157 quit
301 1131 308 1150 :
323 1121 485 1157 «Faciamus
501 1120 636 1148 hominem
652 1119 684 1147 ad
694 1119 838 1155 imaginem
852 1124 985 1147 nostram.
1002 1129 1012 1145 ι

228 1168 279 1196 Sed
295 1167 340 1195 ubi
362 1167 441 1194 nobis
457 1166 599 1194 Anomoei?
623 1165 687 1200 quid
709 1165 743 1192 ad
762 1165 819 1192 haec
842 1164 950 1192 tandem
971 1164 1014 1192 di-

227 1213 300 1241 cturi
315 1213 401 1241 sunt?
412 1219 466 1247 quo
478 1216 558 1247 pacto
573 1211 704 1238 advcrsus
716 1218 748 1238 ea
756 1218 815 1246 qua:
826 1210 925 1237 tradita
940 1217 954 1237 a
966 1217 1015 1238 no-

226 1258 268 1286 bis
285 1261 358 1289 sunt,
383 1257 535 1284 doctrinam
560 1264 638 1284 suam
664 1255 813 1283 absurdam
846 1255 1014 1282 tuebuntur?

228 1304 343 1332 hoccine
359 1303 464 1331 scilicet
479 1302 694 1338 respondebunt,
719 1301 776 1329 fieri
801 1309 882 1336 posse
902 1307 932 1328 ut
960 1309 1013 1329 una

227 1349 376 1385 eademque
405 1349 495 1383 imago
519 1347 615 1375 formis
641 1347 758 1374 diversis
778 1346 1014 1381 respondeat?At

227 1403 291 1424 vero
311 1396 334 1424 si
350 1399 448 1422 natura
465 1393 539 1420 Patri
551 1393 693 1421 dissimilis
708 1396 750 1420 est
766 1391 862 1423 Filius,
876 1391 1013 1427 quomodo

227 1447 388 1470 naturarum
413 1441 583 1468 diversarum
600 1439 695 1467 eadem
725 1438 820 1466 effecta
847 1438 936 1474 imago
955 1438 1013 1466 est?

227 1488 295 1516 Nam
310 1495 372 1514 cum
386 1486 504 1517 dicatur,
531 1495 541 1511 ι
559 1485 703 1517 Faciamus
717 1485 853 1516 hominem
875 1485 907 1512 ad
925 1485 1012 1512 nostri

227 1535 387 1571 imaginem;
410 1543 419 1559 ι
442 1539 611 1567 numeroque
628 1531 811 1559 multitudinis
833 1535 1011 1559 sacrosancta

226 1582 349 1609 Trinitas
369 1579 505 1607 indicetur
532 1587 538 1605 :
567 1585 621 1605 non
649 1581 707 1605 erat
734 1584 848 1604 numero
877 1577 1008 1612 singulari

226 1626 353 1663 imaginis
362 1624 486 1654 facienda
499 1623 610 1656 mentio,
623 1623 756 1658 siquidem
771 1622 918 1651 dissimiles
933 1629 1012 1650 erant

225 1674 259 1701 ml
291 1679 407 1708 quorum
437 1670 577 1705 exemplar
609 1676 641 1697 ea
676 1669 912 1702 conformabatur.
938 1669 1010 1696 Fieri

225 1719 298 1747 enim
316 1718 526 1753 haudquaquam
544 1719 661 1751 poterat,
682 1720 712 1742 ut
732 1715 881 1742 dissimiles
908 1722 941 1742 ac
968 1714 1011 1742 di-

225 1765 297 1794 versi
319 1765 389 1792 inter
416 1771 445 1792 se
466 1770 519 1791 una
539 1761 688 1796 eademque
714 1761 833 1795 imagine
858 1769 1010 1796 reprmsen-

225 1814 369 1839 tarentur:
384 1809 507 1844 adeoque
523 1808 546 1836 si
560 1811 638 1835 erant
653 1810 759 1834 natura;
771 1806 897 1838 diversae,
927 1807 1009 1833 etiam

225 1858 359 1893 imagines
389 1863 437 1884 eos
457 1855 500 1883 sui
531 1854 653 1882 diversas
672 1852 789 1880 condere
814 1859 926 1880 necesse
948 1851 1008 1884 fuit,

225 1910 341 1938 quarum
359 1901 487 1937 quaelibet
504 1899 653 1933 exemplari
678 1905 728 1926 suo
745 1897 931 1933 responderet.
956 1897 1008 1925 Sed

225 1956 288 1975 cum
318 1954 372 1974 una
400 1950 504 1974 tantum
531 1946 618 1980 imago
648 1946 701 1977 sit,
731 1952 785 1972 non
810 1951 893 1971 unum
918 1947 1009 1971 tamen

225 1994 308 2021 unius
336 1992 463 2027 imaginis
493 1991 692 2026 archetypum:
720 1990 783 2025 quis
810 1989 879 2017 adeo
909 1989 1010 2017 mentis

226 2040 304 2074 inops
320 2038 411 2071 fuerit,
428 2042 456 2064 ut
474 2037 589 2072 ignoret,
603 2044 664 2071 quae
677 2036 724 2062 uni
741 2035 884 2069 eidemque
903 2035 942 2061 rei
972 2035 1010 2062 si-

225 2085 301 2112 milia
315 2088 390 2116 sunt,
410 2083 504 2111 eadem
522 2082 593 2109 inter
615 2089 645 2109 se
668 2088 778 2116 quoque
804 2080 905 2108 similia
928 2080 1011 2108 esse?

1065 893 1237 926 οπτεύσειεν;
1256 903 1266 919 ι
1278 894 1307 921 '0
1318 904 1327 920 ι
1340 895 1393 930 γὰρ
1405 904 1413 920 ι
1425 894 1529 926 πλάσας
1536 894 1580 920 τὸν
1592 893 1753 929 ὀφθαλμὸν,ι
1764 892 1856 924 καθώς

1066 948 1148 975 φησιν
1163 940 1177 966 6
1193 941 1347 977 Προφήτης,
1358 941 1404 967 καί
1424 949 1433 966 ι
1443 941 1457 966 6
1472 939 1608 974 φυτεύσας
1620 939 1650 966 τὸ
1663 937 1734 970 οὖς,›
1745 939 1811 974 πρδς
1820 938 1855 965 τὰ

1066 985 1095 1011 ἐν
1109 985 1184 1021 αὐτῷ
1201 985 1408 1021 παραδείγματα
1419 986 1468 1017 τὰς
1483 985 1621 1020 ἐνεργείας
1634 985 1733 1016 ταύτας
1748 982 1802 1011 οἶόν
1814 993 1855 1011 τι·

1065 1039 1113 1062 νας
1122 1031 1317 1066 γνωριστικοὺς
1327 1031 1502 1067 χαρακτῆρας
1510 1032 1542 1066 τῇ
1554 1030 1632 1065 φύσει
1643 1030 1696 1056 τῶν
1704 1029 1752 1057 ἀνθ
1757 1029 1854 1065 ρώπων

1065 1075 1260 1110 ἐνεσημήνατο.
1277 1085 1286 1101 ι
1299 1076 1459 1110 Ποιήσωμεν
1471 1085 1480 1101 ι
1496 1075 1560 1111 γὰρ,
1581 1075 1674 1110 φησὶν,
1694 1074 1854 1110 «ἄνθρωπον

1068 1122 1128 1147 κατ’
1142 1121 1234 1147 εἰκόνα
1247 1121 1410 1157 ἡμετέραν.»
1429 1121 1507 1148 Ἀλλὰ
1522 1121 1573 1147 ποῦ
1587 1130 1630 1156 μοι
1643 1121 1696 1148 τῶν
1708 1121 1853 1156 Ἀνομοίων

1066 1167 1082 1202 ἡ
1096 1167 1217 1202 αἵρεσιςς
1241 1166 1266 1193 τί
1281 1167 1348 1202 πρὸς
1361 1167 1409 1202 τὴν
1421 1167 1546 1202 τοιαύτην
1564 1167 1655 1202 ἐροῦσι
1671 1168 1778 1202 φωνήν;
1795 1167 1853 1199 πῶς

1068 1211 1247 1240 διασώσουσιν
1263 1213 1292 1239 ὲν
1305 1214 1360 1244 τοῖς
1380 1213 1534 1248 εἰρημένοις
1548 1213 1593 1239 τοῦ
1613 1213 1746 1248 δόγματος
1763 1213 1852 1239 αὐτῶν

1063 1257 1113 1293 τὴν
1130 1257 1280 1293 κενότητα;
1295 1255 1348 1293 ἆρα
1364 1258 1475 1284 δυνατὸν
1491 1255 1560 1284 εῐναι
1582 1259 1718 1293 φήσουσι,
1736 1258 1800 1292 μίαν
1813 1259 1853 1284 εἰ-

1065 1304 1130 1330 κόνα
1153 1303 1292 1339 διαφόροις
1316 1303 1481 1338 ὁμοιωθῆναι
1504 1305 1639 1338 μορφαῖς;
1666 1304 1698 1330 Εἰ
1723 1304 1852 1339 ἀνόμοιος

1064 1349 1134 1377 κατά
1154 1349 1203 1385 τὴν
1222 1349 1301 1383 φύσιν
1321 1348 1360 1384 τῷ
1380 1350 1467 1384 Πατρὶ
1482 1349 1496 1374 6
1514 1348 1668 1380 Υἱοςγπῶς
1685 1349 1749 1384 μίαν
1769 1357 1852 1376 κατα-

1064 1395 1190 1427 σκευάζει
1201 1395 1254 1421 τῶν
1267 1395 1401 1430 διαφόρων
1416 1394 1523 1429 φύσεων
1539 1395 1588 1430 τὴν
1604 1395 1713 1427 εἰκόνας
1736 1395 1765 1421 ’0
1782 1395 1847 1431 γὰρ,

1067 1451 1074 1466 ι
1091 1441 1248 1476 Ποιήσωμεν
1256 1440 1716 1476 ἀνθρωπονκατ“εἰκόναήμετέραν,
1730 1450 1739 1467 ι
1754 1440 1850 1472 εἰπὼν,

1066 1487 1111 1513 καὶ
1128 1486 1172 1512 διὰ
1186 1487 1235 1521 τῆς
1247 1485 1430 1521 πληθυπικῆς
1448 1486 1586 1521 σημασίας
1597 1485 1645 1521 τὴν
1654 1486 1734 1520 ἁγίαν
1749 1486 1851 1522 Τριάδα

1028 1518 1048 1546 c
1068 1532 1194 1567 δηλώσας
1206 1518 1275 1564 ,οὐκ
1288 1518 1320 1558 ἀν
1329 1531 1378 1567 τῆς
1394 1518 1497 1563 εἰκόνος
1518 1518 1667 1567 μοναδικῶς
1679 1518 1850 1568 ἐπεμνήσθη,

1061 1579 1139 1615 εἴπερ
1147 1578 1279 1614 ἀνομοίως
1288 1578 1344 1613 ἔχοι
1357 1578 1425 1613 πρὸς
1433 1578 1534 1613 ἄλληλα
1541 1578 1575 1604 τὰ
1583 1578 1734 1613 ἀρχέτυπα.
1746 1579 1784 1605 Οὐ
1795 1578 1850 1613 γὰρ

1060 1623 1094 1660 ἦν
1117 1625 1227 1652 δυνατὸν
1247 1624 1301 1651 τῶν
1321 1624 1443 1660 ἀλλήλοις
1467 1625 1504 1660 μὴ
1528 1625 1728 1659 συμϐαινόντων
1751 1625 1790 1656 εἰς
1815 1624 1850 1652 ἐν

1061 1670 1253 1706 ἀναδειχθῆναι
1276 1671 1422 1706 ὁμοίωμαο
1446 1671 1504 1697 ἀλλ’
1529 1671 1553 1697 εἰ
1579 1671 1702 1705 διάφοροι
1725 1668 1792 1705 ἦσαν
1821 1671 1849 1696 αἰ

1062 1716 1166 1751 φύσεις.
1175 1716 1319 1752 διαφόρους
1333 1715 1440 1747 πάντως
1452 1716 1498 1743 καὶ
1509 1715 1558 1742 τὰς
1571 1716 1675 1746 εἰκόνας
1689 1715 1778 1741 αὐτῶν
1810 1716 1850 1741 ὲν-

1064 1762 1213 1796 εστήσατο,
1239 1760 1288 1795 τὴν
1311 1759 1476 1796 κατάλληλον
1505 1760 1607 1795 ἑκάστῃ
1633 1760 1848 1794 δημιουργήσας.

1070 1806 1140 1832 Ἀλλ’
1156 1805 1251 1840 ἐπειδὴ
1268 1806 1316 1840 μία
1337 1805 1387 1840 μὲν
1401 1806 1417 1840 ή
1434 1804 1525 1834 εἰκὼν.
1546 1805 1594 1839 οὑχ
1612 1804 1641 1830 ἓν
1660 1804 1687 1831 δὲ
1702 1805 1732 1830 τὸ
1747 1804 1796 1840 τῆς
1811 1805 1851 1831 εὶ-

1063 1852 1140 1884 κόνος
1159 1851 1326 1887 ἀρχέτυπον·
1342 1851 1383 1883 τίς
1400 1851 1485 1882 οὕτως
1506 1850 1558 1884 ἔξω
1581 1850 1698 1882 διανοίας
1718 1850 1792 1877 ἐστὶν
1811 1850 1850 1882 ὡς

1064 1898 1183 1932 ἀγνοεῖν,
1199 1897 1240 1924 ὅτι
1256 1897 1291 1923 τὰ
1305 1896 1344 1932 τῷ
1356 1897 1396 1924 ἐνὶ
1408 1896 1572 1932 ὁμοιούμενα
1582 1917 1590 1928 ,
1605 1896 1653 1923 καὶ
1666 1896 1734 1932 πρὸς
1747 1896 1846 1932 ἄλληλα

1065 1943 1175 1975 πάντως
1189 1942 1289 1977 ὁμοίως
1306 1942 1380 1977 ἐχει;
1395 1942 1444 1969 Διὰ
1459 1942 1538 1969 τοῦτό
1559 1951 1640 1977 φησι,
1654 1942 1723 1977 τάχα
1736 1942 1784 1978 τὴν
1799 1951 1847 1968 κα-

1064 1989 1125 2015 κίαν
1148 1987 1248 2022 ταύτην
1262 1989 1291 2014 ὲν
1309 1989 1341 2023 τῇ
1358 1988 1512 2022 κατασκευῇ
1527 1987 1576 2022 τῆς
1591 1987 1762 2023 ἀνθρωπίνης
1776 1987 1847 2022 ζωῆς

1063 2035 1077 2061 6
1093 2034 1172 2067 λόγος
1186 2033 1418 2068 ὑποτεμνόμενος,
1435 2042 1444 2058 ι
1459 2033 1620 2068 Ποιήσωμεν
1630 2032 1771 2068 ἄνθρωπον
1789 2033 1848 2059 κατ’

1063 2081 1154 2107 εἰκόνα
1171 2078 1218 2104 καὶ
1235 2078 1363 2114 ὁμοίωσιν
1377 2079 1526 2114 ἡμετέραν,
1544 2088 1554 2104 ι

225 2130 330 2159 Idcirco
343 2129 383 2158 sic
399 2128 528 2164 loquitur,
546 2128 671 2156 fortassis
685 2131 715 2154 ut
727 2126 754 2153 in
769 2126 827 2161 ipsa
843 2126 962 2154 hominis
980 2128 1118 2155 creatione
1136 2134 1244 2162 pravam
1261 2125 1359 2152 horum
1379 2124 1503 2152 haeresim
1518 2124 1674 2160 praecideret
1692 2132 1698 2150 :
1718 2133 1727 2150 ι
1748 2123 1850 2152 Facia-

223 2182 286 2203 mus
299 2173 436 2202 hominem
447 2173 480 2200 ad
500 2172 645 2208 imaginem
663 2171 926 2206 similitudinemque
938 2175 1073 2198 nostram.
1089 2181 1099 2196 ι

521 2230 634 2258 CAPUT
655 2229 710 2257 Vll.

1327 2228 1527 2255 ΚΕΦΑΛΑΙΟΝ
1542 2227 1578 2255 Ζ’.

227 2277 399 2310 Quamobrem
415 2276 495 2303 nullis
504 2284 519 2302 α
529 2281 624 2303 natura
632 2277 666 2302 sit
681 2275 764 2302 armis
776 2275 863 2307 homo,
879 2276 1011 2310 nullisque

1065 2276 1113 2303 Διὰ
1126 2277 1153 2303 τι
1173 2275 1286 2310 γυμνὸς
1303 2274 1362 2302 τῶν
1374 2275 1408 2301 ἐκ
1423 2276 1542 2308 φύσεως
1555 2275 1656 2301 ὅπλων
1671 2282 1703 2301 τε
1713 2281 1762 2302 και
1779 2282 1849 2308 πίο-

457 2311 608 2346 (egumentis
625 2311 779 2337 instructus.

258 2357 331 2391 Quid
348 2364 412 2384 vero
428 2356 481 2385 sibi
495 2356 554 2384 vult
567 2362 656 2383 erecta
673 2356 700 2383 iu
717 2356 826 2384 homine
841 2355 925 2391 ﬁgura
936 2357 948 2383 ?
961 2360 1009 2383 aut

224 2411 274 2430 cur
287 2410 342 2430 non
361 2403 468 2437 corpori
478 2402 557 2437 quasi
574 2402 724 2436 congenitaa
747 2406 811 2429 sunt
827 2402 950 2437 quaedam
975 2402 1008 2429 ad

224 2446 351 2474 tuendam
368 2446 449 2473 vitam
467 2446 627 2473 necessariae
649 2446 741 2473 vires!
764 2446 913 2481 imparatus
941 2446 1009 2473 adeo

223 2492 258 2519 ab
283 2491 410 2519 omnibus
437 2495 540 2519 natura:
569 2491 715 2526 praesidiis,
739 2492 867 2524 inermis,
895 2500 1007 2527 pauper,

222 2537 344 2564 omnium
356 2537 388 2564 ad
401 2545 481 2565 usum
490 2538 551 2564 vitae
563 2538 778 2565 necessariorum
792 2545 875 2573 egens
889 2543 1006 2571 creatur,

223 2581 333 2617 dignior
360 2583 616 2614 commiseratione,
647 2583 685 2609 uti
715 2582 824 2617 quidem
850 2583 1007 2618 apparebat,

222 2633 306 2661 quam
321 2627 366 2661 qui
382 2626 479 2655 beatus
496 2628 699 2661 praedicaretur.
715 2627 774 2655 Non
788 2636 921 2655 cornuum
949 2637 1008 2656 mu-

223 2671 327 2699 nitione
336 2676 469 2704 armatus,
489 2680 542 2699 non
558 2673 688 2707 unguium
704 2673 840 2706 acumine,
853 2680 906 2700 non
918 2673 1008 2700 denti-

222 2717 285 2749 bus,
302 2723 356 2743 non
378 2717 496 2752 ungulis,
509 2724 563 2744 non
578 2717 672 2743 aculeo
693 2721 833 2749 venenato,
851 2717 1006 2752 cujusmodi

264 2807 290 2823 “
307 2806 381 2835 Psal.
397 2813 473 2839 xcul,
489 2807 513 2834 9.

1248 2309 1449 2344 καλιιμμάτων
1461 2312 1476 2336 ὸ
1493 2310 1658 2344 ἅνθρωπος.

1104 2356 1182 2382 Ἀλλὰ
1197 2356 1224 2382 τί
1240 2355 1363 2391 βούλεται
1382 2357 1412 2382 τὸ
1429 2355 1474 2382 τοῦ
1495 2356 1632 2390 σχήματος
1650 2354 1757 2390 ὅρθιον;
1773 2355 1805 2381 Τί
1821 2355 1847 2380 δὲ

1062 2401 1122 2436 οὐχὶ
1146 2402 1278 2436 συμφυεῖς
1299 2402 1367 2427 εἰσιν
1390 2402 1418 2427 αἰ
1435 2401 1503 2436 πρὸς
1521 2401 1567 2427 τὸν
1587 2400 1643 2435 βίον
1665 2400 1793 2434 δυνάμεις
1809 2400 1848 2434 τῷ

1063 2446 1168 2481 σώματι
1180 2456 1188 2480 ;
1201 2447 1268 2473 ἀλλὰ
1285 2446 1387 2481 γυμνὸς
1403 2446 1452 2482 μὲν
1474 2445 1527 2472 τῶν
1545 2445 1668 2480 φυσικῶν
1688 2445 1848 2479 σκείτασι.ι.<5ι⁴

1063 2500 1125 2524 των,
1147 2493 1245 2524 ἄοπλος
1261 2492 1289 2519 δέ
1307 2501 1349 2523 τις
1364 2493 1410 2518 καὶ
1424 2492 1507 2526 πένης
1521 2492 1534 2517 6
1557 2490 1709 2525 ἄνθρωπος,
1725 2489 1772 2516 καὶ
1794 2489 1847 2516 τῶν

1061 2538 1129 2573 πρὸς
1153 2537 1206 2573 τὴν.
1218 2538 1312 2573 χρείαν
1327 2537 1417 2572 ἐνδεὴς
1435 2537 1562 2563 ἁπάντων
1582 2535 1628 2561 ἐπὶ
1647 2535 1691 2561 τὴν
1707 2535 1763 2569 βίον
1779 2543 1848 2570 παρ-

1059 2584 1165 2617 άγεται,
1178 2583 1308 2610 ἐλεεῖσθαι
1319 2583 1417 2618 μᾶλλον
1427 2583 1443 2618 ἢ
1455 2581 1652 2618 μακαρίζεσθαι
1665 2581 1735 2608 κατὰ
1744 2581 1775 2608 τὸ
1786 2589 1848 2616 φαι-

1060 2628 1170 2663 νόμενον
1182 2627 1265 2661 ἄξιος,
1278 2628 1308 2653 οὐ
1322 2627 1468 2662 προϐολαῖς
1480 2627 1602 2662 κεράτων
1614 2626 1846 2661 καθωπλισμένος.

1059 2673 1108 2699 οὐκ
1125 2673 1227 2708 ὀνύχων
1252 2674 1354 2707 ἀκμαῖς
1366 2693 1373 2704 ,
1393 2673 1442 2707 οὺχ
1455 2672 1567 2704 ὁπλαῖς,
1589 2673 1606 2708 ἢ
1624 2672 1738 2703 ὀδοῦσιν,
1755 2673 1772 2707 ἡ
1793 2680 1846 2697 τινι

1060 2718 1164 2753 κέντρῳ
1179 2718 1366 2753 θανατηφόρον
1379 2719 1416 2745 ἰὸν
1431 2719 1462 2745 ὲκ
1475 2718 1582 2753 φύσεως
1601 2719 1698 2754 ἔχοντι,
1713 2714 1755 2745 οἷα
1768 2715 1799 2752 δὴ
1814 2715 1848 2743 τά
