1976 3077
147 137 194 164 ιιι

757 137 800 166 DE
823 136 962 165 liOlllNlS
992 134 1148 164 OI’IE‘ICIO.

1723 138 1773 166 142

146 191 230 218 πολλὰ
243 191 296 218 τῶν
313 191 390 224 ζώων
401 191 429 218 ὲν
444 191 550 223 ἑαυτοῖς
567 192 634 228 πρὸς
644 192 694 227 τὴν
709 192 762 218 τῶν
779 192 935 218 λυπούντων

990 192 1069 219 rebus
1084 192 1219 218 instructa
1237 191 1366 226 pleraque
1384 192 1511 220 animalia
1536 193 1589 220 vim
1617 193 1771 222 ltedeutium

433 237 533 246 ι--

145 237 251 273 dy.an
260 237 402 272 κέκτηται·
414 237 444 264 οὐ
455 239 489 273 τῇ
499 237 553 264 τῶν
563 238 664 274 τριχῶν
674 239 803 273 περιϐολῇ
811 239 841 265 τὸ
850 238 930 273 σῶμα

145 284 324 312 καλύπτεται·
341 283 464 319 καίτοιγε
479 285 544 316 ι’σως
559 285 604 312 τὸν
620 286 660 316 είς
676 284 764 320 ἀρχὴν
774 285 828 311 τῶν
844 284 931 311 ἄλλων

145 330 382 366 προτεταγμένον,
397 330 506 361 οἰκείοις
522 330 614 361 ὅπλοις
633 330 686 356 ἔδει
709 329 931 364 περιπεφράχθαι

145 376 222 412 παρὰ
234 376 283 411 τῆς
295 375 414 409 φύσεως,
425 375 462 407 ὼς
477 374 510 401 ἂν
521 374 558 410 μὴ
570 375 618 410 τῆς
632 375 695 410 παρ’
711 375 813 410 ἐτέρων
824 375 934 402 ἐπικου-

148 420 208 456 ρίας
227 419 294 455 πρὸς
308 419 357 455 τὴν
379 419 447 445 ἰδίαν
463 419 611 453 ἀσφάλειαν
629 419 724 447 δέοιτο.
738 420 806 446 Νυνὶ
822 419 851 446 δὲ
866 419 933 446 λέων

149 467 207 501 μὲν,
227 466 273 492 καὶ
292 465 355 498 σῦς,
373 465 421 492 καὶ
446 465 535 500 τίγρις
547 485 554 496 ,
577 465 624 491 καὶ
637 465 769 500 πάρδαλις
780 485 787 498 ,
803 465 850 492 καὶ
866 465 893 491 εἴ
906 474 933 492 τι

147 511 267 538 τοιοῦτον
284 511 376 546 ἕτερον
389 530 396 542 ,
413 510 552 546 ἀρκοῦσαν
571 509 628 545 ἔχει
650 509 718 545 πρὸς
733 510 869 545 σωτηρίαν
883 510 934 545 τὴν

147 558 180 584 ἐκ
194 557 301 592 φύσεως
323 556 448 591 δύναμιν.
470 556 524 582 Καὶ
542 554 581 590 τῷ
601 555 692 590 ταύρῳ
714 556 762 591 μὲν
784 556 814 582 τὸ
830 556 932 591 κέρας,

147 603 194 629 καὶ
208 602 247 637 τῷ
261 602 358 637 λαγωῷ
372 601 403 628 τὸ
415 601 512 636 τάχος,
533 601 581 627 καὶ
596 602 630 636 τῇ
647 601 756 636 δορκάδι
770 601 800 627 τὸ
819 601 934 636 πήδημα

147 649 193 676 xit
207 648 236 674 τὸ
245 648 305 674 κατ’
321 647 458 682 ὀφθαλμὸν
467 647 597 681 ἀσφαλὲς,
613 647 661 673 καὶ
675 647 747 682 ἄλλῳ
759 647 813 674 τινί
830 646 891 682 ζώῳ
902 647 932 673 τὸ

148 695 273 729 μέγεθος,
289 694 336 721 καὶ
350 694 453 729 ἑτέροις
468 693 656 729 ἠπρονομαία,
674 694 720 720 καὶ
733 696 788 726 τοῖς
801 694 934 724 πετεινοῖς

146 740 176 767 τδ
187 741 295 774 πτερὸν,
311 740 357 766 καὶ
371 741 403 774 τῇ
419 739 533 774 μελίσσῃ
545 739 575 765 τὸ
588 739 710 774 κέντρον,
725 739 772 766 καὶ
788 740 855 765 πᾶσι
867 738 934 764 πὰν-

145 796 199 818 τως
211 787 240 813 ἓν
254 796 279 813 τι
295 787 335 818 είς
352 786 490 822 σωτηρίαν
504 786 579 821 παρὰ
598 786 648 821 τῆς
658 785 765 820 φύσεως
779 785 931 820 ἐμπέφυκε

148 832 225 867 μόνος
239 831 267 858 δὲ
282 832 390 858 πάντων
409 831 423 856 ὁ
438 830 580 866 ἄνθρωπος
594 831 647 857 τῶν
667 831 715 866 μὲν
732 831 933 866 ταχυδρομούν-

987 246 1016 265 se
1032 237 1192 272 propulsare
1209 236 1343 268 videmus,
1357 244 1390 264 ne
1405 237 1466 272 pilis
1481 238 1590 272 quidem
1614 247 1713 275 corpus
1734 247 1770 268 te-

987 285 1069 319 gitur.
1099 283 1133 310 At
1154 290 1219 310 vero
1232 291 1304 315 eum,
1328 291 1372 310 cut
1393 283 1420 310 in
1442 291 1484 311 res
1500 289 1611 313 creteras
1628 286 1770 322 imperium

987 328 1190 361 destinabatur,
1202 329 1286 355 armis
1296 336 1311 355 a
1325 333 1420 355 natura
1436 330 1554 364 propriis
1568 331 1700 359 nmnitum
1712 341 1773 361 esse

987 375 1139 409 oportebat,
1156 381 1189 401 ne
1201 374 1234 401 ad
1262 374 1392 402 tuendum
1405 382 1465 402 sese
1485 382 1536 410 ope
1556 377 1643 403 aliena
1670 383 1770 412 egeret.

987 419 1045 446 Jam
1060 419 1111 451 leo,
1127 426 1203 454 aper,
1219 420 1309 454 tigris,
1331 420 1460 454 pardalis,
1482 425 1578 448 caetera
1608 424 1772 452 necessariis

988 471 1001 491 ιι
1020 469 1116 492 natura
1135 465 1240 492 viribus
1255 465 1287 491 ad
1305 465 1431 492 tuendam
1443 466 1557 493 salutent
1571 474 1649 494 suam
1663 469 1772 504 egregie

988 510 1122 537 instructa
1136 513 1210 537 sunt.
1224 510 1314 537 Tauro
1329 518 1442 544 cornua,
1460 511 1543 547 lepori
1571 513 1705 546 celeritas,
1724 521 1769 541 ca-

987 562 1059 588 prea:
1087 556 1128 582 vis
1155 555 1279 588 saliendi,
1306 557 1502 592 oculorumque
1525 559 1700 592 pra'slantia',
1725 560 1772 587 alii

989 600 1098 627 animali
1111 601 1279 636 magnitudo,
1295 601 1340 628 alii
1357 602 1499 637 proboscis
1514 611 1521 636 ;
1541 603 1699 631 volucribus
1712 605 1772 634 alae.

987 645 1031 679 api
1047 645 1170 677 aculeus,
1190 651 1271 682 atque
1287 647 1355 674 adeo
1373 647 1501 675 omnibus
1527 648 1641 683 aliquid,
1666 657 1720 684 quo
1743 658 1773 678 se

988 695 1162 723 conservent,
1179 696 1276 719 natura
1295 692 1391 727 largita
1407 697 1458 720 est.
1476 692 1556 721 Solus
1574 693 1655 721 homo
1681 696 1774 729 pertri-

987 736 1065 763 cibus
1075 736 1188 768 tardior,
1206 738 1375 773 corpulentis
1387 738 1486 772 minor,
1510 739 1550 766 eis
1580 747 1640 774 qua!
1662 741 1773 768 armisa

988 788 1085 809 natura
1100 783 1172 810 datis
1185 787 1242 810 tuta
1258 787 1332 817 sunt,
1351 783 1510 811 imbecillior
1525 788 1577 812 est.
1603 784 1654 818 Qui
1679 786 1772 821 igitur,

987 828 1088 854 dixerit
1100 828 1212 863 aliquis,
1230 833 1443 857 consentaneum
1456 833 1513 862 est,
1528 830 1573 858 tali
1587 839 1678 858 rerum
1696 840 1774 860 surn-

145 886 198 904 των
213 878 370 913 ἀργότερος,
386 877 439 904 τῶν
453 877 481 903 δὲ
499 876 741 912 πολυσαρκούντων
755 876 932 913 βραχύτερος,

990 881 1056 900 mam
1069 873 1217 909 obtigisse?
1226 874 1280 909 Ego
1291 882 1356 903 vero
1371 875 1442 902 haud
1454 875 1602 904 difﬁculter
1615 878 1771 910 ostendero.

145 922 199 949 τῶν
216 922 244 949 δὲ
256 923 311 953 τοῖς
333 921 482 957 συμφύτοις
499 921 593 953 ὅπλοις
606 922 816 957 ἡσφαλισμένων
831 922 934 948 εὐαλω-

146 968 263 1003 τότερος.
277 968 331 994 Καὶ⁴
346 967 414 999 πῶς,
431 968 488 1002 ὲρεί
500 976 551 1000 τις,
565 968 579 993 ὁ
589 968 707 999 τοιοῦτος
720 967 768 1003 τὴν
785 967 870 1003 ἀρχὴν
884 967 934 1001 τὴν

146 1012 216 1039 κατὰ
229 1011 337 1039 πάντων
352 1010 542 1046 κεκλήρωται;
559 1011 627 1037 Ἀλλ’
643 1011 717 1037 οὐδὲν
730 1008 807 1045 οἶμαι
818 1010 934 1045 χαλεπὸν

147 1058 248 1091 δεῖξαι,
275 1058 316 1084 ὅτι
341 1058 370 1084 τὸ
389 1057 484 1083 δοκοῦν
504 1056 610 1088 ὲπιδεὲς
633 1057 683 1092 τῆς
708 1057 815 1091 φύσεως
835 1056 932 1091 ἡμῶν,

147 1104 258 1139 ἀφορμὴ
277 1104 344 1138 πρὸς
363 1103 393 1129 τὸ
413 1104 521 1138 κρατεῖν
543 1102 596 1129 τῶν
616 1102 778 1136 ὑποχειρίων
803 1101 886 1128 ἐστίν.
902 1101 933 1127 El

147 1150 201 1186 γὰρ
221 1149 292 1176 οὕτω
308 1149 448 1184 δυνάμεως
472 1146 544 1182 εἶχεν
561 1149 575 1174 ὁ
595 1147 738 1182 ἅνθρωπος
753 1167 759 1179 ,
776 1147 813 1178 ὡς
833 1147 866 1182 τῇ
883 1146 932 1180 μὲν

147 1196 269 1231 ὠκύτητι
293 1194 477 1230 παρατρέχειν
493 1194 538 1219 τὸν
563 1193 655 1224 ἵππον,
680 1192 810 1228 ἄτριπτον
837 1192 864 1218 δὲ
883 1192 934 1218 ὑπὸ

149 1241 324 1276 στερρότητος
339 1238 410 1273 ἔχειν
434 1238 478 1264 τὸν
494 1237 571 1270 πόδα⁷
597 1237 694 1268 ὁπλαῖς
717 1245 787 1263 τισιν
808 1237 824 1272 ἢ
842 1236 938 1272 χηλαῖς

148 1285 326 1322 ἐρειδόμενον,
345 1284 448 1320 κέρατα
470 1283 498 1310 δὲ
522 1284 568 1310 καὶ
588 1283 688 1319 κέντρα
712 1282 759 1309 καὶ
780 1283 879 1318 δνυχας
906 1283 935 1309 ἐν

148 1330 236 1366 ἑαυτῷ
257 1330 367 1365 φέρειν’
393 1329 500 1364 πρῶτον
520 1328 569 1364 μὲν
596 1328 731 1364 θηριώδης
760 1336 802 1359 τις
828 1329 861 1354 ἂν
883 1325 917 1363 ἦν
931 1348 938 1360 ,

149 1377 195 1404 καὶ
219 1367 398 1410 δυσάντητος,
424 1375 551 1401 τοιούτων
576 1374 658 1401 αὐτοῦ
683 1374 722 1410 τῷ
746 1374 851 1409 σώματι
869 1382 938 1409 συμ-

149 1422 318 1457 πεφυκότων.
341 1422 455 1448 Ἔπειτα
473 1420 501 1447 δὲ
522 1420 646 1456 παρεῖδεν
661 1419 693 1446 ἂν
707 1419 755 1455 τὴν
780 1419 833 1446 τῶν
850 1419 937 1447 ἄλλων

149 1468 253 1504 ἀρχὴν,
281 1467 356 1493 οὐδὲν
381 1467 429 1502 τῆς
455 1465 598 1502 συνεργίας
624 1465 678 1492 τῶν
698 1466 861 1501 ὑποχειρίων
880 1466 937 1492 δεό-

151 1523 241 1549 μενος.
266 1514 335 1540 Νυνὶ
350 1513 379 1540 δὲ
401 1513 494 1540 τούτου
516 1513 595 1548 χάριν
617 1512 659 1547 ἐφ’
675 1512 789 1538 ἕκαστον
809 1513 862 1539 τῶν
885 1513 936 1539 ὑπ-
950 1527 971 1555 C

149 1559 320 1596 εζευγμένων
331 1561 395 1595 ἡμῖν
408 1560 435 1586 αἱ
456 1559 502 1585 τοῦ
515 1559 571 1594 βίον
585 1559 674 1594 χρεῖαι
689 1557 934 1594 κατεμερίσθησαν,

149 1605 187 1637 ὡς
200 1605 350 1639 ἀναγκαίαν
363 1606 450 1631 ποιεῖν
463 1604 511 1640 τὴν
524 1603 584 1630 κατ’
601 1603 713 1630 ἐκείνων
729 1603 825 1639 ἀρχήν.
841 1602 877 1628 Τὸ
889 1602 938 1638 μὲν

151 1651 235 1687 βραδὺ
252 1651 298 1677 τοῦ
317 1650 442 1686 σώματος
457 1649 629 1685 δυσκίνητον,
652 1649 696 1675 τὸν
713 1649 794 1676 ἵππον
811 1649 843 1684 τῇ
861 1647 939 1683 χρείᾳ

153 1697 310 1732 προσήγαγέ
331 1705 360 1722 τε
382 1697 428 1722 καὶ
453 1695 614 1730 ἐδαμάσατο.
662 1695 693 1721 'H
718 1695 746 1721 δὲ
767 1694 817 1728 τῆς
840 1695 939 1729 σαρκὸς

152 1743 288 1778 γυμνότης
302 1742 454 1776 ἀναγκαίαν
476 1742 525 1777 τὴν
547 1741 600 1768 τῶν
624 1741 766 1777 προϐάτων
779 1740 939 1766 ἐπιστασίαν

153 1788 289 1823 ἐποίησεν,
304 1789 336 1814 ὲκ
353 1787 402 1822 τῆς
420 1786 526 1821 ἑτησίου
543 1786 596 1812 τῶν
611 1786 692 1821 ἐρίων
708 1786 792 1820 φορᾶς
809 1785 857 1820 τῆς
871 1785 940 1820 ἡμε-

151 1834 233 1869 τέρας
250 1833 356 1868 φύσεως
384 1831 589 1867 ἁτιαπληροῦσαν
615 1832 644 1857 τὸ
665 1831 766 1857 λεῖπον.
791 1831 828 1856 Τὸ
849 1829 940 1861 δὲτὰς

152 1879 278 1913 ἀφορμὰς
295 1879 361 1913 ἡμῖν
388 1877 436 1908 τὰς
452 1877 518 1912 πρὸς
534 1877 578 1903 τὸν
597 1876 653 1911 βίον
666 1877 711 1903 καὶ
724 1876 753 1909 ἐξ
770 1875 869 1910 ἑτέρων
886 1876 940 1901 εἰσ-

153 1924 278 1958 άγεσθαι.
300 1923 334 1949 τὰ
350 1922 488 1957 ἀχθοφόρα
502 1922 555 1948 τῶν
573 1921 650 1954 ζώων
665 1923 725 1953 ταῖς
739 1921 875 1952 τοιαύταις
891 1921 941 1947 ὑπ-

153 1969 278 2005 ηρεσίαις
292 1968 447 2000 ὑπέζευξεν.
472 1968 550 1994 Ἀλλὰ
568 1968 620 2003 μὴν
632 1968 663 1994 τὸ
679 1967 716 2003 μὴ
733 1967 862 1994 δύνασθαι
880 1967 940 1993 καθ’

153 2016 299 2050 ὁμοιότητα
321 2014 373 2040 τῶν
401 2014 578 2049 βοσκημάτων
602 2014 765 2048 ποηφαγεῖν,
786 2013 941 2049 ὑποχείριον

154 2061 193 2097 τῷ
210 2061 260 2096 βίῳ
275 2060 320 2086 τὸν
334 2060 396 2094 βοῦν
410 2060 607 2095 ἀπειργάσατο,
625 2060 680 2090 τοῖς
699 2058 773 2090 ἰδίοις
787 2058 877 2091 πόνοις
892 2058 940 2093 τὴν

155 2107 226 2142 ζωὴν
240 2107 305 2142 ἡμῖν
318 2106 541 2141 ὲξευμαρίζοντα.
560 2106 635 2132 Ἐπεὶ
649 2105 678 2132 δὲ
699 2105 745 2132 καὶ
766 2105 878 2131 ὀδόντων
895 2105 941 2130 καὶ

154 2153 290 2188 δήγματος
301 2149 335 2187 ἦν
350 2151 429 2187 χρεία
440 2151 507 2186 ﬁgo;
520 2151 550 2177 τὸ
566 2149 799 2184 καταγωνίζεσθαί
812 2158 872 2175 τινα
888 2149 941 2175 τῶν

988 919 1014 946 id
1031 919 1103 953 quod
1117 927 1132 946 a
1147 923 1245 947 natura
1259 921 1338 948 nobis
1358 920 1455 949 deesse
1478 921 1594 954 videtur,
1615 931 1696 950 unam
1712 931 1775 952 esse

987 973 1099 993 causam
1119 966 1154 993 ob
1171 974 1252 1001 quam
1267 971 1366 994 caetera
1388 972 1482 995 nostra
1498 967 1554 995 sint
1575 968 1603 995 in
1627 973 1772 1003 potestate.

986 1009 1054 1037 Nam
1072 1010 1095 1038 si
1108 1018 1147 1038 ea:
1163 1011 1282 1039 hominis
1293 1012 1364 1039 vires
1387 1011 1487 1045 forent,
1509 1016 1539 1039 ut
1565 1020 1651 1048 equos
1673 1014 1774 1042 celeri~

987 1060 1042 1084 tate
1062 1061 1249 1092 prazcurreret,
1275 1065 1306 1084 ac
1326 1058 1407 1093 pedes
1430 1058 1543 1086 haberet
1563 1067 1595 1087 ea
1615 1059 1724 1093 duritie,
1746 1066 1775 1088 ut

987 1103 1046 1130 Ludi
1060 1111 1114 1130 non
1135 1106 1257 1138 possent,
1276 1102 1386 1138 ungulis
1402 1103 1530 1130 nimirum
1545 1105 1640 1132 solidis
1654 1105 1697 1134 vel
1708 1106 1773 1133 che-

989 1147 1022 1175 lis
1035 1148 1177 1181 munitos;
1200 1151 1329 1182 praeterea
1350 1147 1401 1182 ipsi
1421 1155 1470 1175 nec
1487 1155 1590 1175 cornua
1614 1157 1665 1177 nec
1688 1152 1776 1179 aculei

988 1200 1038 1219 nec
1057 1201 1161 1227 ungues
1177 1193 1303 1220 deessent
1318 1202 1324 1220 :
1343 1193 1459 1228 primum
1478 1193 1587 1228 quidem
1604 1196 1775 1224 immanitate

989 1237 1063 1265 ferus
1077 1245 1108 1265 ac
1121 1238 1240 1266 crudelis
1258 1242 1341 1272 esset,
1363 1239 1445 1266 rebus
1460 1239 1493 1266 ad
1521 1241 1700 1269 exercendam
1724 1250 1775 1270 sat-

989 1283 1081 1310 vitiam
1097 1284 1263 1319 comparatis
1278 1292 1293 1311 a
1314 1290 1410 1311 natura
1429 1284 1590 1315 instructus.
1607 1285 1708 1315 Deinde
1724 1287 1775 1314 im-

988 1329 1092 1364 perium
1113 1329 1140 1356 in
1158 1336 1202 1356 res
1215 1333 1327 1357 ceteras
1345 1337 1398 1357 non
1418 1335 1590 1366 occupasset,
1606 1333 1716 1367 quando
1735 1333 1775 1361 eis

988 1375 1069 1401 etiam
1085 1374 1199 1409 imperio
1218 1382 1268 1402 suo
1281 1375 1413 1410 subjectis
1430 1376 1530 1402 nullam
1553 1377 1586 1404 ad
1605 1385 1661 1405 rem
1686 1379 1776 1413 eguis-

988 1424 1038 1447 set.
1058 1418 1135 1447 Nunc
1155 1420 1275 1455 hacipsa
1293 1421 1326 1448 de
1345 1428 1427 1449 causa
1450 1422 1555 1457 singula
1568 1423 1645 1457 quasi
1673 1425 1775 1453 manci-

988 1466 1030 1501 pia
1051 1470 1143 1494 nostra
1159 1467 1282 1495 diversos
1295 1467 1329 1495 ad
1350 1475 1416 1495 usus
1427 1469 1488 1496 vitae
1511 1469 1720 1503 destinavimus,
1747 1477 1776 1499 ut.

988 1512 1099 1539 omnino
1111 1512 1189 1540 nobis
1199 1520 1310 1541 necesse
1325 1514 1361 1541 sit
1373 1514 1438 1548 ipsis
1451 1522 1512 1542 cum
1526 1516 1639 1550 imperio
1648 1524 1773 1551 praeesse.

989 1557 1082 1592 itaque
1101 1565 1163 1586 cum
1175 1559 1210 1585 ob
1225 1559 1350 1594 corporis
1362 1560 1538 1595 exiguitatem
1560 1561 1619 1588 loco
1633 1570 1685 1590 non
1708 1564 1776 1591 saris

990 1603 1095 1639 agiliter
1121 1611 1287 1638 moveamur,
1316 1613 1416 1640 equum
1446 1606 1550 1634 scilicet
1581 1607 1713 1636 domitum
1741 1610 1775 1636 ad

990 1657 1069 1677 usum
1087 1653 1211 1677 nostrum
1226 1650 1384 1678 accivimus.
1404 1651 1532 1686 Corporis
1556 1653 1676 1687 nuditas,
1696 1658 1726 1681 ut
1747 1654 1774 1681 in

989 1703 1054 1723 oves
1080 1695 1221 1731 imperium
1243 1697 1399 1724 necessario
1431 1705 1643 1732 usurparemus,
1665 1699 1773 1726 effecit:

989 1732 1044 1776 quo
1058 1748 1091 1768 ex
1104 1741 1204 1770 annuis
1220 1749 1314 1769 earum
1338 1741 1420 1773 lanis,
1446 1742 1518 1776 quod
1547 1748 1650 1770 natura:
1676 1748 1777 1772 nostrae

990 1786 1092 1821 deerat,
1110 1794 1289 1815 sumeremus.
1303 1786 1380 1819 Quod
1400 1787 1460 1815 aliis
1479 1795 1512 1814 ex
1527 1788 1685 1822 regionibus
1702 1797 1776 1825 qua:-

990 1833 1052 1860 dam
1077 1832 1111 1859 ad
1135 1832 1217 1859 vitam
1233 1831 1421 1861 sustinendam
1452 1832 1567 1867 petenda
1595 1838 1697 1866 essent,
1713 1835 1777 1862 fecit

991 1882 1020 1905 ut
1040 1878 1167 1905 animalia
1184 1885 1243 1913 qtue
1255 1877 1371 1905 ferendis
1387 1877 1517 1905 oneribus
1531 1883 1633 1911 essent,
1655 1879 1681 1907 in
1705 1880 1776 1908 hunc

992 1932 1070 1951 usum
1087 1924 1241 1959 subjugum
1260 1923 1440 1951 mitteremus.
1462 1924 1530 1957 Quia
1550 1932 1631 1960 porro
1641 1925 1697 1953 ﬁeri
1722 1934 1777 1954 non

992 1973 1097 2004 poterat
1114 1973 1143 1996 ιιι
1159 1969 1245 1996 instar
1261 1969 1427 2005 reliquorqu
1446 1977 1574 2004 pecorum
1598 1971 1690 1998 herbis
1715 1980 1778 2007 gra-

993 2013 1118 2048 mineque
1134 2021 1306 2042 vescerentur
1322 2023 1328 2040 :
1349 2013 1451 2041 idcirco
1473 2015 1567 2042 bovem
1587 2015 1664 2044 nobis
1683 2017 1775 2051 subje-

992 2060 1089 2091 cimus,
1110 2067 1164 2094 quo
1184 2067 1231 2095 pro
1247 2059 1325 2087 nobis
1345 2060 1486 2087 laborante
1509 2060 1650 2095 conﬁeret,
1676 2066 1705 2088 ut
1728 2071 1778 2090 nos

989 2106 1109 2140 jucunde
1126 2105 1306 2141 facillimeque
1321 2106 1496 2141 agitaremus.
1513 2106 1646 2135 Dentibus
1660 2115 1691 2135 ac
1704 2117 1778 2135 mor-

993 2160 1024 2178 su
1043 2151 1120 2178 nobis
1138 2159 1207 2186 opus
1221 2155 1279 2178 erat
1301 2151 1333 2177 ad
1353 2152 1533 2186 expugnanda
1550 2156 1647 2179 caetera
1672 2155 1778 2187 anima-

155 2198 242 2226 ἄλλων
256 2198 342 2230 ζώων,
358 2198 401 2224 διὰ
413 2198 462 2232 τῆς
475 2197 528 2223 τῶν
545 2197 657 2223 ὀδόντων
675 2195 786 2231 βλάϐης,
804 2194 937 2230 παρέσχεν

993 2197 1164 2233 lia,pr-.ebuit
1184 2197 1216 2224 ad
1239 2197 1310 2224 hunc
1327 2205 1404 2225 usum
1425 2197 1504 2224 nobis
1525 2198 1662 2225 maxillam
1691 2200 1779 2233 canis,

155 2245 169 2270 δ
185 2243 257 2270 κύων
271 2242 338 2279 μετὰ
349 2242 396 2269 τοῦ
412 2243 509 2276 τάχους
521 2242 570 2277 τὴν
584 2242 651 2268 ἰδίαν
665 2241 745 2275 γένυν
759 2241 790 2275 τῇ
819 2240 942 2274 ἡμετέρᾳ

155 2291 244 2326 χρείᾳ,
259 2287 315 2316 οἶόν
336 2298 376 2321 τις
395 2288 514 2324 ἔμψυχος
529 2288 650 2323 μάχαιρα
667 2286 705 2321 τῷ
721 2286 855 2322 ἀνθρώπῳ
868 2285 943 2320 γενό-

158 2345 246 2372 μενος.
273 2335 402 2371 Κεράτων
424 2335 452 2361 δὲ
481 2334 615 2370 προϐολῆς
646 2333 692 2360 καὶ
721 2333 824 2368 ὀνύχων
849 2332 942 2367 ἀκμῆς

158 2382 329 2418 ἰσχυρότερός
343 2389 372 2408 τε
387 2381 434 2408 καὶ
454 2380 607 2416 τομώτερος
627 2379 796 2414 ἐπινενόηται
820 2379 876 2410 τοῖς
897 2378 942 2404 ἀν-

156 2427 274 2462 θρώποις
290 2428 304 2453 ὁ
317 2427 432 2462 σίδηρος,
446 2426 496 2452 οὐκ
509 2425 552 2452 ἀεὶ
566 2423 750 2460 συμπεφυκὼς
761 2425 836 2460 ἡμῖν,
848 2423 941 2458 ὥσπερ

156 2474 212 2503 τοῖς
227 2472 330 2507 θηρίοις
345 2473 445 2500 ἐκεῖνα,
459 2470 515 2497 ἀλλ’
531 2471 577 2497 ἐπὶ
594 2470 690 2506 καιροῦ
705 2470 896 2505 συμμαχήσας,
910 2468 942 2494 τὸ

155 2518 247 2545 λοιπὸν
263 2518 305 2552 ἐφ’
318 2517 413 2544 ἑαυτοῦ
430 2518 514 2552 μένει.
538 2517 592 2543 Καὶ
608 2516 668 2543 ἀντὶ
681 2516 730 2550 τῆς
743 2515 790 2542 τοῦ
804 2514 942 2550 κροκοδεί-

155 2564 204 2590 λου
227 2563 360 2598 φωλίδος,
388 2563 445 2589 ἐστι
475 2562 522 2596 μὲν
551 2562 598 2588 καὶ
624 2561 704 2588 αὑτὸν
731 2562 833 2588 ἐκεῖνον
861 2560 942 2586 ὅπλον

156 2608 332 2643 ποιήσασθαι,
349 2609 418 2635 κατὰ
434 2607 529 2643 καιρὸν
542 2607 591 2641 τὴν
610 2607 690 2642 δορὰν
704 2607 892 2641 περιθέμενον.
910 2606 942 2632 ΕΙ.

155 2655 183 2681 δὲ
198 2655 245 2690 μὴ,
261 2654 455 2690 σχηματίζεται
472 2654 518 2680 καὶ
532 2653 599 2688 προς
612 2652 691 2680 τοῦτο
702 2652 776 2688 παρὰ
788 2652 837 2687 τῆς
848 2651 944 2687 τέχνης

155 2702 170 2727 ό
187 2700 304 2735 σίδηρος,
319 2700 348 2731 ὃς
364 2700 409 2725 ἐπὶ
424 2698 519 2734 καιροῦ
536 2699 603 2734 πρὸς
616 2698 661 2725 τὸν
676 2697 793 2732 πόλεμον
808 2697 946 2732 ὑπηρετή-

156 2755 217 2778 σας.
235 2746 316 2773 πάλιν
346 2744 486 2780 ἐλεύθερον
517 2743 563 2771 τοῦ
582 2743 680 2779 ἄχθους
705 2743 749 2769 ἐπ’
768 2742 878 2778 εἰρήνης
898 2742 945 2769 τὸν

151 2791 427 2828 όπλίτηνκατὲλιπεν.
445 2791 590 2825 ’Υπηρετεῖ
600 2789 678 2824 δὲ’-τῷ
688 2789 737 2824 βίῳ
749 2790 795 2817 καὶ
808 2789 837 2816 τὺ
849 2789 946 2824 πτερὸν

155 2841 211 2867 τῶν
227 2839 338 2874 ὀρνέων,
352 2837 389 2868 ὡς
407 2835 473 2872 μηδὲ
488 2835 533 2862 τοῦ
546 2834 646 2871 πτηνοῦ
663 2835 761 2870 τάχους
777 2835 809 2861 δι’
827 2834 946 2867 ἐπινοίας

996 2248 1075 2276 atque
1097 2243 1177 2269 etiam
1191 2242 1359 2270 velocitatem
1374 2250 1462 2274 suam,
1488 2246 1516 2269 ut
1536 2251 1589 2270 non
1605 2244 1722 2273 absurde
1741 2246 1780 2272 vi-

995 2297 1045 2315 vus
1073 2288 1191 2315 hominis
1212 2288 1318 2322 gladius
1330 2288 1382 2315 dici
1400 2288 1496 2322 possit.
1514 2288 1652 2316 Cornuum
1672 2295 1699 2318 et
1730 2299 1780 2318 un-

993 2334 1086 2370 guium
1104 2334 1164 2361 loco
1179 2334 1250 2361 ferro
1266 2333 1396 2360 utendum
1407 2340 1467 2360 esse
1484 2333 1573 2368 potius
1586 2334 1709 2363 homines
1723 2336 1781 2362 ani—

996 2379 1208 2409 madverterunt.
1231 2378 1301 2413 quod
1318 2378 1362 2404 illa
1379 2385 1441 2405 cum
1455 2377 1565 2410 duritie,
1581 2382 1638 2406 tum
1655 2381 1782 2409 acumine

995 2425 1074 2460 longe
1090 2425 1182 2452 vincit.
1195 2423 1355 2458 Quanquam
1372 2423 1474 2451 ferrum
1497 2423 1621 2451 homines
1636 2433 1689 2452 non
1708 2434 1780 2454 sem-

997 2478 1044 2505 per
1059 2472 1202 2504 usurpant,
1221 2469 1291 2495 sicut
1309 2468 1353 2494 illa
1371 2467 1581 2503 ferisnunquam
1600 2477 1652 2496 non
1670 2470 1781 2504 adsunt;

997 2515 1043 2543 sed
1062 2515 1164 2542 utimur
1180 2522 1212 2541 eo
1230 2513 1376 2544 interdum,
1400 2521 1460 2540 cum
1478 2513 1514 2540 ita
1535 2522 1578 2542 res
1600 2516 1729 2549 postulat,
1749 2524 1782 2544 ac

997 2561 1095 2588 deinde
1110 2560 1230 2587 vicissim
1250 2559 1405 2594 deponitur.
1439 2559 1493 2586 Pro
1506 2560 1636 2587 crocodili
1653 2568 1782 2596 squamea

996 2613 1068 2638 cute,
1087 2607 1148 2634 licet
1161 2606 1196 2633 ab
1214 2605 1310 2633 eodem
1331 2609 1422 2640 petere
1442 2605 1514 2640 quod
1545 2614 1594 2633 nos
1622 2607 1737 2640 muniat,
1758 2607 1783 2635 si

996 2652 1122 2680 videlicet
1132 2655 1179 2679 aut
1189 2656 1306 2686 tergora,
1328 2655 1374 2678 aut
1391 2651 1491 2678 ferrum
1509 2652 1542 2678 ad
1553 2652 1678 2680 eumdem
1702 2660 1781 2679 usum

998 2699 1199 2726 conformatum
1215 2697 1371 2724 induanrus.
1388 2696 1445 2724 Hoc
1472 2697 1536 2724 belli
1562 2701 1681 2732 tempore
1709 2701 1783 2732 post-

998 2753 1079 2780 quam
1109 2744 1186 2771 miles
1218 2743 1370 2777 usurpavit,
1391 2750 1457 2778 pace
1476 2743 1632 2773 constituta,
1660 2741 1783 2776 ejusdem

1000 2795 1083 2816 onere
1100 2795 1130 2815 se
1146 2788 1225 2815 levat.
1243 2787 1328 2814 Etiam
1342 2787 1431 2813 avium
1445 2794 1539 2821 penna:
1559 2785 1697 2812 hominum
1710 2794 1786 2814 com-

1003 2834 1090 2864 modis
1111 2835 1243 2870 serviunt,
1256 2833 1390 2861 efﬁciente
1403 2832 1542 2860 hominum
1562 2829 1702 2865 industria,
1713 2830 1784 2865 quod
