1976 3077
203 132 255 160 N3

825 126 852 154 S.
869 124 1031 153 GREGORII
1048 124 1194 154 NYSSENI

1777 124 1827 151 Hi

205 201 239 220 ne.
250 191 368 219 volucris
379 188 488 224 quidem
505 188 549 215 illa
562 187 706 222 pernicitas
721 194 734 213 a
751 187 829 214 nobis
854 187 991 215 desiderc~

1050 189 1116 224 ἡμᾶς
1139 188 1341 215 ἀπολείπεσθαι.
1363 187 1403 213 Τὰ
1426 186 1474 222 μὲν
1491 184 1544 222 γὰρ
1564 186 1593 219 ἐξ
1609 184 1698 212 αὐτῶν
1715 183 1827 211 τιθασσὰ

206 242 260 266 tur.
278 238 373 265 Avium
389 236 460 264 enim
479 235 602 270 quaedam
619 233 696 261 factae
714 233 832 266 cicures,
854 233 991 261 venatori-

206 284 257 312 bus
275 283 335 310 usui
352 287 415 309 sunt
431 290 438 314 ;
454 287 547 308 earum
568 286 687 314 namque
707 286 790 314 opera
807 283 921 306 caeteras
944 285 991 305 ca-

205 326 305 361 pimus.
319 325 390 358 Quin
404 328 430 352 et
447 324 532 351 alatas
551 323 664 358 sagittas
682 329 726 350 ars
738 323 902 355 machinata,
915 323 991 350 volu-

204 377 278 398 crem
290 370 362 397 illam
374 369 560 404 pernicitatem
571 368 603 395 ad
616 374 682 394 usus
693 372 802 395 nostros
814 368 840 394 in
853 375 917 395 arcu
930 367 991 394 imi-

207 420 261 443 tata
277 419 327 442 est.
341 413 417 448 Quod
429 417 519 440 autem
533 413 632 448 plantae
645 416 746 440 nostra:
756 413 788 440 ad
802 413 898 440 itinera
907 411 992 447 perﬂ-

205 462 300 490 cieuda
312 465 474 496 comparatae
485 468 538 487 non
548 464 621 491 sunt,
632 459 733 495 quippe
743 468 802 494 qua:
811 459 938 487 facillime
950 459 992 487 la:-

205 509 321 535 dantur:
336 507 454 543 idipsum
466 506 541 539 facit,
558 510 588 533 ut
608 506 659 532 hac
676 506 757 533 etiam
772 506 798 532 in
809 510 885 540 parte
902 513 990 532 reme—

204 555 276 582 dium
286 561 449 589 quwramus,
459 552 626 588 pedibusque
634 552 734 579 nostris
743 551 849 579 calceos
856 555 989 586 aptemus.

504 607 619 636 CAPUT
640 607 708 634 Vill.

207 667 382 699 Quamobrem
398 670 469 692 recta
484 665 518 691 sit
536 664 648 690 hominis
658 664 754 699 figure,
777 668 830 699 tum
846 663 923 699 etiam
936 671 992 699 mq-

240 710 288 728 nus
304 701 432 728 sermonis
445 707 526 726 causa
542 700 627 732 facta:
639 707 693 725 esse
707 697 844 732 :denique,
854 703 876 724 et
890 697 922 724 de
931 698 991 723 mii-

241 745 343 763 morum
356 735 509 762 discrimine
523 735 675 761 disseritur.

239 793 411 821 Conveniunt
427 796 453 818 et
469 791 513 818 illa
523 789 691 825 imperatori,
704 789 838 824 regiaque
849 788 992 824 dignitatis

1041 234 1155 268 γίνεται,
1169 234 1216 260 καὶ
1230 234 1354 268 συνεργεῖ
1368 233 1423 263 τοῖς
1437 231 1598 267 θηρεύουσι’
1618 230 1651 257 τὰ
1665 230 1694 256 δὲ
1707 229 1740 255 δι’
1756 229 1827 256 ὲκεί-

1041 290 1094 309 νων
1107 282 1165 313 ταίς
1179 280 1284 316 χρείαις
1297 279 1376 315 ἡμῶν
1392 279 1426 306 δι’
1443 278 1565 309 ἐπινοίας
1579 277 1724 311 ὑπάγεται.
1749 275 1828 302 Ἀλλὰ

1042 327 1088 354 καὶ
1098 326 1260 362 πτερόεντας
1271 325 1335 360 ἡμῖν
1346 325 1408 356 τοὺς
1418 324 1524 355 ὀϊστοὺς
1536 324 1552 358 ή
1569 323 1652 358 τέχνη
1666 321 1698 348 δι’
1708 320 1829 352 ἐπινοίας

1041 372 1222 408 ποιησαμένη,
1238 371 1267 398 τὸ
1283 370 1382 405 πτηνὸν
1399 371 1479 405 τάχος
1493 370 1551 401 ταῖς
1565 367 1712 404 ἡμετέραις
1724 367 1830 402 χρείαις

1040 420 1085 446 διὰ
1098 419 1145 445 τοῦ
1157 418 1233 452 τόξου
1259 417 1408 453 χαρίζεται.
1435 416 1471 442 Τὸ
1485 415 1513 442 δὲ
1530 414 1658 445 εὐπαθεῖς
1675 413 1721 440 καὶ
1738 412 1829 448 εὐαρί-

1042 474 1124 497 πτους
1138 466 1204 500 ἡμῖν
1216 464 1284 499 πρὸς
1295 463 1344 498 τὴν
1356 462 1468 498 πορείαν
1483 459 1552 488 εἶναι
1566 459 1615 492 τὰς
1632 460 1734 495 βάσεις,
1747 460 1831 493 ἀναγ-

1042 511 1122 538 καίαν
1139 511 1210 537 ποιεί
1224 509 1272 544 τὴν
1285 510 1317 536 ὲκ
1332 509 1387 535 τῶν
1400 507 1562 542 ὑποχειρίων
1575 506 1728 541 συνεργίαν.
1743 505 1829 531 Ἐκεῖ-

1041 557 1086 584 Θεν
1104 557 1157 592 γάρ
1173 557 1229 582 ἐστι
1242 556 1296 587 τοῖς
1312 554 1374 580 ποσὶ
1389 553 1571 589 περιαρμόσαι
1583 552 1617 579 τὰ
1631 551 1734 578 πέδιλα.

1311 611 1507 638 ΚΕΦΑΛΛΙΟΝ
1525 610 1565 636 II'.

1042 671 1093 697 Διὰ
1106 670 1135 697 τί
1154 670 1254 703 ὄρθιον
1275 669 1327 696 τοῦ
1343 668 1500 702 ἀνθρώπου
1518 667 1550 703 τρ
1571 665 1691 703 σχῆμα,
1715 663 1830 703 κτιιλότι

1077 705 1125 732 διὰ
1138 698 1192 731 τόν
1206 706 1301 739 λόγον
1312 706 1342 731 αἱ
1356 698 1462 738 xei—18¢
1477 704 1512 729 ἐν
1525 698 1548 735 ᾧ
1562 698 1611 734 τιξ
1623 698 1671 726 καὶ
1688 699 1752 733 περὶ
1767 699 1831 725 δια-

1077 739 1171 774 φορᾶς
1184 739 1292 774 ψυχῶν
1305 739 1478 773 φιλοσοφία.

1080 795 1190 830 Ὀρθιον
1209 795 1238 822 δὲ
1259 795 1298 830 τῷ
1313 794 1448 830 ἀνθρώπῳ
1470 794 1499 820 τὸ
1515 793 1618 828 σχῆμα,
1643 792 1690 818 καὶ
1705 790 1772 827 πρὸς
1785 790 1831 816 τὸν

205 839 305 867 indicia
315 841 389 870 sunt,
399 837 469 871 quod
482 840 554 862 recta
566 835 668 862 homini
680 835 764 869 ﬁgura
774 834 874 860 tributa
883 833 928 864 sit,
937 839 990 867 qua

1050 839 1156 874 ὶὺρανὸν
1171 839 1356 871 ἀνατείνεται,
1381 839 1426 864 καὶ
1444 839 1500 865 ἄνω
1517 838 1619 873 βλέπει.
1648 836 1760 872 Ἀρχικὰ
1785 836 1832 862 καὶ

204 886 238 913 ad
249 885 347 912 cadum
359 882 456 915 tendit,
468 890 499 909 ac
510 889 619 908 sursum
632 885 746 915 spectat.
755 878 823 906 Nam
833 878 905 913 quod
916 878 992 906 solus

205 933 285 960 homo
301 931 371 958 inter
389 929 455 956 alias
473 935 516 955 res
530 931 637 954 creatas
658 925 815 960 huiusmodi
826 924 994 959 sit,reliquis

204 977 330 1004 omnibus
347 981 460 1010 corpore
480 974 608 1001 deorsum
628 972 821 1007 vergentibus:
842 970 994 998 clarissime

204 1024 391 1054 demonstrat,
412 1024 515 1055 quanto
534 1023 653 1054 potestas
673 1022 777 1045 natura:
795 1024 879 1052 supra
896 1020 993 1044 etetcra

203 1067 349 1095 eminentis
365 1065 538 1101 praestantior
555 1065 608 1091 illis
624 1064 670 1096 sit,
685 1071 746 1098 qua:
762 1070 791 1090 se
807 1062 890 1098 hujus
906 1062 994 1096 impe-

204 1114 246 1141 rio
266 1113 442 1141 submittunt.
461 1110 562 1138 Horum
579 1109 716 1136 anteriora
730 1109 855 1143 corporis
871 1108 994 1135 membra

204 1160 285 1194 pedes
299 1161 372 1193 sunt,
385 1157 458 1192 quod
471 1163 503 1183 ea
517 1163 577 1190 qua:
591 1155 719 1182 deorsum
733 1157 866 1189 spectant,
883 1153 994 1181 omnino

204 1204 322 1240 quodam
338 1203 416 1238 quasi
435 1202 521 1229 fulcro
537 1201 703 1235 indigebant.
722 1199 750 1226 ln
768 1199 887 1226 hominis
902 1203 992 1225 autem

203 1252 312 1287 opiﬁcio
325 1257 422 1277 manus
435 1250 533 1276 horum
546 1249 606 1274 loco
615 1251 679 1274 sunt
694 1248 781 1274 facta.
791 1246 858 1272 Nam
869 1246 895 1272 in
909 1245 993 1281 ﬁgura

204 1301 295 1326 erecta
317 1304 401 1324 unum
422 1296 499 1330 quasi
520 1294 726 1321 fundamentum
743 1292 901 1324 suﬁiciebat,
921 1292 994 1327 quod

207 1349 323 1378 utroque
335 1343 402 1378 pede
417 1345 533 1369 stantem
548 1340 662 1367 iirmiter
679 1339 799 1366 fulcirct.
817 1339 882 1365 Erat
897 1343 924 1366 et
942 1346 994 1366 cae-

205 1389 312 1425 teroqui
328 1395 459 1416 manuum
476 1394 559 1422 opera
574 1385 607 1413 ad
624 1385 769 1421 eloqucndi
785 1385 838 1412 vim
856 1385 996 1420 adjuvan—

205 1437 268 1463 dam
280 1433 445 1462 necessaria.
458 1432 552 1468 Itaque
564 1432 587 1459 si
598 1432 660 1467 quis
670 1431 742 1459 dicat
757 1435 862 1458 natura:
874 1431 994 1465 loquenti

207 1488 304 1508 manus
314 1478 450 1508 sermonis
460 1486 543 1506 causa
555 1484 617 1506 esse
627 1477 715 1510 datas,
727 1484 780 1505 non
793 1478 816 1504 is
825 1476 934 1512 quidem
944 1478 996 1512 pla-

1044 885 1140 916 ταῦτα,
1158 885 1204 911 καὶ
1216 885 1265 920 τὴν
1283 885 1425 920 βασιλικὴν
1440 884 1517 917 ἀξίαν
1536 883 1772 919 ἐπισημαίνονται.
1795 881 1832 908 Τὸ

1045 930 1099 966 γὰρ
1116 931 1194 966 μόνον
1207 931 1235 957 ὲν
1249 932 1305 962 τοῖς
1322 929 1380 957 οὖσι
1395 930 1513 956 τοιοῦτον
1530 928 1598 955 εἶναι
1615 928 1659 955 τδν
1679 927 1830 962 άνὺρωπον,

1044 978 1100 1008 τοῖς
1115 977 1141 1004 δὲ
1163 977 1254 1009 ἄλλοις
1279 977 1365 1004 ἆπασι
1387 977 1454 1012 πρὸς
1472 976 1501 1002 τὸ
1524 976 1598 1002 κάτω
1621 974 1774 1001 νενευκέναι
1798 973 1832 998 τὰ

1046 1022 1169 1058 σώματα,
1183 1023 1275 1057 σαφῶς
1286 1022 1403 1048 δείκνυσι
1416 1022 1464 1056 τὴν
1478 1022 1527 1056 τῆς
1542 1021 1619 1053 ἀξίας
1628 1019 1767 1054 διαφορὰν,
1778 1018 1832 1044 τῶν

1045 1077 1074 1095 τε
1088 1069 1297 1095 ὑποκυπτόντων
1307 1070 1339 1104 τῇ
1353 1069 1506 1103 δυναστείᾳ,
1521 1068 1568 1094 καὶ
1582 1067 1630 1102 τῆς
1645 1063 1832 1100 ὑπερανεστώ-

1046 1124 1095 1150 σης
1112 1115 1200 1142 αὐτῶν
1221 1114 1352 1146 ἐξουσίας.
1378 1114 1441 1146 Τοῖς
1457 1114 1505 1150 μὲν
1523 1113 1576 1149 γὰρ
1599 1113 1686 1144 ἄλλοις
1703 1112 1785 1138 ἆπασι
1799 1111 1833 1137 τὰ

1045 1161 1198 1197 ἔμπροσθεν
1214 1160 1288 1188 κῶλα.
1301 1160 1347 1187 τοῦ
1364 1160 1488 1196 σώματος
1503 1159 1581 1190 πόδ;;
1595 1159 1657 1186 εἰσὶ.
1669 1158 1734 1184 διότι
1747 1157 1777 1184 τὸ
1790 1166 1834 1184 κε-

1046 1208 1131 1242 κυφὸς
1145 1207 1229 1234 ἐδεῖτο
1242 1207 1350 1238 πάντως
1371 1205 1417 1232 τοῦ
1433 1205 1617 1240 ὑπερείδοντος
1636 1212 1642 1219 ·
1669 1203 1716 1230 ἐπὶ
1735 1203 1763 1229 δὲ
1783 1202 1834 1236 τῆς

1030 1253 1092 1290 ,τοῦ
1109 1253 1254 1289 ἀνθρώπου
1268 1251 1440 1286 κατασκευῆς
1454 1253 1543 1286 χεῖρες
1557 1250 1591 1276 τὰ
1608 1249 1682 1276 κῶλα
1699 1248 1833 1283 ἐγένοντο.

1046 1299 1098 1326 Τοῦ
1121 1300 1175 1334 γὰρ
1200 1299 1292 1335 ὀρθίου
1318 1298 1456 1333 σχήματος
1480 1297 1618 1332 αὐτάρκης
1638 1294 1672 1331 ἦν
1695 1295 1764 1330 πρὸς
1786 1294 1835 1330 τὴν

1046 1345 1139 1381 χρείαν
1165 1345 1215 1381 μία
1241 1345 1336 1380 βάσις,
1358 1343 1460 1374 διπλοῖς
1481 1342 1559 1369 ποσὶν
1583 1343 1611 1368 ἐν
1627 1340 1761 1376 ἀσφαλείᾳ
1786 1340 1835 1376 τὴν

1048 1391 1142 1418 στάσιν
1159 1390 1308 1426 ἐρείδουσα.
1329 1388 1433 1418 Ἀλλως
1448 1387 1475 1414 δὲ
1490 1387 1536 1414 καὶ
1548 1388 1580 1422 τῇ
1597 1385 1642 1413 τοῦ
1660 1385 1738 1419 λόγου
1757 1385 1836 1420 χρείᾳ

1048 1439 1176 1473 συνεργός
1191 1437 1263 1462 ἐστιν
1275 1437 1290 1471 ἡ
1306 1435 1359 1462 τῶν
1373 1426 1470 1470 χειρῶν
1483 1433 1627 1469 ὑπουργία.
1647 1432 1700 1458 Καί
1718 1440 1758 1463 τις
1771 1431 1836 1458 ἴδιον

1047 1484 1096 1520 τῆς
1112 1483 1224 1518 λογικῆς
1242 1482 1350 1517 φύσεως
1373 1481 1422 1516 τὴν
1441 1481 1494 1507 τῶν
1515 1479 1614 1516 χειρῶν
1632 1479 1782 1515 ὑπηρεσίαν
1797 1477 1836 1504 εί-

207 1536 240 1555 ne
259 1535 273 1554 a
296 1534 360 1554 vero
384 1525 557 1553 aberravcrit.
579 1523 608 1551 in
626 1531 680 1559 quo
697 1531 751 1551 non
767 1524 799 1550 ad
817 1523 869 1550 hoc
888 1527 995 1550 tantum

1050 1529 1115 1560 πὼν,
1135 1529 1167 1555 οὐ
1184 1528 1230 1555 τοῦ
1253 1528 1352 1559 παντὸς
1375 1527 1574 1563 ἁμαρτήσεται,
1590 1526 1620 1552 οὺ
1635 1525 1714 1561 μόνον
1728 1524 1795 1559 πρὸς
1807 1523 1837 1550 τὸ

206 1574 298 1600 animo
311 1571 510 1608 respiciendum
521 1576 573 1603 est,
583 1571 655 1606 quod
672 1571 765 1598 venire
779 1570 866 1598 cuivis
876 1570 903 1597 in
920 1578 996 1597 men-

207 1625 259 1646 tem
278 1623 376 1654 potest,
388 1619 517 1646 nimirum
534 1618 607 1653 quod
625 1618 724 1645 litteris
739 1618 857 1653 exprimi
875 1625 966 1645 sermo
981 1625 996 1644 :i

208 1665 287 1693 nobis
302 1672 430 1692 manuum
447 1664 558 1692 solertia
569 1665 638 1692 solet
655 1672 662 1691 :
680 1671 835 1699 quanquam
845 1663 996 1698 hocipsum

207 1718 261 1738 non
279 1718 293 1738 a
310 1711 384 1738 nulla
401 1710 515 1737 rationis
530 1710 686 1745 prmstantia
705 1708 856 1744 profectum
876 1715 929 1742 est,
946 1709 997 1737 ho-

207 1759 293 1785 mines
310 1765 358 1792 per
376 1757 482 1784 litteras
500 1757 584 1791 loqui,
609 1764 641 1783 ac
664 1763 748 1791 prope
773 1756 853 1783 modo
879 1755 996 1791 quodam

207 1803 333 1830 manibus
354 1803 426 1830 inter
447 1810 477 1830 se
499 1802 644 1834 disserere,
660 1801 812 1828 litterarum
830 1801 903 1828 notis
917 1809 998 1828 voces

208 1849 281 1884 ipsas
295 1847 598 1883 comprehendentibus.
614 1847 672 1882 Ego
688 1855 752 1874 vero
765 1855 827 1874 cum
848 1854 945 1874 manus
971 1847 997 1873 in

207 1894 386 1930 exprimendo
397 1901 523 1921 sermone
534 1893 637 1928 aliquid
658 1893 755 1920 τίσει-ιο
773 1893 923 1928 adjumcnti
935 1891 977 1920 aio
990 1901 996 1918 :

208 1940 281 1967 aliud
290 1940 379 1966 habeo
387 1947 441 1974 quo
450 1938 606 1973 respiciam.
619 1938 648 1965 In
660 1938 733 1973 quod
747 1943 892 1973 antequam
911 1938 1000 1973 inqui-

210 1984 386 2017 ramus,|ibet
400 1983 528 2019 quiddam
548 1983 733 2017 considerare,
741 1984 813 2019 quod
837 1984 970 2011 omissum
984 1992 999 2011 ιι

210 2031 289 2060 nobis
296 2034 348 2059 est.
355 2030 455 2058 Parum
461 2031 532 2057 enim
542 2030 629 2057 abfuit
639 2031 703 2065 quin
713 2031 771 2065 ejus
781 2030 857 2057 obliti
866 2038 999 2063 essemus,

209 2076 282 2110 quod
293 2075 320 2102 in
332 2074 428 2102 ordine
436 2081 538 2107 rerum,
550 2077 579 2101 ut
591 2082 629 2102 ea:
643 2074 759 2102 conditae
769 2079 843 2107 sunt,
856 2076 999 2110 praecedit:

210 2119 392 2153 Quamobrem
413 2121 488 2154 prius
505 2127 550 2147 res
569 2127 583 2147 e
600 2124 670 2147 terra
689 2124 834 2148 nascentes
853 2121 1001 2156 pullulasse

210 2169 346 2199 dicantur,
360 2166 458 2194 deinde
471 2172 529 2194 orta
549 2174 612 2195 esse
629 2167 758 2195 animalia
774 2168 889 2196 rationis
903 2176 1000 2203 exper-

209 2215 246 2242 tia
257 2223 264 2241 :
274 2214 387 2248 locoque
403 2213 510 2240 demum
526 2213 618 2245 tertio,
628 2213 936 2244 crcatishis,hominem
946 2215 1000 2250 pri-

210 2266 285 2286 mum
297 2259 446 2286 exstitisse.
459 2258 585 2286 Fortasse
600 2258 633 2285 de
646 2259 697 2286 hoc
713 2267 765 2286 non
781 2259 806 2286 id
820 2260 908 2286 solum
924 2261 1001 2288 intel-

211 2304 258 2339 ligi
281 2307 382 2339 potest,
404 2302 476 2338 quod
500 2304 588 2332 cuivis
602 2304 728 2337 colligere
745 2305 817 2338 licet,
835 2306 922 2333 visum
941 2313 1003 2333 esse

212 2348 335 2375 Creatori
358 2348 434 2380 utile,
459 2353 488 2375 ut
504 2349 537 2376 ad
557 2349 715 2375 animalium
734 2353 840 2384 pastum
859 2350 957 2379 herbas
972 2358 1004 2378 ac

213 2394 336 2428 gramina
352 2394 490 2425 conderet,
503 2394 630 2420 animalia
651 2402 713 2421 vero
724 2395 756 2422 ad
768 2397 886 2424 hominis
899 2404 978 2424 usum
996 2406 1002 2423 :

214 2439 318 2467 idcirco
339 2443 401 2466 ante
415 2439 573 2465 animalium
590 2447 694 2474 greges,
715 2441 872 2468 eorumdem
891 2442 1005 2468 alimen-

214 2490 272 2512 tum
286 2495 292 2512 :
307 2491 334 2513 et
347 2493 407 2520 qua:
423 2485 542 2513 hominis
557 2487 617 2514 vitae
629 2488 765 2514 servitura
780 2493 868 2520 erant,
884 2493 946 2515 ante
957 2489 1005 2515 ho-

217 2531 315 2558 minem
328 2532 474 2559 exstitisse.
487 2533 543 2567 Ego
557 2533 596 2560 sic
606 2538 706 2566 statuo,
720 2533 811 2562 Mosen
831 2535 858 2562 in
871 2534 915 2562 his
927 2535 1006 2569 quid-

217 2579 279 2604 dam
293 2577 442 2606 tradidisse
457 2577 571 2606 arduum
585 2589 591 2606 ;
614 2583 640 2607 et
655 2580 744 2608 verbis
762 2581 871 2608 arcanis
886 2581 1002 2615 philoso-

219 2624 321 2658 phiam,
332 2631 392 2658 qua:
407 2628 448 2651 est
461 2625 494 2651 de
504 2625 605 2657 animo,
620 2630 801 2660 pcrtractasse
812 2635 818 2653 :
831 2626 1005 2654 inl'ormalam

218 2670 291 2697 illam
306 2670 413 2705 quidem
427 2670 507 2697 etiam
520 2671 553 2698 ab
566 2671 609 2703 iis,
623 2672 669 2706 qui
683 2672 710 2699 in
724 2673 810 2700 electo
821 2672 867 2700 Dei
884 2673 910 2700 in
926 2673 1007 2700 terris

218 2720 292 2743 ccetu
305 2716 494 2751 comprehensi
511 2725 566 2744 non
583 2717 703 2750 fuerunt,
719 2719 873 2754 magistris:
889 2719 936 2746 sed
950 2727 1009 2754 pro-

218 2761 291 2789 fecto
307 2762 434 2790 obscure.
458 2762 496 2790 De
516 2763 559 2790 his
578 2763 650 2790 enim
667 2764 758 2792 verbis
783 2764 936 2800 intelligere
950 2768 1006 2797 est,

218 2807 328 2835 vivendi
342 2808 395 2835 vim
411 2808 548 2843 animique
564 2808 718 2836 facultatem
735 2810 867 2845 triplicem
885 2815 1008 2838 statuen-

217 2852 280 2879 dam
295 2861 367 2887 esse;
383 2855 476 2881 harum
491 2854 604 2888 primam
618 2862 678 2882 esse
689 2855 774 2888 illam,
784 2864 836 2891 qua
847 2864 890 2884 res
906 2861 1010 2885 tantum

1048 1575 1136 1602 κοινὸν
1149 1575 1228 1601 τοῦτο
1240 1574 1287 1600 καὶ
1299 1573 1442 1608 πρόχειρον
1455 1572 1613 1607 ἀποτρέχων
1624 1572 1656 1606 τῇ
1671 1570 1784 1604 διανοίᾳ,
1796 1569 1837 1596 ὃτι

1047 1621 1192 1656 γράμμασι
1206 1620 1252 1646 τὸν
1271 1619 1348 1654 λόγον
1362 1618 1406 1646 διὰ
1419 1618 1468 1654 τῆς
1488 1618 1542 1644 τῶν
1556 1617 1654 1653 χειρῶν
1667 1616 1781 1651 εὐφυΐας
1793 1615 1837 1642 ὲν-

1049 1665 1239 1701 σημαινόμεθα
1252 1664 1319 1700 (ἔστι
1336 1664 1385 1699 μὲν
1399 1663 1453 1698 γὰρ
1465 1663 1525 1690 οὐδὲ
1537 1661 1617 1689 τοῦτο
1633 1661 1744 1697 λογικῆς
1757 1661 1836 1697 χάρι-

1048 1721 1092 1743 τος
1106 1711 1230 1747 ἄμοιρον,
1250 1711 1281 1738 τὸ
1307 1711 1472 1746 φθέγγεσθαι
1496 1711 1538 1737 διὰ
1556 1709 1728 1745 γραμμάτων
1751 1709 1837 1744 ἡμᾶς,

1049 1757 1096 1783 καὶ
1119 1757 1218 1792 τρόπον
1240 1756 1300 1783 τινὰ
1316 1756 1360 1783 διὰ
1383 1756 1473 1790 χειρδς
1495 1753 1684 1788 διαλέγεσθαι,
1712 1755 1768 1786 τοῖς
1783 1754 1838 1781 τῶν

1050 1803 1188 1838 στοιχείων
1202 1803 1374 1839 χαρακτῆρσι
1388 1802 1436 1834 τὰς
1453 1801 1544 1836 φωνὰς
1553 1799 1743 1835 διασώζοντας)
1754 1808 1761 1814 ·
1781 1800 1838 1826 ἀλλ’

1049 1849 1104 1882 ἐγὼ
1117 1849 1184 1884 πρὸς
1197 1849 1290 1883 ἓτερον
1306 1848 1422 1882 βλέπων,
1440 1842 1579 1882 συνεργεῖν
1594 1855 1664 1882 φημι
1679 1845 1728 1877 τὰς
1745 1847 1839 1880 χεῖρας

1049 1897 1082 1931 τῇ
1099 1895 1251 1930 ὲκφωνήσει
1267 1894 1313 1921 τοῦ
1327 1895 1405 1928 λόγου
1416 1903 1422 1909 ι
1445 1893 1544 1929 μᾶλλον
1573 1893 1600 1920 δὲ
1618 1893 1683 1928 πρὶν
1700 1891 1763 1926 περὶ
1776 1891 1839 1918 τού-

1049 1950 1103 1968 των
1117 1940 1279 1973 διεξετάσαι,
1295 1941 1339 1966 τὸν
1356 1940 1507 1974 παρεθέντα
1523 1939 1601 1972 λόγον
1618 1939 1837 1972 κατανοήσωμεν.

1050 1986 1156 2022 Μικροῦ
1171 1986 1226 2021 γὰρ
1240 1986 1313 2020 ἡμᾶς
1329 1986 1359 2011 τὸ
1373 1985 1442 2011 κατὰ
1459 1985 1510 2020 τὴν
1528 1984 1604 2017 τάξιν
1618 1983 1672 2010 τῶν
1689 1983 1839 2017 γεγονότων

1050 2032 1171 2058 διέλαθεν
1184 2041 1190 2047 ·
1214 2032 1286 2063 τίνος
1300 2031 1379 2066 χάριν
1395 2031 1559 2067 προηγεῖται
1575 2031 1623 2066 μὲν
1638 2032 1654 2065 ὴ
1673 2031 1774 2066 βλάστη
1787 2030 1840 2057 τῶν

1051 2079 1084 2104 ὲκ
1103 2078 1151 2113 τῆς
1171 2078 1223 2112 γῆς
1247 2078 1405 2111 φυομένων,
1431 2077 1581 2111 ἐπιγίνεται
1595 2077 1623 2103 δὲ
1640 2077 1673 2104 τὰ
1689 2077 1773 2110 ἄλογα
1787 2076 1840 2103 τῶν

1052 2123 1129 2156 ζώων
1140 2145 1146 2156 ,
1168 2124 1214 2150 καὶ
1229 2123 1300 2149 οὕτω
1317 2122 1386 2158 μετὰ
1399 2122 1448 2158 τὴν
1466 2122 1638 2158 κατασκευὴν
1653 2122 1754 2149 τούτων
1767 2123 1780 2148 ό
1793 2123 1840 2149 ἄν-

1016 2192 1038 2220 D
1053 2169 1171 2205 θρωπος.
1196 2170 1273 2204 Τάχα
1294 2169 1347 2205 γὰρ
1369 2169 1400 2195 οὺ
1426 2169 1505 2204 μόνον
1527 2169 1557 2195 τὸ
1581 2169 1612 2195 ὲκ
1632 2167 1678 2195 τοῦ
1697 2168 1840 2204 προχείρου

1053 2216 1196 2251 νοούμενον
1207 2215 1250 2242 διὰ
1265 2215 1359 2241 τούτου
1376 2214 1557 2249 μανθάνομεν,
1569 2215 1609 2240 ὄτι
1624 2214 1677 2240 τῶν
1689 2213 1766 2245 ζώων
1783 2215 1841 2240 ἕνε-

1054 2271 1100 2289 κεν
1115 2263 1131 2298 ἡ
1155 2263 1208 2288 πόα
1227 2263 1361 2297 χρήσιμος
1382 2261 1467 2296 ἐφάνη
1488 2260 1526 2295 τῷ
1541 2261 1674 2292 κτίσαντι,
1691 2259 1736 2286 διὰ
1754 2260 1782 2286 δὲ
1799 2260 1842 2286 τὴν

1054 2308 1195 2344 ἄνθρωπον
1208 2307 1242 2333 τὰ
1255 2307 1336 2342 βοτά·
1356 2303 1386 2333 οὗ
1403 2306 1482 2342 χάριν
1499 2306 1552 2342 πρὸ
1567 2306 1615 2340 μὲν
1631 2306 1683 2331 τῶν
1702 2305 1842 2340 βοσκημά-

1054 2362 1118 2386 των,
1139 2354 1251 2380 ἐκείνων
1279 2353 1375 2388 τροφὴ.
1395 2352 1446 2388 πρὸ
1461 2352 1489 2378 δὲ
1509 2351 1556 2378 τοῦ
1569 2351 1713 2386 ἀνθρώπου
1733 2351 1763 2377 τὸ
1792 2351 1844 2376 ὑπ-

1055 2399 1161 2434 ηρετεῖν
1178 2397 1274 2434 μέλλον
1287 2399 1320 2433 τῇ
1338 2397 1493 2432 ἀνθρωπίνῃ
1515 2397 1581 2431 ζωῇ.
1607 2396 1674 2422 Ἀλλ’
1697 2396 1758 2430 ἐμοὶ
1772 2395 1846 2422 δοκεῖ

1060 2446 1150 2481 δόγμα
1170 2454 1196 2471 τι
1212 2444 1266 2471 τῶν
1283 2444 1482 2480 κεκρυμμένων
1498 2442 1669 2478 παραδηλοῦν
1685 2442 1728 2468 διὰ
1743 2442 1844 2468 τούτων

1055 2492 1069 2518 ὁ
1087 2491 1217 2526 Μωῡσῆς,
1232 2491 1280 2518 καὶ
1291 2491 1339 2525 τὴν
1354 2490 1417 2525 περὶ
1429 2489 1518 2524 ψυχῆς
1534 2489 1690 2524 φιλοσοφίαν
1703 2487 1737 2513 δι’
1757 2488 1844 2522 ἀπορη

1057 2538 1146 2573 ρήτων
1161 2536 1346 2572 παραδιδόναι,
1362 2536 1395 2570 ἥν
1409 2535 1563 2569 ἐφαντάσθη
1581 2534 1629 2568 μὲν
1645 2534 1691 2559 καὶ
1708 2533 1724 2568 ἡ
1745 2532 1845 2565 ἔξωθεν

1057 2583 1211 2614 παίδευσις,
1235 2582 1266 2608 οὐ
1291 2581 1344 2616 μὴν
1368 2581 1509 2615 τηλαυγῶς
1535 2579 1691 2614 κατενόησε.
1720 2578 1845 2605 Διδάσκει

1057 2628 1111 2664 γὰρ
1126 2629 1199 2663 ἡμᾶς
1214 2627 1258 2655 διὰ
1271 2628 1372 2654 τούτων
1385 2628 1400 2654 ό
1413 2627 1500 2660 λόγος,
1515 2627 1544 2652 ὲν
1558 2625 1630 2661 τρισὶ
1643 2625 1785 2660 διαφοραῖς
1797 2625 1846 2660 τὴν

1058 2674 1174 2710 ζωτικὴν
1185 2675 1230 2702 καὶ
1242 2674 1359 2709 ψυχικὴν
1370 2673 1483 2708 δύναμιν
1496 2671 1667 2707 θεωρεῖσθιι.
1689 2672 1720 2698 'H
1733 2671 1781 2706 μὲν
1792 2671 1846 2704 γάρ

1058 2721 1099 2752 τίς
1114 2721 1188 2747 ἐστιν
1204 2719 1336 2755 αὺξητική
1349 2728 1378 2746 τε
1391 2719 1470 2754 μόνον
1483 2718 1530 2744 καὶ
1545 2717 1690 2754 θρεπτικὴ,
1703 2717 1733 2743 τδ
1746 2716 1847 2743 κατάλ-

1058 2766 1137 2802 ληλον
1149 2767 1188 2798 εἰς
1203 2766 1359 2801 προσθῄκην
1372 2765 1426 2792 τῶν
1441 2764 1616 2800 τρεφομένων
1631 2764 1814 2799 προσάγουσα,
1830 2762 1847 2797 ἢ

1060 2812 1161 2848 φυσικὴ
1178 2813 1297 2847 λέγεται,
1314 2813 1361 2839 καὶ
1380 2813 1443 2848 περὶ
1458 2812 1492 2839 τὰ
1513 2813 1584 2847 φυτὰ
1597 2812 1748 2847 Θεωρεῖται.
1770 2811 1849 2837 Ἔστι

1066 2859 1120 2894 γὰρ
1134 2859 1179 2885 καὶ
1199 2859 1227 2885 ὲν
1242 2859 1297 2891 τοῖς
1309 2858 1453 2894 φυομένοις
1468 2859 1585 2893 ζωτικὴν
1600 2866 1659 2884 τινα
1678 2858 1790 2892 δύναμιν
1806 2857 1850 2883 αἱ-
