1976 3077
155 136 205 163 HS

796 138 839 165 DE
863 137 1002 166 HOMINIS
1028 137 1182 166 OPlFlCIO.

1730 140 1781 168 146

153 201 272 236 οοήσεως
283 201 394 236 ἄμοιρον
410 202 587 237 κατανοῆσαι.
598 203 711 238 Ἕτερον
725 203 753 230 δὲ
769 203 845 239 παρὰ
860 203 936 230 τοῦτο

991 204 1098 231 alantur
1110 209 1136 232 ct
1148 209 1318 239 accrescant,
1331 205 1512 233 attrahentem
1524 206 1718 235 nutrimentum
1733 213 1782 235 na-

151 247 224 282 ζιυῆς
239 245 307 278 εἶδός
327 248 411 279 ἐστιν,
432 248 446 274 ὃ
463 249 508 274 καὶ
523 249 602 275 τοῦτο
620 249 686 284 ἕχει,
703 249 750 276 καὶ
769 249 800 275 τὸ
817 252 877 276 κατ*
894 250 936 277 αἴ-

151 293 246 328 σθησιν
267 293 444 329 οἰκονομῆσαι
462 295 653 330 προσείληςεν,
677 295 745 331 ὅπερ
765 297 794 322 ὲν
811 297 843 331 τῇ
860 296 939 330 φύσει

150 338 202 364 τῶν
217 338 322 372 ἀλόγων
340 339 423 366 ἐστίν.
440 340 476 365 Ut)
490 340 544 374 γὰρ
562 339 641 374 μόνον
653 341 781 376 τρέφεται
799 341 844 367 καὶ
859 341 938 374 αὔξε-

149 391 204 414 ται,
221 383 287 410 ἀλλὰ
305 384 352 410 καὶ
367 384 415 419 τὴν
431 385 590 421 αἰσθητικὴν
604 385 744 421 ἐνέργειαν
760 395 790 413 τε
806 387 853 413 καὶ
868 387 939 414 ἀντί-

150 429 229 464 ληψιν
253 430 319 465 ἔχει.
347 431 379 458 'H
394 431 421 457 δὲ
437 431 527 458 τελεία
547 433 575 457 έν
594 431 700 467 σώματι
717 432 774 468 ζωὴ
791 433 820 459 ὲν
842 433 874 468 τῇ
891 432 938 458 λου

149 477 224 511 γιχῇ,
241 477 272 512 τῇ
290 475 447 512 ἀνθρωπίνῃ
464 477 545 511 λέγω,
563 476 714 512 καθορᾶται
731 478 820 511 φύσει,
840 486 938 513 τρεφο-

151 521 219 556 μένη
239 531 267 548 τε
289 522 335 548 καὶ
353 522 546 558 αἰσθανομένη,
562 524 608 550 καὶ
621 523 699 558 λόγου
718 524 878 559 μετέχουσα,
892 524 938 550 καὶ

149 567 187 601 νῷ
199 567 379 603 διοικουμένη.
398 569 504 595 Γένοιτο
520 569 542 596 δ’
555 569 588 595 ἂν
605 570 670 604 ἡμῖν
685 569 794 604 τοιαύτη
808 578 848 601 τις
862 570 878 605 ἡ
890 569 937 596 τοῦ

149 612 228 647 λόγου
246 613 385 648 διαίρεσις·
411 615 470 641 Τῶν
486 615 569 641 ὅντων
584 615 614 641 τὸ
630 615 679 650 μέν
693 624 717 641 τι
735 615 841 649 νοητὸν,
857 615 888 641 τὸ
909 615 937 641 δὲ

151 659 304 694 σωματικὸν
326 661 434 692 πάντως
459 661 541 687 ἐστίν.
580 661 659 687 ’Λλλὰ
684 660 730 687 τοῦ
763 661 811 696 μὲν
840 659 935 696 νοητοῦ

149 705 288 740 παρείσθω
301 706 346 732 νῦν
403 707 470 742 πρὸς
487 706 520 732 τὰ
535 707 623 733 οἰκεῖα
637 707 706 742 τομή
723 715 729 720 ·
753 707 782 732 οὺ
800 706 855 742 γὰρ
875 705 936 732 τού-

148 759 202 777 των
218 753 232 777 ὁ
247 751 334 786 λόγος.

991 254 1058 277 tura:
1072 258 1167 278 earum
1179 258 1270 278 rerum
1287 259 1346 285 qua:
1358 252 1479 285 aluntur,
1503 252 1629 281 idoneum
1649 261 1655 279 :
1678 260 1711 281 ex
1726 261 1782 288 quo

990 296 1042 323 illa:
1057 304 1164 332 semper
1180 296 1283 332 aliquid
1305 297 1466 326 incrementi
1485 303 1605 327 sumant.
1623 298 1782 334 Appellatur

989 342 1047 370 hazc
1072 343 1217 376 naturalis,
1243 348 1325 378 atque
1347 344 1373 371 in
1396 344 1496 378 plantis
1519 345 1692 380 perspicitur.
1714 343 1781 371 Nam

990 388 1207 416 animadvertere
1235 393 1276 416 est
1299 389 1379 416 etiam
1411 389 1438 416 in
1465 390 1597 425 stirpibus
1629 390 1782 418 facultatem

989 433 1135 468 quamdam
1152 433 1260 460 vivendi
1285 434 1386 466 inesse,
1405 442 1503 462 sensus
1520 439 1610 462 tamen
1627 435 1716 462 omnis
1733 443 1782 462 ex-

988 482 1104 513 pertem.
1123 479 1223 506 Practer
1235 479 1304 506 hanc
1317 481 1403 507 altera
1415 481 1477 508 vitae
1488 481 1594 516 species
1604 486 1646 508 est
1657 489 1717 515 qua
1729 481 1783 515 pri-

989 532 1061 552 mam
1077 526 1146 552 hanc
1160 526 1312 561 complexa,
1322 527 1348 554 vi
1360 527 1440 554 etiam
1457 527 1592 555 sentiendi
1605 532 1647 555 est
1659 527 1781 561 prmdita.

989 568 1037 596 Est
1051 573 1142 596 autem
1159 570 1216 597 lucc
1231 571 1391 599 animalium
1408 571 1523 601 rationis
1542 571 1706 606 expcrtium,
1723 579 1784 606 qua:

991 622 1045 642 non
1061 615 1142 642 modo
1158 615 1302 643 alunturet
1313 621 1490 646 accrescunt:
1507 617 1554 645 sed
1570 618 1652 645 etiam
1669 617 1783 644 faculta-

991 664 1044 688 tem
1057 662 1202 695 quamdam
1217 662 1381 690 sentientem
1394 663 1506 691 habent.
1523 662 1648 690 Perfecta
1665 661 1784 697 denique

991 706 1017 733 ili
1034 715 1147 742 corpore
1162 707 1258 735 vitain
1275 707 1374 736 nattlra
1391 709 1497 737 ratione
1515 713 1617 741 utente,
1634 716 1715 743 quam
1733 708 1783 735 hu—

991 760 1097 779 manatn
1132 753 1258 785 dicimus.
1294 754 1439 788 quaerenda
1465 758 1516 782 est.
1539 754 1576 780 Ea
1613 754 1740 780 nimirum
1757 757 1784 781 et

149 800 280 831 nutritur,
300 803 326 826 et
347 799 439 831 sentit,
460 803 487 826 ct
500 799 604 827 ratione
623 805 719 827 ornata
735 803 792 832 est,
816 803 843 827 et
856 807 870 826 a
893 803 984 826 mente
998 800 1111 834 regitur.
1128 798 1215 834 Atque
1226 799 1275 827 hoc
1284 800 1343 827 loco
1353 801 1439 835 placet
1448 801 1475 828 in
1486 800 1653 835 explicandis
1661 801 1784 827 oratione

150 845 230 871 rebus
244 845 494 878 liisce.hujusmodi
505 846 622 880 quadam
638 846 781 881 partitione
795 845 991 873 uti:Univers:e
1011 853 1054 873 res
1071 845 1182 872 omnino
1207 850 1254 873 aut
1275 850 1338 874 sunt
1361 846 1440 879 tales,
1457 852 1485 874 ut
1502 851 1591 875 mente
1610 851 1692 881 atque
1703 846 1780 873 intel-

150 890 258 924 ligentia
275 890 550 925 comprehendantur,
570 897 614 917 aut
634 897 698 918 sunt
720 899 866 927 corporae.
884 891 936 918 Eas
949 899 1009 926 quae
1024 895 1112 919 mente
1127 891 1324 926 percipiuntur,
1340 899 1404 919 suas
1421 892 1448 920 in
1465 892 1570 927 species
1586 892 1665 927 quasi
1676 891 1784 927 partiri,

148 937 200 963 hoe
213 935 321 971 quidem
337 937 363 963 in
382 937 441 964 loco
454 945 507 964 non
521 941 562 965 est
575 938 691 970 animus,
705 938 814 973 quando
829 937 868 964 ha:
883 937 915 964 ad
927 937 1075 965 institutam
1090 938 1240 965 orationem
1255 938 1323 965 nihil
1339 939 1464 967 attinent.

183 1004 237 1031 Τοῦ
249 1005 276 1032 δὲ
293 1005 447 1041 σωματικοῦ
465 1006 495 1032 τὸ
517 1007 564 1041 μὲν
585 1006 697 1042 ἄμοιρον
714 1006 827 1032 καθόλου
850 1006 936 1040 ζωῆς,

1027 1005 1128 1033 Rerum
1148 1013 1229 1041 porro
1248 1013 1443 1041 corporearum
1460 1006 1518 1033 aliae
1538 1006 1589 1033 vita
1605 1013 1717 1041 prorsus
1731 1005 1782 1032 dc-

149 1051 180 1077 τὸ
194 1050 221 1076 δὲ
238 1051 343 1086 μετέχει
366 1051 483 1086 ζωτικῆς
498 1052 645 1087 ἐνεργείας.
665 1051 748 1078 Πάλιν
761 1051 807 1077 τοῦ
823 1050 938 1082 ζωτικοῦ

151 1097 276 1132 σώματος
296 1097 323 1124 τὸ
341 1098 388 1132 μὲν
404 1097 526 1132 αἰσθήσει
550 1097 616 1133 συζῇ
629 1119 635 1129 ,
660 1098 690 1124 τὸ
713 1097 740 1124 δὲ
761 1098 871 1132 ἀμοιρεῖ
890 1096 939 1131 τῆς

149 1141 311 1176 αἰσθήσεως.
332 1140 397 1168 Εἶτα
420 1142 449 1168 τὸ
471 1141 628 1177 αἰσθητικὸν
651 1142 778 1177 τέμνεται
801 1142 880 1168 πάλιν
899 1143 940 1172 εἰς

150 1186 257 1220 λογικόν
273 1195 301 1213 τε
320 1187 367 1213 καὶ
389 1187 506 1221 ἄλογον..
520 1187 568 1213 Διὰ
586 1188 665 1214 τοῦτο
688 1187 793 1222 πρῶτον
811 1187 877 1222 μετὰ
891 1187 939 1222 τὴν

149 1233 252 1267 ἄψυχον
272 1232 336 1268 ὕλην
351 1230 405 1259 οἷον
426 1233 582 1268 ὑποδάθραν
602 1233 662 1260 τινὰ
678 1234 727 1268 τῆς
744 1233 796 1260 τῶν
812 1233 939 1268 ἐμψύχων

152 1278 277 1313 ἰδέαςτὴν
284 1279 400 1314 φυσικὴν
410 1279 511 1314 ταύτην
525 1279 597 1315 ζωὴν
609 1279 738 1314 συστῆναι
752 1279 824 1313 λέγει
838 1280 851 1305 ὁ
861 1287 939 1313 νομο-

150 1323 239 1359 θέτης,
259 1325 287 1350 ὲν
303 1326 336 1360 τῇ
354 1325 407 1351 τῶν
423 1326 514 1359 φυτῶν
537 1325 636 1360 βλάστῃ
649 1326 873 1360 προῦποστᾶσαν·
889 1323 939 1351 εἷθ’

150 1369 235 1401 οὕτως
256 1370 352 1399 ἐπάγει
375 1370 428 1397 τῶν
451 1371 510 1397 κατ’
535 1370 660 1405 αἴσθησιν
679 1370 871 1406 διοικουμένων
891 1371 940 1406 τὴν

150 1415 210 1448 γένε
215 1424 265 1441 σιν.

186 1460 240 1487 Καὶ
267 1460 360 1495 ἐπειδὴ
383 1460 452 1487 κατὰ
476 1460 523 1495 τὴν
547 1461 632 1497 αὐτὴν
646 1461 804 1488 ἀκολουθίαν
821 1460 875 1487 τῶν
897 1461 941 1487 διὰ

151 1505 251 1540 σαρκὸς
282 1505 330 1541 τὴν
357 1506 428 1542 ζωὴν
463 1507 607 1542 εἰληχότων
639 1507 672 1533 τὰ
708 1506 758 1542 μὲν
783 1507 939 1542 αἰσθητικά,

150 1551 196 1577 καὶ
211 1551 272 1587 δίχα
296 1552 345 1586 τῆς
366 1553 461 1588 νοερᾶς
485 1552 592 1586 φύσεως
616 1552 658 1586 ἐφ’
674 1553 778 1578 ἑαυτῶν
798 1552 867 1579 εἶναι
893 1552 939 1579 δύ-

149 1607 236 1628 ναται,
252 1598 282 1624 τὸ
297 1598 325 1624 δὲ
344 1599 451 1632 λογικὸν
470 1599 520 1625 οὐκ
542 1598 574 1625 ἂν
589 1598 689 1633 ἑτέρως
711 1598 813 1632 γένοιτο
834 1599 862 1624 ἐν
887 1597 939 1625 σώ-

151 1653 223 1678 ματι,
234 1645 256 1669 εἰ
271 1644 307 1679 μὴ
323 1644 360 1679 τῷ
374 1644 495 1679 αἰσθητῷ
506 1644 682 1680 συγκραθείη·
698 1644 742 1670 διὰ
754 1645 832 1671 τοῦτο
847 1645 937 1671 τελευ-

148 1690 221 1720 ταῖος
241 1690 308 1723 μετὰ
324 1689 359 1716 τὰ
383 1690 558 1724 βλαστήματα
580 1690 625 1716 καὶ
638 1689 672 1716 τὰ
692 1689 757 1724 βοτὰ
773 1690 938 1717 κατεσκευά-

149 1734 198 1768 σθη
214 1736 227 1760 ὁ
242 1735 393 1770 ἄνθρωπος,
409 1734 460 1769 ὁδῷ
475 1743 527 1761 τινι
543 1735 611 1770 πρὸς
624 1735 654 1761 τὸ
669 1735 769 1761 τέλειον
782 1734 936 1766 ἀκολούθως

990 1050 1152 1084 stituuntur,
1167 1052 1226 1079 alite
1235 1051 1341 1079 vivendi
1352 1051 1480 1079 facultate
1493 1052 1611 1087 prazditat
1623 1054 1698 1079 sunt.
1714 1049 1783 1077 Rur-

990 1105 1050 1124 sum
1067 1105 1166 1132 corpus
1181 1098 1236 1124 vita
1253 1097 1407 1133 praeditum,
1426 1103 1474 1125 aut
1491 1105 1602 1125 sensntn
1624 1097 1714 1127 habet,
1736 1099 1782 1122 aut

990 1149 1022 1169 eo
1036 1147 1121 1170 caret.
1138 1143 1244 1178 Corpus
1260 1147 1349 1170 autem
1367 1144 1488 1172 sentiens
1503 1143 1545 1170 vel
1564 1142 1678 1169 rationis
1695 1141 1720 1168 vi
1737 1149 1782 1168 or-

991 1191 1083 1215 natum
1096 1208 1103 1220 ,
1130 1189 1172 1216 vel
1198 1189 1258 1224 ejus
1279 1197 1377 1225 expers
1394 1197 1454 1217 esse
1469 1196 1582 1217 necesse
1601 1193 1653 1216 est.
1679 1187 1782 1214 Idcirco

991 1233 1079 1262 Moses
1096 1234 1230 1261 inanimas
1247 1243 1290 1262 res
1303 1235 1430 1270 primum.
1447 1242 1508 1269 qua:
1524 1235 1706 1261 animatorum
1720 1237 1782 1260 tan-

991 1287 1071 1314 quam
1085 1280 1161 1313 ,imus
1175 1280 1286 1316 quidam
1302 1280 1403 1315 gradus
1424 1285 1526 1311 essent,
1546 1279 1644 1307 deinde
1665 1278 1782 1306 naturali

991 1325 1045 1352 vita
1059 1325 1195 1360 praeditas,
1210 1329 1284 1352 ortas
1300 1333 1361 1354 esse
1376 1326 1468 1357 tradit,
1481 1333 1541 1361 quae
1562 1325 1689 1352 nimirum
1706 1325 1783 1360 plan-

991 1377 1079 1399 tarum
1099 1372 1220 1408 germina
1234 1376 1330 1399 erant:
1347 1375 1409 1407 post
1425 1371 1496 1404 haec,
1509 1379 1603 1398 eorum
1618 1378 1677 1406 quae
1699 1377 1781 1397 sensu

992 1417 1138 1452 agitantur.
1151 1417 1283 1451 originem
1297 1420 1502 1444 commemorat.

1027 1463 1094 1490 Cum
1109 1466 1199 1489 autem
1211 1466 1428 1490 consentaneum
1451 1462 1496 1494 sit,
1521 1468 1613 1488 rerum
1637 1467 1782 1495 corporea-

991 1516 1052 1536 rum
1076 1509 1132 1535 vita
1152 1508 1339 1543 prazditarum,
1363 1515 1410 1535 cas
1434 1507 1543 1542 quidem
1565 1514 1626 1542 qua:
1648 1505 1782 1533 sentiendi

991 1555 1046 1582 vim
1061 1555 1173 1587 habent,
1187 1555 1269 1582 etiam
1285 1554 1354 1582 citra
1371 1558 1498 1582 naturam
1522 1553 1715 1588 intelligentetn
1730 1552 1784 1579 cxi-

992 1606 1064 1628 stere
1080 1608 1158 1636 posse
1171 1621 1177 1632 ,
1194 1601 1248 1627 vim
1266 1607 1330 1628 vero
1345 1599 1588 1627 ratiocinantcmin
1599 1605 1711 1633 corpore
1729 1606 1782 1625 non

993 1653 1063 1677 esse,
1081 1645 1133 1673 nisi
1155 1645 1277 1673 facultati
1294 1644 1421 1672 sentienti
1444 1642 1645 1679 quodammodo
1667 1643 1782 1670 commi-

989 1694 1117 1718 secatur:
1133 1691 1234 1718 idcirco
1246 1694 1306 1726 post
1319 1691 1425 1725 plantas
1438 1695 1463 1717 ct
1476 1696 1574 1725 pecora
1582 1689 1665 1715 homo
1673 1689 1782 1716 demum

991 1738 1120 1766 conditus
1135 1741 1186 1768 est,
1207 1741 1303 1764 natura
1320 1737 1415 1764 ordine
1437 1735 1470 1762 ad
1486 1740 1605 1763 crcatmn
1624 1735 1703 1770 plane
1719 1742 1782 1769 per-

149 1779 293 1814 προῖούτης
315 1780 364 1814 τῆς
389 1780 503 1814 φύσεως.
529 1781 579 1806 Διὰ
603 1780 693 1815 πάσης
712 1779 766 1815 γὰρ
788 1779 859 1810 ἰδέας
882 1779 936 1805 τῶν

990 1784 1091 1811 fectum
1107 1782 1306 1818 progrediente.
1325 1781 1390 1808 Nam
1409 1781 1508 1807 animal
1523 1780 1575 1807 hoc
1590 1779 1706 1806 rationis
1723 1786 1783 1813 par—

147 1825 239 1861 ψυχῶν
255 1827 451 1861 κατακιρνᾶται
466 1826 497 1852 τι
511 1826 619 1860 λογικὸν
640 1826 717 1852 τοῦτο
729 1824 818 1857 ζῶονὸ
834 1825 936 1860 ἅνθρω-

150 1879 208 1902 πος.
232 1872 367 1906 Τρέφεται
384 1872 432 1906 μὲν
448 1872 501 1906 γὰρ
518 1872 588 1898 κατὰ
608 1871 638 1897 τὺ
658 1871 771 1903 φυσικὸν
785 1873 834 1905 τῆς
847 1871 936 1906 ψυχῆς

149 1916 231 1949 εἶδος·
259 1919 292 1951 τῇ
315 1917 343 1943 δὲ
367 1916 498 1952 αὑξητικῇ
524 1917 635 1951 δυνάμει
652 1919 667 1952 ἠ
684 1917 828 1951 αἰσθητικὴ
853 1925 936 1953 προσ-

148 1962 234 1997 εφύη.
254 1962 343 1997 μέσως
365 1962 464 1997 ἔχουσα
488 1962 559 1988 κατὰ
579 1963 628 1997 τὴν
655 1962 722 1989 ἰδίαν
739 1961 820 1996 φύσιν
836 1962 886 1997 τῆς
905 1971 935 1988 τε

149 2008 244 2042 νοερᾶς
259 2008 306 2034 καὶ
318 2008 366 2042 τῆς
379 2007 564 2044 ὑλωδεστέρας
576 2008 669 2039 οὐσίας
685 2016 691 2023 ·
714 2008 833 2043 τοσούτῳ
847 2016 935 2042 παχυ-

150 2054 300 2090 μερεστέρα
321 2054 431 2089 ταύτης,
455 2055 509 2090 ὅσῳ
528 2055 707 2090 καθαρωτέρα
729 2054 845 2089 ὲκείνης.
869 2051 936 2080 Εἶτά

147 2108 188 2131 τις
202 2100 305 2134 γενεται
324 2100 391 2137 προς
404 2101 434 2126 τὸ
448 2101 544 2127 λεπτὸν
561 2101 607 2126 καὶ
623 2100 767 2135 φωτοειδὲς
779 2101 829 2135 τῆς
841 2100 935 2134 αἰσθη-

146 2149 224 2183 τικῆς
240 2147 346 2182 φύσεως
367 2149 383 2183 ἡ
403 2148 453 2182 τῆς
466 2148 561 2182 νοερᾶς
583 2147 677 2178 οὐσίας
693 2147 828 2178 οἰκείωσις
843 2155 873 2173 τε
889 2147 936 2174 καὶ

147 2195 314 2230 ἀνάκρασις,
334 2195 371 2226 ὡς
398 2196 426 2221 ὲν
446 2195 519 2229 τρισὶ
540 2194 646 2225 τούτοις
662 2193 706 2220 τὸν
727 2193 870 2229 ἄνθρωπον
888 2195 935 2228 τὴν

148 2240 274 2267 σύστασιν
290 2240 361 2275 ἔχειν
379 2247 384 2254 ·
409 2239 500 2270 καθὼς
514 2240 561 2265 καὶ
575 2239 650 2275 παρὰ
661 2239 707 2265 τοῦ
728 2239 888 2266 Ἀποστόλου
906 2240 936 2266 τὸ

145 2285 265 2312 τοιοῦτον
283 2285 431 2320 ἐμάθομεν,
446 2286 474 2310 ὲν
491 2282 530 2316 οἷς
547 2285 615 2319 πρὸς
629 2285 692 2315 τοὺς
713 2284 854 2318 Ἐφεσίους
871 2284 934 2319 ἔφη,

148 2331 361 2366 προσευχόμενος
377 2331 468 2362 αὐτοῖς
484 2331 533 2366 τὴν
551 2330 661 2365 ὁλοτελῆ
677 2330 757 2366 χάριν
775 2330 822 2356 τοῦ
843 2330 935 2365 σώμα-

146 2385 200 2409 τος,
220 2377 330 2411 καὶτῆς
349 2377 448 2412 ψυχῆς,
463 2376 511 2402 καὶ
530 2376 577 2402 τοῦ
599 2376 754 2410 πνεύματος
771 2377 799 2402 ὲν
813 2377 846 2411 τῇ
864 2384 933 2410 παρ-

145 2423 224 2458 ουσίᾳ
239 2422 286 2449 τοῦ
311 2423 414 2458 Κυρίου
437 2421 617 2456 φυλαχθῆναι,
636 2422 697 2449 ἀντὶ,
719 2421 766 2448 τοῦ
786 2422 933 2457 θρεπτικοῦ

148 2469 245 2504 μέρους
265 2469 295 2495 τὸ
317 2468 395 2504 σῶμα
415 2468 512 2502 λέγων,
534 2469 563 2495 τὸ
580 2468 608 2494 δὲ
630 2468 788 2503 αἰσθητικὸν
809 2469 841 2504 τῇ
862 2468 933 2504 ψυχῇ

145 2513 340 2549 διασημαίνων,
358 2514 389 2540 τὸ
409 2514 501 2550 νοερὸν
520 2514 547 2540 δὲ
567 2513 606 2548 τῷ
622 2513 768 2548 πνεύματι.
798 2514 934 2546 Ὡσαύτως

146 2560 191 2586 καὶ
203 2560 247 2586 τὸν
259 2560 423 2596 γραμματέα
432 2560 475 2587 διὰ
486 2560 533 2586 τοῦ
546 2559 709 2594 Εὑαγγελίου
720 2559 841 2586 παιδεύει
853 2561 866 2586 ὁ
880 2561 935 2587 Κύ-

147 2614 220 2642 ριος,
242 2606 332 2640 πάσης
349 2606 458 2641 ἐντολῆς
480 2606 636 2641 προτιθέναι
657 2605 705 2641 τὴν
721 2606 760 2637 εἰς
780 2606 846 2633 Θεὸν
868 2607 935 2640 ἀγά-

145 2659 219 2685 πηνν
227 2651 275 2686 τὴν
291 2650 320 2683 ἐξ
334 2651 397 2685 ὅλης
414 2651 526 2686 καρδίας
541 2651 587 2677 καὶ
598 2651 687 2686 ψυχῆς
703 2651 747 2677 καὶ
761 2651 878 2683 διανοίας

144 2697 322 2733 εργουμένην.
350 2698 403 2724 Καὶ
429 2697 482 2732 γὰρ
502 2697 619 2724 ἐνταῦθα.
637 2697 685 2732 τὴν
702 2697 786 2732 αὐτὴν
802 2697 876 2724 δοκεῖ
891 2707 934 2732 μοι

143 2742 274 2778 διαφορὰν
306 2743 465 2778 ἑρμηνεύειν
493 2743 506 2769 ὁ
533 2742 629 2776 λόγος,
658 2743 707 2777 τὴν
733 2743 782 2777 μὲν
815 2752 934 2777 σωματι-

144 2788 267 2824 κωτὲραν
287 2789 450 2815 κατάστασιν
471 2788 582 2823 καρδίαν
602 2788 704 2818 εἰπὼν.
730 2788 817 2824 ψυχὴν
840 2789 865 2815 δὲ
887 2789 934 2824 τὴν

146 2834 251 2869 μέσην,
280 2833 398 2860 διάνοιαν
423 2834 450 2859 δὲ
480 2834 528 2868 τὴν
555 2833 722 2868 ὑψηλοτέραν
758 2834 855 2868 γύην,
887 2834 934 2869 τὴν

990 1830 1087 1864 ticeps,
1103 1835 1183 1863 quem
1198 1827 1334 1854 hotnincm
1348 1826 1476 1857 dicimus,
1491 1833 1523 1852 ex
1536 1825 1608 1851 omni
1625 1829 1666 1851 est
1683 1825 1782 1851 anima:

991 1874 1077 1901 forma
1094 1873 1172 1908 quasi
1196 1876 1386 1906 temperatutn.
1402 1870 1517 1898 Perinde
1530 1870 1603 1897 enim
1622 1874 1703 1904 atque
1718 1869 1782 1896 stir~

990 1920 1063 1954 pium
1084 1918 1189 1948 anima,
1204 1924 1286 1952 quam
1310 1916 1460 1953 naturalem
1483 1915 1618 1947 diximus,
1642 1914 1782 1941 nutritur:

989 1965 1087 1992 deinde
1102 1963 1222 1991 facultati
1238 1962 1402 1990 accretionis
1417 1962 1498 1989 etiam
1517 1961 1636 1988 sentiens
1651 1960 1781 1991 adltmret,

989 2013 1069 2048 cujus
1084 2017 1127 2040 est
1141 2017 1237 2039 natura
1251 2011 1330 2046 quasi
1346 2010 1433 2037 media
1443 2009 1566 2045 quaedam
1579 2010 1649 2036 inter
1662 2009 1781 2036 animam

990 2059 1062 2086 illam
1085 2059 1200 2094 primam
1222 2057 1358 2085 rudiorem
1384 2061 1410 2084 et
1435 2057 1541 2084 tertiam
1563 2055 1780 2090 intelligentem;

990 2108 1065 2131 tanto
1079 2103 1207 2130 nimirum
1222 2102 1393 2136 intelligente
1407 2100 1537 2130 crassior.
1552 2105 1656 2135 quanlo
1672 2099 1717 2125 illa
1732 2105 1781 2133 pu-

990 2150 1055 2177 rior.
1071 2149 1190 2183 Denique
1203 2155 1264 2175 cutn
1278 2147 1370 2175 subtili
1384 2151 1410 2173 et
1423 2146 1512 2173 lucida
1526 2149 1622 2172 natura
1636 2145 1779 2175 sentiente,

989 2196 1070 2222 etiam
1084 2194 1238 2229 intelligens
1250 2192 1394 2227 aptissimo
1412 2194 1627 2226 temperamento
1638 2189 1781 2224 conjungi-

990 2243 1045 2270 tur,
1067 2243 1095 2265 ut
1115 2239 1171 2273 jam
1194 2239 1281 2266 trilms
1304 2238 1380 2265 hisce
1399 2237 1481 2264 rchus
1505 2237 1623 2263 hominis
1643 2236 1780 2271 opificium

989 2289 1105 2312 constet.
1123 2284 1196 2312 Licet
1212 2285 1262 2311 hoc
1278 2283 1311 2311 de
1326 2282 1449 2319 Apostoli
1478 2282 1579 2313 verbis,
1597 2290 1658 2317 qua:
1674 2282 1700 2309 in
1716 2282 1778 2316 cpi-

989 2333 1058 2359 stola
1074 2331 1107 2358 ad
1119 2331 1249 2366 Ephesios
1263 2334 1380 2361 exstant,
1390 2329 1551 2364 intelligere.
1568 2328 1737 2363 Optatenim,
1751 2332 1781 2355 ut

948 2373 1094 2412 Jiutegra
1111 2377 1235 2412 corporis
1250 2380 1277 2404 et
1293 2376 1400 2408 animae,
1414 2379 1440 2402 et
1454 2374 1570 2409 spiritus
1584 2375 1670 2410 gratia
1693 2373 1719 2400 in
1733 2374 1781 2400 ad-

990 2427 1098 2450 ventum
1117 2421 1223 2449 Domini
1240 2425 1427 2453 conservetur,
1444 2421 1544 2455 quibus
1558 2420 1586 2446 in
1608 2419 1698 2446 verbis
1716 2426 1779 2445 cor-

952 2459 974 2487 D
989 2469 1063 2504 poris
1078 2468 1221 2504 appellatio
1238 2472 1341 2502 partem
1355 2467 1382 2494 in
1401 2466 1510 2494 nomine
1525 2468 1702 2495 nutrientcm.
1719 2465 1779 2491 ani-

989 2523 1032 2542 tna
1050 2514 1226 2545 sentientem,
1243 2513 1339 2547 spiritu
1361 2513 1556 2547 intelligentem
1578 2516 1662 2538 notat.
1679 2509 1778 2537 Eodem

989 2561 1069 2587 modo
1085 2559 1202 2587 scribam
1218 2559 1293 2586 illum
1318 2558 1449 2586 Dominus
1473 2557 1500 2584 in
1521 2556 1666 2592 Evangelio
1689 2556 1778 2586 docet,

989 2613 1108 2634 amorem
1123 2605 1149 2632 in
1167 2605 1249 2632 Deum
1261 2613 1293 2631 ex
1311 2609 1366 2631 toto
1381 2603 1464 2630 corde
1479 2608 1506 2630 ct
1529 2603 1618 2630 anima
1642 2606 1669 2628 ct
1690 2606 1780 2628 tuente

991 2652 1153 2686 protectum.
1176 2651 1283 2678 caeteris
1308 2650 1354 2677 Dei
1374 2650 1452 2677 scitis
1472 2649 1551 2684 longe
1571 2647 1776 2675 antefcremlum

989 2704 1060 2724 esse.
1077 2695 1142 2722 Nam
1159 2699 1186 2722 ct
1198 2695 1255 2722 hzec
1270 2695 1358 2722 oratio
1371 2695 1435 2721 mihi
1449 2695 1596 2721 discrimen
1612 2693 1681 2719 idem
1695 2700 1779 2726 expo-

989 2750 1054 2769 nere
1071 2741 1187 2772 vidt-tur.
1203 2745 1232 2768 ut
1254 2741 1345 2768 cordis
1366 2740 1546 2775 appellatione
1566 2739 1686 2766 crassius
1713 2738 1777 2764 illud

989 2789 1110 2822 rei-poris
1126 2788 1152 2814 in
1171 2787 1279 2814 homine
1293 2791 1535 2821 temperamentum
1550 2786 1639 2811 veniat
1654 2794 1658 2810 :
1682 2785 1779 2812 animm

991 2843 1065 2868 vero,
1084 2833 1201 2861 medium
1219 2841 1224 2856 τ
1243 2834 1341 2859 tuentis
1356 2832 1472 2865 denique
1487 2839 1536 2858 vos
1559 2830 1778 2858 cxcellrntiorctu
