1976 3077
202 130 255 160 147

821 132 850 162 S.
863 133 1028 164 CREGORH
1047 134 1194 164 NYSSENI

1778 137 1829 168 £48

201 191 275 219 illam
286 191 441 220 facultatem
452 192 596 228 signiﬁcet,
608 200 661 229 qua
673 194 764 221 omnia
775 199 802 222 et
812 195 991 231 intelligimus

1049 197 1137 232 δοεράν
1152 206 1181 223 τε
1201 195 1247 223 καὶ
1271 196 1414 232 ποιητικὴν
1431 195 1554 232 δύναμιν.
1581 196 1662 223 Ὅθεν
1686 196 1731 223 καὶ
1754 199 1830 233 τρεῖς

201 243 227 266 et
241 237 381 265 edicimus.
391 238 497 266 Idcirco
508 243 535 266 et
547 239 704 274 Apostolus,
717 240 815 275 triplex
827 248 888 269 esse
900 241 991 268 homi-

203 290 267 310 num
282 283 310 310 in
320 283 444 319 eligendo
455 284 575 312 studium
591 285 682 313 tradit.
698 287 736 313 Ae
750 286 867 320 primum
881 287 990 322 quidem

201 329 294 356 carnis
307 330 429 356 studium
442 334 532 362 vocat,
549 330 623 364 quod
635 331 723 358 ventri
737 332 841 359 scilicet
857 332 989 366 deditum,

201 375 230 401 in
244 375 398 409 quaerendis
412 376 446 403 iis
461 384 521 411 qua:
536 376 600 404 huic
623 376 720 405 afferre
740 378 905 412 voluptatem
927 386 991 413 pos-

201 420 272 452 sint,
295 426 456 456 occupatur.
484 422 567 449 Alteri
587 423 622 450 ab
645 423 737 450 anima
756 431 855 451 nomen
875 423 990 455 indidit,

202 465 273 499 quod
290 465 369 492 modo
390 466 506 501 quodam
527 468 605 502 quasi
634 469 752 497 medium
775 471 845 497 inter
864 470 990 497 virtutem

201 514 228 537 et
239 510 332 538 vitium
345 512 462 544 exsistit,
475 513 540 540 vitio
554 515 662 549 quidem
674 516 810 550 superius.
822 516 915 543 virtuti
927 523 992 543 vero

203 562 255 583 non
269 557 375 584 sincere
391 565 422 584 ac
442 566 554 593 prorsus
574 559 721 587 addictum.
738 560 859 588 Tertium
878 561 992 596 spiritus

201 606 262 634 est,
285 603 357 638 quod
382 601 414 630 ad
439 604 584 639 perfectam
605 605 713 633 vivendi
737 608 869 634 rationem
891 614 991 634 secun-

201 654 267 674 cum
291 646 337 674 Dei
364 649 551 684 praescriptum
579 657 639 677 sese
658 651 760 685 dirigit.
780 651 871 686 Itaque
887 651 920 678 ad
937 651 991 678 Co-

202 692 320 721 rinthios
343 694 483 726 scribens,
509 695 616 731 illisque
631 688 812 732 i’oluptariam
833 697 933 730 vitam,
948 698 990 724 cui

204 743 296 766 essent
325 739 486 774 imp0lenter
513 741 614 775 dediti,
639 743 811 777 exprobrans
843 752 848 770 :
877 750 992 771 carneos

204 783 241 810 ait
257 792 318 812 esse
335 785 368 818 ‘7,
385 794 472 821 neque
493 787 624 815 doctrina:
641 789 811 822 perfectioris
833 790 991 824 praeceptio—

204 837 254 857 nes
274 838 382 866 capere.
398 832 458 860 Alio
475 833 537 860 item
559 834 618 861 loco
635 833 745 866 medim,
762 841 843 870 quam
863 835 991 867 diximus,

1041 241 1172 276 διαφορὰς
1197 241 1382 276 προαιρέσεως
1403 241 1418 267 ὁ
1449 241 1609 272 Ἀπόττολος
1626 239 1689 272 οἵδε,
1712 242 1762 276 τὴν
1780 243 1829 277 μὲν

1042 287 1174 322 σαρκικὴν
1187 286 1389 321 κατονομάζων,
1406 286 1422 321 ἢ
1444 285 1508 321 περὶ
1519 286 1639 321 γαστέρα
1650 286 1695 312 καὶ
1708 286 1756 317 τὰς
1766 286 1828 322 περὶ

1041 332 1143 368 ταύτην
1158 332 1324 367 ἡδυπαθείας
1349 331 1496 367 ὴσχόληται
1512 340 1518 345 ·
1544 332 1592 365 τὴν
1611 331 1639 358 δὲ
1667 332 1794 367 ψυχικὴν,
1811 332 1828 367 ἠ

1043 378 1132 413 μέσως
1159 378 1226 412 πρὸς
1260 377 1360 412 ἀρετὴν
1385 378 1432 404 καὶ
1465 377 1563 404 κακίαν
1595 377 1671 412 ἔχει,
1703 377 1752 411 τῆς
1780 377 1828 408 μὲν

1041 423 1273 459 ὑπερανεστῶσα,
1308 423 1358 458 τῆς
1386 423 1414 449 δὲ
1440 422 1566 458 καθαρῶς
1593 423 1623 448 οὐ
1658 422 1826 457 μετέχουσα·

1041 469 1089 505 τὴν
1106 469 1134 495 δὲ
1150 469 1346 505 πνευματικὴν,
1362 468 1417 502 me
1433 468 1535 494 τέλειον
1552 468 1679 503 ὲνοεωρεί
1693 467 1742 502 τῆς
1758 467 1828 494 κατὰ

1041 516 1107 543 Θεὸν
1126 515 1270 548 πολιτείας.
1287 516 1331 541 Διὸ
1347 524 1413 551 φησι
1437 515 1505 550 πρὸς
1526 514 1698 549 Κορινθίους,
1714 513 1744 539 τὸ
1761 514 1829 539 ἀπο-

1041 562 1185 588 λαυστικὸν
1202 561 1289 588 αὐτῶν
1309 562 1355 588 καὶ
1372 561 1493 596 ἐμπαθὲς
1510 559 1657 592 ὀνειδίζων,
1675 559 1715 585 ὅτι
1734 559 1830 594 Σάρκι·

1041 608 1081 634 vo!
1096 609 1168 638 ἐστε,
1184 608 1231 634 καὶ
1249 607 1303 633 τῶν
1319 606 1492 641 τελειοτὲρων
1512 606 1654 640 δογμάτων
1672 605 1809 640 ἁχώρητοι
1820 613 1827 620 ·

1042 652 1154 688 ἑτέρωθι
1167 653 1194 678 δὲ
1214 652 1356 687 σύγκρισίν
1369 661 1428 678 τινα
1442 651 1489 677 τοῦ
1506 651 1587 687 μέσου
1603 651 1669 686 πρὸς
1683 650 1713 676 τὸ
1726 650 1827 676 τέλειον

1043 699 1214 733 ποιούμενος,
1230 698 1320 732 λέγει’
1333 707 1341 722 ι
1351 697 1471 732 Ψυχικὸς
1487 697 1515 723 δὲ
1529 696 1670 732 ἅνθρωπος
1679 696 1708 721 οὺ
1723 695 1829 730 δέχεται

1042 744 1076 771 τὰ
1095 744 1141 770 τοῦ
1158 743 1324 779 πνεύματος·
1337 744 1427 779 μωρία
1441 742 1573 778 γὰραὺτῷ
1587 743 1659 768 ἐστιν
1669 749 1675 755 ’
1688 741 1702 767 ὁ
1712 740 1739 767 δὲ
1750 748 1829 766 πνευ-

1044 790 1157 825 ματικὸς
1172 789 1311 825 ἀνακρίνει
1335 790 1382 824 μὲν
1403 789 1503 819 πάντα,
1523 788 1602 819 αὐτὸς
1619 787 1647 813 δὲ
1664 786 1708 813 ὑπ’
1725 786 1830 817 οὐδενὸς

1043 835 1226 870 ἀνακρίνεται.
1246 844 1255 860 ι
1283 834 1327 865 Ὠς
1356 831 1402 860 οὖν
1428 833 1596 867 ἀναὸέὸηκεν
1612 833 1626 858 ὁ
1648 831 1762 867 ψυχικὸς
1784 831 1830 857 τὸν

205 875 342 904 facultatis
358 877 390 904 ad
413 878 559 912 perfectam
584 879 814 914 comparationem
832 880 989 910 instituens,

1049 881 1182 916 ςαρκικδν,
1194 880 1263 906 κατὰ
1273 880 1322 914 τὴν
1331 880 1413 914 αὐτὴν
1422 879 1565 913 ἀναλογίαν
1576 879 1621 904 καὶ
1629 879 1642 904 ὁ
1649 877 1830 913 πνευματικὸς

205 922 293 956 inquit
316 932 322 949 :
345 932 354 948 ι
382 923 467 951 Homo
484 929 574 952 autem
590 925 672 951 animi
687 926 729 953 sui
744 925 851 953 deditus
867 925 990 953 aifectio-

204 967 303 1000 uibus,
324 975 357 995 ea
379 976 440 1003 qua:
461 970 573 1004 spiritus
592 974 656 997 sunt
671 979 723 997 non
739 971 821 1005 capit,
840 977 903 998 sunt
918 972 990 998 enim

204 1012 229 1039 ei
253 1020 327 1040 mera
349 1014 462 1041 stultitia
482 1015 513 1042 “‘.
538 1025 546 1041 ι
572 1015 707 1044 Caeterum
731 1017 882 1051 spiritualis
900 1018 991 1044 omnia

207 1055 348 1091 dijudicat,
362 1066 425 1085 cum
439 1059 496 1094 ipse
511 1068 526 1086 a
540 1062 648 1089 nemine
663 1062 828 1096 dijudicetur
839 1062 874 1089 ".
891 1062 992 1095 Quem-

205 1103 350 1131 admodum
381 1105 463 1140 igitur
488 1107 614 1135 animalis
634 1115 752 1141 carneo,
782 1108 819 1135 ita
834 1113 862 1136 ct
881 1109 992 1135 animali

205 1150 357 1184 spiritualis
379 1153 552 1186 praestantior
568 1157 620 1181 est.
640 1154 708 1181 Cum
727 1162 791 1190 ergo
807 1154 916 1182 Litterae
933 1160 994 1189 post

205 1201 301 1222 omnes
323 1202 366 1222 res
390 1197 480 1224 anima
501 1198 630 1232 praeditas
650 1199 787 1226 hominem
804 1200 913 1228 demum
931 1209 993 1229 esse

206 1238 306 1266 factum
326 1241 452 1274 tradunt;
475 1245 595 1271 sciamus
622 1245 650 1271 in
673 1245 725 1272 hoc
739 1245 831 1273 Mosen
847 1246 880 1273 de
901 1247 992 1274 animo

1042 926 1137 952 τούτου
1155 926 1384 960 ὑπερανέστηκεν.
1401 925 1431 950 Et
1450 922 1496 950 οὖν
1514 924 1667 950 τελευταῖον
1685 922 1754 957 μετὰ
1776 922 1830 948 πᾶν

1044 972 1164 1008 ἔμψυχον
1184 973 1200 1007 ἡ
1217 972 1311 1007 Γραιρὴ
1335 970 1498 1005 γεγενῆσθαι
1517 970 1590 1004 λέγει
1613 969 1658 995 τὸν
1678 968 1830 1002 ἄνθρωπον,

1044 1019 1120 1045 οὐδὲν
1134 1018 1226 1053 ἕτερον
1272 1017 1410 1051 φιλοσοφεῖ
1419 1016 1452 1042 τὰ
1467 1016 1530 1051 περὶ
1541 1015 1629 1057 ψυχῆς
1642 1015 1706 1049 ἡμῖν
1724 1015 1738 1040 ὀ
1754 1021 1832 1048 νομο-

1047 1064 1136 1098 θέτης,
1150 1064 1191 1090 ἐπ’
1209 1063 1345 1098 ἀναγκαίᾳ
1356 1062 1409 1089 τινὶ
1421 1063 1454 1098 τῇ
1468 1061 1571 1093 τάξεως
1584 1059 1728 1095 ἀκολουθίᾳ
1742 1058 1772 1085 τὸ
1789 1057 1833 1084 τέ-

1046 1109 1116 1135 λειον
1135 1109 1163 1135 ἐν
1181 1108 1344 1139 τελευταίοις
1365 1107 1481 1142 βλέπων.
1499 1107 1542 1133 Ἐν
1560 1106 1608 1141 μὲν
1623 1105 1676 1141 γὰρ
1685 1105 1723 1140 τῷ
1734 1102 1833 1138 λογικῷ

1046 1156 1093 1182 καὶ
1108 1155 1142 1181 τὰ
1156 1154 1237 1181 λοιπὰ
1257 1154 1448 1189 περιείληπται
1459 1162 1465 1168 ·
1481 1153 1509 1178 ὲν
1531 1152 1558 1178 δὲ
1574 1152 1612 1187 τῷ
1624 1151 1773 1187 αἰσθητικῷ
1788 1150 1834 1177 καὶ

1046 1201 1076 1226 τὸ
1089 1199 1201 1235 φυσικὴν
1220 1198 1288 1231 εἶδος
1314 1199 1421 1230 πάντως
1451 1197 1533 1224 ἐστίν.
1556 1197 1658 1223 Ἐκεῖνο
1673 1196 1701 1222 δὲ
1718 1196 1781 1232 περὶ
1804 1195 1835 1221 τὸ

1047 1247 1137 1272 ὑλικὸν
1151 1246 1291 1281 θεωρεῖται
1313 1245 1402 1279 μόνον.

207 1284 352 1317 disserere,
383 1288 539 1315 necessaria
566 1289 682 1322 quadam
708 1290 813 1318 ordinis
838 1291 956 1323 ratione,
980 1291 1051 1326 quod
1067 1296 1125 1319 erat
1140 1291 1276 1322 oninibus,
1292 1295 1320 1316 ut
1335 1289 1445 1320 dicitur,
1463 1288 1584 1315 numeris
1597 1288 1756 1323 perfectum,
1775 1287 1835 1314 loco

207 1333 346 1363 postremo
370 1331 600 1360 considerantem.
625 1333 693 1361 Nam
718 1339 832 1367 natura,
859 1337 902 1364 cui
924 1338 1038 1364 rationis
1063 1345 1130 1365 usus
1142 1340 1181 1364 est
1202 1343 1361 1367 concessus,
1385 1334 1466 1361 etiam
1495 1338 1593 1361 cratera
1620 1333 1833 1368 complectitur:

208 1373 280 1401 sicut
295 1375 321 1402 in
336 1377 470 1404 sentiente
482 1378 616 1405 naturalis
632 1379 712 1406 etiam
734 1381 823 1408 anima
846 1381 926 1414 inest,
945 1390 1028 1418 quam
1045 1382 1143 1409 deinde
1162 1382 1248 1409 solam
1270 1381 1297 1407 in
1322 1380 1420 1412 rebus,
1448 1387 1516 1414 quas
1535 1387 1618 1414 supra
1644 1378 1834 1410 indicavimus,

208 1421 393 1449 crassioribus
415 1423 621 1452 constituimus.

246 1467 352 1495 idcirco
370 1472 467 1495 natura
491 1471 686 1498 convenienter
701 1472 833 1506 quosdam
853 1474 931 1508 quasi
947 1482 995 1509 per

210 1513 324 1547 gradus,
341 1514 385 1548 qui
404 1521 467 1541 sunt
482 1515 597 1544 diversa:
615 1516 668 1544 illae
683 1525 698 1544 a
712 1519 792 1546 nobis
803 1520 936 1554 exposita:
951 1521 992 1547 vi-

211 1559 289 1585 vendi
308 1559 440 1592 rationes,
457 1569 471 1587 ιι
489 1564 570 1589 rebus
585 1563 736 1592 minoribus
751 1565 784 1592 ad
799 1565 826 1592 id
843 1566 916 1601 quod
932 1574 994 1601 per-
1009 1555 1031 1586 (ἶ

211 1604 311 1631 fectum
327 1610 409 1637 esset,
425 1614 568 1642 progressa
585 1614 636 1636 est.
659 1609 745 1637 Homo
760 1611 843 1644 igitur
861 1619 923 1638 cum
940 1613 998 1639 ani-

213 1651 266 1677 mal
286 1651 321 1678 sit
338 1652 475 1680 sermonis
493 1652 624 1681 facultate
643 1655 797 1689 praeditum,
812 1664 925 1685 necesse
937 1663 996 1685 erat

211 1697 340 1731 corporis
356 1697 568 1725 instrumentum
591 1700 693 1734 parari,
717 1701 790 1736 quod
808 1701 841 1729 ad
861 1698 997 1730 sérmonis

213 1749 292 1769 usum
308 1747 380 1770 esset
396 1743 580 1778 aptissimum.
598 1744 715 1774 Perinde
728 1751 811 1782 atque
823 1748 944 1776 musicos
958 1749 998 1776 vi-

211 1788 308 1815 demus
325 1788 443 1816 diversis
464 1789 490 1816 in
512 1790 704 1819 instrumentis
727 1792 853 1821 dirersas
874 1794 943 1820 artis
960 1793 998 1821 ef-

213 1833 346 1862 fectiones
358 1836 517 1870 ostendi-rc,
532 1845 620 1872 neque
637 1845 671 1865 ex
690 1838 797 1866 barbite
812 1838 942 1866 tibiarum
955 1847 999 1867 so-

214 1888 278 1906 num
291 1880 381 1913 edere,
396 1889 485 1915 neque
497 1883 571 1910 tibiis
584 1884 697 1911 cithara:
709 1888 818 1911 cautum
831 1885 996 1919 exprimere.

215 1925 314 1952 Eodem
331 1929 410 1960 pacto
423 1930 449 1953 et
469 1928 590 1955 sermoni
608 1929 816 1956 accommodata
834 1928 998 1957 fabricanda

213 1975 293 1997 erant
311 1970 506 2004 instrumenta,
526 1977 556 1999 ut
578 1973 622 2000 ille
641 1974 749 2001 scilicet
768 1982 783 2000 a
799 1975 926 2009 partibus
942 1983 1000 2002 cor-

215 2017 290 2052 poris
311 2017 430 2044 orationi
447 2016 595 2045 formandae
608 2019 753 2046 destinatis
769 2027 926 2054 expressus,
943 2021 999 2048 ele-

213 2066 322 2098 gantem
338 2070 435 2090 sonum
451 2064 554 2091 ederet.
573 2063 629 2092 Hac
642 2066 725 2100 igitur
745 2066 778 2093 dc
793 2074 877 2094 causa
903 2075 1001 2094 manus

215 2108 324 2143 corpori
338 2108 436 2137 additae
452 2113 526 2137 sunt.
537 2109 700 2145 Quanquam
711 2111 784 2138 enim
798 2111 922 2139 infinitas
931 2112 1000 2140 alias

214 2155 423 2183 commoditates
437 2159 463 2182 et
477 2163 555 2188 usus,
578 2164 648 2191 quos
673 2156 700 2182 in
724 2156 778 2183 vita
799 2157 879 2184 nobis
903 2165 1000 2186 manus

216 2200 411 2232 (instrumenta
436 2200 609 2236 perprofecto
629 2201 763 2236 expedita,
787 2202 942 2237 multasque
967 2203 1001 2230 ad

216 2253 260 2273 res
275 2245 434 2273 elﬁciendas
451 2246 560 2281 idonea)
577 2247 603 2273 in
618 2247 692 2274 omni
715 2247 784 2275 artis
803 2251 830 2275 et
852 2248 943 2283 operis
955 2256 1001 2283 ge-

217 2299 281 2318 nere
296 2295 437 2326 prtestant,
460 2300 606 2320 recensere
622 2293 751 2320 facillime
769 2294 865 2327 possit,
887 2295 934 2329 qui
959 2302 1002 2322 rc-

217 2339 269 2365 bus
284 2345 351 2372 pace
369 2339 496 2374 belloque
517 2338 644 2373 gerendis
664 2340 830 2367 exercitatus
851 2345 894 2368 est
910 2350 916 2368 :
933 2348 1002 2375 prte-

216 2385 296 2419 eipue
311 2389 401 2412 tamen
417 2386 554 2412 sermonis
579 2393 627 2413 eas
652 2393 737 2414 causa
765 2387 874 2421 corpori
903 2391 1002 2415 natura

217 2430 358 2456 annexuit.
375 2429 444 2456 Nam
456 2430 479 2457 si
494 2430 537 2457 his
550 2430 698 2457 carendum
721 2431 824 2459 homini
841 2432 1001 2466 esset,haud

217 2475 300 2502 dubie
312 2476 471 2502 animalium
487 2476 575 2503 instar
588 2477 807 2512 quadrupedum,
818 2478 859 2505 sic
876 2477 1003 2504 humana:

217 2518 297 2547 faciei
317 2524 409 2554 partes
430 2520 562 2549 formatas
583 2529 645 2549 esse
669 2530 784 2550 necesse
806 2522 887 2555 foret,
916 2528 944 2550 ut
963 2530 1003 2550 ea:

217 2566 250 2592 ad
274 2565 412 2593 hominem
442 2567 637 2595 nutriendum'
657 2572 749 2596 essent
775 2569 1000 2596 accommodatae.

217 2611 347 2647 Adeoque
361 2613 477 2640 formam
489 2613 573 2648 hujus
589 2614 733 2649 oblongam
749 2622 821 2646 esse,
834 2617 1000 2640 attenuatam

217 2665 250 2686 ac
267 2666 400 2694 pressam,
422 2666 476 2694 qua
488 2667 568 2688 nares
584 2660 644 2687 sitae
665 2663 743 2693 sunt;
764 2660 839 2687 labra
856 2666 920 2686 vero
936 2659 1004 2686 emi-

220 2704 321 2735 nentia,
338 2705 458 2732 obducta
472 2706 552 2737 eallo,
569 2706 637 2733 dura
657 2713 806 2740 crassaque
817 2713 878 2732 esse
893 2708 1003 2739 oporte-

219 2750 276 2784 bat,
293 2754 322 2778 ut
350 2751 476 2778 nimirum
503 2752 536 2779 ad
561 2751 712 2787 carpendas
727 2752 826 2778 herbas
847 2755 910 2786 apte
930 2758 1004 2778 com-

220 2801 314 2830 parata
347 2801 447 2826 essent.
480 2796 613 2825 Praeterea
653 2797 773 2832 linguam
807 2797 877 2824 inter
910 2795 1004 2824 dentes

255 2855 277 2871 ""
293 2856 302 2882 Ι
316 2856 375 2883 Cor.
394 2864 433 2889 in,
450 2857 472 2884 i.
511 2856 630 2883 “lCor.
648 2864 678 2889 It,
698 2856 738 2883 Μ.
777 2855 799 2872 δ’
813 2854 880 2883 Ibid.
898 2854 943 2881 ‘22.

1084 1472 1188 1500 Οὐκοῦν
1210 1471 1337 1502 εἰκότως,
1358 1470 1480 1506 καθάπερ
1500 1470 1544 1497 διὰ
1568 1468 1680 1504 βαθμῶν
1701 1469 1717 1504 ἡ
1745 1467 1834 1502 φύσις,

1049 1520 1103 1547 τῶν
1126 1521 1174 1555 τῆς
1197 1519 1268 1554 ζωῆς
1291 1519 1362 1553 λέγω
1385 1517 1546 1553 ἰδιωμάτων,
1564 1517 1618 1544 ἀπὸ
1634 1516 1687 1542 τῶν
1709 1514 1834 1551 μικροτέ-

1050 1574 1103 1602 ρων
1129 1566 1174 1592 ὲπὶ
1197 1565 1227 1591 τὸ
1253 1564 1356 1591 τέλειον
1386 1565 1502 1590 ποιεῖται
1528 1563 1576 1598 τὴν
1598 1562 1698 1589 ἄνοδον.
1729 1559 1836 1594 Ἐπειδὴ

1047 1611 1135 1638 τοίνυν
1156 1610 1264 1644 λογικὸν
1283 1618 1309 1636 τι
1331 1609 1399 1641 ζῶόν
1424 1610 1497 1635 ἐστιν
1525 1609 1538 1634 ὁ
1562 1607 1717 1642 ἄνθρωπος,
1735 1605 1835 1632 κατάλ-

1048 1657 1127 1692 ληλον
1151 1656 1204 1683 ἔδει
1232 1658 1264 1691 τῇ
1295 1655 1374 1691 χρείᾳ
1400 1654 1446 1681 τοῦ
1477 1653 1556 1688 λόγου
1584 1650 1835 1685 κατασκευασθῆναι

1048 1703 1078 1730 τὸ
1099 1703 1144 1729 τοῦ
1173 1701 1297 1737 σώματος
1320 1699 1444 1737 ὄργανον.
1462 1699 1595 1733 Καθάπερ
1613 1699 1676 1729 τοὺς
1692 1697 1838 1733 μουσικοὺς

1050 1749 1121 1776 ἔστιν
1136 1748 1199 1774 ἰδεῖν
1219 1747 1285 1782 πρὸς
1303 1747 1332 1773 τι
1348 1746 1401 1772 τῶν
1417 1745 1539 1780 ὁργάνων
1559 1741 1627 1774 εἶδος
1641 1743 1689 1778 τὴν
1708 1741 1838 1778 μουσικὴν

1050 1793 1247 1825 ἐκπονοῦντας,
1275 1793 1320 1819 καὶ
1347 1791 1408 1818 οὔτε
1440 1790 1482 1817 διὰ
1514 1789 1648 1825 βαρϐίτων
1677 1787 1836 1819 αὐλοῦντας,

1049 1841 1110 1867 οὕτε
1128 1841 1156 1866 ἐν
1173 1839 1263 1870 αὐλοῖς
1278 1837 1482 1873 κιθαρίζοντας·
1499 1835 1569 1862 κατὰ
1585 1834 1629 1861 τὸν
1641 1833 1720 1860 αὑτὸν
1739 1833 1839 1868 τρόπον

1050 1886 1102 1912 ἔδει
1113 1885 1151 1921 τῷ
1162 1885 1232 1919 λόγῳ
1241 1883 1406 1919 κατάλληλον
1421 1880 1490 1909 εἶναι
1503 1881 1552 1916 τὴν
1566 1880 1618 1906 τῶν
1625 1880 1747 1915 ὀργάνων
1756 1888 1839 1906 κατα-

1051 1931 1161 1964 σκευὴν,
1177 1931 1214 1962 ὡς
1231 1930 1263 1956 ἂν
1283 1929 1429 1965 προσφυῶς
1445 1927 1553 1963 ἐνηχοίη
1569 1927 1636 1963 πρὸς
1655 1927 1704 1962 τὴν
1722 1925 1776 1952 τῶν
1793 1927 1839 1961 ρη-

1053 1975 1304 2012 μάτωνχρείανὺπὺ
1314 1974 1367 2000 τῶν
1379 1973 1539 2008 φωνητικῶν
1553 1972 1652 2008 μορίων
1661 1971 1837 2006 τυπούμενος.

1051 2023 1100 2049 Διὰ
1114 2022 1192 2048 τοῦτο
1208 2020 1414 2056 συνηρττῐψηστιν
1428 2021 1454 2046 αἱ
1465 2021 1553 2055 χεῖρες
1571 2018 1608 2054 τῷ
1617 2018 1731 2053 σώματι.
1744 2017 1773 2043 Et
1786 2016 1839 2051 γὰρ

1052 2069 1098 2096 καὶ
1113 2067 1211 2104 μυρίας
1232 2067 1304 2093 ἐστιν
1319 2064 1564 2101 ἁπαριθμήσασθαι
1577 2063 1626 2096 τὰς
1638 2063 1708 2090 κατὰ
1724 2063 1768 2089 τὸν
1784 2062 1842 2097 βίον

1052 2115 1156 2150 χρείας,
1184 2113 1251 2148 πρὸς
1277 2113 1310 2144 ἃς
1323 2112 1357 2138 τὰ
1378 2112 1520 2148 εὐμήχανοι
1537 2111 1623 2138 ταῦτα
1639 2110 1686 2137 καὶ
1699 2108 1839 2144 πολυαρκῆ

1051 2161 1106 2186 τῶν
1123 2152 1220 2195 χειρῶν
1233 2159 1334 2194 ὄργανα
1346 2158 1487 2193 χρησίμως
1496 2157 1552 2192 ἔχει
1565 2156 1633 2191 πρὸς
1644 2156 1732 2182 πᾶσαν
1745 2155 1840 2189 τέχνην

1053 2206 1100 2232 καὶ
1114 2206 1201 2232 πᾶσαν
1214 2204 1362 2240 ἐνέργειαν,
1377 2203 1422 2229 τὸν
1441 2204 1511 2228 κατὰ
1529 2200 1645 2235 πόλεμον
1659 2208 1686 2225 τε
1705 2199 1750 2225 καὶ
1767 2198 1842 2233 εἰρή-

1053 2261 1102 2287 νην
1117 2251 1224 2285 aiat-1.396);
1237 2250 1379 2285 μετιόντα·
1398 2249 1466 2276 ἀλλὰ
1483 2248 1529 2274 καὶ
1547 2247 1599 2282 πρὸ
1609 2246 1663 2272 τῶν
1682 2245 1767 2272 ἄλλων
1783 2244 1840 2270 διοι-

1055 2295 1191 2330 φερόντως
1206 2293 1253 2321 τοῦ
1268 2294 1347 2328 λόγου
1362 2293 1441 2329 χάριν
1456 2291 1622 2327 προσέθηκεν
1638 2291 1745 2325 αὐτὰςή
1761 2288 1840 2323 φύσις

1053 2340 1091 2375 τῷ
1106 2340 1222 2375 σώματι.
1239 2340 1270 2366 El
1296 2339 1350 2374 γὰρ
1368 2340 1479 2374 ἄμοιρος
1494 2337 1547 2364 τῶν
1564 2337 1661 2373 χειρῶν
1677 2335 1840 2369 ὀᾶνθρωπος

1054 2384 1097 2420 ἦν,
1114 2385 1221 2416 πάντως
1236 2385 1268 2411 ἂν
1282 2383 1356 2419 αὐτῷ
1369 2383 1430 2410 καθ’
1443 2383 1587 2418 ὁμοιότητα
1600 2382 1653 2407 τῶν
1668 2379 1840 2415 τετραπόδων

1055 2431 1230 2466 καταλλήλως
1257 2431 1289 2465 τῇ
1318 2430 1367 2464 τῆς
1394 2429 1496 2464 τροφῆς
1515 2428 1593 2463 χρείᾳ
1609 2425 1783 2453 διεσκεύαστο
1794 2423 1840 2450 τοῦ

1056 2475 1201 2511 προσώπου
1229 2475 1262 2502 τὰ
1293 2475 1384 2510 μόρια,
1401 2473 1470 2499 ὥστε
1488 2473 1616 2508 προμήκη
1630 2479 1658 2496 τε
1674 2469 1721 2505 τὴν
1735 2468 1841 2504 μορσὴν

1055 2519 1134 2553 εἶναι,
1155 2521 1201 2547 καὶ
1221 2521 1266 2546 ἐπὶ
1296 2520 1437 2555 μυκτῆρας
1457 2516 1697 2547 ἁπολεπτύνεσθαι,
1715 2515 1762 2541 καὶ
1778 2522 1841 2549 προ-

1055 2567 1200 2602 ϐεϐλῆσθαι
1224 2566 1258 2593 τὰ
1279 2566 1354 2602 χείλη
1371 2564 1416 2591 τοῦ
1433 2565 1564 2599 στόματος
1598 2560 1700 2594 τυλώδη
1720 2559 1765 2586 καὶ
1781 2567 1842 2585 στα-

1056 2614 1132 2649 θερὰ,
1147 2613 1193 2639 καὶ
1209 2612 1309 2648 παχέα,
1330 2612 1395 2648 πρὸς
1414 2611 1462 2646 τὴν
1482 2609 1619 2644 ἀναίρεσιν
1637 2608 1683 2642 τῆς
1699 2606 1766 2637 πόας
1784 2606 1843 2631 ἐπι-

1055 2660 1166 2695 τηδείως
1176 2660 1281 2695 ἔχοντα,
1293 2658 1434 2693 ἐγκεῖσθαι
1448 2657 1474 2683 δὲ
1487 2656 1543 2687 τοῖς
1556 2654 1644 2681 ὀδοῦσι
1660 2654 1710 2689 τὴν
1718 2652 1842 2687 γλῶσσαν

1056 2706 1138 2740 ἄλλην
1170 2706 1228 2732 τινὰ
1252 2705 1390 2738 τοιαύτην,
1421 2702 1611 2737 πολύσαρκον,
1635 2700 1682 2726 καὶ
1709 2700 1842 2746 {ivncta-:71

1057 2752 1104 2778 καὶ
1130 2753 1273 2787 τραχεῖαν,
1297 2751 1344 2777 καὶ
1365 2747 1659 2783 συγκατεργαζομένην
1683 2746 1738 2775 τοῖς
1754 2743 1844 2768 ἀδοῧδι

1058 2797 1088 2824 τὸ
1111 2797 1162 2824 ὑπὸ
1181 2797 1226 2825 τὸν
1249 2797 1340 2824 ὀδόντα
1368 2796 1527 2830 γινόμενον
1543 2793 1559 2830 ἢ
1575 2792 1661 2828 ὑγράν
1677 2800 1705 2818 τε
1725 2789 1771 2818 καὶ
1786 2788 1846 2815 δια-
