1976 3077
123 126 176 154 149

726 129 770 157 DE
785 129 927 158 HOMINIS
943 128 1089 158 OPIFICIO

1700 122 1750 152 £50

123 181 277 218 ιεχυμένην
301 180 371 208 κατά
396 181 429 208 τὰ
445 181 557 217 πλάγια,
584 184 626 210 οἵα
655 185 671 219 ἡ
695 185 748 213 τῶν
770 186 858 213 κυνῶν
883 195 912 213 τε

973 193 1019 214 ιοη
1033 186 1107 213 illam
1121 184 1241 220 {quidem
1259 184 1352 216 talem,
1379 183 1451 220 quali
1471 190 1542 210 nunc
1561 183 1675 216 utimur,
1700 183 1749 210 sed

124 228 169 254 καὶ
182 227 235 254 τῶν
247 227 347 254 λοιπῶν
358 227 412 255 τῶν
419 227 569 265 ὡμοΰόρων
581 231 649 262 ἐστι,
657 231 698 266 τῷ
708 232 840 268 καρχάρῳ
859 232 914 259 τῶν

122 273 235 299 ὸῖόντων
260 272 361 307 μεταξὺ
379 273 431 300 τῶν
447 273 638 310 διαστημάτων
655 277 854 312 ἐνδιαῤῥὲουσα.
883 278 914 304 Et

122 315 168 344 οὗν
185 318 223 353 μὴ
239 318 364 353 παρῆσαν
379 319 407 345 αι
422 320 512 355 χεῖρες
524 319 562 355 τῷ
578 320 694 356 σώματι.
711 322 769 353 πῶς
785 322 818 349 ἂν
836 323 915 358 ἐναρ-

124 365 187 399 apo;
208 363 294 398 τούτῳ
319 364 476 400 ἐνετυπώθη
495 365 582 401 φωνὴ,
601 367 650 401 τῆς
672 368 844 403 κατασκευῆς
859 368 913 396 τῶν

123 408 193 435 κατὰ
205 409 236 434 τὸ
250 409 337 444 στόμα
353 409 453 445 μορίων
461 411 490 436 οὐ
501 411 833 448 συνδιασχηματιζομένης
845 413 913 448 πρὸς

122 454 171 489 τὴν
186 453 279 488 χρείαν
297 453 343 480 τοῦ
359 454 493 488 φθόγγους
514 455 552 487 ὼς
565 456 720 490 ἐπάναγκες
736 455 830 492 εἶναιῆ
849 457 914 493 βλη-

125 499 225 534 χᾶσθαι
238 499 356 532 πάντως,
374 500 390 535 ἦ
409 501 552 536 μηκάζειν,
568 501 585 536 ἦ
598 501 733 533 ὑλακτεῖν,
751 503 767 538 ἥ
783 503 913 538 χρεμετί-

123 545 181 577 ζειν
194 546 239 572 τὸν
255 545 434 581 ἀνθρωπον,ἢ
451 546 551 581 βουσὶν,
569 546 586 582 ἢ
601 547 672 579 ὄνοις
689 547 753 583 βοᾷν
769 548 914 584 παραπλή-

126 599 193 624 σιον,
210 592 226 627 ἡ
242 600 301 618 τινα
319 591 438 626 θηριώδη
451 591 594 627 μυκηθμὸν
607 593 728 627 ἀφιέναι.
741 594 809 620 Νυνὶ
823 594 852 620 δὲ
865 595 915 630 τῆς

125 636 215 671 χειρὸς
231 635 384 672 ἐντεθείσης
394 636 433 671 τῷ
443 635 559 671 σώματι,
575 637 701 672 εῦσχολόν
713 639 770 664 ἐστι
785 638 815 664 τὸ
829 638 917 673 στόμα

123 681 157 716 τῇ
179 680 314 716 ὑπηρεσίᾳ
336 681 382 707 τοῦ
409 681 498 715 λόγου.
529 681 632 709 Οὐκοῦν
655 682 720 709 ῐδιον
742 683 791 718 τῆς
805 683 917 718 λογικῆς

125 726 231 759 φύσεως
251 727 277 753 αἱ
295 727 384 762 χεῖρες
399 726 616 761 ἀναπεφήνασιν,
635 727 706 754 οὕτω
732 728 778 755 τοῦ
796 728 916 755 πλάστου

124 770 168 796 διὰ
179 770 281 797 τούτων
294 770 488 805 ὲπινοήσαντος
505 771 544 806 τῷ
556 771 627 807 λόγῳ
643 771 693 808 τὴν
710 772 845 800 εὐκολίαν.

963 232 1006 259 vel
1026 238 1109 259 carne
1129 231 1259 265 amplam,
1285 229 1411 260 solidam.
1432 236 1566 264 asperam,
1590 236 1651 264 quae
1669 228 1750 261 quid-

963 276 1028 312 quid
1041 277 1172 304 dentibus
1190 275 1321 310 injectum
1338 279 1423 307 esset,
1451 282 1504 302 una
1521 282 1582 302 cum
1607 273 1661 302 illis
1676 281 1750 301 οοηι-

962 320 1173 348 minueret:vel
1196 323 1301 350 contra.
1324 319 1431 346 mollem
1457 327 1554 347 versus
1581 319 1676 350 latera,
1691 318 1752 345 ﬂui-

962 365 1093 401 damque,
1114 365 1271 400 cujusmodi
1287 372 1388 392 canum
1411 364 1635 399 reliquorumque
1650 363 1752 390 anima-

966 410 1033 436 lium
1055 409 1265 437 crudivororum
1290 409 1382 443 lingua
1396 412 1452 441 est,
1477 409 1621 443 quaeinter
1631 408 1751 435 dentium

966 456 1044 490 quasi
1068 459 1237 484 serratorum
1261 455 1347 482 rimas
1378 454 1548 482 diffunditur.
1569 453 1753 487 Quamobrem

966 500 990 528 si
1005 507 1102 528 manus
1118 500 1237 527 humano
1253 501 1361 535 corpori
1379 500 1477 528 addita.-
1486 507 1542 527 non
1559 500 1685 531 fuissent,
1698 506 1753 533 quo

967 550 1048 581 pacto
1060 546 1170 573 tandem
1186 547 1302 581 exprimi
1319 547 1461 574 articulata
1477 546 1554 581 quasi
1575 554 1626 573 vox
1650 545 1754 581 potuis-

967 595 1018 622 set,
1033 592 1158 626 partibus
1169 592 1226 620 mis
1240 591 1273 618 ad
1289 599 1387 619 sonum
1400 592 1586 626 adjuvandum
1613 599 1667 618 non
1682 591 1751 619 satis

970 641 1032 672 apte
1044 636 1223 664 conformatis
1234 637 1380 664 ‘tProfeeto
1395 638 1467 665 enim
1477 641 1525 664 aut
1534 637 1694 670 balandum,
1707 640 1755 663 aut

969 683 1189 718 caprissandum,
1200 687 1248 710 aut
1263 683 1430 714 Intrandum,
1441 687 1486 710 aut
1500 683 1690 713 hinniendum,
1706 687 1753 709 aut

973 728 1125 760 boandum,
1144 732 1192 755 aut
1210 729 1363 757 rudendum
1380 728 1483 756 homini
1511 728 1618 761 fuisset,
1637 732 1683 755 aut
1697 735 1754 754 mu-

971 774 1043 809 gitus
1055 773 1167 809 quidam
1184 774 1335 801 belluarum
1354 781 1429 802 more
1441 774 1572 801 edendus.
1597 773 1674 800 Nunc
1688 781 1750 800 cum

127 824 223 843 manus
243 816 347 844 homini
369 816 438 844 data:
453 817 518 848 sint,
549 821 654 844 tantum
677 818 796 845 sermoni
819 825 851 845 os
873 819 1052 853 exprimendo
1073 819 1193 846 deservit
1207 823 1289 854 atque
1310 823 1472 854 occupatur.
1488 818 1595 846 Idcirco
1608 822 1682 846 recte
1699 822 1756 846 sta-

126 863 221 895 tuitur,
238 870 335 890 inanns
346 871 408 891 esse
423 865 563 899 proprium
573 865 709 898 quoddam
725 870 828 894 naturae
841 866 968 901 loquendi
983 867 1111 894 facultate
1122 866 1241 901 pradita:
1256 867 1479 899 instrumentum,
1493 866 1564 893 hunc
1581 866 1751 901 potissimum

125 910 160 938 ad
176 910 256 938 linem
271 910 367 942 factas.
384 914 414 938 ut
429 919 523 938 earum
536 919 618 946 opera
634 913 786 948 expeditior
801 914 827 940 in
844 914 921 941 nobis
937 914 1072 942 sermonis
1084 921 1150 942 usus
1165 918 1246 943 esset.

390 967 589 994 ΚΕΦΔΛΑΙΟΝ
613 968 652 997 Θ’.

1269 970 1386 999 CAPUT
1413 970 1458 998 IX.

128 1013 188 1038 Ὀτι
209 1011 367 1049 ὀργαζικὸν
390 1013 619 1049 κατεσκευάσθη
640 1014 693 1040 τοῦ
706 1013 862 1048 ἀνθρώπου
882 1014 916 1041 τὸ

1006 1015 1146 1043 Hominem
1167 1016 1206 1042 sic
1217 1016 1354 1042 conditum
1366 1023 1433 1047 esse,
1446 1020 1476 1041 ut
1491 1015 1669 1041 instrumenta
1688 1014 1722 1039 aut

236 1046 339 1081 σχῆμα
355 1047 428 1081 πρὸς
443 1047 499 1081 τὴν
520 1048 571 1075 τοῦ
585 1049 678 1083 λόγου
689 1046 802 1084 χρείὰν.

169 1092 277 1128 Ἐπειδὴ
303 1093 391 1119 τοίνυν
421 1092 525 1128 θεοειδῆ
542 1102 603 1120 τινα
625 1094 704 1129 χάριν
722 1095 761 1129 τῷ
779 1095 917 1129 πλάσματι

127 1137 205 1173 ἡμῶν
219 1138 233 1164 ὁ
245 1139 359 1173 ποιήσας
371 1137 529 1174 δεδώρηται,
545 1139 602 1166 τῶν
618 1139 690 1166 ίδίων
708 1139 817 1174 ἀγαθῶν
832 1140 918 1172 ἐνθεὶς

125 1185 158 1220 τῇ
174 1185 256 1211 εικόνι
269 1183 318 1216 τὰς
328 1185 486 1220 ὁμοιότητας
498 1194 503 1200 ·
514 1185 558 1212 διά
572 1185 650 1212 τοῦτο
661 1185 694 1212 τὰ
709 1186 758 1221 μὲν
769 1186 849 1213 λοιπὰ
864 1186 917 1213 τῶν

125 1230 236 1264 ἀγαθῶν
254 1229 352 1257 ἔδωκεν
368 1231 399 1257 ἐκ
421 1230 577 1266 φιλοτιμίας
599 1232 632 1266 τῇ
652 1231 809 1267 ἀνθρωπίνῃ
827 1231 915 1266 φύσει.

126 1276 182 1302 Νοῦ
196 1276 223 1303 δὲ
236 1277 283 1303 καὶ
299 1277 456 1312 φρονήσεως
470 1277 519 1303 οὐκ
534 1276 591 1303 ἐστι
608 1277 711 1312 κυρίως
726 1277 813 1303 είπεῖν
825 1278 864 1303 ὅτι
878 1277 919 1303 δέ-

125 1323 222 1355 δωκεν,
234 1322 291 1349 ἀλλ’
303 1323 344 1349 ὃτι
360 1322 505 1357 μετέδωκε,
517 1322 561 1348 τὸν
571 1322 635 1349 ἴδιον
650 1322 732 1349 αὐτοῦ
744 1323 792 1358 τῆς
807 1322 914 1357 φύσεως

127 1369 227 1404 κόσμον
239 1367 375 1394 ἐπιϐαλὼν
388 1370 420 1403 τῇ
433 1368 526 1394 εἰκόνι.
537 1367 614 1394 Ἐπεὶ
623 1367 669 1395 οὖν
684 1368 809 1404 νοερόντι
823 1368 917 1403 χρῆμα.

127 1414 173 1439 καὶ
188 1412 332 1449 ἀσώματόν
348 1413 420 1439 ἐστιν
433 1414 446 1440 ό
464 1412 537 1445 νοῦς,
553 1413 733 1448 ἀκοινώνητον
745 1413 777 1440 ἂν
793 1413 855 1448 ἔσχε
871 1414 920 1448 τὴν

127 1460 207 1495 χάριν
222 1460 269 1486 καὶ
294 1459 418 1494 ἄμικτον,
437 1459 474 1494 μὴ
495 1459 539 1486 διά
556 1468 628 1491 τινος
652 1459 773 1491 ἐπινοίας
790 1468 922 1494 φανερου-

129 1505 213 1540 μένης
226 1504 307 1531 αὑτοῦ
319 1504 367 1539 τῆς
387 1505 528 1539 κινήσεως.
541 1504 641 1531 Τούτου
659 1504 738 1540 χάριν
750 1504 799 1539 τῆς
813 1504 922 1540 ὀργανι-

128 1551 179 1586 κῆς
192 1550 292 1586 ταύτης
307 1550 472 1586 προσεδεήθη
482 1551 664 1585 κατασκευῆς,
677 1551 720 1577 ἵνα
736 1550 873 1586 πλήκτρου
883 1550 922 1577 δί-

129 1605 180 1631 κην
187 1597 240 1622 τῶν
252 1596 414 1631 φωνητικῶν
422 1596 524 1631 μορίων
540 1596 704 1630 ἁπτόμενος,
718 1595 762 1622 διὰ
777 1596 825 1630 τῆς
842 1596 921 1627 ποιᾶς

128 1642 182 1669 τῶν
199 1642 324 1677 φθόγγων
334 1641 480 1673 τυπώσεως
494 1641 649 1678 ἐρμηνεὺσῃ
660 1642 709 1677 τὴν
723 1641 828 1668 ἔνδοθεν
845 1642 921 1677 κίνη-

129 1697 180 1715 σιν.
199 1688 252 1714 Καὶ
263 1687 356 1722 ὥσπερ
378 1696 418 1718 τις
440 1687 572 1723 μουσικῆς
592 1687 722 1723 ἔμπειρος
736 1686 784 1719 ὢν,
800 1687 833 1715 ἂν
855 1687 922 1714 ἰδίαν

129 1735 161 1759 ἐκ
177 1733 278 1764 πάθους
304 1733 341 1768 μὴ
370 1732 426 1768 ἔχοι
451 1733 553 1767 φωνὴν,
573 1732 734 1767 βουλόμενος
753 1733 782 1760 δὲ
802 1733 922 1769 φανερὰν

130 1778 241 1813 ποιῆσαι
252 1778 300 1814 τὴν
319 1778 484 1813 ἐπιστήμην,
500 1777 652 1814 ἀλλοτρίαις
679 1778 850 1814 ὲμμελῳδοίη
867 1787 923 1812 φω-

129 1826 198 1856 ναῖς,
213 1824 245 1851 δι’
260 1824 373 1860 αὐλῶνῆ
388 1823 471 1858 λύρας
483 1823 651 1858 δημοσιεύων
665 1824 714 1859 τὴν
729 1824 826 1859 τέχνην
837 1833 843 1839 ·
852 1824 923 1851 οὕτω

130 1870 178 1896 καὶ
193 1870 207 1895 ὁ
222 1869 388 1905 ἀνθρώπινος
405 1867 477 1900 νοῦς,
497 1868 675 1895 παντοδαπῶν
692 1869 835 1904 νοημάτων
849 1869 924 1904 εὑρε-

130 1918 181 1952 τὴς
198 1916 297 1950 ὢν,τῷ
320 1915 358 1950 μὴ
374 1915 503 1941 δύνασθαι
520 1914 564 1941 διὰ
586 1914 749 1950 σωματικῶν
772 1914 923 1950 αἰσθήσεων

129 1961 262 1996 ἐπαῖούσῃ
284 1962 316 1996 τῇ
333 1960 405 1995 ψυχῇ
420 1960 551 1987 δεικνύειν
558 1960 607 1991 τὰς
618 1960 668 1995 τῆς
684 1960 805 1992 διανοίας
820 1959 921 1996 ὁρμὰς,

130 2007 257 2041 καθάπερ
280 2015 321 2038 τις
343 2005 481 2041 ἁρμοστὴς
497 2005 629 2041 ἔντεχνος,
642 2005 695 2032 τῶν
715 2005 844 2041 ἐμψύχων
860 2005 924 2033 τούς

129 2062 184 2079 των
213 2052 335 2087 ὀργάνων
365 2051 524 2086 ἁπτόμενος,
542 2051 586 2077 διὰ
607 2051 657 2086 τῆς
681 2051 709 2077 ἐν
724 2052 828 2082 τούτοις
854 2051 922 2086 ἠχῆς

130 2098 235 2132 φανερά
262 2098 333 2123 ποιεῖ
358 2097 391 2123 τὰ
415 2096 595 2131 κεκρυμμένα
612 2096 747 2131 νοήματα.
764 2095 922 2131 Σύμμικτος

128 2144 156 2171 δέ
168 2152 209 2175 τις
225 2144 241 2179 ἡ
257 2143 372 2178 μουσικὴ
393 2143 456 2178 περὶ
470 2142 500 2168 τὺ
515 2141 683 2177 ἀνθρώπινον
705 2142 821 2177 ὄργανον
839 2141 921 2169 αὐλοῦ

130 2188 279 2223 mnam.
291 2188 386 2222 ὥσπερ
398 2188 427 2214 ἐν
440 2187 557 2222 συνῳδίᾳ
574 2187 626 2213 τινι
643 2187 714 2213 κατά
727 2186 824 2213 ταύτὸν
839 2186 921 2222 ἀλλή-

130 2235 186 2266 λοις
215 2233 474 2269 συμφθεγγομένων.
499 2233 535 2259 Τὸ
548 2233 598 2268 μὲν
615 2232 669 2268 γὰρ
688 2232 796 2267 πνεῦμα
817 2232 860 2259 διὰ
873 2233 921 2268 τῆς

130 2280 275 2316 ἀρτηρίας,
294 2279 347 2306 ἀπὸ
362 2278 415 2305 τῶν
432 2278 654 2313 πνευματοδόχων
669 2278 787 2312 ἀγγείων
803 2277 922 2305 ἀνωθού-

131 2333 222 2361 μενον,
247 2325 311 2352 ὅταν
335 2325 352 2359 ὴ
381 2324 453 2358 ὁρμὴ
465 2323 512 2350 τοῦ
535 2323 720 2359 φθεγγομένου
745 2323 813 2358 πρὸς
832 2323 923 2359 φωνὴν

129 2369 234 2406 τονώσῃ
246 2370 276 2397 τὸ
287 2370 378 2405 μέρος,
387 2370 447 2400 ταῖς
461 2368 566 2395 ἔνδοθεν
577 2370 834 2404 προσαρασσόμενον
840 2377 923 2404 προσς

130 2417 232 2448 ϐολαῖς,
245 2416 272 2443 αἳ
290 2414 459 2450 κυκλοτερῶς
471 2415 516 2441 τὸν
527 2411 653 2450 emensa
662 2415 755 2442 τοῦτον
769 2414 922 2450 διειλήφασι

131 2462 224 2497 πόρον,
234 2461 355 2496 μιμεῖταί
373 2469 429 2492 πως
439 2460 487 2495 τὴν
496 2460 539 2487 διὰ
548 2460 594 2486 τοῦ
611 2460 693 2487 αὐλοῦ
708 2461 855 2496 γινομένην
871 2469 923 2494 φω-

130 2507 189 2542 νὴν,
197 2508 256 2538 ταῖς
263 2506 276 2532 ὑ
281 2506 426 2541 μενώ5εσιν
434 2505 539 2541 ἐξοχαῖς
549 2507 577 2532 ἐν
587 2505 679 2541 κύκλῳ
688 2506 826 2542 περιδονού
831 2515 920 2541 μενον.

136 2552 264 2588 Ὑπερῴα
277 2553 305 2579 δὲ
321 2552 366 2579 τὸν
386 2552 508 2579 κάτωθεν
523 2551 639 2586 φθόγγον
655 2551 793 2587 ἐκδέχεται
807 2552 846 2587 τῷ
860 2552 920 2578 κατ*

129 2600 215 2636 αὐτὴν
229 2598 375 2634 κενώματι,
392 2597 510 2633 διδύμοις
521 2598 611 2630 αὐλοῖς
621 2600 677 2629 τοῖς
687 2598 732 2624 ἐπὶ
746 2598 807 2629 τοὺς
817 2597 921 2633 μυκτῆ-

132 2652 182 2680 ρας
191 2642 323 2678 διήκουσι,
335 2643 382 2669 καὶ
395 2639 450 2668 οἷον
462 2641 578 2668 λεπίδων
586 2642 657 2668 τισιν
668 2641 773 2677 ἐξοχαῖς
788 2643 844 2674 τοῖς
858 2642 922 2677 περι

129 2688 176 2714 τὴν
185 2687 272 2722 ἡθμὸν
286 2687 406 2722 χόνδροις
421 2687 469 2722 τὴν
485 2687 575 2721 φωνὴν
591 2686 795 2721 περισχίζουσα,
810 2695 923 2721 γεγωνο-

129 2733 213 2769 τέραν
227 2733 277 2768 τὴν
289 2732 357 2767 ἠχὴν
369 2731 562 2767 ἀπεργάζεται.
575 2731 680 2767 Παρειά
691 2731 728 2763 δέ,
743 2732 789 2758 καὶ
800 2731 920 2765 γλῶσσα,

129 2779 178 2806 καὶ
197 2779 213 2813 ἡ
233 2778 296 2813 περὶ
323 2778 368 2803 τὴν
383 2777 509 2812 φάρυγγα
522 2777 662 2812 διασκευὴ,
677 2777 737 2803 καθ’
753 2777 786 2812 ἣν
801 2778 815 2803 ὁ
835 2776 920 2803 ἀνθε-

130 2823 201 2860 ρεὼν
210 2823 376 2859 ὁποχαλᾶται
388 2822 595 2858 κοιλαινόμενος,
611 2823 657 2850 καὶ
671 2822 802 2855 ἢξυτονῶν
816 2822 918 2849 ἐπιτεί-

1146 1059 1290 1078 sermonem
1307 1051 1456 1077 necessaria
1475 1049 1580 1077 habent.

1008 1094 1120 1122 Donavit
1143 1095 1225 1130 igitur
1241 1095 1344 1122 homini
1359 1096 1471 1123 condito
1488 1102 1579 1122 rerum
1593 1094 1695 1121 Auctor
1715 1093 1757 1119 di-

971 1141 1060 1167 vinam
1082 1140 1228 1176 quamdam
1241 1140 1368 1174 gratiam,
1384 1139 1478 1166 inditis
1498 1139 1609 1173 imagini
1628 1138 1709 1165 bonis
1723 1138 1757 1165 iis

970 1193 1030 1220 qua:
1048 1186 1167 1220 propriis
1180 1185 1268 1220 ipsius
1281 1184 1360 1212 bouis
1375 1188 1440 1212 sunt
1457 1184 1622 1211 consimilia.
1633 1183 1671 1210 Ac
1686 1183 1757 1209 bona

971 1231 1080 1266 quidem
1103 1235 1202 1258 caetera
1222 1235 1328 1258 naturae
1350 1229 1470 1256 hominis
1493 1236 1526 1256 ex
1549 1235 1622 1255 mera
1638 1227 1757 1262 magnifi-

971 1277 1063 1304 centia
1089 1274 1208 1303 tribuit:
1227 1280 1345 1303 mentem
1367 1282 1431 1302 vero
1450 1274 1679 1310 prudentiamque
1701 1279 1756 1300 nan

972 1322 1083 1358 proprie
1096 1322 1188 1350 datam
1204 1321 1337 1353 dicemus,
1357 1321 1404 1348 sed
1421 1327 1483 1347 cum
1506 1319 1616 1346 homine
1632 1325 1757 1345 commu-

973 1368 1091 1394 nicatam
1111 1376 1118 1394 :
1135 1367 1242 1394 volente
1264 1365 1393 1393 nimirum
1415 1364 1470 1392 Deo
1499 1364 1621 1392 debitum
1656 1367 1759 1390 naturae

973 1419 1030 1440 sua:
1046 1412 1097 1439 soli
1111 1415 1238 1438 ornatum
1253 1410 1363 1446 imagini
1380 1409 1562 1437 circumdare.
1582 1408 1657 1436 Mens
1677 1415 1759 1442 porro

973 1465 1035 1485 cum
1060 1457 1143 1484 animi
1166 1461 1272 1485 tantum
1297 1456 1477 1491 intelligentia
1499 1455 1756 1490 comprehendatur,

975 1510 1114 1538 corporea:
1137 1502 1241 1530 scilicet
1257 1509 1355 1536 expers
1381 1501 1503 1528 materiei
1520 1510 1526 1527 ι
1544 1499 1670 1527 habitura
1694 1506 1759 1533 pro—

975 1548 1046 1576 fecto
1062 1547 1229 1584 praestantia:
1251 1554 1309 1574 sua:
1333 1547 1404 1574 dona
1420 1546 1460 1573 sic
1483 1550 1552 1578 erat,
1581 1549 1653 1572 utea
1682 1544 1755 1571 nulla

975 1603 1037 1623 cum
1053 1602 1082 1622 re
1098 1593 1381 1625 communicareutur,
1398 1593 1450 1620 nisi
1469 1592 1584 1619 inventa.
1595 1591 1664 1618 ratio
1680 1598 1756 1626 qua:-

976 1642 1038 1670 dam
1054 1645 1138 1672 esset,
1157 1647 1211 1675 qua
1229 1642 1321 1667 motus
1338 1639 1425 1674 ipsius
1445 1638 1528 1673 quasi.
1543 1638 1693 1673 patefieret.
1710 1636 1760 1664 Id-

977 1687 1052 1714 circo
1076 1690 1136 1714 erat
1160 1693 1230 1721 opus
1255 1685 1403 1712 artificiosa
1424 1685 1667 1711 instrumentorum
1686 1687 1759 1710 sti-ur

976 1739 1065 1766 ctura,
1090 1740 1145 1768 quo
1169 1740 1246 1760 mens
1258 1736 1348 1766 partes
1366 1730 1425 1757 voci
1442 1729 1591 1757 formanda:
1606 1729 1759 1756 destinatas

977 1784 1106 1814 tanquam
1132 1778 1264 1812 plectrum
1282 1776 1393 1808 feriens,
1417 1776 1492 1803 sonis
1509 1780 1584 1803 certo
1609 1774 1690 1801 modo
1711 1781 1761 1801 ex-

976 1826 1078 1862 pressis
1125 1828 1228 1852 motum
1250 1831 1331 1852 suum
1352 1822 1511 1850 interiorem
1541 1824 1699 1856 exponeret.
1722 1820 1761 1846 Ac

976 1870 1206 1907 quemadmodum
1222 1870 1245 1896 si
1259 1869 1323 1904 quis
1336 1867 1448 1896 musica!
1458 1868 1568 1904 peritus,
1581 1875 1630 1896 sua
1647 1866 1760 1902 quidem

976 1925 1042 1945 voce
1056 1916 1122 1943 vitio
1136 1914 1254 1951 quodam
1278 1913 1452 1946 destituatur,
1472 1917 1558 1941 artem
1576 1919 1642 1940 vero
1662 1912 1760 1939 nihilo-

977 1962 1068 1990 minus
1084 1965 1224 1989 ostentare
1238 1959 1313 1990 velit,
1333 1962 1362 1985 ut
1386 1966 1452 1994 ergo
1475 1959 1519 1986 hic
1537 1958 1667 1986 ascititiis
1689 1958 1760 1984 voci-

976 2008 1029 2036 bus
1044 2008 1183 2042 eleganter
1208 2006 1305 2038 utitur,
1331 2005 1372 2033 vel
1393 2005 1450 2040 lyra
1465 2004 1506 2032 vel
1526 2004 1604 2036 tibia,
1628 2008 1758 2038 quantum

976 2058 1035 2082 arte
1051 2054 1148 2085 valeat,
1167 2052 1358 2080 demonstrans
1375 2060 1381 2078 :
1396 2051 1437 2078 sic
1458 2058 1535 2078 mens
1567 2050 1685 2076 humana
1711 2057 1759 2075 va-

976 2100 1079 2127 riarum
1113 2098 1248 2126 rationum
1275 2097 1447 2132 indagatrig,
1474 2103 1536 2123 cum
1564 2095 1759 2130 cogitationum

975 2153 1086 2173 suarum
1101 2144 1214 2172 consilia
1234 2151 1288 2170 non
1303 2144 1391 2178 possit
1410 2143 1502 2169 animo
1518 2141 1635 2176 aperire.
1650 2141 1695 2175 qui
1713 2148 1760 2175 per

975 2195 1103 2218 externos
1120 2197 1218 2217 sensus
1233 2196 1277 2216 res
1296 2188 1428 2223 percipit:
1448 2187 1520 2214 velut
1548 2185 1702 2213 industrius
1715 2192 1759 2211 ar-

977 2236 1042 2264 tifex
1058 2235 1177 2263 animata
1192 2241 1295 2270 organa
1313 2233 1414 2268 pulsat,
1431 2239 1534 2267 perque
1549 2231 1653 2258 editum
1670 2230 1759 2258 abhis

976 2288 1073 2310 sonum
1089 2280 1195 2308 abditas
1211 2279 1391 2314 cogitationes
1403 2285 1467 2305 suas
1481 2277 1619 2312 patefacit.
1640 2275 1686 2303 Est
1706 2283 1759 2302 au—

975 2331 1029 2355 tem
1046 2327 1073 2353 in
1090 2326 1141 2352 hoc
1170 2324 1287 2352 hominis
1311 2324 1494 2352 instrumento
1517 2322 1661 2354 commisla
1682 2329 1756 2356 qua»

975 2373 1037 2400 dam
1055 2371 1128 2399 tibia:
1144 2371 1262 2407 lyraeque
1278 2371 1391 2401 musica,
1402 2377 1455 2396 non
1474 2369 1553 2396 aliter
1567 2372 1649 2403 atque
1661 2368 1684 2395 si
1701 2367 1758 2395 hanc

975 2418 1030 2446 duo
1050 2421 1144 2445 mutuo
1165 2419 1298 2444 concentu
1326 2418 1520 2443 consonarent.
1545 2413 1612 2440 Nam
1645 2413 1759 2447 spiritus

975 2472 1022 2499 per
1054 2463 1184 2490 arteriam
1204 2470 1237 2490 ex
1266 2461 1350 2494 vasis,
1375 2461 1476 2496 quibus
1503 2460 1561 2495 ipse
1590 2459 1757 2490 continetur,

974 2517 1084 2538 sursum
1118 2508 1263 2542 impulsus,
1297 2507 1408 2534 homine
1445 2506 1573 2534 locuturo
1604 2505 1756 2532 membrum

974 2556 1074 2590 ipsum,
1089 2557 1119 2581 ut
1134 2561 1228 2581 vocem
1247 2552 1319 2584 edat,
1343 2552 1442 2588 cupide
1465 2551 1544 2587 quasi
1570 2551 1730 2578 intendente
1748 2559 1756 2579 :

975 2607 1030 2628 tum
1045 2600 1127 2636 igitur
1151 2599 1266 2634 spiritus
1282 2597 1316 2625 ad
1333 2597 1478 2625 interiores
1499 2597 1608 2624 arteria:
1628 2595 1758 2623 commis-

975 2654 1055 2675 suras
1074 2645 1173 2677 illisus,
1202 2651 1263 2680 qua:
1289 2647 1407 2671 meatum
1436 2643 1512 2670 illum
1535 2642 1609 2669 tibia:
1640 2641 1758 2669 similem

974 2692 1048 2719 omni
1062 2699 1094 2718 cx
1117 2694 1194 2725 parte
1215 2689 1365 2720 continent,
1388 2688 1462 2715 tibiae
1480 2694 1578 2715 sonum
1595 2686 1676 2713 modo
1689 2691 1756 2719 quo-

975 2737 1036 2764 dam
1053 2736 1186 2767 imitatur,
1207 2734 1328 2769 undique
1343 2742 1391 2769 per
1412 2732 1544 2768 quasdam
1567 2731 1650 2759 veluti
1674 2730 1757 2757 strias

974 2781 1160 2810 membraucas
1178 2780 1303 2815 agitatus.
1314 2779 1415 2806 Deinde
1428 2779 1546 2813 palatum
1560 2775 1692 2810 capcdiue
1707 2782 1756 2802 sua

972 2832 1058 2852 vacua
1075 2832 1172 2853 sonum
1193 2823 1227 2852 ab
1243 2823 1297 2851 imo
1319 2823 1474 2851 tendentem
1497 2820 1648 2856 excipiens,
1667 2819 1757 2855 gemi-
