1976 3077
225 116 270 144 “il

839 120 866 149 S.
887 121 1052 151 GREGORII
1079 123 1226 152 NYSSENI

1796 127 1848 155 152

223 175 268 200 nis
279 173 402 200 eumdem
417 171 515 201 ﬁstulis
536 173 569 201 ad
586 180 668 202 nares
690 175 902 210 pertinentibus,
924 182 1006 213 atque

1061 189 1148 206 νεται·
1170 181 1256 206 ταῦτα
1287 179 1376 207 πάντα
1399 179 1449 215 τὴν
1467 179 1496 206 ἐν
1515 180 1573 212 ταῖς
1596 180 1703 215 νευραῖς
1718 181 1765 209 τοῦ
1780 183 1851 221 πλή-

221 219 303 245 etiam
315 219 360 244 illa
374 219 545 254 cartilagine,
568 227 630 254 qua:
646 221 672 247 id
698 221 770 256 quod
792 223 884 250 colum
909 231 1006 252 vocant

218 263 420 298 complectitur,
437 268 564 300 tanquam
587 272 636 299 per
660 273 790 301 squamas
806 268 932 295 nonnihil
957 277 1005 297 ex-

218 313 324 336 stantes
337 309 372 336 ita
388 310 545 345 disrumpit,
562 315 592 338 ut
605 319 655 338 vox
668 312 746 348 longe
757 313 858 341 clarior
866 314 1003 342 reddatur.

217 353 300 380 Gerrae
314 361 406 388 porro,
434 359 461 382 ct
477 355 579 390 lingua,
596 360 624 382 et
641 356 759 383 faucium
778 361 916 385 structura
929 358 1002 385 circa

217 407 300 434 quam
324 404 445 427 mentum
474 400 501 427 in
531 400 646 428 formam
666 409 815 429 concavam
836 404 1001 438 explicatum

219 444 329 472 tandem
361 445 387 472 in
422 453 536 473 acumen
562 446 664 473 desinit
682 454 688 472 :
705 448 763 475 haec
784 455 850 482 ergo
873 449 1001 477 universa

1059 234 1141 259 κτρου
1153 226 1259 262 κίνησιν
1271 225 1445 260 ὑποκρίνεται
1461 226 1590 257 ποικίλως
1607 226 1653 252 καὶ
1663 227 1849 263 πολυτρόπως,

1057 271 1104 297 ἐπὶ
1119 272 1215 306 καιροῦ
1241 272 1289 297 σὺν
1314 271 1404 305 πολλῷ
1419 271 1458 306 τῷ
1473 271 1549 305 τάχει
1564 269 1769 307 μεθαρμόζοντα
1783 276 1851 311 πρὸς

1057 316 1106 351 τὴν
1132 317 1227 352 χρείαν
1256 317 1319 348 τοὺς
1344 317 1448 347 τόνους.
1470 316 1588 343 Χειλέων
1603 317 1631 343 δὲ
1652 317 1777 354 διαστολὴ
1803 323 1851 348 καὶ

1057 362 1186 397 ὲπίμυσις
1202 363 1298 389 ταύτὸν
1313 363 1386 388 ποιεῖ
1398 363 1454 393 τοῖς
1466 361 1508 388 διὰ
1522 361 1576 388 τῶν
1591 362 1728 389 δακτύλων
1739 364 1852 398 ἐπιλαμ-

1057 406 1166 434 ϐάνουσι
1188 408 1235 434 τοῦ
1258 407 1340 434 αὐλοῦ
1353 407 1384 434 τὸ
1399 407 1517 442 πνεῦμα,
1536 408 1582 433 καὶ
1593 407 1643 442 τὴν
1657 408 1789 443 ἁρμονίαν
1802 409 1849 436 τοῦ

1057 452 1164 486 μέλους.

217 491 312 526 plectri
332 491 359 518 in
379 490 475 518 ﬁlibus
494 496 596 519 motum
614 493 688 520 varie
710 493 950 529 multipliciterque
970 502 1167 530 repraesentant
1183 508 1189 526 :
1209 503 1235 526 et
1255 506 1352 534 magna
1376 498 1526 532 celeritate,
1549 503 1630 534 prout
1650 507 1694 528 res
1719 501 1847 536 postulat,

217 543 313 562 vocum
329 539 408 562 tonos
434 540 549 564 mutant.
577 536 723 564 Labiorum
743 538 860 573 denique
878 540 1047 574 diductione,
1070 543 1284 578 eorumdemque
1302 545 1422 572 vicissim
1448 545 1652 579 compressione
1670 546 1710 572 sic
1737 547 1851 579 utimur,

219 586 247 609 ut
262 582 360 610 musici
374 581 520 616 digitowm
536 591 617 618 opera
630 584 755 618 spiritum
773 585 800 612 in
822 585 932 619 ﬁstulis,
946 591 973 614 et
983 591 1081 616 cantus
1096 590 1166 617 adeo
1189 590 1358 618 harmoniam
1375 591 1561 618 moderantur.

531 639 649 667 CAPUT
670 640 703 668 Χ.

420 685 534 712 lllenlem
547 694 592 720 per
605 694 698 713 scmus
716 695 800 722 agere.

253 732 311 760 Hoc
323 733 404 768 igitur
423 737 503 768 pacto
518 737 609 761 mente
625 741 673 768 per
685 734 825 769 opificium
840 736 1002 770 organicum

1333 647 1529 675 ΚΕΦΑΛᾹΙΟΝ
1552 647 1580 674 I'.

1129 694 1194 721 "Ott
1211 692 1260 720 διὰ
1278 693 1337 720 τῶν
1351 694 1524 727 αἰσθήσεων
1544 695 1560 720 ὁ
1573 693 1645 727 νοῦς
1657 693 1778 728 ἐνεργεῖ.

1093 737 1171 764 Οὕτω
1197 738 1286 764 τοίνυν
1314 738 1361 764 τοῦ
1378 738 1424 764 νοῦ
1445 738 1488 765 διὰ
1510 738 1559 773 τῆς
1585 738 1732 773 ὀργανικῆς
1751 738 1852 774 ταύτης

219 785 374 806 sermonem
404 779 431 805 in
460 778 541 806 nobis
569 780 649 814 quasi
678 779 846 813 modulante,
874 782 1003 817 loquendi

1061 784 1228 819 κατασκευῆς
1242 785 1270 810 ὲν
1285 785 1349 819 ἡμῖν
1361 783 1592 818 μουοουργοῦντος
1610 783 1655 809 τὸν
1673 783 1763 817 λόγον,
1778 783 1852 817 λογι-

219 823 378 851 l‘acultatem
402 824 491 859 adepti
512 831 609 852 sumus
632 835 638 852 ε
660 833 715 860 quo
732 825 833 861 insigni
848 827 920 855 dono
934 828 1006 856 cari-

219 869 273 896 turi
290 877 411 902 eramus,
445 870 468 897 si
495 877 578 904 grave
605 871 808 907 molestumque
830 874 1007 909 comparandi

219 916 339 943 humano
371 915 486 950 corpori
506 921 600 950 pastus
626 917 766 950 negotium
801 917 885 946 labris
913 919 1007 946 datum

219 962 328 990 fuisset.
357 961 435 989 Nunc
464 969 527 988 cum
554 962 580 989 id
608 961 687 990 ollicii
714 963 842 991 manibus
865 964 1006 999 obtigerit,

218 1008 293 1035 nulla
314 1015 347 1035 ex
363 1008 416 1035 alia
435 1015 464 1035 re
488 1016 519 1036 os
541 1008 670 1043 occupari
698 1016 811 1037 necesse
829 1013 882 1042 est,
909 1010 961 1038 nisi
977 1014 1008 1037 ut

219 1061 374 1081 sermonem
390 1061 474 1088 quam
496 1054 640 1089 aptissime
653 1053 772 1090 eﬂingat.
791 1055 880 1090 Atque
899 1060 940 1083 est
956 1056 1007 1082 liu—

216 1101 263 1134 jus
278 1100 373 1135 organi
386 1100 485 1135 duplex
507 1100 616 1134 quidem
638 1107 717 1131 usus,
735 1100 805 1128 alter
819 1101 845 1127 in
862 1101 1006 1128 efﬁciendo

218 1152 295 1177 sono,
311 1145 380 1172 alter
396 1145 424 1172 in
440 1144 605 1180 recipiendis
623 1145 677 1172 illis
694 1146 858 1181 rebus,quas
868 1153 912 1173 res
928 1151 1006 1173 extra

218 1199 269 1219 nos
281 1191 385 1226 positas
399 1190 618 1218 consideramus.
640 1190 742 1218 Harum
772 1196 864 1219 autem
889 1191 1006 1219 inculta-

218 1241 275 1263 tum
287 1240 383 1263 neutra
402 1243 465 1263 cum
487 1235 572 1262 altera
594 1235 744 1262 miscetur:
761 1235 809 1263 sed
831 1236 959 1270 quaelibet
979 1237 1006 1264 id

218 1282 284 1317 agit,
298 1281 332 1309 ad
343 1280 417 1316 quod
435 1288 450 1307 a
466 1285 563 1308 natura
580 1285 622 1308 est
632 1281 779 1309 destinata.
797 1281 902 1309 idcirco
917 1290 1006 1317 neque

219 1328 331 1355 auditus
360 1327 495 1361 loquitur,
515 1335 604 1362 neque
626 1335 680 1354 vox
702 1327 790 1359 audit.
817 1335 905 1362 neque
921 1328 1006 1355 altera

219 1373 316 1400 harum
331 1373 475 1408 perturbat
496 1373 620 1400 alteram.
637 1373 706 1400 Nam
729 1381 780 1400 vox
802 1373 912 1408 quidem
935 1381 1006 1402 sem~

220 1426 268 1453 per
286 1418 389 1453 aliquid
404 1419 505 1446 emittit
522 1439 529 1450 ,
551 1421 702 1453 contraque
722 1418 832 1446 auditus
847 1426 1004 1454 quanquam

1059 829 1101 855 xo‘t
1113 829 1274 864 γεγόναμεν,
1289 829 1338 855 οὐκ
1349 829 1390 860 ἂν,
1405 829 1442 860 ὼς
1457 826 1544 864 οἴμαι,
1567 828 1672 864 ἔχοντες
1686 829 1734 863 τὴν
1750 828 1794 854 τοῦ
1809 828 1852 855 λό-

1058 882 1105 908 γου
1122 874 1211 909 χάριν,
1227 875 1251 900 εί
1266 875 1296 901 τὺ
1317 874 1384 909 βαρύ
1400 883 1428 900 τε
1452 875 1499 901 καὶ
1514 874 1640 900 ἐπίπονον
1656 874 1704 909 τῆς
1719 874 1789 900 κατὰ
1804 873 1852 910 τὴν

1059 919 1161 954 βρῶσιν
1185 919 1310 954 λατρείας
1341 919 1397 949 τοῖς
1425 918 1525 953 χείλεσι
1544 919 1612 953 πρὸς
1633 919 1681 953 τὴν
1696 917 1790 952 χρείαν
1804 917 1850 944 τοῦ

1059 964 1184 1000 σώματος
1199 963 1371 999 ὲπορίζομεν.
1396 964 1464 990 Νυνὶ
1478 964 1506 990 δὲ
1526 963 1574 999 τὴν
1589 962 1717 998 τοιαύτην
1730 963 1851 998 λειτουρ-

1057 1009 1119 1044 γίαν
1135 1010 1163 1036 αί
1185 1010 1275 1044 χεῖρες
1298 1010 1337 1040 είς
1352 1009 1451 1040 ἑαυτὰς
1471 1009 1679 1044 μετενέγκασαι,
1701 1008 1808 1034 εὔθετον
1817 1009 1850 1043 τῇ

1058 1055 1194 1090 ὑπηρεσίᾳ
1215 1054 1262 1081 τοῦ
1287 1054 1366 1088 λόγου
1392 1054 1422 1080 τὸ
1444 1055 1530 1090 στόμα
1549 1055 1702 1082 κατέλιπον.
1725 1054 1811 1088 Διπλῆ
1824 1053 1852 1080 δὲ

1057 1101 1122 1136 περὶ
1141 1100 1171 1126 τὸ
1196 1100 1310 1135 ὄργανον
1326 1101 1343 1135 ἠ
1359 1100 1499 1136 ἐνέργεια·
1518 1101 1535 1135 ἠ
1553 1101 1601 1135 μὲν
1630 1101 1696 1135 πρὸς
1723 1099 1853 1135 ἐργασίαν

1057 1146 1136 1181 ἠχῆς,
1150 1147 1166 1181 ἡ
1179 1145 1207 1171 δὲ
1215 1145 1283 1180 πρὸς
1299 1146 1432 1181 ὑποδοχὴν
1443 1146 1496 1172 τῶν
1511 1145 1610 1177 ἔξωθεν
1626 1145 1780 1180 νοημάτων.
1798 1144 1853 1171 Καὶ

1057 1192 1106 1218 οὐκ
1125 1191 1300 1226 ὲπιμίγνυται
1310 1191 1377 1227 πρὸς
1392 1191 1441 1226 τὴν
1457 1192 1578 1227 ἑτέρανή
1591 1191 1668 1225 ἄλλη,
1683 1190 1750 1217 ἀλλὰ
1761 1197 1851 1224 παρα-

1059 1236 1134 1272 μένει
1153 1238 1185 1272 τῇ
1212 1237 1347 1272 ἐνεργείᾳ,
1364 1237 1406 1271 ἐφ’
1454 1229 1554 1271 ὲτάχδη
1577 1237 1652 1271 παρὰ
1668 1237 1718 1271 τῆς
1734 1235 1851 1270 φύσεως,

1056 1284 1106 1310 οὐκ
1124 1282 1268 1318 ἐνοχλοῦσα
1283 1284 1315 1317 τῇ
1331 1283 1443 1317 γείτονι,
1461 1282 1521 1309 οὕτε
1536 1283 1585 1317 τῆς
1602 1282 1686 1317 ἀκοῆς
1708 1282 1851 1315 λαλούσης,

1057 1327 1117 1355 οὒτε
1132 1328 1181 1362 τῆς
1195 1328 1286 1362 φωνῆς
1306 1327 1466 1362 ἀκουούσης.
1489 1327 1520 1353 Ἦ
1542 1327 1591 1362 μὲν
1611 1327 1667 1361 γὰρ
1685 1326 1728 1353 ἀεί
1744 1334 1771 1352 τι
1786 1326 1854 1352 πάν-

1056 1381 1109 1404 τως
1115 1373 1248 1408 προΐεται,
1259 1373 1275 1406 ἡ
1284 1372 1311 1398 δὲ
1324 1371 1392 1406 ἀκοὴ
1404 1371 1534 1407 δεχομένη
1543 1371 1672 1407 διηνεκῶς
1689 1371 1738 1397 οὐκ
1748 1369 1853 1405 ἐμπίμ-

1057 1419 1167 1451 πλαται,
1195 1418 1284 1450 καθώς
1309 1419 1375 1454 φησί
1397 1427 1448 1444 που
1466 1418 1591 1453 Σολομὼν
1602 1426 1608 1433 δ
1624 1418 1638 1444 ὅ
1662 1425 1706 1452 μοι
1722 1416 1854 1443 δοκεῖκαὶ

219 1467 350 1499 perpetuo
368 1464 493 1499 recipiat,
512 1471 652 1498 nunquam
664 1467 754 1491 tamen
770 1464 899 1499 repletur,
914 1472 1007 1500 quem-

1061 1465 1178 1500 μάλιστα
1191 1464 1245 1490 τῶν
1271 1465 1300 1490 ὲν
1324 1465 1388 1499 ἡμῖν
1405 1463 1479 1495 ἀξιον
1500 1461 1568 1489 εἶναι
1592 1464 1638 1489 καὶ
1653 1462 1851 1497 θαυμάζεσθαιο

220 1510 367 1537 admodum
385 1510 494 1537 Salomo
511 1510 611 1537 alicubi
628 1510 864 1545 loquitur'°.Qua:
880 1518 924 1539 res
938 1511 1006 1538 mihi

220 1557 338 1584 maxime
351 1557 377 1583 in
395 1557 473 1584 nobis
491 1557 673 1584 admiratione
690 1557 772 1593 digna
794 1557 913 1591 videtur,
940 1565 1001 1592 quae

221 1602 349 1630 nimirum
368 1602 414 1629 illa
436 1603 472 1630 sit
493 1603 634 1630 interioris
653 1607 755 1631 nostra:
775 1603 935 1638 capacitatis
954 1611 1008 1630 am-

220 1649 337 1683 plitudo,
355 1648 383 1675 in
403 1655 485 1683 quam
506 1648 598 1675 omnia
617 1656 664 1683 per
684 1649 809 1675 auditum
833 1648 923 1676 inl'usa
941 1656 1009 1676 con-u

221 1695 324 1728 ﬂuunt;
352 1695 398 1730 qui
426 1695 481 1722 sint
507 1694 586 1730 quasi
612 1701 627 1721 a
652 1695 869 1726 commentariis,
890 1702 1006 1729 quorum

221 1748 303 1775 opera
330 1741 528 1776 consignentur
549 1747 581 1768 ea
605 1747 665 1775 quae
692 1740 719 1767 in
741 1747 821 1768 aures
843 1746 1006 1775 penetrant;

221 1793 281 1820 quae
298 1786 471 1821 receptacula
489 1786 544 1813 sint
575 1793 665 1813 rerum
680 1785 774 1812 auditu
805 1790 1007 1820 perceptarum,

221 1839 276 1867 quo
291 1836 370 1866 pacto
385 1831 442 1859 ﬁeri
460 1831 559 1867 possit,
582 1837 611 1858 ut
626 1839 688 1858 cum
704 1831 771 1859 adeo
791 1832 876 1859 multa
896 1837 921 1860 et
931 1833 1008 1859 varia

221 1877 415 1910 immittantur,
444 1883 498 1904 non
518 1876 546 1903 in
572 1875 753 1904 collocatione
771 1883 862 1903 rerum
892 1877 1007 1904 aliarum

222 1930 305 1958 super
324 1922 392 1950 alias
409 1921 536 1949 confusio
555 1928 588 1949 ac
607 1921 777 1956 perturbatio
799 1923 922 1957 quaedam
947 1930 1010 1950 con—

222 1969 319 2003 tingat.
346 1967 419 1995 Idem
432 1973 459 1995 et
475 1967 503 1994 in
524 1967 653 1995 facultate
672 1968 783 1996 vidente
803 1969 829 1995 in
851 1969 1009 1996 admiratio-

222 2021 284 2041 nem
298 2013 382 2040 venit.
398 2012 466 2039 Nam
481 2015 508 2040 et
523 2020 571 2047 per
584 2013 655 2040 hanc
669 2013 751 2041 modo
774 2014 893 2048 quodam
919 2014 1010 2041 consi-

223 2059 281 2086 mili
294 2065 372 2085 mens
391 2058 512 2085 extraria
536 2057 698 2092 prehendit,
724 2061 896 2094 receptisque
918 2067 1010 2087 rerum

224 2105 413 2140 apparentium
430 2104 596 2135 simulacris,
625 2104 726 2132 formas
741 2112 837 2132 eorum
852 2113 912 2140 quae
935 2106 1009 2133 cerni

223 2153 338 2185 possunt
349 2149 419 2184 apud
435 2157 496 2178 sese
510 2149 641 2184 depingit.
656 2149 744 2184 Atque
760 2153 789 2176 ut
805 2150 832 2176 in
844 2151 933 2185 ampla
941 2157 1011 2185 qua-

222 2196 285 2223 dam
295 2196 373 2227 urbe,
389 2203 448 2230 quae
469 2203 518 2231 per
536 2195 659 2222 diversos
673 2195 765 2223 aditus
788 2195 914 2224 homines
930 2197 1010 2225 adve-

223 2242 330 2269 nientes
355 2241 462 2276 recipit,
487 2249 543 2268 non
569 2248 652 2268 unum
680 2242 826 2276 quemdam
856 2243 890 2270 ad
918 2243 1010 2270 locum

224 2295 320 2315 omnes
335 2291 516 2319 concurrunt,
533 2288 580 2314 sed
601 2288 669 2315 alios
685 2288 778 2316 videre
791 2293 833 2316 est
851 2290 883 2317 ad
907 2290 1008 2322 forum,

225 2333 293 2361 alios
311 2333 337 2360 in
350 2333 431 2365 mdes,
451 2333 520 2361 alios
535 2334 569 2360 ad
582 2334 704 2365 comitia,
725 2334 839 2369 plateas,
855 2336 1009 2371 angiporta,

223 2378 340 2411 theatra,
353 2385 489 2412 quemque
501 2378 544 2405 sui
556 2385 589 2406 ex
602 2379 687 2406 animi
703 2380 1010 2414 sententia,tendcntes,

224 2425 294 2452 itaet
302 2425 402 2452 mentis
412 2424 553 2460 oppidum,
562 2425 636 2460 quod
644 2429 686 2453 est
693 2426 763 2453 intra
772 2435 822 2455 nos
829 2432 1011 2462 evslructnm,

226 2470 326 2497 diversi
359 2470 469 2505 quidem
490 2478 620 2498 sensuum
645 2472 825 2508 aditusquasi
857 2475 1012 2510 complent;

224 2523 302 2543 mens
316 2520 405 2543 tamen
417 2515 451 2543 de
462 2516 576 2552 singulis
590 2525 651 2552 quae
661 2519 865 2553 ingrediuntur,
877 2519 1012 2554 judicium

224 2562 338 2593 faciens.
354 2566 381 2590 et
397 2562 423 2589 in
444 2563 570 2597 quaelibet
589 2563 740 2598 inquirens,
766 2566 805 2593 sic
829 2566 928 2594 deinde
950 2575 1014 2602 pro-

225 2608 299 2642 prias
311 2616 342 2635 ea
355 2609 428 2636 velut
440 2609 467 2636 in
483 2609 562 2637 sedes
571 2611 676 2638 notitia:
689 2612 816 2640 collocat.
826 2613 865 2639 Ac
879 2613 1012 2647 quemad-

225 2654 335 2681 modum
361 2662 411 2682 usu
427 2655 520 2683 venire
540 2659 628 2690 potest
646 2656 721 2692 (libet
741 2657 814 2685 enim
838 2658 875 2685 uti
906 2658 1011 2690 eadem,

224 2707 278 2734 qua
297 2701 441 2736 coepimus.
461 2701 494 2728 ab
512 2701 610 2736 oppido
627 2706 734 2737 sumpta
751 2702 964 2738 comparatione)
984 2708 1012 2730 ut

225 2746 350 2779 tribules,
379 2747 420 2774 vel
441 2748 522 2774 etiam
548 2749 668 2783 cognati,
692 2748 785 2776 eadem
813 2749 905 2777 urbem
935 2753 1012 2784 porta

262 2823 284 2839 ”
299 2826 389 2855 [ΞΜ-ιε.
414 2835 431 2860 I,
447 2826 472 2855 8.

1062 1509 1090 1537 τί
1113 1510 1144 1537 τδ
1171 1510 1271 1541 πλάτος
1292 1510 1396 1536 ἐκείνου
1411 1509 1459 1535 τοῦ
1476 1509 1581 1535 ἔνδοθεν
1593 1509 1766 1544 χωρήματος,
1787 1509 1826 1539 εἰς
1839 1507 1854 1533 ὃ

1059 1556 1147 1583 πάντα
1160 1557 1255 1591 συρρεῖ
1269 1556 1302 1582 τὰ
1317 1555 1360 1582 διὰ
1373 1555 1420 1589 τῆς
1440 1555 1525 1590 ἀκοῆς
1547 1556 1706 1590 είςχεόμενα
1718 1563 1725 1587 ;
1746 1555 1817 1586 τίνες
1830 1554 1854 1580 οἱ

1058 1602 1339 1637 ὑπομνηματογράφοι
1352 1600 1405 1626 τῶν
1416 1600 1602 1636 εἰσαγομένων
1619 1601 1647 1627 ἐν
1661 1601 1729 1635 αὐτῇ
1749 1599 1853 1633 λόγωνς

1059 1649 1105 1674 καὶ
1117 1650 1180 1674 ποῖα
1192 1647 1281 1683 δοχεῖα
1294 1647 1346 1674 τῶν
1363 1646 1540 1682 ἐντιθεμένων
1554 1648 1586 1682 τῇ
1605 1647 1672 1682 ἀκοῇ
1688 1647 1830 1681 νοημάτων
1846 1653 1854 1678 ;

1059 1694 1106 1720 καὶ
1119 1693 1186 1725 πῶς.
1199 1693 1303 1720 πολλῶν
1311 1695 1356 1720 καὶ
1367 1693 1542 1719 παντοδαπῶν
1550 1692 1673 1727 ἀλλήλοις
1688 1691 1841 1726 ὲπεμὸαλλο
1849 1706 1856 1711 -

1061 1739 1158 1774 μένων,
1175 1739 1305 1773 σύγχυσις
1320 1739 1367 1766 καὶ
1378 1738 1464 1772 πλάνη
1478 1737 1548 1764 κατὰ
1561 1737 1610 1772 τὴν
1623 1737 1774 1772 ἐπάλληλον
1781 1737 1855 1763 θέσιν

1059 1785 1112 1812 τῶν
1119 1786 1286 1820 ἐγκειμένων
1294 1786 1325 1811 οὺ
1336 1785 1450 1819 γίνεται;
1460 1784 1495 1809 Τὸ
1506 1784 1561 1809 ἴσον
1569 1784 1590 1810 δ’
1601 1784 1633 1810 ἄν
1648 1792 1688 1814 τις
1697 1783 1742 1809 καὶ
1752 1783 1798 1809 ἐπὶ
1807 1783 1856 1816 τῆς

1059 1830 1112 1857 τῶν
1127 1831 1215 1865 ὄψεων
1225 1830 1364 1864 ἐνεργείας
1375 1828 1549 1864 Θαυμάσειεν.
1558 1828 1672 1864 Ὁμοίως
1690 1828 1743 1862 γὰρ
1755 1829 1800 1855 καὶ
1811 1829 1856 1856 διὰ

1059 1870 1160 1903 τούτων
1169 1877 1183 1902 ὁ
1196 1877 1257 1908 νοῦς
1266 1876 1319 1903 τῶν
1328 1875 1380 1908 ἔξω
1390 1875 1436 1902 τοῦ
1447 1875 1571 1911 σώματος
1588 1875 1791 1910 ὲττιόράσσεται,
1809 1876 1856 1901 καὶ

1060 1923 1128 1958 πρὸς
1134 1922 1227 1948 ἑαυτὸν
1235 1922 1308 1948 ἓλκει
1318 1921 1370 1948 τῶν
1377 1921 1546 1956 φαινομένων
1554 1921 1587 1947 τὰ
1595 1920 1699 1953 εἴδωλα,
1708 1920 1856 1955 τοὺςχαρα·

1060 1970 1164 2005 κτῆρας
1172 1969 1226 1996 τῶν
1233 1969 1339 2005 ὁρατῶν
1352 1970 1380 1995 ὲν
1395 1969 1483 2003 ἐαυτῷ
1495 1968 1688 2003 καταγράφων.
1699 1968 1754 1994 Καὶ
1762 1967 1855 2002 ὥσπερ

1061 2015 1138 2046 εἴτις
1151 2014 1307 2050 πολύχωρος
1324 2014 1365 2050 εἴη
1385 2014 1460 2045 πόλις
1474 2015 1505 2039 ἐκ
1521 2013 1657 2048 διαφόρων
1674 2013 1783 2040 εἰσόδων
1794 2014 1856 2044 τους

1062 2061 1130 2095 προς
1153 2060 1237 2095 αὐτὴν
1260 2059 1465 2095 συμφοιτῶντας
1482 2058 1668 2094 είσδεχομένη,
1693 2059 1742 2084 οὐκ
1760 2058 1806 2084 ἐπὶ
1825 2057 1855 2084 τὺ

1062 2105 1128 2132 αὐτὸ
1139 2105 1211 2132 κατά
1220 2113 1245 2131 τι
1259 2105 1313 2131 τῶν
1322 2105 1350 2131 ὲν
1362 2106 1394 2140 τῇ
1406 2105 1480 2131 πόλει
1494 2104 1694 2139 συνδραμόντες
1704 2104 1727 2130 οἱ
1743 2103 1853 2134 πάντες,

1063 2151 1119 2178 ἀλλ’
1129 2153 1152 2177 οἱ
1166 2151 1214 2186 μὲν
1222 2150 1291 2177 κατὰ
1302 2150 1350 2185 τὴν
1360 2150 1471 2185 ἀγορὰν,
1483 2151 1507 2176 oi.
1521 2150 1549 2176 δὲ
1560 2149 1631 2176 κατὰ
1642 2150 1771 2184 οἰκήσεις,
1781 2149 1854 2176 ἄλλοι

1063 2197 1133 2224 κατὰ
1144 2197 1193 2228 τὰς
1214 2196 1371 2231 ἐκκλησίας,
1389 2196 1406 2231 ἢ
1423 2196 1471 2227 τὰς
1487 2195 1626 2228 πλατείας,
1650 2195 1666 2231 ἢ
1690 2196 1752 2227 τοὺς
1779 2203 1855 2221 στενκ

1063 2243 1164 2274 ωποὺς,
1177 2243 1192 2278 ἢ
1205 2242 1239 2269 τὰ
1259 2242 1371 2278 θέατρα,
1385 2242 1455 2269 κατὰ
1466 2242 1514 2277 τὴν
1536 2242 1601 2268 ἰδίαν
1612 2241 1725 2271 ἕκαστος
1742 2241 1855 2275 γνώμην

1066 2288 1266 2324 μεταχωροῦσισ
1283 2288 1411 2323 τοιαύτην
1434 2288 1494 2315 τινὰ
1516 2288 1606 2323 βλέπω
1623 2288 1669 2314 καὶ
1685 2287 1732 2322 τὴν
1746 2286 1791 2312 τοῦ
1809 2285 1854 2312 νοῦ

1065 2335 1142 2362 πόλιν
1166 2335 1215 2370 τὴν
1232 2334 1337 2361 ἔνδοθεν
1354 2335 1382 2360 ἐν
1397 2335 1462 2370 ἡμῖν
1480 2333 1694 2369 συνῳκισμένην,
1713 2334 1745 2369 ἣν
1764 2333 1856 2366 διάφο-

1065 2389 1106 2416 ροι
1122 2379 1171 2415 μὲν
1185 2381 1212 2407 αἱ
1224 2379 1267 2405 διὰ
1281 2379 1335 2405 τῶν
1350 2379 1501 2414 αἰσθήσεων
1515 2379 1610 2405 εἴσοδοι
1627 2377 1855 2412 καταπληροῦσιν·

1067 2428 1180 2454 ἕκαστον
1218 2426 1245 2452 δὲ
1260 2426 1315 2452 τῶν
1337 2425 1476 2451 εἰσιόντων
1499 2424 1667 2459 φιλοκρινῶν
1695 2433 1725 2450 τε
1748 2423 1795 2450 καὶ
1817 2423 1858 2450 δι-

1066 2473 1201 2507 εξετάζων
1217 2474 1230 2499 ὁ
1248 2472 1310 2503 νοῦς
1321 2492 1327 2504 ,
1345 2473 1402 2503 τοῖς
1419 2471 1596 2507 καταλλήλοις
1613 2469 1799 2507 τῆςγνώσεως
1814 2470 1857 2496 τό-

1068 2529 1127 2551 ποις
1150 2517 1349 2546 ἐναποτίθεται,
1378 2518 1433 2544 Καὶ
1461 2518 1555 2552 ῶσπερ
1578 2517 1624 2544 ἐπὶ
1647 2517 1694 2543 τοῦ
1719 2517 1789 2543 κατὰ
1808 2517 1857 2552 τὴν

1067 2567 1144 2593 πόλιν
1159 2565 1369 2599 ὑποδείγματος,
1388 2564 1445 2590 ἔστι
1463 2564 1594 2595 πολλάκις
1610 2562 1764 2598 ὁμοφύλους
1780 2562 1858 2594 τινὰς

1068 2611 1147 2642 ὄντας
1169 2611 1216 2637 καὶ
1239 2611 1378 2644 συγγενεῖς
1400 2610 1466 2644 μηδὲ
1493 2610 1542 2644 τῆς
1565 2609 1649 2643 αὐτῆς
1675 2608 1762 2643 πύλης
1781 2608 1856 2639 ἐντὸς

1068 2657 1204 2692 γενέσθαι,
1221 2656 1300 2684 ἄλλου
1317 2657 1377 2683 κατ’
1393 2655 1476 2691 ἄλλην
1492 2655 1593 2681 εἴσοδον
1612 2654 1683 2681 κατὰ,
1701 2654 1731 2680 τὸ
1750 2653 1855 2688 συμῦἁν

1068 2703 1273 2739 εἰσδραμόντος,
1297 2702 1375 2728 οὐδὲν
1391 2701 1419 2727 δὲ
1440 2698 1522 2736 ἦττον
1546 2700 1621 2732 ἐντὸς
1638 2701 1686 2735 τῆς
1709 2697 1855 2735 περιϐολῆς

1068 2749 1114 2776 τοῦ
1142 2749 1245 2784 τείχους
1271 2748 1427 2783 γενόμενοι,
1452 2748 1533 2774 πάλιν
1562 2748 1619 2781 μετ’
1643 2746 1765 2782 ἀλλήλων
1790 2743 1855 2776 εἰσὶ,
