1976 3077
91 129 142 159 153

669 133 712 162 DE
748 133 890 162 HOMINIS
920 132 1080 161 OPIFICIO.

1665 140 1719 168 15’:

89 189 159 225 προς
173 187 303 223 ἀλλήλους
315 187 424 220 οἰκείως
435 188 553 224 ἔχοντες·
566 192 613 218 καὶ
628 192 659 218 τὸ
675 192 792 227 ἔμπαλιν
805 185 877 219 ἐστιν

931 201 983 220 non
994 192 1193 228 ingrediantur,
1202 193 1256 220 alio
1267 193 1338 221 forte
1350 193 1456 222 fortuna
1467 203 1514 231 per
1523 196 1604 224 alium
1614 198 1718 226 aditum

88 235 181 270 εὑρεῖν
207 234 364 269 γινόμενον
394 235 419 261 οἰ
451 236 505 271 γὰρ
532 237 738 273 άπεξενωμένοι
769 247 798 265 τε
829 239 876 266 καὶ

87 280 220 314 ἄγνωστοι
238 279 361 315 ἀλλήλων
383 281 431 316 μιᾷ
445 281 565 317 χρῶνται
579 283 647 318 πρὸς
665 284 714 319 τὴν
728 284 805 311 πόλιν
819 286 876 311 εἰσ-

87 325 140 361 (δῳ
158 325 304 358 πολλάκις,
323 326 379 352 ἀλλ’
396 327 426 354 οὐ
445 327 575 354 συνάπτει
590 328 701 360 τούτους
715 329 841 365 ἀλλήλοις
860 331 876 366 ἡ

87 371 160 398 κατὰ
173 372 221 407 τὴν
235 371 337 398 εἴσοδον
352 373 480 400 κοινωνία
490 382 496 388 ·
512 373 640 401 δύνανται
659 374 714 410 γὰρ
737 375 784 401 καὶ
801 376 878 407 two;

87 418 227 453 γενόμενοι
240 418 415 454 διακριθῆναι
428 419 496 454 πρὸς
510 420 539 446 τὸ
552 420 695 455 ὁμόφυλον·
715 421 836 448 τοιοῦτόν
851 430 877 448 τι

89 463 181 498 βλέπω
195 464 241 490 καὶ
258 464 304 490 ἐπὶ
318 465 367 500 τῆς
385 464 455 491 κατὰ
471 465 516 492 τὸν
533 465 596 492 νοῦν
612 466 792 502 εὐρυχωρίας.
811 467 877 494 Πολ-

88 509 167 541 λάκις
180 509 234 545 γὰρ
247 510 293 536 καὶ
309 511 341 536 ἐκ
358 510 495 546 διαφόρων
508 511 693 547 αἰσθητηρίων
713 512 762 548 μία
776 513 877 547 γνῶσις

89 556 155 590 ἡμῖν
169 555 369 590 συναγείρεται,
383 556 429 582 τοῦ
442 556 524 583 αὑτοῦ
540 558 702 593 πράγματος
715 559 876 595 πολυμερῶς

89 601 157 636 πρὸς
172 602 222 633 τὰς
237 601 376 637 αἰσθήσεις
393 602 581 638 μεριζομένου.
601 605 685 631 Πάλιν
699 605 722 631 δ’
739 603 772 632 αὖ
787 606 818 632 τὸ
832 607 876 632 ὲν-

87 646 189 678 ακτίον,
213 647 287 673 ἔστιν
310 648 342 673 ὲκ
369 649 433 683 μιᾶς
449 657 521 681 τινος
541 649 596 675 τῶν
620 650 772 685 αἰσθήσεων
791 652 876 679 πολλὰ

87 692 136 718 καὶ
156 693 264 720 ποικίλα
280 693 394 728 μαθεῖν,
412 694 488 720 οὐδὲν
505 694 629 730 ἀλλήλοις
646 697 716 723 κατά
731 697 780 732 τὴν
795 697 876 732 φύσιν

90 737 288 772 συμϐαίνοντα·
317 735 371 766 οἷον
393 738 402 773 (
420 741 544 774 κρεῖττον
565 740 618 776 γὰρ
640 741 669 766 ὲν
695 740 875 777 ὑποδείγματι

87 783 280 818 διασαφηνίσαι
304 784 350 810 τὸν
368 784 486 819 λόγον),
506 785 661 820 προκείσθω
688 787 828 821 ζητεῖσθαί
850 797 875 814 τι

87 830 152 865 περὶ
167 829 261 864 χυμῶν
277 830 418 865 ἰδιότητος,
429 831 456 857 τί
473 831 523 865 μὲν
535 831 583 865 ήδυ
598 832 665 867 πρὸς
676 833 725 867 τὴν
737 834 873 868 αἰσθησιν,

86 875 114 902 τί
130 876 159 902 δὲ
174 876 290 910 φευκτὸν
305 877 360 907 τοῖς
375 877 534 911 γευομένοις
549 877 633 904 ἐστίν.
651 879 756 906 Οὐκοῦν
776 880 874 915 εὑρέθη

86 921 130 948 διὰ
155 921 205 957 τῆς
226 921 322 957 πείρας
338 922 356 957 ἥ
376 930 405 948 τε
431 923 481 957 τῆς
503 923 586 957 χολῆς
606 924 755 959 πικρότης,
775 915 822 951 καὶ
847 925 876 952 τὸ

87 968 223 1003 προσηνὲς
235 967 284 1002 τῆς
299 967 370 994 κατὰ
381 968 413 994 τὸ
432 968 494 1003 μέλι
515 969 667 1004 ποιότητος.
691 971 833 1006 Διαφόρων
847 971 876 998 δὲ

86 1014 171 1041 ὄντων
184 1014 296 1046 τούτων,
313 1015 377 1050 μίαν
391 1016 497 1050 εἰσάγει
508 1016 608 1050 γνῶσιν
624 1016 654 1043 τὸ
669 1017 735 1044 αὐτὸ
749 1019 875 1053 πρᾶγμα,

87 1059 250 1095 πολυμερῶς
271 1062 303 1096 τῇ
327 1061 430 1096 διανοίᾳ
451 1061 675 1096 εἰσοικιζόμενον,
696 1062 712 1097 ἢ
739 1063 875 1099 γεύσει,ἢ

86 1105 229 1140 ὀσφρήσει,
254 1105 270 1141 ἢ
296 1106 375 1140 ἀκοῇ,
395 1106 523 1138 πολλάκις
538 1107 567 1133 δὲ
584 1108 630 1134 καὶ
650 1109 682 1143 τῇ
698 1108 764 1143 ἁφῇ,
782 1108 828 1134 καὶ
842 1109 875 1144 τῇ

86 1150 158 1185 ὄψει.
184 1151 238 1178 Καὶ
257 1151 311 1186 γὰρ
330 1151 390 1178 ἰδών
405 1161 446 1184 τις
467 1153 496 1179 τὸ
521 1153 598 1187 μέλι,
615 1153 662 1180 καὶ
683 1154 729 1180 τοῦ
745 1154 876 1189 ὀνόματος

87 1196 208 1228 ἀκούσας
219 1216 226 1227 .
251 1197 297 1223 καὶ
312 1198 345 1232 τῇ
365 1197 457 1230 γεύσει
473 1197 563 1224 λαόὼν
574 1219 580 1230 ,
598 1198 645 1224 καὶ
662 1198 706 1224 τὸν
721 1199 806 1233 ἀτμὸν
832 1199 877 1225 διὰ

87 1242 136 1276 τῆς
151 1242 310 1278 ὀσφρήσεως
327 1243 466 1276 ἐπιγνοὺς,
481 1243 528 1270 καὶ
541 1245 574 1279 τῇ
590 1244 647 1278 ἁφῇ
663 1244 814 1279 δοκιμάσας
824 1265 830 1276 ,
845 1245 877 1271 τὸ

87 1287 153 1314 αὐτὸ
175 1289 290 1322 πρᾶγμα
311 1288 344 1314 δι’
366 1289 483 1315 ἑκάστου
503 1289 557 1316 τῶν
584 1290 770 1326 αἰσθητηρίων
793 1291 876 1325 ἐγνώ-

90 1341 157 1367 ρισε.
175 1334 288 1361 Ποικίλα
302 1334 330 1360 δὲ
346 1334 427 1373 πάλιν
447 1335 495 1361 καὶ
513 1335 640 1371 πολυειδῆ
657 1337 701 1363 διὰ
718 1337 783 1372 μιᾶς
804 1346 876 1370 τινος

87 1377 239 1413 αἰσθήσεως
256 1379 438 1414 διδασκόμεθα
449 1388 455 1394 ·
468 1380 515 1414 τῆς
530 1389 560 1407 τε
579 1381 664 1417 ἀκοῆς
681 1382 812 1414 παντοίας
833 1383 876 1409 δε-

88 1423 207 1459 χομένης
227 1425 334 1457 φωνὰς,
367 1425 416 1460 τῆς
435 1435 464 1453 τε
483 1426 530 1453 διὰ.
551 1427 606 1453 τῶν
629 1427 776 1462 ὀφθαλμῶν
800 1429 876 1455 ἀντι-

87 1467 195 1503 λήψεως
206 1470 360 1506 ἀδιάκριτον
372 1471 545 1508 ὲχούσηςτὴν
557 1473 696 1509 ἐνέργειαν
707 1474 754 1500 ἐπὶ
763 1474 812 1510 τῆς
823 1474 876 1501 τῶν

87 1515 252 1549 ἑτερογενῶν
268 1515 392 1550 θεωρίας.
416 1517 532 1552 Ὁμοίως
545 1519 600 1554 γὰρ
616 1519 705 1554 λευκῷ
717 1528 746 1546 τε
758 1520 875 1556 προσπί-

87 1569 161 1592 πτει,
179 1561 226 1587 καὶ
249 1561 352 1596 μέλανι,
377 1563 425 1589 καὶ
450 1565 515 1590 πᾶσι
537 1566 594 1596 τοῖς
613 1566 682 1592 κατὰ
698 1566 728 1591 τὺ
756 1566 876 1593 ἐναντίον

87 1606 213 1633 διεστῶσι
240 1607 278 1643 τῷ
303 1608 438 1643 χρώματι.
467 1609 559 1642 Οὕτως
584 1611 600 1646 ή
628 1611 732 1645 γεῦσις,
756 1611 874 1647 οὖτωςή

87 1651 231 1688 δσφρησις,
248 1653 333 1687 οὕτως
350 1656 367 1690 ἡ
383 1655 426 1682 διὰ
440 1656 488 1692 τῆς
502 1657 573 1692 ἁφῆς
588 1658 760 1692 κατανόησις,
778 1667 876 1685 παντο-

88 1698 182 1726 δαπῶν
203 1701 374 1736 πραγμάτων
391 1703 492 1738 ἑκάστη
515 1703 558 1730 διὰ
579 1705 627 1739 τῆς
647 1704 751 1737 οἰκείας
767 1705 876 1741 ἀντιλή-

87 1743 161 1779 ψεως
175 1745 224 1781 τὴν
242 1746 342 1781 γνῶσιν
360 1748 506 1784 ἐντίθησιν.

350 1884 548 1911 ΚΕΦΛΛΛΟΝ
569 1885 619 1912 ΙΛ’.

161 1930 226 1957 ’Ὅτι
245 1928 411 1964 ἀθεώρητος
427 1931 445 1964 ἡ
461 1930 514 1957 τοῦ
528 1931 685 1966 ἀνθρώπου
704 1933 807 1967 φύσις.

125 2007 158 2033 Ti
171 2006 260 2033 τοίνυν
275 2007 333 2033 ἐστὶ
347 2006 418 2033 κατὰ
430 2007 478 2043 τὴν
495 2007 591 2035 ἑαυτοῦ
609 2010 689 2043 φύσιν
702 2011 716 2037 ὁ
728 2010 791 2043 νοῦς
801 2031 808 2043 ,
825 2012 838 2038 ὸ
852 2012 881 2038 ἐν

88 2053 262 2088 αἰσθητικαίς
283 2053 428 2087 δυνάμεσιν
451 2055 547 2081 ἑαυτὸν
569 2056 748 2091 ὲπιμερίξων,
776 2058 823 2084 καὶ
846 2058 881 2085 δι’

89 2099 208 2134 ἑκάστης
225 2099 400 2134 καταλλήλως
413 2099 464 2135 τὴν
479 2100 531 2127 τῶν
543 2101 628 2129 ὅντων
640 2102 741 2137 γνῶσιν
757 2103 879 2139 ἀναλαμ-

90 2145 196 2176 ϐάνων;
213 2145 273 2171 Ὅτι
289 2145 342 2180 γὰρ
362 2145 424 2172 ἄλλο
444 2155 471 2172 τι
485 2147 561 2182 παρὰ
574 2147 623 2179 τὰς
637 2148 777 2184 αἰσθήσεις
794 2150 878 2182 ἐστὶν,

931 239 965 266 ad
991 240 1084 266 urbem
1102 239 1195 270 itante,
1224 240 1270 274 qui
1292 241 1468 269 nihilominus
1482 247 1625 278 postquam
1646 244 1717 271 intra

931 286 1094 312 tnoeniorum
1119 286 1252 312 ambitum
1273 293 1415 319 venerunt,
1435 290 1611 320 conveniunt,
1629 294 1655 316 et
1669 298 1718 317 ne-

931 329 1100 357 cessitudine
1119 334 1211 357 mutua
1241 330 1292 357 sibi
1318 331 1439 358 devincti
1460 337 1542 367 sunt;
1568 339 1719 370 contraque

931 375 989 402 fieri
1000 379 1097 411 potest,
1128 381 1156 403 ut
1173 376 1296 403 homines
1306 385 1418 411 peregre
1432 379 1580 411 venientes,
1593 380 1719 415 interque

931 429 992 449 sese
1009 421 1104 456 ignoti,
1131 422 1226 449 eodem
1244 422 1277 449 ad
1299 422 1394 450 urbem
1424 423 1498 450 aditu
1525 426 1691 452 contendant
1710 435 1717 453 ι

930 475 1000 502 quos
1029 472 1118 494 tamen
1145 469 1299 496 communis
1317 469 1343 495 in
1371 469 1465 496 urbem
1483 470 1624 501 ingressus
1645 471 1719 498 nullo

932 514 1012 541 modo
1029 515 1180 550 coniungit,
1202 517 1311 551 quando
1332 518 1424 544 urbem
1443 517 1558 552 ingressi
1581 520 1654 546 sunt.
1667 522 1716 550 pro

933 558 1011 586 libitu
1024 561 1142 595 quisque
1153 569 1182 589 se
1194 562 1228 589 ab
1237 563 1298 590 aliis
1305 567 1424 598 separat,
1440 563 1555 597 singulis
1567 569 1631 590 suos
1642 568 1715 596 quaa-

932 604 1057 632 rentibus
1074 613 1081 632 :
1095 613 1147 632 non
1168 606 1329 634 dissimilem
1353 608 1506 642 intelligere
1524 607 1619 634 videor
1633 606 1714 634 etiam

931 650 1029 676 mentis
1044 649 1249 684 amplitudinem
1264 657 1336 677 esse.
1350 649 1417 676 Nam
1427 657 1615 684 sarpenumero
1630 658 1661 678 ex
1678 650 1720 677 di-

929 694 1015 721 versis
1029 701 1159 720 sensuum
1170 694 1281 728 organis
1295 694 1376 721 unius
1389 694 1427 721 rei
1444 694 1625 729 cognitionem
1637 702 1718 729 para-

930 747 1001 771 mus,
1019 739 1076 774 ipsa
1092 747 1120 766 re
1129 739 1244 766 diversis
1255 739 1343 766 modis
1358 739 1485 767 sensibus
1499 747 1528 767 se
1544 740 1716 767 insinuante:

929 791 1024 814 contra
1041 785 1132 813 videre
1154 790 1206 818 est,
1223 793 1278 812 uno
1294 785 1446 821 eodemque
1471 794 1553 813 sensu
1571 786 1654 813 multa
1671 794 1719 812 va-

930 832 1026 866 riaque
1050 832 1166 866 percipi,
1187 839 1247 867 qum
1264 833 1409 867 cteteroqui
1423 836 1520 859 natura
1535 832 1606 859 inter
1620 840 1650 859 se
1665 839 1718 859 non

893 873 912 899 Β
927 878 1103 905 conveniunt.
1124 877 1205 904 Verbi
1224 877 1312 911 gratia
1334 879 1414 912 (nam
1433 878 1535 904 rectius
1553 877 1608 904 haec
1628 885 1720 904 exem-

927 924 979 959 plis
997 924 1191 958 illustrantur),
1219 924 1389 958 propositum
1414 923 1494 950 nobis
1509 927 1568 950 esto
1590 923 1718 958 quiddam

925 970 960 996 de
989 976 1115 1003 saporum
1144 969 1312 1003 proprietate
1340 968 1509 1003 perquirere,
1539 969 1601 1003 quis
1617 967 1716 998 dulcis,

926 1015 989 1050 quis
1012 1015 1132 1049 gustatui
1153 1018 1250 1041 contra
1280 1015 1404 1048 ingratus
1424 1014 1522 1041 humor
1549 1014 1595 1040 sit.
1627 1014 1720 1048 Itaque

926 1062 1056 1088 docemur
1075 1061 1243 1095 experientia
1263 1061 1343 1087 bilem
1369 1061 1479 1095 quidem
1499 1068 1561 1088 esse
1574 1068 1694 1087 amaram
1711 1068 1718 1087 :

927 1112 1031 1143 gratam
1063 1115 1127 1134 vero
1159 1107 1231 1133 melli
1262 1107 1420 1141 qualitatem
1446 1107 1591 1141 quamdam
1616 1106 1718 1133 inesse.

928 1153 990 1181 Haec
1006 1161 1068 1180 cum
1091 1153 1199 1180 diversa
1212 1153 1281 1180 inter
1293 1160 1323 1179 se
1341 1153 1483 1183 exsistant,
1502 1159 1554 1179 una
1575 1157 1664 1179 tamen
1680 1151 1720 1179 rei

927 1200 1022 1226 notitia
1046 1203 1230 1234 comparatur,
1249 1198 1337 1224 modis
1357 1192 1440 1225 varii's
1455 1198 1538 1224 tuenti
1565 1197 1717 1226 insinuata.

927 1246 1057 1272 nimirum
1076 1248 1198 1280 gustatu,
1215 1243 1343 1274 odoratu,
1365 1243 1472 1274 auditu,
1491 1242 1574 1269 etiam
1589 1246 1718 1269 contactu

928 1296 1135 1323 nonnunquam,
1151 1291 1178 1315 et
1190 1292 1312 1321 aspectu.
1330 1286 1398 1313 Nam
1409 1293 1471 1313 cum
1489 1287 1552 1320 quis
1568 1286 1620 1313 mel
1632 1286 1720 1314 intue-

928 1341 982 1368 tur,
1000 1342 1099 1362 nomen
1121 1333 1207 1366 audit,
1222 1337 1330 1368 gustum
1345 1332 1470 1367 percipit,
1486 1332 1599 1358 halitum
1614 1331 1719 1364 olfacit,

927 1386 1056 1410 contactu
1090 1381 1208 1414 denique
1236 1379 1325 1414 ipsum
1358 1379 1491 1413 explorat,
1513 1377 1636 1405 eamdem
1662 1384 1719 1405 rem

927 1426 1043 1461 singulis
1067 1425 1195 1452 sensibus
1211 1423 1352 1458 percipit:
1382 1426 1479 1450 contra
1506 1429 1571 1449 vero
1591 1422 1667 1448 varia
1693 1425 1721 1449 et

928 1472 1018 1507 specie
1031 1471 1138 1498 diversa
1157 1477 1212 1497 uno
1234 1469 1357 1496 vicissim
1384 1475 1467 1496 sensu
1488 1472 1530 1495 est
1544 1475 1719 1502 cognoscere.

930 1517 1165 1552 Quemadmodum
1182 1516 1276 1543 auditu
1294 1515 1384 1542 omnis
1407 1514 1516 1549 generis
1535 1521 1616 1541 voces
1631 1513 1721 1548 perci-

933 1565 1046 1600 piuntur
1061 1573 1068 1591 :
1086 1568 1112 1590 et
1120 1564 1262 1590 oculorum
1278 1569 1309 1588 ea
1324 1561 1441 1588 lacultas
1452 1565 1503 1591 est.
1517 1564 1547 1586 ut
1566 1560 1721 1594 promiscue

933 1618 977 1638 res
1003 1610 1084 1636 etiam
1099 1617 1199 1644 genere
1213 1609 1336 1635 diversas
1349 1607 1473 1635 videant:
1490 1606 1625 1633 consimili
1648 1606 1721 1633 cnim

932 1657 1015 1684 modo
1028 1655 1135 1682 videndi
1149 1655 1190 1682 vis
1206 1655 1232 1681 in
1246 1654 1348 1686 album,
1358 1654 1476 1688 nigrum,
1491 1661 1534 1680 res
1550 1653 1613 1680 item
1629 1652 1722 1679 colore

933 1703 1004 1730 inter
1022 1710 1051 1730 se
1064 1702 1188 1729 diversas
1200 1704 1313 1728 αξιοι-οε
1333 1699 1439 1727 incidit.
1466 1699 1512 1726 Sic
1538 1706 1636 1726 sensus
1657 1698 1722 1724 reli-

932 1749 989 1785 qui,
1004 1753 1139 1785 gustatus,
1164 1747 1306 1779 odoratus,
1323 1749 1477 1777 contactus,
1505 1745 1641 1770 variarum
1663 1743 1723 1770 sin-

930 1797 986 1832 guli
1012 1803 1104 1824 rerum
1133 1802 1181 1822 sua
1209 1793 1382 1829 perceptione
1409 1791 1534 1818 notitiam
1566 1789 1646 1816 nobis
1673 1796 1721 1823 pa-

932 1842 1018 1869 riunt.

1232 1879 1347 1908 CAPUT
1374 1879 1420 1906 XI.

932 1933 1065 1959 Naturam
1077 1929 1190 1957 hominis
1203 1932 1286 1954 totam
1295 1925 1505 1953 consideratione
1513 1927 1603 1950 nostra
1612 1920 1724 1957 perspici

1253 1970 1304 1989 non
1318 1969 1402 1996 posse.

968 2012 1039 2046 Quid
1063 2011 1156 2047 igitur,
1182 2007 1301 2042 inquies,
1321 2010 1418 2033 natura
1437 2011 1486 2032 sua
1507 2011 1584 2030 mens
1602 2001 1724 2029 hominis

931 2064 984 2091 est,
1003 2065 1064 2093 qua:
1083 2063 1132 2091 per
1149 2061 1278 2082 sensuum
1301 2052 1423 2079 diversas
1440 2058 1471 2078 se
1489 2049 1631 2076 facultates
1642 2048 1722 2079 didit,

930 2111 958 2134 et
975 2113 1022 2141 per
1033 2104 1082 2130 has
1102 2102 1153 2130 sibi
1166 2107 1258 2127 rerum
1269 2098 1393 2126 notitiam
1410 2095 1567 2131 comparat?
1583 2095 1723 2141 Diversum

932 2138 998 2179 sane
1012 2149 1142 2185 quiddam
1157 2154 1220 2174 esse
1242 2148 1361 2172 mentem
1378 2143 1413 2169 ab
1436 2142 1505 2177 ipsis
1520 2140 1657 2171 sensibus,
1677 2138 1724 2173 qui

89 2191 139 2218 οὐκ
165 2190 197 2217 ἂν
213 2188 290 2226 οἶμαί
309 2201 369 2218 τινα
395 2193 449 2219 τῶν
474 2193 617 2228 ἐμφρόνων
639 2194 830 2230 ἀμφιδάλλειν.
848 2195 877 2221 Ei

932 2198 1061 2232 ambigat,
1082 2195 1140 2222 fore
1153 2192 1303 2222 neminem,
1321 2189 1368 2225 qui
1393 2188 1504 2223 quidem
1531 2187 1629 2221 sapiat,
1651 2185 1726 2232 arbi-

89 2236 145 2271 γὰρ
157 2236 254 2263 ταύτὸν
266 2235 300 2272 ἦν
313 2239 346 2273 τῇ
362 2238 498 2274 αἰσθήσει,
510 2239 578 2274 πρὸς
592 2239 621 2266 ἓν
634 2240 743 2272 πάντως
755 2239 812 2276 εἶχε
824 2241 878 2267 τῶν

89 2283 151 2309 κατ’
166 2283 291 2317 αἴσθησιν
309 2284 512 2319 ἐνεργουμένων
534 2285 583 2319 τὴν
604 2285 774 2320 οἰκειότητα,
791 2285 835 2312 διὰ
849 2286 880 2312 τὺ

90 2327 194 2354 ἁπλοῦν
215 2329 263 2363 μὲν
282 2329 361 2355 αὐτὸν
381 2327 460 2362 εἶναι,
488 2330 570 2365 μηδὲν
596 2331 624 2357 δὲ
648 2331 768 2357 ποικίλον
789 2332 818 2357 ὲν
840 2331 880 2367 τῷ

91 2373 170 2410 ἁπλῷ
195 2374 366 2410 θεωρεῖσθαι.
392 2376 460 2402 Νυνὶ
485 2376 513 2402 δὲ
536 2376 645 2403 πάντων
670 2376 879 2412 συντιθεμένων,

91 2420 156 2447 ἄλλο
171 2420 220 2455 μέν
236 2430 261 2447 τι
275 2421 324 2456 τὴν
340 2421 410 2457 ἁφὴν
428 2420 497 2449 εἶναι
507 2443 514 2454 ,
530 2422 594 2449 ἄλλο
616 2423 644 2448 δὲ
668 2423 717 2458 τὴν
734 2424 877 2459 ὖσιρρησιν,

92 2466 204 2493 καὶτῶν
218 2467 305 2493 ἄλλων
316 2468 446 2499 ὡσαύτως
457 2469 646 2504 ἀκοινωνήτως
659 2477 686 2495 τε
699 2469 746 2495 καὶ
756 2469 880 2503 ἁμίκτως

91 2513 162 2548 πρὸς
177 2513 279 2549 ἄλληλα
295 2514 486 2550 διακειμένων,
505 2515 598 2551 ἐπειδὴ
614 2515 684 2541 κατὰ
695 2515 726 2541 τὸ
740 2516 796 2542 ἴσον
813 2515 880 2542 ἑκά-

93 2568 144 2595 στῃ
164 2561 338 2596 καταλλήλως
355 2562 500 2597 πάρεστιν,
514 2562 608 2597 ἔτερόν
628 2570 690 2588 τινα
711 2563 816 2593 πάντως
831 2563 881 2589 αὐ-

90 2605 138 2631 τὸν
156 2606 208 2641 χρὴ
229 2607 303 2641 παρὰ
321 2607 370 2642 τὴν
389 2607 521 2643 αἰσθητὴν
537 2607 711 2634 ὑποτίθεσθαι
735 2608 827 2642 φύσιν,
845 2608 883 2638 ὡς

90 2651 124 2678 ἂν
143 2652 179 2687 μή
193 2660 234 2683 τις
249 2653 368 2680 ποικιλία
380 2653 419 2689 τῷ
434 2658 522 2689 νοητῷ
538 2654 712 2690 συμμιχθείη.
732 2654 799 2685 «Τίς
812 2654 882 2688 ἔγνω

90 2697 154 2724 νοῦν
168 2697 308 2733 Κυρίουςι
331 2699 414 2734 φησὶν
432 2701 446 2726 ὁ
469 2700 638 2732 Ἀπόστολος.
663 2700 734 2735 Ἐγὼ
754 2700 783 2727 δὲ
808 2693 882 2736 παρὰ

90 2743 169 2770 τοῦτό
184 2752 266 2778 φημι,
279 2744 328 2776 Τίς
343 2744 388 2771 τὸν
405 2745 471 2772 ἴδιον
485 2746 548 2774 νοῦν
564 2747 740 2782 κατενόησεν;
758 2747 882 2774 Είπάτω-

92 2799 142 2816 σαν
156 2790 180 2816 οἱ
191 2790 238 2816 τοῦ
250 2790 317 2818 Θεοῦ
334 2790 382 2826 τὴν
395 2792 475 2826 φύσιν
494 2794 568 2826 ὲντδς
587 2795 742 2830 ποιούμενοι
758 2794 806 2830 τῆς
818 2795 881 2822 ἑαυ-

128 2843 147 2857 ⁵¹
169 2847 247 2876 Korn.
265 2857 301 2882 λι,
320 2849 364 2877 Si.

931 2251 997 2272 tror.
1010 2230 1082 2269 VNam
1109 2241 1132 2268 si
1147 2239 1220 2267 idem
1235 2240 1312 2266 esse!
1322 2235 1394 2271 quod
1415 2241 1525 2264 sensus,
1543 2232 1655 2259 omnino
1671 2230 1720 2257 uni

930 2299 963 2318 ex
988 2289 1116 2317 sensibus
1131 2289 1204 2313 esset
1226 2283 1336 2311 atlinis:
1366 2280 1476 2316 quando
1494 2287 1572 2306 mens
1593 2279 1652 2312 ipsa
1675 2285 1726 2304 na-

932 2344 999 2364 tura:
1017 2332 1150 2368 simplicis
1170 2334 1222 2363 est,
1239 2331 1266 2357 in
1283 2336 1337 2364 qua
1360 2327 1429 2355 nihil
1457 2325 1540 2353 statui
1555 2324 1659 2351 varium
1676 2330 1723 2358 po-

931 2387 994 2411 test.
1024 2381 1059 2408 At
1075 2386 1140 2406 vero
1159 2376 1319 2411 compositis
1341 2373 1479 2404 omnibus,
1504 2379 1566 2398 cum
1590 2369 1663 2397 aliud
1686 2370 1723 2396 sit

929 2432 1082 2459 contactus,
1098 2424 1171 2452 aliud
1186 2423 1325 2452 odoratus,
1337 2419 1499 2453 exterisque
1514 2417 1605 2444 itidem
1625 2415 1666 2443 sic
1680 2415 1724 2442 in-

930 2481 972 2504 ter
983 2483 1012 2503 se
1025 2473 1153 2504 diversis,
1168 2474 1198 2497 ut
1211 2467 1396 2502 nihilquidem
1410 2467 1481 2494 inter
1493 2465 1568 2499 ipsos
1579 2469 1725 2490 commune

931 2526 978 2557 sit,
998 2530 1077 2550 mens
1101 2525 1191 2548 tamen
1208 2517 1324 2552 singulis
1343 2514 1446 2550 pariter
1471 2512 1576 2539 ratione
1605 2510 1723 2545 quadam

932 2569 1111 2598 conveniente
1124 2564 1205 2596 adsit,
1223 2561 1335 2590 omnino
1356 2559 1525 2588 censendum
1541 2561 1584 2585 est
1604 2560 1723 2584 mentem

934 2614 1007 2641 aliud
1036 2610 1164 2647 quiddam
1180 2615 1251 2639 esse,
1268 2613 1349 2641 quam
1379 2605 1415 2632 sit
1438 2607 1535 2630 natura
1554 2602 1674 2647 sensilis,
1690 2607 1725 2626 ne

934 2646 1052 2694 simplici
1077 2656 1128 2688 rei,
1143 2658 1170 2682 et
1186 2660 1247 2688 qua:
1270 2650 1448 2686 intelligentia
1468 2646 1722 2694 comprehenditur,

934 2692 1024 2733 inesse
1050 2703 1156 2730 diversa
1174 2698 1298 2734 quaedam
1313 2701 1477 2724 statuamus.
1505 2694 1638 2721 Praeclare
1653 2692 1724 2726 Apo-

937 2751 1024 2780 stolus
1053 2748 1187 2776 exclamat
1206 2754 1213 2772 :
1232 2753 1241 2770 ι
1262 2743 1329 2776 Quis
1352 2746 1470 2770 mentem
1500 2738 1606 2766 Domini
1620 2744 1724 2771 cogno-

936 2799 974 2824 vit
987 2798 1007 2814 ⁸¹
1024 2796 1035 2822 ‘l
1055 2805 1062 2821 ι
1089 2793 1151 2821 Mihi
1169 2798 1231 2818 vero
1247 2790 1312 2817 libct
1329 2789 1380 2816 hoc
1396 2787 1477 2815 etiam
1498 2785 1617 2820 adjicere
1631 2791 1638 2809 :
1655 2782 1723 2815 Quis
