1976 3077
253 114 306 145 £55

870 117 899 144 S.
913 117 1079 146 GREGMHI
1102 118 1249 149 NYSSENI

1835 121 1888 150 136

251 177 368 201 mentem
388 173 525 208 propriam
549 179 720 209 perspectam
734 173 833 202 habet?
845 173 1039 209 Respondeant

1105 177 1145 203 ‘L'ov
1172 177 1366 213 καταλήψεως,
1390 179 1414 204 ει
1435 178 1549 210 ἑαυτοὺς
1577 178 1765 215 κατενόησανς
1789 181 1812 207 εἱ
1837 181 1887 208 τοῦ

252 221 343 251 nobis.
357 221 402 255 qui
424 220 470 248 Dei
489 225 614 247 naturam
631 221 714 248 animi
738 221 954 256 cogitationibus
969 230 1045 250 com-

253 265 382 299 prehendi
415 273 496 300 posse
525 266 694 298 existimant,
720 266 862 301 seipsnsne
877 268 957 302 plane
982 275 1045 295 con-

251 311 374 345 templati
386 312 469 338 sntit?
488 313 622 339 mcntisve
634 313 751 347 propriae
770 319 896 340 naturam
917 315 1045 349 explora-

252 361 306 382 tam
321 361 348 384 et
363 357 498 391 cognitam
516 357 722 385 habent?Dices
739 358 809 385 hanc
822 358 891 386 forte
904 360 996 388 multis
1011 368 1045 388 ex

253 402 334 429 rebus
350 402 467 429 diversis
483 407 622 430 constare.
642 403 675 429 At
695 411 750 438 quo
765 409 844 438 pacto
859 405 915 432 fieri
943 409 1043 440 potest,

252 451 281 473 ut
297 447 367 482 quod
393 447 484 474 animo
511 448 681 483 intelligitur,
713 451 894 484 compositum
912 451 968 478 sit!
994 455 1043 478 aut

251 501 311 528 quzc
327 494 432 520 laudent
450 494 476 521 in
489 494 539 521 hoc
551 503 612 522 esse
628 496 713 530 possit
741 497 878 524 mistionis
896 505 987 525 rerum
999 507 1045 534 ge-

253 548 316 568 nere
330 540 501 568 diversarum
525 542 611 568 ratio?
641 541 689 568 Sin
705 546 800 569 contra
818 548 922 571 statues
940 545 1045 579 simpli-

252 593 310 612 cem
337 586 482 620 quamdam
516 588 615 615 mentis
638 595 698 614 esse
721 592 857 620 naturam,
879 590 1045 625 minimoque

252 632 430 665 compositam
459 641 466 658 :
490 640 542 666 qua
567 632 624 659 fieri
641 633 715 659 dices
729 633 844 664 ratione,
858 639 886 660 ut
911 634 938 660 in
955 635 1045 662 varios

252 676 346 704 eadem
367 685 466 705 sensus
493 679 657 713 spargatur?
674 678 811 713 quomodo
832 679 859 706 in
879 687 933 706 uno
951 681 1046 707 varia?

252 723 391 756 quomodo
416 723 442 750 in
467 723 551 751 variis
569 731 630 751 esse
660 732 744 751 unum
769 725 875 758 potest?
898 725 1045 754 Enimvero

253 776 307 803 quo
323 769 382 796 inte
393 769 510 796 obscura
525 777 575 797 nos
590 774 669 805 pacto
682 771 861 804 explicemus,
872 772 1046 799 animadver-

253 819 290 841 to.
306 823 315 840 ι
336 814 479 842 Faciamus
492 815 641 848 hominem,
658 825 667 841 ι
698 815 787 850 inquit
803 815 884 847 Deus,
903 825 912 841 ι
931 816 963 843 ad
975 817 1044 844 ima-

1096 223 1162 249 ἰδίου
1177 223 1221 249 νοῦ
1235 224 1284 258 τὴν
1299 223 1380 257 φύσιν
1393 224 1568 258 ὲπέγνωσανς
1584 224 1745 261 Πολυμερής
1761 225 1802 257 τίς
1814 225 1886 259 ἐστι,

1095 270 1142 296 καὶ
1158 269 1364 301 πολυσύνοετος.
1386 269 1440 296 Καὶ
1463 269 1522 301 πῶς
1541 270 1571 296 τὸ
1586 270 1680 305 νοητὸν
1696 271 1725 296 ὲν
1746 270 1886 303 συνθέσει;

1095 315 1168 351 ἣτίς
1192 317 1207 342 ὁ
1230 315 1281 350 τῆς
1304 315 1359 342 τῶν
1380 315 1546 350 ἑτερογενῶν
1569 316 1747 351 ἀνακράσεως
1765 315 1885 351 τρόπος;

1101 360 1170 387 Ἀλλ’
1189 360 1291 392 ἁπλοῦς
1311 361 1357 387 καὶ
1378 360 1523 392 ἀσύνθετος
1535 367 1542 374 ⁶
1557 360 1604 387 καὶ
1618 361 1676 392 πῶς
1688 362 1727 392 εἰς
1739 360 1787 396 τὴν
1802 361 1886 387 πολυ-

1098 407 1210 442 μέρειαν
1224 408 1274 442 τὴν
1293 406 1453 441 αἰσθητικὴν
1467 406 1668 441 διασπείρεται;
1687 406 1744 438 πῶς
1760 407 1789 433 ὲν
1803 407 1885 441 μονό-

1095 461 1157 488 τητι
1183 452 1213 478 τὸ
1242 452 1378 484 ποικίλον;
1404 452 1460 483 πῶς
1485 453 1513 478 ὲν
1534 452 1654 487 ποικιλίᾳ
1680 452 1709 478 τὸ
1730 453 1778 485 ’ἐν;
1814 453 1886 479 Ἀλλ’

1095 498 1181 532 ἔγνων
1204 497 1259 524 τῶν
1277 497 1459 533 ἠπορημένων
1478 498 1527 533 τὴν
1547 498 1639 529 λύσινι
1656 499 1701 525 ἐπ’
1718 499 1802 534 αὐτὴν
1818 499 1886 526 ἁνα-

1095 543 1205 579 δραμὼν
1219 543 1266 569 τοῦ
1276 543 1342 569 Θεοῦ
1357 543 1404 578 τὴν
1416 544 1507 578 φωνήν
1516 551 1522 558 ·
1542 552 1550 568 ι
1564 543 1724 578 Ποιήσωμεν
1734 553 1743 568 ι
1758 543 1821 578 γὰρ.
1833 552 1872 578 φη
1883 558 1888 563 -

1097 587 1148 616 σὶν,
1165 596 1174 611 ι
1186 586 1327 622 ἄνθρωπον
1339 589 1397 614 κατ’
1408 587 1498 614 εἰκόνα
1513 588 1560 614 καὶ
1574 587 1633 614 καθ’
1643 588 1771 622 ὁμοίωσιν
1784 588 1888 623 ἡμετέκ

1097 641 1156 667 ραν.
1171 641 1179 656 ι
1200 633 1231 659 'H
1248 633 1300 668 γὰρ
1318 632 1398 660 εἰκὼν
1413 633 1465 665 ἕως
1480 633 1512 659 ἂν
1526 635 1554 659 ὲν
1577 633 1670 668 μηδενὶ
1688 633 1815 669 λείπηται
1831 634 1888 659 τῶν

1096 678 1166 704 κατὰ
1179 678 1210 704 τὸ
1230 679 1382 713 ἀρχέτυπον
1396 679 1557 714 νοουμένων,
1573 678 1676 714 κυρίως
1692 680 1765 705 ἐστὶν
1787 680 1869 705 εἰκών
1880 687 1886 693 ·

1096 723 1155 749 καθ’
1172 724 1186 749 ὃ
1204 723 1226 750 δ’
1243 724 1275 750 ἂν
1289 724 1404 760 διαπέσῃ
1418 725 1465 759 τῆς
1479 725 1546 760 πρὸς
1558 725 1587 750 τὸ
1601 725 1778 760 πρωτότυπον
1793 725 1888 759 ὁμοιόρ

1095 777 1194 804 τητος,
1210 770 1269 796 κατ’
1289 771 1377 796 ἐκεῖνο
1395 770 1425 796 τὸ
1448 770 1530 806 μέρος
1552 771 1634 796 εἰκὼν
1658 771 1708 796 οὐκ
1730 770 1812 796 ἔστιν.
1834 771 1888 796 υῡ-

1096 814 1161 841 κοῦν
1178 815 1271 850 ἐπειδὴ
1286 815 1314 841 ἓν
1329 815 1382 841 τῶν
1402 815 1463 850 περὶ
1483 815 1530 850 τὴν
1546 815 1620 841 θείαν
1639 815 1718 850 φύσιν
1733 815 1889 851 θεωρουμέ-

253 861 353 895 ginem,
369 861 632 896 similitudinemque
647 866 779 888 nostram.
797 871 805 886 ι
822 862 914 897 [mago
932 863 954 889 si
970 863 1045 889 nulla

1105 869 1152 886 λων
1175 861 1232 887 ἐστὶ
1248 862 1278 887 τὸ
1291 861 1483 895 ἀκατάληπτον
1498 861 1548 896 τῆς
1562 861 1654 892 οὐσίας
1665 869 1671 875 “
1690 861 1796 897 ἀνάγκη
1812 863 1889 889 πᾶσι

253 906 281 932 in
303 910 379 940 parte
396 906 532 934 desideret
546 915 577 934 ea
591 915 652 942 qua:
669 911 733 934 sunt
748 908 774 934 in
791 908 948 943 archetypo,
975 913 1048 936 recte

253 952 358 979 scilicet
394 952 484 987 imago
510 953 692 987 appellabitur
711 963 717 980 :
739 953 781 980 sin
807 954 896 989 aliqua
921 962 952 981 ex
972 959 1048 990 parte

253 997 458 1025 similitudinem
475 998 649 1033 exetnplaris.
665 998 698 1025 ad
723 999 796 1033 quod
811 1003 852 1026 est
866 999 1045 1032 conformata,

254 1051 308 1070 non
332 1043 425 1076 refert,
452 1044 603 1072 secundum
618 1044 741 1071 eamdem
758 1050 862 1079 partem
880 1045 969 1080 imago
993 1054 1047 1073 non

253 1093 305 1116 est.
335 1089 453 1122 Quando
483 1090 566 1125 igitur
582 1099 665 1116 unum
682 1091 731 1117 hoc
748 1095 790 1118 est
807 1091 840 1118 de
855 1091 889 1118 iis
911 1100 972 1126 qua:
988 1100 1049 1119 esse

254 1135 281 1161 in
298 1135 352 1162 Deo
368 1140 487 1167 constat,
506 1135 552 1162 Dei
566 1136 695 1162 nimirum
712 1140 839 1163 naturain
853 1138 1048 1171 comprcln-ndi

253 1180 328 1207 nulla
352 1181 466 1208 rationis
481 1181 505 1208 vi
523 1183 617 1216 posse;
644 1182 830 1209 necessarium
854 1183 906 1210 erit
924 1184 1048 1216 omnino,

253 1227 304 1254 hac
321 1227 403 1254 etiam
423 1227 450 1254 in
465 1231 543 1261 parte
558 1227 702 1262 imaginem
721 1227 766 1253 Dei
785 1228 810 1253 in
829 1227 938 1255 homine
954 1229 1048 1256 arcite-

254 1276 317 1306 lypo
334 1280 385 1299 suo
397 1272 574 1307 respondere.
592 1272 658 1298 Nam
681 1273 703 1300 si
719 1277 817 1299 natura
835 1273 961 1308 imaginis
978 1283 1047 1309 qua-

1100 907 1146 933 καὶ
1158 907 1186 932 ὲν
1198 907 1284 942 τούτῳ
1297 907 1345 942 τὴν
1361 907 1452 933 εἰκόνα
1465 907 1532 942 πρὸς
1547 907 1578 933 τὸ
1591 907 1742 942 ἀρχέτυπον
1755 907 1826 942 ἔχειν
1838 908 1889 943 τὴν

1102 951 1227 986 μίμησιν.
1251 952 1281 977 Et
1297 951 1351 986 γὰρ
1366 953 1381 986 ἡ
1402 952 1450 986 μὲν
1468 952 1517 987 τῆς
1539 951 1642 983 εἰκόνος
1658 951 1737 985 φύσις
1752 953 1889 988 κατελαμ-

1101 997 1207 1029 ϐάνετο,
1230 997 1260 1024 τὸ
1284 998 1312 1024 δὲ
1337 997 1513 1032 πρωτότυπον
1533 997 1603 1033 ὑπὲρ
1629 997 1779 1032 κατάληψιν
1799 995 1848 1033 ἦν·
1871 999 1889 1033 ὴ

1100 1044 1253 1078 ἐναντιότης
1277 1044 1330 1070 τῶν
1352 1044 1594 1080 ὲπιθεωρουμένων
1617 1044 1646 1070 τὸ
1668 1043 1889 1079 διημαρτημένον

1100 1090 1148 1124 τῆς
1167 1089 1270 1121 εἰκόνος
1298 1090 1448 1125 διήλεγχεν.
1482 1089 1592 1124 Ἐπειδὴ
1619 1089 1647 1115 δὲ
1673 1089 1812 1124 διαφεύγει
1839 1089 1890 1124 τὴν

1101 1135 1201 1169 γνῶσιν
1215 1137 1231 1171 ἡ
1248 1135 1318 1162 κατὰ
1333 1136 1378 1162 τὸν
1394 1136 1455 1162 νοῦν
1471 1136 1515 1162 τὸν
1533 1135 1666 1170 ἡμέτερον
1679 1135 1769 1169 φύσις,
1788 1135 1816 1166 ὃς
1831 1136 1890 1161 ἐστι

1101 1182 1160 1207 κατ’
1173 1181 1264 1207 εἰκόνα
1276 1181 1321 1207 τοῦ
1334 1182 1484 1213 κτίσαντος,
1496 1181 1596 1215 ἀκριϐῆ
1607 1181 1674 1215 πρὸς
1684 1181 1714 1206 τὸ
1726 1180 1892 1215 ὑπερκείμε-

1101 1237 1146 1255 νον
1167 1229 1222 1264 ἔχει
1242 1229 1291 1264 τὴν
1306 1230 1453 1264 ὁμοιότητα
1466 1250 1472 1261 ,
1494 1228 1532 1264 τῷ
1552 1228 1612 1254 καθ’
1642 1227 1737 1254 ἑαυτὸν
1759 1227 1892 1262 ἀγνώστῳ

1102 1275 1310 1310 χαρακτηρίζων
1322 1276 1370 1310 τὴν
1385 1274 1574 1309 ἀκατάληπτον
1587 1273 1677 1307 φύσιν.
1722 1283 1727 1287 ·

253 1320 287 1346 lis
309 1321 355 1350 sit.
384 1320 498 1355 intelligi
525 1324 633 1354 posset;
661 1319 800 1354 exemplar
820 1328 884 1347 vero
908 1321 1034 1356 princeps
1060 1329 1143 1356 supra
1176 1322 1360 1356 intelligentiae
1373 1326 1471 1348 nostra:
1487 1321 1558 1347 vires
1581 1319 1699 1354 positum
1714 1321 1786 1346 esset
1807 1327 1814 1345 :
1834 1318 1892 1345 lucc

254 1366 312 1400 ipsa
326 1365 472 1393 diversitas
498 1365 600 1392 indicio
624 1365 703 1398 foret,
724 1369 858 1399 quantum
881 1367 915 1393 ab
931 1367 1079 1402 archetypo
1103 1368 1192 1402 imago
1209 1368 1266 1402 ipsa
1285 1367 1457 1394 recessisset.
1471 1365 1548 1392 Nunc
1571 1372 1631 1392 cum
1652 1368 1776 1390 naturam
1794 1363 1893 1390 tuentis

254 1416 366 1442 nostrae.
383 1412 415 1439 ad
428 1412 560 1440 creatoris
574 1412 720 1447 imaginem
747 1412 834 1443 factae.
853 1413 1038 1448 intelligentia:
1054 1414 1094 1441 vis
1108 1414 1217 1448 assequi
1238 1423 1289 1440 non
1303 1414 1397 1448 pOSsil,
1408 1416 1563 1439 accuratam
1578 1418 1608 1437 ea
1621 1413 1725 1436 natura:
1739 1416 1821 1443 supra
1841 1416 1894 1437 nos

254 1458 412 1485 exsistcntis
432 1458 637 1485 similitudinem
660 1459 758 1492 refert,
787 1459 868 1493 inque
883 1468 915 1487 eo
932 1461 1003 1495 quod
1027 1465 1054 1487 et
1080 1461 1139 1496 ipsa
1165 1461 1288 1496 indagari
1314 1468 1366 1487 non
1393 1463 1495 1494 potest,
1514 1465 1658 1493 expressas
1673 1460 1776 1483 natura:
1789 1456 1894 1483 incom-

255 1505 417 1541 prrhensilis
435 1509 514 1532 notas
528 1505 658 1533 ostendit.

557 1562 674 1590 CAPUT
694 1562 750 1590 XII.

255 1617 315 1650 Qua
331 1622 406 1650 parte
423 1618 551 1644 contineri
575 1618 694 1652 princeps
723 1619 805 1644 animi
828 1618 944 1652 facultas
970 1618 1050 1652 (quod

289 1653 451 1688 ἡγεμονικὸν
480 1652 565 1679 (ἕνατί
592 1654 695 1687 dicunt)
712 1653 831 1687 pulamlu
857 1654 900 1679 sit.
923 1654 989 1685 Ome
1014 1653 1050 1679 fa-

290 1696 440 1722 crymarum
458 1696 489 1714 ac
509 1689 579 1714 risus
599 1697 698 1718 cauare.
719 1689 890 1721 explicatum.
907 1688 1051 1714 'I‘heorenla

290 1723 399 1762 denique
411 1723 559 1757 physicum,
574 1723 605 1750 de
619 1724 747 1756 materiai,
765 1728 880 1755 naturw,
907 1732 938 1750 ac
955 1724 1051 1750 utentis

290 1763 359 1784 ιδιιει·
373 1766 400 1784 se
419 1764 510 1784 mutuo
525 1766 604 1785 nexu.

291 1814 395 1842 Idcirco
411 1815 520 1842 tandem
545 1814 655 1842 curiosa
671 1815 779 1842 vanitas
803 1815 944 1842 hominum
959 1815 1052 1850 conje-

255 1862 341 1889 cturis
373 1862 495 1888 visorum
524 1862 652 1893 facessat.
675 1869 746 1896 quos
768 1862 867 1889 mentis
893 1861 1050 1888 facultatem

256 1915 317 1940 qum
328 1907 507 1942 intelligentia
518 1907 776 1942 comprehenditur,
789 1907 920 1935 membris
934 1907 1051 1933 nonnul-

257 1953 291 1980 lis
304 1953 427 1987 corporis
439 1952 580 1980 includere
595 1961 649 1980 non
664 1957 706 1980 est
717 1954 845 1980 veritum.
867 1952 935 1979 Nam
955 1952 1052 1979 horum

257 1998 317 2025 aliis
332 1999 357 2025 in
375 1997 457 2024 corde
478 1999 626 2032 principem
644 1999 728 2025 animi
743 1998 796 2025 vim
808 1999 944 2026 collocare
958 1999 1050 2025 visum

257 2050 308 2076 est,
335 2043 397 2070 aliis
417 2043 442 2070 in
471 2044 584 2070 cerebro
604 2052 610 2070 :
638 2051 700 2070 cum
715 2043 861 2078 opiniones
889 2043 972 2070 hasce
988 2051 1053 2071 suas

259 2091 364 2118 levibus
389 2089 499 2124 quidem
518 2089 581 2120 illis,
597 2089 645 2117 sed
658 2094 750 2116 tamen
776 2096 791 2116 τι
809 2089 865 2116 veri
882 2090 974 2124 specie
997 2097 1052 2116 non

259 2136 470 2163 abhorrentibus
504 2136 584 2171 plane
621 2136 776 2163 rationibus
798 2136 973 2163 confirment.
1001 2136 1053 2169 Qui

258 2183 331 2210 enim
347 2182 421 2210 cordi
440 2182 623 2217 principatum
637 2181 774 2213 deferunt,
793 2181 881 2216 ipsius
895 2182 946 2209 loci
966 2182 1051 2209 situm

1365 1560 1562 1587 ΚΕΦΑΛΑΙΟΝ
1579 1560 1631 1587 lB’.

1109 1619 1262 1651 ἘΕὲῖιισις
1275 1638 1282 1649 ,
1302 1619 1336 1644 ἐν
1356 1618 1412 1644 τίνι
1428 1618 1460 1644 τὸ
1476 1618 1657 1652 ἡγεμονικὸν
1669 1617 1840 1652 νομιστέον,
1859 1619 1896 1645 ὲν

1133 1653 1157 1689 ᾧ
1176 1654 1225 1680 καὶ
1236 1654 1301 1687 περ)
1317 1654 1455 1689 δακρύων
1467 1653 1515 1679 καὶ
1531 1654 1597 1687 περὶ
1611 1654 1738 1689 γέλωτος
1750 1655 1896 1689 φυσιολο-

1136 1688 1195 1724 ἧήα,
1210 1690 1257 1715 καὶ
1274 1688 1407 1722 θεώρημά
1417 1697 1443 1713 τι
1455 1688 1668 1724 φυσηιύνγπερὶ
1681 1688 1737 1724 ζῆς
1751 1688 1826 1715 κατὰ
1838 1688 1897 1722 τὴν

1137 1722 1227 1758 ὕλην,
1245 1724 1294 1750 καὶ
1310 1724 1366 1757 τὴν
1379 1723 1484 1758 φύσιν,
1499 1723 1549 1750 καὶ
1567 1723 1622 1749 τὸν
1638 1722 1714 1750 νοῦν
1725 1724 1894 1756 κοινωνίας.

1136 1810 1243 1844 Σιγάτω
1265 1810 1353 1837 τοίνυν
1372 1809 1444 1836 πᾶσα
1462 1809 1624 1844 στοχαστικὴ
1642 1808 1820 1844 ματαιολογία
1841 1809 1897 1835 τῶν

1104 1857 1207 1893 μορίοις
1222 1857 1277 1882 τισὶ
1297 1857 1463 1891 σωματικοῖς
1483 1855 1532 1890 τὴν
1551 1855 1650 1890 νοητὴν
1665 1854 1897 1881 ἐναποκλειόντων

1103 1903 1252 1938 ἐνέργειαν,
1264 1899 1301 1929 ὧν
1314 1904 1338 1929 οἱ
1352 1902 1400 1938 μὲν
1412 1903 1440 1928 ὲν
1452 1901 1550 1937 καρδίᾳ
1560 1901 1590 1927 τὸ
1601 1901 1763 1936 ἡγεμονικὸν
1775 1899 1846 1928 εἶναι
1856 1901 1897 1927 τί-

1103 1950 1204 1982 θενται,
1221 1951 1245 1976 οἱ
1258 1949 1285 1975 δὲ
1302 1949 1340 1984 τῷ
1353 1948 1496 1983 ἐγκεφάλῳ
1510 1947 1556 1974 τὸν
1571 1947 1632 1973 νοῦν
1648 1947 1831 1974 ἐνδιαιτᾶσθαι
1846 1955 1898 1981 φα-

1105 2005 1163 2028 σιν,
1176 1995 1352 2031 ξὲπιπολαίοις
1369 1994 1423 2021 τισὶ
1446 1993 1607 2028 πιθανότησι
1624 1993 1675 2025 τὰς
1693 1993 1819 2025 τοιαύτας
1835 1993 1898 2019 ἐπι-

1103 2042 1178 2074 νοίας
1192 2041 1367 2077 κρατοῦντες.
1394 2040 1422 2066 '0
1440 2039 1489 2074 μὲν
1505 2039 1559 2074 γὰρ
1580 2040 1612 2074 τῇ
1629 2038 1730 2074 καρδία
1742 2037 1898 2074 προστιθεὶς

1103 2087 1152 2122 τὴν
1169 2086 1326 2122 ἠγεμονίαν,
1341 2084 1391 2120 τὴν
1411 2084 1481 2111 κατὰ
1494 2084 1575 2110 τόπον
1589 2084 1675 2118 αὐτῆς
1688 2083 1762 2110 θέσιν
1779 2084 1896 2110 ποιεῖται

1104 2131 1150 2157 τοῦ
1171 2131 1250 2163 λόγου
1267 2130 1432 2165 τεκμήριον,
1447 2129 1492 2156 διὰ
1510 2129 1540 2155 τὸ
1558 2128 1647 2155 δοκεῖν
1670 2137 1729 2160 πως
1743 2127 1792 2164 τὴν
1811 2128 1898 2163 μέσην

1104 2177 1150 2204 τοῦ
1170 2176 1271 2207 παντὸς
1292 2175 1418 2210 σώματος
1444 2174 1552 2209 ἐπέχειν
1567 2173 1659 2209 χώραν
1673 2174 1768 2208 αὐτὴν,
1790 2173 1827 2205 ὼς
1849 2175 1898 2209 τῆς

260 2237 308 2264 pro
320 2230 426 2256 ratione
441 2232 584 2264 usurpant.
602 2228 705 2255 Etetﬁm
721 2236 770 2256 cor
787 2228 878 2255 locum
892 2227 919 2254 in
935 2227 1050 2255 humano

1108 2222 1302 2259 προαιρετικῆς
1325 2223 1458 2256 κινήσεως
1477 2221 1595 2251 εὐκόλως
1611 2222 1644 2246 ὲκ
1661 2219 1706 2246 τοῦ
1729 2219 1810 2254 μέσου
1829 2219 1900 2254 πρὸς

259 2282 376 2308 corpore
406 2278 462 2301 toto
488 2274 607 2301 medium
627 2282 712 2309 prope
737 2274 863 2301 obtinere
886 2274 1005 2306 videtur,
1027 2277 1056 2300 ut

261 2325 351 2347 motus
370 2327 384 2346 a
401 2320 516 2347 consilio
531 2319 671 2354 profectus
687 2319 767 2347 facile
786 2320 814 2346 in
830 2327 932 2354 corpus
949 2321 1057 2347 univcr-

261 2373 371 2393 suntex
398 2366 449 2393 hoc
477 2366 566 2392 medio
594 2372 624 2392 se
641 2365 822 2397 diffunderet,
859 2369 942 2400 atque
970 2365 1006 2391 ita
1022 2364 1056 2391 ad

261 2411 394 2446 agendum
411 2410 628 2446 progrederetur.
644 2410 711 2437 lluic
723 2411 866 2438 sententiae
884 2410 949 2438 illud
972 2411 1055 2438 etiam

263 2458 429 2493 patrocinari
458 2460 566 2492 putant.
596 2457 669 2492 quod
698 2457 808 2484 homine
827 2457 870 2484 vel
898 2461 996 2484 mmsto
1014 2456 1055 2484 vel

262 2504 343 2536 irato,
371 2503 594 2539 perturbationes
621 2503 778 2538 hujusmodi
799 2510 847 2530 cor
863 2503 980 2530 maxime
994 2510 1056 2537 pcr-

264 2558 372 2577 movere
383 2550 521 2582 videntur,
540 2553 570 2577 ut
594 2549 691 2577 iisdem
708 2549 850 2577 afﬁciatur.
869 2548 988 2575 Cerebro
1010 2548 1056 2583 qui

264 2595 444 2623 ratiocinandi
457 2596 510 2623 vim
521 2601 696 2628 consecrant,
704 2600 785 2630 caput
798 2603 813 2621 a
823 2599 919 2621 natura
929 2599 1058 2629 tanquam

265 2649 355 2669 arcem
374 2642 520 2676 quamdam
549 2642 635 2670 totius
663 2643 789 2677 corporis
809 2645 979 2669 exstructum
999 2647 1061 2668 esse

265 2688 410 2714 afleant.
430 2687 485 2714 llac
511 2687 537 2714 in
551 2696 614 2715 arce
631 2685 730 2715 mentis
756 2687 837 2714 veluti
855 2686 926 2721 regis
947 2686 1061 2714 domici-

267 2734 332 2760 lium
348 2741 420 2764 esse,
439 2742 498 2768 quae
511 2734 631 2769 undique
643 2741 773 2761 sensuum
789 2732 912 2767 organis,
929 2736 1058 2766 tanquam

268 2779 455 2814 apparitormn
485 2780 703 2814 slipatorumque
737 2778 869 2806 satellitio
906 2778 1055 2805 muniatur.

270 2823 388 2852 Utuntur
411 2825 494 2853 etiam
526 2825 559 2852 ad
588 2824 780 2853 stabiliendam
794 2826 959 2852 sententiam
979 2832 1056 2852 suam

1108 2268 1180 2295 ἆπαν
1202 2267 1384 2303 μεριζομένης
1411 2266 1501 2301 σῶμα,
1516 2266 1574 2292 καὶ
1595 2265 1682 2296 οὕτως
1703 2265 1742 2296 εις
1760 2265 1900 2300 ἐνέργειαν

1108 2313 1265 2350 προϊούσης.
1287 2314 1341 2339 Καὶ
1364 2312 1514 2348 μαρτύριον
1542 2313 1660 2337 ποιεῖται
1680 2311 1728 2337 τοῦ
1752 2310 1831 2344 λόγου
1850 2311 1901 2346 τὴν

1107 2360 1232 2395 λυπηρὰν
1245 2368 1275 2386 τε
1292 2360 1338 2385 καὶ
1355 2358 1465 2394 θυμώδη
1481 2358 1528 2384 τοῦ
1547 2357 1690 2393 ἀνθρώπου
1707 2356 1845 2389 διάθεσιν,
1859 2357 1901 2384 ὃτι

1108 2405 1181 2432 δοκεῖ
1194 2414 1251 2437 πως
1267 2405 1301 2431 τὰ
1312 2404 1424 2431 τοιαῦτα
1444 2403 1518 2438 πάθη
1536 2404 1671 2437 συγκινεῐν
1685 2402 1716 2428 τὸ
1729 2401 1810 2437 μέρος
1822 2401 1901 2427 τοῦτο

1109 2453 1176 2488 πρὸς
1192 2452 1240 2488 τὴν
1256 2451 1436 2486 συμπάθειαν.
1454 2450 1485 2476 υἱ
1500 2449 1527 2475 δὲ
1539 2449 1584 2475 τὸν
1596 2448 1746 2483 ἐγκέφαλον
1758 2447 1903 2481 ἀφιεροῦν-

1108 2506 1153 2529 τες
1177 2497 1215 2532 τῷ
1231 2496 1366 2532 λογισμῷ,
1383 2495 1477 2530 ὥσπερ
1493 2493 1639 2529 ἀκρόπολίν
1663 2501 1722 2519 τινα
1736 2492 1783 2519 τοῦ
1803 2492 1902 2524 παντὸς

1111 2545 1236 2580 σώματος
1256 2543 1306 2578 τὴν
1321 2542 1442 2576 κεφαλὴν
1457 2539 1620 2575 δεδομῆσοαι
1636 2540 1712 2573 παρὰ
1726 2539 1775 2573 τῆς
1794 2538 1901 2573 φύσεως

1110 2590 1250 2624 λέγουσιν·
1269 2590 1384 2616 ἐνοικεῖν
1408 2588 1436 2613 δὲ
1454 2587 1541 2622 ταύτῃ
1563 2584 1689 2620 καθάπερ
1710 2584 1771 2610 τινὰ
1791 2583 1903 2619 βασιλέι

1111 2635 1157 2662 τὸν
1176 2635 1248 2667 νοῦν,
1273 2632 1328 2661 οἷόν
1351 2642 1422 2660 τισιν
1446 2632 1654 2667 ἁγγελιαιρόροις
1676 2630 1901 2666 ἦὺπασπιστατ·,

1114 2683 1169 2713 τοῖς
1183 2681 1370 2716 αἰσθητηρίοις
1383 2680 1412 2706 ὲν
1425 2679 1517 2714 κύκλῳ
1531 2677 1772 2713 δορυφορούμενον.
1785 2675 1902 2709 Σημεῑλν

1113 2729 1141 2756 δὲ
1166 2729 1212 2755 καὶ
1235 2725 1307 2754 οὗτοι
1327 2727 1376 2762 τῆς
1398 2725 1524 2760 τοιαύτης
1549 2723 1677 2754 ὑπονοίας
1697 2721 1849 2752 ποιοῦνται.
1870 2719 1903 2747 ἰδ

1113 2775 1285 2810 παράγεσθαι
1298 2773 1345 2799 τοῦ
1363 2772 1532 2802 καθεστῶτος
1546 2771 1591 2797 τὸν
1609 2769 1738 2804 λογισμὸν
1752 2767 1804 2794 τῶν
1819 2775 1902 2794 κεκα-

1113 2821 1243 2857 κωμένων
1260 2820 1308 2852 τὰς
1331 2820 1481 2855 μὴνιγγας,
1499 2817 1544 2844 καὶ
1563 2817 1593 2843 τὸ
1610 2818 1639 2843 ὲν
1659 2814 1755 2851 ἀγνοίᾳ
1776 2813 1822 2840 τοῦ
1838 2812 1905 2846 πρέ-
