1976 3077
76 124 134 154 157

720 129 762 157 DE
791 130 931 159 HOMINIS
954 131 1110 161 OPiFiCIO.

1661 136 1712 164 158

72 191 181 215 τωντος
194 183 314 218 γίνεσθαι
325 185 385 216 τοὺς
396 185 425 212 ἐν
437 185 505 222 μέθῃ
517 187 772 223 καρηϐαρήσαντας.
784 189 857 224 Προσ

927 189 976 217 hoc
996 196 1165 226 argumento,
1182 193 1254 227 quod
1272 193 1449 221 ratiocinandi
1470 192 1586 221 facultas
1611 193 1638 221 in
1659 196 1709 227 eis,

72 229 188 256 τιθέασι
206 230 234 256 δὲ
250 231 296 257 καί
310 238 386 263 τινας
401 233 589 268 φυσικωτέρας
602 234 690 265 αίτίας
712 234 760 269 τῆς
781 234 871 261 τοιαύι

73 283 129 309 της
144 275 209 310 περὶ
228 275 259 301 τὸ
271 276 434 311 ἡγεμονικὸν
453 277 577 309 ὑπονοίας
592 278 720 314 ἑκάτερος
734 280 787 306 τῶν
806 280 871 306 ταὺ-

72 327 142 351 ¹ιςαις
156 322 217 353 ταῖς
240 322 330 355 δόξαις
352 322 571 358 παρισταμένων.
589 323 618 350 '0
631 325 678 358 μὲν
689 324 743 360 γὰρ
756 325 823 360 πρὸς
839 326 870 352 τὸ

71 366 205 401 πυρῶδες
217 367 354 401 συγγενῶς
371 367 442 402 ἔχειν
458 369 507 403 τὴν
522 370 553 395 ἐκ
569 368 619 403 τῆς
631 369 751 401 διανοίας
762 370 869 405 κίνησιν

73 411 170 445 λέγει,
193 412 237 438 διὰ
254 413 283 438 τὸ
300 414 453 448 ἀεικίνητον
474 412 542 440 εἴναι
560 415 607 440 καὶ
626 415 657 441 τὸ
679 415 734 451 πῦρ
757 416 803 442 καὶ
819 416 869 452 τὴν

72 457 211 484 διάνοιαν.
243 459 297 485 Καὶ
322 459 414 494 ἐπειδὴ
438 459 572 494 πηγάζειν
593 460 621 486 ἐν
644 460 683 495 τῷ
713 461 798 496 μορίῳ
819 462 868 497 τῆς

73 503 192 537 καρδίας
211 505 227 538 ὴ
245 503 379 538 θερμότης
397 505 566 539 ὁμολογεῖται
578 514 584 520 ·
605 506 647 532 διὰ
669 506 749 533 τοῦτο
770 507 807 542 τῷ
821 508 863 533 2'3-

73 549 182 583 κινήτῳ
200 549 250 584 τῆς
267 549 432 584 θερμότητος
452 550 500 585 τὴν
517 550 564 576 τοῦ
584 550 630 577 νοῦ
644 551 749 586 κίνησιν
769 553 867 579 ἀνακε-

72 595 196 628 κρᾶσθαι
210 595 305 628 λέγων,
320 595 420 630 δοχεῖον
436 596 486 630 τῆς
504 597 600 631 νοερᾶς
617 596 723 630 φύσεως
737 597 786 633 τὴν
803 607 868 633 καρ-

71 639 136 665 δίαν
149 638 217 666 εἷναί
232 649 322 675 φησιν,
342 642 371 666 ὲν
387 638 447 676 ﬁte
463 641 562 676 θερμὸν
574 642 774 677 περιείληπται.
798 644 827 669 Ὀ
839 644 866 670 δὲ

71 686 170 720 ἕτερος
188 687 254 712 πᾶσι
270 687 328 718 τοῖς
346 686 532 722 αἰσθητηρίοις
552 685 607 714 οἷον
632 688 788 723 ὑποϐάθραν
804 689 865 715 τινὰ

71 731 121 756 καὶ
141 730 217 765 ῥίζαν
243 729 312 757 εἶναι
333 731 406 764 λέγει
422 732 470 767 τὴν
491 732 611 767 μήνιγγα
633 732 719 767 (οὕτω
736 733 788 768 γὰρ
806 733 864 759 dvo-

73 776 193 811 μάζουσι
207 776 252 804 τὸν
270 777 442 813 περιεκτικῆν
456 778 502 804 τοῦ
516 779 666 813 ἐγκεφάλου
681 779 783 814 ὑμένα)
794 788 800 795 ’
818 781 864 806 καὶ

70 822 161 857 τούτῳ
175 823 330 850 πιστοῦνται
341 824 386 850 τὸν
403 823 466 850 ἴδιον
478 824 612 858 λόγον,ὼς
628 825 675 860 οὐχ
689 824 800 860 ἑτέρωθι
815 826 863 861 τῆς

70 867 202 902 νοητικῆς
217 868 355 903 ἐνεργείας
371 868 571 904 καθιδρυμένης
582 890 588 900 ,
602 870 626 895 εί
643 870 679 905 μὴ
697 870 757 896 κατ’
774 871 862 896 ὲκεῖνο

69 911 103 937 τὸ
123 911 216 946 μέρος,
227 909 249 946 ᾧ
263 913 310 939 καὶ
322 913 351 939 τὸ
365 911 410 944 οὖς
425 914 633 949 ἐφηρμοσμένων
646 915 692 946 τὰς
708 916 862 950 ἐμπιπτού-

71 965 124 988 σας
134 957 207 992 αὐτῷ
224 958 314 990 φωνὰς
329 960 526 994 προσαράσσει.
545 960 600 987 Καὶ
618 961 634 995 ἡ
656 960 716 995 ὄψις
733 961 803 988 κατὰ
817 962 861 988 τὸν

69 1003 198 1038 πυθμένα
211 1005 260 1037 τῆς
275 1005 327 1030 τῶν
341 1005 486 1040 ὀφθαλμῶν
502 1005 582 1041 ’ἐδρας
600 1009 801 1041 συμπεφυκυῖα,
817 1008 861 1034 διὰ

68 1050 126 1076 τῶν
141 1050 332 1084 ἐμπιπτόντων
356 1053 414 1083 ταῖς
434 1052 527 1087 κόραις
544 1052 660 1080 εἰδώλων
678 1054 746 1089 πρὸς
760 1054 789 1080 τὸ
808 1054 861 1082 ἔσω

69 1095 189 1120 ποιεῖται
208 1094 257 1130 τὴν
271 1095 402 1122 τύπωσιν.
420 1096 472 1122 Καὶ
488 1097 541 1123 τῶν
558 1097 652 1132 ἀτμῶν
673 1099 701 1124 αἱ
719 1099 860 1133 ποιότητες

67 1139 114 1166 διὰ
127 1140 176 1175 τῆς
190 1141 417 1176 τῶν¹όσφρήσεων
430 1143 513 1177 ὁλκῆς
534 1144 563 1169 ὲν
576 1143 650 1178 αὐτῷ
667 1144 858 1179 διακρίνονται.

69 1185 125 1211 Καὶ
145 1187 161 1220 ὴ
186 1179 262 1213 κατᾶ
276 1188 326 1222 τὴν
347 1188 441 1221 γεῦσιν
464 1188 589 1224 αἴσθησις
607 1191 639 1224 τῇ
660 1190 796 1225 ἐπικρίσει
810 1192 860 1226 τῆς

69 1232 203 1266 μήνιγγος
214 1232 398 1267 δοκιμάζεται.
413 1235 445 1260 ἐκ
461 1234 508 1260 τοῦ
530 1235 662 1268 σύνεγγυς
678 1236 806 1270 ἐκφύσεις
818 1246 859 1263 τι-

68 1276 118 1308 νας
138 1278 279 1312 νευρώδεις
291 1278 338 1312 ἀφ’
351 1279 450 1314 ἑαυτῆς
471 1280 631 1315 αίσθητικὰς
650 1281 693 1307 διὰ
709 1281 763 1307 τῶν
776 1282 858 1317 αὐχε-

67 1322 133 1348 νὶων
155 1323 309 1350 σπονδύλων
331 1325 377 1350 ἐπὶ
392 1325 437 1351 τὸν
457 1325 588 1360 ἠθμοειδῆ
610 1327 692 1361 πόρον
710 1327 781 1354 κατὰ
796 1329 858 1360 τοὺς

67 1367 161 1394 αὐτόθι
182 1369 252 1403 μύας
266 1370 498 1407 ὲγκαταμιξὰσης.
519 1371 590 1405 Ἐγὼ
607 1373 635 1399 δὲ
650 1373 679 1399 τὸ
698 1373 747 1409 μὲν
764 1374 858 1401 ἐπιτα-

68 1414 216 1449 ράσσεσθαι
240 1415 366 1448 πολλάκις
384 1417 452 1452 προς
468 1418 517 1449 τὰς
533 1418 587 1444 τῶν
609 1419 778 1454 παθημάτων
802 1421 857 1446 ἐπι-

67 1461 218 1495 κρατήσεις
232 1461 262 1487 τὸ
279 1461 450 1497 διανοητικὴν
470 1464 520 1499 τῆς
534 1464 634 1500 ψυγῆς,
654 1466 700 1492 καὶ
719 1466 856 1500 ἀμϐλύνε-

68 1505 131 1532 σθαι
147 1506 195 1541 τῆς
207 1507 277 1533 κατὰ
290 1508 370 1542 φύσιν
383 1510 522 1544 ἐνεργείας
533 1511 579 1537 τὸν
590 1511 719 1546 λογισμὸν
734 1512 765 1538 ἐκ
784 1521 856 1545 τινος

68 1551 228 1586 σωματικῆς
252 1553 452 1588 περιστάσεως,
479 1555 577 1590 ἀληθὲς
602 1553 671 1582 εἶναί
695 1565 783 1592 φημι*
811 1558 858 1584 καὶ

69 1597 162 1632 πηγήν
175 1606 235 1624 τινα
249 1599 294 1625 τοῦ
311 1600 381 1626 κατὰ
395 1600 424 1626 τὸ
440 1600 518 1636 σῶμα
533 1601 673 1636 πυρώδους
686 1603 735 1638 τὴν
747 1604 860 1639 καρδίαν

66 1640 151 1673 εἶναι,
180 1643 248 1678 πρὸς
273 1645 323 1676 τὰς
353 1645 486 1680 θυμώδεις
513 1647 601 1682 ὁρμὰς
627 1650 857 1685 συγκινουμένην.

68 1689 123 1714 Καὶ
137 1690 176 1715 ἔτι
191 1690 258 1725 πρὸς
270 1691 382 1723 τούτοις,
399 1692 428 1718 τὸ
441 1693 642 1728 ὑποδεϐλῆσϐαι
662 1697 717 1726 τοῖς
729 1696 859 1731 αἰσθητη-

70 1734 136 1769 ρίοις
148 1735 197 1770 τὴν
216 1737 348 1770 μήνιγγα,
369 1738 439 1764 κατὰ
456 1738 501 1764 τὸν
523 1739 601 1773 λόγον
617 1740 671 1766 τῶν
691 1741 725 1768 τὰ
743 1742 856 1769 τοιαῦτα

68 1781 316 1813 φυσιολογούντων,
347 1785 604 1820 περιπτυσσομένην
633 1787 662 1811 ἐν
698 1787 780 1822 ἑαυτῇ
810 1788 856 1814 τὸν

67 1825 232 1860 ἐγκέφαλον,
260 1828 308 1854 καὶ
333 1829 390 1859 τοῖς
417 1829 519 1856 ἐκεῖθεν
549 1831 645 1864 ἀτμοῖς
676 1832 857 1868 ὑπαλειφομέ-

66 1879 116 1906 νην
131 1892 137 1903 ,
175 1872 229 1898 τῶν
257 1874 318 1904 ταῖς
345 1874 524 1909 ὰνατομικαῖς
553 1875 680 1911 θεωρίαις
712 1878 856 1913 ὲσχολακό-

66 1925 122 1944 ’των
136 1918 166 1944 τὸ
181 1919 299 1945 τοιοῦτον
315 1919 431 1953 ἁκούων,
450 1922 500 1948 οὑκ
519 1921 607 1948 ἀθετῶ
623 1922 653 1948 τὸ
668 1923 820 1960 λεγόμενον.

922 243 1037 270 quorum
1051 238 1199 271 mettingcs,
1214 238 1263 265 hoc
1275 243 1321 266 est
1339 239 1501 266 membrana:
1516 240 1620 266 cerebri
1641 240 1711 267 lassae

922 286 997 314 sunt,
1014 282 1047 309 de
1063 290 1113 310 suo
1125 284 1202 318 quasi
1223 287 1295 311 statu
1313 285 1506 319 proturbetur:
1528 290 1554 313 et
1570 287 1643 320 quod
1658 287 1707 312 ho-

922 328 1010 354 mines
1030 328 1121 355 obruti
1148 329 1289 362 ebrietate,
1317 337 1426 357 omnem
1453 329 1544 357 decori
1575 334 1708 358 rationem

920 373 1054 408 ignorent.
1072 372 1186 408 Utrique
1202 377 1332 408 prmterea
1345 374 1431 408 magis
1442 374 1523 401 etiant
1535 374 1666 403 doctrina:
1676 377 1709 403 de

919 426 1010 445 rerttm
1026 421 1123 445 natura
1146 423 1342 446 consentaneas
1368 419 1487 446 rationes
1505 419 1653 452 adducunt,
1673 422 1706 447 ad

919 463 1083 490 sententiam
1098 463 1131 491 de
1148 464 1279 499 principis
1296 463 1380 490 animi
1396 463 1535 491 facultatis
1548 465 1612 491 sede
1627 472 1705 492 suam

918 508 1144 536 conﬁrmandam.
1159 509 1226 535 Nam
1242 509 1310 536 alter
1324 508 1434 544 quidem
1454 509 1491 536 ait
1512 513 1614 536 motum
1631 517 1708 536 men-

918 557 952 584 tis
969 557 1053 591 ignea:
1070 561 1173 583 natura:
1193 556 1299 583 attinent
1328 563 1388 583 esse
1401 576 1408 588 ,
1425 557 1534 591 quando
1553 560 1581 583 et
1596 556 1666 590 ignis
1681 560 1708 583 et

917 609 994 628 mens
1010 609 1147 636 nunquam
1164 608 1217 628 non
1242 605 1410 628 moveantur.
1436 601 1560 635 Cumque
1577 601 1604 628 in
1625 601 1707 628 corde

916 647 1014 674 caloris
1030 647 1130 674 fontem
1145 655 1205 674 esse
1223 648 1258 674 sit
1273 648 1300 674 itt
1325 646 1469 679 confesso,
1486 646 1588 673 idcirco
1606 647 1706 673 mentis

916 696 1018 719 motottt
1043 700 1105 719 cutn
1126 693 1226 720 caloris
1251 692 1401 720 mobilitate
1432 692 1510 727 quasi
1524 695 1704 726 temperatum

915 746 988 773 esse,
1002 746 1102 774 corque
1124 739 1192 766 adeo
1219 743 1323 766 natura;
1352 739 1529 773 intelligentis
1545 741 1704 771 receptacu-

916 785 969 811 lum
987 784 1093 816 statuit,
1119 784 1190 819 quod
1212 785 1287 810 calor
1300 791 1332 811 eo
1349 784 1532 810 contineatur.
1552 782 1626 809 Alter
1640 789 1704 809 vero

915 831 1067 865 meningem
1098 831 1148 865 (sic
1166 831 1238 857 enim
1262 830 1398 865 appellant
1421 829 1606 856 membranam
1629 835 1703 855 cere-

879 859 899 885 Β
914 877 992 903 hrum
1014 876 1230 911 atnplectentettt)
1249 876 1369 902 omnium
1398 882 1564 909 organomm
1582 874 1702 902 sentien-

913 923 979 949 tium
996 921 1080 948 velttti
1107 923 1198 949 basem
1214 929 1246 949 ac
1261 921 1379 948 radicem
1393 921 1539 956 quamdam
1557 927 1618 947 esse
1631 919 1702 946 atiir-

913 971 978 994 mat.
999 967 1067 994 Huic
1083 974 1146 1001 ergo
1180 966 1317 1001 propriam
1336 966 1469 992 rationem
1487 965 1566 1000 quasi
1593 965 1703 992 credere

911 1021 966 1040 non
981 1012 1095 1045 dubitat,
1114 1020 1200 1047 tteque
1215 1012 1270 1039 ullo
1287 1012 1341 1038 alio
1362 1011 1390 1038 in
1413 1011 1474 1038 loco
1486 1010 1643 1037 facultatem
1660 1011 1704 1036 itt-

911 1058 1074 1093 tclligetttem
1091 1058 1170 1086 sitam
1187 1058 1337 1088 existimat,
1352 1061 1430 1084 extra
1454 1064 1535 1091 quatn
1559 1064 1589 1083 ea
1606 1057 1632 1082 in
1651 1057 1701 1082 ho-

910 1103 992 1129 minis
1009 1107 1096 1136 partc,
1111 1102 1143 1128 ad
1171 1109 1252 1136 quam
1276 1109 1356 1129 aures
1388 1101 1532 1136 aptissime
1557 1100 1701 1134 adjuncta,

910 1155 992 1174 voces
1007 1147 1058 1174 sibi
1075 1146 1225 1173 incidentes
1242 1147 1321 1181 quasi
1338 1146 1462 1172 nonnihil
1480 1145 1613 1180 pulsando
1628 1145 1702 1172 defe-

910 1197 985 1220 rttttt.
1002 1192 1050 1220 Cui
1070 1196 1198 1227 aspectus
1218 1192 1244 1218 in
1263 1192 1315 1217 ima
1330 1191 1474 1218 octtlorttm
1492 1190 1556 1216 sede
1570 1198 1585 1216 a
1604 1195 1700 1217 natura

910 1237 1111 1267 adhaerescens,
1134 1243 1181 1270 per
1205 1235 1352 1263 incidentia
1369 1235 1395 1261 itt
1410 1234 1525 1270 pupulas
1544 1234 1700 1265 eitmtlacra,

909 1289 1002 1310 rerum
1029 1281 1132 1309 formas
1152 1281 1267 1308 interius
1291 1280 1430 1314 exprimit,
1460 1279 1592 1306 ltalituum
1618 1279 1700 1306 etiatn

908 1328 1055 1363 qualitates
1076 1335 1124 1361 per
1149 1327 1280 1354 odoratus
1293 1326 1484 1352 attractioncm
1504 1325 1555 1351 ltac
1580 1324 1606 1351 itt
1625 1328 1703 1359 parte

908 1374 1111 1401 discernuntur.
1140 1372 1239 1400 Eodem
1255 1371 1337 1399 modo
1349 1378 1410 1406 qua:
1430 1378 1444 1397 a
1476 1377 1559 1397 sensu
1575 1373 1702 1404 gustatus

907 1420 1106 1455 percipiuntur,
1122 1419 1243 1454 ejusdem
1259 1418 1394 1452 tneningis
1407 1417 1504 1444 vicinae
1521 1416 1626 1451 judicio
1637 1416 1702 1443 sub-

905 1466 952 1500 jici
979 1472 1093 1492 necesse
1121 1469 1174 1495 est,
1203 1463 1313 1498 quando
1347 1469 1378 1488 ea
1411 1462 1539 1489 surculos
1568 1460 1700 1496 quosdam

870 1524 892 1553 ο
910 1518 1032 1542 tterveos,
1048 1510 1148 1544 quibus
1162 1517 1193 1536 ex
1209 1509 1266 1543 ipsa
1279 1509 1320 1535 vis
1332 1506 1560 1538 incstscntiendi,
1579 1513 1625 1540 per
1641 1512 1702 1532 cer-

909 1558 976 1585 vicis
987 1556 1127 1583 vcrtcbras
1145 1555 1177 1582 ad
1192 1558 1308 1581 mcatttm
1321 1561 1400 1588 quem
1416 1553 1451 1580 ab
1465 1552 1570 1583 isthmi,
1583 1552 1634 1578 hoc
1647 1556 1700 1582 est.

908 1608 1030 1638 angusta:
1048 1602 1120 1628 inter
1138 1601 1192 1628 duo
1219 1600 1303 1626 ntaria
1343 1605 1419 1628 terra!
1429 1598 1602 1627 similitudine
1613 1597 1702 1632 appel-

909 1646 1121 1683 Ιιιιιιὴθμοειόἦ,
1141 1647 1289 1677 derivatos,
1311 1645 1444 1672 musculis
1459 1644 1559 1671 ibidem
1584 1644 1646 1671 sitis
1660 1643 1701 1670 in-

908 1694 984 1721 serit.
1002 1693 1058 1728 Ego
1082 1699 1146 1719 vero
1164 1699 1218 1718 non
1235 1691 1352 1718 diiliteor
1375 1689 1532 1716 facultatem
1553 1689 1637 1716 animi
1656 1689 1698 1716 in-

909 1739 1074 1773 telligctttem
1090 1744 1161 1771 Stepe
1177 1745 1192 1763 a
1208 1737 1364 1763 morborum
1381 1735 1510 1761 violentia
1524 1734 1622 1760 victam
1639 1741 1700 1768 pcr-

908 1785 1031 1817 turbari,
1060 1788 1086 1811 et
1123 1790 1155 1810 ex
1180 1789 1264 1809 causa
1291 1785 1406 1808 externa
1431 1784 1535 1814 partem
1556 1779 1700 1806 ratiocina.

910 1833 1004 1859 tricem
1021 1830 1047 1857 in
1076 1829 1236 1856 ciiicacitate
1261 1834 1309 1854 sua
1339 1826 1457 1852 naturali
1472 1825 1550 1860 quasi
1575 1824 1698 1851 hebetem

911 1878 996 1905 reddi.
1016 1876 1103 1903 Etiam
1134 1874 1207 1910 quod
1225 1878 1267 1901 est
1300 1873 1409 1908 igneum
1431 1872 1459 1898 in
1478 1879 1604 1906 corpore,
1621 1871 1698 1905 proii-

911 1925 978 1953 cisci
1005 1931 1037 1951 ex
1061 1921 1143 1948 corde
1158 1925 1287 1954 tanquam
1304 1927 1337 1946 ex
1354 1918 1437 1949 fonte,
1462 1917 1587 1951 idemque
1601 1924 1650 1942 cor
1666 1915 1699 1942 ad

68 1962 242 1990 vehementes
266 1964 349 1990 anittti
381 1967 578 1994 commotiones
599 1975 651 1994 tttta
667 1971 768 1997 moveri
788 1979 840 1998 non
856 1979 925 2006 nego
944 1980 950 1997 :
968 1969 1085 2002 denique
1108 1973 1142 1993 ne
1169 1965 1221 1992 hoc
1239 1963 1347 1999 quidem
1377 1962 1492 1995 inlicior,
1518 1961 1699 1988 membranam

67 2009 207 2035 cerebrum
226 2010 376 2044 amplexam
389 2019 517 2039 sensuum
541 2015 650 2048 organis
673 2015 759 2043 instar
779 2018 852 2045 basis
868 2016 1012 2052 cujusdam
1030 2021 1105 2045 esset
1124 2016 1153 2039 ιιι
1169 2011 1301 2046 (μιοεάθιη
1319 2009 1353 2036 de
1367 2009 1448 2036 rebus
1469 2008 1544 2036 hisce
1565 2007 1702 2035 disserere

66 2056 178 2090 scimus,
209 2065 269 2092 qua:
294 2058 435 2085 cerebrum
458 2060 509 2087 sibi
537 2061 687 2090 involutum
703 2065 851 2097 contineat,
870 2069 896 2092 et
925 2063 1056 2091 italitibus
1074 2060 1108 2087 ab
1133 2059 1244 2094 ori;anis
1266 2063 1396 2085 sensuum
1426 2056 1554 2091 Ρνοῖεεῑίε
1568 2056 1646 2091 quaSi
1664 2056 1694 2083 τίν

65 2109 160 2140 gctur:
177 2105 287 2140 quando
298 2114 340 2134 me
354 2107 510 2141 ltttjttstttod‘t
521 2110 644 2144 quaedam
659 2111 694 2139 ab
707 2112 750 2145 iis,
765 2113 811 2148 qui
831 2113 888 2141 haec
904 2120 952 2147 per
966 2117 1111 2145 corporum
1129 2107 1263 2135 sectiones
1277 2108 1415 2139 comperta
1431 2103 1575 2137 habebant,
1591 2103 1702 2132 audisse

66 2152 246 2179 commemini.

101 2199 136 2226 οὒ
162 2199 214 2235 μὴν
235 2200 371 2233 ἀπόδειξιν
394 2202 523 2237 ποιοῦμαι
545 2204 646 2238 ταύτην
668 2203 715 2229 τοῦ
730 2204 855 2233 τοπικαῖς

943 2199 1045 2227 Verum
1061 2205 1232 2233 nequaquam
1246 2197 1373 2225 existimo
1387 2197 1569 2225 demonstrari
1583 2205 1630 2232 per
1642 2197 1702 2225 haee

65 2253 118 2270 τισι
155 2247 338 2280 περιγραφαῖς
369 2247 596 2282 ὲμπεριειλῆῳθαι
628 2248 677 2283 τὴν
707 2247 852 2282 ἀσώματον

66 2289 153 2323 φύσιν.
185 2290 241 2318 Τάς
273 2299 302 2316 τε
334 2291 388 2326 γὰρ
424 2293 586 2328 παραφορὰς
622 2293 672 2319 οὐκ
704 2293 737 2319 ὲκ
770 2293 852 2328 μόνης

66 2335 247 2371 καρτβαρείας
273 2336 393 2369 γίνετθαι
415 2338 625 2373 μεμαθήκαμεν.
650 2338 716 2364 ἀλλὰ
734 2338 852 2364 καὶτῶν

64 2380 111 2411 τὰς
127 2380 244 2416 πλευρὰς
257 2381 437 2414 ὑπεζωκότων
453 2383 560 2418 ὑμένων
575 2384 707 2418 ἐμπαθῶς
719 2384 853 2410 διατεθέν-

65 2434 126 2459 των,
140 2426 239 2462 ὁμοίως
253 2428 405 2463 ἀρρωστεῖν
417 2428 448 2455 τὸ
469 2430 638 2466 διανοητικὸν
651 2430 810 2465 διορίζονται
829 2431 852 2456 οἱ

64 2471 112 2505 τῆς
127 2471 248 2506 ἰατρικῆς
260 2472 448 2508 ἐπιστήμονες,
463 2475 584 2508 φρενῖτιν
595 2473 626 2500 τὸ
641 2473 724 2505 πάθος
739 2473 850 2500 καλοῦν-

65 2524 118 2549 τες,
133 2516 224 2551 ἐπειδὴ
243 2517 338 2551 φρένες
350 2519 406 2549 τοῖς
421 2518 502 2553 ὑμέσι
517 2519 621 2550 τούτοις
637 2520 695 2545 ἐστὶ
709 2519 740 2545 τὸ
753 2518 848 2554 ὄνομα.

65 2563 117 2589 Καὶ
140 2564 156 2598 ἡ
175 2563 229 2589 ἀπὸ
251 2564 299 2599 τῆς
329 2564 416 2600 λύπης
440 2565 485 2591 ἐπὶ
508 2566 556 2600 τὴν
581 2565 695 2600 καρδίαν
721 2565 849 2600 γινομένη

65 2606 235 2642 σνναίσθησις
246 2608 422 2643 ὲσφαλμένως
434 2609 597 2636 ὑπονοεῖται.
614 2610 652 2636 Οὐ
661 2609 715 2645 γὰρ
725 2610 774 2644 τῆς
787 2618 851 2646 καρ-

64 2655 128 2686 δίας,
143 2654 210 2680 ἀλλὰ
227 2654 272 2681 τοῦ
289 2655 422 2689 στόματος
436 2656 484 2690 τῆς
506 2656 609 2688 κοιλίας
622 2656 848 2691 δριμνσσομένου,

65 2702 101 2732 εἰς
124 2701 172 2737 τὴν
191 2701 304 2736 καρδίαν
323 2702 353 2728 τὸ
378 2702 463 2733 πάθος
486 2703 531 2728 ὑπ’
557 2703 683 2737 ἀπειρίας
707 2702 846 2736 ἀνάγουσι.

64 2746 182 2772 Τοιοῦτον
201 2746 229 2772 δέ
246 2746 272 2772 τί
294 2755 375 2780 φασιν
394 2748 418 2773 οἱ
440 2747 640 2782 ὲπεσκεμμένοι
660 2747 693 2772 δι’
707 2746 849 2781 ἀκριϐείας

63 2793 96 2819 τὰ
111 2792 192 2827 πάθη,
211 2792 252 2818 ὅτι
267 2791 451 2827 συμπτώσεως
464 2793 518 2819 τῶν
530 2792 621 2828 πόρων
641 2793 687 2818 καὶ
705 2792 811 2827 μύσεως
819 2792 848 2818 ἐν

63 2840 116 2871 ταῖς
131 2839 266 2874 λυπηραῖς
289 2838 423 2866 διαθέσεσι
439 2839 560 2874 φυσικῶς
576 2840 638 2875 περῖ
652 2840 723 2867 ἅπαν
736 2839 846 2875 γινομέ-

906 2253 998 2282 posse,
1016 2249 1141 2271 naturam
1168 2247 1306 2278 expertem
1332 2244 1457 2278 corporis
1484 2244 1544 2270 loco
1575 2245 1700 2278 spatiove

906 2291 1045 2326 descripto
1061 2289 1205 2317 contineri.
1236 2288 1302 2316 Natn
1333 2290 1430 2317 utentis
1457 2289 1552 2316 delit'ia
1581 2297 1635 2316 non
1665 2298 1699 2318 ex

907 2337 1038 2366 ebrietate
1054 2336 1111 2363 sola
1128 2335 1193 2362 oriri
1208 2339 1315 2362 constat
1329 2343 1337 2368 ;
1356 2335 1401 2362 sed
1423 2339 1449 2362 et
1465 2335 1491 2362 in
1510 2335 1577 2367 illis,
1596 2335 1695 2369 quibus

907 2382 1072 2410 membratim
1086 2381 1170 2408 costis
1183 2381 1320 2408 subtensze
1352 2380 1447 2407 morbo
1471 2381 1564 2415 aliquo
1594 2380 1695 2408 aitet-tae

907 2431 982 2460 sunt,
995 2427 1090 2455 eodem
1107 2426 1189 2453 modo
1204 2427 1399 2461 intelligentctn
1421 2426 1577 2456 facultatem
1603 2426 1700 2453 debili-

906 2474 968 2505 tari,
983 2473 1062 2508 periti
1075 2473 1143 2500 artis
1159 2472 1299 2499 tttcdicina:
1315 2472 1437 2498 tradunt.
1447 2472 1588 2506 Appellattt
1602 2477 1693 2499 autem

905 2519 931 2546 id
948 2519 1034 2547 morbi
1051 2527 1136 2554 genus
1154 2518 1332 2553 phrenitidctn
1347 2526 1360 2545 a
1371 2518 1529 2553 phreniitus,
1540 2526 1594 2553 quo
1610 2527 1695 2546 tuent-

904 2563 994 2591 brattte
1009 2567 1067 2591 ista:
1083 2563 1191 2590 nomine
1211 2567 1351 2589 notantur.
1371 2563 1477 2590 Dolet-is
1499 2571 1561 2590 vero
1582 2570 1692 2592 sensus.

905 2611 949 2645 qui
965 2619 996 2638 ex
1014 2610 1144 2637 mmstitia
1163 2609 1316 2637 redundare
1340 2609 1372 2635 ad
1391 2616 1439 2635 cor
1467 2609 1578 2641 dicitur,
1606 2608 1694 2635 homi-

904 2665 968 2684 num
986 2664 1080 2684 errore
1106 2664 1158 2683 non
1174 2659 1257 2683 caret.
1287 2655 1354 2682 Cum
1374 2655 1446 2681 enim
1473 2662 1527 2681 tton
1557 2662 1613 2692 cor,
1645 2655 1692 2682 sed

903 2702 1027 2730 osculum
1042 2701 1175 2729 stomachi
1198 2700 1252 2728 acri
1269 2700 1362 2728 dolore
1377 2704 1507 2732 tentetur,
1524 2707 1574 2726 nos
1599 2704 1689 2726 tantett

903 2747 935 2774 ad
950 2754 999 2773 cor
1014 2747 1139 2774 morbum
1158 2746 1231 2773 bttnc
1250 2754 1282 2773 ex
1304 2746 1438 2781 imperitia
1456 2746 1573 2780 quatiant
1597 2745 1691 2772 referi-

903 2801 974 2822 mus.
990 2793 1114 2821 Tradunt
1128 2797 1218 2820 autem
1230 2793 1384 2828 hujusmodi
1400 2792 1529 2826 quiddam
1547 2793 1575 2822 ii,
1589 2792 1689 2826 quibus

902 2845 1028 2868 accurate
1048 2839 1206 2867 ntorboruttt
1228 2840 1347 2867 rationes
1365 2843 1513 2874 perspecta:
1525 2842 1599 2871 sunt,
1612 2837 1687 2873 quod
