1976 3077
269 125 322 154 159

884 123 911 151 S.
929 123 1091 151 GllEGORll
1106 123 1254 151 NYSSENI

1848 126 1899 152 160

269 190 330 210 cum
347 189 362 208 a
380 185 476 208 natura
501 181 540 207 sic
556 184 744 215 comparatum
763 180 808 211 sit,
827 184 855 206 ιιι
872 180 898 207 in
923 180 1053 207 mazstitia

1122 189 1154 215 ης
1171 181 1202 207 τὸ
1218 181 1308 216 σῶμα,
1327 181 1393 216 πρὸς
1408 181 1456 212 τὰς
1473 182 1501 207 ὲν
1518 181 1555 215 τῷ
1570 181 1646 216 βάθει
1663 181 1816 215 κοιλότητας
1833 189 1900 207 συν-

270 231 407 254 meatuum
423 230 480 254 toto
497 234 612 261 corpore
624 226 776 253 contractio
792 226 916 260 qutedam
939 231 966 253 et
980 234 1055 254 com-

271 273 378 308 pressio
391 272 458 299 ﬁat:
476 271 609 307 quidquid
628 272 703 298 exire
723 272 851 306 impedita
874 273 1056 306 respiratione

273 323 399 352 nequeat,
416 318 449 344 ad
466 318 546 345 imam
559 317 682 351 corporis
694 318 872 352 capacitatem
885 317 1055 347 detrudatur.

273 362 336 389 Inde
361 362 524 394 usuvcttire,
550 365 578 388 ιιι
607 370 669 388 cum
696 362 730 388 ad
760 362 966 397 respirationem
987 362 1056 388 facta

273 409 378 435 viscera
395 408 429 435 ab
445 408 488 438 iis.
507 416 521 434 a
539 409 638 442 quibus
664 408 786 442 undique
816 409 1002 439 continentur.
1029 409 1056 435 in

274 458 419 488 angustant
436 457 585 485 arctaulur,
602 454 760 489 plerumqtte
777 455 922 482 violentior
945 455 1058 489 spiritus

274 501 400 526 attractio
422 504 527 526 natura:
545 500 637 531 vitiat,
666 508 727 535 qua:
756 501 829 535 quod
857 505 899 528 est.
924 505 1057 528 arctatum

275 546 388 573 dilatare
405 547 512 577 nititur,
531 551 561 573 ut
572 555 602 573 ea
619 555 680 582 qua:
696 555 854 581 compressa
880 551 956 579 sunt,
974 547 1058 576 vicis-

276 591 327 618 sim
353 591 525 619 diducantur.
551 592 637 626 Atque
664 593 819 627 huiusmodi
847 593 874 620 in
899 592 1060 627 respirando

276 636 461 666 dillienltatem
480 638 616 665 maestitia:
634 638 764 665 indicium
780 638 917 672 quoddam
930 646 991 665 csse
1004 643 1060 665 sta-

277 683 390 714 tuimus,
405 683 477 717 quod
491 689 517 710 et
531 683 678 718 suspirium
694 688 721 710 et
735 684 865 718 gemitum
881 684 1059 718 appellamus.

279 728 324 755 Sic
338 729 410 763 quod
423 734 516 764 partes
532 730 607 756 cordi
625 730 768 764 contiguas
789 738 911 764 premere
939 733 1060 764 putatur,

278 781 332 801 non
346 775 448 806 cordis,
470 775 516 802 sed
531 777 589 803 oris
610 776 636 802 in
651 776 801 803 vetttricttlo
812 776 925 802 molesta
941 780 982 803 est
996 775 1060 802 alle-

277 818 343 850 ctio,
363 818 458 845 iisdem
478 826 512 846 ex
533 819 626 846 causis
651 824 723 850 orta,
741 820 774 846 dc
792 819 894 854 quibus
922 824 1061 847 meatuum

1108 225 1217 252 ωθείται
1230 227 1283 253 πᾶν
1297 226 1327 252 τὸ
1342 226 1408 261 προς
1423 226 1471 261 τὴν
1486 226 1613 260 διαπνοὴν
1628 226 1812 260 κωλυόμενον·
1837 226 1901 252 ὅθεν

1109 271 1156 298 καὶ
1177 271 1229 298 τῶν
1248 271 1469 298 ἁναπνευστικῶν
1492 272 1652 306 σπλάγχνων
1680 271 1901 306 στενοχωρουμέ-

1110 326 1161 343 νων
1174 316 1213 352 τῷ
1237 318 1398 353 περιέχοντι,
1426 317 1564 353 βιαιοτέρα
1586 317 1715 347 πολλάκις
1732 318 1748 351 ἡ
1768 316 1833 351 ὁλκὴ
1851 317 1900 342 τοῦ

1110 362 1264 397 πνεύματος
1281 363 1333 389 ὑπὸ
1354 364 1401 398 τῆς
1420 364 1527 396 φύσεως
1545 362 1661 396 γίνεται,
1691 362 1758 397 πρὸς
1779 362 1827 396 τὴν
1845 361 1902 386 τῶν

1112 409 1349 443 συμπεπτωκότων
1364 408 1503 443 διαστολὴν
1521 408 1550 434 τὸ
1575 408 1704 434 στενωθὲν
1719 406 1899 442 εὐρυνοὺσης.

1112 453 1148 479 Τὸ
1163 453 1190 479 δὲ
1212 454 1329 481 τοιοῦτον
1350 453 1443 489 ἆσθμα
1458 455 1613 489 σύμπτωμα
1628 453 1716 488 λύπης
1736 452 1900 486 ποιούμεθα*

1113 499 1262 534 στεναγμὸν
1270 499 1334 525 αὐτὸ
1341 500 1387 525 καὶ
1400 499 1616 534 ἁναποτνιασμὺν
1624 498 1809 533 ὀνομάζοντες.
1819 497 1902 523 Ἀλλὰ

1112 545 1160 570 καὶ
1178 544 1207 570 τὸ
1226 544 1321 571 δοκοῦν
1341 545 1493 571 ὑποθλίϐειν
1516 545 1546 571 τὸ
1563 543 1735 579 περικάρδιον
1760 543 1852 578 μέρος,
1869 543 1903 568 οὐ

1113 591 1162 625 τῆς
1182 591 1308 626 καρδίας,
1333 591 1400 617 ἀλλὰ
1417 591 1461 618 τοῦ
1480 590 1611 625 στόματός
1632 591 1688 616 ἐστι
1711 589 1760 623 τῆς
1783 590 1904 622 γαστρὺς

1114 637 1204 671 ἀηδία,
1218 637 1261 663 διὰ
1276 637 1324 671 τῆς
1338 637 1423 672 αὐτῆς
1441 637 1539 668 αἰτίας,
1562 637 1634 670 λέγω
1649 635 1680 670 δὴ
1702 635 1751 669 τῆς
1766 634 1835 660 κατὰ
1852 633 1905 667 τὴν

1116 683 1272 717 σύμπτωσιν
1298 683 1350 709 τῶν
1375 683 1476 717 πόρων,
1500 681 1546 708 τοῦ
1564 681 1706 717 χοληδόχου
1730 679 1840 713 ἀγγείου
1857 678 1905 703 τὸν

1115 728 1212 762 δριμὺν
1231 729 1333 754 ἐκεῖνον
1353 728 1399 754 καὶ
1418 727 1539 761 δακνώδη
1554 726 1639 761 χυμὸν
1655 725 1706 751 ὑπὸ
1722 723 1904 758 στενοχωρίαις

1115 774 1161 799 ἐπὶ
1179 774 1210 800 τὸ
1224 774 1310 808 στόμα
1329 774 1379 808 τῆς
1394 773 1511 808 γαστρὸς
1526 771 1730 807 παρεγχέοντος.
1752 768 1905 800 Ἀπόδειξις

1116 819 1144 846 δὲ
1168 819 1263 846 τούτου
1278 820 1308 846 τὸ
1328 819 1455 854 ὕπωχρον
1481 818 1601 853 γίνεσθαι
1626 817 1673 843 καὶ
1696 815 1824 851 ίκτερώδη
1848 815 1908 844 τοῖς

278 864 510 898 compressionem
528 865 584 892 ﬁeri
602 865 732 893 diximus.
751 865 817 892 Nam
839 873 885 892 vas
913 865 960 892 bili
988 864 1064 892 exci-

1120 866 1294 901 λυπουμένοις
1313 866 1361 900 τὴν
1378 866 1549 900 ἐπιφάνειαν,
1563 863 1617 890 ἀπὸ
1636 863 1685 897 τῆς
1706 862 1774 895 ἆγαν
1790 860 1909 895 συνοχῆς

278 910 382 944 piendte
399 911 576 943 destinatum,
589 919 680 939 acrem
702 912 777 938 illutn
794 919 826 939 ac
838 911 994 938 mordacem
1010 911 1061 937 ltu—

279 963 381 982 morem
399 961 510 991 propter
522 957 735 984 coarctatiouem
753 958 794 984 sui
813 957 839 984 in
866 956 988 983 osculum
1007 960 1064 984 sto-

279 1002 368 1028 machi
387 1003 501 1029 derivat.
520 1003 587 1037 Eius
602 1003 640 1030 rei
660 1004 843 1031 certissimum
857 1007 900 1030 est
915 1010 1062 1038 argumen-

279 1048 432 1081 tum.qttod
456 1049 556 1082 quibus
584 1049 640 1076 hinc
653 1049 784 1082 aegritudo
811 1049 921 1079 accidit,
952 1048 1062 1076 eosdem

279 1093 447 1126 cuppallidos
471 1098 497 1120 et
523 1094 656 1127 aurugine
686 1093 874 1120 laborantibus
903 1093 1061 1120 consimiles

279 1139 408 1165 extremis
425 1139 451 1166 in
466 1140 589 1174 partibus
604 1140 662 1167 lieri
685 1140 816 1171 videmus,
847 1139 901 1167 bile
918 1141 1060 1166 humorem

1116 910 1162 937 ἐπὶ
1178 910 1225 941 τὰς
1241 910 1340 944 φλέϐας
1356 910 1401 936 τὸν
1421 910 1485 941 ἴδιον
1505 909 1592 944 χυμὸν
1612 907 1661 942 τῆς
1677 907 1756 942 χολῆς
1779 908 1908 933 ἐπισπει-

1117 956 1216 991 ρούσης
1228 964 1234 970 ·
1250 955 1317 983 ἀλλὰ
1330 956 1377 982 καὶ
1391 956 1421 982 τὸ
1435 956 1463 989 ἐξ
1474 955 1595 982 ἐναντίου
1611 955 1750 989 γινόμενον
1768 952 1863 983 πάθος,
1875 951 1910 977 1‘:

1116 1001 1187 1028 κατὰ
1202 1001 1250 1037 τὴν
1273 1002 1443 1037 εὐφροσύνην
1464 1001 1535 1036 φημὶ
1558 1000 1606 1027 καὶ
1619 1000 1664 1026 τὸν
1677 999 1791 1033 γέλωτα,
1805 996 1909 1032 μᾶλλον

1115 1048 1160 1074 τὸν
1182 1047 1260 1082 λόγον
1278 1048 1430 1083 συνίστησι,
1447 1048 1603 1083 Διαχέονται
1625 1047 1679 1082 γάρ
1703 1054 1761 1077 πως
1783 1044 1829 1070 καὶ
1848 1043 1909 1069 δια-

1115 1092 1221 1119 λύονται
1233 1093 1265 1119 δι*
1279 1093 1374 1128 ἡδονῆς
1387 1094 1412 1119 οἱ
1425 1093 1473 1120 τοῦ
1484 1093 1610 1127 σώματος
1621 1092 1699 1127 πόροι
1718 1091 1772 1117 τῶν
1788 1089 1820 1116 ἔκ
1834 1097 1909 1119 τινος

1115 1139 1200 1173 ἀκοῆς
1214 1139 1302 1174 ἡδείας
1313 1139 1502 1174 ’διαχεῡὲντων.

279 1194 359 1214 suum
384 1186 419 1212 ob
438 1185 667 1220 compressionem
695 1185 806 1212 nimiam
824 1187 851 1212 in
878 1193 962 1212 venas
988 1189 1140 1220 spargente.
1159 1185 1229 1218 Quin
1245 1186 1433 1213 et~contraria
1448 1186 1512 1213 huic
1529 1185 1644 1217 ail'ectio,
1665 1184 1793 1211 nimirum
1815 1183 1910 1208 latitia

279 1238 306 1261 et
325 1234 408 1264 risus,
429 1233 515 1267 magis
538 1233 619 1259 etiam
636 1233 756 1260 rationes
781 1237 889 1260 nostras
913 1231 1085 1258 conﬁrmant.
1109 1232 1177 1259 Nam
1201 1241 1262 1259 cum
1289 1233 1381 1260 auditu
1410 1233 1535 1260 nonnihil
1558 1231 1709 1267 jucundum
1727 1230 1910 1265 percepimus.

279 1279 450 1314 explicantur
465 1287 497 1306 ac
506 1279 680 1306 resolvuntur
693 1279 810 1313 quodam
829 1278 910 1306 tnodo
927 1282 1037 1313 propter
1051 1278 1218 1313 voluptatem
1235 1283 1341 1306 meatus
1356 1279 1492 1313 corporis.

315 1325 343 1351 In
364 1325 474 1355 dolore,
491 1330 601 1359 propter
618 1324 757 1351 tristitiam
784 1324 898 1352 subtiles
924 1329 1063 1351 meatuum

280 1370 524 1404 transpirationes,
547 1377 607 1404 quae
631 1375 741 1404 propter
763 1369 938 1404 exiguitatem
968 1370 1066 1404 depre.

1162 1325 1205 1356 Ὠς
1224 1326 1277 1360 γὰρ
1291 1326 1349 1352 ἐκεῖ
1373 1324 1417 1351 διὰ
1437 1323 1488 1359 τῆς
1509 1322 1736 1359 λύπηςνμύουσιν
1762 1323 1789 1348 αἱ
1813 1320 1911 1348 λεπταί

1119 1381 1147 1400 τε
1166 1373 1213 1398 καὶ
1231 1371 1323 1406 ἄδηλοι
1348 1369 1402 1396 τῶν
1430 1369 1519 1404 πόρων
1547 1369 1684 1400 διαπνοαὶ,
1711 1367 1757 1394 καὶ
1784 1367 1911 1401 διασφίγ-

281 1415 363 1442 bendi
389 1415 432 1441 rix
458 1417 592 1448 possunt.
615 1421 778 1448 compressa:
803 1414 909 1441 viscera
933 1414 1063 1441 interiora

1120 1425 1196 1457 ξασαι
1221 1418 1271 1453 τὴν
1298 1415 1402 1444 ἔνδοθεν
1431 1414 1485 1440 τῶν
1514 1414 1674 1459 σπλάγχνῳν
1701 1412 1838 1459 διάθεσιν,
1863 1412 1913 1459 ἐστὶ

281 1460 484 1494 constringunt,
502 1463 529 1486 et
557 1459 589 1486 ad
607 1463 688 1501 caput
707 1466 738 1486 ac
761 1459 865 1486 cerebri
892 1459 1065 1487 membranas

283 1505 365 1532 udum
382 1504 457 1531 illum
472 1504 586 1530 halitum
599 1508 693 1537 agunt,
713 1511 742 1531 ttt
758 1505 860 1532 multus
874 1505 946 1532 intra
960 1505 1065 1531 cerebri

283 1550 414 1576 cavitates
428 1549 570 1580 collectus,
589 1557 636 1584 per
649 1553 754 1576 meatus
771 1550 817 1584 qui
843 1550 877 1577 ad
899 1550 980 1577 imam
1002 1554 1067 1577 sunt

283 1595 404 1629 ejusdem
420 1596 570 1630 partem,in
581 1596 676 1623 oculos
687 1596 841 1630 dt-jiciatur,
858 1598 1066 1630 superciliorum

283 1642 470 1668 contractione
495 1641 620 1675 guttatim
644 1642 784 1669 humorem
809 1643 988 1677 exprimente,
1008 1651 1068 1677 qtae

284 1687 382 1714 deinde
401 1691 483 1722 guttae
502 1688 627 1722 lacrymm
644 1688 826 1722 appellantur.
851 1687 950 1715 Eodem
988 1689 1069 1716 modo

284 1738 373 1761 tecum
387 1738 493 1769 putato,
510 1734 653 1761 affectione
674 1735 812 1762 contraria
831 1735 965 1763 meatibus
994 1744 1070 1762 more

284 1784 417 1807 consueto
436 1781 524 1815 magis
539 1780 679 1814 aliquanto
690 1780 818 1813 dilatatis,
836 1781 960 1815 spiritum
976 1789 1070 1816 qttetu~

285 1825 347 1853 dam
363 1826 397 1852 ab
415 1826 482 1860 ipsis
505 1829 649 1853 attractum
675 1827 703 1853 in
736 1827 791 1854 imo
806 1827 958 1859 subsidere,
990 1831 1071 1862 atque

286 1871 349 1899 inde
362 1871 485 1898 vicissim
500 1879 514 1898 a
545 1877 641 1898 natura
661 1879 709 1906 pcr
735 1877 853 1899 meatum
877 1872 933 1900 oris
961 1872 1069 1907 expelli,

287 1917 437 1944 visceribus
447 1917 593 1947 universis,
603 1917 776 1951 maximeque
783 1917 906 1951 jecinore
917 1918 926 1951 (
939 1922 968 1944 ttt
985 1918 1071 1952 aiunt)

286 1961 404 1996 quadam
433 1962 611 1989 succussione
637 1966 663 1989 et
694 1961 815 1989 fervente
842 1967 917 1991 motu
946 1963 1071 1997 spiritum

288 2009 444 2044 huiusmodi
459 2009 679 2036 extrudentibns.
706 2009 809 2036 Idcirco
830 2014 938 2043 natura,
955 2015 984 2037 ιιι
1010 2010 1073 2037 huic

288 2057 396 2092 spiritui
411 2057 512 2084 exitum
529 2056 636 2083 facilem
651 2061 749 2090 struat,
765 2061 882 2085 meatum
895 2058 951 2086 oris
961 2059 1071 2092 dilatat;

288 2107 433 2141 genis,per
445 2114 514 2140 quas
530 2106 679 2133 anhelitum
694 2102 769 2134 exiré
784 2110 895 2134 necesse
909 2112 961 2139 est,
983 2108 1073 2135 utrin-

288 2163 341 2189 que
360 2154 488 2182 diductis.
504 2154 621 2182 lnditum
650 2155 713 2182 huic
739 2161 782 2183 est
812 2156 850 2182 rci
871 2164 969 2183 nomen
988 2157 1070 2184 risus.

289 2204 323 2230 At
337 2211 400 2231 vero
413 2211 467 2231 non
485 2209 629 2239 propterea
645 2204 686 2231 vis
706 2204 789 2230 animi
815 2205 942 2240 princeps
959 2205 1072 2240 jecinori

290 2252 445 2284 tribuenda,
461 2260 547 2286 neque
560 2255 670 2286 propter
685 2252 825 2287 sanguinis
843 2253 915 2279 circa
936 2261 983 2280 cor
997 2253 1074 2281 ebul-

290 2299 424 2331 litioncm,
441 2307 502 2334 qum
517 2299 624 2326 atl‘ectio
639 2300 825 2327 vehementius
842 2301 933 2328 animo
948 2301 1072 2333 exsistit,

292 2348 319 2375 in
335 2347 416 2374 corde
439 2348 538 2375 mettth
555 2347 646 2374 sedem
672 2355 734 2375 esse
761 2349 910 2382 putandum
940 2353 999 2377 est:
1028 2349 1075 2377 sed

292 2399 357 2423 sunt
373 2395 470 2422 horum
499 2403 590 2422 causa:
607 2395 633 2422 itt
658 2401 795 2423 structura
820 2398 944 2431 corporis
974 2397 1076 2424 consti-

292 2445 407 2470 tuendae.
425 2443 541 2470 Mentem
561 2443 671 2478 quidem
691 2444 848 2471 existimare
864 2445 995 2472 debemus
1016 2445 1075 2471 cui-

291 2492 359 2519 libet
373 2492 495 2519 membro
505 2493 685 2526 :equabiliter,
699 2501 730 2520 ea
750 2493 887 2520 mistionis
900 2494 1004 2520 ratione
1017 2501 1076 2528 quae

291 2541 422 2576 explicari
436 2541 552 2568 dicendo
567 2546 699 2576 nequeat,
715 2543 822 2570 adesse.
850 2542 926 2575 Quod
944 2543 966 2569 si
996 2548 1077 2569 erunt

291 2589 338 2622 qui
352 2588 469 2616 Litteras
489 2590 570 2617 etiam
584 2598 677 2618 sacras
699 2591 749 2618 ltac
764 2591 789 2616 in
808 2595 882 2625 parte
897 2590 977 2617 nobis
993 2598 1077 2624 oppo-

292 2641 369 2666 nant.
379 2645 439 2671 qua;
452 2637 479 2663 in
493 2637 574 2665 corde
590 2639 643 2664 vim
655 2638 728 2665 illam
744 2639 892 2673 principem
906 2645 967 2665 esse
979 2641 1078 2665 testen-

294 2688 347 2716 tur,
362 2692 397 2711 nc
413 2685 508 2712 ltorunt
524 2686 634 2722 quidem
650 2688 767 2715 orationi
783 2688 822 2715 sic
838 2688 1032 2719 assentiemur,
1049 2693 1078 2715 ut

292 2739 347 2760 non
363 2733 439 2767 prius
450 2733 476 2760 in
489 2741 547 2760 eam
563 2735 743 2769 iuquiramus.
758 2735 824 2762 Nam
840 2743 901 2762 cum
918 2736 946 2762 in
960 2735 1076 2770 quodam

293 2789 326 2809 ex
341 2782 426 2809 sacris
443 2782 513 2809 libro
532 2784 624 2811 cordis
637 2784 739 2811 mentio
762 2785 817 2815 ﬁat,
836 2784 935 2811 iltitletu
953 2790 980 2812 et
999 2792 1076 2811 rencs

294 2829 392 2865 adjecti
410 2837 482 2864 sunt,
502 2837 562 2859 sunt
583 2833 654 2859 ettittt
672 2832 826 2867 ltujustnodi
840 2837 960 2868 quantum
976 2833 1074 2860 verba:

1116 1469 1164 1504 τὴν
1188 1463 1309 1498 κεφαλὴν
1331 1461 1378 1488 καὶ
1399 1460 1448 1490 τὰς
1472 1459 1605 1494 μήνιγγας
1625 1457 1671 1484 τὸν
1687 1457 1794 1492 νοτερὸν
1823 1457 1911 1492 ἁτμὺν

1117 1502 1356 1542 ἀναθλίϐονσιν,ὃς
1380 1505 1462 1537 πολὺς
1489 1503 1685 1538 ἐναποληφοεὶς
1710 1502 1838 1533 ταῖςτοῦ
1863 1502 1913 1534 ἐγ-

1117 1558 1235 1593 κεφάλου
1257 1554 1403 1587 κοιλότησι,
1416 1551 1460 1578 διὰ
1479 1549 1533 1577 τῶν
1556 1549 1625 1576 κατὰ
1647 1549 1695 1584 τὴν
1718 1549 1795 1583 βάσιν
1820 1547 1913 1583 πόρων

1118 1607 1164 1632 ἐπὶ
1190 1603 1252 1633 τοὺς
1275 1599 1430 1634 meamet;
1459 1597 1618 1629 ἐξωθεῖται.
1636 1596 1694 1630 ³τῆς
1718 1595 1771 1620 τῶν
1803 1593 1913 1629 ὀφρύων

1120 1649 1305 1686 συμπτώσεως
1330 1644 1507 1679 ὲξελκομένης
1533 1643 1577 1669 διὰ
1599 1642 1735 1675 σταγόνων
1760 1640 1810 1674 τὴν
1829 1640 1914 1675 ὑγρα-

1121 1685 1180 1723 σίαν
1199 1695 1230 1730 (ὴ
1243 1694 1270 1719 δὲ
1285 1691 1392 1725 σταγὼν
1408 1691 1524 1725 δάκρυον
1540 1688 1666 1721 λέγεται)
1680 1695 1686 1701 ·
1704 1686 1774 1712 οὕτω
1790 1694 1833 1720 μοι
1851 1685 1914 1718 νόη-

1121 1751 1176 1774 σον,
1194 1742 1224 1767 ὲκ
1239 1740 1287 1774 τῆς
1311 1737 1433 1767 ἐναντίας
1456 1734 1602 1763 διαθέσεως
1619 1731 1698 1758 πλέον
1720 1730 1766 1756 τοῦ
1781 1730 1914 1778 συνήοοιιξ

1121 1784 1307 1822 εὑρυνομένων
1329 1782 1382 1808 τῶν
1401 1781 1501 1815 πόρων.
1521 1776 1690 1804 εἱσὲλκεςοαί
1703 1785 1728 1802 τι
1754 1775 1862 1809 πνεῦμα
1878 1775 1902 1800 δι

1122 1819 1211 1858 αὐτῶν
1221 1819 1270 1855 ἐπὶ
1284 1828 1314 1854 τὸ
1327 1827 1416 1862 βάθος,
1428 1824 1553 1851 κάκεῖθεν
1567 1822 1646 1849 πάλιν
1663 1820 1820 1853 ἐξωθεῖσθαι
1837 1819 1914 1854 παρὰ

1121 1877 1171 1912 τῆς
1190 1876 1296 1910 φύσεως
1314 1874 1358 1901 διὰ
1381 1871 1428 1899 τοῦ
1449 1870 1518 1898 κατὰ
1537 1870 1566 1896 τὸ
1587 1869 1673 1902 στόμα
1688 1867 1782 1902 πόρου.
1804 1866 1914 1892 πάντων

1122 1921 1177 1947 τῶν
1191 1920 1363 1954 σπλάγχνων,
1374 1917 1419 1944 καὶ
1432 1915 1548 1951 μάλιστά
1559 1922 1590 1949 γε
1603 1913 1649 1939 τοῦ
1663 1913 1777 1948 ἥπατος,
1792 1911 1912 1944 (ii;:,:1::.

1123 1967 1168 1995 διά
1181 1975 1252 1997 τινος
1271 1965 1365 1992 κλόνου
1379 1963 1426 1990 καὶ
1446 1961 1624 1997 βρασμώδους
1639 1960 1772 1994 κινήσεως
1786 1958 1815 1984 τὸ
1828 1957 1913 1983 τοιοῦ-

1123 2021 1169 2039 τον
1185 2011 1292 2046 πνεῦμα
1315 2007 1544 2042 συνεξωοούντων.
1564 2005 1644 2031 Ὅθεν
1658 2004 1780 2031 εὐκολίαν
1803 2003 1862 2030 τινὰ
1879 2004 1913 2038 τῇ

1125 2057 1232 2092 διεξόδῳ
1243 2055 1288 2082 τοῦ
1304 2054 1457 2089 πνεύματος
1473 2051 1654 2088 μηχανωμένη
1665 2052 1681 2086 ἡ
1696 2051 1786 2084 φύσις,
1799 2049 1896 2084 ἁνευρύ
1905 2065 1911 2068 -

1126 2114 1166 2131 νει
1185 2104 1229 2129 τὸν
1245 2102 1309 2138 περὶ
1324 2101 1354 2127 τὸ
1378 2101 1464 2135 στόμα
1491 2099 1591 2134 πόρον,
1614 2097 1783 2133 ἑκατέρωθεν
1801 2096 1864 2130 περὶ
1884 2095 1913 2121 τὸ

1126 2149 1220 2185 ἆσθμα
1233 2149 1282 2180 τὰς
1304 2146 1421 2182 παρειὰς
1435 2145 1635 2172 διαστέλλουσα.
1662 2145 1765 2178 Ὄνομα
1780 2142 1806 2168 δὲ
1818 2141 1854 2176 τῷ
1872 2150 1914 2175 γι-

1089 2193 1110 2220 Ι)
1125 2195 1229 2230 νομένῳ
1243 2193 1329 2227 γέλως
1357 2192 1441 2218 ἐστίν.
1473 2190 1541 2216 Οὔτε
1561 2187 1606 2217 οὖν
1618 2189 1661 2215 διὰ
1683 2188 1760 2214 τοῦτο
1775 2187 1813 2222 τῷ
1829 2188 1913 2221 ἥπατι

1124 2241 1154 2268 τὸ
1169 2239 1330 2276 ἡγεμονικὸν
1350 2237 1486 2272 λογιστέον
1498 2257 1504 2267 ,
1530 2236 1591 2262 οὔτε
1604 2236 1647 2262 διὰ
1668 2234 1716 2270 τὴν
1740 2233 1914 2269 περικὰρδιον

1124 2286 1197 2319 ζέσιν
1211 2285 1258 2312 τοῦ
1282 2285 1394 2319 αἵματος
1414 2284 1442 2308 ἐν
1456 2283 1514 2313 ταῖς
1540 2281 1668 2316 Ουμικαῖς
1692 2279 1858 2308 διαθέσεσιν,
1885 2280 1914 2305 ἐν

1125 2331 1223 2366 καρδίᾳ
1237 2329 1376 2365 νομιστέον
1391 2325 1461 2354 εἶναι
1474 2327 1521 2353 τοῦ
1535 2326 1579 2353 νοῦ
1592 2326 1639 2361 τὴν
1654 2325 1811 2360 καυίδρυσιν
1822 2333 1829 2337 -
1846 2324 1913 2350 ἀλλὰ

1125 2377 1210 2404 ταῦτα
1227 2377 1274 2412 μὲν
1293 2377 1332 2407 εὶς
1356 2375 1404 2406 τὰς
1420 2374 1498 2405 ποιὰς
1517 2373 1570 2399 τῶν
1597 2373 1729 2407 σωμάτων
1744 2370 1914 2400 κατασκευὰς

1125 2423 1267 2450 ἁνακτέον.
1286 2422 1337 2447 Τὸν
1348 2421 1376 2447 δὲ
1390 2419 1450 2446 νοῦν
1465 2419 1602 2454 ὀμοτίμως
1615 2419 1719 2452 ἑκάστῳ
1732 2417 1784 2443 τῶν
1800 2417 1912 2451 μορίων,

1126 2468 1196 2496 κατὰ
1206 2468 1251 2493 τὸν
1265 2466 1402 2501 ἄφραστον
1411 2465 1458 2499 τῆς
1469 2463 1645 2499 ἀνακράσεως
1657 2463 1735 2496 λόγον
1746 2461 1914 2496 ἐφάπτεσθαι

1089 2501 1130 2544 ί)
1142 2513 1276 2547 ομιστέον.
1293 2511 1350 2538 Κᾶν
1377 2510 1427 2546 τὴν
1444 2510 1553 2544 Γραφὴν
1569 2517 1638 2539 τινες
1660 2508 1725 2542 ἡμῖν
1750 2507 1817 2541 πρὸς
1836 2505 1915 2532 τοῦτο

1127 2558 1339 2593 προτείνωνται,
1365 2557 1398 2590 τῇ
1419 2555 1517 2590 καρδίᾳ
1533 2554 1564 2580 τὺ
1584 2552 1745 2588 ἡγεμονικὸν
1763 2552 1914 2587 μαρτυροῦ-

1128 2605 1192 2634 σαν,
1218 2603 1267 2629 οὐκ
1287 2601 1470 2634 ἀνεξετάστως
1492 2600 1537 2626 τὴν
1558 2599 1634 2632 λόγον
1649 2597 1791 2632 δεξόμεθα.
1818 2598 1846 2623 ὐ
1860 2597 1915 2632 γαρ

1127 2649 1240 2684 καρδίαν
1255 2648 1393 2684 μνησθεὶς,
1408 2647 1454 2673 καὶ
1468 2644 1574 2681 νεφρῶν
1591 2644 1799 2678 ἐμνημόνευσεν.
1813 2642 1895 2668 εἰπών
1907 2651 1913 2657 ·

1131 2705 1139 2720 ι
1155 2695 1274 2727 Ἐτάξων
1286 2694 1397 2728 καρδίας
1408 2693 1455 2718 καὶ
1470 2691 1584 2726 νεφροὺς
1597 2692 1610 2716 ὁ
1623 2689 1703 2721 Θεός·
1715 2699 1723 2714 ι
1743 2684 1812 2714 dist}.
1827 2688 1842 2722 ἦ
1862 2688 1915 2721 ἀμ-

1129 2741 1261 2775 φοτέροις,
1279 2740 1295 2775 ἢ
1310 2739 1440 2773 οὐδετέρῳ
1459 2738 1490 2763 τὸ
1511 2736 1601 2771 νοερὺν
1616 2735 1819 2762 κατακλείουσιν
1848 2733 1914 2766 ’Λμ-

1129 2785 1271 2813 6).ύνεσυαι
1282 2785 1310 2811 δὲ
1324 2784 1372 2815 τὰς
1384 2784 1511 2819 von-.2231;
1524 2783 1672 2817 ἐνεργείας,
1686 2781 1701 2816 ἢ
1714 2780 1760 2807 καὶ
1774 2779 1915 2806 παντάπα-

1132 2841 1170 2857 σιν
1188 2831 1339 2864 inpacati;
1359 2830 1386 2856 ἐν
1411 2830 1442 2865 τῇ
1460 2829 1523 2863 ποιᾷ
1539 2827 1654 2854 διαθέσει
1674 2826 1720 2852 τοῦ
1740 2825 1863 2859 σώματος
1878 2823 1911 2850 δι-
