1976 3077
51 145 98 170 UH

685 137 729 166 DE
745 137 886 166 HOMINIS
908 136 1062 165 OPIFICIO.

1627 139 1679 168 46'!

48 201 170 235 δαχθεὶς,
190 200 240 235 οὐχ
263 199 353 226 ἱκανὸν
370 197 498 234 ποιοῦμαι
521 198 600 225 τοῦτο
619 199 778 234 τεκμήριον,
799 198 845 224 τοῦ

900 206 910 223 ι
932 197 1004 224 Deus
1014 196 1098 223 corda
1110 201 1140 224 et
1157 202 1237 222 rencs
1248 195 1584 229 explorat".rldcircovel
1593 196 1619 223 in
1630 196 1680 223 lio-

48 249 126 283 ἰὀπῳ
142 247 194 274 τινὶ
205 247 254 282 τὴν
269 247 383 281 δύναμιν
396 245 442 271 τοῦ
454 245 500 272 νοῦ
513 245 728 281 περιείργεσθαι,
739 246 777 276 ὼς
786 246 845 276 ταῖς

50 291 255 327 ἑπιγινομέναις
276 292 332 322 τοῖς
359 290 454 325 μέρεσι
481 290 646 325 φλεγμοναῖς
672 290 719 324 τῆς
743 290 846 321 οἰκείας

50 338 221 374 εὐρυχωρίας
245 336 447 371 ἒξειργομένης.
474 335 620 370 Σωματικὴ
634 335 716 370 γὰρή
733 335 843 370 τοιαύτη

49 384 125 416 δόξα,
145 384 175 409 τὸ
193 383 229 417 μὴ
243 381 372 408 δύνασθαι
389 381 660 416 προκατειλημμένου
672 380 718 407 τοῦ
732 379 844 414 ἀγγείου

48 430 94 456 διά
107 437 179 459 τινος
187 430 242 453 τῶν
253 427 475 462 ὲμϐεϐλημένων.
485 426 526 452 ἒτε
532 426 578 462 ρόν
585 435 611 452 τι
625 427 653 452 ὲν
663 426 737 461 αὑτῷ
752 425 844 461 χώραν

49 475 153 509 εὑρεῖν.
173 474 202 500 Ἠ
217 473 271 508 γὰρ
288 472 370 506 νοητὴ
387 471 468 506 φύσις
483 471 545 498 οὔτε
560 473 620 503 ταῖς
634 471 780 498 κενώσεσιν
795 473 844 506 ὲμ‹

51 519 200 554 φιλοχωρεί
216 519 269 544 τῶν
285 518 432 552 σωμάτων,
457 516 518 543 οὗτε
538 517 576 552 τῷ
599 517 772 549 πλεονάζοντι
794 518 843 553 τῆς

51 565 154 600 σαρκὸς
167 564 317 596 ἐξωθεῖται.
349 563 419 589 Ἀλλ’
434 563 526 597 ἐπειδὴ
539 563 663 599 καθάπερ
675 572 701 590 τι
716 564 843 598 μουσικὸν

50 612 167 645 ξῙ-ργανον
187 610 258 636 ἆπαν
274 609 303 634 τὸ
320 608 398 643 σῶμα
415 608 652 643 δεδημιούργηται,
669 609 764 644 ὥσπερ
776 617 843 644 συμ-

51 656 139 682 ϐαίνει
152 655 279 685 πολλάκις
299 654 411 680 ἐπὶτῶν
431 653 559 689 μελῳδεῖν
578 654 627 689 μὲν
643 654 842 689 ἐπισταμένων,

51 702 253 728 ἀδυνατούντων
282 701 310 727 δὲ
337 700 421 732 δεῖξαι
448 700 496 735 τὴν
523 701 694 736 ἐπιστήμην,
721 701 769 736 τῆς
790 701 842 727 τῶν

50 748 175 782 ὀργάνων
200 746 350 782 ἀχρηστίας
373 747 402 772 οὐ
428 747 649 782 παραδεχομένης
673 748 721 782 τὴν
746 747 842 782 τέχνην

52 793 98 827 (τι
127 793 182 828 γὰρ
205 793 220 827 ἢ
247 792 333 828 χρόνῳ
356 792 477 828 φθαρὲν,
508 793 524 827 ἢ
558 793 784 828 παρερρηγμένον
811 793 843 819 ὲκ

52 838 265 869 καταπτὼσεως,
282 838 297 872 ἢ
319 838 370 864 ὑπό
394 846 466 869 τινος
486 837 524 864 ἰοῦ
537 838 583 864 καὶ
599 838 716 872 εὐρῶτος
727 839 843 873 ὴχρειω-

897 249 956 268 rum
974 245 1129 274 utrumque,
1145 241 1185 266 vel
1203 244 1328 267 neutrum
1354 240 1422 266 adeo
1442 243 1470 266 ιιι
1487 240 1678 274 intelligentem

898 287 981 314 animi
1007 286 1060 312 rim
1075 285 1215 313 includam
1231 292 1344 313 necesse
1359 290 1409 312 est.
1421 285 1554 313 Caeterum
1571 286 1679 313 etiamsi

895 333 1009 360 edoceat
1022 331 1164 359 facultates
1179 331 1364 366 intelligentiae
1379 330 1542 365 quibusdam
1561 332 1587 358 in
1599 331 1680 359 aii'ec-

898 378 1019 406 tionibus
1031 378 1156 412 corporis
1175 377 1252 412 quasi
1268 377 1400 408 hebetari,
1412 377 1454 404 vel
1471 377 1551 404 etiam
1564 384 1679 412 prorsus

892 425 986 460 jacere
1000 434 1005 450 :
1023 430 1076 450 non
1093 427 1182 450 tamen
1205 423 1271 450 satis
1286 422 1412 449 idoneum
1426 427 1615 455 argumentum
1630 423 1681 450 hoc

895 479 955 499 esse
968 476 1069 502 statuo,
1087 478 1141 505 quo
1158 469 1298 504 probetur,
1324 469 1384 497 loco
1410 473 1486 496 certo
1509 469 1562 495 vim
1578 469 1678 496 mentis

895 517 933 544 ita
949 507 1151 548 circumscribi,
1160 520 1188 542 ut
1198 515 1350 543 tumoribus
1360 516 1479 541 membra
1491 515 1536 541 illa
1545 522 1682 549 occupan-

894 563 980 595 tibus,
1000 563 1031 590 de
1043 570 1093 590 suo
1114 562 1171 596 ipsa
1189 561 1268 596 quasi
1286 561 1374 595 spatio
1390 561 1514 588 excedat.
1544 559 1593 587 Est
1609 560 1681 587 enim

894 609 1051 644 hujnsmodi
1061 609 1184 643 quaedam
1194 608 1323 642 cogitatio
1333 607 1473 642 corporeis
1484 607 1565 634 rebus
1576 613 1682 633 accom-

894 657 1014 687 mndata.
1044 662 1108 682 vase
1128 655 1210 682 rebus
1230 654 1335 690 injectis
1344 655 1453 688 repleto,
1476 661 1529 680 non
1556 660 1635 687 posse
1655 652 1682 679 in

893 702 988 729 eodem
1009 702 1070 728 aliis
1087 702 1175 728 locum
1192 708 1261 728 esse.
1281 699 1387 734 Quippe
1404 705 1501 726 natura
1520 700 1578 726 solo
1592 699 1683 726 animo

894 746 1135 780 cornprehensilis,
1157 749 1186 772 ut
1204 745 1230 771 in
1248 750 1338 779 partes
1353 744 1475 779 corporis
1505 751 1605 770 vacuas
1629 751 1682 770 non

893 794 1041 827 itnntigrat,
1062 794 1102 820 sic
1121 798 1146 820 ct
1178 800 1192 819 a
1218 800 1301 819 carne
1321 792 1399 826 quasi
1432 791 1602 817 redundante
1629 798 1683 817 non

893 839 1048 874 expellitur.
1068 839 1115 865 Est
1133 838 1245 864 omnino
1260 843 1346 864 totum
1360 844 1461 872 corpus
1476 837 1626 864 humanum
1642 836 1684 863 in-

54 884 150 918 μένον,
175 883 310 917 ἄφθογγον
330 882 403 917 μένει
429 884 475 909 καὶ
490 884 686 919 ἁνενέργητνν,
713 884 765 910 κᾶν
790 883 842 910 ὑπὸ

898 889 953 912 star
968 885 1066 911 musici
1084 884 1256 911 instrumenti
1285 884 1458 911 fabricatum.
1487 882 1562 910 Solet
1592 887 1683 909 autent

51 928 99 954 τοῦ
122 929 244 964 προέχειν
263 928 402 960 δοκοῦντος
429 929 501 955 κατὰ
519 930 568 964 τὴν
585 929 731 965 αὐλητικὴν
745 930 842 965 τέχνην

52 974 233 1009 ὲμπνέητα;)’
253 975 324 1001 οὕτω
349 975 395 1001 καὶ
418 976 431 1001 ὁ
447 975 508 1006 νοῦς
531 975 564 1001 δι’
579 975 638 1001 ὅλου
662 974 708 1001 τοῦ
726 975 842 1010 ὀργάνου

51 1021 164 1056 διήκων,
190 1023 237 1048 καὶ
257 1021 430 1056 καταλληλως
451 1022 510 1052 ταῖς
530 1022 668 1055 νοητικαῖς
683 1021 842 1056 ἐνεργείαις,

53 1066 123 1092 καθὸ
145 1066 277 1100 πέφυκεν,
294 1065 400 1100 ἑκάστῳ
423 1065 478 1090 τῶν
501 1065 592 1100 μερῶν
610 1065 841 1100 προσαπτόμενος,

53 1112 100 1138 ἐπὶ
118 1111 167 1146 μὲν
180 1111 234 1137 τῶν
252 1110 322 1137 κατὰ
339 1111 419 1145 φύσιν
441 1111 619 1145 διακειμένων
644 1111 784 1138 τδιοὶκεῖον
800 1112 843 1136 ὲν-

53 1159 185 1193 ήργησεν,
200 1157 245 1183 ἐπὶ
259 1157 288 1183 δὲ
299 1157 351 1182 τῶν
362 1156 545 1183 ἀσθενούντων
560 1156 686 1189 δέξασθαι
698 1156 746 1191 τὴν
756 1165 843 1190 τεχνι-

54 1204 106 1238 κὴν
131 1202 212 1229 αὑτοῦ
235 1201 351 1236 κίνησιν,
381 1201 520 1236 ἄπρακτος
544 1209 573 1227 τε
596 1201 643 1227 καὶ
664 1201 843 1237 ἀνενέργητος

52 1248 156 1281 ἔμεινε.
183 1247 289 1280 Πέφυκε
307 1247 361 1281 γάρ
383 1255 441 1276 πως
458 1246 472 1272 ὁ
488 1245 549 1277 νοῦς
566 1246 635 1281 πρὸς
658 1245 707 1280 μὲν
721 1246 751 1272 τὸ
773 1246 843 1272 κατὰ

53 1292 134 1326 φύσιν
147 1291 316 1326 διακείμενον
332 1292 440 1323 οἰκείως
455 1291 538 1326 ἔχειν,
553 1291 622 1327 πρὸς
637 1291 666 1318 δὲ
684 1291 714 1318 τδ
730 1300 844 1328 παρενε-

53 1338 116 1373 χθὲν
131 1337 184 1364 ἀπὺ
194 1337 306 1372 ταύτης.
321 1337 535 1373 ἁλλοτριοῦσθαι.

893 938 1090 965 nonnunquam
1103 930 1263 962 usuvenire,
1279 934 1308 956 ιιι
1328 930 1442 956 canendi
1460 929 1568 964 qtlidrm
1585 927 1685 962 aliquis

893 977 999 1011 peritus
1023 976 1068 1006 sit.
1089 983 1183 1002 rerum
1205 975 1272 1003 artis
1289 983 1345 1002 sua:
1364 975 1555 1002 instrumentis
1583 974 1685 1001 vitiatis

894 1022 1089 1050 documentum
1119 1022 1246 1049 idoneum
1278 1021 1358 1048 cdere
1389 1025 1517 1055 nequeat.
1546 1020 1581 1046 Ea
1611 1020 1684 1046 enim

895 1067 967 1094 forte
982 1068 1021 1094 vel
1039 1075 1052 1094 ιι
1069 1072 1191 1102 tempore
1215 1067 1320 1099 vitiata,
1339 1067 1381 1093 vel
1407 1066 1547 1094 confracta
1567 1073 1614 1100 per
1630 1065 1687 1092 rui-

896 1120 972 1144 nam,
991 1113 1032 1140 vel
1049 1121 1062 1139 ιι
1080 1112 1206 1146 rubigine
1233 1120 1264 1139 ac
1295 1112 1348 1139 situ
1376 1113 1466 1146 inepta
1485 1111 1600 1142 reddita,
1618 1117 1686 1138 sono

895 1161 1001 1190 carent,
1018 1157 1179 1191 nullumque
1192 1157 1225 1183 ad
1243 1164 1322 1183 usum
1350 1155 1447 1182 idonea
1478 1159 1551 1187 sunt,
1579 1156 1686 1182 etiamsi

895 1204 938 1230 vel
960 1204 994 1230 ab
1011 1203 1112 1230 eximio
1134 1202 1246 1229 tibicine
1263 1201 1401 1229 inilchtnr.
1424 1201 1469 1228 Sic
1491 1206 1520 1228 se
1537 1209 1613 1228 mens
1639 1208 1687 1236 per

897 1249 1055 1276 universum
1077 1256 1210 1283 organum
1228 1256 1307 1276 suum
1326 1248 1437 1282 didens,
1452 1252 1478 1276 ct
1495 1248 1632 1283 applicans
1656 1255 1686 1276 se

896 1293 1002 1320 ratione
1013 1297 1195 1320 consentanea
1213 1293 1344 1319 membris
1358 1292 1472 1327 singulis
1483 1300 1529 1327 per
1544 1292 1687 1320 facultates

896 1343 1001 1366 natura:
1033 1346 1089 1365 suae
1110 1339 1302 1365 convenientes
1319 1339 1344 1364 in
1369 1338 1403 1366 iis
1422 1346 1481 1372 qum
1499 1342 1571 1365 recte
1588 1338 1688 1365 habent

54 1385 204 1412 secundum
224 1390 361 1417 naturam,
378 1386 429 1412 vim
450 1393 528 1412 suam
544 1389 675 1418 exercet;
703 1386 729 1412 in
750 1387 856 1414 eri-teris
882 1394 942 1421 qua:
962 1386 1140 1414 artiﬁciosum
1168 1386 1253 1420 ipsius
1277 1389 1378 1412 motum
1408 1392 1456 1419 per
1477 1385 1687 1412 imbecillitatem

53 1439 152 1466 capere
172 1435 318 1465 nequeunt,
333 1431 404 1464 jacet
423 1435 504 1466 atque
527 1431 614 1458 otiosa
638 1435 689 1458 est.
717 1431 764 1459 Est
785 1433 856 1459 enim
887 1433 938 1460 hoc
961 1432 1043 1459 menti
1075 1433 1222 1467 peculiare,
1244 1436 1273 1458 nt
1292 1432 1318 1458 in
1343 1431 1471 1459 membris
1497 1435 1594 1458 natura
1619 1430 1688 1458 bene

53 1477 159 1504 aﬂ‘cctis
171 1476 355 1504 emcacitatern
374 1483 450 1503 suam
472 1476 610 1505 obtineat:
624 1485 655 1504 ea
671 1485 733 1504 vero
750 1486 809 1512 qua:
824 1478 967 1512 depravata
981 1482 1054 1509 sunt,
1073 1481 1224 1504 aversetur.

92 1522 146 1549 Καί
161 1531 206 1557 μοι
221 1522 292 1549 δοκεί
307 1521 491 1557 φυσικώτερον
507 1519 577 1548 εἷναί
598 1531 624 1549 τι
641 1523 712 1550 κατὰ
723 1523 753 1549 τὸ
768 1523 849 1559 μέρος
863 1528 885 1556 C

54 1569 134 1595 τοῦτο
142 1568 281 1603 θεώρημα,
295 1568 327 1594 δι’
339 1565 368 1594 οὗ
384 1568 477 1602 μαθεῖν
492 1568 549 1595 ἔστι
559 1577 586 1595 τι
599 1569 653 1596 τῶν
668 1570 846 1604 ἀστειοτέρων

53 1614 206 1649 δογμάτων.
216 1613 322 1648 Ἐπειδὴ
342 1614 395 1649 γὰρ
415 1614 444 1640 τὸ
461 1614 602 1641 κάλλιστον
623 1615 731 1642 πάντων
746 1616 792 1642 καὶ
804 1615 848 1648 ἐξ-

54 1659 190 1694 οχώτατον
201 1659 302 1693 ἀγαθὸν
312 1659 376 1686 αὐτὸ
393 1659 423 1686 τὸ
441 1659 518 1685 Θεῖόν
529 1660 598 1690 ἐστι,
606 1659 672 1695 πρὸς
685 1660 698 1686 ὃ
711 1661 798 1686 πάντα
809 1660 848 1686 νέ-

55 1707 162 1735 νευκεν,
175 1704 225 1730 ὅσα
236 1703 283 1730 τοῦ
296 1703 378 1730 καλοῦ
393 1703 441 1738 τὴν
455 1703 546 1738 ἔφεσιν
562 1703 628 1738 ἔχει,
642 1703 686 1730 διὰ
702 1703 781 1730 τοῦτό
795 1712 846 1738 φα-

57 1758 108 1785 μεν
121 1749 224 1776 καὶτὸν
238 1749 310 1780 νοῦν,
321 1749 369 1776 ἆτε
387 1750 446 1775 κατ’
466 1749 558 1775 εἰκόνα
575 1748 623 1775 τοῦ
643 1749 784 1776 καλλίστου
801 1757 847 1782 γε-

55 1796 178 1830 νόμενον,
191 1795 243 1827 ἔως
257 1795 290 1822 ἂν
303 1795 403 1832 μετέχῃ
412 1795 462 1829 τῆς
473 1794 541 1830 πρὸς
553 1795 582 1821 τὸ
592 1795 746 1830 ἀρχέτυπον
759 1795 848 1830 ὁμοιό-

53 1849 148 1876 τητος,
164 1840 277 1867 καθόσον
289 1840 435 1874 ἐνδέχεται,
452 1840 499 1866 καὶ
516 1840 597 1866 αὑτὸν
613 1841 641 1866 ὲν
652 1840 691 1874 τῷ
707 1840 782 1874 καλῷ
791 1840 849 1866 δια-

56 1887 91 1922 μέ
100 1895 160 1918 ιειν,
173 1887 196 1912 ει
209 1886 238 1912 δέ
254 1895 310 1916 πως
324 1885 375 1917 ἔξω
386 1885 490 1919 γένοιτο
502 1885 608 1915 τούτου,
617 1885 786 1920 γυμνοῦσθαι
802 1885 848 1912 τοῦ

55 1931 170 1961 κάλλους
186 1932 214 1956 ὲν
226 1927 248 1963 ᾧ
260 1929 303 1964 ἢν.
317 1931 420 1965 Ὥσπερ
440 1930 468 1955 δὲ
485 1930 587 1965 ἔφαμεν
607 1931 639 1965 τῇ
659 1930 785 1965 ὁμοιώσει
802 1930 847 1956 τοῦ

56 1977 238 2012 πρωτοτύπου
256 1975 368 2006 κάλλους
390 1977 619 2010 κατακοσμεῖσθαι
641 1977 686 2002 τὸν
703 1976 775 2007 νοῦν,
794 1974 848 2002 οἶόν

56 2033 83 2050 τι
102 2023 255 2057 κάτοπτρον
274 2021 313 2057 τῷ
329 2022 482 2057 χαρακτῆρι
503 2022 549 2048 τοῦ
569 2023 769 2058 ἐμφαινομένου
783 2031 849 2058 μορ-

57 2069 203 2104 φοὺμενον·
218 2067 289 2094 κατὰ
302 2068 351 2103 τὴν
365 2068 448 2103 αὐτὴν
464 2068 619 2102 ἀναλογίαν.
632 2069 678 2095 καὶ
691 2069 739 2104 τὴν
750 2070 850 2095 οἰκονο-

59 2115 196 2151 μουμένην
209 2114 254 2141 ὑπ’
267 2114 349 2141 αὐτοῦ
359 2113 438 2148 φύσιν
447 2114 555 2148 ἔχεσθαι
566 2114 611 2141 τοῦ
621 2114 666 2141 νοῦ
675 2114 848 2148 λογιζόμεθα,

57 2160 106 2187 καὶ
113 2159 152 2195 τῷ
163 2160 356 2195 παρακειμένῳ
366 2159 458 2186 κάλλει
469 2159 516 2186 καὶ
523 2160 607 2195 αὐτὴν
619 2159 788 2194 κοσμεῖσθαι,
795 2157 849 2186 οἷόν

57 2216 84 2233 τι
96 2207 246 2241 κατόπτρου
258 2206 409 2240 κάτοπτρον
421 2206 575 2241 γινομένην·
587 2206 744 2241 κρατεῖσθαι
754 2206 782 2232 δὲ
796 2206 848 2232 ὑπὸ
865 2198 885 2225 D

57 2250 159 2286 ταύτης
175 2251 221 2277 καὶ
230 2250 387 2286 συνέχεσθαι
398 2251 428 2277 τὸ
437 2251 526 2277 mm
534 2251 582 2285 τῆς
595 2251 776 2283 ὑποστάσεως,
786 2252 850 2287 περὶ

31 2294 38 2303 “
57 2297 92 2331 ἢν
105 2291 273 2331 θεωρεῖταιῆ
287 2296 378 2330 φύσις.
397 2297 468 2328 Ἕως
485 2296 518 2323 ἃν
532 2295 578 2324 οῦν
588 2297 683 2332 ἔχηται
696 2297 742 2324 τοῦ
757 2298 848 2332 ἐτέρου

58 2342 90 2368 τὸ
97 2342 139 2368 ἓτε
146 2351 200 2377 ρον,
213 2342 257 2368 διὰ
274 2343 380 2369 πάντων
397 2343 534 2377 ἀναλόγως
548 2344 564 2378 ἡ
576 2343 624 2369 τοῦ
638 2343 720 2374 ὅντως
735 2343 850 2374 κάλλους

59 2387 187 2414 κοινωνία
202 2388 323 2420 διέξεισι,
344 2388 387 2413 διά
403 2388 450 2415 τοῦ
463 2389 659 2424 ὑπερκειμένου
676 2389 705 2415 τὺ
718 2389 849 2424 προσεχὲς

60 2432 276 2464 καλλωπίζουσα.
301 2433 425 2459 Ἐπειδὰν
444 2434 471 2460 δέ
487 2443 529 2465 τις
545 2435 656 2469 γένηται
675 2435 725 2470 τῆς
748 2435 850 2469 ἀγαθῆς

59 2479 161 2514 ταύτης
172 2480 309 2514 συμφυΐας
317 2479 498 2515 διασπασμὸς,
513 2481 529 2516 ἦ
542 2481 589 2508 καὶ
601 2482 667 2516 πρὸς
678 2481 707 2508 τὸ
721 2481 849 2516 ἔμπαλιν,

60 2524 243 2559 ὰντακολουθῇ
258 2524 296 2559 τῷ
306 2525 488 2560 ὑποὸεϐηκότι
502 2526 532 2552 τὸ
541 2526 681 2562 ὑπερέχον·
696 2527 755 2553 τότε
768 2527 852 2561 αὐτῆς

61 2577 89 2594 τε
103 2568 153 2602 τῆς
169 2567 245 2603 ὕλης,
260 2569 324 2596 ὅταν
344 2570 452 2605 μονωθῇ
470 2572 520 2606 τῆς
541 2571 662 2604 φύσεως,
677 2571 802 2606 διηνέχθη
822 2571 852 2597 τὸ

61 2615 185 2648 ἄσχημον
209 2613 349 2649 (ἄμορφον
367 2615 422 2650 γάρ
447 2624 474 2642 τι
495 2615 555 2642 καθ’
575 2616 672 2652 ἑαυτὴν
694 2617 710 2651 ἡ
735 2615 785 2650 ὕλη
803 2616 850 2642 καὶ

61 2659 262 2692 ἀκατάσκευον)
277 2660 322 2686 καὶ
332 2661 366 2695 τῇ
380 2661 502 2696 ἀμορφία
514 2661 615 2697 ταύτης
628 2662 807 2698 συνδιεφθάρη
821 2662 851 2688 τὸ

44 2703 161 2740 ,κάλλος
183 2703 231 2738 τῆς
254 2703 371 2737 φύσεως,
398 2704 415 2740 ἢ
440 2705 483 2732 διὰ
502 2706 548 2732 τοῦ
569 2706 613 2733 νοῦ
639 2706 849 2739 καλλωπίζεται.

63 2747 118 2774 Καὶ
133 2746 219 2779 οὕτως
245 2747 287 2774 ἐπ’
305 2748 386 2776 αὑτὸν
406 2749 452 2776 τὸν
477 2750 539 2777 νοῦν
559 2751 605 2778 τοῦ
631 2751 700 2778 κατὰ
721 2752 770 2788 τὴν
785 2752 852 2787 ὓλην

98 2834 121 2850 ⁶¹
137 2813 211 2862 λέξοι.
225 2842 275 2868 vn,
295 2835 337 2863 10.

938 1525 975 1550 Ac
1007 1523 1072 1550 mihi
1100 1523 1209 1558 quidem
1239 1522 1347 1549 videtur
1376 1529 1456 1557 posse
1479 1521 1531 1548 hac
1561 1522 1588 1548 in
1613 1526 1689 1556 parte

901 1568 1031 1602 quiddam
1051 1568 1220 1594 considerari
1238 1574 1252 1593 a
1270 1567 1349 1594 nobis
1369 1575 1401 1594 ex
1421 1566 1509 1594 media
1529 1573 1618 1593 rerum
1640 1574 1689 1593 na-

901 1615 1028 1640 turalium
1054 1614 1218 1640 tractatione
1244 1613 1429 1648 desumptum,
1458 1614 1491 1640 de
1511 1620 1566 1648 quo
1585 1613 1688 1647 percipi

899 1658 1023 1684 doctrina
1049 1658 1160 1693 elegans
1187 1658 1284 1693 possit.
1306 1657 1373 1685 Nam
1396 1665 1458 1684 cum
1481 1657 1603 1684 omnium
1627 1657 1687 1691 pul-

899 1704 1064 1732 cherrimum
1092 1711 1124 1730 ac
1151 1704 1406 1738 praestantissimum
1428 1703 1528 1730 bonum
1556 1703 1592 1730 sit
1615 1702 1688 1730 Deus

898 1750 965 1784 ipse.
990 1751 1022 1776 ad
1046 1757 1126 1784 quem
1145 1749 1236 1775 omnia
1254 1749 1416 1783 respiciunt,
1436 1756 1606 1783 quaecunque
1621 1748 1685 1776 boni

898 1795 1035 1823 desiderio
1059 1799 1219 1829 tanguntur,
1244 1795 1346 1822 idcirco
1363 1798 1390 1821 et
1415 1798 1533 1822 mentem
1558 1793 1686 1826 dicimus,

899 1841 998 1868 iactam
1017 1841 1050 1867 ad
1072 1841 1133 1868 boni
1151 1839 1327 1876 pulcherrimi
1343 1840 1498 1874 imaginem,
1514 1840 1633 1874 quandiu
1650 1840 1689 1867 si-

899 1887 1063 1914 militudinis
1088 1887 1236 1922 archetypo
1256 1885 1447 1921 respondentis
1471 1882 1607 1920 particeps
1633 1889 1687 1918 est,

899 1933 988 1967 quoad
1003 1933 1064 1967 ejus
1079 1933 1136 1959 ﬁeri
1154 1936 1256 1967 potest,
1278 1932 1347 1959 haud
1365 1932 1448 1959 dubie
1471 1932 1533 1959 boni
1555 1936 1689 1967 przcstan-

901 1979 964 2005 tiam
978 1979 1047 2005 tueri
1058 1986 1089 2004 ac
1105 1985 1281 2005 conservare.
1297 1978 1424 2005 Eamdem
1438 1983 1546 2010 contra,
1562 1979 1584 2005 si
1598 1979 1688 2014 aliquo

900 2028 980 2059 pacto
996 2032 1011 2050 ιι
1032 2024 1154 2059 principe
1170 2024 1241 2050 bono
1259 2024 1405 2056 erorbitet,
1428 2028 1487 2051 tota
1509 2024 1553 2051 illa
1567 2024 1689 2058 pulchri-

899 2071 1004 2100 tudine.
1026 2078 1079 2104 qua
1096 2076 1156 2096 erat
1177 2075 1283 2101 ornata,
1302 2070 1426 2105 spoliari.
1452 2069 1536 2096 Porro
1558 2070 1689 2104 quemad-

900 2115 1010 2142 modum
1023 2115 1171 2141 indicalum
1183 2120 1224 2141 est
1233 2115 1413 2142 similitudine
1426 2116 1558 2150 principis
1573 2116 1690 2150 pulchri-

900 2160 1006 2186 tudinis
1035 2163 1160 2186 ornatam
1192 2167 1253 2186 csse
1284 2163 1412 2190 mentem,
1443 2159 1553 2193 perinde
1576 2166 1607 2186 ac
1627 2167 1689 2194 spe-

901 2206 994 2232 culum
1014 2205 1099 2240 lignra
1118 2204 1195 2232 faciei
1213 2213 1245 2231 cx
1271 2205 1330 2239 ipso
1357 2204 1505 2230 relucentis
1523 2204 1687 2238 insignitur:

900 2250 996 2276 eadem
1024 2250 1130 2277 ratione
1156 2254 1183 2276 ct
1205 2253 1342 2280 naturam,
1373 2256 1434 2283 quae
1456 2256 1471 2275 a
1492 2252 1581 2276 mente
1602 2249 1688 2276 admi-

900 2297 1046 2328 nistratur,
1067 2303 1131 2331 erga
1156 2297 1277 2323 eamdem
1301 2295 1423 2322 affectam
1449 2303 1510 2322 esse
1533 2296 1688 2328 statuimus,

901 2345 930 2369 ιιι
950 2342 1055 2369 scilicet
1071 2345 1097 2368 ct
1114 2342 1198 2376 ipsam
1216 2341 1307 2368 ornari
1323 2341 1474 2376 propinqua
1488 2341 1689 2375 pulchritudine

901 2387 1036 2418 dicamus,
1052 2391 1079 2413 ct
1096 2387 1174 2421 quasi
1194 2386 1297 2421 speculi
1322 2387 1464 2421 speculum
1483 2394 1555 2414 esse.
1581 2385 1689 2414 Naturtc

901 2440 984 2467 porro
1000 2433 1163 2460 crassiorem
1181 2433 1259 2467 quasi
1279 2432 1418 2459 materiem
1439 2433 1524 2459 nostri
1540 2432 1688 2465 cohaerere,

900 2478 944 2505 cui
963 2479 1020 2512 ipsa
1040 2483 1136 2504 natura
1161 2478 1239 2504 inest.
1256 2478 1341 2512 igitur
1355 2478 1475 2512 quandiu
1502 2478 1558 2505 haec
1577 2478 1647 2506 inter
1660 2486 1689 2506 se

901 2527 963 2557 apte
984 2530 1110 2550 connexa
1136 2527 1210 2554 sunt,
1238 2522 1320 2549 etiam
1346 2522 1490 2549 verissima
1514 2523 1689 2557 pulchritudo

901 2569 1081 2596 conveniente
1103 2569 1220 2603 quadam
1246 2568 1353 2595 ratione
1376 2575 1438 2595 cum
1465 2569 1593 2596 omnibus
1613 2576 1690 2596 eom-

903 2615 1080 2642 municatur:
1101 2621 1209 2649 semper
1231 2622 1273 2644 co,
1296 2614 1369 2648 quod
1395 2615 1455 2642 loco
1475 2618 1516 2642 est
1538 2615 1690 2649 superiore,

904 2661 1060 2696 proximum
1076 2660 1127 2688 sibi
1141 2665 1299 2687 exornante.
1319 2659 1367 2686 Ubi
1379 2666 1443 2687 vero
1455 2659 1592 2694 praeclarae
1611 2659 1691 2694 hujus

905 2706 1106 2742 coniunctionis
1117 2710 1158 2733 est
1171 2705 1239 2732 facta
1251 2705 1384 2738 divulsio;
1398 2707 1438 2733 vel
1446 2705 1637 2741 contra,un
1649 2708 1691 2732 est

906 2751 1080 2788 pmstantius
1100 2750 1197 2778 ordine
1213 2750 1321 2778 inverso
1335 2751 1458 2785 sequitur
1480 2750 1612 2778 inferius:
1632 2754 1689 2778 tum
