  <div class='ocr_page' id='page_1' title='image "/cluster/home/n/w/nwhite01/storage/ocr_20150623/44/njp.32101009003169/087.png"; bbox 0 0 1976 3077; ppageno 0'>
   <div class='ocr_carea' id='block_1_1' title="bbox 288 121 339 150">
    <p class='ocr_par' dir='ltr' id='par_1_1' title="bbox 288 121 339 150">
     <span class='ocr_line' id='line_1_1' title="bbox 288 121 339 150; baseline 0.02 -1"><span class='ocrx_word' id='word_1_1' title='bbox 288 121 339 150; x_wconf 69' lang='grc' dir='ltr'><strong>Μ’ιό</strong></span> 
     </span>
    </p>
   </div>
   <div class='ocr_carea' id='block_1_2' title="bbox 904 117 1279 146">
    <p class='ocr_par' dir='ltr' id='par_1_2' title="bbox 904 117 1279 146">
     <span class='ocr_line' id='line_1_2' title="bbox 904 117 1279 146; baseline 0 -1"><span class='ocrx_word' id='word_1_2' title='bbox 904 117 932 146; x_wconf 89' lang='lat' dir='ltr'><strong>S.</strong></span> <span class='ocrx_word' id='word_1_3' title='bbox 954 117 1118 146; x_wconf 73' lang='lat' dir='ltr'><strong>GREGOﬁtI</strong></span> <span class='ocrx_word' id='word_1_4' title='bbox 1135 118 1279 146; x_wconf 78' lang='lat' dir='ltr'><strong>NYSSENI</strong></span> 
     </span>
    </p>
   </div>
   <div class='ocr_carea' id='block_1_3' title="bbox 1864 124 1922 154">
    <p class='ocr_par' dir='ltr' id='par_1_3' title="bbox 1864 124 1922 154">
     <span class='ocr_line' id='line_1_3' title="bbox 1864 124 1922 154; baseline 0.052 -3"><span class='ocrx_word' id='word_1_5' title='bbox 1864 124 1922 154; x_wconf 68' lang='grc' dir='ltr'>τοι</span> 
     </span>
    </p>
   </div>
   <div class='ocr_carea' id='block_1_4' title="bbox 284 175 1077 213">
    <p class='ocr_par' dir='ltr' id='par_1_4' title="bbox 284 175 1072 208">
     <span class='ocr_line' id='line_1_4' title="bbox 284 175 1072 208; baseline 0.003 -5"><span class='ocrx_word' id='word_1_6' title='bbox 284 177 391 208; x_wconf 78' lang='lat' dir='ltr'><strong>scilicet</strong></span> <span class='ocrx_word' id='word_1_7' title='bbox 407 177 525 205; x_wconf 85' lang='lat' dir='ltr'><strong>rudioris</strong></span> <span class='ocrx_word' id='word_1_8' title='bbox 547 177 574 204; x_wconf 92' lang='lat' dir='ltr'><strong>in</strong></span> <span class='ocrx_word' id='word_1_9' title='bbox 600 175 712 204; x_wconf 81' lang='lat' dir='ltr'><strong>homine</strong></span> <span class='ocrx_word' id='word_1_10' title='bbox 728 175 850 203; x_wconf 77' lang='lat' dir='ltr'><strong>materiai</strong></span> <span class='ocrx_word' id='word_1_11' title='bbox 874 183 888 203; x_wconf 87' lang='lat' dir='ltr'><strong>a</strong></span> <span class='ocrx_word' id='word_1_12' title='bbox 904 180 1003 204; x_wconf 84' lang='lat' dir='ltr'><strong>natura</strong></span> <span class='ocrx_word' id='word_1_13' title='bbox 1026 177 1072 205; x_wconf 90' lang='lat' dir='ltr'><strong>de-</strong></span> 
     </span>
    </p>
   </div>
   <div class='ocr_carea' id='block_1_5' title="bbox 1128 175 1927 213">
    <p class='ocr_par' dir='ltr' id='par_1_5' title="bbox 1128 175 1927 213">
     <span class='ocr_line' id='line_1_5' title="bbox 1128 175 1927 213; baseline -0.003 -9"><span class='ocrx_word' id='word_1_14' title='bbox 1128 177 1237 212; x_wconf 81' lang='grc' dir='ltr'>αἴσχους</span> <span class='ocrx_word' id='word_1_15' title='bbox 1256 176 1300 203; x_wconf 84' lang='grc' dir='ltr'>διὰ</span> <span class='ocrx_word' id='word_1_16' title='bbox 1323 176 1373 210; x_wconf 76' lang='grc' dir='ltr'><strong>τῆς</strong></span> <span class='ocrx_word' id='word_1_17' title='bbox 1388 176 1494 211; x_wconf 71' lang='grc' dir='ltr'>φύσεως</span> <span class='ocrx_word' id='word_1_18' title='bbox 1513 176 1529 212; x_wconf 79' lang='grc' dir='ltr'><strong>ἡ</strong></span> <span class='ocrx_word' id='word_1_19' title='bbox 1544 175 1661 208; x_wconf 75' lang='grc' dir='ltr'><strong>διάδοσις</strong></span> <span class='ocrx_word' id='word_1_20' title='bbox 1675 175 1790 210; x_wconf 83' lang='grc' dir='ltr'>γίνεται,</span> <span class='ocrx_word' id='word_1_21' title='bbox 1807 176 1847 208; x_wconf 86' lang='grc' dir='ltr'><strong>ὡς</strong></span> <span class='ocrx_word' id='word_1_22' title='bbox 1865 186 1927 213; x_wconf 84' lang='grc' dir='ltr'>μη-</span> 
     </span>
    </p>
   </div>
   <div class='ocr_carea' id='block_1_6' title="bbox 285 221 1074 258">
    <p class='ocr_par' dir='ltr' id='par_1_6' title="bbox 285 221 1074 258">
     <span class='ocr_line' id='line_1_6' title="bbox 285 221 1074 258; baseline 0 -8"><span class='ocrx_word' id='word_1_23' title='bbox 285 227 366 250; x_wconf 67' lang='lat' dir='ltr'><strong>serta:</strong></span> <span class='ocrx_word' id='word_1_24' title='bbox 382 223 522 258; x_wconf 74' lang='lat' dir='ltr'><strong>turpitudo</strong></span> <span class='ocrx_word' id='word_1_25' title='bbox 540 222 655 257; x_wconf 83' lang='lat' dir='ltr'><strong>insignis</strong></span> <span class='ocrx_word' id='word_1_26' title='bbox 673 226 796 257; x_wconf 84' lang='lat' dir='ltr'><strong>apparet.</strong></span> <span class='ocrx_word' id='word_1_27' title='bbox 812 221 881 249; x_wconf 86' lang='lat' dir='ltr'><strong>Nam</strong></span> <span class='ocrx_word' id='word_1_28' title='bbox 900 222 958 257; x_wconf 89' lang='lat' dir='ltr'><strong>ipsa</strong></span> <span class='ocrx_word' id='word_1_29' title='bbox 978 230 1025 257; x_wconf 87' lang='lat' dir='ltr'><strong>per</strong></span> <span class='ocrx_word' id='word_1_30' title='bbox 1043 231 1074 250; x_wconf 90' lang='lat' dir='ltr'><strong>se</strong></span> 
     </span>
    </p>
   </div>
   <div class='ocr_carea' id='block_1_7' title="bbox 286 268 1072 304">
    <p class='ocr_par' dir='ltr' id='par_1_7' title="bbox 286 268 1072 304">
     <span class='ocr_line' id='line_1_7' title="bbox 286 268 1072 304; baseline -0.001 -9"><span class='ocrx_word' id='word_1_31' title='bbox 286 269 414 297; x_wconf 85' lang='lat' dir='ltr'><strong>materies</strong></span> <span class='ocrx_word' id='word_1_32' title='bbox 430 269 559 304; x_wconf 86' lang='lat' dir='ltr'><strong>quiddam</strong></span> <span class='ocrx_word' id='word_1_33' title='bbox 574 272 620 296; x_wconf 76' lang='lat' dir='ltr'><strong>est</strong></span> <span class='ocrx_word' id='word_1_34' title='bbox 631 268 754 295; x_wconf 83' lang='lat' dir='ltr'><strong>deforme</strong></span> <span class='ocrx_word' id='word_1_35' title='bbox 767 273 794 295; x_wconf 88' lang='lat' dir='ltr'><strong>et</strong></span> <span class='ocrx_word' id='word_1_36' title='bbox 807 268 1006 303; x_wconf 82' lang='lat' dir='ltr'><strong>imperfectum.</strong></span> <span class='ocrx_word' id='word_1_37' title='bbox 1021 268 1072 294; x_wconf 88' lang='lat' dir='ltr'><strong>De-</strong></span> 
     </span>
    </p>
   </div>
   <div class='ocr_carea' id='block_1_8' title="bbox 286 312 1073 347">
    <p class='ocr_par' dir='ltr' id='par_1_8' title="bbox 286 312 1073 347">
     <span class='ocr_line' id='line_1_8' title="bbox 286 312 1073 347; baseline 0 -7"><span class='ocrx_word' id='word_1_38' title='bbox 286 313 448 341; x_wconf 78' lang='lat' dir='ltr'><strong>formitatem</strong></span> <span class='ocrx_word' id='word_1_39' title='bbox 461 321 526 340; x_wconf 90' lang='lat' dir='ltr'><strong>vero</strong></span> <span class='ocrx_word' id='word_1_40' title='bbox 537 312 671 345; x_wconf 85' lang='lat' dir='ltr'><strong>materiei,</strong></span> <span class='ocrx_word' id='word_1_41' title='bbox 688 313 902 347; x_wconf 71' lang='lat' dir='ltr'><strong>pulchritudinis</strong></span> <span class='ocrx_word' id='word_1_42' title='bbox 919 313 1000 339; x_wconf 90' lang='lat' dir='ltr'><strong>etiam</strong></span> <span class='ocrx_word' id='word_1_43' title='bbox 1013 312 1073 347; x_wconf 84' lang='lat' dir='ltr'><strong>ejus</strong></span> 
     </span>
    </p>
   </div>
   <div class='ocr_carea' id='block_1_9' title="bbox 285 358 1073 395">
    <p class='ocr_par' dir='ltr' id='par_1_9' title="bbox 285 358 1073 395">
     <span class='ocr_line' id='line_1_9' title="bbox 285 358 1073 395; baseline -0.003 -9"><span class='ocrx_word' id='word_1_44' title='bbox 285 368 345 395; x_wconf 65' lang='lat' dir='ltr'><strong>quae</strong></span> <span class='ocrx_word' id='word_1_45' title='bbox 361 360 387 386; x_wconf 93' lang='lat' dir='ltr'><strong>in</strong></span> <span class='ocrx_word' id='word_1_46' title='bbox 414 363 511 386; x_wconf 86' lang='lat' dir='ltr'><strong>natura</strong></span> <span class='ocrx_word' id='word_1_47' title='bbox 535 363 588 390; x_wconf 85' lang='lat' dir='ltr'><strong>est,</strong></span> <span class='ocrx_word' id='word_1_48' title='bbox 617 366 633 385; x_wconf 82' lang='lat' dir='ltr'><strong>a</strong></span> <span class='ocrx_word' id='word_1_49' title='bbox 659 363 748 386; x_wconf 80' lang='lat' dir='ltr'><strong>mente</strong></span> <span class='ocrx_word' id='word_1_50' title='bbox 777 358 917 393; x_wconf 65' lang='lat' dir='ltr'><strong>profectae,</strong></span> <span class='ocrx_word' id='word_1_51' title='bbox 947 358 1073 385; x_wconf 85' lang='lat' dir='ltr'><strong>interitus</strong></span> 
     </span>
    </p>
   </div>
   <div class='ocr_carea' id='block_1_10' title="bbox 286 404 1074 439">
    <p class='ocr_par' dir='ltr' id='par_1_10' title="bbox 286 404 1074 439">
     <span class='ocr_line' id='line_1_10' title="bbox 286 404 1074 439; baseline -0.003 -7"><span class='ocrx_word' id='word_1_52' title='bbox 286 405 474 439; x_wconf 74' lang='lat' dir='ltr'><strong>consequitur.</strong></span> <span class='ocrx_word' id='word_1_53' title='bbox 491 404 536 431; x_wconf 84' lang='lat' dir='ltr'><strong>Sic</strong></span> <span class='ocrx_word' id='word_1_54' title='bbox 553 405 620 432; x_wconf 89' lang='lat' dir='ltr'><strong>adeo</strong></span> <span class='ocrx_word' id='word_1_55' title='bbox 637 404 760 431; x_wconf 89' lang='lat' dir='ltr'><strong>materiei</strong></span> <span class='ocrx_word' id='word_1_56' title='bbox 776 404 918 439; x_wconf 92' lang='lat' dir='ltr'><strong>turpitudo</strong></span> <span class='ocrx_word' id='word_1_57' title='bbox 935 412 983 438; x_wconf 85' lang='lat' dir='ltr'><strong>per</strong></span> <span class='ocrx_word' id='word_1_58' title='bbox 996 409 1074 430; x_wconf 84' lang='lat' dir='ltr'><strong>natu-</strong></span> 
     </span>
    </p>
   </div>
   <div class='ocr_carea' id='block_1_11' title="bbox 285 450 1074 486">
    <p class='ocr_par' dir='ltr' id='par_1_11' title="bbox 285 450 1074 486">
     <span class='ocr_line' id='line_1_11' title="bbox 285 450 1074 486; baseline -0.003 -8"><span class='ocrx_word' id='word_1_59' title='bbox 285 459 343 478; x_wconf 81' lang='lat' dir='ltr'><strong>ram</strong></span> <span class='ocrx_word' id='word_1_60' title='bbox 362 451 395 477; x_wconf 89' lang='lat' dir='ltr'><strong>ad</strong></span> <span class='ocrx_word' id='word_1_61' title='bbox 411 456 528 478; x_wconf 92' lang='lat' dir='ltr'><strong>mentem</strong></span> <span class='ocrx_word' id='word_1_62' title='bbox 551 452 638 486; x_wconf 87' lang='lat' dir='ltr'><strong>ipsam</strong></span> <span class='ocrx_word' id='word_1_63' title='bbox 655 450 801 483; x_wconf 84' lang='lat' dir='ltr'><strong>redundat,</strong></span> <span class='ocrx_word' id='word_1_64' title='bbox 826 455 856 477; x_wconf 91' lang='lat' dir='ltr'><strong>nt</strong></span> <span class='ocrx_word' id='word_1_65' title='bbox 880 459 933 477; x_wconf 90' lang='lat' dir='ltr'><strong>non</strong></span> <span class='ocrx_word' id='word_1_66' title='bbox 944 451 1000 485; x_wconf 85' lang='lat' dir='ltr'><strong>jam</strong></span> <span class='ocrx_word' id='word_1_67' title='bbox 1016 458 1074 477; x_wconf 86' lang='lat' dir='ltr'><strong>arn-</strong></span> 
     </span>
    </p>
   </div>
   <div class='ocr_carea' id='block_1_12' title="bbox 286 495 1074 532">
    <p class='ocr_par' dir='ltr' id='par_1_12' title="bbox 286 495 1074 532">
     <span class='ocr_line' id='line_1_12' title="bbox 286 495 1074 532; baseline -0.001 -9"><span class='ocrx_word' id='word_1_68' title='bbox 286 497 358 532; x_wconf 85' lang='lat' dir='ltr'><strong>plius</strong></span> <span class='ocrx_word' id='word_1_69' title='bbox 380 497 408 523; x_wconf 91' lang='lat' dir='ltr'><strong>in</strong></span> <span class='ocrx_word' id='word_1_70' title='bbox 424 497 509 523; x_wconf 87' lang='lat' dir='ltr'><strong>creati</strong></span> <span class='ocrx_word' id='word_1_71' title='bbox 536 497 622 532; x_wconf 69' lang='lat' dir='ltr'><strong>ﬁgura</strong></span> <span class='ocrx_word' id='word_1_72' title='bbox 648 497 737 531; x_wconf 88' lang='lat' dir='ltr'><strong>imago</strong></span> <span class='ocrx_word' id='word_1_73' title='bbox 766 497 811 523; x_wconf 89' lang='lat' dir='ltr'><strong>Dei</strong></span> <span class='ocrx_word' id='word_1_74' title='bbox 836 500 975 531; x_wconf 86' lang='lat' dir='ltr'><strong>appareat.</strong></span> <span class='ocrx_word' id='word_1_75' title='bbox 998 495 1074 523; x_wconf 90' lang='lat' dir='ltr'><strong>Mens</strong></span> 
     </span>
    </p>
   </div>
   <div class='ocr_carea' id='block_1_13' title="bbox 285 542 1074 577">
    <p class='ocr_par' dir='ltr' id='par_1_13' title="bbox 285 542 1074 577">
     <span class='ocr_line' id='line_1_13' title="bbox 285 542 1074 577; baseline -0.001 -8"><span class='ocrx_word' id='word_1_76' title='bbox 285 543 358 569; x_wconf 88' lang='lat' dir='ltr'><strong>enirn</strong></span> <span class='ocrx_word' id='word_1_77' title='bbox 374 543 508 569; x_wconf 88' lang='lat' dir='ltr'><strong>bonorum</strong></span> <span class='ocrx_word' id='word_1_78' title='bbox 523 542 610 569; x_wconf 86' lang='lat' dir='ltr'><strong>ideam</strong></span> <span class='ocrx_word' id='word_1_79' title='bbox 632 546 760 576; x_wconf 84' lang='lat' dir='ltr'><strong>tanquam</strong></span> <span class='ocrx_word' id='word_1_80' title='bbox 781 542 922 577; x_wconf 89' lang='lat' dir='ltr'><strong>speculum</strong></span> <span class='ocrx_word' id='word_1_81' title='bbox 941 548 1001 576; x_wconf 87' lang='lat' dir='ltr'><strong>post</strong></span> <span class='ocrx_word' id='word_1_82' title='bbox 1021 547 1074 568; x_wconf 86' lang='lat' dir='ltr'><strong>ter-</strong></span> 
     </span>
    </p>
   </div>
   <div class='ocr_carea' id='block_1_14' title="bbox 286 586 1075 622">
    <p class='ocr_par' dir='ltr' id='par_1_14' title="bbox 286 586 1075 622">
     <span class='ocr_line' id='line_1_14' title="bbox 286 586 1075 622; baseline 0 -9"><span class='ocrx_word' id='word_1_83' title='bbox 286 595 349 622; x_wconf 77' lang='lat' dir='ltr'><strong>gum</strong></span> <span class='ocrx_word' id='word_1_84' title='bbox 370 587 522 618; x_wconf 90' lang='lat' dir='ltr'><strong>collocans,</strong></span> <span class='ocrx_word' id='word_1_85' title='bbox 543 587 659 614; x_wconf 80' lang='lat' dir='ltr'><strong>eximios</strong></span> <span class='ocrx_word' id='word_1_86' title='bbox 677 586 741 613; x_wconf 90' lang='lat' dir='ltr'><strong>boni</strong></span> <span class='ocrx_word' id='word_1_87' title='bbox 765 586 965 621; x_wconf 87' lang='lat' dir='ltr'><strong>resplendentis</strong></span> <span class='ocrx_word' id='word_1_88' title='bbox 984 587 1075 613; x_wconf 86' lang='lat' dir='ltr'><strong>radios</strong></span> 
     </span>
    </p>
   </div>
   <div class='ocr_carea' id='block_1_15' title="bbox 286 632 1073 668">
    <p class='ocr_par' dir='ltr' id='par_1_15' title="bbox 286 632 1073 668">
     <span class='ocr_line' id='line_1_15' title="bbox 286 632 1073 668; baseline -0.003 -8"><span class='ocrx_word' id='word_1_89' title='bbox 286 633 386 668; x_wconf 83' lang='lat' dir='ltr'><strong>rejieit,</strong></span> <span class='ocrx_word' id='word_1_90' title='bbox 404 641 437 660; x_wconf 86' lang='lat' dir='ltr'><strong>ac</strong></span> <span class='ocrx_word' id='word_1_91' title='bbox 452 633 575 660; x_wconf 83' lang='lat' dir='ltr'><strong>materiei</strong></span> <span class='ocrx_word' id='word_1_92' title='bbox 590 632 793 660; x_wconf 88' lang='lat' dir='ltr'><strong>deformitatem</strong></span> <span class='ocrx_word' id='word_1_93' title='bbox 810 633 837 659; x_wconf 94' lang='lat' dir='ltr'><strong>in</strong></span> <span class='ocrx_word' id='word_1_94' title='bbox 856 640 916 660; x_wconf 80' lang='lat' dir='ltr'><strong>sese</strong></span> <span class='ocrx_word' id='word_1_95' title='bbox 931 632 1073 659; x_wconf 78' lang='lat' dir='ltr'><strong>transfert.</strong></span> 
     </span>
    </p>
   </div>
   <div class='ocr_carea' id='block_1_16' title="bbox 286 679 1074 714">
    <p class='ocr_par' dir='ltr' id='par_1_16' title="bbox 286 679 1074 714">
     <span class='ocr_line' id='line_1_16' title="bbox 286 679 1074 714; baseline 0 -9"><span class='ocrx_word' id='word_1_96' title='bbox 286 679 342 706; x_wconf 75' lang='lat' dir='ltr'><strong>Hoc</strong></span> <span class='ocrx_word' id='word_1_97' title='bbox 357 679 483 707; x_wconf 81' lang='lat' dir='ltr'><strong>videlicet</strong></span> <span class='ocrx_word' id='word_1_98' title='bbox 504 679 585 707; x_wconf 87' lang='lat' dir='ltr'><strong>modo</strong></span> <span class='ocrx_word' id='word_1_99' title='bbox 599 680 719 714; x_wconf 82' lang='lat' dir='ltr'><strong>pravitas</strong></span> <span class='ocrx_word' id='word_1_100' title='bbox 743 680 813 706; x_wconf 91' lang='lat' dir='ltr'><strong>bono</strong></span> <span class='ocrx_word' id='word_1_101' title='bbox 830 679 905 714; x_wconf 90' lang='lat' dir='ltr'><strong>prius</strong></span> <span class='ocrx_word' id='word_1_102' title='bbox 929 679 1006 713; x_wconf 80' lang='lat' dir='ltr'><strong>quasi</strong></span> <span class='ocrx_word' id='word_1_103' title='bbox 1032 681 1074 705; x_wconf 90' lang='lat' dir='ltr'><strong>in-</strong></span> 
     </span>
    </p>
   </div>
   <div class='ocr_carea' id='block_1_17' title="bbox 285 725 1073 758">
    <p class='ocr_par' dir='ltr' id='par_1_17' title="bbox 285 725 1073 758">
     <span class='ocr_line' id='line_1_17' title="bbox 285 725 1073 758; baseline -0.001 -6"><span class='ocrx_word' id='word_1_104' title='bbox 285 730 407 753; x_wconf 85' lang='lat' dir='ltr'><strong>terverso</strong></span> <span class='ocrx_word' id='word_1_105' title='bbox 434 733 466 752; x_wconf 91' lang='lat' dir='ltr'><strong>ac</strong></span> <span class='ocrx_word' id='word_1_106' title='bbox 480 726 597 758; x_wconf 85' lang='lat' dir='ltr'><strong>sublato,</strong></span> <span class='ocrx_word' id='word_1_107' title='bbox 622 727 710 752; x_wconf 92' lang='lat' dir='ltr'><strong>oritur</strong></span> <span class='ocrx_word' id='word_1_108' title='bbox 734 729 761 752; x_wconf 76' lang='lat' dir='ltr'><strong>tt</strong></span> <span class='ocrx_word' id='word_1_109' title='bbox 785 726 902 753; x_wconf 79' lang='lat' dir='ltr'><strong>exsistit.</strong></span> <span class='ocrx_word' id='word_1_110' title='bbox 927 725 1073 752; x_wconf 89' lang='lat' dir='ltr'><strong>Pulchrum</strong></span> 
     </span>
    </p>
   </div>
   <div class='ocr_carea' id='block_1_18' title="bbox 285 771 1075 806">
    <p class='ocr_par' dir='ltr' id='par_1_18' title="bbox 285 771 1075 806">
     <span class='ocr_line' id='line_1_18' title="bbox 285 771 1075 806; baseline -0.001 -9"><span class='ocrx_word' id='word_1_111' title='bbox 285 778 350 797; x_wconf 83' lang='lat' dir='ltr'><strong>vero</strong></span> <span class='ocrx_word' id='word_1_112' title='bbox 364 771 470 798; x_wconf 86' lang='lat' dir='ltr'><strong>censeri</strong></span> <span class='ocrx_word' id='word_1_113' title='bbox 490 771 581 802; x_wconf 70' lang='lat' dir='ltr'><strong>debet,</strong></span> <span class='ocrx_word' id='word_1_114' title='bbox 603 771 789 805; x_wconf 87' lang='lat' dir='ltr'><strong>quodcunque</strong></span> <span class='ocrx_word' id='word_1_115' title='bbox 818 771 850 798; x_wconf 84' lang='lat' dir='ltr'><strong>ad</strong></span> <span class='ocrx_word' id='word_1_116' title='bbox 877 771 1004 806; x_wconf 79' lang='lat' dir='ltr'><strong>princeps</strong></span> <span class='ocrx_word' id='word_1_117' title='bbox 1026 771 1075 798; x_wconf 89' lang='lat' dir='ltr'><strong>bo-</strong></span> 
     </span>
    </p>
   </div>
   <div class='ocr_carea' id='block_1_19' title="bbox 286 817 1073 852">
    <p class='ocr_par' dir='ltr' id='par_1_19' title="bbox 286 817 1073 852">
     <span class='ocr_line' id='line_1_19' title="bbox 286 817 1073 852; baseline 0.001 -9"><span class='ocrx_word' id='word_1_118' title='bbox 286 825 351 843; x_wconf 92' lang='lat' dir='ltr'><strong>num</strong></span> <span class='ocrx_word' id='word_1_119' title='bbox 369 817 505 852; x_wconf 80' lang='lat' dir='ltr'><strong>congruit.</strong></span> <span class='ocrx_word' id='word_1_120' title='bbox 532 817 666 852; x_wconf 85' lang='lat' dir='ltr'><strong>Quodque</strong></span> <span class='ocrx_word' id='word_1_121' title='bbox 682 822 896 845; x_wconf 74' lang='lat' dir='ltr'><strong>consentaneum</strong></span> <span class='ocrx_word' id='word_1_122' title='bbox 915 817 1002 844; x_wconf 84' lang='lat' dir='ltr'><strong>eidem</strong></span> <span class='ocrx_word' id='word_1_123' title='bbox 1020 825 1073 844; x_wconf 89' lang='lat' dir='ltr'><strong>non</strong></span> 
     </span>
    </p>
   </div>
   <div class='ocr_carea' id='block_1_20' title="bbox 285 862 1073 897">
    <p class='ocr_par' dir='ltr' id='par_1_20' title="bbox 285 862 1073 897">
     <span class='ocr_line' id='line_1_20' title="bbox 285 862 1073 897; baseline 0 -9"><span class='ocrx_word' id='word_1_124' title='bbox 285 866 337 893; x_wconf 82' lang='lat' dir='ltr'><strong>est,</strong></span> <span class='ocrx_word' id='word_1_125' title='bbox 353 862 444 889; x_wconf 88' lang='lat' dir='ltr'><strong>omnis</strong></span> <span class='ocrx_word' id='word_1_126' title='bbox 456 867 498 889; x_wconf 89' lang='lat' dir='ltr'><strong>est</strong></span> <span class='ocrx_word' id='word_1_127' title='bbox 508 862 720 896; x_wconf 83' lang='lat' dir='ltr'><strong>pulchritudinis</strong></span> <span class='ocrx_word' id='word_1_128' title='bbox 729 870 835 897; x_wconf 80' lang='lat' dir='ltr'><strong>expers.</strong></span> <span class='ocrx_word' id='word_1_129' title='bbox 854 862 1036 895; x_wconf 81' lang='lat' dir='ltr'><strong>Quamobrem</strong></span> <span class='ocrx_word' id='word_1_130' title='bbox 1051 862 1073 889; x_wconf 84' lang='lat' dir='ltr'><strong>s&#39;i</strong></span> 
     </span>
    </p>
   </div>
   <div class='ocr_carea' id='block_1_21' title="bbox 286 907 1073 944">
    <p class='ocr_par' dir='ltr' id='par_1_21' title="bbox 286 907 1073 944">
     <span class='ocr_line' id='line_1_21' title="bbox 286 907 1073 944; baseline -0.003 -9"><span class='ocrx_word' id='word_1_131' title='bbox 286 908 320 935; x_wconf 90' lang='lat' dir='ltr'><strong>de</strong></span> <span class='ocrx_word' id='word_1_132' title='bbox 335 909 471 935; x_wconf 89' lang='lat' dir='ltr'><strong>sententia</strong></span> <span class='ocrx_word' id='word_1_133' title='bbox 482 909 619 935; x_wconf 83' lang='lat' dir='ltr'><strong>rationum</strong></span> <span class='ocrx_word' id='word_1_134' title='bbox 634 909 831 944; x_wconf 77' lang='lat' dir='ltr'><strong>expositurum,</strong></span> <span class='ocrx_word' id='word_1_135' title='bbox 848 915 931 934; x_wconf 92' lang='lat' dir='ltr'><strong>unum</strong></span> <span class='ocrx_word' id='word_1_136' title='bbox 946 907 1073 942; x_wconf 84' lang='lat' dir='ltr'><strong>quiddam</strong></span> 
     </span>
    </p>
   </div>
   <div class='ocr_carea' id='block_1_22' title="bbox 285 953 1075 989">
    <p class='ocr_par' dir='ltr' id='par_1_22' title="bbox 285 953 1075 989">
     <span class='ocr_line' id='line_1_22' title="bbox 285 953 1075 989; baseline -0.003 -8"><span class='ocrx_word' id='word_1_137' title='bbox 285 957 329 981; x_wconf 87' lang='lat' dir='ltr'><strong>est</strong></span> <span class='ocrx_word' id='word_1_138' title='bbox 349 962 411 981; x_wconf 86' lang='lat' dir='ltr'><strong>vere</strong></span> <span class='ocrx_word' id='word_1_139' title='bbox 431 954 553 982; x_wconf 87' lang='lat' dir='ltr'><strong>bonum:</strong></span> <span class='ocrx_word' id='word_1_140' title='bbox 575 962 651 981; x_wconf 91' lang='lat' dir='ltr'><strong>mens</strong></span> <span class='ocrx_word' id='word_1_141' title='bbox 670 961 760 982; x_wconf 80' lang='lat' dir='ltr'><strong>autent</strong></span> <span class='ocrx_word' id='word_1_142' title='bbox 777 954 847 986; x_wconf 87' lang='lat' dir='ltr'><strong>ideo,</strong></span> <span class='ocrx_word' id='word_1_143' title='bbox 863 954 936 989; x_wconf 89' lang='lat' dir='ltr'><strong>quod</strong></span> <span class='ocrx_word' id='word_1_144' title='bbox 952 953 985 980; x_wconf 91' lang='lat' dir='ltr'><strong>ad</strong></span> <span class='ocrx_word' id='word_1_145' title='bbox 1005 953 1075 980; x_wconf 85' lang='lat' dir='ltr'><strong>ima-</strong></span> 
     </span>
    </p>
   </div>
   <div class='ocr_carea' id='block_1_23' title="bbox 286 999 1075 1035">
    <p class='ocr_par' dir='ltr' id='par_1_23' title="bbox 286 999 1075 1035">
     <span class='ocr_line' id='line_1_23' title="bbox 286 999 1075 1035; baseline -0.003 -9"><span class='ocrx_word' id='word_1_146' title='bbox 286 999 375 1035; x_wconf 78' lang='lat' dir='ltr'><strong>ginem</strong></span> <span class='ocrx_word' id='word_1_147' title='bbox 388 999 494 1034; x_wconf 87' lang='lat' dir='ltr'><strong>pulchri</strong></span> <span class='ocrx_word' id='word_1_148' title='bbox 509 1003 551 1027; x_wconf 88' lang='lat' dir='ltr'><strong>est</strong></span> <span class='ocrx_word' id='word_1_149' title='bbox 565 1000 746 1031; x_wconf 77' lang='lat' dir='ltr'><strong>conformata,</strong></span> <span class='ocrx_word' id='word_1_150' title='bbox 761 1004 788 1026; x_wconf 87' lang='lat' dir='ltr'><strong>et</strong></span> <span class='ocrx_word' id='word_1_151' title='bbox 799 1000 856 1034; x_wconf 88' lang='lat' dir='ltr'><strong>ipsa</strong></span> <span class='ocrx_word' id='word_1_152' title='bbox 874 999 1075 1034; x_wconf 84' lang='lat' dir='ltr'><strong>pulchritudine</strong></span> 
     </span>
    </p>
   </div>
   <div class='ocr_carea' id='block_1_24' title="bbox 286 1045 1075 1080">
    <p class='ocr_par' dir='ltr' id='par_1_24' title="bbox 286 1045 1075 1080">
     <span class='ocr_line' id='line_1_24' title="bbox 286 1045 1075 1080; baseline -0.001 -9"><span class='ocrx_word' id='word_1_153' title='bbox 286 1046 403 1080; x_wconf 85' lang='lat' dir='ltr'><strong>quadam</strong></span> <span class='ocrx_word' id='word_1_154' title='bbox 421 1049 518 1071; x_wconf 83' lang='lat' dir='ltr'><strong>ornata</strong></span> <span class='ocrx_word' id='word_1_155' title='bbox 541 1049 582 1072; x_wconf 87' lang='lat' dir='ltr'><strong>est</strong></span> <span class='ocrx_word' id='word_1_156' title='bbox 599 1055 606 1072; x_wconf 84' lang='lat'>:</span> <span class='ocrx_word' id='word_1_157' title='bbox 625 1045 743 1080; x_wconf 87' lang='lat' dir='ltr'><strong>denique</strong></span> <span class='ocrx_word' id='word_1_158' title='bbox 765 1050 872 1076; x_wconf 86' lang='lat' dir='ltr'><strong>natura,</strong></span> <span class='ocrx_word' id='word_1_159' title='bbox 891 1052 972 1079; x_wconf 88' lang='lat' dir='ltr'><strong>quam</strong></span> <span class='ocrx_word' id='word_1_160' title='bbox 999 1052 1075 1071; x_wconf 80' lang='lat' dir='ltr'><strong>mens</strong></span> 
     </span>
    </p>
   </div>
   <div class='ocr_carea' id='block_1_25' title="bbox 286 1090 1076 1124">
    <p class='ocr_par' dir='ltr' id='par_1_25' title="bbox 286 1090 1076 1124">
     <span class='ocr_line' id='line_1_25' title="bbox 286 1090 1076 1124; baseline -0.004 -6"><span class='ocrx_word' id='word_1_161' title='bbox 286 1091 420 1122; x_wconf 82' lang='lat' dir='ltr'><strong>continet,</strong></span> <span class='ocrx_word' id='word_1_162' title='bbox 441 1091 463 1118; x_wconf 90' lang='lat' dir='ltr'><strong>si</strong></span> <span class='ocrx_word' id='word_1_163' title='bbox 480 1095 521 1117; x_wconf 86' lang='lat' dir='ltr'><strong>est</strong></span> <span class='ocrx_word' id='word_1_164' title='bbox 543 1091 671 1124; x_wconf 77' lang='lat' dir='ltr'><strong>imaginis</strong></span> <span class='ocrx_word' id='word_1_165' title='bbox 695 1090 777 1124; x_wconf 85' lang='lat' dir='ltr'><strong>hujus</strong></span> <span class='ocrx_word' id='word_1_166' title='bbox 793 1091 845 1116; x_wconf 86' lang='lat' dir='ltr'><strong>alia</strong></span> <span class='ocrx_word' id='word_1_167' title='bbox 865 1090 987 1124; x_wconf 66' lang='lat' dir='ltr'><strong>qumdam</strong></span> <span class='ocrx_word' id='word_1_168' title='bbox 1010 1090 1076 1116; x_wconf 89' lang='lat' dir='ltr'><strong>ima-</strong></span> 
     </span>
    </p>
   </div>
   <div class='ocr_carea' id='block_1_26' title="bbox 285 1135 1076 1170">
    <p class='ocr_par' dir='ltr' id='par_1_26' title="bbox 285 1135 1076 1170">
     <span class='ocr_line' id='line_1_26' title="bbox 285 1135 1076 1170; baseline 0.001 -9"><span class='ocrx_word' id='word_1_169' title='bbox 285 1143 320 1170; x_wconf 80' lang='lat' dir='ltr'><strong>go</strong></span> <span class='ocrx_word' id='word_1_170' title='bbox 337 1145 343 1162; x_wconf 89' lang='lat'>:</span> <span class='ocrx_word' id='word_1_171' title='bbox 359 1135 410 1162; x_wconf 88' lang='lat' dir='ltr'><strong>erit</strong></span> <span class='ocrx_word' id='word_1_172' title='bbox 426 1140 566 1162; x_wconf 85' lang='lat' dir='ltr'><strong>ostensum</strong></span> <span class='ocrx_word' id='word_1_173' title='bbox 585 1135 656 1161; x_wconf 89' lang='lat' dir='ltr'><strong>haud</strong></span> <span class='ocrx_word' id='word_1_174' title='bbox 677 1135 759 1162; x_wconf 90' lang='lat' dir='ltr'><strong>dubie</strong></span> <span class='ocrx_word' id='word_1_175' title='bbox 779 1135 917 1161; x_wconf 87' lang='lat' dir='ltr'><strong>rudiOrcm</strong></span> <span class='ocrx_word' id='word_1_176' title='bbox 933 1135 1005 1161; x_wconf 89' lang='lat' dir='ltr'><strong>il&#39;am</strong></span> <span class='ocrx_word' id='word_1_177' title='bbox 1025 1142 1076 1162; x_wconf 85' lang='lat' dir='ltr'><strong>no-</strong></span> 
     </span>
    </p>
   </div>
   <div class='ocr_carea' id='block_1_27' title="bbox 286 1179 1075 1213">
    <p class='ocr_par' dir='ltr' id='par_1_27' title="bbox 286 1179 1075 1213">
     <span class='ocr_line' id='line_1_27' title="bbox 286 1179 1075 1213; baseline -0.004 -6"><span class='ocrx_word' id='word_1_178' title='bbox 286 1179 335 1207; x_wconf 87' lang='lat' dir='ltr'><strong>stri</strong></span> <span class='ocrx_word' id='word_1_179' title='bbox 352 1179 491 1206; x_wconf 82' lang='lat' dir='ltr'><strong>materiem</strong></span> <span class='ocrx_word' id='word_1_180' title='bbox 517 1183 573 1206; x_wconf 89' lang='lat' dir='ltr'><strong>tum</strong></span> <span class='ocrx_word' id='word_1_181' title='bbox 595 1179 703 1206; x_wconf 79' lang='lat' dir='ltr'><strong>domum</strong></span> <span class='ocrx_word' id='word_1_182' title='bbox 728 1184 801 1206; x_wconf 88' lang='lat' dir='ltr'><strong>recte</strong></span> <span class='ocrx_word' id='word_1_183' title='bbox 825 1179 903 1213; x_wconf 88' lang='lat' dir='ltr'><strong>quasi</strong></span> <span class='ocrx_word' id='word_1_184' title='bbox 926 1179 1075 1205; x_wconf 63' lang='lat' dir='ltr'><strong>staliilitam</strong></span> 
     </span>
    </p>
   </div>
   <div class='ocr_carea' id='block_1_28' title="bbox 286 1224 1077 1260">
    <p class='ocr_par' dir='ltr' id='par_1_28' title="bbox 286 1224 1077 1260">
     <span class='ocr_line' id='line_1_28' title="bbox 286 1224 1077 1260; baseline -0.003 -7"><span class='ocrx_word' id='word_1_185' title='bbox 286 1233 357 1257; x_wconf 79' lang='lat' dir='ltr'><strong>esse,</strong></span> <span class='ocrx_word' id='word_1_186' title='bbox 378 1225 489 1260; x_wconf 85' lang='lat' dir='ltr'><strong>quando</strong></span> <span class='ocrx_word' id='word_1_187' title='bbox 508 1234 522 1251; x_wconf 88' lang='lat' dir='ltr'><strong>a</strong></span> <span class='ocrx_word' id='word_1_188' title='bbox 541 1229 637 1252; x_wconf 82' lang='lat' dir='ltr'><strong>natura</strong></span> <span class='ocrx_word' id='word_1_189' title='bbox 653 1226 833 1260; x_wconf 81' lang='lat' dir='ltr'><strong>gubernatur.</strong></span> <span class='ocrx_word' id='word_1_190' title='bbox 850 1224 985 1252; x_wconf 71' lang='lat' dir='ltr'><strong>Ctetet&#39;um</strong></span> <span class='ocrx_word' id='word_1_191' title='bbox 1003 1232 1077 1252; x_wconf 85' lang='lat' dir='ltr'><strong>earn—</strong></span> 
     </span>
    </p>
   </div>
   <div class='ocr_carea' id='block_1_29' title="bbox 286 1271 1077 1306">
    <p class='ocr_par' dir='ltr' id='par_1_29' title="bbox 286 1271 1077 1306">
     <span class='ocr_line' id='line_1_29' title="bbox 286 1271 1077 1306; baseline -0.003 -7"><span class='ocrx_word' id='word_1_192' title='bbox 286 1273 348 1300; x_wconf 86' lang='lat' dir='ltr'><strong>dem</strong></span> <span class='ocrx_word' id='word_1_193' title='bbox 368 1273 486 1299; x_wconf 86' lang='lat' dir='ltr'><strong>solutam</strong></span> <span class='ocrx_word' id='word_1_194' title='bbox 507 1272 617 1303; x_wconf 85' lang='lat' dir='ltr'><strong>collabi,</strong></span> <span class='ocrx_word' id='word_1_195' title='bbox 641 1273 750 1306; x_wconf 83' lang='lat' dir='ltr'><strong>quando</strong></span> <span class='ocrx_word' id='word_1_196' title='bbox 774 1272 807 1298; x_wconf 87' lang='lat' dir='ltr'><strong>ab</strong></span> <span class='ocrx_word' id='word_1_197' title='bbox 830 1279 872 1303; x_wconf 87' lang='lat' dir='ltr'><strong>eo,</strong></span> <span class='ocrx_word' id='word_1_198' title='bbox 895 1279 948 1305; x_wconf 93' lang='lat' dir='ltr'><strong>quo</strong></span> <span class='ocrx_word' id='word_1_199' title='bbox 964 1271 1077 1298; x_wconf 80' lang='lat' dir='ltr'><strong>firmiter</strong></span> 
     </span>
    </p>
   </div>
   <div class='ocr_carea' id='block_1_30' title="bbox 287 1317 1078 1354">
    <p class='ocr_par' dir='ltr' id='par_1_30' title="bbox 287 1317 1078 1354">
     <span class='ocr_line' id='line_1_30' title="bbox 287 1317 1078 1354; baseline 0 -10"><span class='ocrx_word' id='word_1_200' title='bbox 287 1318 456 1349; x_wconf 84' lang='lat' dir='ltr'><strong>continetur,</strong></span> <span class='ocrx_word' id='word_1_201' title='bbox 477 1317 655 1352; x_wconf 84' lang='lat' dir='ltr'><strong>disjnngitur,</strong></span> <span class='ocrx_word' id='word_1_202' title='bbox 671 1322 698 1345; x_wconf 86' lang='lat' dir='ltr'><strong>et</strong></span> <span class='ocrx_word' id='word_1_203' title='bbox 712 1326 726 1344; x_wconf 87' lang='lat' dir='ltr'><strong>a</strong></span> <span class='ocrx_word' id='word_1_204' title='bbox 742 1318 847 1354; x_wconf 84' lang='lat' dir='ltr'><strong>pulchri</strong></span> <span class='ocrx_word' id='word_1_205' title='bbox 862 1318 992 1345; x_wconf 81' lang='lat' dir='ltr'><strong>societate</strong></span> <span class='ocrx_word' id='word_1_206' title='bbox 1005 1318 1078 1345; x_wconf 82' lang='lat' dir='ltr'><strong>avel-</strong></span> 
     </span>
    </p>
   </div>
   <div class='ocr_carea' id='block_1_31' title="bbox 288 1363 1078 1395">
    <p class='ocr_par' dir='ltr' id='par_1_31' title="bbox 288 1363 1078 1395">
     <span class='ocr_line' id='line_1_31' title="bbox 288 1363 1078 1395; baseline 0 -4"><span class='ocrx_word' id='word_1_207' title='bbox 288 1364 362 1391; x_wconf 91' lang='lat' dir='ltr'><strong>litur.</strong></span> <span class='ocrx_word' id='word_1_208' title='bbox 384 1363 455 1391; x_wconf 87' lang='lat' dir='ltr'><strong>Fieri</strong></span> <span class='ocrx_word' id='word_1_209' title='bbox 468 1364 519 1390; x_wconf 89' lang='lat' dir='ltr'><strong>hoc</strong></span> <span class='ocrx_word' id='word_1_210' title='bbox 533 1364 685 1395; x_wconf 83' lang='lat' dir='ltr'><strong>consuerit,</strong></span> <span class='ocrx_word' id='word_1_211' title='bbox 706 1371 767 1390; x_wconf 89' lang='lat' dir='ltr'><strong>cum</strong></span> <span class='ocrx_word' id='word_1_212' title='bbox 787 1368 893 1390; x_wconf 67' lang='lat' dir='ltr'><strong>natura:</strong></span> <span class='ocrx_word' id='word_1_213' title='bbox 907 1363 1078 1391; x_wconf 84' lang='lat' dir='ltr'><strong>ordoinrer-</strong></span> 
     </span>
    </p>
   </div>
   <div class='ocr_carea' id='block_1_32' title="bbox 289 1408 1078 1444">
    <p class='ocr_par' dir='ltr' id='par_1_32' title="bbox 289 1408 1078 1444">
     <span class='ocr_line' id='line_1_32' title="bbox 289 1408 1078 1444; baseline 0 -8"><span class='ocrx_word' id='word_1_214' title='bbox 289 1410 366 1442; x_wconf 71' lang='lat' dir='ltr'><strong>titur,</strong></span> <span class='ocrx_word' id='word_1_215' title='bbox 383 1409 468 1436; x_wconf 85' lang='lat' dir='ltr'><strong>animi</strong></span> <span class='ocrx_word' id='word_1_216' title='bbox 492 1409 604 1436; x_wconf 82' lang='lat' dir='ltr'><strong>libidine</strong></span> <span class='ocrx_word' id='word_1_217' title='bbox 627 1417 681 1436; x_wconf 89' lang='lat' dir='ltr'><strong>non</strong></span> <span class='ocrx_word' id='word_1_218' title='bbox 707 1408 741 1435; x_wconf 89' lang='lat' dir='ltr'><strong>ad</strong></span> <span class='ocrx_word' id='word_1_219' title='bbox 762 1409 972 1444; x_wconf 83' lang='lat' dir='ltr'><strong>pulchritudinis</strong></span> <span class='ocrx_word' id='word_1_220' title='bbox 993 1409 1078 1436; x_wconf 91' lang='lat' dir='ltr'><strong>decus</strong></span> 
     </span>
    </p>
   </div>
   <div class='ocr_carea' id='block_1_33' title="bbox 291 1454 1079 1490">
    <p class='ocr_par' dir='ltr' id='par_1_33' title="bbox 291 1454 1079 1490">
     <span class='ocr_line' id='line_1_33' title="bbox 291 1454 1079 1490; baseline -0.003 -8"><span class='ocrx_word' id='word_1_221' title='bbox 291 1456 450 1488; x_wconf 83' lang='lat' dir='ltr'><strong>inclinante,</strong></span> <span class='ocrx_word' id='word_1_222' title='bbox 476 1455 523 1482; x_wconf 83' lang='lat' dir='ltr'><strong>sed</strong></span> <span class='ocrx_word' id='word_1_223' title='bbox 541 1454 574 1482; x_wconf 88' lang='lat' dir='ltr'><strong>ad</strong></span> <span class='ocrx_word' id='word_1_224' title='bbox 597 1454 635 1486; x_wconf 90' lang='lat' dir='ltr'><strong>id,</strong></span> <span class='ocrx_word' id='word_1_225' title='bbox 655 1455 727 1489; x_wconf 90' lang='lat' dir='ltr'><strong>quod</strong></span> <span class='ocrx_word' id='word_1_226' title='bbox 753 1455 841 1489; x_wconf 85' lang='lat' dir='ltr'><strong>ipsum</strong></span> <span class='ocrx_word' id='word_1_227' title='bbox 868 1462 1031 1490; x_wconf 74' lang='lat' dir='ltr'><strong>magnopere</strong></span> <span class='ocrx_word' id='word_1_228' title='bbox 1049 1459 1079 1481; x_wconf 90' lang='lat' dir='ltr'><strong>ut</strong></span> 
     </span>
    </p>
   </div>
   <div class='ocr_carea' id='block_1_34' title="bbox 290 1499 1077 1536">
    <p class='ocr_par' dir='ltr' id='par_1_34' title="bbox 290 1499 1077 1536">
     <span class='ocr_line' id='line_1_34' title="bbox 290 1499 1077 1536; baseline -0.001 -8"><span class='ocrx_word' id='word_1_229' title='bbox 290 1505 437 1528; x_wconf 77' lang='lat' dir='ltr'><strong>exornetur</strong></span> <span class='ocrx_word' id='word_1_230' title='bbox 450 1500 561 1536; x_wconf 76' lang='lat' dir='ltr'><strong>indiget.</strong></span> <span class='ocrx_word' id='word_1_231' title='bbox 576 1499 633 1527; x_wconf 87' lang='lat' dir='ltr'><strong>Non</strong></span> <span class='ocrx_word' id='word_1_232' title='bbox 649 1500 721 1527; x_wconf 91' lang='lat' dir='ltr'><strong>enim</strong></span> <span class='ocrx_word' id='word_1_233' title='bbox 737 1500 794 1527; x_wconf 81' lang='lat' dir='ltr'><strong>fieri</strong></span> <span class='ocrx_word' id='word_1_234' title='bbox 806 1501 884 1527; x_wconf 85' lang='lat' dir='ltr'><strong>aliter</strong></span> <span class='ocrx_word' id='word_1_235' title='bbox 894 1506 994 1535; x_wconf 82' lang='lat' dir='ltr'><strong>potest,</strong></span> <span class='ocrx_word' id='word_1_236' title='bbox 1012 1501 1077 1535; x_wconf 86' lang='lat' dir='ltr'><strong>quin</strong></span> 
     </span>
    </p>
   </div>
   <div class='ocr_carea' id='block_1_35' title="bbox 290 1546 1079 1582">
    <p class='ocr_par' dir='ltr' id='par_1_35' title="bbox 290 1546 1079 1582">
     <span class='ocr_line' id='line_1_35' title="bbox 290 1546 1079 1582; baseline -0.001 -8"><span class='ocrx_word' id='word_1_237' title='bbox 290 1546 362 1582; x_wconf 82' lang='lat' dir='ltr'><strong>quod</strong></span> <span class='ocrx_word' id='word_1_238' title='bbox 385 1547 506 1574; x_wconf 88' lang='lat' dir='ltr'><strong>materiei</strong></span> <span class='ocrx_word' id='word_1_239' title='bbox 532 1546 642 1582; x_wconf 86' lang='lat' dir='ltr'><strong>propria</strong></span> <span class='ocrx_word' id='word_1_240' title='bbox 667 1546 754 1573; x_wconf 87' lang='lat' dir='ltr'><strong>forma</strong></span> <span class='ocrx_word' id='word_1_241' title='bbox 777 1546 913 1573; x_wconf 83' lang='lat' dir='ltr'><strong>destitutae</strong></span> <span class='ocrx_word' id='word_1_242' title='bbox 937 1547 1079 1573; x_wconf 86' lang='lat' dir='ltr'><strong>consimile</strong></span> 
     </span>
    </p>
   </div>
   <div class='ocr_carea' id='block_1_36' title="bbox 290 1591 1078 1626">
    <p class='ocr_par' dir='ltr' id='par_1_36' title="bbox 290 1591 1078 1626">
     <span class='ocr_line' id='line_1_36' title="bbox 290 1591 1078 1626; baseline 0 -7"><span class='ocrx_word' id='word_1_243' title='bbox 290 1592 406 1620; x_wconf 79' lang='lat' dir='ltr'><strong>eﬂicitur</strong></span> <span class='ocrx_word' id='word_1_244' title='bbox 426 1592 529 1619; x_wconf 84' lang='lat' dir='ltr'><strong>:etiam</strong></span> <span class='ocrx_word' id='word_1_245' title='bbox 545 1591 725 1619; x_wconf 78' lang='lat' dir='ltr'><strong>deformitatis</strong></span> <span class='ocrx_word' id='word_1_246' title='bbox 749 1591 934 1626; x_wconf 69' lang='lat' dir='ltr'><strong>fmditatisquc</strong></span> <span class='ocrx_word' id='word_1_247' title='bbox 957 1592 1078 1626; x_wconf 85' lang='lat' dir='ltr'><strong>ejusdem</strong></span> 
     </span>
    </p>
   </div>
   <div class='ocr_carea' id='block_1_37' title="bbox 293 1635 1080 1673">
    <p class='ocr_par' dir='ltr' id='par_1_37' title="bbox 293 1635 1080 1673">
     <span class='ocr_line' id='line_1_37' title="bbox 293 1635 1080 1673; baseline -0.004 -7"><span class='ocrx_word' id='word_1_248' title='bbox 293 1638 437 1673; x_wconf 74' lang='lat' dir='ltr'><strong>imaginem</strong></span> <span class='ocrx_word' id='word_1_249' title='bbox 452 1635 557 1664; x_wconf 89' lang='lat' dir='ltr'><strong>induat.</strong></span> <span class='ocrx_word' id='word_1_250' title='bbox 575 1637 627 1665; x_wconf 89' lang='lat' dir='ltr'><strong>Sed</strong></span> <span class='ocrx_word' id='word_1_251' title='bbox 651 1637 708 1664; x_wconf 68' lang='lat' dir='ltr'><strong>haec</strong></span> <span class='ocrx_word' id='word_1_252' title='bbox 722 1637 832 1672; x_wconf 91' lang='lat' dir='ltr'><strong>quidem</strong></span> <span class='ocrx_word' id='word_1_253' title='bbox 852 1637 887 1664; x_wconf 90' lang='lat' dir='ltr'><strong>ab</strong></span> <span class='ocrx_word' id='word_1_254' title='bbox 904 1638 965 1664; x_wconf 90' lang='lat' dir='ltr'><strong>aliis</strong></span> <span class='ocrx_word' id='word_1_255' title='bbox 980 1637 1013 1664; x_wconf 87' lang='lat' dir='ltr'><strong>ad</strong></span> <span class='ocrx_word' id='word_1_256' title='bbox 1027 1638 1080 1664; x_wconf 84' lang='lat' dir='ltr'><strong>alia</strong></span> 
     </span>
    </p>
   </div>
   <div class='ocr_carea' id='block_1_38' title="bbox 291 1681 1081 1718">
    <p class='ocr_par' dir='ltr' id='par_1_38' title="bbox 291 1681 1081 1718">
     <span class='ocr_line' id='line_1_38' title="bbox 291 1681 1081 1718; baseline -0.003 -8"><span class='ocrx_word' id='word_1_257' title='bbox 291 1684 407 1718; x_wconf 87' lang='lat' dir='ltr'><strong>delapsi,</strong></span> <span class='ocrx_word' id='word_1_258' title='bbox 425 1683 514 1710; x_wconf 87' lang='lat' dir='ltr'><strong>obiter</strong></span> <span class='ocrx_word' id='word_1_259' title='bbox 526 1683 632 1710; x_wconf 87' lang='lat' dir='ltr'><strong>scilicet</strong></span> <span class='ocrx_word' id='word_1_260' title='bbox 648 1683 810 1717; x_wconf 77' lang='lat' dir='ltr'><strong>expliCando</strong></span> <span class='ocrx_word' id='word_1_261' title='bbox 825 1681 1016 1713; x_wconf 83' lang='lat' dir='ltr'><strong>indicavimus,</strong></span> <span class='ocrx_word' id='word_1_262' title='bbox 1031 1683 1081 1709; x_wconf 93' lang='lat' dir='ltr'><strong>im-</strong></span> 
     </span>
    </p>
   </div>
   <div class='ocr_carea' id='block_1_39' title="bbox 293 1728 1080 1762">
    <p class='ocr_par' dir='ltr' id='par_1_39' title="bbox 293 1728 1080 1762">
     <span class='ocr_line' id='line_1_39' title="bbox 293 1728 1080 1762; baseline -0.001 -6"><span class='ocrx_word' id='word_1_263' title='bbox 293 1730 473 1757; x_wconf 87' lang='lat' dir='ltr'><strong>miscentihus</strong></span> <span class='ocrx_word' id='word_1_264' title='bbox 496 1737 556 1756; x_wconf 87' lang='lat' dir='ltr'><strong>sese</strong></span> <span class='ocrx_word' id='word_1_265' title='bbox 571 1729 613 1756; x_wconf 89' lang='lat' dir='ltr'><strong>his</strong></span> <span class='ocrx_word' id='word_1_266' title='bbox 627 1729 652 1755; x_wconf 91' lang='lat' dir='ltr'><strong>ei</strong></span> <span class='ocrx_word' id='word_1_267' title='bbox 674 1728 900 1759; x_wconf 89' lang='lat' dir='ltr'><strong>considerationi,</strong></span> <span class='ocrx_word' id='word_1_268' title='bbox 925 1736 978 1762; x_wconf 91' lang='lat' dir='ltr'><strong>qua</strong></span> <span class='ocrx_word' id='word_1_269' title='bbox 1001 1729 1027 1755; x_wconf 85' lang='lat' dir='ltr'><strong>id</strong></span> <span class='ocrx_word' id='word_1_270' title='bbox 1047 1729 1080 1756; x_wconf 88' lang='lat' dir='ltr'><strong>de</strong></span> 
     </span>
    </p>
   </div>
   <div class='ocr_carea' id='block_1_40' title="bbox 292 1773 1082 1812">
    <p class='ocr_par' dir='ltr' id='par_1_40' title="bbox 292 1773 1082 1812">
     <span class='ocr_line' id='line_1_40' title="bbox 292 1773 1082 1812; baseline -0.004 -9"><span class='ocrx_word' id='word_1_271' title='bbox 292 1784 346 1811; x_wconf 87' lang='lat' dir='ltr'><strong>quo</strong></span> <span class='ocrx_word' id='word_1_272' title='bbox 362 1776 461 1812; x_wconf 84' lang='lat' dir='ltr'><strong>agitur,</strong></span> <span class='ocrx_word' id='word_1_273' title='bbox 478 1775 623 1810; x_wconf 87' lang='lat' dir='ltr'><strong>complecti</strong></span> <span class='ocrx_word' id='word_1_274' title='bbox 640 1779 700 1803; x_wconf 86' lang='lat' dir='ltr'><strong>erat</strong></span> <span class='ocrx_word' id='word_1_275' title='bbox 713 1775 831 1801; x_wconf 83' lang='lat' dir='ltr'><strong>animus.</strong></span> <span class='ocrx_word' id='word_1_276' title='bbox 848 1773 904 1800; x_wconf 89' lang='lat' dir='ltr'><strong>lloe</strong></span> <span class='ocrx_word' id='word_1_277' title='bbox 919 1775 991 1801; x_wconf 88' lang='lat' dir='ltr'><strong>enim</strong></span> <span class='ocrx_word' id='word_1_278' title='bbox 1011 1782 1082 1809; x_wconf 67' lang='lat' dir='ltr'><strong>quec-</strong></span> 
     </span>
    </p>
   </div>
   <div class='ocr_carea' id='block_1_41' title="bbox 293 1821 1081 1857">
    <p class='ocr_par' dir='ltr' id='par_1_41' title="bbox 293 1821 1081 1857">
     <span class='ocr_line' id='line_1_41' title="bbox 293 1821 1081 1857; baseline -0.003 -8"><span class='ocrx_word' id='word_1_279' title='bbox 293 1822 430 1854; x_wconf 82' lang='lat' dir='ltr'><strong>rebamus;</strong></span> <span class='ocrx_word' id='word_1_280' title='bbox 445 1830 531 1857; x_wconf 87' lang='lat' dir='ltr'><strong>ecqua</strong></span> <span class='ocrx_word' id='word_1_281' title='bbox 546 1823 572 1849; x_wconf 93' lang='lat' dir='ltr'><strong>in</strong></span> <span class='ocrx_word' id='word_1_282' title='bbox 594 1826 671 1857; x_wconf 86' lang='lat' dir='ltr'><strong>parte</strong></span> <span class='ocrx_word' id='word_1_283' title='bbox 691 1823 777 1849; x_wconf 85' lang='lat' dir='ltr'><strong>nostri</strong></span> <span class='ocrx_word' id='word_1_284' title='bbox 794 1821 909 1850; x_wconf 80' lang='lat' dir='ltr'><strong>facultas</strong></span> <span class='ocrx_word' id='word_1_285' title='bbox 930 1821 1081 1856; x_wconf 80' lang='lat' dir='ltr'><strong>intelligen-</strong></span> 
     </span>
    </p>
   </div>
   <div class='ocr_carea' id='block_1_42' title="bbox 294 1869 1081 1903">
    <p class='ocr_par' dir='ltr' id='par_1_42' title="bbox 294 1869 1081 1903">
     <span class='ocr_line' id='line_1_42' title="bbox 294 1869 1081 1903; baseline -0.003 -8"><span class='ocrx_word' id='word_1_286' title='bbox 294 1869 337 1895; x_wconf 75' lang='lat' dir='ltr'><strong>tia:</strong></span> <span class='ocrx_word' id='word_1_287' title='bbox 350 1869 440 1896; x_wconf 71' lang='lat' dir='ltr'><strong>sedem</strong></span> <span class='ocrx_word' id='word_1_288' title='bbox 457 1869 602 1903; x_wconf 85' lang='lat' dir='ltr'><strong>quamdam</strong></span> <span class='ocrx_word' id='word_1_289' title='bbox 616 1872 719 1894; x_wconf 84' lang='lat' dir='ltr'><strong>certam</strong></span> <span class='ocrx_word' id='word_1_290' title='bbox 732 1869 867 1896; x_wconf 89' lang='lat' dir='ltr'><strong>obtineret</strong></span> <span class='ocrx_word' id='word_1_291' title='bbox 884 1878 889 1894; x_wconf 94' lang='lat'>:</span> <span class='ocrx_word' id='word_1_292' title='bbox 907 1875 940 1894; x_wconf 90' lang='lat' dir='ltr'><strong>an</strong></span> <span class='ocrx_word' id='word_1_293' title='bbox 955 1875 1018 1894; x_wconf 90' lang='lat' dir='ltr'><strong>vero</strong></span> <span class='ocrx_word' id='word_1_294' title='bbox 1034 1874 1081 1902; x_wconf 88' lang='lat' dir='ltr'><strong>per</strong></span> 
     </span>
    </p>
   </div>
   <div class='ocr_carea' id='block_1_43' title="bbox 293 1913 1081 1950">
    <p class='ocr_par' dir='ltr' id='par_1_43' title="bbox 293 1913 1081 1950">
     <span class='ocr_line' id='line_1_43' title="bbox 293 1913 1081 1950; baseline 0 -9"><span class='ocrx_word' id='word_1_295' title='bbox 293 1916 385 1942; x_wconf 86' lang='lat' dir='ltr'><strong>omnia</strong></span> <span class='ocrx_word' id='word_1_296' title='bbox 401 1915 528 1950; x_wconf 64' lang='lat' dir='ltr'><strong>aequabili</strong></span> <span class='ocrx_word' id='word_1_297' title='bbox 550 1922 579 1942; x_wconf 89' lang='lat' dir='ltr'><strong>se</strong></span> <span class='ocrx_word' id='word_1_298' title='bbox 600 1915 707 1942; x_wconf 86' lang='lat' dir='ltr'><strong>ratione</strong></span> <span class='ocrx_word' id='word_1_299' title='bbox 729 1915 813 1942; x_wconf 79' lang='lat' dir='ltr'><strong>didat.</strong></span> <span class='ocrx_word' id='word_1_300' title='bbox 837 1917 930 1949; x_wconf 85' lang='lat' dir='ltr'><strong>Itaque</strong></span> <span class='ocrx_word' id='word_1_301' title='bbox 950 1913 1081 1941; x_wconf 78' lang='lat' dir='ltr'><strong>adversus</strong></span> 
     </span>
    </p>
   </div>
   <div class='ocr_carea' id='block_1_44' title="bbox 293 1960 1082 1995">
    <p class='ocr_par' dir='ltr' id='par_1_44' title="bbox 293 1960 1082 1995">
     <span class='ocr_line' id='line_1_44' title="bbox 293 1960 1082 1995; baseline -0.003 -7"><span class='ocrx_word' id='word_1_302' title='bbox 293 1969 341 1988; x_wconf 85' lang='lat' dir='ltr'><strong>eos</strong></span> <span class='ocrx_word' id='word_1_303' title='bbox 357 1962 402 1995; x_wconf 87' lang='lat' dir='ltr'><strong>qui</strong></span> <span class='ocrx_word' id='word_1_304' title='bbox 421 1961 504 1987; x_wconf 86' lang='lat' dir='ltr'><strong>certis</strong></span> <span class='ocrx_word' id='word_1_305' title='bbox 519 1961 637 1995; x_wconf 91' lang='lat' dir='ltr'><strong>partium</strong></span> <span class='ocrx_word' id='word_1_306' title='bbox 658 1960 726 1987; x_wconf 89' lang='lat' dir='ltr'><strong>locis</strong></span> <span class='ocrx_word' id='word_1_307' title='bbox 743 1965 860 1988; x_wconf 87' lang='lat' dir='ltr'><strong>mentem</strong></span> <span class='ocrx_word' id='word_1_308' title='bbox 883 1960 1036 1993; x_wconf 80' lang='lat' dir='ltr'><strong>includunt,</strong></span> <span class='ocrx_word' id='word_1_309' title='bbox 1055 1963 1082 1987; x_wconf 87' lang='lat' dir='ltr'><strong>et</strong></span> 
     </span>
    </p>
   </div>
   <div class='ocr_carea' id='block_1_45' title="bbox 295 2005 1080 2040">
    <p class='ocr_par' dir='ltr' id='par_1_45' title="bbox 295 2005 1080 2040">
     <span class='ocr_line' id='line_1_45' title="bbox 295 2005 1080 2040; baseline -0.001 -8"><span class='ocrx_word' id='word_1_310' title='bbox 295 2007 327 2033; x_wconf 86' lang='lat' dir='ltr'><strong>ad</strong></span> <span class='ocrx_word' id='word_1_311' title='bbox 343 2005 557 2032; x_wconf 85' lang='lat' dir='ltr'><strong>confirmandam</strong></span> <span class='ocrx_word' id='word_1_312' title='bbox 574 2005 644 2032; x_wconf 86' lang='lat' dir='ltr'><strong>hanc</strong></span> <span class='ocrx_word' id='word_1_313' title='bbox 659 2006 843 2040; x_wconf 76' lang='lat' dir='ltr'><strong>conjecturam</strong></span> <span class='ocrx_word' id='word_1_314' title='bbox 861 2014 937 2033; x_wconf 87' lang='lat' dir='ltr'><strong>suam</strong></span> <span class='ocrx_word' id='word_1_315' title='bbox 954 2006 1080 2037; x_wconf 70' lang='lat' dir='ltr'><strong>aderunt,</strong></span> 
     </span>
    </p>
   </div>
   <div class='ocr_carea' id='block_1_46' title="bbox 294 2050 1081 2086">
    <p class='ocr_par' dir='ltr' id='par_1_46' title="bbox 294 2050 1081 2086">
     <span class='ocr_line' id='line_1_46' title="bbox 294 2050 1081 2086; baseline 0 -8"><span class='ocrx_word' id='word_1_316' title='bbox 294 2060 356 2079; x_wconf 78' lang='lat' dir='ltr'><strong>esse</strong></span> <span class='ocrx_word' id='word_1_317' title='bbox 380 2053 408 2078; x_wconf 92' lang='lat' dir='ltr'><strong>in</strong></span> <span class='ocrx_word' id='word_1_318' title='bbox 428 2051 463 2078; x_wconf 92' lang='lat' dir='ltr'><strong>iis</strong></span> <span class='ocrx_word' id='word_1_319' title='bbox 483 2050 672 2086; x_wconf 69' lang='lat' dir='ltr'><strong>intelligentia:</strong></span> <span class='ocrx_word' id='word_1_320' title='bbox 694 2052 749 2078; x_wconf 86' lang='lat' dir='ltr'><strong>vim</strong></span> <span class='ocrx_word' id='word_1_321' title='bbox 774 2052 940 2086; x_wconf 81' lang='lat' dir='ltr'><strong>languidam,</strong></span> <span class='ocrx_word' id='word_1_322' title='bbox 965 2058 1081 2086; x_wconf 89' lang='lat' dir='ltr'><strong>quorum</strong></span> 
     </span>
    </p>
   </div>
   <div class='ocr_carea' id='block_1_47' title="bbox 295 2097 1080 2129">
    <p class='ocr_par' dir='ltr' id='par_1_47' title="bbox 295 2097 1080 2129">
     <span class='ocr_line' id='line_1_47' title="bbox 295 2097 1080 2129; baseline -0.003 -4"><span class='ocrx_word' id='word_1_323' title='bbox 295 2098 366 2126; x_wconf 85' lang='lat' dir='ltr'><strong>male</strong></span> <span class='ocrx_word' id='word_1_324' title='bbox 379 2097 481 2125; x_wconf 90' lang='lat' dir='ltr'><strong>cerebri</strong></span> <span class='ocrx_word' id='word_1_325' title='bbox 497 2097 599 2124; x_wconf 77' lang='lat' dir='ltr'><strong>aﬂecta:</strong></span> <span class='ocrx_word' id='word_1_326' title='bbox 611 2098 665 2124; x_wconf 88' lang='lat' dir='ltr'><strong>sint</strong></span> <span class='ocrx_word' id='word_1_327' title='bbox 678 2098 844 2125; x_wconf 69' lang='lat' dir='ltr'><strong>membratim</strong></span> <span class='ocrx_word' id='word_1_328' title='bbox 856 2107 863 2124; x_wconf 92' lang='lat'><strong>:</strong></span> <span class='ocrx_word' id='word_1_329' title='bbox 877 2102 1016 2125; x_wconf 79' lang='lat' dir='ltr'><strong>ostensqu</strong></span> <span class='ocrx_word' id='word_1_330' title='bbox 1028 2101 1080 2129; x_wconf 88' lang='lat' dir='ltr'><strong>est,</strong></span> 
     </span>
    </p>
   </div>
   <div class='ocr_carea' id='block_1_48' title="bbox 296 2143 1082 2178">
    <p class='ocr_par' dir='ltr' id='par_1_48' title="bbox 296 2143 1082 2178">
     <span class='ocr_line' id='line_1_48' title="bbox 296 2143 1082 2178; baseline -0.001 -8"><span class='ocrx_word' id='word_1_331' title='bbox 296 2146 322 2170; x_wconf 89' lang='lat' dir='ltr'><strong>in</strong></span> <span class='ocrx_word' id='word_1_332' title='bbox 335 2144 409 2171; x_wconf 90' lang='lat' dir='ltr'><strong>omni</strong></span> <span class='ocrx_word' id='word_1_333' title='bbox 425 2143 548 2178; x_wconf 85' lang='lat' dir='ltr'><strong>corporis</strong></span> <span class='ocrx_word' id='word_1_334' title='bbox 563 2143 696 2176; x_wconf 84' lang='lat' dir='ltr'><strong>membro,</strong></span> <span class='ocrx_word' id='word_1_335' title='bbox 711 2143 783 2178; x_wconf 89' lang='lat' dir='ltr'><strong>quod</strong></span> <span class='ocrx_word' id='word_1_336' title='bbox 804 2144 912 2178; x_wconf 89' lang='lat' dir='ltr'><strong>quidem</strong></span> <span class='ocrx_word' id='word_1_337' title='bbox 931 2144 1026 2178; x_wconf 75' lang='lat' dir='ltr'><strong>agendi</strong></span> <span class='ocrx_word' id='word_1_338' title='bbox 1042 2143 1082 2169; x_wconf 86' lang='lat' dir='ltr'><strong>fa-</strong></span> 
     </span>
    </p>
   </div>
   <div class='ocr_carea' id='block_1_49' title="bbox 1124 221 1924 258">
    <p class='ocr_par' dir='ltr' id='par_1_49' title="bbox 1124 221 1924 258">
     <span class='ocr_line' id='line_1_49' title="bbox 1124 221 1924 258; baseline 0.001 -10"><span class='ocrx_word' id='word_1_339' title='bbox 1124 222 1183 248; x_wconf 83' lang='grc' dir='ltr'><strong>κέτι</strong></span> <span class='ocrx_word' id='word_1_340' title='bbox 1191 221 1237 248; x_wconf 88' lang='grc' dir='ltr'>τοῦ</span> <span class='ocrx_word' id='word_1_341' title='bbox 1247 221 1314 248; x_wconf 87' lang='grc' dir='ltr'>Θεοῦ</span> <span class='ocrx_word' id='word_1_342' title='bbox 1325 222 1374 256; x_wconf 78' lang='grc' dir='ltr'>τὴν</span> <span class='ocrx_word' id='word_1_343' title='bbox 1385 222 1475 248; x_wconf 82' lang='grc' dir='ltr'>εἰκόνα</span> <span class='ocrx_word' id='word_1_344' title='bbox 1488 223 1516 249; x_wconf 81' lang='grc' dir='ltr'>ὲν</span> <span class='ocrx_word' id='word_1_345' title='bbox 1525 222 1564 257; x_wconf 84' lang='grc' dir='ltr'><strong>τῷ</strong></span> <span class='ocrx_word' id='word_1_346' title='bbox 1577 222 1731 258; x_wconf 79' lang='grc' dir='ltr'><strong>χαρακτῆρι</strong></span> <span class='ocrx_word' id='word_1_347' title='bbox 1746 222 1924 257; x_wconf 67' lang='grc' dir='ltr'><strong>καθορᾶσθαι</strong></span> 
     </span>
    </p>
   </div>
   <div class='ocr_carea' id='block_1_50' title="bbox 1124 265 1920 303">
    <p class='ocr_par' dir='ltr' id='par_1_50' title="bbox 1124 265 1920 303">
     <span class='ocr_line' id='line_1_50' title="bbox 1124 265 1920 303; baseline -0.003 -8"><span class='ocrx_word' id='word_1_348' title='bbox 1124 268 1170 295; x_wconf 84' lang='grc' dir='ltr'><strong>τοῦ</strong></span> <span class='ocrx_word' id='word_1_349' title='bbox 1187 268 1354 302; x_wconf 81' lang='grc' dir='ltr'><strong>πλάσματος.</strong></span> <span class='ocrx_word' id='word_1_350' title='bbox 1382 265 1445 294; x_wconf 78' lang='grc' dir='ltr'>Οἷον</span> <span class='ocrx_word' id='word_1_351' title='bbox 1458 267 1512 303; x_wconf 87' lang='grc' dir='ltr'>γάρ</span> <span class='ocrx_word' id='word_1_352' title='bbox 1531 277 1557 294; x_wconf 90' lang='grc' dir='ltr'><strong>τι</strong></span> <span class='ocrx_word' id='word_1_353' title='bbox 1575 268 1727 302; x_wconf 79' lang='grc' dir='ltr'><strong>κάτοπτρον</strong></span> <span class='ocrx_word' id='word_1_354' title='bbox 1743 267 1812 294; x_wconf 79' lang='grc' dir='ltr'>κατὰ</span> <span class='ocrx_word' id='word_1_355' title='bbox 1827 267 1920 293; x_wconf 69' lang='grc' dir='ltr'>νώτου</span> 
     </span>
    </p>
   </div>
   <div class='ocr_carea' id='block_1_51' title="bbox 1123 311 1920 348">
    <p class='ocr_par' dir='ltr' id='par_1_51' title="bbox 1123 311 1920 348">
     <span class='ocr_line' id='line_1_51' title="bbox 1123 311 1920 348; baseline -0.004 -8"><span class='ocrx_word' id='word_1_356' title='bbox 1123 313 1172 348; x_wconf 74' lang='grc' dir='ltr'><strong>τὴν</strong></span> <span class='ocrx_word' id='word_1_357' title='bbox 1186 313 1240 340; x_wconf 90' lang='grc' dir='ltr'>τῶν</span> <span class='ocrx_word' id='word_1_358' title='bbox 1255 313 1364 347; x_wconf 82' lang='grc' dir='ltr'><strong>ἀγαθῶν</strong></span> <span class='ocrx_word' id='word_1_359' title='bbox 1382 312 1454 339; x_wconf 77' lang='grc' dir='ltr'>ἰδέαν</span> <span class='ocrx_word' id='word_1_360' title='bbox 1470 313 1484 338; x_wconf 86' lang='grc' dir='ltr'><strong>ὁ</strong></span> <span class='ocrx_word' id='word_1_361' title='bbox 1496 312 1558 343; x_wconf 81' lang='grc' dir='ltr'>νοῦς</span> <span class='ocrx_word' id='word_1_362' title='bbox 1578 312 1770 347; x_wconf 75' lang='grc' dir='ltr'><strong>ποιησάμενος,</strong></span> <span class='ocrx_word' id='word_1_363' title='bbox 1787 311 1920 338; x_wconf 76' lang='grc' dir='ltr'>ἐκϐάλλει</span> 
     </span>
    </p>
   </div>
   <div class='ocr_carea' id='block_1_52' title="bbox 1126 356 1921 393">
    <p class='ocr_par' dir='ltr' id='par_1_52' title="bbox 1126 356 1921 393">
     <span class='ocr_line' id='line_1_52' title="bbox 1126 356 1921 393; baseline -0.005 -8"><span class='ocrx_word' id='word_1_364' title='bbox 1126 359 1174 393; x_wconf 82' lang='grc' dir='ltr'>μὲν</span> <span class='ocrx_word' id='word_1_365' title='bbox 1189 359 1239 393; x_wconf 80' lang='grc' dir='ltr'><strong>τῆς</strong></span> <span class='ocrx_word' id='word_1_366' title='bbox 1254 358 1416 393; x_wconf 77' lang='grc' dir='ltr'>ἑκλάμψεως</span> <span class='ocrx_word' id='word_1_367' title='bbox 1436 357 1481 384; x_wconf 82' lang='grc' dir='ltr'><strong>τοῦ</strong></span> <span class='ocrx_word' id='word_1_368' title='bbox 1506 357 1610 391; x_wconf 83' lang='grc' dir='ltr'>ἀγαθοῦ</span> <span class='ocrx_word' id='word_1_369' title='bbox 1626 357 1675 388; x_wconf 72' lang='grc' dir='ltr'>τὰς</span> <span class='ocrx_word' id='word_1_370' title='bbox 1695 356 1840 391; x_wconf 74' lang='grc' dir='ltr'>ἐμφάσεις,</span> <span class='ocrx_word' id='word_1_371' title='bbox 1865 356 1921 390; x_wconf 82' lang='grc' dir='ltr'>τῆς</span> 
     </span>
    </p>
   </div>
   <div class='ocr_carea' id='block_1_53' title="bbox 1124 403 1922 440">
    <p class='ocr_par' dir='ltr' id='par_1_53' title="bbox 1124 403 1922 440">
     <span class='ocr_line' id='line_1_53' title="bbox 1124 403 1922 440; baseline -0.005 -8"><span class='ocrx_word' id='word_1_372' title='bbox 1124 406 1151 432; x_wconf 82' lang='grc' dir='ltr'>δὲ</span> <span class='ocrx_word' id='word_1_373' title='bbox 1172 405 1238 440; x_wconf 77' lang='grc' dir='ltr'>ὕλης</span> <span class='ocrx_word' id='word_1_374' title='bbox 1253 405 1302 439; x_wconf 86' lang='grc' dir='ltr'><strong>τὴν</strong></span> <span class='ocrx_word' id='word_1_375' title='bbox 1322 404 1459 440; x_wconf 77' lang='grc' dir='ltr'><strong>ἀμορφίαν</strong></span> <span class='ocrx_word' id='word_1_376' title='bbox 1480 404 1520 435; x_wconf 78' lang='grc' dir='ltr'><strong>εἰς</strong></span> <span class='ocrx_word' id='word_1_377' title='bbox 1536 403 1631 430; x_wconf 75' lang='grc' dir='ltr'>ἑαυτὸν</span> <span class='ocrx_word' id='word_1_378' title='bbox 1647 403 1845 438; x_wconf 84' lang='grc' dir='ltr'>ἀναμάσσεται.</span> <span class='ocrx_word' id='word_1_379' title='bbox 1859 404 1922 430; x_wconf 71' lang='grc' dir='ltr'><strong>Καὶ</strong></span> 
     </span>
    </p>
   </div>
   <div class='ocr_carea' id='block_1_54' title="bbox 1124 448 1922 486">
    <p class='ocr_par' dir='ltr' id='par_1_54' title="bbox 1124 448 1922 486">
     <span class='ocr_line' id='line_1_54' title="bbox 1124 448 1922 486; baseline -0.004 -9"><span class='ocrx_word' id='word_1_380' title='bbox 1124 451 1210 485; x_wconf 80' lang='grc' dir='ltr'>τούτῳ</span> <span class='ocrx_word' id='word_1_381' title='bbox 1217 451 1320 485; x_wconf 85' lang='grc' dir='ltr'>γίνεται</span> <span class='ocrx_word' id='word_1_382' title='bbox 1332 450 1370 486; x_wconf 79' lang='grc' dir='ltr'>τῷ</span> <span class='ocrx_word' id='word_1_383' title='bbox 1380 450 1472 485; x_wconf 79' lang='grc' dir='ltr'>τρόπῳ</span> <span class='ocrx_word' id='word_1_384' title='bbox 1486 449 1532 476; x_wconf 90' lang='grc' dir='ltr'>τοῦ</span> <span class='ocrx_word' id='word_1_385' title='bbox 1543 449 1628 476; x_wconf 83' lang='grc' dir='ltr'>κακοῦ</span> <span class='ocrx_word' id='word_1_386' title='bbox 1643 449 1660 484; x_wconf 85' lang='grc' dir='ltr'>ἡ</span> <span class='ocrx_word' id='word_1_387' title='bbox 1677 449 1793 482; x_wconf 83' lang='grc' dir='ltr'>γένεσις,</span> <span class='ocrx_word' id='word_1_388' title='bbox 1808 448 1853 475; x_wconf 78' lang='grc' dir='ltr'>διὰ</span> <span class='ocrx_word' id='word_1_389' title='bbox 1865 449 1922 483; x_wconf 80' lang='grc' dir='ltr'><strong>τῆς</strong></span> 
     </span>
    </p>
   </div>
   <div class='ocr_carea' id='block_1_55' title="bbox 1125 494 1922 532">
    <p class='ocr_par' dir='ltr' id='par_1_55' title="bbox 1125 494 1922 532">
     <span class='ocr_line' id='line_1_55' title="bbox 1125 494 1922 532; baseline -0.003 -10"><span class='ocrx_word' id='word_1_390' title='bbox 1125 497 1324 532; x_wconf 73' lang='grc' dir='ltr'>ὑπεξαιρέσεως</span> <span class='ocrx_word' id='word_1_391' title='bbox 1344 496 1391 522; x_wconf 84' lang='grc' dir='ltr'><strong>τοῦ</strong></span> <span class='ocrx_word' id='word_1_392' title='bbox 1407 495 1490 522; x_wconf 86' lang='grc' dir='ltr'>καλοῦ</span> <span class='ocrx_word' id='word_1_393' title='bbox 1511 495 1750 531; x_wconf 76' lang='grc' dir='ltr'>παρυιρισταμὲνη.</span> <span class='ocrx_word' id='word_1_394' title='bbox 1782 494 1872 520; x_wconf 56' lang='grc' dir='ltr'>Καλὸν</span> <span class='ocrx_word' id='word_1_395' title='bbox 1888 494 1922 521; x_wconf 68' lang='grc' dir='ltr'>δὲ</span> 
     </span>
    </p>
   </div>
   <div class='ocr_carea' id='block_1_56' title="bbox 1125 538 1922 576">
    <p class='ocr_par' dir='ltr' id='par_1_56' title="bbox 1125 538 1922 576">
     <span class='ocr_line' id='line_1_56' title="bbox 1125 538 1922 576; baseline -0.004 -8"><span class='ocrx_word' id='word_1_396' title='bbox 1125 543 1190 574; x_wconf 74' lang='grc' dir='ltr'>πᾶν,</span> <span class='ocrx_word' id='word_1_397' title='bbox 1207 543 1274 576; x_wconf 82' lang='grc' dir='ltr'>ὅπερ</span> <span class='ocrx_word' id='word_1_398' title='bbox 1294 541 1327 567; x_wconf 79' lang='grc' dir='ltr'><strong>ἂν</strong></span> <span class='ocrx_word' id='word_1_399' title='bbox 1349 541 1417 576; x_wconf 83' lang='grc' dir='ltr'><strong>τύχῃ</strong></span> <span class='ocrx_word' id='word_1_400' title='bbox 1434 540 1501 576; x_wconf 81' lang='grc' dir='ltr'>πρὸς</span> <span class='ocrx_word' id='word_1_401' title='bbox 1520 540 1552 566; x_wconf 81' lang='grc' dir='ltr'>τὸ</span> <span class='ocrx_word' id='word_1_402' title='bbox 1574 540 1681 575; x_wconf 85' lang='grc' dir='ltr'>πρῶτον</span> <span class='ocrx_word' id='word_1_403' title='bbox 1695 539 1795 573; x_wconf 77' lang='grc' dir='ltr'>ἀγαθὸν</span> <span class='ocrx_word' id='word_1_404' title='bbox 1806 538 1922 570; x_wconf 64' lang='grc' dir='ltr'>οἶκείως</span> 
     </span>
    </p>
   </div>
   <div class='ocr_carea' id='block_1_57' title="bbox 1125 584 1922 622">
    <p class='ocr_par' dir='ltr' id='par_1_57' title="bbox 1125 584 1922 622">
     <span class='ocr_line' id='line_1_57' title="bbox 1125 584 1922 622; baseline -0.004 -9"><span class='ocrx_word' id='word_1_405' title='bbox 1125 587 1200 622; x_wconf 67' lang='grc' dir='ltr'>ἕχον*</span> <span class='ocrx_word' id='word_1_406' title='bbox 1215 588 1229 613; x_wconf 84' lang='grc' dir='ltr'>ὃ</span> <span class='ocrx_word' id='word_1_407' title='bbox 1244 596 1269 613; x_wconf 83' lang='grc' dir='ltr'>τι</span> <span class='ocrx_word' id='word_1_408' title='bbox 1282 586 1303 613; x_wconf 73' lang='grc' dir='ltr'>δ’</span> <span class='ocrx_word' id='word_1_409' title='bbox 1319 586 1351 612; x_wconf 80' lang='grc' dir='ltr'>ἂν</span> <span class='ocrx_word' id='word_1_410' title='bbox 1365 586 1417 618; x_wconf 79' lang='grc' dir='ltr'>ἔξω</span> <span class='ocrx_word' id='word_1_411' title='bbox 1433 586 1542 621; x_wconf 80' lang='grc' dir='ltr'>γένηται</span> <span class='ocrx_word' id='word_1_412' title='bbox 1556 586 1605 620; x_wconf 83' lang='grc' dir='ltr'>τῆς</span> <span class='ocrx_word' id='word_1_413' title='bbox 1622 585 1690 620; x_wconf 68' lang='grc' dir='ltr'>πρὶς</span> <span class='ocrx_word' id='word_1_414' title='bbox 1704 585 1782 611; x_wconf 78' lang='grc' dir='ltr'>τοῦτο</span> <span class='ocrx_word' id='word_1_415' title='bbox 1796 584 1922 620; x_wconf 79' lang='grc' dir='ltr'>σχέσεώς</span> 
     </span>
    </p>
   </div>
   <div class='ocr_carea' id='block_1_58' title="bbox 1124 631 1920 668">
    <p class='ocr_par' dir='ltr' id='par_1_58' title="bbox 1124 631 1920 668">
     <span class='ocr_line' id='line_1_58' title="bbox 1124 631 1920 668; baseline -0.004 -8"><span class='ocrx_word' id='word_1_416' title='bbox 1124 643 1153 660; x_wconf 83' lang='grc' dir='ltr'>τε</span> <span class='ocrx_word' id='word_1_417' title='bbox 1167 634 1213 660; x_wconf 71' lang='grc' dir='ltr'><strong>καὶ</strong></span> <span class='ocrx_word' id='word_1_418' title='bbox 1230 633 1395 668; x_wconf 83' lang='grc' dir='ltr'>ὁμοιώσεως,</span> <span class='ocrx_word' id='word_1_419' title='bbox 1409 633 1521 667; x_wconf 81' lang='grc' dir='ltr'>ἄμοιρον</span> <span class='ocrx_word' id='word_1_420' title='bbox 1546 631 1592 658; x_wconf 81' lang='grc' dir='ltr'>τοῦ</span> <span class='ocrx_word' id='word_1_421' title='bbox 1614 632 1694 658; x_wconf 84' lang='grc' dir='ltr'>καλοῦ</span> <span class='ocrx_word' id='word_1_422' title='bbox 1708 633 1815 663; x_wconf 74' lang='grc' dir='ltr'>πάντως</span> <span class='ocrx_word' id='word_1_423' title='bbox 1829 631 1920 657; x_wconf 74' lang='grc' dir='ltr'>ἐστίν.</span> 
     </span>
    </p>
   </div>
   <div class='ocr_carea' id='block_1_59' title="bbox 1125 678 1923 714">
    <p class='ocr_par' dir='ltr' id='par_1_59' title="bbox 1125 678 1923 714">
     <span class='ocr_line' id='line_1_59' title="bbox 1125 678 1923 714; baseline -0.004 -8"><span class='ocrx_word' id='word_1_424' title='bbox 1125 680 1156 706; x_wconf 82' lang='grc' dir='ltr'>Εἰ</span> <span class='ocrx_word' id='word_1_425' title='bbox 1171 678 1217 706; x_wconf 85' lang='grc' dir='ltr'><strong>οὖν</strong></span> <span class='ocrx_word' id='word_1_426' title='bbox 1233 679 1262 706; x_wconf 83' lang='grc' dir='ltr'>ἒν</span> <span class='ocrx_word' id='word_1_427' title='bbox 1277 679 1326 714; x_wconf 80' lang='grc' dir='ltr'>μὲν</span> <span class='ocrx_word' id='word_1_428' title='bbox 1343 678 1414 705; x_wconf 82' lang='grc' dir='ltr'>κατὰ</span> <span class='ocrx_word' id='word_1_429' title='bbox 1433 678 1477 704; x_wconf 80' lang='grc' dir='ltr'><strong>τὸν</strong></span> <span class='ocrx_word' id='word_1_430' title='bbox 1500 678 1671 714; x_wconf 75' lang='grc' dir='ltr'><strong>θεωρηθέντα</strong></span> <span class='ocrx_word' id='word_1_431' title='bbox 1687 678 1764 712; x_wconf 88' lang='grc' dir='ltr'>λόγον</span> <span class='ocrx_word' id='word_1_432' title='bbox 1785 678 1816 704; x_wconf 80' lang='grc' dir='ltr'><strong>τὺ</strong></span> <span class='ocrx_word' id='word_1_433' title='bbox 1830 678 1923 708; x_wconf 71' lang='grc' dir='ltr'>ὅντως</span> 
     </span>
    </p>
   </div>
   <div class='ocr_carea' id='block_1_60' title="bbox 1125 723 1924 762">
    <p class='ocr_par' dir='ltr' id='par_1_60' title="bbox 1125 723 1924 762">
     <span class='ocr_line' id='line_1_60' title="bbox 1125 723 1924 762; baseline -0.008 -8"><span class='ocrx_word' id='word_1_434' title='bbox 1125 727 1225 762; x_wconf 84' lang='grc' dir='ltr'>ἀγαθόν</span> <span class='ocrx_word' id='word_1_435' title='bbox 1238 735 1243 740; x_wconf 87' lang='grc'><strong>·</strong></span> <span class='ocrx_word' id='word_1_436' title='bbox 1273 728 1287 753; x_wconf 89' lang='grc' dir='ltr'><strong>ό</strong></span> <span class='ocrx_word' id='word_1_437' title='bbox 1300 727 1327 753; x_wconf 84' lang='grc' dir='ltr'>δὲ</span> <span class='ocrx_word' id='word_1_438' title='bbox 1340 726 1402 757; x_wconf 83' lang='grc' dir='ltr'>νοῦς</span> <span class='ocrx_word' id='word_1_439' title='bbox 1414 725 1453 760; x_wconf 84' lang='grc' dir='ltr'>τῷ</span> <span class='ocrx_word' id='word_1_440' title='bbox 1469 725 1529 752; x_wconf 78' lang='grc' dir='ltr'>κατ’</span> <span class='ocrx_word' id='word_1_441' title='bbox 1541 725 1633 751; x_wconf 74' lang='grc' dir='ltr'>εἰκόνα</span> <span class='ocrx_word' id='word_1_442' title='bbox 1646 724 1691 750; x_wconf 86' lang='grc' dir='ltr'><strong>τοῦ</strong></span> <span class='ocrx_word' id='word_1_443' title='bbox 1709 723 1792 750; x_wconf 84' lang='grc' dir='ltr'>καλοῦ</span> <span class='ocrx_word' id='word_1_444' title='bbox 1805 723 1924 758; x_wconf 84' lang='grc' dir='ltr'>γεγενῆ-</span> 
     </span>
    </p>
   </div>
   <div class='ocr_carea' id='block_1_61' title="bbox 1127 769 1924 807">
    <p class='ocr_par' dir='ltr' id='par_1_61' title="bbox 1127 769 1924 807">
     <span class='ocr_line' id='line_1_61' title="bbox 1127 769 1924 807; baseline -0.006 -7"><span class='ocrx_word' id='word_1_445' title='bbox 1127 774 1198 804; x_wconf 88' lang='grc' dir='ltr'>σθαι,</span> <span class='ocrx_word' id='word_1_446' title='bbox 1215 773 1261 800; x_wconf 76' lang='grc' dir='ltr'>καὶ</span> <span class='ocrx_word' id='word_1_447' title='bbox 1278 773 1357 804; x_wconf 74' lang='grc' dir='ltr'>αὐτὸς</span> <span class='ocrx_word' id='word_1_448' title='bbox 1365 772 1420 807; x_wconf 72' lang='grc' dir='ltr'>ἔχει</span> <span class='ocrx_word' id='word_1_449' title='bbox 1430 772 1459 798; x_wconf 82' lang='grc' dir='ltr'><strong>τὸ</strong></span> <span class='ocrx_word' id='word_1_450' title='bbox 1475 771 1555 803; x_wconf 76' lang='grc' dir='ltr'>καλὸς</span> <span class='ocrx_word' id='word_1_451' title='bbox 1567 769 1635 797; x_wconf 79' lang='grc' dir='ltr'>εἶναι</span> <span class='ocrx_word' id='word_1_452' title='bbox 1646 778 1653 785; x_wconf 89' lang='grc'>·</span> <span class='ocrx_word' id='word_1_453' title='bbox 1665 771 1681 804; x_wconf 82' lang='grc' dir='ltr'>ἡ</span> <span class='ocrx_word' id='word_1_454' title='bbox 1697 769 1725 796; x_wconf 81' lang='grc' dir='ltr'><strong>δὲ</strong></span> <span class='ocrx_word' id='word_1_455' title='bbox 1742 771 1822 804; x_wconf 79' lang='grc' dir='ltr'>φύσις</span> <span class='ocrx_word' id='word_1_456' title='bbox 1838 769 1924 804; x_wconf 79' lang='grc' dir='ltr'>ήῦπδ</span> 
     </span>
    </p>
   </div>
   <div class='ocr_carea' id='block_1_62' title="bbox 1126 815 1922 853">
    <p class='ocr_par' dir='ltr' id='par_1_62' title="bbox 1126 815 1922 853">
     <span class='ocr_line' id='line_1_62' title="bbox 1126 815 1922 853; baseline -0.006 -7"><span class='ocrx_word' id='word_1_457' title='bbox 1126 819 1172 846; x_wconf 85' lang='grc' dir='ltr'>τοῦ</span> <span class='ocrx_word' id='word_1_458' title='bbox 1187 819 1233 845; x_wconf 88' lang='grc' dir='ltr'><strong>νοῦ</strong></span> <span class='ocrx_word' id='word_1_459' title='bbox 1251 818 1426 853; x_wconf 79' lang='grc' dir='ltr'><strong>συνεχομένη,</strong></span> <span class='ocrx_word' id='word_1_460' title='bbox 1440 817 1565 852; x_wconf 85' lang='grc' dir='ltr'>καθάπερ</span> <span class='ocrx_word' id='word_1_461' title='bbox 1576 825 1618 848; x_wconf 83' lang='grc' dir='ltr'><strong>τις</strong></span> <span class='ocrx_word' id='word_1_462' title='bbox 1631 815 1711 842; x_wconf 86' lang='grc' dir='ltr'>εἰκὼν</span> <span class='ocrx_word' id='word_1_463' title='bbox 1723 816 1825 847; x_wconf 72' lang='grc' dir='ltr'>εἰκόνος</span> <span class='ocrx_word' id='word_1_464' title='bbox 1841 816 1903 842; x_wconf 74' lang='grc' dir='ltr'>ἐστί</span> <span class='ocrx_word' id='word_1_465' title='bbox 1913 824 1922 830; x_wconf 91' lang='grc'>·</span> 
     </span>
    </p>
   </div>
   <div class='ocr_carea' id='block_1_63' title="bbox 1091 855 1923 896">
    <p class='ocr_par' dir='ltr' id='par_1_63' title="bbox 1091 855 1923 896">
     <span class='ocr_line' id='line_1_63' title="bbox 1091 855 1923 896; baseline -0.006 -5"><span class='ocrx_word' id='word_1_466' title='bbox 1091 855 1110 881; x_wconf 67' lang='lat' dir='ltr'><strong>B</strong></span> <span class='ocrx_word' id='word_1_467' title='bbox 1125 865 1262 891; x_wconf 83' lang='grc' dir='ltr'><strong>δείκνυται</strong></span> <span class='ocrx_word' id='word_1_468' title='bbox 1279 864 1323 890; x_wconf 78' lang='grc' dir='ltr'>διὰ</span> <span class='ocrx_word' id='word_1_469' title='bbox 1339 863 1451 894; x_wconf 80' lang='grc' dir='ltr'>τούτων,</span> <span class='ocrx_word' id='word_1_470' title='bbox 1465 863 1505 889; x_wconf 79' lang='grc' dir='ltr'><strong>ὅτι</strong></span> <span class='ocrx_word' id='word_1_471' title='bbox 1524 862 1554 888; x_wconf 79' lang='grc' dir='ltr'>τὸ</span> <span class='ocrx_word' id='word_1_472' title='bbox 1567 861 1657 888; x_wconf 71' lang='grc' dir='ltr'>ὑλικὸν</span> <span class='ocrx_word' id='word_1_473' title='bbox 1673 861 1751 896; x_wconf 78' lang='grc' dir='ltr'>ἡμῶν</span> <span class='ocrx_word' id='word_1_474' title='bbox 1767 861 1923 895; x_wconf 79' lang='grc' dir='ltr'><strong>συνέστηκε</strong></span> 
     </span>
    </p>
   </div>
   <div class='ocr_carea' id='block_1_64' title="bbox 1127 902 1924 946">
    <p class='ocr_par' dir='ltr' id='par_1_64' title="bbox 1127 902 1924 946">
     <span class='ocr_line' id='line_1_64' title="bbox 1127 902 1924 946; baseline -0.003 -10"><span class='ocrx_word' id='word_1_475' title='bbox 1127 911 1175 946; x_wconf 78' lang='grc' dir='ltr'><strong>μὲν</strong></span> <span class='ocrx_word' id='word_1_476' title='bbox 1194 902 1240 937; x_wconf 76' lang='grc' dir='ltr'>καὶ</span> <span class='ocrx_word' id='word_1_477' title='bbox 1266 910 1482 945; x_wconf 79' lang='grc' dir='ltr'>περικρατείται,</span> <span class='ocrx_word' id='word_1_478' title='bbox 1505 909 1569 934; x_wconf 78' lang='grc' dir='ltr'>ὅταν</span> <span class='ocrx_word' id='word_1_479' title='bbox 1596 907 1770 942; x_wconf 85' lang='grc' dir='ltr'>οίκονομῆται</span> <span class='ocrx_word' id='word_1_480' title='bbox 1792 908 1844 934; x_wconf 77' lang='grc' dir='ltr'>ὑπὸ</span> <span class='ocrx_word' id='word_1_481' title='bbox 1867 910 1924 943; x_wconf 81' lang='grc' dir='ltr'><strong>τῆς</strong></span> 
     </span>
    </p>
   </div>
   <div class='ocr_carea' id='block_1_65' title="bbox 1126 953 1923 990">
    <p class='ocr_par' dir='ltr' id='par_1_65' title="bbox 1126 953 1923 990">
     <span class='ocr_line' id='line_1_65' title="bbox 1126 953 1923 990; baseline -0.004 -8"><span class='ocrx_word' id='word_1_482' title='bbox 1126 957 1233 990; x_wconf 72' lang='grc' dir='ltr'>φύσεως</span> <span class='ocrx_word' id='word_1_483' title='bbox 1243 964 1250 970; x_wconf 91' lang='grc'>·</span> <span class='ocrx_word' id='word_1_484' title='bbox 1265 955 1358 981; x_wconf 79' lang='grc' dir='ltr'><strong>λύεται</strong></span> <span class='ocrx_word' id='word_1_485' title='bbox 1372 954 1411 986; x_wconf 79' lang='grc' dir='ltr'><strong>δὲ,</strong></span> <span class='ocrx_word' id='word_1_486' title='bbox 1437 955 1484 981; x_wconf 79' lang='grc' dir='ltr'><strong>καὶ</strong></span> <span class='ocrx_word' id='word_1_487' title='bbox 1498 954 1637 980; x_wconf 83' lang='grc' dir='ltr'><strong>διαπίπτει</strong></span> <span class='ocrx_word' id='word_1_488' title='bbox 1653 953 1742 984; x_wconf 86' lang='grc' dir='ltr'>πάλιν,</span> <span class='ocrx_word' id='word_1_489' title='bbox 1758 953 1820 979; x_wconf 77' lang='grc' dir='ltr'>ὅταν</span> <span class='ocrx_word' id='word_1_490' title='bbox 1832 962 1923 988; x_wconf 79' lang='grc' dir='ltr'>χωρι-</span> 
     </span>
    </p>
   </div>
   <div class='ocr_carea' id='block_1_66' title="bbox 1127 999 1924 1036">
    <p class='ocr_par' dir='ltr' id='par_1_66' title="bbox 1127 999 1924 1036">
     <span class='ocr_line' id='line_1_66' title="bbox 1127 999 1924 1036; baseline -0.004 -9"><span class='ocrx_word' id='word_1_491' title='bbox 1127 1001 1176 1036; x_wconf 80' lang='grc' dir='ltr'>σθῇ</span> <span class='ocrx_word' id='word_1_492' title='bbox 1190 1001 1246 1035; x_wconf 24' lang='grc' dir='ltr'>τοῦς</span> <span class='ocrx_word' id='word_1_493' title='bbox 1259 1000 1486 1036; x_wconf 80' lang='grc' dir='ltr'>περικρατοῦντός</span> <span class='ocrx_word' id='word_1_494' title='bbox 1503 1008 1532 1025; x_wconf 88' lang='grc' dir='ltr'>τε</span> <span class='ocrx_word' id='word_1_495' title='bbox 1553 1000 1599 1025; x_wconf 78' lang='grc' dir='ltr'>καὶ</span> <span class='ocrx_word' id='word_1_496' title='bbox 1614 999 1780 1034; x_wconf 77' lang='grc' dir='ltr'><strong>συνέχοντος,</strong></span> <span class='ocrx_word' id='word_1_497' title='bbox 1797 999 1844 1025; x_wconf 73' lang='grc' dir='ltr'>καὶ</span> <span class='ocrx_word' id='word_1_498' title='bbox 1858 999 1924 1025; x_wconf 78' lang='grc' dir='ltr'>δια-</span> 
     </span>
    </p>
   </div>
   <div class='ocr_carea' id='block_1_67' title="bbox 1127 1043 1925 1082">
    <p class='ocr_par' dir='ltr' id='par_1_67' title="bbox 1127 1043 1925 1082">
     <span class='ocr_line' id='line_1_67' title="bbox 1127 1043 1925 1082; baseline -0.006 -8"><span class='ocrx_word' id='word_1_499' title='bbox 1127 1048 1233 1082; x_wconf 82' lang='grc' dir='ltr'>σπασθῇ</span> <span class='ocrx_word' id='word_1_500' title='bbox 1249 1048 1297 1082; x_wconf 81' lang='grc' dir='ltr'><strong>τῆς</strong></span> <span class='ocrx_word' id='word_1_501' title='bbox 1312 1047 1379 1081; x_wconf 79' lang='grc' dir='ltr'>πρὸς</span> <span class='ocrx_word' id='word_1_502' title='bbox 1393 1046 1423 1072; x_wconf 80' lang='grc' dir='ltr'>τὸ</span> <span class='ocrx_word' id='word_1_503' title='bbox 1439 1045 1520 1071; x_wconf 75' lang='grc' dir='ltr'>καλὸν</span> <span class='ocrx_word' id='word_1_504' title='bbox 1537 1045 1684 1080; x_wconf 78' lang='grc' dir='ltr'>συμφυΐας.</span> <span class='ocrx_word' id='word_1_505' title='bbox 1701 1044 1736 1071; x_wconf 82' lang='grc' dir='ltr'><strong>Τὸ</strong></span> <span class='ocrx_word' id='word_1_506' title='bbox 1753 1044 1781 1069; x_wconf 81' lang='grc' dir='ltr'>δὲ</span> <span class='ocrx_word' id='word_1_507' title='bbox 1797 1043 1925 1070; x_wconf 82' lang='grc' dir='ltr'>τοιοῦτον</span> 
     </span>
    </p>
   </div>
   <div class='ocr_carea' id='block_1_68' title="bbox 1126 1087 1922 1126">
    <p class='ocr_par' dir='ltr' id='par_1_68' title="bbox 1126 1087 1922 1126">
     <span class='ocr_line' id='line_1_68' title="bbox 1126 1087 1922 1126; baseline -0.009 -6"><span class='ocrx_word' id='word_1_508' title='bbox 1126 1094 1176 1120; x_wconf 73' lang='grc' dir='ltr'>οὐκ</span> <span class='ocrx_word' id='word_1_509' title='bbox 1193 1093 1280 1124; x_wconf 80' lang='grc' dir='ltr'>ἄλλως</span> <span class='ocrx_word' id='word_1_510' title='bbox 1295 1092 1409 1126; x_wconf 82' lang='grc' dir='ltr'>γίνεται,</span> <span class='ocrx_word' id='word_1_511' title='bbox 1426 1091 1441 1126; x_wconf 78' lang='grc' dir='ltr'><strong>ἦ</strong></span> <span class='ocrx_word' id='word_1_512' title='bbox 1459 1091 1523 1117; x_wconf 75' lang='grc' dir='ltr'>ὅταν</span> <span class='ocrx_word' id='word_1_513' title='bbox 1538 1090 1586 1124; x_wconf 86' lang='grc' dir='ltr'>τῆς</span> <span class='ocrx_word' id='word_1_514' title='bbox 1610 1089 1716 1123; x_wconf 75' lang='grc' dir='ltr'>φύσεως</span> <span class='ocrx_word' id='word_1_515' title='bbox 1729 1088 1797 1124; x_wconf 84' lang='grc' dir='ltr'>πρὸς</span> <span class='ocrx_word' id='word_1_516' title='bbox 1814 1088 1844 1125; x_wconf 69' lang='grc' dir='ltr'><strong>τὸ</strong></span> <span class='ocrx_word' id='word_1_517' title='bbox 1867 1087 1922 1123; x_wconf 78' lang='grc' dir='ltr'><strong>ἔμ-</strong></span> 
     </span>
    </p>
   </div>
   <div class='ocr_carea' id='block_1_69' title="bbox 1127 1134 1924 1174">
    <p class='ocr_par' dir='ltr' id='par_1_69' title="bbox 1127 1134 1924 1174">
     <span class='ocr_line' id='line_1_69' title="bbox 1127 1134 1924 1174; baseline -0.008 -8"><span class='ocrx_word' id='word_1_518' title='bbox 1127 1139 1209 1166; x_wconf 80' lang='grc' dir='ltr'>παλιν</span> <span class='ocrx_word' id='word_1_519' title='bbox 1224 1139 1335 1174; x_wconf 85' lang='grc' dir='ltr'>γένηται</span> <span class='ocrx_word' id='word_1_520' title='bbox 1357 1138 1374 1173; x_wconf 82' lang='grc' dir='ltr'>ὴ</span> <span class='ocrx_word' id='word_1_521' title='bbox 1393 1136 1554 1171; x_wconf 69' lang='grc' dir='ltr'>ἐπιστροφὴ,</span> <span class='ocrx_word' id='word_1_522' title='bbox 1572 1135 1608 1171; x_wconf 84' lang='grc' dir='ltr'>μὴ</span> <span class='ocrx_word' id='word_1_523' title='bbox 1628 1135 1696 1171; x_wconf 66' lang='grc' dir='ltr'>προς</span> <span class='ocrx_word' id='word_1_524' title='bbox 1713 1135 1743 1161; x_wconf 83' lang='grc' dir='ltr'><strong>τὸ</strong></span> <span class='ocrx_word' id='word_1_525' title='bbox 1764 1134 1846 1161; x_wconf 81' lang='grc' dir='ltr'>καλὸν</span> <span class='ocrx_word' id='word_1_526' title='bbox 1869 1135 1924 1168; x_wconf 77' lang='grc' dir='ltr'><strong>τῆς</strong></span> 
     </span>
    </p>
   </div>
   <div class='ocr_carea' id='block_1_70' title="bbox 1127 1180 1923 1221">
    <p class='ocr_par' dir='ltr' id='par_1_70' title="bbox 1127 1180 1923 1221">
     <span class='ocr_line' id='line_1_70' title="bbox 1127 1180 1923 1221; baseline -0.008 -9"><span class='ocrx_word' id='word_1_527' title='bbox 1127 1185 1273 1221; x_wconf 77' lang='grc' dir='ltr'><strong>ἐπιθυμίας</strong></span> <span class='ocrx_word' id='word_1_528' title='bbox 1288 1183 1428 1219; x_wconf 79' lang='grc' dir='ltr'>νευούσης,</span> <span class='ocrx_word' id='word_1_529' title='bbox 1441 1183 1509 1209; x_wconf 78' lang='grc' dir='ltr'>ἀλλὰ</span> <span class='ocrx_word' id='word_1_530' title='bbox 1519 1182 1586 1217; x_wconf 72' lang='grc' dir='ltr'>πρὸς</span> <span class='ocrx_word' id='word_1_531' title='bbox 1601 1182 1630 1208; x_wconf 74' lang='grc' dir='ltr'><strong>τὸ</strong></span> <span class='ocrx_word' id='word_1_532' title='bbox 1641 1181 1740 1217; x_wconf 76' lang='grc' dir='ltr'>χρῇζον</span> <span class='ocrx_word' id='word_1_533' title='bbox 1754 1180 1799 1207; x_wconf 87' lang='grc' dir='ltr'><strong>τοῦ</strong></span> <span class='ocrx_word' id='word_1_534' title='bbox 1813 1180 1923 1207; x_wconf 80' lang='grc' dir='ltr'>καλλω-</span> 
     </span>
    </p>
   </div>
   <div class='ocr_carea' id='block_1_71' title="bbox 1128 1226 1924 1266">
    <p class='ocr_par' dir='ltr' id='par_1_71' title="bbox 1128 1226 1924 1266">
     <span class='ocr_line' id='line_1_71' title="bbox 1128 1226 1924 1266; baseline -0.008 -8"><span class='ocrx_word' id='word_1_535' title='bbox 1128 1233 1261 1265; x_wconf 78' lang='grc' dir='ltr'>πίζοντος.</span> <span class='ocrx_word' id='word_1_536' title='bbox 1275 1231 1393 1266; x_wconf 78' lang='grc' dir='ltr'>Ἀνάγκη</span> <span class='ocrx_word' id='word_1_537' title='bbox 1403 1230 1456 1265; x_wconf 79' lang='grc' dir='ltr'><strong>γὰρ</strong></span> <span class='ocrx_word' id='word_1_538' title='bbox 1464 1231 1538 1256; x_wconf 81' lang='grc' dir='ltr'>πᾶσα</span> <span class='ocrx_word' id='word_1_539' title='bbox 1553 1230 1586 1264; x_wconf 81' lang='grc' dir='ltr'>τῇ</span> <span class='ocrx_word' id='word_1_540' title='bbox 1602 1227 1777 1262; x_wconf 79' lang='grc' dir='ltr'>πτωχευούσῃ</span> <span class='ocrx_word' id='word_1_541' title='bbox 1790 1227 1840 1261; x_wconf 83' lang='grc' dir='ltr'><strong>τῆς</strong></span> <span class='ocrx_word' id='word_1_542' title='bbox 1851 1226 1924 1258; x_wconf 83' lang='grc' dir='ltr'>ἰδίας</span> 
     </span>
    </p>
   </div>
   <div class='ocr_carea' id='block_1_72' title="bbox 1130 1272 1921 1314">
    <p class='ocr_par' dir='ltr' id='par_1_72' title="bbox 1130 1272 1921 1314">
     <span class='ocr_line' id='line_1_72' title="bbox 1130 1272 1921 1314; baseline -0.009 -9"><span class='ocrx_word' id='word_1_543' title='bbox 1130 1278 1236 1314; x_wconf 75' lang='grc' dir='ltr'>μορφῆς</span> <span class='ocrx_word' id='word_1_544' title='bbox 1251 1278 1299 1313; x_wconf 74' lang='grc' dir='ltr'>ῦλῃ</span> <span class='ocrx_word' id='word_1_545' title='bbox 1316 1276 1388 1303; x_wconf 81' lang='grc' dir='ltr'>κατὰ</span> <span class='ocrx_word' id='word_1_546' title='bbox 1401 1276 1431 1303; x_wconf 75' lang='grc' dir='ltr'><strong>τὸ</strong></span> <span class='ocrx_word' id='word_1_547' title='bbox 1445 1275 1569 1310; x_wconf 83' lang='grc' dir='ltr'>ἄσχημόν</span> <span class='ocrx_word' id='word_1_548' title='bbox 1578 1283 1607 1300; x_wconf 69' lang='grc' dir='ltr'><strong>ἰε</strong></span> <span class='ocrx_word' id='word_1_549' title='bbox 1623 1273 1670 1301; x_wconf 77' lang='grc' dir='ltr'>καὶ</span> <span class='ocrx_word' id='word_1_550' title='bbox 1683 1272 1799 1304; x_wconf 71' lang='grc' dir='ltr'>ἀκαλλὲς</span> <span class='ocrx_word' id='word_1_551' title='bbox 1811 1281 1921 1307; x_wconf 86' lang='grc' dir='ltr'>συμμε-</span> 
     </span>
    </p>
   </div>
   <div class='ocr_carea' id='block_1_73' title="bbox 1128 1318 1923 1360">
    <p class='ocr_par' dir='ltr' id='par_1_73' title="bbox 1128 1318 1923 1360">
     <span class='ocr_line' id='line_1_73' title="bbox 1128 1318 1923 1360; baseline -0.01 -9"><span class='ocrx_word' id='word_1_552' title='bbox 1128 1324 1332 1360; x_wconf 71' lang='grc' dir='ltr'>ταμοριροῦσθαι</span> <span class='ocrx_word' id='word_1_553' title='bbox 1346 1323 1375 1349; x_wconf 87' lang='grc' dir='ltr'><strong>τὺ</strong></span> <span class='ocrx_word' id='word_1_554' title='bbox 1390 1322 1574 1357; x_wconf 80' lang='grc' dir='ltr'><strong>ὁμοιούμενον,</strong></span> <span class='ocrx_word' id='word_1_555' title='bbox 1602 1320 1670 1346; x_wconf 79' lang='grc' dir='ltr'>ἀλλὰ</span> <span class='ocrx_word' id='word_1_556' title='bbox 1687 1319 1772 1346; x_wconf 85' lang='grc' dir='ltr'>ταῦτα</span> <span class='ocrx_word' id='word_1_557' title='bbox 1790 1318 1838 1354; x_wconf 79' lang='grc' dir='ltr'>μὲν</span> <span class='ocrx_word' id='word_1_558' title='bbox 1851 1319 1923 1354; x_wconf 71' lang='grc' dir='ltr'>ἡμῖν</span> 
     </span>
    </p>
   </div>
   <div class='ocr_carea' id='block_1_74' title="bbox 1129 1365 1923 1403">
    <p class='ocr_par' dir='ltr' id='par_1_74' title="bbox 1129 1365 1923 1403">
     <span class='ocr_line' id='line_1_74' title="bbox 1129 1365 1923 1403; baseline -0.008 -7"><span class='ocrx_word' id='word_1_559' title='bbox 1129 1369 1157 1403; x_wconf 75' lang='grc' dir='ltr'><strong>ἐξ</strong></span> <span class='ocrx_word' id='word_1_560' title='bbox 1169 1369 1327 1400; x_wconf 79' lang='grc' dir='ltr'>ἀκολουθίας</span> <span class='ocrx_word' id='word_1_561' title='bbox 1342 1368 1414 1399; x_wconf 83' lang='grc' dir='ltr'>τινὸς</span> <span class='ocrx_word' id='word_1_562' title='bbox 1427 1366 1631 1403; x_wconf 78' lang='grc' dir='ltr'>παρεξητάσθη,</span> <span class='ocrx_word' id='word_1_563' title='bbox 1640 1365 1684 1392; x_wconf 83' lang='grc' dir='ltr'>διὰ</span> <span class='ocrx_word' id='word_1_564' title='bbox 1699 1367 1747 1401; x_wconf 83' lang='grc' dir='ltr'><strong>τῆς</strong></span> <span class='ocrx_word' id='word_1_565' title='bbox 1763 1366 1803 1395; x_wconf 85' lang='grc' dir='ltr'><strong>εἰς</strong></span> <span class='ocrx_word' id='word_1_566' title='bbox 1812 1365 1843 1391; x_wconf 79' lang='grc' dir='ltr'>τὸ</span> <span class='ocrx_word' id='word_1_567' title='bbox 1851 1374 1923 1400; x_wconf 83' lang='grc' dir='ltr'>προ-</span> 
     </span>
    </p>
   </div>
   <div class='ocr_carea' id='block_1_75' title="bbox 1129 1409 1924 1449">
    <p class='ocr_par' dir='ltr' id='par_1_75' title="bbox 1129 1409 1924 1449">
     <span class='ocr_line' id='line_1_75' title="bbox 1129 1409 1924 1449; baseline -0.006 -9"><span class='ocrx_word' id='word_1_568' title='bbox 1129 1414 1254 1449; x_wconf 85' lang='grc' dir='ltr'>κείμενον</span> <span class='ocrx_word' id='word_1_569' title='bbox 1275 1413 1392 1448; x_wconf 82' lang='grc' dir='ltr'><strong>θεωρίας</strong></span> <span class='ocrx_word' id='word_1_570' title='bbox 1407 1411 1607 1438; x_wconf 76' lang='grc' dir='ltr'>ἐπεισελθόντα.</span> <span class='ocrx_word' id='word_1_571' title='bbox 1628 1410 1664 1436; x_wconf 81' lang='grc' dir='ltr'><strong>Τὸ</strong></span> <span class='ocrx_word' id='word_1_572' title='bbox 1678 1410 1732 1445; x_wconf 80' lang='grc' dir='ltr'>γὰρ</span> <span class='ocrx_word' id='word_1_573' title='bbox 1755 1409 1924 1445; x_wconf 80' lang='grc' dir='ltr'>ζητούμενον</span> 
     </span>
    </p>
   </div>
   <div class='ocr_carea' id='block_1_76' title="bbox 1128 1455 1924 1494">
    <p class='ocr_par' dir='ltr' id='par_1_76' title="bbox 1128 1455 1924 1494">
     <span class='ocr_line' id='line_1_76' title="bbox 1128 1455 1924 1494; baseline -0.005 -10"><span class='ocrx_word' id='word_1_574' title='bbox 1128 1457 1173 1494; x_wconf 80' lang='grc' dir='ltr'>ἦν,</span> <span class='ocrx_word' id='word_1_575' title='bbox 1190 1460 1213 1486; x_wconf 78' lang='grc' dir='ltr'>εὶ</span> <span class='ocrx_word' id='word_1_576' title='bbox 1228 1460 1256 1486; x_wconf 84' lang='grc' dir='ltr'>ὲν</span> <span class='ocrx_word' id='word_1_577' title='bbox 1278 1459 1355 1494; x_wconf 78' lang='grc' dir='ltr'>μέρει</span> <span class='ocrx_word' id='word_1_578' title='bbox 1373 1458 1426 1484; x_wconf 65' lang='grc' dir='ltr'>τινὶ</span> <span class='ocrx_word' id='word_1_579' title='bbox 1443 1457 1498 1485; x_wconf 82' lang='grc' dir='ltr'>τῶν</span> <span class='ocrx_word' id='word_1_580' title='bbox 1511 1458 1539 1483; x_wconf 80' lang='grc' dir='ltr'><strong>ὲν</strong></span> <span class='ocrx_word' id='word_1_581' title='bbox 1551 1458 1617 1492; x_wconf 84' lang='grc' dir='ltr'>ἡμῖν</span> <span class='ocrx_word' id='word_1_582' title='bbox 1632 1457 1648 1492; x_wconf 84' lang='grc' dir='ltr'><strong>ἡ</strong></span> <span class='ocrx_word' id='word_1_583' title='bbox 1665 1456 1747 1491; x_wconf 83' lang='grc' dir='ltr'>νοερὰ</span> <span class='ocrx_word' id='word_1_584' title='bbox 1761 1455 1924 1490; x_wconf 77' lang='grc' dir='ltr'>καθίδρυται</span> 
     </span>
    </p>
   </div>
   <div class='ocr_carea' id='block_1_77' title="bbox 1129 1501 1924 1541">
    <p class='ocr_par' dir='ltr' id='par_1_77' title="bbox 1129 1501 1924 1541">
     <span class='ocr_line' id='line_1_77' title="bbox 1129 1501 1924 1541; baseline -0.008 -9"><span class='ocrx_word' id='word_1_585' title='bbox 1129 1505 1252 1541; x_wconf 81' lang='grc' dir='ltr'>δύναμις,</span> <span class='ocrx_word' id='word_1_586' title='bbox 1265 1505 1282 1540; x_wconf 85' lang='grc' dir='ltr'><strong>ἢ</strong></span> <span class='ocrx_word' id='word_1_587' title='bbox 1298 1504 1343 1531; x_wconf 80' lang='grc' dir='ltr'><strong>διὰ</strong></span> <span class='ocrx_word' id='word_1_588' title='bbox 1357 1504 1465 1531; x_wconf 85' lang='grc' dir='ltr'>πάντων</span> <span class='ocrx_word' id='word_1_589' title='bbox 1481 1503 1552 1530; x_wconf 79' lang='grc' dir='ltr'>κατὰ</span> <span class='ocrx_word' id='word_1_590' title='bbox 1565 1504 1595 1529; x_wconf 90' lang='grc' dir='ltr'><strong>τὸ</strong></span> <span class='ocrx_word' id='word_1_591' title='bbox 1613 1503 1668 1529; x_wconf 77' lang='grc' dir='ltr'>ἴσον</span> <span class='ocrx_word' id='word_1_592' title='bbox 1680 1502 1777 1538; x_wconf 85' lang='grc' dir='ltr'>διήκει.</span> <span class='ocrx_word' id='word_1_593' title='bbox 1795 1501 1854 1528; x_wconf 84' lang='grc' dir='ltr'>Τῶν</span> <span class='ocrx_word' id='word_1_594' title='bbox 1866 1501 1924 1535; x_wconf 78' lang='grc' dir='ltr'>γὰρ</span> 
     </span>
    </p>
   </div>
   <div class='ocr_carea' id='block_1_78' title="bbox 1130 1546 1924 1586">
    <p class='ocr_par' dir='ltr' id='par_1_78' title="bbox 1130 1546 1924 1586">
     <span class='ocr_line' id='line_1_78' title="bbox 1130 1546 1924 1586; baseline -0.009 -7"><span class='ocrx_word' id='word_1_595' title='bbox 1130 1553 1252 1583; x_wconf 82' lang='grc' dir='ltr'>τοπικοῖς</span> <span class='ocrx_word' id='word_1_596' title='bbox 1277 1551 1370 1586; x_wconf 78' lang='grc' dir='ltr'>μέρεσι</span> <span class='ocrx_word' id='word_1_597' title='bbox 1387 1549 1599 1585; x_wconf 79' lang='grc' dir='ltr'>περιειργόντων</span> <span class='ocrx_word' id='word_1_598' title='bbox 1614 1548 1658 1574; x_wconf 82' lang='grc' dir='ltr'>τὸν</span> <span class='ocrx_word' id='word_1_599' title='bbox 1673 1548 1745 1579; x_wconf 79' lang='grc' dir='ltr'>νοῦν,</span> <span class='ocrx_word' id='word_1_600' title='bbox 1762 1548 1808 1574; x_wconf 76' lang='grc' dir='ltr'><strong>καὶ</strong></span> <span class='ocrx_word' id='word_1_601' title='bbox 1821 1548 1860 1578; x_wconf 83' lang='grc' dir='ltr'><strong>εις</strong></span> <span class='ocrx_word' id='word_1_602' title='bbox 1874 1546 1924 1572; x_wconf 77' lang='grc' dir='ltr'>σύ-</span> 
     </span>
    </p>
   </div>
   <div class='ocr_carea' id='block_1_79' title="bbox 1132 1591 1922 1631">
    <p class='ocr_par' dir='ltr' id='par_1_79' title="bbox 1132 1591 1922 1631">
     <span class='ocr_line' id='line_1_79' title="bbox 1132 1591 1922 1631; baseline -0.01 -7"><span class='ocrx_word' id='word_1_603' title='bbox 1132 1605 1225 1624; x_wconf 83' lang='grc' dir='ltr'>στασιν</span> <span class='ocrx_word' id='word_1_604' title='bbox 1238 1597 1286 1631; x_wconf 80' lang='grc' dir='ltr'><strong>τῆς</strong></span> <span class='ocrx_word' id='word_1_605' title='bbox 1300 1596 1427 1631; x_wconf 78' lang='grc' dir='ltr'>τοιαύτης</span> <span class='ocrx_word' id='word_1_606' title='bbox 1440 1594 1530 1621; x_wconf 75' lang='grc' dir='ltr'>αὐτῶν</span> <span class='ocrx_word' id='word_1_607' title='bbox 1543 1593 1703 1629; x_wconf 77' lang='grc' dir='ltr'>ὑπολήψεως</span> <span class='ocrx_word' id='word_1_608' title='bbox 1716 1591 1922 1628; x_wconf 81' lang='grc' dir='ltr'>προφερόντων,</span> 
     </span>
    </p>
   </div>
   <div class='ocr_carea' id='block_1_80' title="bbox 1129 1636 1922 1678">
    <p class='ocr_par' dir='ltr' id='par_1_80' title="bbox 1129 1636 1922 1678">
     <span class='ocr_line' id='line_1_80' title="bbox 1129 1636 1922 1678; baseline -0.01 -8"><span class='ocrx_word' id='word_1_609' title='bbox 1129 1643 1161 1670; x_wconf 80' lang='grc' dir='ltr'><strong>τὸ</strong></span> <span class='ocrx_word' id='word_1_610' title='bbox 1179 1643 1216 1678; x_wconf 86' lang='grc' dir='ltr'><strong>μὴ</strong></span> <span class='ocrx_word' id='word_1_611' title='bbox 1229 1642 1384 1669; x_wconf 73' lang='grc' dir='ltr'>εὐοδοῦσθαι</span> <span class='ocrx_word' id='word_1_612' title='bbox 1400 1643 1449 1677; x_wconf 82' lang='grc' dir='ltr'>τὴν</span> <span class='ocrx_word' id='word_1_613' title='bbox 1470 1641 1588 1667; x_wconf 78' lang='grc' dir='ltr'>διάνοιαν</span> <span class='ocrx_word' id='word_1_614' title='bbox 1605 1639 1651 1666; x_wconf 77' lang='grc' dir='ltr'><strong>ἐπὶ</strong></span> <span class='ocrx_word' id='word_1_615' title='bbox 1667 1638 1720 1665; x_wconf 81' lang='grc' dir='ltr'>τῶν</span> <span class='ocrx_word' id='word_1_616' title='bbox 1745 1638 1819 1672; x_wconf 72' lang='grc' dir='ltr'>παρὰ</span> <span class='ocrx_word' id='word_1_617' title='bbox 1837 1636 1922 1672; x_wconf 75' lang='grc' dir='ltr'>φύσιν</span> 
     </span>
    </p>
   </div>
   <div class='ocr_carea' id='block_1_81' title="bbox 1131 1683 1924 1724">
    <p class='ocr_par' dir='ltr' id='par_1_81' title="bbox 1131 1683 1924 1724">
     <span class='ocr_line' id='line_1_81' title="bbox 1131 1683 1924 1724; baseline -0.009 -9"><span class='ocrx_word' id='word_1_618' title='bbox 1131 1689 1310 1724; x_wconf 80' lang='grc' dir='ltr'>διακειμένων</span> <span class='ocrx_word' id='word_1_619' title='bbox 1335 1688 1384 1720; x_wconf 83' lang='grc' dir='ltr'><strong>τὰς</strong></span> <span class='ocrx_word' id='word_1_620' title='bbox 1409 1688 1562 1723; x_wconf 80' lang='grc' dir='ltr'>μήνιγγας·</span> <span class='ocrx_word' id='word_1_621' title='bbox 1581 1684 1719 1716; x_wconf 78' lang='grc' dir='ltr'>ἀπέδειξεν</span> <span class='ocrx_word' id='word_1_622' title='bbox 1736 1685 1750 1709; x_wconf 87' lang='grc' dir='ltr'><strong>ό</strong></span> <span class='ocrx_word' id='word_1_623' title='bbox 1774 1683 1862 1717; x_wconf 83' lang='grc' dir='ltr'>λόγος,</span> <span class='ocrx_word' id='word_1_624' title='bbox 1880 1684 1924 1709; x_wconf 75' lang='grc' dir='ltr'>ὅτι</span> 
     </span>
    </p>
   </div>
   <div class='ocr_carea' id='block_1_82' title="bbox 1132 1728 1924 1768">
    <p class='ocr_par' dir='ltr' id='par_1_82' title="bbox 1132 1728 1924 1768">
     <span class='ocr_line' id='line_1_82' title="bbox 1132 1728 1924 1768; baseline -0.01 -7"><span class='ocrx_word' id='word_1_625' title='bbox 1132 1734 1201 1761; x_wconf 81' lang='grc' dir='ltr'>κατὰ</span> <span class='ocrx_word' id='word_1_626' title='bbox 1217 1735 1270 1760; x_wconf 72' lang='grc' dir='ltr'>πᾶν</span> <span class='ocrx_word' id='word_1_627' title='bbox 1293 1733 1374 1768; x_wconf 86' lang='grc' dir='ltr'>μέρος</span> <span class='ocrx_word' id='word_1_628' title='bbox 1392 1732 1439 1758; x_wconf 88' lang='grc' dir='ltr'><strong>τοῦ</strong></span> <span class='ocrx_word' id='word_1_629' title='bbox 1458 1731 1625 1766; x_wconf 82' lang='grc' dir='ltr'>ἀνθρωπίνου</span> <span class='ocrx_word' id='word_1_630' title='bbox 1646 1729 1842 1764; x_wconf 81' lang='grc' dir='ltr'>συγκρίματος,</span> <span class='ocrx_word' id='word_1_631' title='bbox 1860 1728 1924 1754; x_wconf 79' lang='grc' dir='ltr'>καθ’</span> 
     </span>
    </p>
   </div>
   <div class='ocr_carea' id='block_1_83' title="bbox 1131 1776 1923 1814">
    <p class='ocr_par' dir='ltr' id='par_1_83' title="bbox 1131 1776 1923 1814">
     <span class='ocr_line' id='line_1_83' title="bbox 1131 1776 1923 1814; baseline -0.008 -7"><span class='ocrx_word' id='word_1_632' title='bbox 1131 1781 1145 1807; x_wconf 84' lang='grc' dir='ltr'><strong>ὃ</strong></span> <span class='ocrx_word' id='word_1_633' title='bbox 1160 1781 1280 1814; x_wconf 83' lang='grc' dir='ltr'>πέφυκεν</span> <span class='ocrx_word' id='word_1_634' title='bbox 1293 1780 1407 1810; x_wconf 69' lang='grc' dir='ltr'>ἕκαστος</span> <span class='ocrx_word' id='word_1_635' title='bbox 1420 1779 1550 1814; x_wconf 77' lang='grc' dir='ltr'>ἐνεργεῖν,</span> <span class='ocrx_word' id='word_1_636' title='bbox 1567 1778 1631 1808; x_wconf 73' lang='grc' dir='ltr'>ἴσως</span> <span class='ocrx_word' id='word_1_637' title='bbox 1644 1778 1660 1812; x_wconf 85' lang='grc' dir='ltr'>ἠ</span> <span class='ocrx_word' id='word_1_638' title='bbox 1674 1777 1723 1812; x_wconf 82' lang='grc' dir='ltr'><strong>τῆς</strong></span> <span class='ocrx_word' id='word_1_639' title='bbox 1736 1777 1826 1811; x_wconf 75' lang='grc' dir='ltr'>ψυχῆς</span> <span class='ocrx_word' id='word_1_640' title='bbox 1840 1776 1923 1802; x_wconf 85' lang='grc' dir='ltr'>δύνα-</span> 
     </span>
    </p>
   </div>
   <div class='ocr_carea' id='block_1_84' title="bbox 1134 1822 1924 1863">
    <p class='ocr_par' dir='ltr' id='par_1_84' title="bbox 1134 1822 1924 1863">
     <span class='ocr_line' id='line_1_84' title="bbox 1134 1822 1924 1863; baseline -0.008 -9"><span class='ocrx_word' id='word_1_641' title='bbox 1134 1836 1179 1862; x_wconf 81' lang='grc' dir='ltr'><strong>μις</strong></span> <span class='ocrx_word' id='word_1_642' title='bbox 1193 1826 1372 1863; x_wconf 80' lang='grc' dir='ltr'>ἁνενὲργητος</span> <span class='ocrx_word' id='word_1_643' title='bbox 1388 1825 1472 1860; x_wconf 80' lang='grc' dir='ltr'>μένει,</span> <span class='ocrx_word' id='word_1_644' title='bbox 1496 1825 1532 1859; x_wconf 82' lang='grc' dir='ltr'>μὴ</span> <span class='ocrx_word' id='word_1_645' title='bbox 1552 1823 1723 1858; x_wconf 76' lang='grc' dir='ltr'>διαμένοντος</span> <span class='ocrx_word' id='word_1_646' title='bbox 1742 1823 1771 1849; x_wconf 85' lang='grc' dir='ltr'>ὲν</span> <span class='ocrx_word' id='word_1_647' title='bbox 1790 1823 1823 1857; x_wconf 82' lang='grc' dir='ltr'>τῇ</span> <span class='ocrx_word' id='word_1_648' title='bbox 1842 1822 1924 1855; x_wconf 68' lang='grc' dir='ltr'>φύσει</span> 
     </span>
    </p>
   </div>
   <div class='ocr_carea' id='block_1_85' title="bbox 1131 1867 1924 1908">
    <p class='ocr_par' dir='ltr' id='par_1_85' title="bbox 1131 1867 1924 1908">
     <span class='ocr_line' id='line_1_85' title="bbox 1131 1867 1924 1908; baseline -0.008 -9"><span class='ocrx_word' id='word_1_649' title='bbox 1131 1873 1177 1899; x_wconf 88' lang='grc' dir='ltr'>τοῦ</span> <span class='ocrx_word' id='word_1_650' title='bbox 1196 1872 1304 1908; x_wconf 84' lang='grc' dir='ltr'>μέρους.</span> <span class='ocrx_word' id='word_1_651' title='bbox 1321 1872 1375 1898; x_wconf 80' lang='grc' dir='ltr'><strong>Καὶ</strong></span> <span class='ocrx_word' id='word_1_652' title='bbox 1388 1871 1431 1898; x_wconf 80' lang='grc' dir='ltr'>διὰ</span> <span class='ocrx_word' id='word_1_653' title='bbox 1443 1869 1522 1897; x_wconf 85' lang='grc' dir='ltr'>τοῦτο</span> <span class='ocrx_word' id='word_1_654' title='bbox 1534 1869 1562 1902; x_wconf 79' lang='grc' dir='ltr'>ἐξ</span> <span class='ocrx_word' id='word_1_655' title='bbox 1577 1868 1737 1900; x_wconf 84' lang='grc' dir='ltr'>ἀκολουθίας</span> <span class='ocrx_word' id='word_1_656' title='bbox 1748 1868 1779 1894; x_wconf 85' lang='grc' dir='ltr'>τὸ</span> <span class='ocrx_word' id='word_1_657' title='bbox 1792 1867 1924 1903; x_wconf 78' lang='grc' dir='ltr'>προτεθὲν</span> 
     </span>
    </p>
   </div>
   <div class='ocr_carea' id='block_1_86' title="bbox 1133 1909 1924 1952">
    <p class='ocr_par' dir='ltr' id='par_1_86' title="bbox 1133 1909 1924 1952">
     <span class='ocr_line' id='line_1_86' title="bbox 1133 1909 1924 1952; baseline -0.008 -8"><span class='ocrx_word' id='word_1_658' title='bbox 1133 1918 1301 1952; x_wconf 80' lang='grc' dir='ltr'>παρενέπεσε</span> <span class='ocrx_word' id='word_1_659' title='bbox 1315 1916 1354 1951; x_wconf 77' lang='grc' dir='ltr'><strong>τῷ</strong></span> <span class='ocrx_word' id='word_1_660' title='bbox 1367 1916 1438 1950; x_wconf 88' lang='grc' dir='ltr'>λόγῳ</span> <span class='ocrx_word' id='word_1_661' title='bbox 1454 1914 1595 1950; x_wconf 87' lang='grc' dir='ltr'>θεώρημα,</span> <span class='ocrx_word' id='word_1_662' title='bbox 1612 1913 1645 1940; x_wconf 78' lang='grc' dir='ltr'>δι’</span> <span class='ocrx_word' id='word_1_663' title='bbox 1655 1909 1684 1939; x_wconf 80' lang='grc' dir='ltr'><strong>οῦ</strong></span> <span class='ocrx_word' id='word_1_664' title='bbox 1701 1913 1879 1948; x_wconf 77' lang='grc' dir='ltr'>μανθάνομεν,</span> <span class='ocrx_word' id='word_1_665' title='bbox 1892 1913 1924 1938; x_wconf 78' lang='grc' dir='ltr'>ὲν</span> 
     </span>
    </p>
   </div>
   <div class='ocr_carea' id='block_1_87' title="bbox 1131 1958 1923 1998">
    <p class='ocr_par' dir='ltr' id='par_1_87' title="bbox 1131 1958 1923 1998">
     <span class='ocr_line' id='line_1_87' title="bbox 1131 1958 1923 1998; baseline -0.006 -8"><span class='ocrx_word' id='word_1_666' title='bbox 1131 1963 1170 1998; x_wconf 82' lang='grc' dir='ltr'><strong>τῷ</strong></span> <span class='ocrx_word' id='word_1_667' title='bbox 1189 1961 1350 1998; x_wconf 84' lang='grc' dir='ltr'>ἀνθρωπίνῳ</span> <span class='ocrx_word' id='word_1_668' title='bbox 1367 1961 1532 1996; x_wconf 81' lang='grc' dir='ltr'>συγκρίματι</span> <span class='ocrx_word' id='word_1_669' title='bbox 1547 1959 1598 1986; x_wconf 80' lang='grc' dir='ltr'><strong>ὑπὸ</strong></span> <span class='ocrx_word' id='word_1_670' title='bbox 1614 1959 1681 1986; x_wconf 81' lang='grc' dir='ltr'>Θεοῦ</span> <span class='ocrx_word' id='word_1_671' title='bbox 1701 1959 1749 1994; x_wconf 75' lang='grc' dir='ltr'><strong>μὲν</strong></span> <span class='ocrx_word' id='word_1_672' title='bbox 1763 1958 1923 1985; x_wconf 83' lang='grc' dir='ltr'>διοικεῖσθαι</span> 
     </span>
    </p>
   </div>
   <div class='ocr_carea' id='block_1_88' title="bbox 1131 2003 1922 2040">
    <p class='ocr_par' dir='ltr' id='par_1_88' title="bbox 1131 2003 1922 2040">
     <span class='ocr_line' id='line_1_88' title="bbox 1131 2003 1922 2040; baseline -0.008 -5"><span class='ocrx_word' id='word_1_673' title='bbox 1131 2008 1177 2035; x_wconf 78' lang='grc' dir='ltr'><strong>τὸν</strong></span> <span class='ocrx_word' id='word_1_674' title='bbox 1200 2008 1272 2039; x_wconf 82' lang='grc' dir='ltr'>νοῦν,</span> <span class='ocrx_word' id='word_1_675' title='bbox 1297 2007 1343 2033; x_wconf 80' lang='grc' dir='ltr'>ὑπ’</span> <span class='ocrx_word' id='word_1_676' title='bbox 1358 2007 1462 2032; x_wconf 75' lang='grc' dir='ltr'>ἐκείνου</span> <span class='ocrx_word' id='word_1_677' title='bbox 1486 2005 1514 2032; x_wconf 82' lang='grc' dir='ltr'>δὲ</span> <span class='ocrx_word' id='word_1_678' title='bbox 1543 2006 1591 2040; x_wconf 83' lang='grc' dir='ltr'>τὴν</span> <span class='ocrx_word' id='word_1_679' title='bbox 1614 2005 1710 2040; x_wconf 83' lang='grc' dir='ltr'>ὑλικὴν</span> <span class='ocrx_word' id='word_1_680' title='bbox 1733 2004 1811 2040; x_wconf 78' lang='grc' dir='ltr'>ἡμῶν</span> <span class='ocrx_word' id='word_1_681' title='bbox 1836 2003 1922 2039; x_wconf 78' lang='grc' dir='ltr'>ζωὴν,</span> 
     </span>
    </p>
   </div>
   <div class='ocr_carea' id='block_1_89' title="bbox 1131 2049 1920 2088">
    <p class='ocr_par' dir='ltr' id='par_1_89' title="bbox 1131 2049 1920 2088">
     <span class='ocr_line' id='line_1_89' title="bbox 1131 2049 1920 2088; baseline -0.006 -8"><span class='ocrx_word' id='word_1_682' title='bbox 1131 2055 1195 2081; x_wconf 80' lang='grc' dir='ltr'>ὅταν</span> <span class='ocrx_word' id='word_1_683' title='bbox 1212 2054 1240 2080; x_wconf 83' lang='grc' dir='ltr'><strong>ἐν</strong></span> <span class='ocrx_word' id='word_1_684' title='bbox 1257 2054 1289 2088; x_wconf 81' lang='grc' dir='ltr'><strong>τῇ</strong></span> <span class='ocrx_word' id='word_1_685' title='bbox 1306 2052 1385 2086; x_wconf 84' lang='grc' dir='ltr'>φύσει</span> <span class='ocrx_word' id='word_1_686' title='bbox 1409 2051 1486 2087; x_wconf 73' lang='grc' dir='ltr'>μένῃ,</span> <span class='ocrx_word' id='word_1_687' title='bbox 1503 2051 1527 2077; x_wconf 78' lang='grc' dir='ltr'>εὶ</span> <span class='ocrx_word' id='word_1_688' title='bbox 1549 2051 1577 2077; x_wconf 79' lang='grc' dir='ltr'>δὲ</span> <span class='ocrx_word' id='word_1_689' title='bbox 1592 2050 1784 2086; x_wconf 83' lang='grc' dir='ltr'>παρατραπείη</span> <span class='ocrx_word' id='word_1_690' title='bbox 1805 2050 1853 2084; x_wconf 82' lang='grc' dir='ltr'><strong>τῆς</strong></span> <span class='ocrx_word' id='word_1_691' title='bbox 1869 2049 1920 2083; x_wconf 80' lang='grc' dir='ltr'><strong>φύ-</strong></span> 
     </span>
    </p>
   </div>
   <div class='ocr_carea' id='block_1_90' title="bbox 1133 2094 1923 2133">
    <p class='ocr_par' dir='ltr' id='par_1_90' title="bbox 1133 2094 1923 2133">
     <span class='ocr_line' id='line_1_90' title="bbox 1133 2094 1923 2133; baseline -0.005 -8"><span class='ocrx_word' id='word_1_692' title='bbox 1133 2107 1212 2130; x_wconf 84' lang='grc' dir='ltr'>σεως,</span> <span class='ocrx_word' id='word_1_693' title='bbox 1227 2098 1275 2124; x_wconf 70' lang='grc' dir='ltr'>καὶ</span> <span class='ocrx_word' id='word_1_694' title='bbox 1297 2097 1347 2133; x_wconf 81' lang='grc' dir='ltr'><strong>τῆς</strong></span> <span class='ocrx_word' id='word_1_695' title='bbox 1370 2098 1439 2124; x_wconf 75' lang='grc' dir='ltr'>κατὰ</span> <span class='ocrx_word' id='word_1_696' title='bbox 1460 2097 1506 2124; x_wconf 82' lang='grc' dir='ltr'><strong>τὸν</strong></span> <span class='ocrx_word' id='word_1_697' title='bbox 1526 2097 1588 2124; x_wconf 83' lang='grc' dir='ltr'>νοῦν</span> <span class='ocrx_word' id='word_1_698' title='bbox 1605 2096 1746 2131; x_wconf 79' lang='grc' dir='ltr'>ἐνεργείας</span> <span class='ocrx_word' id='word_1_699' title='bbox 1767 2094 1923 2130; x_wconf 80' lang='grc' dir='ltr'>ἀλλοτριοῦ-</span> 
     </span>
    </p>
   </div>
   <div class='ocr_carea' id='block_1_91' title="bbox 1133 2142 1923 2178">
    <p class='ocr_par' dir='ltr' id='par_1_91' title="bbox 1133 2142 1923 2178">
     <span class='ocr_line' id='line_1_91' title="bbox 1133 2142 1923 2178; baseline -0.005 -7"><span class='ocrx_word' id='word_1_700' title='bbox 1133 2145 1205 2172; x_wconf 86' lang='grc' dir='ltr'>σθαι.</span> <span class='ocrx_word' id='word_1_701' title='bbox 1229 2144 1298 2170; x_wconf 75' lang='grc' dir='ltr'>Ἀλλ’</span> <span class='ocrx_word' id='word_1_702' title='bbox 1318 2144 1510 2178; x_wconf 80' lang='grc' dir='ltr'>ἐπανέλθωμεν</span> <span class='ocrx_word' id='word_1_703' title='bbox 1532 2143 1614 2170; x_wconf 78' lang='grc' dir='ltr'>πάλιν</span> <span class='ocrx_word' id='word_1_704' title='bbox 1635 2143 1697 2169; x_wconf 84' lang='grc' dir='ltr'>ὅθεν</span> <span class='ocrx_word' id='word_1_705' title='bbox 1720 2142 1860 2176; x_wconf 79' lang='grc' dir='ltr'>ἐξέϐημεν,</span> <span class='ocrx_word' id='word_1_706' title='bbox 1880 2142 1923 2167; x_wconf 73' lang='grc' dir='ltr'><strong>ὅτι</strong></span> 
     </span>
    </p>
   </div>
   <div class='ocr_carea' id='block_1_92' title="bbox 295 2187 1077 2226">
    <p class='ocr_par' dir='ltr' id='par_1_92' title="bbox 295 2189 1077 2224">
     <span class='ocr_line' id='line_1_92' title="bbox 295 2189 1077 2224; baseline 0 -8"><span class='ocrx_word' id='word_1_707' title='bbox 295 2190 396 2217; x_wconf 86' lang='lat' dir='ltr'><strong>cultatc</strong></span> <span class='ocrx_word' id='word_1_708' title='bbox 424 2189 566 2224; x_wconf 65' lang='lat' dir='ltr'><strong>prmdttum</strong></span> <span class='ocrx_word' id='word_1_709' title='bbox 582 2193 634 2222; x_wconf 86' lang='lat' dir='ltr'><strong>est,</strong></span> <span class='ocrx_word' id='word_1_710' title='bbox 660 2197 713 2216; x_wconf 89' lang='lat' dir='ltr'><strong>non</strong></span> <span class='ocrx_word' id='word_1_711' title='bbox 739 2189 837 2216; x_wconf 91' lang='lat' dir='ltr'><strong>mirum</strong></span> <span class='ocrx_word' id='word_1_712' title='bbox 861 2197 934 2220; x_wconf 87' lang='lat' dir='ltr'><strong>esse,</strong></span> <span class='ocrx_word' id='word_1_713' title='bbox 966 2190 988 2217; x_wconf 83' lang='lat' dir='ltr'><strong>si</strong></span> <span class='ocrx_word' id='word_1_714' title='bbox 1013 2189 1077 2216; x_wconf 94' lang='lat' dir='ltr'><strong>nihil</strong></span> 
     </span>
    </p>
   </div>
   <div class='ocr_carea' id='block_1_93' title="bbox 1128 2187 1924 2226">
    <p class='ocr_par' dir='ltr' id='par_1_93' title="bbox 1133 2187 1924 2226">
     <span class='ocr_line' id='line_1_93' title="bbox 1133 2187 1924 2226; baseline -0.005 -9"><span class='ocrx_word' id='word_1_715' title='bbox 1133 2191 1178 2217; x_wconf 72' lang='grc' dir='ltr'><strong>ἐπὶ</strong></span> <span class='ocrx_word' id='word_1_716' title='bbox 1201 2190 1256 2216; x_wconf 81' lang='grc' dir='ltr'><strong>τῶν</strong></span> <span class='ocrx_word' id='word_1_717' title='bbox 1273 2191 1310 2226; x_wconf 81' lang='grc' dir='ltr'>μὴ</span> <span class='ocrx_word' id='word_1_718' title='bbox 1334 2190 1568 2225; x_wconf 81' lang='grc' dir='ltr'>παρατραπέντων</span> <span class='ocrx_word' id='word_1_719' title='bbox 1591 2189 1623 2215; x_wconf 81' lang='grc' dir='ltr'>ἐκ</span> <span class='ocrx_word' id='word_1_720' title='bbox 1650 2188 1753 2219; x_wconf 81' lang='grc' dir='ltr'>πάθους</span> <span class='ocrx_word' id='word_1_721' title='bbox 1777 2187 1848 2218; x_wconf 79' lang='grc' dir='ltr'>τινος</span> <span class='ocrx_word' id='word_1_722' title='bbox 1871 2187 1924 2222; x_wconf 74' lang='grc' dir='ltr'><strong>τῆς</strong></span> 
     </span>
    </p>
   </div>
   <div class='ocr_carea' id='block_1_94' title="bbox 295 2233 1082 2270">
    <p class='ocr_par' dir='ltr' id='par_1_94' title="bbox 295 2233 1082 2270">
     <span class='ocr_line' id='line_1_94' title="bbox 295 2233 1082 2270; baseline 0.003 -10"><span class='ocrx_word' id='word_1_723' title='bbox 295 2234 404 2261; x_wconf 86' lang='lat' dir='ltr'><strong>animus</strong></span> <span class='ocrx_word' id='word_1_724' title='bbox 425 2233 535 2264; x_wconf 79' lang='lat' dir='ltr'><strong>eﬂiciat.</strong></span> <span class='ocrx_word' id='word_1_725' title='bbox 556 2242 615 2262; x_wconf 84' lang='lat' dir='ltr'><strong>cum</strong></span> <span class='ocrx_word' id='word_1_726' title='bbox 634 2234 784 2262; x_wconf 86' lang='lat' dir='ltr'><strong>membrum</strong></span> <span class='ocrx_word' id='word_1_727' title='bbox 805 2235 894 2270; x_wconf 88' lang='lat' dir='ltr'><strong>ipsum</strong></span> <span class='ocrx_word' id='word_1_728' title='bbox 919 2235 958 2262; x_wconf 86' lang='lat' dir='ltr'><strong>ita</strong></span> <span class='ocrx_word' id='word_1_729' title='bbox 976 2239 1005 2262; x_wconf 88' lang='lat' dir='ltr'><strong>ut</strong></span> <span class='ocrx_word' id='word_1_730' title='bbox 1022 2243 1082 2262; x_wconf 73' lang='lat' dir='ltr'><strong>esse</strong></span> 
     </span>
    </p>
   </div>
   <div class='ocr_carea' id='block_1_95' title="bbox 296 2280 1083 2316">
    <p class='ocr_par' dir='ltr' id='par_1_95' title="bbox 296 2280 1083 2316">
     <span class='ocr_line' id='line_1_95' title="bbox 296 2280 1083 2316; baseline 0.003 -9"><span class='ocrx_word' id='word_1_731' title='bbox 296 2283 483 2314; x_wconf 85' lang='lat' dir='ltr'><strong>comparatum</strong></span> <span class='ocrx_word' id='word_1_732' title='bbox 501 2287 515 2306; x_wconf 91' lang='lat' dir='ltr'><strong>a</strong></span> <span class='ocrx_word' id='word_1_733' title='bbox 531 2284 628 2307; x_wconf 88' lang='lat' dir='ltr'><strong>natura</strong></span> <span class='ocrx_word' id='word_1_734' title='bbox 647 2280 772 2313; x_wconf 83' lang='lat' dir='ltr'><strong>debebat,</strong></span> <span class='ocrx_word' id='word_1_735' title='bbox 791 2289 845 2308; x_wconf 87' lang='lat' dir='ltr'><strong>non</strong></span> <span class='ocrx_word' id='word_1_736' title='bbox 869 2284 976 2309; x_wconf 79' lang='lat' dir='ltr'><strong>cxistat.</strong></span> <span class='ocrx_word' id='word_1_737' title='bbox 996 2281 1083 2316; x_wconf 85' lang='lat' dir='ltr'><strong>Atque</strong></span> 
     </span>
    </p>
   </div>
   <div class='ocr_carea' id='block_1_96' title="bbox 296 2326 1085 2362">
    <p class='ocr_par' dir='ltr' id='par_1_96' title="bbox 296 2326 1085 2362">
     <span class='ocr_line' id='line_1_96' title="bbox 296 2326 1085 2362; baseline 0.004 -11"><span class='ocrx_word' id='word_1_738' title='bbox 296 2326 348 2352; x_wconf 89' lang='lat' dir='ltr'><strong>hoc</strong></span> <span class='ocrx_word' id='word_1_739' title='bbox 361 2326 419 2352; x_wconf 71' lang='lat' dir='ltr'><strong>loco</strong></span> <span class='ocrx_word' id='word_1_740' title='bbox 434 2333 487 2352; x_wconf 91' lang='lat' dir='ltr'><strong>non</strong></span> <span class='ocrx_word' id='word_1_741' title='bbox 502 2326 738 2358; x_wconf 88' lang='lat' dir='ltr'><strong>inconvenienter,</strong></span> <span class='ocrx_word' id='word_1_742' title='bbox 755 2327 862 2362; x_wconf 89' lang='lat' dir='ltr'><strong>opinor,</strong></span> <span class='ocrx_word' id='word_1_743' title='bbox 879 2327 1045 2354; x_wconf 81' lang='lat' dir='ltr'><strong>intexuimus</strong></span> <span class='ocrx_word' id='word_1_744' title='bbox 1056 2327 1085 2354; x_wconf 86' lang='lat' dir='ltr'><strong>il-</strong></span> 
     </span>
    </p>
   </div>
   <div class='ocr_carea' id='block_1_97' title="bbox 297 2370 1083 2407">
    <p class='ocr_par' dir='ltr' id='par_1_97' title="bbox 297 2370 1083 2407">
     <span class='ocr_line' id='line_1_97' title="bbox 297 2370 1083 2407; baseline 0.005 -11"><span class='ocrx_word' id='word_1_745' title='bbox 297 2370 342 2396; x_wconf 89' lang='lat' dir='ltr'><strong>lnd</strong></span> <span class='ocrx_word' id='word_1_746' title='bbox 359 2371 510 2403; x_wconf 86' lang='lat' dir='ltr'><strong>theorema,</strong></span> <span class='ocrx_word' id='word_1_747' title='bbox 525 2371 559 2398; x_wconf 84' lang='lat' dir='ltr'><strong>de</strong></span> <span class='ocrx_word' id='word_1_748' title='bbox 573 2379 627 2406; x_wconf 88' lang='lat' dir='ltr'><strong>quo</strong></span> <span class='ocrx_word' id='word_1_749' title='bbox 645 2371 794 2407; x_wconf 81' lang='lat' dir='ltr'><strong>intelligere</strong></span> <span class='ocrx_word' id='word_1_750' title='bbox 808 2377 862 2403; x_wconf 77' lang='lat' dir='ltr'><strong>est,</strong></span> <span class='ocrx_word' id='word_1_751' title='bbox 879 2373 905 2399; x_wconf 93' lang='lat' dir='ltr'><strong>in</strong></span> <span class='ocrx_word' id='word_1_752' title='bbox 922 2377 978 2400; x_wconf 89' lang='lat' dir='ltr'><strong>tota</strong></span> <span class='ocrx_word' id='word_1_753' title='bbox 996 2373 1083 2401; x_wconf 88' lang='lat' dir='ltr'><strong>homi-</strong></span> 
     </span>
    </p>
   </div>
   <div class='ocr_carea' id='block_1_98' title="bbox 297 2417 1081 2453">
    <p class='ocr_par' dir='ltr' id='par_1_98' title="bbox 297 2417 1081 2453">
     <span class='ocr_line' id='line_1_98' title="bbox 297 2417 1081 2453; baseline 0.005 -11"><span class='ocrx_word' id='word_1_754' title='bbox 297 2417 339 2443; x_wconf 86' lang='lat' dir='ltr'><strong>nis</strong></span> <span class='ocrx_word' id='word_1_755' title='bbox 352 2424 481 2451; x_wconf 75' lang='lat' dir='ltr'><strong>compage</strong></span> <span class='ocrx_word' id='word_1_756' title='bbox 493 2421 610 2444; x_wconf 88' lang='lat' dir='ltr'><strong>mentem</strong></span> <span class='ocrx_word' id='word_1_757' title='bbox 625 2417 734 2452; x_wconf 91' lang='lat' dir='ltr'><strong>quidem</strong></span> <span class='ocrx_word' id='word_1_758' title='bbox 747 2418 876 2446; x_wconf 90' lang='lat' dir='ltr'><strong>divinitus</strong></span> <span class='ocrx_word' id='word_1_759' title='bbox 891 2419 1048 2453; x_wconf 79' lang='lat' dir='ltr'><strong>gubernari,</strong></span> <span class='ocrx_word' id='word_1_760' title='bbox 1065 2427 1081 2446; x_wconf 93' lang='lat' dir='ltr'><strong>a</strong></span> 
     </span>
    </p>
   </div>
   <div class='ocr_carea' id='block_1_99' title="bbox 298 2462 1082 2496">
    <p class='ocr_par' dir='ltr' id='par_1_99' title="bbox 298 2462 1082 2496">
     <span class='ocr_line' id='line_1_99' title="bbox 298 2462 1082 2496; baseline 0.006 -9"><span class='ocrx_word' id='word_1_761' title='bbox 298 2466 387 2489; x_wconf 84' lang='lat' dir='ltr'><strong>ruente</strong></span> <span class='ocrx_word' id='word_1_762' title='bbox 404 2469 467 2488; x_wconf 91' lang='lat' dir='ltr'><strong>vero</strong></span> <span class='ocrx_word' id='word_1_763' title='bbox 484 2462 566 2489; x_wconf 87' lang='lat' dir='ltr'><strong>vitam</strong></span> <span class='ocrx_word' id='word_1_764' title='bbox 581 2462 702 2491; x_wconf 87' lang='lat' dir='ltr'><strong>rudioris</strong></span> <span class='ocrx_word' id='word_1_765' title='bbox 716 2463 743 2490; x_wconf 92' lang='lat' dir='ltr'><strong>iu</strong></span> <span class='ocrx_word' id='word_1_766' title='bbox 758 2464 836 2491; x_wconf 91' lang='lat' dir='ltr'><strong>nobis</strong></span> <span class='ocrx_word' id='word_1_767' title='bbox 857 2465 991 2496; x_wconf 86' lang='lat' dir='ltr'><strong>materiei,</strong></span> <span class='ocrx_word' id='word_1_768' title='bbox 1007 2465 1029 2492; x_wconf 90' lang='lat' dir='ltr'><strong>si</strong></span> <span class='ocrx_word' id='word_1_769' title='bbox 1049 2472 1082 2492; x_wconf 85' lang='lat' dir='ltr'><strong>ea</strong></span> 
     </span>
    </p>
   </div>
   <div class='ocr_carea' id='block_1_100' title="bbox 295 2509 1081 2537">
    <p class='ocr_par' dir='ltr' id='par_1_100' title="bbox 295 2509 1081 2537">
     <span class='ocr_line' id='line_1_100' title="bbox 295 2509 1081 2537; baseline 0.004 -3"><span class='ocrx_word' id='word_1_770' title='bbox 295 2511 372 2534; x_wconf 73' lang='lat' dir='ltr'><strong>extra</strong></span> <span class='ocrx_word' id='word_1_771' title='bbox 387 2512 512 2534; x_wconf 87' lang='lat' dir='ltr'><strong>naturam</strong></span> <span class='ocrx_word' id='word_1_772' title='bbox 526 2515 580 2535; x_wconf 90' lang='lat' dir='ltr'><strong>non</strong></span> <span class='ocrx_word' id='word_1_773' title='bbox 596 2509 740 2537; x_wconf 81' lang='lat' dir='ltr'><strong>cxorbitet.</strong></span> <span class='ocrx_word' id='word_1_774' title='bbox 760 2509 826 2536; x_wconf 85' lang='lat' dir='ltr'><strong>Nam</strong></span> <span class='ocrx_word' id='word_1_775' title='bbox 847 2510 869 2536; x_wconf 85' lang='lat' dir='ltr'><strong>si</strong></span> <span class='ocrx_word' id='word_1_776' title='bbox 888 2517 903 2536; x_wconf 90' lang='lat' dir='ltr'><strong>a</strong></span> <span class='ocrx_word' id='word_1_777' title='bbox 924 2515 1020 2537; x_wconf 83' lang='lat' dir='ltr'><strong>natura</strong></span> <span class='ocrx_word' id='word_1_778' title='bbox 1035 2518 1081 2537; x_wconf 82' lang='lat' dir='ltr'><strong>re-</strong></span> 
     </span>
    </p>
   </div>
   <div class='ocr_carea' id='block_1_101' title="bbox 1131 2233 1923 2272">
    <p class='ocr_par' dir='ltr' id='par_1_101' title="bbox 1131 2233 1923 2272">
     <span class='ocr_line' id='line_1_101' title="bbox 1131 2233 1923 2272; baseline -0.005 -8"><span class='ocrx_word' id='word_1_779' title='bbox 1131 2237 1248 2272; x_wconf 81' lang='grc' dir='ltr'>φυσικῆς</span> <span class='ocrx_word' id='word_1_780' title='bbox 1272 2236 1465 2267; x_wconf 79' lang='grc' dir='ltr'>καταστάσεως</span> <span class='ocrx_word' id='word_1_781' title='bbox 1489 2236 1537 2270; x_wconf 87' lang='grc' dir='ltr'>τὴν</span> <span class='ocrx_word' id='word_1_782' title='bbox 1563 2236 1668 2262; x_wconf 86' lang='grc' dir='ltr'>οἰκείαν</span> <span class='ocrx_word' id='word_1_783' title='bbox 1692 2234 1807 2269; x_wconf 86' lang='grc' dir='ltr'>δύναμιν</span> <span class='ocrx_word' id='word_1_784' title='bbox 1829 2234 1843 2260; x_wconf 75' lang='grc' dir='ltr'><strong>ὁ</strong></span> <span class='ocrx_word' id='word_1_785' title='bbox 1860 2233 1923 2265; x_wconf 85' lang='grc' dir='ltr'>νοῦς</span> 
     </span>
    </p>
   </div>
   <div class='ocr_carea' id='block_1_102' title="bbox 1131 2279 1924 2319">
    <p class='ocr_par' dir='ltr' id='par_1_102' title="bbox 1131 2279 1924 2319">
     <span class='ocr_line' id='line_1_102' title="bbox 1131 2279 1924 2319; baseline -0.006 -9"><span class='ocrx_word' id='word_1_786' title='bbox 1131 2285 1248 2319; x_wconf 77' lang='grc' dir='ltr'>ἐνεργεῖ,</span> <span class='ocrx_word' id='word_1_787' title='bbox 1266 2283 1313 2309; x_wconf 82' lang='grc' dir='ltr'>καὶ</span> <span class='ocrx_word' id='word_1_788' title='bbox 1326 2282 1443 2318; x_wconf 71' lang='grc' dir='ltr'>ἔρρωται</span> <span class='ocrx_word' id='word_1_789' title='bbox 1462 2282 1512 2317; x_wconf 85' lang='grc' dir='ltr'>μὲν</span> <span class='ocrx_word' id='word_1_790' title='bbox 1528 2281 1574 2308; x_wconf 72' lang='grc' dir='ltr'>ἐπὶ</span> <span class='ocrx_word' id='word_1_791' title='bbox 1590 2281 1645 2308; x_wconf 87' lang='grc' dir='ltr'>τῶν</span> <span class='ocrx_word' id='word_1_792' title='bbox 1663 2280 1847 2310; x_wconf 84' lang='grc' dir='ltr'>συνεστώτων,</span> <span class='ocrx_word' id='word_1_793' title='bbox 1860 2279 1924 2306; x_wconf 75' lang='grc' dir='ltr'>ἀδυ-</span> 
     </span>
    </p>
   </div>
   <div class='ocr_carea' id='block_1_103' title="bbox 1131 2324 1923 2362">
    <p class='ocr_par' dir='ltr' id='par_1_103' title="bbox 1131 2324 1923 2362">
     <span class='ocr_line' id='line_1_103' title="bbox 1131 2324 1923 2362; baseline -0.008 -6"><span class='ocrx_word' id='word_1_794' title='bbox 1131 2330 1206 2356; x_wconf 85' lang='grc' dir='ltr'>νατεῖ</span> <span class='ocrx_word' id='word_1_795' title='bbox 1226 2328 1255 2355; x_wconf 85' lang='grc' dir='ltr'><strong>δὲ</strong></span> <span class='ocrx_word' id='word_1_796' title='bbox 1282 2328 1363 2354; x_wconf 82' lang='grc' dir='ltr'>πάλιν</span> <span class='ocrx_word' id='word_1_797' title='bbox 1380 2328 1426 2354; x_wconf 67' lang='grc' dir='ltr'><strong>ἐπὶ</strong></span> <span class='ocrx_word' id='word_1_798' title='bbox 1446 2327 1500 2353; x_wconf 84' lang='grc' dir='ltr'>τῶν</span> <span class='ocrx_word' id='word_1_799' title='bbox 1525 2327 1562 2362; x_wconf 84' lang='grc' dir='ltr'>μὴ</span> <span class='ocrx_word' id='word_1_800' title='bbox 1583 2325 1743 2362; x_wconf 85' lang='grc' dir='ltr'>χωρούντων</span> <span class='ocrx_word' id='word_1_801' title='bbox 1767 2324 1849 2351; x_wconf 83' lang='grc' dir='ltr'>αὑτοῦ</span> <span class='ocrx_word' id='word_1_802' title='bbox 1872 2324 1923 2359; x_wconf 82' lang='grc' dir='ltr'>τὴν</span> 
     </span>
    </p>
   </div>
   <div class='ocr_carea' id='block_1_104' title="bbox 1133 2370 1923 2410">
    <p class='ocr_par' dir='ltr' id='par_1_104' title="bbox 1133 2370 1923 2410">
     <span class='ocr_line' id='line_1_104' title="bbox 1133 2370 1923 2410; baseline -0.008 -9"><span class='ocrx_word' id='word_1_803' title='bbox 1133 2374 1282 2410; x_wconf 80' lang='grc' dir='ltr'>ἐνέργειαν.</span> <span class='ocrx_word' id='word_1_804' title='bbox 1301 2373 1379 2399; x_wconf 83' lang='grc' dir='ltr'>Ἐστι</span> <span class='ocrx_word' id='word_1_805' title='bbox 1392 2372 1446 2408; x_wconf 87' lang='grc' dir='ltr'>γὰρ</span> <span class='ocrx_word' id='word_1_806' title='bbox 1462 2372 1509 2399; x_wconf 69' lang='grc' dir='ltr'>καὶ</span> <span class='ocrx_word' id='word_1_807' title='bbox 1524 2372 1557 2399; x_wconf 80' lang='grc' dir='ltr'>δι’</span> <span class='ocrx_word' id='word_1_808' title='bbox 1573 2372 1675 2407; x_wconf 78' lang='grc' dir='ltr'>ἐτέρων</span> <span class='ocrx_word' id='word_1_809' title='bbox 1691 2371 1721 2397; x_wconf 76' lang='grc' dir='ltr'><strong>τὸ</strong></span> <span class='ocrx_word' id='word_1_810' title='bbox 1734 2371 1802 2406; x_wconf 73' lang='grc' dir='ltr'>περὶ</span> <span class='ocrx_word' id='word_1_811' title='bbox 1819 2370 1923 2396; x_wconf 82' lang='grc' dir='ltr'>τούτων</span> 
     </span>
    </p>
   </div>
   <div class='ocr_carea' id='block_1_105' title="bbox 1134 2415 1923 2456">
    <p class='ocr_par' dir='ltr' id='par_1_105' title="bbox 1134 2415 1923 2456">
     <span class='ocr_line' id='line_1_105' title="bbox 1134 2415 1923 2456; baseline -0.006 -10"><span class='ocrx_word' id='word_1_812' title='bbox 1134 2420 1222 2456; x_wconf 84' lang='grc' dir='ltr'>δόγμα</span> <span class='ocrx_word' id='word_1_813' title='bbox 1243 2418 1445 2445; x_wconf 78' lang='grc' dir='ltr'>πιστώσασθαι·</span> <span class='ocrx_word' id='word_1_814' title='bbox 1468 2418 1516 2445; x_wconf 75' lang='grc' dir='ltr'><strong>καὶ</strong></span> <span class='ocrx_word' id='word_1_815' title='bbox 1530 2418 1554 2444; x_wconf 81' lang='grc' dir='ltr'><strong>εί</strong></span> <span class='ocrx_word' id='word_1_816' title='bbox 1578 2418 1614 2453; x_wconf 88' lang='grc' dir='ltr'><strong>μὴ</strong></span> <span class='ocrx_word' id='word_1_817' title='bbox 1637 2417 1704 2452; x_wconf 76' lang='grc' dir='ltr'>βαρὺ</span> <span class='ocrx_word' id='word_1_818' title='bbox 1725 2418 1757 2452; x_wconf 82' lang='grc' dir='ltr'><strong>τῇ</strong></span> <span class='ocrx_word' id='word_1_819' title='bbox 1781 2417 1849 2451; x_wconf 83' lang='grc' dir='ltr'><strong>ἀκοῇ</strong></span> <span class='ocrx_word' id='word_1_820' title='bbox 1867 2415 1923 2442; x_wconf 83' lang='grc' dir='ltr'>τῶν</span> 
     </span>
    </p>
   </div>
   <div class='ocr_carea' id='block_1_106' title="bbox 1136 2461 1924 2501">
    <p class='ocr_par' dir='ltr' id='par_1_106' title="bbox 1136 2461 1924 2501">
     <span class='ocr_line' id='line_1_106' title="bbox 1136 2461 1924 2501; baseline -0.006 -9"><span class='ocrx_word' id='word_1_821' title='bbox 1136 2465 1368 2501; x_wconf 84' lang='grc' dir='ltr'>προκεκμηκότων</span> <span class='ocrx_word' id='word_1_822' title='bbox 1383 2464 1432 2500; x_wconf 75' lang='grc' dir='ltr'>ἤδη</span> <span class='ocrx_word' id='word_1_823' title='bbox 1448 2464 1486 2499; x_wconf 79' lang='grc' dir='ltr'><strong>τῷ</strong></span> <span class='ocrx_word' id='word_1_824' title='bbox 1509 2463 1590 2499; x_wconf 85' lang='grc' dir='ltr'>λόγῳ,</span> <span class='ocrx_word' id='word_1_825' title='bbox 1608 2463 1654 2490; x_wconf 76' lang='grc' dir='ltr'><strong>καὶ</strong></span> <span class='ocrx_word' id='word_1_826' title='bbox 1676 2463 1739 2498; x_wconf 81' lang='grc' dir='ltr'>περὶ</span> <span class='ocrx_word' id='word_1_827' title='bbox 1753 2461 1864 2494; x_wconf 83' lang='grc' dir='ltr'>τούτων,</span> <span class='ocrx_word' id='word_1_828' title='bbox 1884 2461 1924 2492; x_wconf 83' lang='grc' dir='ltr'>ὡς</span> 
     </span>
    </p>
   </div>
   <div class='ocr_carea' id='block_1_107' title="bbox 1137 2507 1750 2545">
    <p class='ocr_par' dir='ltr' id='par_1_107' title="bbox 1137 2507 1750 2545">
     <span class='ocr_line' id='line_1_107' title="bbox 1137 2507 1750 2545; baseline -0.005 -8"><span class='ocrx_word' id='word_1_829' title='bbox 1137 2510 1169 2542; x_wconf 82' lang='grc' dir='ltr'>ἂν</span> <span class='ocrx_word' id='word_1_830' title='bbox 1181 2508 1232 2536; x_wconf 78' lang='grc' dir='ltr'>οἶοί</span> <span class='ocrx_word' id='word_1_831' title='bbox 1245 2519 1275 2536; x_wconf 86' lang='grc' dir='ltr'>τε</span> <span class='ocrx_word' id='word_1_832' title='bbox 1287 2507 1373 2545; x_wconf 76' lang='grc' dir='ltr'>ὦμεν,</span> <span class='ocrx_word' id='word_1_833' title='bbox 1388 2509 1421 2536; x_wconf 71' lang='grc' dir='ltr'>δι’</span> <span class='ocrx_word' id='word_1_834' title='bbox 1439 2509 1537 2543; x_wconf 84' lang='grc' dir='ltr'>ὀλίγων</span> <span class='ocrx_word' id='word_1_835' title='bbox 1547 2507 1750 2545; x_wconf 67' lang='grc' dir='ltr'>διαληψώμεθα.</span> 
     </span>
    </p>
   </div>
   <div class='ocr_carea' id='block_1_108' title="bbox 297 2550 1922 2590">
    <p class='ocr_par' dir='ltr' id='par_1_108' title="bbox 297 2550 1922 2590">
     <span class='ocr_line' id='line_1_108' title="bbox 297 2550 1922 2590; baseline 0 -12"><span class='ocrx_word' id='word_1_836' title='bbox 297 2551 392 2584; x_wconf 86' lang='lat' dir='ltr'><strong>cedat,</strong></span> <span class='ocrx_word' id='word_1_837' title='bbox 414 2553 510 2587; x_wconf 82' lang='lat' dir='ltr'><strong>agendi</strong></span> <span class='ocrx_word' id='word_1_838' title='bbox 537 2552 713 2587; x_wconf 87' lang='lat' dir='ltr'><strong>facultatem,</strong></span> <span class='ocrx_word' id='word_1_839' title='bbox 735 2563 815 2590; x_wconf 90' lang='lat' dir='ltr'><strong>quam</strong></span> <span class='ocrx_word' id='word_1_840' title='bbox 841 2555 939 2582; x_wconf 87' lang='lat' dir='ltr'><strong>habeat</strong></span> <span class='ocrx_word' id='word_1_841' title='bbox 960 2563 975 2582; x_wconf 87' lang='lat' dir='ltr'><strong>a</strong></span> <span class='ocrx_word' id='word_1_842' title='bbox 997 2559 1102 2588; x_wconf 91' lang='lat' dir='ltr'><strong>mente,</strong></span> <span class='ocrx_word' id='word_1_843' title='bbox 1128 2563 1241 2590; x_wconf 88' lang='lat' dir='ltr'><strong>prorsus</strong></span> <span class='ocrx_word' id='word_1_844' title='bbox 1264 2556 1399 2583; x_wconf 86' lang='lat' dir='ltr'><strong>amittere.</strong></span> <span class='ocrx_word' id='word_1_845' title='bbox 1421 2554 1568 2582; x_wconf 79' lang='lat' dir='ltr'><strong>Enimvero</strong></span> <span class='ocrx_word' id='word_1_846' title='bbox 1590 2557 1742 2581; x_wconf 84' lang='lat' dir='ltr'><strong>revertatur</strong></span> <span class='ocrx_word' id='word_1_847' title='bbox 1761 2560 1793 2580; x_wconf 88' lang='lat' dir='ltr'><strong>eo</strong></span> <span class='ocrx_word' id='word_1_848' title='bbox 1814 2550 1922 2579; x_wconf 86' lang='lat' dir='ltr'><strong>tandem</strong></span> 
     </span>
    </p>
   </div>
   <div class='ocr_carea' id='block_1_109' title="bbox 297 2596 1923 2637">
    <p class='ocr_par' dir='ltr' id='par_1_109' title="bbox 297 2596 1923 2637">
     <span class='ocr_line' id='line_1_109' title="bbox 297 2596 1923 2637; baseline -0.001 -13"><span class='ocrx_word' id='word_1_849' title='bbox 297 2598 396 2630; x_wconf 87' lang='lat' dir='ltr'><strong>oratio,</strong></span> <span class='ocrx_word' id='word_1_850' title='bbox 412 2599 483 2626; x_wconf 89' lang='lat' dir='ltr'><strong>unde</strong></span> <span class='ocrx_word' id='word_1_851' title='bbox 496 2599 613 2634; x_wconf 82' lang='lat' dir='ltr'><strong>deﬂexit,</strong></span> <span class='ocrx_word' id='word_1_852' title='bbox 630 2607 747 2630; x_wconf 87' lang='lat' dir='ltr'><strong>mentem</strong></span> <span class='ocrx_word' id='word_1_853' title='bbox 769 2602 892 2629; x_wconf 81' lang='lat' dir='ltr'><strong>videlicet</strong></span> <span class='ocrx_word' id='word_1_854' title='bbox 909 2602 935 2628; x_wconf 92' lang='lat' dir='ltr'><strong>in</strong></span> <span class='ocrx_word' id='word_1_855' title='bbox 957 2602 991 2629; x_wconf 77' lang='lat' dir='ltr'><strong>iis</strong></span> <span class='ocrx_word' id='word_1_856' title='bbox 1007 2603 1144 2637; x_wconf 83' lang='lat' dir='ltr'><strong>partibus,</strong></span> <span class='ocrx_word' id='word_1_857' title='bbox 1167 2610 1284 2637; x_wconf 85' lang='lat' dir='ltr'><strong>quarum</strong></span> <span class='ocrx_word' id='word_1_858' title='bbox 1303 2602 1424 2630; x_wconf 89' lang='lat' dir='ltr'><strong>conditio</strong></span> <span class='ocrx_word' id='word_1_859' title='bbox 1448 2601 1581 2629; x_wconf 86' lang='lat' dir='ltr'><strong>naturalis</strong></span> <span class='ocrx_word' id='word_1_860' title='bbox 1607 2600 1702 2627; x_wconf 89' lang='lat' dir='ltr'><strong>morbo</strong></span> <span class='ocrx_word' id='word_1_861' title='bbox 1717 2599 1810 2634; x_wconf 89' lang='lat' dir='ltr'><strong>aliquo</strong></span> <span class='ocrx_word' id='word_1_862' title='bbox 1829 2596 1923 2624; x_wconf 86' lang='lat' dir='ltr'><strong>vitiata</strong></span> 
     </span>
    </p>
   </div>
   <div class='ocr_carea' id='block_1_110' title="bbox 298 2643 1923 2681">
    <p class='ocr_par' dir='ltr' id='par_1_110' title="bbox 298 2643 1923 2681">
     <span class='ocr_line' id='line_1_110' title="bbox 298 2643 1923 2681; baseline 0.002 -11"><span class='ocrx_word' id='word_1_863' title='bbox 298 2652 351 2671; x_wconf 88' lang='lat' dir='ltr'><strong>non</strong></span> <span class='ocrx_word' id='word_1_864' title='bbox 370 2645 415 2676; x_wconf 89' lang='lat' dir='ltr'><strong>sit,</strong></span> <span class='ocrx_word' id='word_1_865' title='bbox 428 2644 611 2674; x_wconf 78' lang='lat' dir='ltr'><strong>emeacitatem</strong></span> <span class='ocrx_word' id='word_1_866' title='bbox 625 2655 702 2674; x_wconf 90' lang='lat' dir='ltr'><strong>suam</strong></span> <span class='ocrx_word' id='word_1_867' title='bbox 713 2647 847 2679; x_wconf 86' lang='lat' dir='ltr'><strong>oblinere,</strong></span> <span class='ocrx_word' id='word_1_868' title='bbox 867 2647 894 2674; x_wconf 90' lang='lat' dir='ltr'><strong>in</strong></span> <span class='ocrx_word' id='word_1_869' title='bbox 918 2647 1070 2675; x_wconf 81' lang='lat' dir='ltr'><strong>valentibus</strong></span> <span class='ocrx_word' id='word_1_870' title='bbox 1084 2648 1215 2676; x_wconf 81' lang='lat' dir='ltr'><strong>membris</strong></span> <span class='ocrx_word' id='word_1_871' title='bbox 1230 2649 1374 2681; x_wconf 86' lang='lat' dir='ltr'><strong>valentem,</strong></span> <span class='ocrx_word' id='word_1_872' title='bbox 1393 2648 1420 2675; x_wconf 88' lang='lat' dir='ltr'><strong>in</strong></span> <span class='ocrx_word' id='word_1_873' title='bbox 1445 2648 1478 2675; x_wconf 91' lang='lat' dir='ltr'><strong>iis</strong></span> <span class='ocrx_word' id='word_1_874' title='bbox 1500 2650 1590 2674; x_wconf 87' lang='lat' dir='ltr'><strong>autem</strong></span> <span class='ocrx_word' id='word_1_875' title='bbox 1608 2653 1668 2681; x_wconf 66' lang='lat' dir='ltr'><strong>qua</strong></span> <span class='ocrx_word' id='word_1_876' title='bbox 1681 2646 1819 2673; x_wconf 85' lang='lat' dir='ltr'><strong>actionum</strong></span> <span class='ocrx_word' id='word_1_877' title='bbox 1836 2643 1923 2678; x_wconf 88' lang='lat' dir='ltr'><strong>ipsius</strong></span> 
     </span>
    </p>
   </div>
   <div class='ocr_carea' id='block_1_111' title="bbox 296 2690 1923 2728">
    <p class='ocr_par' dir='ltr' id='par_1_111' title="bbox 296 2690 1923 2728">
     <span class='ocr_line' id='line_1_111' title="bbox 296 2690 1923 2728; baseline 0 -11"><span class='ocrx_word' id='word_1_878' title='bbox 296 2690 408 2724; x_wconf 84' lang='lat' dir='ltr'><strong>capacia</strong></span> <span class='ocrx_word' id='word_1_879' title='bbox 418 2698 471 2718; x_wconf 89' lang='lat' dir='ltr'><strong>non</strong></span> <span class='ocrx_word' id='word_1_880' title='bbox 486 2696 558 2724; x_wconf 89' lang='lat' dir='ltr'><strong>sunt,</strong></span> <span class='ocrx_word' id='word_1_881' title='bbox 574 2692 741 2728; x_wconf 80' lang='lat' dir='ltr'><strong>languidam.</strong></span> <span class='ocrx_word' id='word_1_882' title='bbox 764 2692 851 2728; x_wconf 87' lang='lat' dir='ltr'><strong>Atque</strong></span> <span class='ocrx_word' id='word_1_883' title='bbox 873 2693 936 2720; x_wconf 88' lang='lat' dir='ltr'><strong>huic</strong></span> <span class='ocrx_word' id='word_1_884' title='bbox 957 2693 1066 2728; x_wconf 90' lang='lat' dir='ltr'><strong>quidem</strong></span> <span class='ocrx_word' id='word_1_885' title='bbox 1091 2696 1231 2722; x_wconf 77' lang='lat' dir='ltr'><strong>sententia:</strong></span> <span class='ocrx_word' id='word_1_886' title='bbox 1248 2702 1301 2722; x_wconf 92' lang='lat' dir='ltr'><strong>non</strong></span> <span class='ocrx_word' id='word_1_887' title='bbox 1321 2698 1363 2722; x_wconf 88' lang='lat' dir='ltr'><strong>est</strong></span> <span class='ocrx_word' id='word_1_888' title='bbox 1376 2693 1484 2722; x_wconf 80' lang='lat' dir='ltr'><strong>dilﬁcile</strong></span> <span class='ocrx_word' id='word_1_889' title='bbox 1497 2693 1647 2720; x_wconf 86' lang='lat' dir='ltr'><strong>rationibus</strong></span> <span class='ocrx_word' id='word_1_890' title='bbox 1662 2692 1744 2720; x_wconf 86' lang='lat' dir='ltr'><strong>etiam</strong></span> <span class='ocrx_word' id='word_1_891' title='bbox 1767 2690 1827 2718; x_wconf 89' lang='lat' dir='ltr'><strong>aliis</strong></span> <span class='ocrx_word' id='word_1_892' title='bbox 1843 2690 1923 2718; x_wconf 82' lang='lat' dir='ltr'><strong>ﬁdem</strong></span> 
     </span>
    </p>
   </div>
   <div class='ocr_carea' id='block_1_112' title="bbox 297 2735 1923 2775">
    <p class='ocr_par' dir='ltr' id='par_1_112' title="bbox 297 2735 1923 2775">
     <span class='ocr_line' id='line_1_112' title="bbox 297 2735 1923 2775; baseline 0.001 -12"><span class='ocrx_word' id='word_1_893' title='bbox 297 2736 396 2764; x_wconf 83' lang='lat' dir='ltr'><strong>facere.</strong></span> <span class='ocrx_word' id='word_1_894' title='bbox 412 2735 489 2769; x_wconf 83' lang='lat' dir='ltr'><strong>Quod</strong></span> <span class='ocrx_word' id='word_1_895' title='bbox 510 2737 533 2765; x_wconf 86' lang='lat' dir='ltr'><strong>si</strong></span> <span class='ocrx_word' id='word_1_896' title='bbox 556 2738 700 2765; x_wconf 87' lang='lat' dir='ltr'><strong>molestum</strong></span> <span class='ocrx_word' id='word_1_897' title='bbox 716 2745 769 2765; x_wconf 91' lang='lat' dir='ltr'><strong>non</strong></span> <span class='ocrx_word' id='word_1_898' title='bbox 786 2738 839 2765; x_wconf 88' lang='lat' dir='ltr'><strong>erit</strong></span> <span class='ocrx_word' id='word_1_899' title='bbox 852 2738 896 2770; x_wconf 86' lang='lat' dir='ltr'><strong>iis,</strong></span> <span class='ocrx_word' id='word_1_900' title='bbox 912 2739 958 2774; x_wconf 89' lang='lat' dir='ltr'><strong>qui</strong></span> <span class='ocrx_word' id='word_1_901' title='bbox 980 2739 1102 2767; x_wconf 89' lang='lat' dir='ltr'><strong>oratione</strong></span> <span class='ocrx_word' id='word_1_902' title='bbox 1123 2740 1264 2775; x_wconf 86' lang='lat' dir='ltr'><strong>superiore</strong></span> <span class='ocrx_word' id='word_1_903' title='bbox 1279 2743 1385 2768; x_wconf 87' lang='lat' dir='ltr'><strong>tantum</strong></span> <span class='ocrx_word' id='word_1_904' title='bbox 1399 2747 1454 2767; x_wconf 91' lang='lat' dir='ltr'><strong>non</strong></span> <span class='ocrx_word' id='word_1_905' title='bbox 1469 2738 1609 2774; x_wconf 80' lang='lat' dir='ltr'><strong>defatigati</strong></span> <span class='ocrx_word' id='word_1_906' title='bbox 1629 2742 1702 2770; x_wconf 79' lang='lat' dir='ltr'><strong>sunt,</strong></span> <span class='ocrx_word' id='word_1_907' title='bbox 1720 2737 1807 2772; x_wconf 87' lang='lat' dir='ltr'><strong>placet</strong></span> <span class='ocrx_word' id='word_1_908' title='bbox 1827 2739 1853 2763; x_wconf 91' lang='lat' dir='ltr'><strong>et</strong></span> <span class='ocrx_word' id='word_1_909' title='bbox 1865 2735 1923 2770; x_wconf 80' lang='lat' dir='ltr'><strong>illa,</strong></span> 
     </span>
    </p>
   </div>
   <div class='ocr_carea' id='block_1_113' title="bbox 297 2783 1149 2823">
    <p class='ocr_par' dir='ltr' id='par_1_113' title="bbox 297 2783 1149 2823">
     <span class='ocr_line' id='line_1_113' title="bbox 297 2783 1149 2823; baseline 0.004 -13"><span class='ocrx_word' id='word_1_910' title='bbox 297 2783 385 2818; x_wconf 84' lang='lat' dir='ltr'><strong>quo::d</strong></span> <span class='ocrx_word' id='word_1_911' title='bbox 402 2784 461 2818; x_wconf 82' lang='lat' dir='ltr'><strong>ejus</strong></span> <span class='ocrx_word' id='word_1_912' title='bbox 475 2783 533 2811; x_wconf 82' lang='lat' dir='ltr'><strong>fieri</strong></span> <span class='ocrx_word' id='word_1_913' title='bbox 550 2785 660 2820; x_wconf 78' lang='lat' dir='ltr'><strong>poterit,</strong></span> <span class='ocrx_word' id='word_1_914' title='bbox 679 2793 759 2819; x_wconf 87' lang='lat' dir='ltr'><strong>quam</strong></span> <span class='ocrx_word' id='word_1_915' title='bbox 781 2785 940 2814; x_wconf 85' lang='lat' dir='ltr'><strong>brevissime</strong></span> <span class='ocrx_word' id='word_1_916' title='bbox 958 2787 1149 2823; x_wconf 85' lang='lat' dir='ltr'><strong>perstringere.</strong></span> 
     </span>
    </p>
   </div>
  </div>
