1976 3077
75 110 124 138 ιϐό

322 163 530 190 ΚΕΦΔΛΑΙΟΝ.
553 163 601 189 1Γ¹.

710 108 751 135 DE
773 105 912 134 IIOMINIS
931 105 1086 133 OI‘IFICIU.

1648 105 1700 134 I66

1210 159 1324 187 CAPUT
1345 160 1413 188 XIII.

72 210 140 245 Περὶ
155 209 263 240 ὕπνου,
276 208 324 235 wai
336 208 467 243 χάσμης,
482 208 531 234 καὶ
543 208 675 240 ὀνείρων,
687 208 860 242 αἰτιολογία.

926 205 1019 238 Somni,
1037 206 1221 239 oscitationis,
1239 207 1434 232 insomniorum
1455 214 1545 234 causa:
1563 205 1699 233 indicatur.

114 257 145 282 'H
167 255 246 290 ὑλικὴ
271 255 317 282 καὶ
339 255 442 290 ῥοώδης
465 254 534 289 αὕτη
564 254 618 280 τῶν
635 254 768 288 σωμάτων
793 254 859 289 ζωὴ,

73 302 187 330 πάντοτε
209 301 253 328 διὰ
269 302 403 336 κινήσεως
425 300 567 335 προϊοῦσα,
583 301 612 326 ὲν
636 300 722 335 τούτῳ
735 300 790 334 ἔχει
814 300 861 327 τοῦ

73 346 142 375 εἶναι
158 348 207 383 τὴν
223 346 347 382 δύναμιν,
366 347 394 373 ὲν
408 346 448 381 τῷ
471 345 508 381 μὴ
526 346 621 381 στῆναί
641 355 705 372 ποτε
719 347 769 381 τῆς
784 346 861 381 κινή-

75 400 151 422 σεως.
167 391 302 426 Καθάπερ
315 390 344 416 δέ
362 399 404 422 τις
427 391 548 426 ποταμὸς
559 390 629 417 κατὰ
649 390 698 426 τὴν
712 391 778 417 ἰδίαν
793 391 861 426 ῥέων

73 438 171 473 ὁρμὴν,
185 437 276 472 πλήρη
293 437 343 471 μὲν
357 436 476 462 δείκνυσι
496 436 545 471 τὴν
560 436 714 471 κοιλότητα,
730 436 763 462 δι’
776 434 810 472 ἧς
829 436 862 463 ἂν

73 483 143 519 τύχῃ
156 482 314 518 φερόμενος,
334 482 363 508 οὐ
384 482 437 517 μὴν
458 482 486 508 ὲν
502 482 540 516 τῷ
556 481 629 517 αὐτῷ
650 481 724 508 ὕδατι
741 483 803 517 περὶ
817 482 862 508 τὸν

74 529 156 556 αὑτὸν
171 530 213 555 ἀεὶ
227 529 307 555 τόπον
321 529 429 564 ὁρᾶται,
446 527 512 554 ἀλλὰ
526 527 556 554 τὸ
577 528 625 563 μὲν
641 528 798 563 ὑπέδραμεν
816 527 864 554 αὒ-

75 575 133 606 τοῦ,
151 575 181 601 τὸ
201 575 229 601 δὲ
253 574 397 610 ὑπερρέει·
415 573 488 600 οὕτω
510 573 557 600 καὶ
571 573 602 599 τὸ
618 573 708 600 ὑλικὸν
733 574 783 608 τῆς
800 574 864 609 τῇδε

75 619 149 654 ζωῆς
166 618 210 645 διά
230 627 302 649 τινος
320 620 453 653 κινήσεως
469 618 516 645 καὶ
541 618 605 654 ῥοῆς
617 619 650 653 τῇ
676 619 801 654 συνεχείᾳ
815 618 865 653 τῆς

75 664 130 692 τῶν
152 663 281 690 ἐναντίων
302 663 426 698 διαδοχῆς
450 662 601 697 ἀμείϐεται,
625 663 662 694 ὡς
677 663 710 690 ἂν
731 663 865 698 μηδέποτε

77 709 174 744 στῆναι
186 709 313 736 δύνασθαι
324 709 372 744 τῆς
388 709 548 744 μεταϐολῆς,
564 709 630 736 am
644 710 676 744 τῇ
691 710 804 745 δυνάμει
819 709 865 736 τοῦ

77 755 206 791 ἀτρεμεῖν
229 755 367 781 ἄπαυστον
383 754 455 789 ἔχειν
476 754 519 781 διὰ
533 754 587 781 τῶν
606 755 707 790 ὁμοίων
724 755 867 790 ὲναμειϐο-

80 801 163 836 μένην
177 800 226 836 τὴν
246 801 362 836 κίνησιν.
377 801 408 827 Εἰ
421 800 449 827 δέ
466 809 532 827 ποτε
546 800 704 836 κινούμενον
725 801 866 834 παύσοιτο,

951 252 1078 279 Crassior
1094 252 1138 278 illa
1157 251 1283 286 Iluxaque
1299 259 1444 286 corporum
1461 256 1617 280 nostrorum
1635 252 1699 283 vita,

915 303 976 330 qua:
1001 304 1110 331 semper
1132 302 1266 328 movetur,
1290 303 1322 322 ex
1340 303 1372 323 eo
1397 297 1456 330 ipso
1479 297 1532 323 vim
1550 296 1701 323 exsistcndi

916 341 1007 374 habet,
1026 343 1099 377 quod
1122 346 1196 369 motu
1212 342 1325 377 prtedita
1349 343 1385 370 sit
1400 341 1500 377 quietis
1521 347 1640 376 experte.
1663 342 1703 368 Ac

916 388 998 415 veluti
1013 388 1112 416 ﬂuvius
1127 389 1228 423 impetu
1244 396 1294 416 suo
1306 389 1454 420 volutatus,
1468 388 1573 414 alveum
1591 387 1701 420 quidem

917 442 998 466 suum
1013 441 1120 469 semper
1137 435 1241 469 implet,
1254 443 1302 469 per
1317 442 1397 469 quem
1413 434 1522 466 labitur,
1541 441 1594 460 non
1613 439 1703 459 tamen

916 480 1011 507 eadem
1025 487 1094 515 aqua
1108 480 1201 508 eodem
1218 481 1243 507 in
1260 480 1320 507 loco
1334 484 1464 515 perpetuo
1477 479 1572 512 haeret,
1589 478 1636 505 sed
1651 478 1703 504 alia

917 525 1090 557 decurrente,
1113 525 1199 552 aﬂluit
1219 526 1271 553 alia
1294 535 1300 553 :
1321 526 1362 553 sic
1386 526 1506 552 crassior
1527 524 1572 551 illa
1600 524 1652 550 vita
1677 524 1705 550 in

918 571 999 598 terris
1025 575 1120 598 nostra
1147 576 1220 598 motu
1236 571 1355 606 quodam
1380 579 1412 598 ac
1437 571 1555 598 ﬂtixione
1574 569 1706 596 continua

918 617 1034 644 diversis
1045 617 1126 645 rebus
1136 617 1350 645 succedentibus
1366 617 1428 649 sibi,
1440 617 1467 644 in
1482 621 1610 652 perpetua
1623 615 1705 642 vicis-

919 663 1039 690 situdine
1053 671 1192 698 nunquam
1211 663 1410 698 interquiescit,
1420 662 1467 690 sed
1486 670 1539 689 una
1554 670 1615 689 cum
1629 661 1707 696 quie—

919 709 1012 736 scendi
1030 709 1158 737 facultate
1174 717 1321 744 perennem
1338 709 1419 736 etiam
1434 712 1536 736 motum
1552 707 1650 735 similia
1666 706 1707 733 vi-

919 754 1011 782 cissim
1035 755 1215 782 alternantem
1233 755 1324 782 habet.
1347 754 1425 787 Quod
1441 755 1463 781 si
1485 754 1529 780 hic
1541 754 1600 788 ejus
1616 756 1706 780 motus

920 800 1066 835 aliquando
1080 800 1215 835 quiescat,
1230 801 1315 835 ipsam
1326 807 1434 835 quoque
1445 799 1581 833 exstingui
1594 805 1708 826 necesse

78 845 126 872 καὶ
150 845 197 872 τοῦ
221 843 290 872 εῖναι
314 845 422 877 πάντως
442 845 492 881 τὴν
514 845 619 872 παῦλαν
639 845 711 878 ἔξει·
733 845 800 878 οἷον,
830 846 868 873 δι-

926 846 1144 878 :st.Evacuatio,
1165 847 1240 874 verbi
1264 846 1365 882 gratia,
1388 846 1565 880 repletiouem
1587 844 1706 878 excipit;

78 889 188 923 εδέξατο
200 890 230 916 τὸ
246 890 349 925 πλῆρες
366 890 382 925 ὴ
399 890 523 923 κένωσις,
537 891 583 917 καὶ
600 890 679 917 πάλιν
694 891 867 926 ἀντεισῆλοεν

79 937 96 972 ἡ
122 936 260 971 πλήρωσις
286 937 318 971 τῇ
344 935 479 971 κενότητι.
501 935 603 968 Ὕπνος
628 936 658 962 τὺ
683 936 806 963 σύντονον
819 937 868 971 τῆς

79 983 272 1017 ἐγρηγόρσεως
297 981 478 1016 ὑπεχάλασεν,
496 979 554 1008 εἷτα
571 983 733 1018 ἐγρήγορσις
752 983 782 1009 τὸ
797 984 869 1010 ἀνει-

81 1027 164 1062 μένον
179 1027 304 1053 ὲτόνωσε.
319 1027 374 1053 Καὶ
393 1027 531 1063 οὐδέτερον
542 1027 644 1054 τούτων
658 1029 687 1055 ὲν
701 1028 739 1064 τῷ
751 1029 870 1064 διηνεκεῖ

80 1073 227 1108 συμμένει,
251 1072 308 1099 ἀλλ’
326 1073 462 1108 ὑποχωρεῖ
480 1074 540 1105 ταῖς
564 1074 724 1109 παρουσίαις
748 1074 870 1110 ἀλλήλων

79 1118 235 1154 ἀμφότερα,
250 1118 320 1145 οὓτω
334 1119 383 1154 τῆς
394 1118 500 1154 φύσεως
514 1119 611 1155 ἑαυτὴν
625 1121 685 1151 ταῖς
702 1120 871 1154 ὑπαλλαγαῖς

80 1164 319 1200 ὰνακαινιζούσης,
337 1164 375 1196 ὡς
390 1165 527 1200 ἑκατέρων
539 1165 567 1191 ὲν
582 1164 620 1200 τῷ
645 1165 722 1201 μέρει
738 1165 871 1201 μεταλαγ-

80 1211 216 1247 χάνουσαν
239 1211 429 1242 ἀδιασπάστως
443 1211 496 1238 ἀπὸ
514 1211 561 1237 τοῦ
585 1211 677 1246 ἐτέρου
700 1211 872 1246 μεταϐαίνειν

81 1257 130 1283 ἐπὶ
143 1257 174 1284 τὸ
189 1257 293 1293 ἕτερον.
309 1257 346 1284 Τό
358 1266 387 1283 τε
399 1257 453 1293 γὰρ
464 1257 610 1288 διαπαντὸς
622 1257 800 1284 συντετάσθαι
813 1259 873 1289 ταῖς

81 1303 232 1336 ἐνεργείαις
247 1302 277 1328 τὸ
296 1302 375 1334 ζῶον,
394 1302 470 1337 ρῆξίν
489 1311 549 1328 τινα
571 1302 617 1328 καὶ
635 1302 805 1338 διασπασμὸν
819 1303 873 1329 τῶν

81 1348 317 1384 ὕπερτεινομένων
343 1349 459 1374 ποιεῖται
483 1348 574 1384 μερῶν
586 1356 592 1363 ·
609 1348 626 1383 ἥ
637 1356 666 1374 τε
679 1348 805 1384 διηνεκὴς
827 1347 873 1374 τοῦ

81 1393 210 1428 σώματος
231 1394 322 1426 ἄνεσις
343 1394 490 1420 διάπτωσίν
508 1403 567 1420 τινα
582 1393 628 1420 τοῦ
646 1393 811 1426 συνεστῶτος
829 1394 875 1420 καὶ

80 1439 162 1466 λύσιν
180 1440 335 1474 ἐργάζεται.
352 1439 388 1466 To
401 1439 429 1466 δὲ
444 1440 515 1466 κατά
528 1440 622 1475 καιρὸν
641 1440 760 1475 μετρίως
778 1440 874 1467 ἑκατέ-

81 1495 141 1523 ρων
157 1486 358 1520 ὲπιτυγχάνειν,
380 1485 494 1521 δύναμις
517 1486 584 1521 πρὸς
599 1486 730 1521 διαμονήν
750 1487 807 1513 ἐστι
824 1487 875 1521 τῆς

81 1531 204 1567 φύσεως,
215 1531 259 1558 διὰ
275 1533 326 1567 τῆς
343 1532 482 1567 διηνεκοῦς
497 1531 565 1567 πρὸς
583 1531 618 1559 τὰ
638 1532 813 1568 ἀντικείμενα
829 1541 877 1568 με·
890 1523 911 1552 c

82 1578 228 1609 ταὸἀσεως
245 1577 273 1604 ἐν
289 1578 430 1613 ἑκατέροις
443 1577 540 1614 ἑαυτὴν
557 1578 611 1604 ἀπὸ
627 1578 681 1605 τῶν
698 1579 798 1614 ἐτέρων
815 1579 879 1605 ἀνα-

84 1623 237 1660 παυούσης.
256 1623 333 1651 Οὕτω
352 1624 440 1650 τοίνυν
459 1624 639 1660 τετονωμένον
658 1625 702 1652 διὰ
727 1625 778 1660 τῆς
797 1626 879 1660 ἐγρη-

84 1669 209 1705 γόρσεως
234 1669 264 1695 τὸ
288 1669 368 1705 σῶμα
390 1669 520 1704 λαὸοὖσα,
542 1670 619 1697 λύσιν
642 1672 749 1706 ἐμποιεῖ
770 1671 814 1697 διὰ
831 1670 877 1697 τοῦ

86 1715 174 1742 ὕπνου
189 1715 228 1750 τῷ
239 1715 317 1750 τόνῳ,
332 1716 382 1747 τὰς
393 1716 552 1751 αίσϐητικάς
563 1717 690 1752 δυνάμεις
706 1717 772 1751 πρὸς
783 1717 877 1752 καιρὸν

85 1761 120 1788 ὲκ
135 1761 188 1788 τῶν
197 1761 340 1796 ἐνεργειῶν
350 1762 540 1795 άναπαύσασα,
551 1759 606 1788 οἶόν
616 1771 691 1793 τινας
702 1762 800 1794 ἵππους
810 1762 880 1797 μετὰ

84 1805 153 1837 τοὺς
169 1806 276 1840 ἀγῶνας
293 1807 346 1833 τῶν
369 1806 498 1842 ἁρμάτων
518 1807 664 1834 ἐκλύσασα.
687 1807 835 1841 Ἀναγκαία
849 1807 879 1834 δὲ

84 1854 122 1888 τῇ
141 1853 267 1879 συστάσει
289 1853 336 1879 τοῦ
354 1853 480 1888 σώματος
501 1853 518 1888 ή
533 1852 660 1888 εὔκαιρος
678 1852 779 1883 ἄνεσις,
793 1853 830 1885 ὡς
847 1853 879 1880 ἂν

85 1898 239 1930 ἀκωλύτως
255 1900 296 1933 ἐφ’
311 1899 384 1925 ἆπαν
395 1899 425 1925 τὸ
442 1898 520 1934 σῶμα
536 1899 580 1926 διὰ
593 1899 647 1925 τῶν
663 1900 691 1925 ἐν
703 1899 776 1934 αὐτῷ
790 1899 880 1934 πόρων

85 1945 105 1980 ὴ
125 1943 214 1979 τροφὴ
236 1943 377 1979 διαχέοιτο,
403 1944 515 1979 μηδενὸς
530 1944 607 1971 τόνου
627 1946 659 1980 τῇ
681 1945 758 1980 διόδῳ
771 1954 880 1981 παρεμ-

84 1989 257 2021 τιοδίζοντος.
283 1989 415 2025 Καθάπερ
433 1989 487 2025 γάρ
510 1990 542 2016 ἐκ
571 1989 620 2024 τῆς
650 1990 793 2025 διαϐρόχου
816 1992 877 2026 γῆς,

84 2037 156 2063 ὅταν
178 2035 318 2072 ἐπιλάμψῃ
340 2035 517 2072 θερμοτέραις
536 2036 642 2062 ἀκτῖσιν
661 2038 675 2062 ὁ
695 2036 780 2071 ἥλιος,
799 2037 879 2072 ἀτμοὶ

84 2091 164 2114 τινες
182 2081 341 2117 ὁμιχλώδεις
357 2081 411 2108 ἀπὸ
425 2081 471 2108 τοῦ
488 2081 586 2117 βάθους
607 2081 774 2109 ἀνέλκονται·
788 2083 879 2118 ὅμοιόν

84 2138 115 2156 τι
134 2128 238 2163 γίνεται
254 2127 301 2154 καὶ
311 2128 339 2154 ἑν
351 2129 385 2162 τῇ
401 2126 461 2154 καθ’
480 2128 553 2162 ἡμᾶς
567 2128 614 2163 γῇ,
629 2128 677 2163 τῆς
694 2129 796 2164 τροφῆς
813 2129 880 2155 ἐσω-

86 2174 138 2201 οεν
158 2174 210 2200 ὑπὸ
222 2174 271 2208 τῆς
287 2173 404 2208 φυσικῆς
419 2173 584 2208 θερμότητος
598 2174 774 2210 ἀναζεούσης.
797 2175 879 2200 ’Λνω-
896 2189 916 2215 D

85 2221 186 2255 φερεῖς
199 2219 226 2245 δὲ
243 2219 318 2250 ὄντες
333 2220 357 2246 οἱ
378 2219 459 2253 ἀτμοὶ
477 2219 548 2246 κατὰ
570 2219 658 2254 φύσιν,
680 2215 725 2246 καὶ
741 2219 879 2255 ἀερώδεις,

86 2266 141 2292 καὶ
157 2264 224 2300 πρὸς
237 2264 267 2291 τὸ
282 2264 479 2300 ὑπερκείμενον
493 2265 682 2297 άναπνέοντες,
697 2266 725 2292 ὲν
741 2267 796 2297 τοῖς
815 2269 881 2292 κατά

84 2311 142 2345 τὴν
161 2310 282 2345 κεφαλὴν
303 2310 422 2344 γίνονται
447 2310 567 2345 χωρίοις,
584 2308 638 2336 οἷόν
658 2319 698 2342 τις
720 2311 822 2342 καπνὸς
843 2312 881 2342 εἰς

85 2355 226 2392 ἁρμονίαν
244 2355 334 2391 τοίχου
348 2355 520 2391 διαδυόμενος
529 2364 535 2370 ·
555 2354 614 2383 εἷτα
626 2356 749 2383 ἐντεῦθεν
763 2357 808 2383 ἐπὶ
819 2357 882 2388 τοὺς

85 2401 148 2427 τῶν
165 2399 348 2436 αἰσθητηρίων
368 2401 466 2436 πόρους
493 2401 698 2437 ἐξατμιζόμενοι
722 2402 882 2438 διαφοροῦν-

84 2454 150 2477 eat,
163 2445 195 2472 δι’
212 2444 249 2472 ὦν
266 2447 347 2481 ἀργεῖ
365 2446 424 2473 κατ’
443 2446 592 2482 ἀνάγκην-ἡ
609 2447 744 2482 αἴσθησις,
760 2449 792 2483 τῇ
811 2457 881 2484 παρ-

85 2490 212 2526 όδῳτῶν
230 2491 324 2526 ἀτμῶν
337 2491 447 2518 ἐκείνων
458 2492 614 2524 ὑπεξιοῦσα.
629 2493 661 2519 Αἱ
674 2493 724 2528 μὲν
735 2493 789 2529 γὰρ
806 2493 882 2528 ὄψεις

84 2538 148 2568 τοῖς
174 2535 317 2572 βλεφάροις
338 2536 576 2572 ἐπιλαμϐάνονται,
596 2535 651 2564 οἷόν
672 2547 742 2570 τινος
760 2539 882 2573 μηχανῆς

87 2581 268 2618 μολυϐδίνης,
290 2581 336 2607 τοῦ
358 2582 476 2609 τοιούτου
498 2583 569 2617 λέγω
588 2584 697 2620 βάρους,
715 2586 771 2616 τοῖς
785 2585 883 2619 ὀφθαλ-

86 2629 157 2663 μοῖς
180 2626 350 2662 ὲπιχαλώσης
373 2628 402 2654 τὸ
427 2627 569 2664 βλέφαρον.
589 2630 811 2665 Παχυνοείσαδὲ
827 2632 882 2662 τοῖς

84 2671 188 2702 αὐτοῖς
200 2670 305 2702 τούτοις
323 2672 417 2707 ἀτμοῖς
432 2674 447 2708 ἡ
461 2673 538 2708 ἀκοὴ,
560 2675 683 2710 καθάπερ
705 2674 788 2710 θύρας
812 2674 882 2706 τινος

89 2719 149 2749 τοῖς
173 2717 343 2748 ἀκουστικοῖς
367 2718 470 2753 μορίοις
495 2719 675 2755 ἐπιτεθείσης,
697 2721 810 2755 ἡσυχίαν
830 2720 884 2748 ἀπὸ

85 2763 139 2798 τῆς
152 2762 227 2788 κατὰ
241 2762 321 2797 φύσιν
338 2763 476 2798 ἐνεργείας
494 2764 571 2799 ἄγει·
591 2765 638 2791 καὶ
658 2765 686 2791 τὸ
701 2765 817 2792 τοιοῦτον
832 2766 883 2792 πά-

85 2810 136 2841 θος
155 2806 241 2840 ὕπνος
266 2809 349 2840 ἐστὶν,
364 2809 534 2845 ἀτρεμούσης
549 2811 576 2837 ἐν
592 2811 630 2846 τῷ
651 2812 756 2846 σώματι
774 2811 822 2846 τῆς
844 2812 883 2838 αἱ·

919 897 1070 928 contraque
1083 893 1196 928 repletio
1209 893 1337 920 vacuitati
1356 892 1490 920 succedit.
1505 891 1624 918 Somnus
1641 897 1709 917 con-

919 939 1012 966 tinuas
1024 938 1131 974 vigilias
1144 938 1259 966 remittit
1274 947 1281 965 :
1296 938 1405 973 vigiliae,
1431 937 1504 972 quod
1520 937 1637 964 laxatum
1654 941 1706 968 est,

920 985 1041 1012 vicissim
1057 984 1182 1012 tendunt.
1200 984 1331 1011 Neutrum
1347 984 1444 1011 horum
1467 984 1598 1010 continuo
1617 983 1707 1014 durat,

921 1030 967 1058 sed
986 1030 1103 1057 alterum
1121 1031 1199 1058 alteri
1218 1032 1322 1057 mutuis
1335 1030 1443 1057 vicibus
1458 1030 1591 1061 succedit,
1610 1033 1708 1056 natura

921 1075 1038 1109 seipsam
1058 1075 1216 1110 huiusmodi
1232 1075 1468 1103 vicissitudinibus
1482 1076 1663 1105 instant-ante,
1680 1078 1710 1101 ut

923 1120 1003 1147 modo
1017 1121 1079 1152 hoc,
1095 1120 1238 1148 modoillo
1261 1128 1321 1152 usa,
1335 1123 1466 1155 perpetuo
1481 1121 1515 1147 ab
1528 1128 1582 1146 uno
1597 1121 1630 1146 ad
1646 1121 1711 1147 alto-

923 1174 983 1193 rum
1005 1170 1139 1193 transeat.
1156 1166 1222 1193 Nam
1239 1166 1263 1194 si
1282 1174 1390 1201 semper
1403 1166 1476 1193 vires
1499 1166 1625 1193 animalis
1647 1174 1711 1192 con-

924 1216 1003 1239 tentae
1016 1212 1081 1244 sint,
1100 1211 1186 1246 frangi
1201 1219 1233 1238 ac
1244 1211 1376 1246 disrumpi
1393 1211 1500 1238 tandem
1518 1211 1641 1238 membra
1662 1219 1711 1238 su-

924 1265 973 1293 pra
988 1258 1097 1285 modum
1116 1263 1188 1285 tenta
1209 1265 1324 1284 necesse
1338 1261 1398 1290 est;
1415 1261 1566 1291 contraque
1579 1257 1710 1284 continua

924 1305 1050 1338 corporis
1064 1304 1207 1336 relaxatio,
1224 1304 1262 1330 rei
1278 1304 1353 1338 quasi
1365 1303 1504 1330 corruenti
1522 1311 1553 1330 ac
1571 1303 1712 1330 dissoluta:

925 1350 1066 1376 interitum
1087 1350 1175 1377 aﬂert.
1197 1349 1268 1376 Usus
1291 1352 1382 1376 autem
1405 1349 1547 1384 utriusque
1571 1349 1712 1384 tempesti-

926 1403 976 1422 vus
990 1399 1117 1422 naturam
1134 1399 1289 1426 conservat,
1305 1402 1366 1430 qua!
1380 1395 1407 1422 in
1424 1399 1552 1429 perpetua
1570 1403 1659 1422 rerum
1675 1395 1713 1422 si-

926 1442 1010 1468 bimet
1026 1441 1230 1469 adversantium
1255 1441 1454 1476 permutatione
1478 1449 1550 1468 nunc
1565 1442 1625 1474 hac,
1639 1449 1713 1469 nunc

929 1487 974 1514 illa
999 1495 1029 1514 se
1053 1491 1171 1514 recreat.
1190 1487 1274 1522 Igitur
1292 1495 1353 1515 cum
1379 1495 1428 1523 per
1447 1488 1552 1523 vigilias
1576 1488 1714 1515 contentio

929 1532 1028 1560 virium
1055 1540 1156 1566 corpus
1178 1532 1304 1560 nonnihil
1327 1532 1493 1564 debilitavit,
1519 1540 1615 1560 somno
1637 1533 1713 1559 Iaxa-

929 1581 987 1605 tum
1007 1578 1139 1605 reficitur.
1157 1577 1190 1604 Et
1209 1583 1238 1604 ut
1249 1579 1312 1612 equi
1329 1583 1390 1613 post
1406 1578 1555 1605 certamina
1573 1577 1715 1613 quadrigis

929 1626 1098 1655 eximuntur.
1109 1624 1150 1650 sic
1161 1623 1304 1651 facultates
1321 1625 1472 1652 sentientes
1484 1624 1589 1659 agendo
1606 1625 1716 1652 lassata:

929 1670 1085 1705 aliquandiu
1108 1677 1122 1696 a
1142 1674 1241 1696 natura
1266 1670 1387 1698 vicissim
1412 1674 1584 1699 recreantur.
1607 1669 1715 1697 Etenim

929 1721 972 1743 est
997 1716 1154 1743 necessaria
1182 1723 1226 1743 res
1252 1715 1286 1742 ad
1314 1716 1550 1743 conservationem
1578 1716 1713 1750 corporis,

930 1762 1091 1796 tempestiva
1115 1761 1255 1793 remissio,
1275 1765 1303 1788 ut
1320 1765 1376 1787 toto
1396 1761 1424 1787 in
1447 1768 1563 1795 corpore
1583 1768 1633 1795 per
1650 1768 1715 1788 suos

930 1811 1037 1835 meatus
1053 1807 1112 1835 sine
1125 1807 1199 1834 omni
1219 1806 1413 1841 impedimento
1425 1806 1479 1833 cibi
1495 1805 1638 1837 didantur,
1655 1806 1716 1833 nul—

930 1853 956 1880 la
973 1853 1092 1888 partium
1116 1853 1272 1880 iulensione
1297 1853 1347 1879 hoc
1367 1852 1447 1886 quasi
1471 1853 1523 1878 iter
1541 1851 1714 1879 obstruente.

930 1899 1166 1932 Quemadmodum
1181 1899 1252 1926 enim
1271 1906 1302 1926 ex
1323 1903 1394 1926 terra
1410 1895 1514 1933 irrigu'a
1530 1906 1645 1933 vapores
1668 1905 1715 1924 ca-

930 1945 1042 1980 Iiginosi
1068 1945 1102 1972 ab
1128 1945 1184 1972 imo
1198 1944 1383 1977 attrahuntur,
1404 1946 1576 1979 maximeque
1597 1952 1658 1971 cum
1675 1944 1716 1971 sol

930 1990 1024 2018 radios
1042 1990 1189 2017 calidiores
1203 1990 1307 2024 spargit
1322 1999 1329 2017 :
1351 1989 1444 2016 itidc‘m
1463 1989 1549 2015 nostri
1571 1989 1597 2015 in
1615 1988 1716 2023 opificii

929 2036 989 2063 solo
1003 2036 1142 2068 usuvenit,
1158 2035 1227 2063 cibis
1247 2035 1317 2062 intra
1337 2042 1388 2061 nos
1404 2042 1453 2068 per
1467 2034 1586 2061 calorem
1606 2038 1717 2061 natura-

930 2083 983 2110 lem
999 2082 1207 2110 ehullientibus.
1233 2082 1355 2116 Cumque
1370 2088 1487 2115 vapores
1511 2087 1525 2106 a
1541 2084 1638 2106 natura
1653 2088 1716 2107 sur-

930 2137 991 2157 sum
1006 2129 1129 2160 tendant,
1147 2132 1174 2156 et
1196 2128 1268 2155 aerei
1292 2128 1360 2160 sint,
1386 2128 1414 2154 fit
1430 2131 1459 2154 ut
1479 2127 1506 2154 in
1526 2127 1594 2154 loris
1619 2128 1716 2161 capitis

931 2175 1088 2207 considant,
1108 2179 1133 2202 et
1150 2174 1262 2209 perinde
1277 2177 1360 2207 atque
1378 2174 1468 2201 fumus
1483 2181 1531 2208 per
1548 2174 1621 2208 ipsas
1634 2174 1714 2200 etiam

931 2220 1012 2254 quasi
1041 2219 1153 2254 parietis
1178 2219 1378 2247 commissuras
1408 2222 1560 2253 peuctrent.
1591 2218 1655 2246 lude
1682 2219 1715 2246 ad

932 2269 1038 2292 meatus
1068 2272 1233 2299 organorum
1261 2271 1360 2291 sensus
1385 2264 1516 2298 paulatim
1542 2263 1716 2298 evaporando

931 2309 1024 2341 delati,
1042 2309 1144 2344 passim
1160 2316 1222 2336 sese
1237 2308 1415 2343 permiscent,
1434 2314 1463 2335 ut
1481 2317 1591 2336 sensum
1607 2316 1715 2335 omnem

932 2355 1052 2381 otiosum
1072 2345 1149 2381 reddi
1171 2361 1284 2382 necesse
1305 2354 1351 2385 sit,
1372 2354 1513 2381 cedentem
1535 2354 1664 2381 halitilms
1684 2354 1717 2381 il-

932 2400 966 2427 lis
984 2406 1088 2435 organa
1103 2407 1135 2426 ea
1149 2400 1360 2435 occupantibus.
1382 2399 1460 2427 Oculi
1482 2407 1497 2426 a
1523 2399 1662 2435 palpebris
1678 2404 1718 2426 te-

932 2445 1201 2482 guntur,hujusmodi
1214 2453 1344 2481 vaporum
1356 2447 1478 2481 pondere
1489 2450 1618 2480 tanquam
1630 2445 1718 2480 plum-

933 2491 982 2518 bea
1003 2491 1130 2518 machina
1147 2491 1264 2526 quadam
1286 2491 1429 2526 palpebras
1445 2491 1533 2518 oculis
1555 2491 1717 2518 obducente.

932 2536 1050 2564 Auditus
1071 2530 1108 2564 ab.
1122 2537 1220 2564 iisdem
1246 2537 1405 2564 obstructus
1429 2536 1570 2569 halitibus,
1587 2537 1718 2571 quasdam.

933 2583 1010 2616 quasi
1028 2583 1101 2611 fores
1121 2583 1245 2618 partibus
1265 2583 1369 2611 auditui
1387 2582 1531 2611 destinatis
1544 2583 1629 2613 obdit,
1647 2581 1719 2609 etab

934 2628 1042 2655 actione
1058 2636 1107 2656 sua
1126 2629 1244 2655 naturali
1265 2634 1364 2657 cessat.
1384 2629 1474 2663 Atque
1490 2627 1720 2663 hujusmodiqui-

933 2673 993 2700 dem
1020 2673 1127 2702 affectio
1155 2675 1279 2708 corporis
1305 2682 1418 2702 somnus
1438 2674 1550 2705 dicitur,
1580 2680 1661 2700 sensu
1691 2672 1719 2699 in

934 2727 1050 2755 corpore
1073 2721 1243 2755 quiescente,
1258 2727 1285 2748 et
1308 2721 1342 2748 ab
1361 2721 1436 2748 omni
1461 2725 1536 2747 motu
1554 2719 1719 2749 abstinente,

934 2769 964 2792 ut
980 2765 1054 2792 facili
1071 2766 1179 2793 ratione
1194 2766 1272 2793 cibus
1287 2766 1408 2798 didatur,
1423 2770 1449 2793 et
1465 2773 1518 2792 una
1533 2772 1596 2792 cum
1611 2763 1721 2798 vapori-

935 2810 987 2838 bus
1004 2811 1059 2839 illis
1076 2820 1123 2847 per
1139 2816 1245 2840 meatus
1262 2811 1385 2849 singulos
1405 2815 1537 2848 penetret.
