1976 3077
248 122 299 149 16⁵1

862 120 888 146 S.
911 118 1074 146 GREGORII
1092 117 1237 145 NYSSENI

1821 119 1872 147 ισε

249 182 380 217 σθὴσεως,
393 182 439 207 καὶ
450 181 620 207 παντάπασιν
632 181 664 206 ὲκ
682 181 730 215 τῆς
748 179 818 206 κατὰ
839 179 918 214 φύσιν
937 180 1069 213 κινήσεως
1088 179 1291 214 ἁπρακτούσης,
1309 178 1345 210 ὡς
1365 178 1397 204 ἂν
1414 178 1572 213 εὑπόρευτοι
1589 179 1720 212 γένωνται
1739 177 1788 213 τῆς
1813 186 1874 214 τρο-

247 230 301 265 φῆς
316 230 343 255 at!
360 229 508 261 ἀνι-δόσεις,
522 229 555 255 δι’
570 229 685 255 ἑκάστου
700 228 754 254 τῶν
768 227 858 262 πόρων
870 228 925 258 τοῖς
938 227 1034 262 ἀτμοῖς
1048 225 1254 260 συνδιεξιούσης.

283 274 347 300 Eam
356 275 390 300 oh
401 282 457 301 rem
466 282 527 300 cum
540 274 598 300 loca
607 274 707 308 passim
716 275 790 300 circa
802 280 931 300 sensuum
938 279 1038 307 organa

1126 272 1179 298 Καὶ
1193 271 1287 297 τούτου
1309 271 1389 306 χάριν
1410 271 1434 297 ει
1461 271 1650 306 στενοχωροῖτο
1675 270 1724 304 μὲν
1749 270 1801 297 ὑπὸ
1825 271 1876 305 τῆς

247 326 296 354 per
315 319 501 346 exhalationes
516 319 666 346 -interiores
690 318 883 350 obstruuntur,
909 325 1035 345 somnum

249 370 340 391 autent
354 364 435 391 rebus
455 364 492 391 ita
509 364 685 398 poscentibus
704 363 829 398 impediri
848 366 891 390 est
906 369 1034 390 necesse:

251 414 307 436 tulit
323 417 387 444 ergo
408 414 499 444 partes
512 417 618 437 uervem
637 417 652 436 a
665 409 811 444 vaporibus
826 412 975 443 occupate,
988 415 1037 434 na-

250 459 311 482 tura
329 464 378 483 sua
401 456 506 490 seipsas
525 455 704 486 contendunt.
723 459 751 481 ut
773 455 823 481 hac
836 454 994 481 extensione
1010 452 1037 480 id

251 501 325 536 quod
342 509 389 536 per
402 502 590 528 cxhalationes
604 501 726 528 crassius
738 504 797 527 erat
811 499 958 531 redditum,
975 506 1038 526 rur-

251 556 299 576 sus
315 552 482 575 attenuetur.
504 547 564 575 Non
587 542 666 574 aliter
685 552 767 582 atque
783 546 839 574 fieri
855 546 990 578 videmus,
1010 549 1039 572 ut

250 593 426 620 vehementer
439 592 658 626 contorquendo,
673 592 796 619 vestibus
809 591 869 618 ttdis
885 590 984 617 humor
992 597 1040 616 ex-

252 639 396 672 primatur.
422 637 494 664 ldetn
512 638 614 664 halitus
630 638 653 664 si
667 638 777 672 quando
801 637 854 664 illis
869 643 901 662 ex
917 635 1040 670 partibus

251 683 401 718 expellendi
416 688 490 714 sunt,
509 691 570 717 quae
584 686 675 717 partes
688 682 721 709 ad
733 682 825 709 fauces
842 682 909 714 sitae,
926 685 953 708 et
966 679 1041 707 orbis

253 729 377 764 figuram,
394 734 420 755 et.
433 736 559 763 magnam
573 735 718 756 nervorum
730 728 836 762 copiam
846 727 962 754 habent:
978 733 1040 752 cuin

253 775 310 800 tieri
322 781 375 800 non
388 774 486 807 possit.
501 778 529 800 ut
541 774 692 801 membrum
704 773 775 808 quod
789 773 933 800 rotundum
945 776 998 802 est,
1013 771 1041 797 iit

253 823 356 846 rectum
367 820 540 850 extendatur,
554 819 720 853 omninoque
733 818 799 845 illud
812 818 918 845 dilatari
931 824 1043 844 necesse

253 864 291 892 sit
307 865 333 891 in
349 865 493 891 circularis
509 864 603 898 figura:
625 864 757 896 formam;
782 864 885 890 idcirco
899 863 998 897 spiritu
1015 863 1042 888 in

253 911 418 938 oscitatione
444 914 565 944 recepto,
583 914 728 944 uieiituqne
747 909 837 943 gulam
853 909 922 935 infra
942 908 981 934 sic
995 907 1041 934 de-

259 964 365 990 prcsso,
392 959 421 982 ut
446 956 590 983 cavit-atem
609 955 716 986 eﬂiciat,
737 954 865 981 omnibus
891 953 972 981 etiam
1003 953 1045 980 in—

254 1003 402 1030 terioribus
431 1002 458 1028 in
483 1001 579 1028 circuli
601 1001 713 1036 figuram
735 1000 925 1031 conturmalis,
955 998 1044 1025 fumea

255 1048 351 1075 isthmc
373 1048 524 1079 crassities,
543 1054 603 1081 qua:
621 1047 647 1072 in
666 1045 797 1072 membris
822 1044 971 1075 resederat,
991 1050 1045 1070 una

256 1100 318 1120 cum
337 1093 439 1126 spiritu
467 1091 637 1126 propellitur.
667 1090 815 1117 Usuvenire
835 1095 926 1116 autem
952 1089 1047 1123 hujus—

256 1139 328 1164 niodi
342 1137 469 1171 quiddam
484 1137 561 1163 nobis
579 1136 735 1170 frequenter
754 1139 781 1162 et
794 1143 809 1161 a
821 1142 918 1162 somno
930 1135 1047 1168 plerum-

256 1192 309 1218 que
326 1184 404 1215 solet,
425 1191 487 1210 cum
504 1190 598 1210 eorum
626 1183 758 1209 halituum
776 1182 878 1216 aliquid
897 1181 968 1209 locis
983 1180 1046 1214 qui-

258 1229 372 1257 busdam
389 1233 510 1264 superat,
529 1228 650 1255 nondum
674 1230 742 1255 satis
759 1231 930 1259 concoctum,
957 1233 1046 1260 neque

257 1276 431 1310 dissipatum.
450 1274 487 1302 Es
502 1274 544 1301 bis
559 1274 703 1308 perspicue
716 1278 800 1308 patet,
817 1277 934 1300 mentem
951 1273 1046 1299 huma-

259 1329 321 1348 nam
343 1324 483 1356 perpetuo,
510 1320 532 1346 si
553 1324 580 1347 et
595 1320 698 1354 integra
719 1324 814 1345 natura
830 1319 876 1348 sit.
901 1321 929 1346 ct
943 1319 1046 1353 vigilet,

259 1367 395 1394 efﬁcacem
411 1373 482 1398 esse,
498 1373 530 1393 ac
544 1365 659 1392 moveri.
676 1364 723 1391 Sin
739 1371 769 1391 ea
785 1371 880 1390 somno
897 1364 931 1391 sit
946 1364 1046 1396 laxata,

260 1418 336 1442 motu
352 1417 378 1441 et
397 1414 482 1448 ipsam
495 1420 545 1440 suo
560 1410 664 1439 carere.
681 1410 737 1438 Nisi
756 1412 818 1445 quis
836 1410 904 1438 forte
919 1410 954 1437 sit
972 1417 1005 1437 ea
1020 1410 1047 1437 in

261 1459 409 1490 sententia,
424 1463 453 1485 ut
465 1457 686 1493 imaginationem
703 1457 731 1484 in
751 1456 867 1484 somniis
880 1456 978 1483 mentis
988 1463 1049 1483 esse

261 1510 375 1535 motum,
387 1504 433 1538 qui
450 1504 558 1531 homine
573 1504 654 1530 etiam
671 1503 823 1531 dormiente
841 1510 894 1529 non
912 1503 1048 1536 quiescat,

261 1550 399 1584 opinetur.
418 1549 548 1584 Equidem
571 1549 610 1575 sie
633 1551 734 1579 statuo,
755 1551 860 1574 tantum
886 1547 1048 1582 prudentem

1087 316 1192 343 ενόοοεν
1216 316 1424 351 ἀναθυμιάσεως
1447 318 1464 351 ἡ
1485 316 1549 352 περὶ
1575 316 1608 343 τὰ
1631 316 1793 352 αἰσθητήρια
1815 316 1877 342 δια-

1088 363 1189 397 σκευὴ,
1215 362 1345 389 κωλύοι-το
1372 362 1399 388 δὲ
1427 362 1498 389 κατά
1518 370 1580 388 τινα
1610 362 1703 397 χρείαν
1728 362 1742 389 ὁ
1771 361 1874 393 ὕπνος·

1089 408 1190 444 πλῆρες
1205 408 1349 442 γενόμενον
1368 407 1421 433 τῶν
1434 407 1527 442 ἀτμῶν
1544 407 1573 433 τὸ
1590 406 1731 441 νευρῶδες,
1748 406 1814 432 αὐτὸ
1830 406 1877 440 ὑφ’

1089 454 1185 480 ἑαυτοῦ
1198 453 1319 488 φυσικῶς
1336 453 1506 484 διατείνεται,
1523 453 1559 484 ὡς
1577 452 1620 478 διὰ
1632 452 1682 487 τῆς
1693 452 1830 483 ἐκτάσεως
1846 451 1878 477 τὺ

1090 498 1222 534 παχυνθὲν
1239 499 1290 524 ὑπὸ
1303 498 1356 524 τῶν
1373 498 1466 533 ἀτμῶν
1484 499 1565 533 μέρος
1579 498 1805 532 ὲκλεπτυνθῆναι”
1821 496 1879 524 οἷόν

1090 554 1116 572 τι
1129 545 1252 572 ποιοῦσιν
1268 547 1291 571 οἱ
1305 545 1347 571 διά
1367 545 1416 580 τῆς
1438 544 1618 579 σφοδροτέρας
1640 543 1832 578 στρεϐλώσεως
1847 542 1880 568 τὸ

1090 591 1161 626 ὕδωρ
1173 590 1226 616 τῶν
1241 591 1353 625 ἱματίων
1366 590 1544 621 ὲκϐλίόοντες.
1559 589 1611 615 Καὶ
1623 589 1716 624 ἐπειδὴ
1727 587 1879 623 κυκλοτερῆ

1090 636 1124 662 τὰ
1137 637 1201 672 περὶ
1214 637 1260 662 τὸν
1275 636 1402 671 φάρυγγα
1414 636 1495 671 μέρη,
1509 635 1650 668 πλεονάζει
1664 635 1692 660 δὲ
1704 634 1733 660 τὺ
1747 633 1881 669 νευρῶδες

1091 683 1119 708 ἐν
1135 682 1253 713 τούτοις·
1270 682 1333 708 ὅταν
1350 681 1395 708 καὶ
1410 681 1462 707 ἀπὸ
1483 682 1583 708 τούτων
1597 680 1747 716 ἐξωσθῆναι
1761 679 1815 706 δέοι
1830 680 1881 714 τὴν

1092 727 1146 754 τῶν
1165 727 1259 762 ἀτμῶν
1280 727 1468 762 παχυμέρειαν
1486 727 1589 762 (ἐπειδὴ
1612 726 1751 761 ἀμήχανόν
1774 726 1831 751 ἐστι
1847 725 1882 751 δι’

1093 773 1197 804 εὐθείας
1209 775 1349 800 ἀποτεῖναι
1359 773 1388 799 τὸ
1402 773 1553 805 κυκλοειδὲς
1569 772 1661 808 μέρος,
1678 773 1700 798 εί
1720 772 1756 807 μὴ
1770 771 1840 797 κατὰ
1851 770 1884 797 τδ

1094 820 1240 855 περιφερὲς
1263 820 1354 854 σχῆμα
1372 819 1538 854 διαταϐείη)·
1565 819 1659 845 τούτου
1675 817 1753 853 χάριν
1777 817 1882 852 ἀπολη-

1095 866 1206 900 φθέντος
1221 867 1249 891 ἑν
1262 867 1293 901 τῇ
1312 866 1404 902 χάσμῃ
1421 866 1467 891 τοῦ
1483 863 1644 900 πνεύματος,
1661 865 1705 890 ὅτε
1719 865 1733 890 ὁ
1748 863 1883 898 ἁνΟερεὼν

1095 912 1141 937 ἐπὶ
1156 912 1185 937 τὸ
1210 912 1283 937 κάτω
1299 912 1354 942 τοῖς
1375 910 1565 946 γαργαρεῶσιν
1588 910 1814 941 ὑποκοιλαίνεται,
1835 909 1885 935 καὶ

1095 957 1148 983 τῶν
1163 957 1237 988 ἐντὸς
1252 957 1359 984 πάντων
1379 958 1419 987 εἰς
1434 956 1534 983 κύκλου
1550 956 1641 991 σχῆμα
1663 955 1851 986 διαταῡέντων,
1868 957 1884 991 ἠ

1095 1003 1243 1037 λιγνυώδης
1269 1003 1358 1038 ἐκείνη
1387 1002 1509 1038 παχύτης
1535 1003 1550 1037 ἡ
1580 1002 1799 1037 ὲναπειλημμένη
1827 1002 1885 1032 τοῖς

1097 1050 1192 1085 μέρεσι
1222 1049 1422 1075 συνδιαπνεῖται
1451 1050 1484 1084 τῇ
1510 1047 1617 1083 διεξόδῳ
1644 1047 1690 1074 τοῦ
1718 1047 1884 1082 πνεύματος.

1096 1094 1230 1125 Πολλάκις
1240 1094 1279 1126 δὲ,
1292 1095 1338 1120 καὶ
1352 1094 1419 1128 μετὰ
1429 1094 1473 1120 τὸν
1487 1094 1569 1120 ὕπνον
1582 1092 1634 1120 οἶδε
1644 1093 1674 1119 τὸ
1683 1093 1803 1119 τοιοῦτον
1817 1101 1886 1126 συμ--

1097 1142 1210 1171 6αίνειν.
1229 1141 1291 1167 ὅταν
1314 1149 1338 1167 τι
1364 1141 1418 1167 τῶν
1441 1140 1535 1175 ἀτμῶν
1557 1139 1668 1166 ἐκείνων
1697 1138 1884 1175 περιλειφθείη

1097 1188 1152 1217 τοῖς
1165 1186 1256 1217 τόποις
1271 1186 1412 1221 ἄπεμπτόν
1429 1194 1457 1212 τε
1476 1186 1522 1212 καὶ
1538 1185 1741 1212 ἀδιάπνευστον.
1766 1185 1812 1211 Ἐκ
1825 1184 1886 1210 τού-

1096 1241 1150 1259 των
1163 1233 1251 1259 τοίνυν
1263 1234 1277 1259 ὁ
1291 1231 1458 1267 ἀνθρώπινος
1477 1231 1538 1262 νοῦς
1552 1231 1686 1258 δείκνυσιν
1698 1231 1829 1266 ἐναργῶς,
1844 1231 1886 1257 ὅτι

1097 1279 1147 1313 τῆς
1159 1278 1265 1313 φύσεως
1279 1278 1379 1313 ἔχεται,
1395 1277 1565 1314 συνεστώσης
1579 1278 1627 1312 μὲν
1637 1278 1682 1304 καὶ
1693 1276 1884 1312 ἐγρηγορυίας,

1098 1324 1146 1350 καὶ
1163 1323 1243 1355 αὐτὸς
1256 1324 1393 1359 συνεργῶν
1414 1324 1460 1350 καὶ
1480 1323 1652 1358 κινούμενος·
1674 1322 1839 1358 παρεθείσης
1857 1322 1886 1349 δὲ

1098 1369 1136 1404 τῷ
1159 1368 1244 1403 ὕπνῳ,
1264 1368 1352 1403 μένων
1367 1368 1503 1403 ἀκίνητος,
1519 1370 1542 1395 εἰ
1569 1369 1606 1404 μή
1622 1378 1663 1400 τις
1677 1368 1731 1403 ἄρα
1750 1368 1799 1402 τὴν
1816 1367 1886 1393 (ivst—

1100 1414 1172 1450 ρώδη
1185 1415 1334 1448 φαντασίαν
1346 1414 1390 1440 νοῦ
1406 1414 1510 1450 κίνησιν
1522 1413 1651 1441 ὑπολάϐοι
1664 1413 1733 1440 κατὰ
1747 1413 1792 1440 τὸν
1803 1412 1887 1439 ὕπνον

1099 1461 1309 1497 ἐνεργουμένην.
1330 1461 1423 1495 Ἡμεῖς
1443 1460 1471 1486 δέ
1496 1468 1585 1495 φαμεν
1606 1460 1689 1494 μόνην
1709 1459 1762 1485 δεῖν
1775 1459 1824 1493 τὴν
1837 1458 1885 1494 ἔμ-

1100 1508 1186 1543 φρονά
1201 1515 1230 1533 τε
1245 1507 1290 1533 καὶ
1306 1505 1475 1532 συνεστῶσαν
1491 1506 1540 1540 τῆς
1558 1505 1676 1537 διανοίας
1690 1505 1830 1540 ἐνέργειαν
1842 1505 1889 1530 ἐπὶ

1099 1554 1145 1580 τὸν
1169 1552 1231 1579 νοῦν
1250 1553 1409 1587 ἀναφέρειν·
1425 1552 1473 1583 τὰς
1488 1552 1515 1577 δὲ
1537 1551 1605 1578 κατά
1624 1552 1668 1578 τὸν
1690 1550 1772 1578 ὕπνον
1788 1559 1889 1585 φαντα-

261 1601 289 1623 et
304 1596 435 1630 integram
464 1595 600 1629 cogitandi
630 1594 786 1621 facultatem
812 1594 896 1620 menti
914 1601 976 1620 esse
993 1594 1045 1620 tri-

1101 1598 1204 1630 σιὼδεις
1217 1598 1351 1633 φλυαρίας
1367 1597 1514 1632 ἰνδάλματα
1532 1606 1591 1624 τινα
1613 1599 1660 1632 τῆς
1681 1597 1751 1624 κατὰ
1768 1596 1813 1623 τὸν
1827 1596 1889 1622 νοῦν

262 1641 409 1668 buendam.
424 1640 490 1673 Quae
503 1645 557 1667 autt
568 1648 592 1667 ιιι
607 1647 654 1674 per
667 1647 792 1666 somnum
809 1647 837 1666 se
849 1639 965 1666 offerunt
983 1640 1051 1666 ima—

262 1687 374 1722 ginarim
401 1694 489 1721 nugae.
519 1693 568 1713 ceu
596 1686 742 1712 simulacra
766 1685 888 1719 quaedam
913 1686 1051 1712 actionum

262 1732 374 1762 mentis,
401 1731 450 1758 has
467 1731 502 1758 ab
525 1730 608 1756 animi
631 1738 661 1757 ea
676 1730 766 1765 specie
782 1738 843 1764 quae
868 1730 974 1757 ratione
998 1738 1051 1757 non

263 1778 358 1808 utitur,
384 1781 484 1803 temere
507 1776 570 1810 fingi
589 1776 788 1803 existimamus.
813 1775 881 1802 Nam
900 1777 928 1802 in
948 1776 1050 1808 animo,

263 1824 308 1859 qui
327 1831 422 1850 somno
445 1823 610 1857 praepeditus
628 1830 674 1857 per
696 1830 794 1850 sensus
809 1829 862 1849 tton
879 1822 944 1856 agit,
970 1822 1051 1849 etiam

265 1869 365 1896 mentis
382 1869 504 1896 actiones
527 1876 637 1895 cessare
663 1875 774 1895 necesse
799 1872 851 1895 est.
877 1867 929 1894 Per
955 1875 1052 1895 sensus

263 1915 335 1942 enitn
359 1922 437 1941 mens
455 1914 576 1940 humano
602 1914 710 1948 corpori
737 1917 919 1948 temperatura
933 1914 1051 1948 quadam

263 1960 402 1994 jungitur:
420 1959 522 1986 idcirco
537 1959 742 1993 quiescentibus
757 1960 783 1985 in
797 1960 901 1993 agendo
912 1959 1051 1991 sensibus,

264 2007 345 2031 etiam
371 2008 487 2030 mentem
511 2004 627 2030 otiosam
652 2011 721 2035 esse,
749 2011 813 2030 vero
837 2008 1052 2031 consentaneum

265 2051 383 2077 maxime
408 2050 499 2077 fuerit.
521 2049 596 2077 Licet
616 2049 666 2076 hoc
691 2051 737 2076 illo
760 2058 868 2085 quoque
891 2055 1054 2085 argumento

266 2095 478 2130 deprehendere,
501 2094 571 2129 quod
583 2094 708 2122 absurdis
728 2095 753 2122 in
767 2095 858 2127 rebus,
877 2099 958 2129 atque
974 2096 1053 2123 etiam

267 2139 413 2175 aliquando
442 2140 468 2166 in
492 2141 526 2167 iis
552 2147 612 2174 qua:
631 2139 688 2166 fieri
716 2144 863 2174 nequeunt,
889 2140 1055 2167 dormientes

268 2185 442 2220 imaginando
463 2185 514 2212 sibi
531 2186 633 2212 versari
651 2185 788 2211 videntur.
816 2184 895 2211 Nullo
909 2185 980 2212 enim
997 2185 1055 2212 fieri

269 2233 321 2259 hoc
340 2237 419 2266 pacto
434 2236 537 2267 posset,
563 2233 585 2258 si
607 2231 715 2258 animus
731 2239 764 2258 eo
784 2235 904 2266 tempore
919 2239 935 2258 a
951 2233 1056 2259 ratione

269 2283 295 2305 et
314 2283 402 2305 tuente
416 2278 624 2312 gubernaretur.
643 2277 735 2311 Itaque
753 2277 818 2304 mihi
833 2277 949 2310 videtur,
964 2278 1057 2304 animo

270 2325 419 2352 secundum
448 2323 594 2351 facultates
618 2324 862 2358 praestantissimus
886 2325 1055 2358 quiescente,

270 2369 419 2397 sccumlum
445 2374 561 2397 mentem
581 2375 608 2396 et
628 2377 749 2402 sensum,
780 2370 837 2397 sola
862 2378 925 2405 pars
948 2378 979 2397 ea
997 2378 1058 2405 quae

270 2416 408 2443 nutriendi
430 2417 483 2442 vim
507 2416 599 2446 habet,
617 2416 697 2442 nobis
720 2415 920 2443 dormientibus
938 2416 1056 2443 ofﬁcium

271 2462 377 2489 facere:
405 2462 431 2488 in
456 2461 506 2488 hac
522 2462 649 2488 nimirum
672 2462 804 2496 imagines
821 2462 943 2496 quaedam
961 2470 1057 2489 eorum

269 2515 330 2543 quae
344 2508 422 2535 nobis
434 2508 608 2543 vigilantibus
623 2513 781 2540 occurrunt,
799 2512 826 2535 et
838 2508 916 2543 quasi
929 2516 961 2535 ex
976 2509 1057 2543 longo

1103 1644 1240 1678 ἐνεργείας
1267 1643 1378 1678 οίόμεοα
1402 1642 1440 1678 τῷ
1455 1643 1617 1677 ἀλογωτέρῳ
1639 1643 1689 1677 τῆς
1712 1642 1801 1677 ψυχῆς
1825 1642 1890 1668 εἴδει

1103 1690 1174 1716 κατά
1188 1689 1218 1715 τὸ
1238 1689 1344 1724 συμϐὰν
1360 1688 1577 1715 διαπλάττεσθαι.
1593 1688 1652 1714 Τῶν
1669 1688 1722 1723 γὰρ
1739 1687 1889 1723 αἰσθήσεων

1101 1736 1151 1769 τὴν
1165 1735 1253 1770 ψυχὴν
1268 1734 1446 1761 ὰπολυθεῖσαν
1461 1733 1503 1760 διὰ
1517 1733 1564 1760 τοῦ
1577 1733 1672 1763 ὕπνου,
1693 1734 1739 1759 καὶ
1751 1732 1805 1759 τῶν
1821 1733 1891 1759 κατὰ

1103 1780 1164 1806 νοῦν
1184 1780 1328 1815 ἐνεργειῶν
1346 1779 1421 1811 sub;
1436 1777 1504 1805 εἶναι
1522 1779 1582 1804 κατ’
1599 1778 1720 1813 ἀνάγκην
1735 1777 1890 1813 συμϐαίνει.

1102 1825 1153 1852 Διὰ
1169 1825 1221 1861 γὰρ
1236 1824 1338 1851 τούτων
1365 1824 1431 1859 πρὸς
1452 1823 1496 1849 τὸν
1513 1822 1654 1859 ἄνθρωπον
1672 1822 1689 1857 ἡ
1703 1821 1749 1847 τοῦ
1770 1821 1815 1847 νοῦ
1830 1829 1891 1847 συν-

1103 1872 1252 1906 ανάχρασις
1265 1871 1381 1904 γίνεται·
1397 1869 1450 1896 τῶν
1464 1867 1509 1896 οὖν
1529 1868 1678 1903 αἰσθήσεων
1698 1866 1890 1902 παυσαμένων,

1104 1918 1198 1952 ἀργεῖν
1214 1917 1319 1950 ἀνάγκη
1335 1915 1381 1942 καὶ
1392 1915 1440 1950 τὴν
1451 1915 1579 1941 διάνοιαν.
1596 1913 1749 1948 Τεκμήριον
1764 1912 1792 1938 δὲ
1805 1912 1834 1937 τὺ
1845 1912 1892 1939 καὶ

1104 1965 1132 1990 ὲν
1148 1963 1259 1993 ἀτόποις
1280 1963 1326 1988 καὶ
1343 1963 1371 1988 ἐν
1385 1961 1535 1996 ἀμηχάνοις
1559 1959 1689 1990 πολλάκις
1711 1959 1798 1985 δοκεῖν
1822 1955 1892 1983 εῖναι.

1103 2009 1149 2036 τὸν
1174 2008 1388 2043 φανταζόμενον
1413 2007 1481 2041 ὅπερ
1503 2006 1553 2032 οὐκ
1576 2005 1609 2031 ἂν
1633 2003 1750 2038 ἐγένετο,
1772 2001 1893 2037 λογισμῷ

1105 2056 1151 2083 καὶ
1165 2054 1268 2089 διανοίᾳ
1279 2055 1328 2089 τῆς
1338 2052 1427 2088 ψυχῆς
1438 2051 1586 2087 τηνικαῦτα
1599 2049 1792 2084 διοικουμένης.
1815 2046 1895 2074 Ἀλλά

1107 2110 1151 2137 μοι
1164 2101 1237 2128 δοκεῖ
1251 2101 1310 2131 ταῖς
1332 2097 1541 2133 προτιμοτέραις
1560 2095 1613 2122 τῶν
1627 2095 1767 2129 δυνάμεων
1780 2092 1828 2126 τῆς
1843 2091 1896 2126 ψυ-

1106 2148 1154 2183 χῆς
1171 2146 1327 2182 ἠρεμούσης
1345 2145 1428 2180 (φημὶ
1442 2143 1470 2171 δὲ
1483 2144 1543 2174 ταῖς
1562 2141 1633 2169 κατὰ
1645 2141 1689 2166 τὸν
1710 2139 1770 2166 νοῦν
1784 2138 1830 2165 καὶ
1846 2137 1896 2172 τὴν

1106 2191 1232 2226 αἴσθησιν
1247 2189 1407 2226 ἐνεργείαις)
1423 2188 1502 2224 μόνον
1515 2188 1545 2213 τὸ
1559 2185 1702 2221 θρεπτικὸν
1715 2184 1799 2218 αὐτῆς
1814 2183 1897 2218 μέρος

1108 2237 1218 2273 ἐνεργὸν
1231 2235 1301 2263 κατὰ
1316 2236 1360 2262 τὸν
1381 2234 1463 2261 ὕπνον
1483 2231 1562 2264 εἶναι,
1578 2234 1605 2258 ἐν
1621 2232 1647 2258 δὲ
1670 2231 1755 2265 τούτῳ
1768 2229 1822 2255 τῶν
1835 2228 1897 2255 καθ’

1111 2283 1184 2317 ὕπαρ
1205 2281 1359 2317 γενομένων
1383 2280 1479 2306 εἴδωλά
1502 2287 1573 2309 τινα,
1591 2278 1637 2304 καὶ
1655 2276 1822 2311 ἀπηχήματα
1843 2273 1899 2300 τῶν

1110 2337 1139 2355 τε
1156 2328 1215 2355 κατ’
1230 2327 1364 2361 αἴσθησιν,
1385 2324 1496 2351 καὶτῶν
1519 2322 1588 2349 κατὰ
1601 2322 1718 2348 διάνοιαν
1738 2318 1900 2355 ἐνεργουμέ-

1112 2382 1173 2405 νων,
1193 2373 1264 2408 ἃπερ
1286 2371 1360 2406 αὐτῷ
1382 2371 1425 2397 διὰ
1438 2369 1485 2396 τοῦ
1510 2365 1723 2404 μνημονευτικοῢ
1746 2366 1794 2400 τῆς
1809 2363 1899 2398 ψυχῆς

1112 2419 1197 2450 εἴδους
1220 2417 1389 2452 ιὲνεειυιιιώοη¹
1411 2414 1495 2442 ταῦτα
1514 2414 1603 2445 καθὼς
1626 2414 1718 2447 ἔτυχεν
1740 2411 1899 2443 ἀναζωγρα-

1113 2464 1232 2499 φεῖσοαι,
1254 2462 1434 2498 ἀπηχήματὸς
1449 2469 1521 2492 τινος
1540 2458 1706 2495 μνημονικοῦ
1727 2457 1764 2492 τῷ
1787 2454 1899 2488 τοιούτῳ

1114 2508 1178 2534 εῖδει
1189 2508 1240 2542 τῆς
1254 2507 1341 2542 ψυχῆς
1355 2505 1580 2541 παραμείναντος.

271 2553 413 2580 intervallo
429 2553 636 2580 obscuriuscule
649 2553 730 2580 delati
754 2561 843 2580 rerum
869 2561 918 2588 per
941 2562 1039 2581 sensus
1056 2558 1084 2581 et
1103 2554 1283 2589 cogitationes
1302 2557 1424 2578 actarum
1443 2551 1514 2581 soni,
1532 2556 1580 2584 per
1601 2547 1652 2574 vim
1671 2547 1768 2573 animae
1788 2544 1901 2571 remini-

272 2605 391 2628 scentem
405 2601 541 2636 impressi,
557 2605 658 2628 temere
672 2600 840 2628 formantur-2
857 2601 908 2627 hac
924 2602 995 2628 velut
1009 2606 1131 2629 extrema
1152 2601 1307 2628 resonantia
1325 2607 1358 2627 ex
1374 2598 1504 2626 memoria
1521 2596 1651 2631 profecta,
1669 2593 1799 2620 uutrienti
1817 2591 1899 2618 animi

272 2647 341 2684 parti
354 2648 470 2681 qttodam
485 2647 566 2674 modo
579 2647 782 2674 inbterescente.

309 2694 468 2727 Huiusmodi
491 2701 556 2729 ergo
581 2694 609 2721 in
637 2692 875 2728 imaginationibus
891 2692 972 2719 homo
997 2692 1061 2719 dor-

273 2742 361 2769 miens
375 2744 511 2773 versatur,
527 2747 615 2774 neque
631 2743 705 2765 recta
721 2737 923 2773 progressionis
940 2738 1010 2765 serie
1027 2738 1060 2764 ad

273 2796 318 2816 res
333 2795 393 2822 qua:
408 2790 550 2822 apparent,
574 2784 729 2816 deducitur,
756 2783 805 2811 sed
827 2782 951 2810 confusis
966 2790 1062 2810 etnon

275 2832 464 2861 consentaneis
489 2830 629 2859 erroribus
644 2830 805 2863 obvagatur.
827 2828 1062 2863 Quemadmodum

1156 2690 1199 2715 ‘Ev
1211 2688 1313 2718 τούτοις
1322 2685 1368 2714 οὖν
1377 2685 1568 2721 φαντασιοῦται
1576 2684 1745 2720 ὁᾶνθρωπος,
1757 2683 1803 2717 οὐχ
1815 2682 1902 2718 είρμῷ

1114 2743 1167 2761 τινι
1176 2734 1244 2769 πρὸς
1256 2733 1304 2768 τὴν
1316 2733 1370 2759 τῶν
1386 2731 1556 2766 φαινομένων
1563 2730 1670 2765 ὁμιλιαν
1685 2730 1826 2764 ἀγόμενος,
1836 2727 1903 2754 ἀλλὰ

1117 2780 1303 2815 πεςυρμὲναις
1314 2779 1368 2805 τισὶ
1381 2778 1427 2805 καὶ
1441 2777 1630 2808 ἀνακολούθοις
1641 2776 1758 2806 ἀπάταις
1772 2774 1904 2811 περιπλα-

1117 2826 1246 2861 νώμενος.
1261 2825 1394 2859 Καθάπερ
1406 2823 1433 2850 δὲ
1447 2823 1517 2850 κατὰ
1530 2823 1578 2854 τὰς
1591 2820 1746 2857 σωματικὰς
1757 2819 1905 2856 ἐνεργείας,
