1976 3077
115 103 162 132 169

733 102 778 129 DE
798 101 941 130 llOMlNlS
962 100 1118 129 OPIFlClO.

1687 100 1738 127 170

114 161 167 189 τῶν
183 160 275 196 μερῶν
292 155 445 191 ἰδιαζόντως
464 168 490 186 τι
511 158 580 186 κατά
592 159 640 195 τὴν
655 159 817 194 ὲγκειμένην
833 159 903 194 αὐτῷ

958 164 1048 187 autem
1065 158 1093 186 in
1110 157 1235 193 corporis
1260 156 1448 185 eflectionibus
1476 156 1513 189 lit,
1539 161 1568 184 ut
1583 164 1738 192 quanquam

114 205 234 242 φυσικῶς
248 206 363 241 δύναμιν
386 205 570 240 ἐνεργοῦντος,
591 205 694 239 γίνεταί
716 214 758 236 τις
781 205 829 232 καὶ
854 205 902 231 τοῦ

114 251 278 288 ὴρεμοῦντος
291 251 479 287 μέρους-πρὸς
491 251 522 278 τὸ
537 252 695 287 κινούμενον
719 251 901 283 συνδιάθεσις·

113 297 248 332 ἀναλόγως
265 297 312 324 καὶ
325 297 371 324 ἐπὶ
382 297 432 333 τῆς
445 297 546 333 ψυχῆς,
559 297 611 324 κᾶν
628 297 658 324 τὸ
673 298 722 333 μὲν
737 298 822 333 αὐτῆς
839 298 904 333 ἠρε-

115 344 189 378 μοῦν,
208 344 237 370 τὺ
252 343 280 370 δὲ
301 343 459 379 κινούμενον
479 344 559 380 τύχῃ,
571 344 602 370 τὸ
616 344 675 370 ὅλον
691 344 730 380 τῷ
747 344 823 379 μέρει
842 353 904 370 συν-

113 389 264 417 διατιθεται.
274 389 342 416 Οὐδὲ
351 389 405 424 γὰρ
415 389 550 424 ἐνδέχεται
560 390 807 425 συνδιασπασθῆναι
816 390 902 426 πάντη

114 435 159 471 τὴν
174 435 246 462 κατὰ
267 435 347 469 φύσιν
369 436 492 470 ἑνότητα,
510 431 664 472 κρατούσης
684 437 713 462 ἐν
731 436 807 472 μέρει
832 437 903 469 τινος

114 482 165 507 τῶν
183 482 243 508 κατ’
264 481 348 516 αὐτὴν
367 482 508 516 δυνάμεων
529 482 572 508 διὰ
591 483 640 517 τῆς
662 482 810 518 ἐνεργείας.
835 483 903 509 Ἀλλ’

114 526 206 563 ὣσπερ
222 527 411 562 ἐγρηγορότων
429 536 457 554 τε
477 529 522 554 καὶ
538 527 741 560 σπουδαζόντων
762 529 905 563 ἐπικρατεῖ

117 573 164 608 μὲν
178 573 192 599 ὁ
206 572 277 603 νοῦς,
293 572 424 608 ὑπηρετεῖ
436 573 463 599 δὲ
481 574 496 609 ἡ
514 573 649 608 αἴσθησις,
665 574 714 600 οὐκ
728 574 904 600 ἀπολείπεται

113 618 140 644 δὲ
157 618 257 645 τούτων
271 619 287 652 ἡ
302 618 453 653 διοικητικὴ
466 618 513 644 τοῦ
532 618 656 654 σώματος
670 619 783 654 δύναμις
798 620 832 654 (ὁ
855 619 904 653 μὲν

115 663 167 699 γὰρ
187 663 249 694 νοῦς
264 663 370 698 πορίζει
389 663 437 699 τὴν
449 663 551 699 τροφὴν
568 666 600 698 τῇ
617 664 706 699 χρείᾳ,
724 665 740 698 ἡ
759 664 787 691 δὲ
807 664 904 699 αἴσθη-

115 719 156 742 σις
166 710 197 737 τὸ
210 710 338 746 πορισθὲν
354 709 511 743 ὑπεδέξατο,
531 712 547 746 ἠ
562 711 589 737 δὲ
603 710 735 746 θρεπτικὴ
752 710 798 736 τοῦ
813 709 905 745 σώμα-

79 764 82 766 '
113 765 158 788 τος
180 756 294 792 δύναμις
319 757 402 792 ἑαντῇ
429 756 459 783 τὸ
480 756 555 783 δοθὲν
579 755 811 792 προσῳκείωσεν)·
833 756 905 782 οὕτω

115 802 160 829 καὶ
181 802 252 829 κατά
266 802 311 829 τὸν
338 802 421 828 ὕπνον
440 802 662 837 ἀντιμεθίσταταί
682 811 740 833 πως
755 803 784 828 ἐν
803 803 869 837 ἡμῖν
887 802 903 837 η

114 849 166 876 τῶν
183 849 322 883 δυνάμεων
336 848 438 875 τούτων
455 848 603 883 ἡγεμονία·
621 848 667 874 καὶ
682 847 846 884 κρατοῦντος
857 847 903 874 τοῦ

115 894 293 930 ἀλογωτέρου,
309 893 424 920 παύεται
442 893 491 927 μὲν
507 893 523 928 ἡ
537 892 591 919 τῶν
604 893 706 927 ἑτέρων
722 892 858 927 ἐνέργεια,
873 892 903 918 οὐ

103 939 168 974 ,μὴν
186 938 324 969 παντελῶς
342 937 549 964 ἀποσϐέννυται.
572 937 769 972 Ἐπειγομένης
783 937 811 963 δὲ
827 945 904 972 τηνι-

115 984 203 1011 καῦτα
219 984 262 1011 διὰ
274 984 320 1011 τοῦ
338 983 421 1011 ὕπνου
440 984 507 1019 πρὸς
525 983 573 1019 τὴν
588 983 669 1018 πέψιν
691 983 740 1018 τῆς
755 983 904 1018 θρετι-ιικῆς

116 1029 266 1065 δυνάμεως,
279 1029 325 1056 καὶ
338 1030 429 1055 πᾶσαν
446 1027 494 1063 τὴν
514 1027 595 1062 φύσιν
617 1028 684 1063 πρὸς
705 1028 803 1063 ἑαυτὴν
827 1028 905 1062 ἀσχο-

115 1075 223 1110 λούσης,
250 1074 311 1100 οὔτε
340 1073 476 1105 παντελῶς
506 1073 653 1100 διασπᾶται
673 1073 775 1108 ταύτης
800 1074 816 1109 ἡ
843 1074 903 1100 κατ’

115 1121 240 1156 αἴσθησιν
261 1120 373 1155 δύναμις
396 1120 436 1155 (οὐ
454 1120 508 1155 γὰρ
537 1120 674 1155 ἐνδέχεται
689 1119 718 1146 τὸ
738 1119 810 1153 ἅπαξ
834 1128 905 1156 συμ-

116 1166 237 1201 πεφυκὸς
255 1164 458 1201 διατέμνεσθαι)
471 1186 478 1197 ,
494 1164 555 1191 οὔτε
581 1165 750 1200 ἀναλάμπειν
775 1167 792 1201 ἡ
819 1166 905 1202 αὐτῆς

114 1212 238 1247 ἐνέργεια
261 1211 381 1244 δύναται,
406 1212 438 1247 τῇ
457 1210 511 1237 τῶν
533 1211 716 1248 αἰσθητηρίων
739 1213 822 1248 ἀργίᾳ
835 1212 905 1239 κατά

114 1258 159 1285 τὸν
183 1258 265 1285 ὕπνον
289 1257 483 1294 ὲμπεδηθεῖσα.
500 1259 578 1285 Κατὰ
601 1259 647 1285 τὸν
672 1259 752 1286 αὑτὸν
779 1259 807 1286 δὲ
827 1259 905 1294 λόγον

115 1305 162 1331 καὶ
193 1304 239 1330 τοῦ
269 1304 315 1331 νοῦ
339 1304 409 1340 πρὸς
436 1305 466 1331 τὸ
497 1305 655 1340 αἰσθητικὸν
679 1303 748 1337 εἶδος
774 1306 825 1340 τῆς
851 1305 904 1340 ψυ-

115 1351 165 1387 χῆς
176 1350 373 1386 οἰκειουμένου,
391 1351 538 1378 ἀκόλουθον
555 1352 588 1378 ἂν
609 1352 651 1387 εἴη
676 1352 723 1378 καὶ
744 1352 904 1386 κινουμένου

114 1397 221 1429 τούτου,
238 1397 424 1430 συγκινεῖσθαι
443 1397 533 1431 λέγειν
555 1397 636 1424 αὺτὸν
649 1418 656 1430 ,
672 1397 719 1425 καὶ
738 1397 905 1434 ἠρεμοῦντος

115 1442 383 1477 συγκαταπαύεσθαι.
401 1440 462 1469 Οἷον
485 1443 513 1469 δέ
533 1452 559 1470 τι
580 1444 644 1479 περὶ
664 1443 694 1470 τὸ
714 1443 769 1480 πῦρ
783 1444 905 1478 γίνεσθαι

920 832 941 860 ll

115 1487 246 1522 πέφυκεν,
260 1488 323 1515 ὅταν
341 1488 391 1523 μὲν
410 1489 570 1524 ὑποκρυφθῇ
584 1491 639 1520 τοῖς
656 1489 767 1524 ἀχύροις
785 1490 904 1516 ἅπαντα·
917 1508 938 1538 C

115 1534 203 1569 χόθεν,
216 1535 350 1569 μηδεμιᾶς
358 1535 494 1570 ἀναπνοῆς
503 1535 733 1571 ἀναρῤιπιζούσης
741 1536 791 1571 τὴν
805 1536 900 1570 φλόγα,

114 1579 176 1606 οὔτε
192 1580 227 1606 τὰ
251 1580 515 1616 προσπαρακείμενα
539 1581 661 1616 νέμεται,
677 1581 739 1608 οὔτε
765 1581 903 1614 παντελῶς

115 1625 345 1658 κατασϐέννυται,
363 1626 420 1652 ἀλλ’
437 1626 497 1653 ἀντὶ
517 1626 614 1661 φλογὸς
629 1628 714 1662 ἀτμός
728 1637 769 1659 τις
785 1627 828 1654 διὰ
848 1627 903 1654 τῶν

114 1670 223 1706 ἀχύρων
235 1671 280 1697 ἐπὶ
297 1671 342 1698 τὸν
362 1671 430 1706 ἀέρα
454 1671 589 1705 διέξεισιν,
613 1673 636 1699 εί
652 1673 679 1699 δέ
702 1682 774 1704 τινος
796 1673 904 1700 λάϐοιτο

113 1717 252 1754 διαπνοῆς,
278 1718 364 1753 φλόγα
390 1718 434 1744 τὸν
451 1719 552 1745 καπνὸν
577 1719 763 1755 ἀπεργάζεται
775 1729 781 1736 ”
793 1720 839 1747 τὸν
856 1721 905 1747 αὺ-

103 1764 160 1790 τὸν
174 1764 273 1799 τρόπον
296 1765 368 1791 καὶὸ
383 1764 445 1796 νοῦς
464 1766 496 1800 τῇ
525 1765 647 1801 ἀπραξίᾳ
673 1765 726 1792 τῶν
750 1766 903 1801 αἰσθήσεων

115 1810 186 1837 κατὰ
206 1810 251 1837 τὸν
268 1811 350 1839 ὕπνον
377 1811 576 1846 συγκαλυφοεὶς
589 1832 596 1844 ,
614 1811 675 1837 οὔτε
700 1812 852 1846 ἐκλάμπειν
869 1812 903 1838 δι’

114 1856 205 1883 αὐτῶν
220 1857 341 1888 δυνατῶς
354 1856 424 1892 ἔχει,
441 1856 500 1882 οὗτε
519 1858 572 1892 μὴν
597 1856 736 1888 παντελῶς
751 1857 903 1884 κατασϐέν-

113 1909 207 1928 νυται·
225 1901 281 1927 ἀλλ’
299 1898 353 1927 οἷον
367 1900 531 1932 καπνοειδῶς
544 1902 668 1934 κινεῖται,
680 1901 710 1928 τὸ
724 1902 777 1938 μὲν
788 1911 812 1929 τι
828 1903 904 1939 ἐνερ-

113 1947 182 1981 γῶν,
202 1946 232 1973 τὺ
252 1946 281 1973 δὲ
303 1946 333 1972 οὐ
358 1946 514 1982 δυνάμενος.
533 1947 588 1974 Καὶ
605 1947 698 1982 ὥσπερ
708 1957 749 1980 τις
775 1949 903 1983 μουσικὸς

113 1992 333 2028 κεκολασμέναις
349 1993 408 2024 ταῖς
433 1992 542 2028 χορδαῖς
563 1993 612 2028 τῆς
629 1992 713 2029 λύρας
731 1993 858 2029 ἐμϐαλὼν
872 1995 903 2021 τὺ

113 2037 264 2073 πλῆκτρον,
279 2037 308 2064 οὗ
323 2039 393 2066 κατὰ
408 2038 509 2074 ῥυθμὸν
525 2039 641 2074 προάγει
653 2040 683 2066 τὺ
697 2040 788 2072 μέλος·
803 2040 833 2066 οὐ
849 2040 902 2076 γὰρ

114 2083 148 2110 ἂν
165 2083 195 2109 τὸ
219 2083 256 2119 μὴ
286 2084 481 2119 συντεταμένον
496 2085 621 2120 ἡχήσειεν
638 2093 644 2099 ·
664 2085 746 2120 ἀλλ’ἢ
768 2085 818 2120 μὲν
843 2087 903 2121 χεὶρ

113 2129 245 2165 τεχνικῶς
267 2129 396 2161 πολλάκις
411 2131 535 2161 κινεῖται,
554 2130 623 2166 πρὸς
635 2131 683 2166 τὴν
697 2131 811 2167 τοπικὴν
828 2131 902 2158 οέσιν

953 204 1076 232 membra
1097 203 1206 238 singula
1230 202 1360 237 quiddam
1384 202 1560 237 peculiariter
1580 209 1630 236 pro
1654 201 1740 228 indita

953 250 1024 286 ipsis
1034 258 1049 277 a
1062 253 1160 277 natura
1176 248 1303 276 facultate
1317 253 1415 284 agant:
1433 252 1523 276 tamen
1535 248 1625 284 aliqua
1641 248 1741 276 existat

954 297 1040 331 partis
1060 295 1237 332 quiescentis,
1257 294 1290 321 ad
1308 301 1367 322 eam
1385 301 1447 329 quae
1459 298 1593 327 movetur,
1612 294 1738 322 all‘ectio:

954 343 1048 370 eadem
1072 342 1179 369 ratione
1205 342 1232 368 in
1249 340 1342 368 animo
1360 340 1441 368 etiam
1465 340 1603 372 usuvenit,
1629 344 1656 367 ut
1677 340 1741 368 licet
1780 360 1784 363 Α

954 396 1019 424 pars
1031 389 1091 422 ejus
1105 388 1161 415 hree
1176 388 1310 422 quiescat,
1329 387 1414 413 altera
1430 391 1587 414 moveatur:
1605 386 1688 413 totius
1700 391 1741 412 ta-
1778 402 1781 403 ν

954 441 1015 461 men
1040 434 1074 461 ad
1094 439 1198 469 partem
1219 433 1326 460 affectio
1351 433 1473 468 quaedam
1497 437 1614 460 maneat.
1635 432 1741 467 Nequa-

954 487 1037 514 quam
1054 480 1127 507 enim
1146 480 1203 506 fieri
1219 484 1316 514 potest.
1337 482 1365 505 ut
1380 478 1514 506 naturalis
1527 478 1614 505 nnitio
1629 486 1741 512 prorsus

955 525 1131 557 dissolvatur,
1152 525 1258 553 etiamsi
1279 525 1402 560 quzedam
1424 525 1450 551 in
1466 524 1546 552 nobis
1561 524 1677 552 facultas
1691 525 1742 551 ali-

954 572 1064 605 quando
1084 572 1190 599 czcteris
1214 571 1310 606 agendi
1336 571 1363 598 vi
1387 576 1414 598 et
1433 570 1592 599 eﬂicacitate
1620 575 1740 606 praestet.

955 617 1100 644 Enimvero
1123 621 1153 644 ut.
1178 618 1257 645 nobis
1278 617 1505 652 vigilantibus‘et
1530 617 1634 652 agendo
1660 624 1742 644 occu-

956 663 1027 697 patis
1043 664 1179 698 praecipua
1195 663 1294 691 mentis
1307 669 1348 691 est
1362 668 1494 699 potestas,
1510 664 1636 691 minister
1649 669 1741 691 autem

956 709 1056 735 mentis
1070 713 1111 736 est
1132 717 1246 736 sensus:
1271 717 1358 744 neque
1371 709 1489 737 facultas
1505 717 1565 745 quae
1576 717 1676 744 corpus
1691 717 1742 736 nu-

955 754 1012 786 trit,
1033 754 1196 782 excluditur.
1209 754 1284 783 Mens
1298 756 1369 783 enim
1386 755 1518 783 rationem
1536 755 1677 790 apiscendi
1694 763 1742 782 nc«

956 800 1068 828 cessarii
1091 801 1211 828 alimenti
1226 801 1355 834 ostendit,
1373 809 1472 829 sensus
1487 801 1560 836 quod
1580 805 1742 836 cstcompa-

957 850 1045 873 ratum
1060 846 1169 881 recipit,
1194 846 1309 875 facultas
1326 847 1444 882 denique
1463 847 1588 875 nutriens
1612 855 1690 875 suum
1714 849 1742 875 in

956 899 1035 919 usum
1059 893 1149 920 vertit.
1169 892 1213 920 Sic
1230 901 1278 928 per
1295 901 1421 921 somnum
1447 894 1617 929 principatus
1633 893 1744 921 faculta-

956 939 1013 962 tum
1028 935 1054 962 in
1073 937 1151 964 nobis
1164 937 1282 972 quodam
1298 938 1377 965 modo
1398 943 1578 973 permutatur.
1595 939 1661 966 Nam
1679 947 1742 967 cum

956 988 1039 1015 penes
1067 985 1172 1016 partem
1195 983 1300 1010 ratione
1319 991 1373 1010 non
1400 987 1520 1010 utentem
1549 988 1669 1019 potestas
1695 985 1742 1016 sit,

957 1025 1116 1054 facultatum
1138 1027 1242 1055 scilicet
1257 1028 1341 1055 animi
1358 1029 1525 1064 reliquarum
1545 1030 1668 1058 actiones
1683 1038 1744 1058 ces-

957 1076 1019 1099 sant
1042 1073 1163 1107 quidem,
1188 1077 1216 1100 at
1242 1081 1296 1100 non
1323 1082 1436 1108 prorsus
1460 1076 1684 1111 exstinguuntur.
1712 1076 1744 1103 Et

956 1119 1081 1152 quamvis
1096 1127 1128 1146 eo
1149 1123 1270 1154 tempore
1291 1119 1406 1148 facultas
1426 1121 1551 1148 nutriens
1572 1124 1742 1150 concoctioni

956 1165 1079 1192 ciborum
1096 1165 1200 1192 intenta
1213 1167 1259 1198 sit,
1276 1166 1434 1201 adjumento
1447 1169 1537 1196 somni
1555 1169 1740 1204 perficiendae,

956 1210 1079 1246 adeoque
1094 1211 1122 1238 in
1142 1211 1194 1238 hac
1211 1212 1337 1239 universa
1353 1218 1450 1240 natura
1467 1218 1636 1249 occupetur:
1653 1218 1743 1242 tanien

957 1261 986 1284 ut
999 1257 1078 1292 plane
1092 1257 1126 1284 ab
1140 1257 1192 1284 hac
1209 1257 1331 1286 sentiens
1347 1258 1461 1287 facultas
1477 1263 1534 1286 tum
1551 1268 1604 1288 non
1618 1262 1745 1290 avellitur

958 1302 1079 1339 (quando
1090 1310 1150 1338 qua:
1165 1308 1260 1331 natura
1276 1304 1446 1337 coaluerunt,
1467 1304 1584 1341 disjungi
1600 1314 1654 1335 non
1671 1315 1745 1342 .pos-

956 1350 1043 1384 sunt),
1061 1349 1099 1376 ita
1119 1357 1207 1384 neque
1228 1354 1284 1376 tota
1301 1350 1388 1384 ipsius
1407 1350 1447 1378 vis
1461 1352 1560 1384 elucet,
1582 1353 1616 1380 ab
1633 1354 1744 1389 organis

956 1403 1086 1422 sensuum
1107 1403 1155 1430 per
1171 1403 1297 1423 somnum
1315 1397 1394 1431 quasi
1416 1396 1579 1430 feriantibns
1605 1399 1743 1435 impedita.

957 1440 1056 1468 Eadem
1082 1441 1187 1469 ratione
1211 1445 1238 1469 et
1266 1442 1333 1469 illud
1353 1447 1548 1479 consequetur,
1577 1444 1651 1479 quod
1680 1453 1742 1472 cum

956 1487 1057 1514 mentis
1079 1492 1107 1514 et
1126 1487 1212 1522 partis
1237 1488 1321 1514 animi
1343 1489 1488 1516 sentientis
1510 1493 1603 1517 mutua
1620 1491 1743 1526 quaedam

956 1531 991 1558 sit
1005 1532 1182 1566 conjunctio:
1208 1537 1282 1560 mota
1305 1533 1367 1565 hac,
1389 1534 1470 1562 simul
1489 1539 1606 1563 mentem
1629 1536 1743 1566 moveri,

954 1580 982 1603 et
1006 1581 1102 1604 contra
1126 1577 1299 1612 quiescente,
1328 1580 1479 1614 quiescere.
1504 1580 1594 1616 Ignem
1620 1582 1743 1610 videmus

955 1622 1041 1657 paleis
1063 1630 1096 1650 ex
1121 1624 1194 1651 oumi
1222 1629 1299 1659 parte
1328 1629 1498 1659 coopertum,
1530 1627 1552 1653 si
1578 1627 1653 1654 nullo
1677 1627 1743 1655 ﬂatu

955 1668 1061 1695 llanmia
1071 1670 1213 1702 excitetur,
1223 1676 1311 1706 neque
1321 1673 1442 1706 proxima
1452 1680 1565 1707 quicque
1573 1674 1743 1702 absumendo

955 1713 1113 1748 depascere,
1141 1720 1168 1742 et
1198 1723 1313 1750 prorsus
1341 1717 1423 1744 etiam
1452 1725 1505 1745 non
1533 1719 1666 1754 extingui,
1692 1727 1742 1754 pro

955 1758 1063 1786 llanuna
1079 1768 1178 1795 vapore
1194 1761 1313 1796 quodam
1337 1770 1386 1797 per
1410 1764 1483 1797 ipsas
1500 1764 1591 1798 paleas
1608 1765 1634 1791 in
1650 1772 1740 1792 aerem

955 1809 1123 1837 penetrante.
1149 1805 1228 1838 Quod
1252 1806 1275 1833 si
1296 1811 1386 1833 autem
1402 1807 1481 1835 flatus
1503 1808 1602 1842 aliquis
1617 1809 1740 1840 accedat,

955 1857 1004 1884 pro
1019 1850 1094 1877 fumo
1109 1852 1216 1878 flamma
1231 1853 1400 1880 accenditur.
1420 1853 1466 1881 Sic
1483 1862 1559 1882 mens
1572 1855 1699 1884 sensibus
1715 1856 1744 1884 in

954 1904 1052 1924 somno
1082 1897 1287 1932 quiescentibus
1313 1899 1393 1934 quasi
1421 1904 1556 1933 contecta,
1583 1909 1672 1936 neque
1695 1910 1743 1937 per

954 1950 1002 1971 eos
1014 1943 1122 1971 elucere
1138 1948 1237 1979 potest,
1250 1949 1277 1972 et
1292 1946 1404 1974 omnin‘o
1422 1947 1503 1974 etiam
1522 1955 1576 1975 non
1592 1949 1742 1984 exstingui-

955 1992 1008 2022 tur,
1034 1989 1081 2017 scd
1104 1994 1134 2017 ut
1155 1991 1227 2025 ignis
1244 1991 1359 2025 funium,
1377 1993 1417 2020 sic
1430 1993 1489 2028 ipsa
1505 1997 1608 2021 motum
1624 1994 1742 2029 aliquem

954 2036 1064 2069 retinet,
1083 2037 1180 2071 partim
1208 2045 1302 2073 agens,
1326 2039 1425 2074 partim
1441 2041 1468 2068 in
1483 2041 1586 2075 agendo
1601 2041 1742 2072 deficiens.

954 2081 1042 2116 Atque
1059 2083 1098 2110 uti
1122 2084 1245 2111 musicus
1263 2085 1366 2119 plectro
1392 2086 1510 2114 chordas
1533 2087 1597 2122 lyra:
1612 2089 1743 2117 remissas

956 2132 1081 2163 tangens,
1095 2137 1150 2157 non
1161 2130 1298 2166 eleganter
1308 2136 1335 2158 et
1345 2140 1489 2160 numerose
1500 2133 1647 2168 quidquam
1657 2135 1741 2166 canit,

114 2174 170 2200 τῶν
190 2175 273 2201 τόνων
295 2176 326 2201 τὸ
350 2174 486 2210 πλῆκτρον
511 2176 632 2209 ἄγουσα,
650 2175 680 2202 τὸ
696 2176 724 2202 δὲ
744 2177 827 2211 ὴχοῠν
853 2177 902 2204 οὐκ

957 2176 1066 2210 quando
1081 2177 1152 2211 quod
1170 2181 1275 2204 tensum
1290 2185 1343 2205 non
1360 2181 1410 2209 est,
1427 2178 1505 2206 edere
1519 2187 1617 2207 sonum
1630 2181 1741 2216 nequit;

113 2218 197 2250 ἔστιν,
210 2220 234 2245 εἰ
251 2218 288 2254 μὴ
307 2219 368 2246 ὅσον
383 2219 488 2254 ἄσημόν
505 2228 565 2246 τινα
582 2221 628 2247 καὶ
646 2221 812 2248 ἀσύντακτον
827 2223 856 2248 ὲν
870 2223 902 2258 τῇ

114 2264 220 2299 κινήσει
236 2264 291 2291 τῶν
306 2265 408 2300 χορδῶν
416 2265 516 2301 ὑπηχεῖ
531 2265 576 2292 τὸν
590 2266 701 2301 βόμϐον·
712 2266 783 2294 οὕτω
799 2267 843 2294 διὰ
856 2267 903 2294 τοῦ

113 2309 200 2336 ὕπνου
228 2311 278 2345 τῆς
306 2311 453 2346 ὀργανικῆς
467 2312 521 2339 τῶν
535 2313 718 2349 αἰσθητηρίων
732 2314 904 2350 κατασκευῆς

113 2354 307 2390 χαλασθείσης,
328 2355 344 2390 ἢ
370 2355 484 2382 καθόλου
508 2357 605 2392 ἠρεμεί
628 2358 642 2383 ὁ
664 2359 805 2394 τεχνίτης,
825 2359 903 2395 εἴπερ

111 2399 218 2426 τελείαν
232 2399 308 2427 λύσιν
324 2401 356 2428 ὲκ
382 2401 527 2437 πληθώρας
545 2402 617 2434 τινὸς
633 2403 680 2430 καὶ
696 2403 796 2439 βάρους
823 2405 903 2433 πάθοι

111 2445 144 2472 τὸ
157 2445 280 2480 ὄργανον,
292 2446 308 2482 ἢ
324 2446 424 2479 ἀτόνως
435 2456 464 2481 τε
481 2448 528 2474 καὶ
545 2449 674 2484 ἀμυδρῶς
688 2450 840 2485 ἐνεργήσει.
854 2452 903 2488 οὐχ

111 2491 308 2526 ὑποδεχομένου
324 2491 371 2518 τοῦ
395 2493 552 2527 αἰσθητικοῦ
571 2494 686 2530 ὀργάνου
703 2495 736 2521 δι’
761 2497 904 2532 ἀκριϐείας

109 2536 163 2572 τὴν
175 2536 282 2571 τέχνην.
301 2537 349 2564 Διὰ
360 2537 440 2564 τοῦτο
452 2538 468 2573 ἦ
482 2547 511 2565 τε
527 2540 620 2575 μνήμη
636 2541 836 2577 συγκεχυμένη,
856 2543 902 2568 καὶ

110 2583 129 2617 ἡ
154 2581 306 2616 πρόγνωσις
331 2583 544 2619 προκαλύμμασί
569 2593 639 2612 τισιν
663 2587 823 2621 ἀμφιϐόλοις
843 2588 902 2614 ἐπι-

109 2627 291 2660 νυστάζουσα,
307 2629 336 2655 ὲν
348 2629 464 2661 εἰδώλοις
478 2630 532 2657 τῶν
553 2631 612 2657 καθ’
627 2631 698 2669 ὕπαρ
719 2633 903 2668 σπουῦαζομέ-

107 2683 166 2700 -ιων
182 2674 374 2708 φαντασιοῦται
385 2695 392 2707 ,
407 2675 453 2702 καί
467 2684 492 2702 τι
508 2676 561 2703 τῶν
576 2677 753 2705 ἐκϐαινόντων
773 2679 902 2712 πολλάκις

108 2721 240 2754 ἐμήνυσε.
257 2719 300 2754 Τῷ
318 2719 369 2755 γὰρ
392 2720 482 2756 λεπτῷ
501 2722 549 2757 τῆς
566 2722 682 2756 φύσεως,
704 2724 760 2760 ἔχει
775 2733 800 2751 τι
821 2725 902 2752 πλέον

108 2765 188 2800 παρὰ
200 2765 248 2800 τὴν
261 2765 419 2801 σωματικὴν
433 2768 620 2802 παχυμέρειαν
638 2770 676 2801 εἰς
694 2770 724 2796 τὺ
745 2770 864 2807 καθορᾷν
876 2780 901 2798 τι

104 2812 165 2838 τῶν
178 2812 262 2838 ὄντων
276 2811 413 2838 δύνασθαι.
431 2813 468 2838 Οὐ
494 2814 546 2849 μὴν
561 2814 592 2840 δι’
610 2815 718 2848 εὐθείας
734 2817 805 2849 τινὸς
824 2817 901 2845 δύνα-

279 2857 411 2888 Ρηιιοι..
436 2859 493 2889 Gn.
519 2859 617 2891 XlJV

957 2229 1067 2249 manum
1088 2223 1133 2250 ille
1146 2223 1254 2258 quidem
1272 2224 1419 2252 artificiose
1444 2230 1542 2257 movet,
1561 2227 1664 2261 plectro
1679 2229 1740 2262 qui-

957 2267 1008 2294 bus
1021 2268 1150 2294 convenit
1164 2268 1231 2296 locis
1252 2269 1399 2304 applicato,
1415 2278 1500 2298 sonus
1515 2275 1604 2300 tamen
1625 2273 1666 2300 vel
1682 2274 1742 2301 nul-

956 2313 1010 2345 lus,
1025 2313 1065 2340 vel
1078 2314 1187 2348 ignotus
1199 2319 1226 2341 ct
1237 2315 1436 2351 incompositus
1448 2317 1481 2345 de
1493 2318 1539 2345 tali
1555 2317 1647 2346 fidium
1661 2321 1741 2355 pulsu

955 2359 1139 2394 exprimitur:
1158 2360 1193 2386 ita
1219 2365 1246 2388 et
1275 2364 1402 2396 organica
1433 2371 1562 2392 sensuum
1589 2369 1739 2402 structura,

956 2405 1064 2440 quoties
1077 2413 1124 2440 per
1138 2413 1263 2433 somnum
1278 2407 1366 2434 laxata
1380 2413 1432 2439 est.
1446 2410 1486 2438 vel
1497 2418 1611 2445 prorsus
1625 2413 1742 2447 quiescit

956 2450 1065 2482 artifex,
1083 2451 1165 2478 veluti
1184 2459 1244 2479 cum
1259 2461 1291 2479 ex
1310 2453 1392 2480 nimia
1409 2455 1558 2489 repletione
1577 2465 1608 2485 ac
1620 2458 1740 2493 pondere

956 2496 1061 2531 integra
1086 2497 1259 2525 instrumenti
1280 2502 1322 2525 est
1345 2498 1415 2526 facta
1439 2501 1521 2529 totius
1541 2503 1680 2535 relaxatio,
1698 2505 1739 2532 vel

955 2541 1081 2577 languide
1089 2547 1115 2569 et
1130 2542 1247 2570 obscure
1262 2543 1327 2578 agit,
1343 2544 1525 2573 instrumento
1540 2555 1638 2576 sensus
1653 2553 1739 2576 artem

955 2588 1054 2615 mentis
1071 2593 1228 2616 accuratam
1252 2597 1306 2616 non
1328 2591 1462 2625 capiente.
1487 2591 1592 2622 Idcirco
1610 2596 1740 2622 memoria

954 2632 1079 2665 confusa,
1095 2638 1122 2661 et
1139 2635 1179 2662 vis
1196 2635 1372 2670 pratsagiendr
1388 2637 1523 2672 ambiguis
1539 2639 1738 2673 inquibusdam

954 2679 1114 2707 velamentis
1144 2681 1223 2715 quasi
1251 2681 1423 2710 dormitando
1451 2687 1562 2715 nutans,
1592 2685 1738 2712 simulacra

954 2732 1058 2757 rerum,
1075 2725 1174 2760 quibus
1188 2726 1303 2761 vigilans
1319 2734 1477 2763 occupatur,
1496 2729 1669 2764 imaginando
1685 2729 1736 2757 sibi

954 2771 1102 2799 informare
1130 2772 1250 2799 videtur:
1275 2780 1364 2808 neque
1385 2782 1439 2801 non
1458 2775 1603 2809 aliquando
1620 2783 1651 2803 ea
1676 2784 1738 2811 qua:

953 2817 1052 2846 deinde
1065 2819 1254 2854 comprobaret
1270 2824 1395 2854 eventus,
1409 2821 1547 2848 indicavit.
1560 2820 1625 2847 Nam
1639 2827 1734 2854 praeter

1576 2866 1595 2897 6
