1976 3077
222 147 271 185 ατί

860 132 888 159 S.
908 129 1070 159 CREGORH
1090 128 1238 156 NYSSIiNl

1803 119 1857 148 172

222 211 294 234 eam,
307 208 367 236 quae
377 200 403 227 in
417 197 542 234 corporis
553 199 594 223 est
607 195 832 228 temperamento,
846 187 1012 218 crassitiem.
1028 189 1038 216 Α

1090 185 1260 220 ιιδιασαίρεῖν
1275 183 1304 210 τὸ
1321 182 1476 218 λεγόμενον,
1494 180 1531 212 ὡς
1547 178 1668 215 τηλαυγῆ
1683 187 1712 205 τε
1730 177 1777 205 καὶ
1788 179 1856 214 πρό-

1099 232 1106 236 .
1172 229 1184 236 ν
1258 230 1264 236 ι
1327 228 1340 235 -ι
1504 226 1510 236 Ι
1531 235 1534 236 ν
1552 234 1565 236 ν.
1584 224 1772 236 μνη-...ι-Λμ...
1787 223 1856 236 ιικὲ

227 251 308 277 habet
330 245 459 282 quiddam
485 251 532 278 per
556 245 660 269 naturae
683 237 873 276 subtilitatem,
900 241 954 269 quo
970 239 1015 260 res

227 279 382 332 perspicere
402 290 498 326 possit.
519 289 610 323 Neque
630 290 719 313 tamen
735 284 780 311 illa
794 285 835 310 est
857 281 908 313 vis,
925 283 954 307 ut
971 279 1015 306 di-

225 326 301 370 recto
331 339 423 366 futura
451 336 581 366 declaret,
613 332 702 368 deque
731 330 765 357 iis
791 326 910 356 dilucide
935 330 1017 360 alque

227 389 319 421 aperte
334 391 386 411 nos
400 382 511 409 doceat:
535 379 581 407 sed
593 382 635 405 est
649 381 753 404 tantum
767 373 891 410 quaedam
904 371 1016 405 obliqua

227 436 254 459 ct
264 431 390 466 ambigua
404 427 487 456 futuri
499 430 612 454 eventus
625 421 800 458 signiﬁcatio,
813 426 893 454 quam
903 417 1017 452 :enigma

229 483 340 509 vocant,
366 476 413 512 qui
439 475 465 502 in
487 474 529 501 his
555 468 767 506 interpretandis
792 469 945 494 versantur.
972 462 1018 490 Sic

231 525 276 560 qui
299 532 313 550 a
330 521 436 558 poculis
454 524 510 548 erat
528 516 675 546 Pharaoni,
698 521 745 550 per
759 518 885 540 somnum
905 510 931 536 in
947 508 1018 543 regis

233 571 346 598 calicem
366 569 473 596 botrum
487 564 632 600 exprimit:
654 561 693 588 sic
711 560 799 595 pistor
817 556 950 592 ejusdem.
974 561 1017 580 ca-

235 617 351 644 uistrttm
369 614 420 642 sibi
442 616 548 648 gestare
562 609 669 636 videtur
679 607 713 634 '3.
731 605 799 638 Quia
817 603 888 630 enim
908 605 1022 634 uterque

234 662 349 697 vigilans
379 659 420 687 his
446 657 528 684 rebus
551 653 679 688 occupari
707 656 872 685 magnopere
902 649 1022 680 cuperet,

235 709 317 735 etiam
342 714 393 742 per
421 710 546 732 somnum
575 707 606 728 ea
634 699 691 726 ﬁeri
720 696 842 732 putabat.
871 692 1024 720 Simuiacra

1066 232 1145 267 δηλον
1158 229 1227 258 εἶναι
1239 230 1287 265 τὴν
1307 228 1361 255 τῶν
1378 226 1565 263 προκειμένων
1582 224 1755 252 διδασκαλίαν
1765 232 1772 239 ’
1785 223 1859 251 ἀλλὰ

1065 276 1131 312 λοξὴ
1145 276 1192 302 καὶ
1207 273 1357 310 ἀμφίϐολος
1372 271 1419 298 τοῦ
1435 271 1577 306 μέλλοντος
1586 270 1603 304 ἡ
1614 267 1728 303 δήλωσις
1741 267 1858 301 γίνεται.

1068 324 1135 358 ὅπερ
1150 322 1264 356 αἴνιγμα
1278 320 1401 354 λέγουσιν
1417 319 1441 345 οἱ
1454 317 1487 344 τὰ
1502 316 1614 344 τοιαῦτα
1639 313 1858 349 ὑποκρινόμενοι.

1071 368 1163 399 Οὕτως
1178 368 1192 393 6
1205 367 1322 401 οἰνοχόος
1347 363 1466 392 ἐκθλίϐει
1489 362 1538 397 τὴν
1553 361 1649 397 βότρυν
1663 361 1697 396 τῇ
1709 360 1800 387 κύλικι
1812 358 1860 385 τοῦ

1070 414 1171 451 Φαραώ
1182 422 1188 429 ·
1201 413 1272 440 οὓτω
1285 411 1448 446 κανηφορεῖν
1465 410 1479 435 6
1499 407 1633 438 σιτοποιὸς
1650 405 1815 441 ἐφαντάτθη,
1831 406 1863 431 ἐν

1071 459 1112 493 οἷς
1126 460 1186 488 καθ’
1199 459 1273 494 ὕπαρ
1288 458 1417 493 ἑκάτερος
1429 457 1478 492 τὴν
1492 453 1607 488 σπουδὴν
1620 450 1703 487 εἶχεν,
1717 453 1746 478 ἐν
1756 450 1862 481 τούτοις

1072 505 1141 534 εἶναι
1158 506 1204 533 καὶ
1215 505 1262 534 διὰ,
1273 504 1325 531 τῶν
1336 503 1447 538 ὀνείρων
1462 501 1593 535 οἰόμενος.
1603 499 1663 526 Τῶν
1672 498 1725 534 γὰρ
1739 497 1863 532 συνήθων

1073 553 1163 583 αὐτοῖς
1177 549 1398 590 ἐπιτηδευμάτων
1407 548 1440 574 τὰ
1453 546 1549 573 εἴδωλα
1561 544 1601 580 τῷ
1608 542 1802 580 προγνωστικῷ
1813 541 1863 576 τῆς

1073 599 1162 634 ψυχῆς
1179 595 1380 627 ἐντυπωθέντα,
1396 593 1533 629 παρέσχεν
1553 593 1598 618 ἐπὶ
1620 590 1716 626 καιροῦ
1738 589 1792 615 τῶν
1815 589 1864 615 ἐκ·

1077 643 1236 679 ϐησομένων
1260 642 1304 668 διὰ
1330 641 1379 676 τῆς
1402 639 1528 674 τοιαύτης
1556 638 1603 664 τοῦ
1625 636 1671 664 νοῦ
1697 635 1865 671 προφητείας

1078 697 1148 716 κατα
1153 687 1252 724 μαντεύ
1257 686 1364 714 σασθαι.

346 728 389 742 ,Μ
422 728 516 732 _s__._,,,
720 728 728 732 _

237 760 354 788 namque
376 750 528 779 studiorum
543 755 574 775 ac
589 746 661 777 vitae,
677 744 720 772 cui
733 743 923 770 assueverant.
940 737 1008 774 parti
1024 735 1107 763 animi
1123 735 1157 763 de
1170 734 1270 762 futuris
1290 731 1444 768 dispicienti
1461 731 1605 765 impressa,
1625 728 1806 756 faciebantmt
1820 735 1868 762 per

381 778 384 779 ,

239 800 307 826 hanc
326 797 425 825 mentis
447 793 664 830 prmsagitionem
680 788 822 825 quiddam,
846 786 890 813 cui
924 782 1101 819 responderet
1115 784 1239 812 eventus,
1257 779 1310 807 sibi
1326 778 1546 805 vaticinarentur.

275 822 475 879 Illud-quidem,
491 822 563 876 quon
580 838 674 866 Daniel
689 822 717 864 et
729 835 867 870 Josephus
882 836 909 861 et
925 832 968 859 his
983 830 1028 857 alii

1115 828 1146 855 Εἰ
1161 829 1189 855 δὲ
1203 827 1301 862 Δανιὴλ
1318 825 1488 860 καὶἿωσὴφ,
1506 823 1552 850 καὶ
1567 823 1592 850 οἱ
1607 824 1667 850 κατ’
1678 822 1797 854 ἐκείνους
1809 822 1870 857 θείᾳ

240 890 406 920 consimiles,
438 887 565 915 facultate
576 883 693 920 quadam
707 881 810 912 divina,
829 878 956 907 sensibus
974 875 1025 903 mi-

241 939 314 964 nime
327 933 503 970 perturbatis,
525 937 616 959 rerum
644 930 799 956 futurarum
815 924 969 960 cognitione
984 922 1027 948 in-

241 969 337 1010 structi
356 981 475 1012 fuerunt,
502 978 569 1006 nihil
589 976 623 1003 ad
640 975 667 1002 id
683 975 717 1002 de
744 981 798 1008 quo
811 972 901 1007 agitur
921 969 1028 996 attinet.

242 1030 301 1056 Non
319 1028 391 1055 enim
410 1026 554 1061 quisquam
570 1022 629 1049 hazc
641 1024 716 1048 recte
733 1019 766 1046 ad
780 1017 950 1046 somniorum
966 1013 1030 1041 eﬂ‘e-

243 1079 287 1102 (1a
301 1073 435 1105 retulerit,
461 1070 513 1098 nisi
531 1069 601 1096 forte
619 1067 726 1094 ratione
741 1064 834 1092 eadem
855 1062 961 1090 divinas
984 1067 1030 1094 ap—

244 1120 403 1156 paritioncs.
426 1125 486 1152 quae
506 1113 646 1143 nonnullis
663 1110 838 1147 vigilantibus
854 1116 884 1136 se
902 1106 1029 1137 offerunt,

244 1173 298 1193 non
315 1162 459 1199 peculiaria
470 1161 538 1191 visa,
550 1158 598 1187 sed
607 1159 823 1185 consentaneum
833 1160 902 1187 opus
914 1155 1030 1182 naturae,

246 1195 340 1245 suapte
352 1209 376 1235 vi
391 1206 507 1243 quadam
521 1205 547 1232 id
562 1201 715 1232 eﬂicientis,
729 1208 791 1227 esse
806 1201 917 1226 statuat.
930 1195 1031 1229 Quem-

246 1255 393 1284 admodum
414 1259 490 1288 crgo,
511 1258 575 1278 cum
605 1247 730 1276 homines
750 1243 871 1272 universi
905 1249 919 1268 a
944 1244 1035 1268 mente

247 1301 356 1337 propria
380 1287 520 1334 regantur,
542 1294 621 1331 pauci
645 1298 736 1321 tamen
751 1290 862 1326 quidam
886 1287 1034 1318 exsistunt,

247 1334 410 1382 quibuscum
426 1344 497 1371 Deus
515 1340 664 1369 manifesto
676 1345 745 1374 pene
758 1336 919 1364 familiarem
937 1334 964 1360 in
978 1339 1037 1359 mo.

249 1395 314 1421 dum
326 1395 468 1419 versatur:
487 1389 525 1416 sic
537 1395 598 1415 cum
610 1385 652 1413 vis
666 1381 834 1419 imaginandi
850 1388 897 1416 per
910 1384 1037 1406 somnum

250 1438 378 1466 omnibus
395 1443 471 1471 atque
494 1441 526 1461 ac
540 1433 600 1461 sine
617 1430 774 1460 discrimine
797 1435 812 1455 a
830 1432 928 1454 natura
946 1425 982 1452 sit
998 1424 1039 1450 in-

251 1485 319 1516 dita,
340 1483 418 1518 pauci
436 1490 470 1509 ex
486 1480 677 1507 universorum
700 1480 772 1503 coetu
795 1478 869 1506 sunt,
886 1471 986 1507 quibus
1001 1469 1041 1496 di-

342 1507 417 1518 ram
440 1507 468 1509 μ

253 1530 358 1558 viuiora
373 1535 402 1556 se
418 1525 588 1555 somniorum
605 1523 661 1550 visa
676 1521 803 1549 offerunt.
825 1517 921 1545 (ia-teri
938 1516 959 1543 si
975 1514 1040 1550 quid
1054 1507 1075 1535 C

254 1576 288 1602 de
311 1574 480 1602 somniorum
497 1568 663 1603 eonjeeturis
681 1566 718 1593 rei
739 1565 837 1591 futura:
851 1564 1039 1596 cognoscunt:

254 1622 280 1648 id
297 1625 384 1648 totum
400 1618 459 1646 fieri
476 1625 519 1649 eo,
542 1624 597 1651 quo
611 1614 759 1642 iudicatum
774 1613 827 1640 est,
848 1607 930 1635 modo
944 1609 1042 1640 putan-

255 1668 318 1695 dum
336 1667 396 1695 erit.
416 1664 492 1698 Quod
511 1666 599 1690 autem
613 1664 640 1687 et
654 1657 798 1693 [Egyplius
818 1659 844 1682 et
856 1652 985 1688 Assyrius
1000 1654 1042 1685 ty-

255 1721 358 1741 rannus
378 1712 425 1739 Dei
449 1714 517 1738 nutu
542 1708 574 1735 ad
593 1707 747 1733 futurorum
773 1701 916 1730 scientiam
934 1696 1044 1725 deducti

257 1764 330 1791 sunt,
357 1760 408 1786 hoc
432 1763 540 1793 quoque
560 1753 613 1780 alio
639 1749 804 1785 respiciente
825 1747 881 1774 Deo
905 1743 1042 1771 usuvenit.

257 1807 324 1834 Nam
340 1813 372 1832 eo
386 1809 465 1840 pacto
477 1805 634 1829 sanctorum
652 1794 831 1832 quorumdam
846 1791 987 1819 hominum
1002 1795 1047 1816 sa-

259 1853 388 1889 pientiam
405 1849 532 1878 omnibus
554 1848 727 1874 innotescere
742 1839 875 1876 oportuit,
894 1843 923 1864 ut
939 1844 969 1863 ea
985 1835 1047 1862 vitae

259 1899 400 1927 hominum
423 1895 498 1922 utilis
520 1898 601 1921 esset.
623 1891 674 1924 Qui
689 1888 762 1919 enim
779 1886 836 1913 ﬁeri
855 1885 1000 1920 potuisset,
1017 1885 1047 1908 ut

261 1947 288 1972 in
304 1943 412 1970 Daniele
428 1940 541 1968 facultas
558 1945 619 1966 esse
637 1932 806 1963 vaticinandi
828 1928 1046 1966 deprehendere.

262 1997 317 2021 tur,
332 1989 386 2016 nisi
409 1989 600 2014 excautatores
615 1985 642 2010 et
667 1979 738 2014 magi
763 1976 900 2005 somnium
935 1973 1007 2008 regis
1021 1974 1048 1998 et

264 2035 384 2062 invenire
418 2035 445 2059 et
483 2027 658 2063 interpretari
698 2020 879 2058 nequissent?
911 2016 1048 2053 quomodo

264 2079 454 2116 :Egyptioruzu
467 2073 624 2104 conservari
639 2070 713 2100 natio
730 2068 873 2104 potuisset,
887 2064 1006 2097 losepho
1020 2061 1047 2088 in

265 2135 374 2157 carcere
387 2126 479 2154 abdito
490 2127 517 2151 et
530 2121 671 2151 concluso.
689 2119 710 2146 si
727 2125 779 2144 non
798 2114 896 2142 somnii
918 2112 1048 2147 explana-

265 2176 304 2202 tio
330 2172 490 2209 prmbuisset
507 2167 689 2197 occasionem,
719 2170 770 2199 qua
797 2163 824 2189 in
840 2164 939 2187 coetum
966 2157 1050 2184 totius
1068 2176 1089 2202 Ι)

267 2221 356 2255 gentis
369 2215 573 2246 accerseretur?
587 2213 692 2241 Idcirco
711 2207 883 2237 statuendum
895 2209 948 2236 est,
963 2203 1051 2230 diver-

268 2274 326 2294 sam
346 2266 443 2292 horum
468 2262 600 2289 rationem
613 2266 684 2290 esse,
705 2263 766 2291 quae
786 2254 819 2281 ad
837 2258 996 2280 communes
1010 2249 1051 2276 vi-

268 2312 360 2339 siones
376 2316 429 2336 uon
445 2310 587 2342 congruat.
606 2303 711 2331 Usitata
726 2308 788 2328 vero
801 2298 967 2327 somniorum
984 2295 1051 2326 visa,

269 2356 396 2384 omnibus
406 2353 496 2383 obvia,
514 2357 642 2386 perquam
663 2347 746 2374 variis
759 2344 846 2372 modis
861 2343 1053 2370 informantur.

269 2402 324 2429 Aut
338 2400 421 2430 enim,
441 2394 669 2432 quemadmodum
691 2396 733 2419 est
749 2390 912 2425 expositum.
940 2385 1054 2414 extremi

271 2445 350 2482 quasi
374 2443 434 2472 soni
457 2442 618 2469 diurnarum
632 2438 804 2466 etTectionum
825 2435 852 2461 in
878 2437 954 2468 parte
972 2430 1055 2458 animi

274 2491 465 2519 t'emiuisccutc
478 2487 575 2521 reliqui
590 2484 720 2513 tinniuut.
738 2485 784 2508 aut
796 2487 844 2514 pro
855 2487 887 2506 eo
903 2483 983 2512 atque
998 2483 1058 2502 cor-

275 2546 324 2574 pus
345 2536 468 2564 aﬂ‘ectum
485 2537 537 2564 est,
566 2530 670 2559 somnia
686 2535 794 2564 quoque
815 2526 960 2560 ﬁnguntur.
981 2523 1060 2549 Patet

275 2585 326 2612 hoc
349 2591 380 2611 ex
404 2589 447 2614 eo,
470 2580 541 2615 quod
566 2578 611 2613 qui
634 2576 739 2607 sitiunt,
769 2580 830 2600 esse
845 2572 877 2598 ad
895 2571 984 2598 fontes
999 2575 1060 2595 sese

275 2628 452 2656 existimant:
477 2624 522 2660 qui
538 2622 674 2652 esuriunt,
697 2620 724 2646 in
737 2616 882 2647 conviviis,
900 2614 1060 2641 adolescens

277 2683 324 2709 per
347 2677 452 2700 :etatcm
475 2670 632 2701 lasciviens,
661 2669 845 2695 consentanea
871 2659 975 2688 libidini
1005 2665 1060 2686 sum

277 2721 451 2756 imaginatur.
467 2718 595 2752 Equidem
610 2719 637 2743 cl.
651 2714 731 2741 aliam
746 2709 889 2747 quamdam
901 2711 1000 2743 praeter
1012 2706 1060 2732 has

278 2765 444 2792 somniorum
458 2769 569 2790 causam
583 2760 675 2791 didici,
695 2765 757 2785 cum
771 2753 956 2783 necessarium
969 2758 1063 2786 quem-

314 2841 333 2856 “
350 2843 416 2869 ticu.
430 2849 474 2874 XL,
495 2842 503 2867 ί
525 2847 599 2873 seqq.

1080 875 1205 909 δυνάμει,
1219 873 1352 909 μηδεμιᾶς
1359 872 1458 903 αὐτοὺς
1468 869 1643 905 ἐπιθολούσης
1651 868 1811 903 αἰσθήσεως,
1820 868 1870 904 τὴν

1081 920 1136 947 τῶν
1162 919 1312 956 μελλόντων
1328 918 1428 953 γνῶσιν
1442 915 1678 953 προεπαιδεύοντο,
1694 914 1770 941 οὐδὲν
1791 913 1872 940 τοῦτο

1083 966 1151 1002 πρὸς
1161 966 1207 992 τὸν
1219 964 1399 1001 προκείμενον
1408 963 1495 996 λόγον.
1507 962 1574 988 Οὐδέ
1585 961 1640 996 γὰρ
1647 961 1679 988 ἄν
1687 969 1728 992 τις
1735 959 1821 986 ταῦτα
1836 960 1870 994 τῇ

1083 1010 1195 1045 δυνάμει
1205 1009 1259 1036 τῶν
1272 1009 1405 1035 ἐνυπνίων
1415 1007 1561 1042 λογίσαιτο,
1578 1006 1638 1034 ἐπεὶ
1652 1006 1759 1037 πάντως
1773 1005 1805 1031 ἐκ
1824 1004 1872 1030 τοῦ

1083 1056 1230 1083 ἀκολούθου
1242 1055 1345 1086 καὶτὰς
1357 1054 1416 1081 καθ’
1424 1054 1497 1089 ὕπαρ
1503 1053 1648 1088 γινομένας
1657 1051 1873 1087 θεοφανείαςηοὺκ

1085 1102 1227 1133 ὀπτασίαν,
1238 1101 1305 1129 ἀλλὰ
1319 1101 1425 1136 φύσεως
1432 1099 1592 1127 ἀκολουθίαν
1605 1098 1674 1125 κατὰ
1682 1098 1713 1124 τὸ
1724 1097 1875 1132 αὐτόματον

1085 1148 1283 1183 ἐνεργουμένην
1293 1147 1422 1182 οἰήσεται.
1436 1145 1540 1180 Ὥσπερ
1550 1144 1638 1170 τοίνυν
1648 1143 1756 1170 πάντων
1770 1140 1875 1176 evapo-

1085 1203 1144 1220 πων
1152 1193 1223 1220 κατὰ
1230 1193 1275 1219 τὸν
1286 1192 1350 1218 tam
1362 1192 1424 1218 νοῦν
1435 1190 1635 1225 διοικουμένων,
1644 1189 1728 1223 ὀλίγοι
1751 1190 1820 1219 τινές
1834 1187 1876 1214 εἰ-

1088 1247 1129 1265 σιν
1143 1239 1166 1264 οἱ
1181 1238 1231 1273 τῆς
1245 1237 1319 1268 Θείας
1331 1236 1438 1272 ὁμιλίας
1452 1236 1483 1262 ἐκ
1499 1234 1546 1261 τοῦ
1559 1233 1695 1270 ἐμφανοῦς
1710 1232 1874 1267 ἀξιούμενοι·

1087 1282 1160 1310 οὓτω
1177 1282 1276 1314 κοινῶς
1289 1283 1356 1309 πᾶσι
1376 1282 1422 1308 καὶ
1437 1279 1576 1315 ὀμοτὶμως
1590 1279 1641 1314 τῆς
1662 1278 1689 1303 ἐν
1702 1277 1795 1308 ὕπνοις
1810 1285 1877 1310 φαν-

1088 1330 1184 1361 τασίας
1208 1329 1278 1356 κατὰ
1308 1328 1388 1364 φύσιν
1413 1326 1610 1362 ἐγγινομένης,
1628 1324 1770 1361 μετέχουσι
1792 1331 1875 1354 τινες,

1089 1376 1149 1410 οὐχὶ
1168 1375 1277 1406 πάντες,
1301 1374 1438 1409 θειοτέρας
1454 1373 1525 1404 τινὸς
1547 1371 1590 1398 διὰ
1613 1371 1667 1398 τῶν
1692 1369 1803 1405 ὀνείρων
1825 1368 1876 1403 τῆς

1090 1422 1249 1458 ἐμφανείας.
1271 1421 1334 1452 Τοῖς
1357 1420 1378 1446 δ’
1393 1420 1483 1451 ἄλλοις
1504 1418 1571 1445 πᾶσι
1592 1417 1644 1443 κᾶν
1667 1415 1779 1451 γένηταί
1793 1423 1836 1446 τις
1848 1414 1878 1447 ἐξ

1091 1468 1224 1495 ἐνυπνίων
1243 1467 1306 1502 περί
1329 1475 1354 1493 τι
1379 1465 1550 1500 πρόγνωσις,
1569 1462 1638 1490 κατὰ
1661 1462 1706 1488 τὸν
1735 1460 1878 1496 εἰρημένον

1091 1513 1196 1548 γίνεται
1209 1512 1318 1548 τρόπον.
1335 1512 1366 1538 El
1381 1511 1409 1537 δὲ
1418 1510 1472 1538 ’καὶ
1488 1511 1502 1536 ό
1524 1509 1672 1543 Αἰγύπτιος
1690 1508 1736 1534 καὶ
1751 1508 1765 1533 6
1782 1506 1879 1534 Ἀσσύ-

1093 1568 1150 1596 ριος
1167 1559 1297 1594 τύραννος
1315 1557 1406 1584 θεόθεν
1425 1556 1493 1592 πρὸς
1506 1556 1556 1590 τὴν
1575 1555 1628 1581 τῶν
1647 1553 1795 1589 μελλόντων
1809 1552 1876 1587 ὼδη-

1092 1605 1190 1640 γοῦντο
1204 1604 1317 1639 γνῶσιν,
1331 1603 1424 1638 ἐτερόν
1437 1603 1494 1628 ἐστι
1513 1601 1543 1628 τὸ
1556 1600 1599 1627 διὰ
1613 1599 1714 1627 τούτων
1726 1597 1882 1632 οἰκονομού-

1096 1660 1190 1687 μενον·
1206 1650 1394 1685 φανερωθῆναι
1411 1648 1465 1683 γὰρ
1485 1647 1537 1674 ἔδει
1556 1646 1748 1682 κεκρυμμένην
1762 1645 1811 1680 τὴν
1827 1644 1883 1671 τῶν

1095 1699 1181 1734 ἁγίων
1195 1698 1301 1732 σοφίαν,
1317 1697 1354 1728 ὡς
1376 1696 1409 1722 ἂν
1426 1694 1462 1730 μὴ
1479 1694 1615 1730 ἄχρηστος
1637 1692 1675 1727 τῷ
1691 1691 1771 1726 κοινῷ
1794 1699 1882 1726 παρα-

1094 1746 1186 1782 δράμῃ
1199 1745 1242 1771 τὸν
1270 1743 1336 1778 βίον.
1357 1742 1419 1773 Πῶς
1433 1740 1486 1775 γὰρ
1506 1738 1627 1774 ἐγνώσθη
1645 1737 1764 1768 τοιοῦτος
1778 1735 1815 1762 ὢν
1830 1737 1882 1762 Δα-

1095 1781 1223 1829 νιὴλίμὴ
1238 1790 1291 1817 τῶν
1313 1787 1445 1815 ἐπαοιδῶν
1470 1786 1517 1813 καὶ
1535 1785 1629 1820 μάγων
1647 1783 1714 1817 πρὸς
1729 1783 1779 1817 τὴν
1806 1781 1884 1816 εὕρε-

1098 1849 1138 1867 σιν
1158 1840 1207 1874 τῆς
1231 1835 1380 1873 φαντασίας
1401 1831 1588 1868 ἀτονησάντων
1603 1838 1610 1863 ;
1626 1829 1687 1860 Πῶς
1705 1828 1726 1855 δ’
1744 1829 1778 1855 ἂν
1808 1835 1886 1862 περι-

1098 1871 1226 1917 εσώθητδ
1237 1871 1382 1915 Ᾰίγύπτιον
1391 1879 1476 1908 ἔθνος,
1487 1877 1515 1902 ἐν
1527 1872 1707 1908 δεσμωτηρίῳ
1717 1871 1883 1905 καθειργμέ-

1098 1937 1144 1957 νου
1161 1915 1207 1955 τοῦ
1229 1927 1339 1961 Ἰωσὴφ,
1358 1926 1382 1951 εί
1401 1923 1436 1959 μὴ
1460 1922 1620 1957 παρήγαγεν
1636 1919 1675 1951 είς
1692 1918 1789 1954 μέσους
1803 1915 1885 1943 αὐτὸν

1098 1977 1116 2010 ἡ
1134 1975 1180 2003 τοῦ
1204 1973 1328 2001 ἐνυπνίου
1351 1971 1455 2006 κρίσις;
1480 1967 1584 1995 Οὐκοῦν
1597 1965 1660 1993 ἄλλο
1682 1974 1708 1991 τι
1727 1965 1821 1995 ταῦτα,
1839 1963 1885 1989 καὶ

1099 2006 1158 2056 οὐχὶ
1176 2019 1247 2047 κατὰ
1262 2018 1310 2050 τὰς
1332 2015 1423 2046 κοινὰς
1438 2011 1588 2048 φαντασίας
1609 2008 1760 2044 λογίζεσθαι
1774 2007 1835 2042 χρή.
1852 2006 1885 2032 Ὶι

1099 2052 1263 2100 δὲ’-συνήθης
1287 2063 1358 2096 αὕτη
1376 2060 1430 2087 τῶν
1453 2057 1564 2093 ὀνείρων
1587 2055 1647 2090 ὄψις
1674 2053 1751 2088 κοινὴ
1777 2052 1886 2078 πάντων

1100 2113 1174 2145 ἐστὶ,
1189 2109 1364 2146 πολυτρόπως
1391 2107 1438 2133 καὶ
1469 2102 1615 2134 πολυειδῶς
1640 2102 1701 2132 ⁴ταῖς
1727 2097 1885 2134 φαντασίαις

1101 2143 1325 2194 ἐγγινλομένηξἮ
1340 2153 1394 2189 γὰρ
1414 2151 1581 2187 παραμένει,
1597 2147 1687 2178 καθὼς
1708 2145 1812 2182 εἴρηται
1825 2165 1832 2175 ,
1847 2143 1887 2178 τῷ

1105 2189 1263 2242 μνημονικῶ
1286 2201 1336 2235 τῆς
1349 2199 1437 2234 ψυχῆς
1452 2197 1504 2223 τῶν
1535 2192 1724 2231 μεθημερινῶν
1748 2189 1889 2224 ἐπιτηδευ-

1106 2233 1198 2286 μάτων
1212 2233 1435 2281 τὰἰὰπηχήνματα
1453 2250 1460 2258 ·
1475 2241 1492 2276 ἢ
1519 2240 1649 2269 πολλάκις
1674 2237 1722 2264 καὶ
1747 2235 1816 2271 πρὸς
1841 2233 1888 2264 τὰς

1105 2297 1184 2328 ποιὰς
1198 2295 1244 2322 τοῦ
1261 2293 1385 2328 σώματος
1403 2288 1562 2322 διαθέσειςή
1577 2285 1630 2311 τῶν
1649 2283 1780 2310 ἐνυπνίων
1804 2280 1890 2308 κατά-

1107 2326 1199 2372 στασις
1211 2326 1405 2366 ὰιιατυποῦται.
1422 2333 1500 2361 Οὕτω
1513 2332 1568 2367 γὰρ
1583 2332 1596 2357 6
1611 2329 1728 2365 διψώδης
1745 2329 1773 2354 ἐν
1790 2326 1891 2361 πηγαῖς

1106 2385 1176 2414 εἶναι
1190 2386 1272 2415 δοκεῖ,
1287 2383 1334 2410 καὶ
1354 2383 1381 2407 ἐν
1397 2379 1522 2414 εὐωχίαις
1539 2379 1553 2404 6
1567 2376 1669 2412 τροφῆς
1684 2372 1890 2409 προσδεόμενος,

1108 2433 1154 2459 καὶ
1167 2432 1181 2457 6
1196 2431 1265 2462 νέος,
1283 2426 1441 2462 σφριγὼσης
1453 2423 1525 2458 αὐτῷ
1540 2422 1588 2457 τῆς
1602 2419 1719 2456 ἡλικίας,
1734 2416 1891 2450 καταλλήλῳ

1107 2477 1146 2512 τῷ
1171 2476 1251 2503 πάθει
1278 2471 1481 2508 φαντασιοῦται.
1501 2469 1605 2502 Ἔγνων
1623 2465 1650 2492 δὲ
1671 2465 1717 2491 καὶ
1740 2463 1822 2497 ἀλλην
1838 2460 1893 2494 ἐγὼ

1108 2523 1162 2550 τῶν
1181 2521 1240 2548 καθ“
1260 2519 1344 2545 ὕπνου
1366 2516 1518 2551 γενομένων
1537 2514 1641 2543 αἰτίαν,
1659 2509 1816 2546 Θεραπεὺων
1834 2507 1893 2533 τινὰ

1109 2569 1163 2595 τῶν
1186 2565 1344 2599 ἐπιτηδείων
1361 2563 1498 2590 ἑαλωκότα
1517 2558 1661 2596 φρενίτιδι,
1682 2556 1710 2587 ὃς
1731 2554 1895 2590 βαρούμενος

1110 2616 1142 2650 τῇ
1154 2614 1240 2648 τροφῇ
1254 2610 1353 2638 πλείονι
1366 2609 1414 2643 τῆς
1429 2607 1569 2642 δυνάμεως
1579 2603 1660 2631 αὐτοῦ
1672 2598 1895 2637 προσενεχθείσῃ,

1111 2644 1194 2692 ἐθόα,
1210 2644 1278 2689 τοὺς
1309 2654 1492 2691 περιεστῶτας
1518 2650 1710 2687 μεμφόμενος,
1734 2647 1774 2674 ὅτι
1802 2644 1894 2678 ἔντερα

1113 2706 1214 2733 κόπρου
1231 2701 1424 2738 πληρώσαντες
1441 2697 1496 2725 εἷεν
1508 2695 1708 2726 ἐπιτεθεικότες
1723 2690 1807 2726 αὐτῷ.
