1976 3077
147 87 198 116 175

772 82 816 110 DE
839 82 979 110 llObllNlS
997 81 1155 110 OPIFICIO.

1727 80 1777 108 174

147 144 210 171 dam
231 142 400 170 laborantem
421 149 453 168 ex
478 141 631 176 phrenitide
654 146 789 168 Curarem.
807 141 876 168 Cibo
893 140 966 167 enim
987 139 1115 174 largiore,
1137 146 1218 174 quam
1234 139 1320 174 ipsius
1344 139 1447 166 viribus
1464 139 1630 170 conveniret,
1647 142 1778 177 gravatus

146 190 297 222 clamabat,
315 193 343 216 et
359 192 482 216 astantes
497 188 668 224 objurgabat,
683 187 860 222 quamobrem
874 187 1003 215 intestina
1020 193 1100 214 emno
1119 186 1221 221 repleta
1237 186 1289 214 sibi
1309 186 1513 221 imposuissent.

182 246 236 273 Καὶ
250 245 299 281 ήδη
330 245 376 271 τοῦ
390 244 515 280 σώματος
538 244 610 280 αὑτῷ
640 244 709 279 πρὸς
732 243 831 279 ἱδρῶτα
856 242 938 269 σπεύ-

1025 243 1149 277 Cumque
1166 242 1222 277 jam
1238 249 1337 276 corpus
1350 241 1466 277 quodam
1482 249 1544 268 eum
1570 242 1670 276 impetu
1692 242 1777 270 sudo—

145 293 247 323 δοντος.
272 292 368 327 ᾐτιᾶτο
391 291 454 322 τοὺς
478 291 615 325 παρόντας
638 290 710 325 ὕδωρ
735 289 806 325 ἔχειν
828 290 940 324 ἡτοιμα-

150 338 259 373 σμένον,
271 338 313 371 ἐφ’
325 334 347 371 ᾧ
360 346 389 363 τε
401 335 567 371 καταϐρέξαι
585 336 720 370 κείμενον,
734 336 780 361 καὶ
793 336 843 362 οὐκ
859 334 940 361 ἐνεδί-

146 384 193 410 δου
207 383 285 418 βοῶν,
294 383 347 413 ἓως
359 383 375 418 ή
387 382 498 412 ἔκϐασις
507 381 560 407 τῶν
569 381 695 406 τοιούτων
707 380 836 416 μέμψεων
844 379 892 411 τὰς
899 381 941 406 αἰ-

149 429 208 460 τίας
215 430 396 464 ἡρμήνευσεν,
411 427 530 462 Ἀορὸως
538 426 592 462 γὰρ
602 426 681 461 ἱδρώς
690 435 718 452 τε
729 426 812 456 πολὺς
820 425 940 461 ὲπερῤύη

149 474 188 509 τῷ
197 474 315 508 σώματι,
324 473 371 499 καὶ
382 473 398 508 ἡ
411 472 516 507 γαστὴρ
531 471 717 505 ὑποφοαρεῖσα
727 472 774 507 τὴν
789 472 817 498 ὲν
833 473 889 503 τοῖς
899 472 941 497 ὲν-

150 520 241 554 τέροις
257 519 397 553 βαρύτητα
411 518 584 552 διεσήμαινεν.
601 518 689 553 Ὅπερ
705 518 805 549 τοίνυν,
823 517 943 552 ἀμϐλυν-

152 564 244 600 θείσης
269 564 320 590 ὑπὸ
339 564 388 598 τῆς
404 563 481 590 νόσου
502 563 550 597 τῆς
566 563 682 598 wild/5mg.
698 562 816 598 ἔπασχεν
830 563 846 598 ἡ
863 562 942 596 φύσις

153 611 376 646 συνδιατιθεμένη
404 611 444 646 τῷ
471 610 551 637 πάθει
576 610 622 637 τοῦ
656 603 789 645 σώματος,
817 609 864 636 τοῦ
895 610 942 643 μὲν

150 657 291 692 ὀχλοῦντος
311 658 360 683 οὐκ
387 656 559 691 ἀναισθήτως
574 656 683 691 ἔχουσα,
694 656 858 690 διασαςρῆναι
872 655 900 682 δὲ
912 656 943 682 τὸ

152 703 253 729 λυποῦν
276 702 408 738 ἐναργῶς,
424 702 468 728 διὰ
492 701 541 736 τὴν
557 703 588 728 ὲκ
610 702 660 737 τῆς
679 702 757 728 νόσου
770 702 942 738 παραφορὰν,

152 750 201 775 οὐκ
228 748 371 784 ἰσχύουσα·
395 748 474 774 τοῦτο
490 748 561 774 κατὰ
579 747 609 774 τὸ
629 748 712 780 εἰκὸς,
728 749 751 774 εξ
766 748 803 784 μὴ
818 748 846 781 ἐξ
857 749 943 784 ἀρρω-

154 795 239 826 στίας,
260 794 327 820 ἀλλὰ
340 793 378 829 τῷ
391 794 461 820 κατὰ
475 793 555 828 φύσιν
571 793 647 829 ὕπνῳ
663 793 693 820 τὸ
708 794 878 830 διανοητικὸν
894 795 943 830 τῆς

156 839 245 874 ψυχῆς
268 838 454 874 κατηυνάσῡη,
468 839 592 865 ἐνύπνιον
609 839 640 865 ἂν
667 839 705 874 τῷ
731 839 817 871 οὕτως
843 839 944 866 διακει-

155 886 226 921 μένῳ
249 885 363 919 ἐγίνετο,
382 885 458 912 ὕδατι
476 885 525 921 μὲν
548 885 597 920 τῆς
610 884 656 911 τοῦ
675 885 785 920 ἱδρῶτος
801 885 942 920 ἐπιρροῆς,

991 296 1047 316 rem
1062 295 1255 323 expressurum
1270 291 1338 318 erat,
1351 287 1497 314 accusabat
1508 295 1556 315 eos
1572 287 1618 322 qui
1638 287 1777 321 adessent,

992 333 1070 368 quasi
1084 340 1181 368 aquam
1205 333 1237 360 ad
1255 340 1352 359 manus
1367 332 1511 365 haberent,
1538 340 1592 367 qua
1618 333 1707 368 ipsum
1735 333 1778 369 ja-

991 384 1098 407 centem
1131 382 1331 414 respergerent.
1357 378 1520 413 llujusmodi
1551 379 1685 408 clamores
1720 387 1776 408 non

993 425 1202 456 intermittebat,
1219 423 1306 450 donec
1320 428 1435 451 eventus
1450 424 1520 458 ipse,
1536 431 1598 458 qua:
1616 424 1712 451 harum
1736 425 1780 452 in-

992 471 1181 505 crepationum
1213 477 1302 497 causa:
1327 473 1430 501 essent,
1457 469 1617 496 declararet.
1641 470 1778 498 Continuo

993 517 1065 544 enim
1082 516 1168 544 sudor
1184 516 1313 550 copiosus
1324 523 1339 542 e
1356 523 1471 549 corpore
1487 516 1624 544 manabat.
1642 520 1669 543 et
1686 520 1779 544 venter

996 561 1104 588 solutus
1126 561 1199 596 quod
1225 561 1315 588 isthue
1352 565 1427 588 esset
1452 561 1478 587 in
1507 561 1648 589 intestinis
1673 566 1780 596 pondus

997 606 1182 641 signiﬁcabat.
1200 606 1278 639 Quod
1298 606 1380 641 igitur
1397 606 1497 632 accidit
1514 606 1646 634 hebetata:
1662 615 1711 642 per
1725 608 1779 634 vim

994 653 1082 680 morbi
1102 657 1216 684 naturae,
1233 660 1292 687 quae
1304 653 1398 679 morbo
1415 652 1540 687 corporis
1556 652 1734 686 adiciebatur,
1751 659 1781 681 ut

994 699 1059 734 quid
1086 706 1169 734 grave
1189 699 1388 733 molestumque
1411 699 1463 726 sibi
1483 703 1568 730 esset,
1591 706 1646 726 non
1668 699 1781 727 omnino

994 745 1143 781 ignoraret,
1170 744 1292 771 indicare
1319 748 1410 771 tamen
1438 752 1486 779 per
1514 749 1602 771 ortam
1624 751 1657 772 ex
1684 745 1780 773 morbo

992 787 1184 816 delirationem
1202 787 1273 814 unde
1296 782 1451 819 laederetur.
1469 788 1615 823 perspicue
1631 796 1687 816 non
1708 786 1784 817 vale-

994 838 1050 862 ret:
1059 835 1085 862 id
1099 837 1313 862 consentaneum
1325 838 1378 866 est,
1398 835 1421 862 si
1434 835 1505 862 forte
1516 843 1570 863 non
1583 843 1616 863 ex
1626 836 1783 863 invalitudi-

995 888 1038 912 ne,
1062 880 1109 907 sed
1129 880 1248 907 naturali
1264 887 1362 907 somno
1381 881 1537 916 intelligens
1562 882 1646 909 animi
1664 882 1781 910 facultas

153 932 269 967 ἐντέρων
292 932 320 958 δὲ
335 931 412 967 βαρει
432 931 482 966 τῆς
505 931 575 958 κατὰ
599 931 648 966 τὴν
666 931 768 967 τροφὴν
795 931 942 966 ἀχἾηδόνος

1001 926 1082 960 ;opita
1095 925 1234 957 fuissel,in
1253 926 1363 953 homine
1379 926 1419 953 sie
1434 926 1531 954 allecto
1543 928 1680 955 somnium
1694 929 1782 964 quod-

156 977 368 1013 σημαινομένης.
384 975 469 1004 Τοῦτο
492 978 539 1004 καὶ
552 977 659 1008 πολλοῖς
677 977 731 1004 τῶν
746 977 795 1013 τὴν
819 977 945 1013 ἰατρικὴν

156 1023 378 1058 πεπαιδευμένων
402 1024 485 1055 δοκεῖ,
509 1023 583 1059 παρὰ
612 1024 661 1056 τὰς
690 1023 745 1050 τῶν
772 1023 945 1058 παθημάτων

155 1069 349 1103 ὂιαφορὰςμαὶ
365 1069 414 1099 τὰς
430 1069 482 1094 τῶν
498 1069 632 1095 ἐνυπνίων
650 1068 725 1103 ὄψεις
740 1069 795 1100 τοῖς
811 1068 945 1101 κάμνουσι

156 1113 297 1148 γίνεσθαι·
315 1113 398 1145 ἄλλας
425 1116 473 1149 μὶν
496 1114 550 1140 τῶν
571 1113 787 1149 στομαχοῦντων,
801 1113 898 1148 ἑτέρας
917 1113 946 1140 δὲ

156 1161 210 1186 τῶν
226 1160 427 1195 κεκακωμένων
451 1160 499 1191 τὰς
523 1161 668 1195 μήνιγγας.
687 1160 735 1186 καὶ
751 1159 805 1186 τῶν
819 1161 848 1186 ὲν
862 1168 946 1194 πυρε-

155 1207 212 1237 τοῖς
232 1207 312 1233 πάλιν
333 1206 439 1240 ἑτέρας,
456 1205 509 1232 τῶν
531 1215 560 1232 τε
589 1205 659 1232 κατὰ
674 1205 764 1241 χολὴν,
783 1206 829 1232 καὶ
852 1205 904 1231 τῶν
917 1206 946 1231 ἐν

157 1252 293 1287 φλέγματι
306 1252 485 1287 κακουμένων
507 1251 536 1278 οὐ
557 1251 606 1283 τὰς
623 1251 722 1282 αὑτὰς,
746 1249 860 1277 καὶτῶν
879 1250 947 1285 πλη-

158 1297 291 1332 Θωρικῶν,
304 1297 351 1324 καὶ
362 1297 415 1323 τῶν
430 1296 615 1332 ἔκτετηκότων
634 1296 714 1323 πάλιν
738 1295 830 1328 ἄλλας.
854 1295 898 1327 Ἐξ
910 1292 947 1321 ὧν

157 1343 230 1370 ἔστιν
245 1343 316 1373 ἰδεῖν,
330 1343 370 1369 ὅτι
390 1343 406 1378 ἡ
424 1342 556 1378 Θρεπτική
573 1350 603 1368 τε
622 1343 667 1368 καὶ
682 1341 815 1377 αὐξητικὴ
833 1341 948 1376 δύναμις

158 1389 206 1424 τῆς
222 1389 310 1424 ψυχῆς
321 1388 370 1424 ἔχῃ
387 1398 413 1415 τι
432 1389 478 1414 καὶ
492 1388 538 1414 τοῦ
554 1387 648 1424 νοεροῦ
669 1387 948 1423 συγκατεσπαρμένον

158 1435 226 1469 αὐτῇ
242 1434 286 1461 διὰ
311 1434 360 1468 τῆς
376 1434 570 1469 ἀνακράσεως,
588 1433 602 1459 ὃ
616 1434 648 1468 τῇ
673 1434 739 1469 ποιᾷ
764 1433 882 1460 διαθέσει
901 1432 947 1460 τοῦ

160 1478 285 1513 σώματος
301 1479 400 1514 τρόπον
423 1479 484 1505 τινὰ
504 1478 685 1514 ἐξομοιοῦται,
702 1479 749 1505 καὶ
776 1479 806 1505 τὸ
831 1479 948 1514 ἐπικρα-

158 1523 222 1550 τοῦν
235 1523 320 1555 πάθος
343 1525 402 1556 ταῖς
427 1524 585 1559 φαντασίαις
614 1524 863 1560 μεθαρμοζόμενον.
887 1524 948 1550 Ἔτι

158 1570 187 1596 δὲ
210 1570 255 1596 καὶ
279 1570 346 1606 προς
367 1570 416 1602 τὰς
438 1570 492 1596 τῶν
516 1570 588 1605 ὴθῶν
608 1570 789 1602 καταστάσεις
813 1571 947 1598 τυποῦται

159 1615 265 1647 πολλοῖς
278 1615 311 1641 τὰ
325 1615 448 1642 ἐνύπνια,
458 1615 541 1642 ’Ἁλλα
553 1615 600 1641 τοῦ
615 1616 748 1651 ἀνδρείου,
758 1616 804 1642 καὶ
820 1615 887 1643 ἄλλα
901 1615 948 1642 τοῦ
961 1602 984 1630 C

159 1661 245 1687 δειλοῦ
257 1661 290 1687 τὰ
307 1661 488 1696 φαντάσματα
501 1670 507 1675 -
526 1661 599 1688 ἄλλοι
614 1661 660 1687 τοῦ
675 1662 825 1688 ἀκολάστου
837 1661 948 1696 ὄνειροι,

160 1707 207 1733 καὶ
222 1707 296 1734 ἄλλοι
319 1707 366 1734 τοῦ
389 1707 539 1742 σώφρονος·
552 1708 580 1733 ἐν
604 1707 707 1743 ἑτέροις
723 1707 736 1733 ὁ
756 1707 929 1741 μεταδοτικὸς
941 1727 947 1737 ι

161 1753 207 1780 καὶ
232 1754 260 1780 ὲν
289 1752 394 1788 ἑτέροις
413 1752 608 1787 φαντασιοῦται
629 1754 642 1779 ὁ
661 1752 812 1787 ἄπληστος,
830 1751 948 1792 οὐδαμου

161 1799 210 1833 τῆς
226 1798 344 1830 διανοίας
354 1819 362 1830 ,
379 1798 447 1825 ἀλλὰ
464 1798 513 1832 τῆς
533 1797 706 1832 ἁλογωτέρας
720 1797 864 1830 διαθέσεως
875 1799 902 1824 ἐν
915 1799 948 1833 τῇ

160 1845 233 1880 ψυχῇ
252 1844 300 1874 τὰς
313 1844 441 1875 τοιαύτας
456 1844 606 1878 φαντασίας
618 1843 818 1878 ἀνατυπούσης.
829 1842 869 1875 οἷς
885 1853 950 1878 προ-

162 1890 266 1926 ειοίσθη
281 1889 325 1916 διὰ
342 1890 392 1923 τῆς
408 1889 467 1915 καθ’
485 1889 560 1923 ὕπαρ
578 1889 702 1924 μελέτης,
727 1888 829 1916 τούτων
845 1889 893 1920 τὰς
912 1890 951 1915 εὶ-

163 1935 243 1966 κόνας
259 1935 306 1962 καὶ
323 1936 351 1961 ὲν
366 1936 420 1966 τοῖς
437 1935 573 1965 ἐνυπνίοις
592 1934 825 1969 ἀναπλαττούσης.

995 971 1057 998 dam
1080 971 1201 998 futurum
1226 971 1322 1005 fuisse,
1346 971 1373 999 in
1393 980 1448 1008 quo
1477 981 1526 1008 per
1547 981 1645 1009 aquam
1673 975 1783 1003 sudoris

995 1016 1090 1048 ﬂuxio,
1112 1024 1161 1051 per
1177 1017 1370 1044 intestinorum
1382 1018 1490 1053 pondus
1506 1019 1559 1046 cibi
1576 1025 1649 1048 esset
1663 1021 1783 1056 gravitas

997 1063 1162 1097 signiﬁcata.
1182 1063 1255 1090 Idem
1275 1064 1399 1099 plerique
1414 1065 1511 1093 medici
1528 1071 1662 1099 statuunt,
1678 1068 1723 1102 qui
1740 1075 1784 1096 se-

997 1108 1115 1135 cundum
1141 1109 1298 1136 morborum
1323 1109 1483 1137 discrimina
1508 1112 1678 1140 somniorum
1699 1113 1782 1141 etiam

997 1154 1103 1188 species
1125 1154 1248 1182 diversas
1272 1155 1351 1190 aegris
1370 1156 1495 1183 accidere
1517 1156 1652 1184 atlirmant
1679 1165 1687 1184 :
1715 1159 1783 1187 alias

997 1200 1128 1226 nimirum
1149 1200 1182 1227 iis
1202 1201 1248 1235 qui
1267 1202 1402 1228 stomachi
1423 1202 1491 1229 vitio
1509 1202 1645 1236 laborent,
1664 1203 1734 1232 alias
1752 1205 1784 1232 iis

997 1246 1097 1280 quibus
1119 1246 1224 1273 cerebri
1247 1247 1412 1274 membranze
1437 1247 1490 1274 sint
1517 1248 1597 1281 liesaa,
1623 1250 1689 1278 alias
1716 1250 1784 1278 febri

999 1291 1150 1326 correptis,
1184 1292 1253 1319 alias
1278 1292 1311 1319 iis
1333 1293 1432 1327 quibus
1458 1293 1562 1321 nimius
1586 1294 1649 1322 bilis
1676 1295 1784 1330 humor,

999 1337 1066 1363 alias
1083 1337 1182 1371 quibus
1197 1337 1292 1370 pituita
1309 1338 1344 1365 sit
1362 1338 1474 1365 molesta
1489 1347 1496 1365 :
1512 1338 1628 1374 denique
1644 1341 1696 1368 alia
1713 1349 1786 1369 som-

999 1382 1105 1409 niorum
1126 1383 1184 1410 visa
1208 1383 1282 1411 succi
1301 1384 1388 1419 plenis
1403 1386 1576 1423 corporibus,
1595 1387 1647 1414 alia
1666 1395 1787 1417 marces-

999 1428 1124 1455 centihns
1152 1428 1247 1462 objici.
1280 1428 1316 1456 De
1343 1430 1444 1464 quibus
1466 1432 1594 1460 omnibus
1614 1433 1706 1461 videre
1732 1439 1785 1465 est.

999 1476 1164 1503 nutrientem
1184 1480 1446 1512 acerescentemque
1465 1477 1619 1506 facultatem
1636 1479 1719 1507 animi
1732 1489 1786 1508 non

1000 1521 1068 1548 nihil
1083 1522 1164 1548 etiam
1191 1522 1225 1549 de
1251 1522 1280 1549 Vi
1309 1522 1477 1558 iuteliigente
1501 1524 1552 1551 sibi
1579 1525 1735 1560 inspersum
1752 1534 1787 1554 ex

1001 1571 1184 1603 temperatura
1199 1572 1293 1595 mutua
1309 1569 1460 1601 continere,
1485 1571 1557 1605 quod
1583 1572 1706 1606 corp0ris
1727 1572 1790 1600 alie-

1002 1615 1086 1642 ctioni
1100 1616 1216 1651 quodam
1228 1616 1309 1644 modo
1319 1617 1463 1644 consimile
1475 1617 1615 1650 reddatur,
1625 1623 1651 1646 et
1665 1620 1788 1648 diversas

1003 1660 1216 1696 imaginationes
1231 1666 1381 1689 nocturnas
1396 1670 1445 1697 pro
1461 1664 1547 1690 morbi
1559 1663 1718 1692 diversitate
1732 1665 1789 1693 eth-

1004 1706 1070 1732 ciat.
1100 1707 1148 1733 Est
1173 1711 1200 1733 et
1225 1707 1297 1734 aliud
1321 1707 1491 1735 somniorum
1522 1709 1658 1742 quoddam
1687 1718 1788 1744 genus,

1001 1751 1074 1786 quod
1106 1759 1155 1785 pro
1183 1759 1289 1778 morum
1321 1752 1455 1786 cujusque
1485 1752 1615 1780 varietate
1645 1753 1788 1781 formatur.

1004 1796 1074 1823 Sunt
1092 1796 1163 1823 enim
1180 1797 1238 1823 alim
1258 1797 1376 1825 hominis
1397 1796 1485 1830 fortis,
1506 1797 1564 1824 alia:
1587 1798 1672 1825 timidi
1693 1800 1790 1835 imagi-

1003 1843 1126 1869 nationes
1146 1848 1285 1870 nocturnae
1307 1852 1313 1869 :
1332 1843 1383 1870 alia
1404 1844 1595 1878 temperantis.
1617 1844 1723 1880 aliaque
1746 1846 1790 1872 iu-

1003 1888 1179 1922 temperantis
1194 1889 1316 1922 somnia;
1340 1889 1392 1916 alia
1415 1889 1517 1916 homini
1539 1890 1651 1917 avaritia
1669 1891 1790 1926 inexple-

1004 1933 1066 1965 bili,
1085 1934 1137 1960 alia
1158 1935 1261 1961 liberali
1285 1943 1332 1969 per
1353 1943 1479 1962 somnum
1503 1936 1680 1971 objiciuntur.
1702 1937 1790 1972 Atque

164 1982 221 2008 visa
238 1981 295 2008 haec
310 1989 480 2016 nequaquam
499 1989 586 2014 mens,
604 1981 651 2009 sed
668 1990 766 2017 expers
781 1983 825 2009 illa
841 1982 955 2009 rationis
974 1982 1000 2008 in
1016 1982 1105 2008 anima
1116 1982 1221 2009 afi‘cttio
1238 1982 1374 2010 informat.
1395 1982 1460 2011 Nam
1476 1984 1576 2018 quibus
1591 1985 1652 2020 quis
1670 1985 1791 2014 aSsuevit

163 2027 262 2054 diurno
279 2028 379 2060 studio,
401 2035 494 2054 eorum
517 2028 543 2054 in
565 2029 668 2055 somnis
687 2028 768 2055 etiam
791 2029 937 2056 simulacra
962 2028 1046 2063 ﬁngit.

425 2099 620 2125 ΚΕΦΑΛΑΙΟΝ
645 2099 693 2126 ΙΔ¹.

165 2144 228 2184 "OEL
241 2144 295 2184 ρὺπ
309 2144 343 2170 ἐν
354 2144 436 2184 μέρει
450 2145 502 2172 τοῦ
517 2144 651 2184 σώματος
671 2146 686 2171 ό
706 2144 788 2184 νοῦς.
806 2145 853 2171 Ἐν
861 2140 889 2183 εἶ]
902 2144 949 2170 καὶ

199 2179 346 2220 διάκρισις
367 2178 426 2205 τῶν
441 2188 472 2205 τε
495 2179 671 2214 σωματικῶν
691 2180 737 2206 καὶ
759 2178 896 2213 ψυχικῶν
913 2188 952 2205 κι-
969 2194 990 2220 D

199 2214 346 2248 νημάτων.

209 2270 287 2296 ’Λλλὰ
320 2270 387 2296 πολὺ
415 2271 468 2296 τῶν
495 2271 680 2306 προκειμένοιν
710 2270 952 2306 ἀπεπλανήοημεν.

166 2316 254 2348 Δεῖεαι
270 2316 324 2351 γὰρ
344 2317 410 2352 ἡμῖν
425 2317 438 2342 ὁ
449 2315 527 2350 λόγος
545 2316 673 2351 προέθετο
688 2316 728 2349 τὺ,
753 2316 789 2351 μὴ
808 2316 884 2351 μέρει
900 2316 954 2342 τινὶ

166 2360 213 2387 τοῦ
234 2360 358 2395 σώματος
374 2360 524 2387 ἐνδεδέσθαι
538 2362 582 2387 τον
595 2362 656 2388 νοῦν
671 2370 677 2376 ·
692 2361 759 2388 ἀλλὰ
772 2361 872 2393 παντὸς
884 2361 953 2388 κατὰ

167 2406 197 2432 τὸ
213 2405 268 2432 ἴσον
285 2407 452 2441 ἐφάπτεσθαι
465 2428 473 2441 ,
489 2408 662 2443 καταλλήλως
681 2409 713 2443 τῇ
730 2408 809 2442 φύσει
825 2407 871 2434 τοῦ
886 2407 954 2433 ὐπο-

168 2452 292 2486 κεεμένου
312 2452 410 2488 μέρους
432 2453 593 2489 ἐνεργοῦντα
620 2453 669 2488 τὴν
697 2454 813 2489 κίνησιν.
829 2453 906 2479 ’Ἐστι
927 2453 955 2478 δὲ

167 2498 233 2523 ὅπου
256 2498 302 2524 καὶ
319 2498 496 2525 ἐπακολουθεῖ
515 2501 573 2530 ταῖς
589 2500 717 2533 φυσικαῖς
738 2500 835 2534 ὁρμαῖς
847 2499 861 2525 ὁ
882 2498 953 2531 νοῦς,

168 2539 223 2570 οἷον
242 2544 382 2579 ὑπηρέτης
402 2545 555 2580 γενόμενος.
574 2545 741 2580 Καοηγεῑται
755 2545 810 2581 γὰρ
826 2545 956 2577 πολλάκις

170 2588 244 2624 ἡτοῧ
265 2589 389 2624 σώματος
412 2591 502 2624 εςὺσις,
521 2591 567 2617 καὶ
590 2591 636 2617 τοῦ
663 2591 809 2622 λυποῦντος
831 2591 955 2626 αἴσθησιν

171 2635 318 2667 ἐντιθεῖσα,
341 2635 387 2661 καὶ
411 2635 456 2662 τοῦ
486 2636 676 2671 εὐφραίνοντος
701 2636 864 2671 ἐπιθυμίαν,
886 2635 956 2662 ὥστε

170 2680 270 2715 ταύτην
284 2681 332 2714 μὲν
351 2681 400 2712 τὰς
415 2681 523 2717 πρώτας
540 2681 669 2717 παρέχειν
684 2682 780 2717 ἀρχὰς,
794 2682 811 2717 ἢ
828 2681 957 2717 βρώσεως

170 2725 310 2761 ὅρεξιν.ἦ
332 2735 403 2758 τινος
429 2727 496 2759 ὅλως
520 2727 652 2754 τῶνκαθ’
677 2727 771 2763 ἡδονὴν
798 2727 846 2763 τὴν
869 2727 957 2762 ὁρμὴν

171 2772 346 2808 ἐμποιοῦσαν,
360 2773 404 2799 τῗιν
425 2774 452 2800 δὲ
474 2774 535 2801 νοῦν
559 2774 733 2810 ἐκδεχόμενον
753 2775 802 2806 τὰς
830 2774 958 2806 τοιαύτας

172 2818 269 2854 ὁρμὰς,
280 2820 340 2850 ταῖς
361 2819 474 2851 οἰκείαις
495 2819 644 2855 περινοίαις
664 2819 712 2851 τὰς
734 2820 800 2854 προς
815 2820 844 2845 τὸ
859 2819 958 2845 ποθού-

1294 2098 1408 2126 CAPUT
1432 2098 1502 2126 XIV.

1007 2143 1118 2171 Mentem
1133 2149 1203 2171 certa
1214 2145 1327 2179 quadam
1352 2146 1378 2171 in
1389 2146 1505 2178 corporis
1517 2151 1592 2178 parte
1603 2155 1654 2173 non
1669 2148 1790 2179 existere.

1041 2179 1205 2206 declnrutum
1221 2188 1230 2206 .'
1242 2185 1369 2210 pru'terea
1383 2180 1503 2214 corporis
1518 2185 1543 2206 et
1567 2182 1650 2208 auirm‘
1673 2187 1790 2209 motuum

1040 2215 1181 2241 discrimen
1197 2216 1356 2250 expositum.

1042 2269 1139 2297 Verum
1156 2271 1294 2298 enimvero
1319 2272 1397 2306 longe
1425 2272 1459 2298 ab
1480 2279 1522 2305 eo,
1552 2280 1606 2307 quo
1625 2273 1659 2300 de
1677 2274 1719 2309 agi
1735 2282 1792 2301 coc-

1005 2319 1081 2350 ptum
1107 2320 1176 2348 erat,
1210 2317 1326 2352 digressi
1352 2325 1458 2346 sumus.
1485 2317 1695 2347 lnstitueramus
1718 2320 1790 2347 enim

1005 2363 1202 2395 demonstrare,
1221 2368 1337 2390 mentem
1358 2364 1429 2399 parti
1453 2364 1578 2400 corporis
1592 2364 1673 2391 alicui
1694 2365 1789 2400 alliga-

1006 2414 1095 2443 gatam
1111 2416 1162 2435 non
1180 2417 1241 2436 esse
1255 2418 1261 2436 :
1277 2409 1324 2437 sed
1344 2417 1405 2436 cum
1431 2414 1491 2437 toto
1515 2411 1573 2446 pari
1596 2410 1703 2438 ratione
1726 2418 1793 2438 con-

1003 2454 1092 2489 jungi,
1104 2454 1262 2482 eﬂicicntem
1279 2461 1381 2482 motum
1394 2456 1420 2482 in
1438 2456 1567 2483 membris
1580 2457 1665 2491 p'urtis
1681 2457 1793 2491 cujusli-

1006 2499 1052 2526 bet
1080 2504 1184 2527 naturu:
1212 2506 1436 2528 consentaneum.
1470 2500 1512 2527 Fit
1540 2505 1630 2528 autem
1655 2501 1792 2528 interdum

1007 2544 1100 2576 etiam,
1118 2549 1147 2571 ut
1165 2553 1240 2572 mens
1259 2549 1388 2580 tanquam
1405 2545 1541 2577 minister,
1558 2551 1664 2574 natura:
1678 2547 1795 2574 libidini-

1007 2590 1057 2617 bus
1073 2590 1248 2625 obtemperet.
1270 2590 1346 2625 Siepe
1362 2591 1434 2618 enim
1450 2591 1575 2626 corporis
1595 2596 1694 2619 natura
1716 2592 1794 2619 ducis

1007 2635 1127 2664 ofﬁcium
1144 2640 1267 2671 usurpat,
1288 2637 1324 2664 ita
1337 2641 1365 2664 ut
1384 2641 1411 2665 et
1427 2638 1551 2666 nocentis
1566 2638 1604 2666 rei
1627 2645 1750 2669 sensum.
1769 2642 1796 2664 et

1005 2681 1132 2716 jucunda:
1144 2690 1175 2709 ae
1191 2686 1274 2717 gratae
1284 2683 1448 2711 desiderium
1460 2683 1570 2711 excitet.
1580 2683 1710 2718 Adeoque
1725 2683 1753 2709 tit
1766 2687 1796 2709 ut

1007 2727 1165 2762 expetendis
1178 2728 1259 2766 rebus
1272 2731 1443 2757 occasionem
1456 2737 1553 2765 corpus
1568 2728 1695 2764 praebeat,
1712 2735 1745 2756 ac
1754 2729 1795 2756 vel

1009 2773 1061 2800 cibi
1080 2773 1121 2800 γει
1144 2773 1293 2808 voluptatis
1311 2775 1427 2810 alicujus
1450 2775 1590 2802 libidinem
1608 2773 1687 2801 nobis
1703 2774 1794 2809 indat;

1009 2826 1086 2847 mens
1102 2824 1191 2847 autent
1213 2818 1370 2853 hujusmodi
1385 2820 1548 2855 cupiditates
1566 2818 1711 2852 excipiens,
1735 2827 1793 2847 om-
