1976 3077
207 81 257 108 175

843 78 870 105 S.
889 77 1050 105 GltEGOllll
1071 76 1217 105 NYSSENI

1784 75 1835 102 176

207 146 255 167 nes
281 136 400 166 rationes
419 140 446 164 et
466 135 582 162 consilia
602 134 711 169 corpori
735 134 934 167 accommodet,
960 138 989 162 ut

1043 141 1124 169 μενον
1151 134 1279 170 ἀφορμὰς
1311 134 1513 170 συνεκπορίζειν
1537 132 1577 169 τῷ
1597 131 1716 168 σώματι.
1743 132 1781 159 To
1805 132 1834 160 δὲ

207 184 344 212 industria
367 191 416 211 sua
441 181 513 217 quod
537 181 676 215 expetitur
701 180 831 208 inveniat.
857 179 917 208 Non
941 180 994 208 hoc

206 230 276 266 apud
291 237 386 257 omnes
400 228 526 256 homines
543 228 632 254 locum
645 226 745 254 habet:
757 226 804 253 sed
819 226 928 253 illorum
940 229 992 258 est,

205 277 252 310 qui
267 283 282 302 a
298 279 397 302 natura
420 272 566 308 mancipiis
587 279 670 306 quam
692 271 825 299 simillimi
842 271 989 302 exsistunt,

205 323 244 350 llli
268 322 352 353 enini,
378 328 440 349 cum
462 324 567 347 natura:
592 318 751 346 libidinibus
777 318 910 345 rationem
933 321 993 344 tan-

204 375 287 402 quam
307 375 364 395 rem
389 366 508 401 mancipi
535 365 671 393 addictam
700 363 866 398 subjiciam,
892 363 993 391 mentis

204 413 310 441 scilicet
328 419 412 447 opera
436 412 464 438 in
487 410 624 438 adulando
649 416 782 437 sensuum
803 408 992 443 voluptatibus

205 459 333 487 servilem
355 458 382 484 in
405 457 515 484 modum
540 456 699 483 abutuntur.
721 454 762 482 Ab
779 454 814 482 iis
838 458 930 481 autem
945 453 992 489 qui

206 504 386 540 perfectiores
400 507 476 536 sunt,
487 503 539 530 hoc
554 508 726 537 nequaquam
739 500 903 528 admittitur.
916 499 992 527 Mens

205 550 277 577 enim
293 549 321 576 in
335 549 378 576 his
392 548 472 576 ducis
486 547 576 575 oﬂiciu
593 547 714 582 fungitur
729 545 877 581 :quodque
890 553 924 573 ex
939 553 992 572 usu

205 600 258 627 est.
284 595 318 622 de
341 594 456 622 rationis
477 593 588 628 iudicio,
610 599 664 620 non
681 591 792 619 libidine
817 591 903 618 ullius
925 590 992 618 alfc-

204 641 304 669 ctionis
319 640 406 675 eligit.
435 639 520 674 Atque
540 638 623 673 hujus
640 638 720 666 ducis
744 637 870 672 vestigiis
893 640 992 664 natura

204 688 346 720 insistens,
363 685 563 721 praecedentem
582 684 719 719 sequitur.
735 678 870 711 Caeter'um
881 682 932 710 etsi
946 690 993 710 su-

204 734 312 769 periore
331 732 458 759 oratione
481 730 652 758 declaratum
672 733 725 762 est,
750 728 850 764 triplex
879 735 940 756 esse
964 727 991 754 in

203 778 312 807 vivendi
330 777 460 805 facultate
481 776 643 807 discrimen,
660 779 690 802 ut
711 775 765 802 alia
790 775 827 802 sit
850 774 905 800 vita
931 780 992 808 qua:

203 826 312 861 quidem
331 823 479 855 nutriatur,
499 828 598 856 expers
621 825 711 848 tamen
737 820 774 847 sit
797 827 895 847 sensus
915 819 992 847 :alia

203 876 230 899 et
257 870 407 901 nutriatur,
432 872 461 896 et
484 867 596 899 sentiat,
623 869 715 894 careat
743 869 835 893 autem
861 864 993 892 facultate

204 918 319 945 rationis
337 926 343 943 :
370 915 423 942 alia
442 913 562 949 denique
582 917 610 941 et
626 912 734 940 ratione
750 915 856 943 utatur,
879 914 907 938 et
927 918 992 945 per-

204 965 275 991 fecta
295 962 341 995 sit,
357 967 461 996 perque
479 958 624 986 facultates
640 960 753 985 caeteras
769 963 864 984 omnes
880 955 992 988 diffusa,

204 1013 233 1037 ut
251 1014 278 1037 et
294 1009 322 1035 in
337 1008 371 1035 iis
387 1006 511 1038 exsistat,
529 1009 556 1032 et
573 1009 702 1039 tanquam
717 1003 848 1031 eximium
863 1002 991 1037 quiddam

203 1052 386 1089 intelligentiae
400 1051 454 1078 vim
472 1050 571 1078 habeat
586 1059 592 1077 :
608 1056 689 1076 nemo
703 1053 794 1076 tamen
814 1047 916 1075 idcirco
933 1047 992 1074 exi-

203 1101 294 1129 stimet
316 1103 373 1126 tres
399 1097 427 1124 in
452 1096 573 1123 humano
597 1094 706 1130 opificio
731 1093 837 1120 animas
860 1093 991 1124 existere,

203 1153 326 1174 seorsum
340 1143 425 1172 certis
445 1141 525 1177 quasi
549 1140 681 1167 limitibus
704 1138 940 1173 circumscriptas,
963 1141 992 1165 ut

203 1197 329 1220 naturam
360 1189 479 1217 hominis
507 1195 539 1215 ex
566 1186 691 1222 pluribus
718 1185 820 1213 animis
846 1184 991 1212 conﬂatam

203 1244 298 1274 putare
321 1237 479 1265 debeamus.
513 1233 581 1261 Nam
609 1240 674 1260 vera
695 1236 722 1260 et
752 1231 872 1267 perfecta
899 1230 990 1258 anima

204 1293 299 1320 reapse
309 1284 390 1311 unica
405 1282 529 1317 qumdam
545 1285 597 1312 est,
610 1279 778 1314 intelligens,
795 1277 869 1305 nulla
886 1285 919 1306 ex
932 1284 991 1304 ma-

203 1331 270 1358 terie
291 1336 387 1357 crassa
412 1330 552 1358 constans,
580 1325 627 1352 sed
645 1333 693 1360 per
712 1331 811 1351 sensus
832 1326 936 1349 naturae
952 1322 991 1350 illi

202 1383 302 1403 rrassm
323 1374 414 1401 mista.
437 1371 575 1407 Quidquid
595 1375 686 1398 autem
705 1369 814 1398 exsistit
827 1377 861 1396 ex
878 1368 992 1395 materie

1045 180 1164 207 τοιοῦτον
1177 181 1228 207 οὐκ
1246 180 1292 207 ἐπὶ
1308 180 1415 207 πάντων
1428 180 1511 213 ἐστὶν,
1529 179 1596 206 ἀλλὰ
1613 179 1702 214 μόνων
1715 178 1769 205 τῶν
1787 179 1834 206 ἀν-

1044 225 1295 261 δραποδωδέστερον
1317 225 1510 260 διακειμένων,
1535 225 1559 252 οἳ
1581 224 1763 257 δουλώσαντες
1789 224 1836 250 τὸν

1044 272 1122 307 λόγον
1149 273 1209 304 ταῖς
1235 273 1333 308 ὁρμαῖς
1359 273 1407 308 τῆς
1435 272 1553 307 φύσεως,
1577 272 1621 299 διὰ
1641 272 1691 307 τῆς
1718 271 1766 298 τοῦ
1788 270 1835 298 νοῦ

1045 318 1201 353 συμμαχίας
1227 317 1259 345 τὸ
1277 317 1348 345 κατὰ
1372 317 1421 349 τὰς
1445 318 1585 353 αἰσθήσεις
1611 317 1660 352 ἡδὺ
1688 316 1835 352 δουλοπρε-

1044 364 1104 396 πῶς
1136 363 1340 391 κολακεύουσιν.
1376 364 1438 390 Ἐπὶ
1464 363 1491 390 δὲ
1514 363 1568 390 τῶν
1587 362 1761 398 τελειοτέρων
1786 362 1836 397 οὐχ

1036 404 1130 441 οὕτως
1154 409 1268 444 γίνεται.
1291 409 1459 444 Καοηγεῖται
1481 408 1535 444 γὰρ
1560 409 1574 435 ὁ
1600 408 1678 440 νοῦς,
1695 407 1767 442 λόγῳ
1788 408 1836 434 καὶ

1044 455 1104 492 οὐχὶ
1131 455 1211 483 πάθει
1226 455 1256 482 τὸ
1273 455 1410 487 λυσιτελὲς
1435 455 1668 491 προαιρούμενος·
1680 454 1697 489 ἡ
1711 453 1738 480 δὲ
1754 453 1835 488 φύσις

1045 501 1104 528 κατ’
1121 501 1192 536 [χνος
1217 501 1314 528 ἕπεται
1338 501 1377 536 τῷ
1398 500 1659 536 προκαθηγουμένῳ.
1681 497 1788 532 Ἐπειδὴ
1806 499 1835 526 δὲ

1043 548 1118 581 τρεῖς
1141 546 1212 574 κατὰ
1232 547 1282 582 τὴν
1303 547 1420 582 ζωτικὴν
1443 547 1556 582 δύναμιν
1582 545 1714 581 διαφορὰς
1730 546 1744 571 ὁ
1758 545 1835 579 λόγος

1043 587 1125 626 εὗρε,
1141 591 1190 626 τὴν
1213 592 1261 627 μὲν
1286 592 1455 628 τρεφομένην
1484 592 1566 628 χωρὶς
1590 590 1761 627 αίσῦήσεως,
1784 590 1834 625 τὴν

1042 636 1071 663 δὲ
1102 637 1274 672 τρεφομένην
1310 637 1358 672 μὲν
1391 637 1439 663 καὶ
1469 637 1677 672 αὐξανομένην,
1705 635 1835 671 ἀμοιροῦ-

1044 689 1093 708 σαν
1122 681 1151 707 δέ
1180 681 1229 716 τῆς
1255 681 1367 716 λογικῆς
1397 681 1554 716 ἐνεργείας,
1582 681 1632 716 τὴν
1664 681 1692 707 δὲ
1723 679 1835 715 λογικὴν

1043 727 1091 753 καὶ
1102 726 1206 753 τελείαν
1219 727 1252 753 δι’
1271 727 1378 761 ἁπάσης
1393 727 1538 762 διήκουσαν
1551 727 1602 762 τῆς
1624 727 1776 762 δυνάμεως,
1794 727 1833 758 ὡς

1044 773 1090 799 καὶ
1104 774 1132 799 ἐν
1149 773 1268 805 ἐκείναις
1283 770 1353 800 εἶναι
1369 774 1416 800 καὶ
1428 774 1478 809 τῆς
1491 774 1586 809 νοερᾶς
1601 773 1631 800 τὸ
1644 774 1724 800 πλέον
1742 773 1813 808 ἔχειν
1825 780 1833 787 ·

1045 817 1138 853 μηδεὶς
1152 817 1196 845 διὰ
1216 817 1316 845 τούτων
1339 818 1485 845 ὑπονοείτω
1501 821 1575 854 τρεῖς
1599 818 1834 854 συγκεκροτῆσθαι

1043 863 1131 899 ψυχὰς
1149 865 1177 890 ἐν
1196 864 1235 899 τῷ
1247 863 1409 900 ἀνθρωπίνῳ
1425 864 1602 900 συγκρίματι,
1617 866 1645 892 ἐν
1661 865 1740 897 ἰδίαις
1757 873 1834 900 περι-

1043 911 1162 944 γραφαῖς
1179 909 1378 946 θεωρουμένας,
1396 910 1466 937 ὥστε
1488 910 1667 946 συγκρότημά
1686 920 1712 938 τι
1729 911 1834 938 ποῖλῶν

1043 955 1137 990 ψυχῶν
1158 956 1207 991 τὴν
1233 956 1406 992 ἀνθρωπίνην
1431 956 1511 992 φύσιν
1531 955 1600 984 εἶναι
1615 957 1745 992 νομίζειν.
1763 957 1832 984 Ἀλλ’

1043 1002 1060 1036 ἠ
1076 1002 1125 1036 μὲν
1136 1001 1239 1037 ἀληθής
1250 1011 1278 1028 τε
1291 1002 1338 1029 καὶ
1349 1002 1438 1029 τελεία
1453 1002 1536 1038 ψυχὴ,
1550 1003 1599 1038 μία
1611 1004 1644 1038 τῇ
1657 1004 1736 1037 φύσει
1747 1003 1832 1035 ἐστὶν,

1042 1048 1058 1082 ἡ
1073 1045 1157 1082 νοερά
1168 1056 1197 1074 τε
1209 1048 1257 1074 καὶ
1268 1047 1359 1080 ἄῡλος,
1376 1048 1393 1083 ἡ
1407 1047 1450 1075 διὰ
1463 1048 1517 1075 τῶν
1532 1048 1685 1084 αἰσθήσεων
1703 1050 1737 1084 τῇ
1753 1049 1832 1084 ὑλικῇ

1041 1093 1265 1128 καταμιγνυμένη
1288 1093 1378 1128 φύσει.
1399 1093 1437 1120 Τὸ
1452 1093 1481 1120 δὲ
1498 1093 1597 1126 ὑλῶδες
1613 1094 1685 1121 ἆπαν
1702 1095 1731 1121 ἐν
1744 1096 1832 1130 τροπῇ

1040 1146 1070 1164 τε
1093 1138 1140 1164 καὶ
1162 1131 1302 1165 ἀλλοιώσει
1318 1139 1458 1174 κείμενον,
1478 1139 1504 1166 εί
1530 1140 1578 1174 μέν
1596 1139 1703 1175 μετέχοι
1713 1140 1763 1175 τῆς
1782 1140 1834 1175 ψυ-

1041 1184 1142 1220 χούσης
1161 1184 1316 1220 δυνάμεως,
1336 1185 1406 1212 κατὰ
1421 1185 1534 1220 αὔξησιν
1556 1185 1731 1221 κινηθήσεται
1742 1194 1749 1200 ·
1764 1186 1788 1211 εί
1803 1185 1833 1212 δὲ

1044 1230 1175 1258 ἀποπέσοι
1185 1231 1365 1266 τῆς”ζωτικῆς
1377 1231 1527 1267 ἐνεργείας,
1540 1233 1580 1264 είς
1593 1232 1694 1268 φθορὰν
1704 1232 1832 1259 ἀναλύσει

1043 1275 1092 1310 τὴν
1104 1275 1221 1311 κίνησιν.
1239 1276 1307 1303 Οὔτε
1323 1274 1369 1304 οὖν
1384 1277 1509 1313 αἴσθησις
1523 1278 1606 1313 χωρὶς
1621 1277 1716 1313 ὑλικῆς
1729 1277 1832 1310 οὐσίας,

1045 1321 1105 1348 οὔτε
1118 1323 1166 1357 τῆς
1189 1323 1286 1358 νοερᾶς
1309 1323 1449 1360 δυνάμεως
1468 1324 1568 1359 χωρὶς,
1591 1324 1742 1359 αἰσθήσεως
1757 1323 1834 1359 ἐνέρ-

1045 1376 1107 1402 γεια
1122 1368 1238 1402 γίνεται.

202 1429 310 1454 crassa,
334 1419 531 1447 mutationibus
556 1421 582 1446 et
613 1417 726 1445 alternis
752 1415 977 1444 conversionibus
1004 1413 1172 1447 obnoxium,
1189 1415 1213 1442 si
1238 1415 1346 1450 quidem
1372 1415 1510 1444 facultatis
1532 1415 1668 1452 particeps
1694 1415 1747 1443 erit
1771 1415 1832 1450 ejus

202 1478 262 1505 quae
288 1469 406 1496 animam
435 1465 819 1503 complectitur,Vaccretionis
842 1469 944 1492 motum
966 1463 1096 1497 habebit;
1129 1463 1171 1491 sin
1202 1467 1293 1491 autem
1318 1464 1425 1492 \‘ivendi
1448 1464 1604 1492 facultatem
1632 1465 1747 1498 amittat,
1775 1469 1832 1493 tum

201 1513 299 1542 deinde
325 1512 430 1540 scilicet
445 1517 535 1538 motus
559 1510 619 1544 eius
642 1510 675 1538 ad
700 1514 851 1538 extremum
881 1510 1020 1538 interitum
1049 1513 1151 1545 verget.
1176 1510 1280 1537 idcirco
1300 1518 1388 1545 neque
1403 1518 1500 1538 sensus
1516 1515 1591 1538 extra
1610 1510 1731 1538 matcriei
1753 1513 1833 1538 natu-

204 1569 259 1588 ram
272 1559 397 1588 exsistit:
413 1566 501 1594 neque
513 1558 629 1585 facrnltas
642 1558 796 1593 intelligens
812 1558 871 1586 sine
886 1566 968 1585 sensu
996 1557 1119 1597 actiones
1142 1565 1207 1585 suas
1219 1561 1340 1585 exercet.

499 1605 610 1633 CAPUT
635 1604 693 1633 XV.

203 1652 325 1679 Animam
349 1651 451 1685 proprie
474 1654 499 1677 et
513 1658 569 1677 esse
592 1658 651 1677 eam
675 1654 700 1677 et
724 1649 787 1682 dici,
808 1658 866 1685 qua:
887 1650 990 1677 ratione

236 1688 337 1718 utitur;
350 1684 452 1713 twteris
464 1690 568 1712 tantum
579 1684 783 1720 appellationem
796 1693 856 1712 cum
871 1685 921 1712 hac
933 1693 990 1712 esse

236 1729 410 1750 communem.
427 1720 556 1747 Pra'terea
575 1728 621 1754 per
640 1720 790 1747 universum
804 1728 900 1753 corpus
919 1728 991 1747 men-

239 1758 273 1784 tis
293 1765 320 1784 se
337 1756 492 1791 facultatem
509 1755 609 1788 didere,
626 1756 791 1782 conveniente
806 1755 922 1790 quadam
944 1763 990 1782 ra-

236 1793 305 1819 tione
327 1791 450 1819 membris
474 1791 586 1826 singulis
613 1791 794 1825 conjunctam.

237 1837 266 1865 Si
285 1838 348 1872 quis
371 1840 462 1864 autem
488 1835 591 1863 idcirco
613 1835 707 1870 plures
731 1843 793 1863 esse
810 1834 914 1863 animas
931 1834 990 1870 opi-

204 1887 298 1914 natur,
321 1882 395 1918 quod
419 1886 512 1910 creata
540 1881 670 1909 nonnulla
697 1881 825 1910 facultate
851 1882 990 1910 nutriente

202 1932 267 1956 sunt
281 1927 403 1962 prmdita,
425 1927 554 1953 nonnulla
574 1926 722 1960 sentiente;
749 1935 811 1954 cum
830 1927 876 1954 illa
893 1935 988 1959 sensu,

202 1974 260 2001 haec
279 1971 456 2007 intelligentia
483 1975 607 2004 careant;
625 1973 648 1999 is
669 1972 821 1999 animarum
839 1972 990 2000 discrimen

202 2027 256 2046 non
274 2018 341 2045 satis
357 2017 492 2053 explicate
510 2017 642 2044 declarat.
660 2017 796 2053 Quidquid
811 2018 884 2046 enim
900 2019 928 2046 in
944 2026 988 2047 re-

201 2073 262 2093 rum
276 2069 374 2092 natura
394 2064 512 2097 exsistit,
527 2064 549 2092 si
564 2064 673 2099 quidem
688 2063 808 2099 perfecte
819 2070 861 2092 est
871 2065 896 2092 id
911 2065 984 2100 quod

200 2118 261 2138 esse
286 2110 387 2137 debet:
410 2112 485 2136 recte
504 2109 585 2136 etiam
605 2116 638 2136 ac
654 2109 764 2145 proprie
786 2117 885 2137 nomen
907 2119 986 2138 suum

200 2155 315 2188 obtinet,
342 2162 397 2191 quo
415 2154 521 2183 scilicet
548 2155 718 2190 appellatur;
745 2155 787 2182 sin
811 2155 913 2190 aliquid
933 2163 987 2183 non

200 2208 313 2236 prorsus
326 2205 353 2228 et
377 2201 482 2235 integre
497 2204 540 2228 est
555 2200 594 2232 id,
612 2201 685 2236 quod
704 2208 766 2228 esse
782 2201 884 2228 dicitur
899 2209 908 2228 :
923 2201 987 2229 huic

200 2246 349 2281 improprie
373 2253 472 2273 nomen
495 2245 586 2281 ipsum
608 2246 747 2273 tribuitur.
766 2244 794 2273 Si
816 2247 889 2281 quis,
910 2247 985 2275 verbi

1299 1605 1497 1632 ΚΕΦΑΛΛΙΟΝ
1522 1606 1572 1632 1Ε’.

1042 1649 1105 1678 Ὅτι
1129 1651 1237 1684 κυρίως
1260 1650 1359 1685 ψυχὴ,
1382 1650 1401 1684 ἡ
1421 1650 1528 1685 λογικὴ
1554 1650 1602 1677 καὶ
1623 1651 1687 1677 ἔστι
1710 1650 1759 1677 καὶ
1781 1650 1830 1677 λέ-

1075 1693 1169 1720 γεται*
1185 1686 1215 1712 al
1235 1685 1260 1712 δ’
1279 1686 1370 1712 ἄλλαι
1389 1686 1549 1720 ὁμωνύμως
1568 1684 1827 1719 κατονομάζονται.

1081 1717 1130 1747 Ἔν
1140 1717 1163 1753 ᾧ
1177 1719 1227 1746 καὶ
1242 1721 1289 1752 τὸ,
1303 1720 1352 1747 διὰ
1365 1717 1477 1754 πάντ-ὸς
1487 1717 1544 1746 ⁷τοῦ
1560 1717 1696 1754 σώματος
1713 1719 1830 1752 διήκειν

1075 1755 1132 1789 τὴν
1156 1755 1210 1782 τοῦ
1229 1757 1285 1782 νοῦ
1307 1755 1445 1789 δύναμιν,
1469 1755 1668 1788 καταλλήλως
1697 1755 1830 1782 ἑκάστου

1072 1791 1183 1825 μέρους
1196 1791 1460 1826 προσαπτομένην.

1074 1837 1106 1863 Ei
1123 1836 1153 1862 δέ
1167 1845 1226 1863 τινα
1252 1837 1300 1872 τῆς
1325 1837 1439 1868 κτίσεως
1459 1835 1508 1871 τὴν
1524 1835 1672 1871 θρεπτικὴν
1689 1835 1829 1871 ἐνέργειαν

1039 1882 1112 1918 ἔχει,
1128 1882 1145 1917 ἢ
1170 1882 1251 1910 πάλιν
1268 1883 1350 1916 ἕτερα
1370 1884 1403 1918 τῇ
1426 1882 1570 1918 αἱσθητικῇ
1591 1882 1731 1909 διοικεῖται
1747 1881 1828 1909 δυνά-

1041 1937 1096 1964 μει,
1111 1929 1178 1964 μήτε
1192 1929 1283 1955 ἐκεῖνα
1299 1928 1465 1964 αἰσθήσεως,
1484 1929 1551 1964 μήτε
1567 1927 1654 1954 ταῦτα
1667 1927 1717 1962 τῆς
1731 1927 1828 1962 νοερᾶς

1041 1973 1188 2008 μετέχοντα
1206 1973 1328 2007 φύσεως,
1349 1973 1396 1999 καὶ
1411 1973 1454 1999 διὰ
1469 1973 1547 1999 τοῦτό
1560 1981 1602 2004 τις
1617 1972 1711 2007 ψυχῶν
1728 1972 1827 2007 πλῆθος

1039 2017 1254 2044 καθυποπτεύει·
1280 2017 1311 2043 οὐ
1342 2017 1413 2043 κατὰ
1442 2017 1488 2043 τὸν
1517 2017 1672 2052 διαιροῦντα
1702 2017 1780 2050 λόγον
1813 2018 1827 2043 ὁ

1039 2061 1159 2093 τοιοῦτος
1174 2062 1222 2097 τὴν
1241 2062 1296 2089 τῶν
1309 2061 1403 2097 ψυχῶν
1419 2062 1551 2097 διαφορὰν
1567 2063 1741 2098 δογματίσει·
1760 2063 1826 2089 διότι

1039 2107 1092 2134 πᾶν
1101 2107 1131 2134 τὸ
1141 2108 1169 2134 ἐν
1178 2108 1234 2138 τοῖς
1243 2105 1302 2134 οὖσι
1315 2106 1468 2142 νοούμενον,
1485 2109 1508 2134 εἰ
1520 2108 1568 2142 μὲν
1581 2108 1690 2140 τελείως
1704 2100 1745 2144 εἴη
1759 2109 1826 2143 ὅπερ

1039 2153 1110 2186 ἐστὶ,
1126 2153 1226 2189 κυρίως
1245 2153 1292 2180 καὶ
1307 2153 1467 2189 ὀνομάζεται
1481 2154 1548 2190 ὅπερ
1562 2154 1683 2188 λέγεται·
1700 2155 1730 2180 τὺ
1744 2155 1772 2181 δὲ
1789 2154 1826 2190 μὴ

1038 2199 1082 2226 διὰ
1093 2199 1202 2226 πάντων
1221 2199 1250 2225 δν
1266 2200 1367 2232 ἐκεῖνο,
1382 2199 1397 2226 ὃ
1411 2200 1630 2235 κατωνόμασται,
1645 2200 1761 2235 ματαίαν
1779 2201 1826 2227 καὶ

1037 2246 1087 2280 τὴν
1103 2245 1286 2280 πωσηγορῖαν
1301 2245 1368 2281 ἔχει.
1387 2243 1449 2272 Οἷον
1464 2246 1490 2272 εἴ
1503 2255 1543 2278 τις
1555 2246 1600 2272 τὸν
1610 2245 1700 2280 ἀληθῆ
1715 2245 1826 2277 δείξειεν

199 2291 298 2326 gratia,
319 2298 415 2325 panem
438 2298 533 2317 verum
549 2291 674 2319 ostendat
692 2299 699 2318 :
717 2299 779 2319 eum
798 2293 907 2327 proprie
922 2301 979 2320 rem

1043 2290 1134 2327 Ξρτον,
1164 2291 1254 2326 φαμὲν
1283 2291 1328 2318 τὸν
1352 2291 1471 2318 τοιοῦτον
1499 2291 1601 2326 κυρίως
1627 2291 1761 2325 ἐπιλέγειν
1787 2291 1826 2326 τῷ

200 2336 347 2364 indicatam
365 2344 416 2363 suo
434 2337 545 2364 nomine
560 2337 713 2372 appellasse
728 2337 856 2366 dicimus.
873 2338 921 2366 Sin
935 2346 986 2366 au<

199 2387 253 2409 tein
277 2389 330 2408 una
352 2389 414 2408 cum
441 2381 494 2408 hoc
521 2381 604 2408 alium
631 2381 776 2420 quemdam
805 2382 985 2417 demonstret,

199 2430 257 2453 arte
282 2425 383 2453 factum
405 2425 438 2453 de
461 2426 576 2453 materie
599 2426 715 2462 lapidea,
736 2427 858 2462 ejusdem
880 2429 983 2460 formai,

200 2471 333 2506 mqualem
352 2471 550 2506 magnitudine,
567 2472 657 2499 colore
674 2473 853 2506 consimilem,
872 2477 901 2500 ut
915 2473 985 2500 mul-

199 2517 234 2543 lis
247 2523 279 2543 ex
295 2518 377 2543 rebus
394 2516 464 2544 idem
482 2524 543 2544 esse
559 2524 621 2544 cum
634 2525 677 2550 eo,
695 2518 728 2545 ad
750 2518 829 2553 cujus
846 2519 987 2553 exemplar

200 2561 288 2589 factus
302 2565 354 2594 est,
369 2565 497 2596 appareat
512 2571 518 2589 :
543 2570 626 2589 unum
644 2564 724 2590 modo
737 2563 819 2594 desit,
837 2563 909 2598 quod
927 2563 985 2590 ido-

200 2616 267 2636 ncus
281 2615 342 2636 esse
355 2608 453 2636 alendo
471 2607 574 2635 homini
592 2616 646 2635 non
668 2609 756 2643 possit
773 2617 780 2636 :
794 2613 850 2636 tum
869 2616 934 2636 vero
951 2608 985 2636 de

198 2654 249 2681 hoc
263 2654 322 2689 ipso
345 2661 400 2680 non
417 2657 490 2681 recte
510 2654 591 2688 lapidi
608 2654 686 2688 panis
708 2653 919 2688 appellationem
940 2655 982 2681 in-

198 2699 293 2739 ditam,
306 2698 353 2725 sed
368 2706 415 2734 per
429 2698 504 2726 vocis
515 2699 640 2730 abusum,
657 2698 862 2726 aifirmabimus.
881 2698 980 2726 Eodem

198 2745 276 2772 modo
290 2744 422 2780 quidquid
437 2752 490 2771 non
514 2744 588 2772 omni
604 2752 636 2771 ex
657 2747 734 2778 parte
746 2743 772 2770 id
788 2749 830 2771 est
844 2746 916 2780 quod
936 2746 980 2774 di-

196 2791 276 2824 citur.
290 2791 318 2818 in
332 2798 364 2818 eo
381 2789 541 2825 appellando
559 2789 697 2816 vocabulis
713 2789 859 2818 abutimur.
877 2791 980 2824 Quam-

1040 2336 1212 2371 ὑποκειμένῳ
1224 2336 1254 2362 τὸ
1266 2336 1360 2371 ὄνομα.
1375 2337 1405 2362 Ei
1419 2336 1447 2362 δέ
1459 2345 1500 2368 τις
1513 2337 1558 2363 τὸν
1574 2336 1628 2364 ἀπὸ
1645 2336 1718 2363 λίθου
1730 2345 1826 2371 τεχνηι

1039 2381 1119 2408 οέντα
1142 2381 1179 2417 τῷ
1199 2382 1269 2409 κατὰ
1293 2382 1373 2417 φύσιν
1400 2382 1663 2418 ἀντιπαραδείξειεν,
1687 2379 1709 2416 ᾧ
1733 2382 1828 2417 σχῆμα

1039 2428 1088 2464 μὲν
1107 2428 1138 2454 τὸ
1159 2428 1240 2460 αὐτὸ.
1260 2429 1306 2456 καὶ
1322 2428 1352 2455 τὸ
1377 2428 1488 2463 μέγεθος
1510 2425 1578 2460 ἶσον,
1594 2428 1641 2454 καὶ
1660 2427 1737 2463 ὴτοῦ
1752 2428 1825 2463 χρώ-

1036 2482 1119 2508 ματος
1140 2474 1283 2509 ὁμοιότης,
1305 2473 1374 2500 ὥστε
1394 2474 1437 2500 διὰ
1456 2474 1510 2500 τῶν
1530 2474 1663 2501 πλείστων
1685 2473 1731 2500 τὸν
1744 2473 1824 2500 αὑτὸν

1035 2519 1104 2547 εἶναι
1122 2520 1161 2556 τῷ
1183 2520 1350 2555 πρωτοτύπῳ
1372 2520 1477 2553 δοκεῖν,
1505 2520 1640 2547 ἐπιλείπει
1654 2520 1683 2546 δὲ
1703 2519 1777 2555 αὐτῷ
1794 2519 1824 2546 τὸ

1036 2566 1082 2592 καὶ
1101 2565 1201 2602 τροφὴν
1225 2566 1354 2593 δύνασθαι
1369 2563 1438 2593 εῖναι
1451 2575 1457 2582 ·
1477 2566 1550 2601 παρὰ
1564 2565 1641 2592 τοῦτο
1660 2565 1690 2592 οὺ
1710 2565 1822 2601 κυρίως,

1035 2609 1090 2635 ἀλλ’
1108 2611 1140 2636 ὲκ
1160 2611 1355 2646 καταχρήσεως
1378 2610 1427 2646 τῆς
1449 2610 1606 2644 ἐπωνυμίας
1620 2609 1666 2636 τοῦ
1683 2610 1764 2645 ἄρτου
1780 2618 1823 2635 τε-

1034 2655 1183 2690 τυχηκέναι
1209 2655 1254 2682 τὸν
1277 2656 1349 2682 λίθον
1372 2656 1504 2691 λέγωμεν.
1530 2656 1584 2682 Καὶ
1601 2655 1690 2682 πάντα
1707 2656 1741 2682 τὰ
1754 2654 1821 2682 κατὰ

1034 2700 1080 2726 τὸν
1103 2701 1184 2727 αὑτὸν
1205 2701 1294 2736 λόγον,
1309 2701 1327 2729 ἃ
1348 2703 1385 2737 μὴ
1407 2702 1439 2728 δι’
1454 2702 1520 2728 ὅλων
1535 2702 1608 2728 ἐστὶν
1620 2702 1688 2737 ὅπερ
1699 2701 1820 2734 λέγεται,

1035 2747 1067 2772 ἐκ
1089 2747 1282 2783 καταχρήσεως
1302 2747 1358 2782 ἔχει
1375 2749 1424 2783 τὴν
1446 2748 1553 2784 κλῆσιν.
1575 2748 1652 2775 Οὕτω
1671 2747 1758 2774 τοίνυν
1774 2743 1822 2770 καὶ

1035 2791 1083 2826 τῆς
1109 2792 1196 2828 ψυχῆς
1220 2793 1246 2819 ἐν
1271 2792 1309 2828 τῷ
1333 2794 1417 2829 νοερῴ
1439 2803 1465 2821 τε
1490 2795 1536 2822 καὶ
1554 2793 1654 2829 λογικῇ
1676 2793 1706 2820 τὸ
1722 2792 1820 2820 τέλειον
