1976 3077
138 158 186 187 177

763 158 807 186 DE
827 157 970 187 110)“le
989 158 1145 188 OPlFlClO.

1714 161 1764 189 178

137 214 265 250 ἐχούσης,
282 214 335 241 πᾶν
352 214 366 240 ὃ
382 213 420 249 μὴ
432 213 512 241 τοῦτό
527 214 618 247 ἐστιν,
634 213 777 249 ὁμώνυμον
795 214 844 250 μὲν
857 212 926 241 εἶναι

982 215 1073 243 obrem
1098 222 1162 242 cum
1185 221 1218 242 ea
1235 213 1351 242 demum
1386 214 1507 250 perfecta
1528 214 1564 243 sit
1587 214 1686 248 anima,
1705 223 1766 251 quae

136 260 244 287 δύναται
260 261 294 295 τῇ
313 260 406 295 ψυχῇ,
420 259 451 285 οὺ
470 259 522 295 μὴν
535 259 582 286 καὶ
599 259 682 290 ὅντως
697 258 787 295 ψυχὴ,
806 259 874 286 ἀλλά
884 269 926 292 τις

136 304 260 340 ἐνέργεια
282 304 402 339 ζωτικὴ,
424 305 457 339 τῇ
480 304 530 339 τῆς
553 303 641 339 ψυχῆς
666 303 761 339 κλήσει
780 312 926 339 συγκεκρι-

137 350 214 385 μένη,
231 349 277 376 Διδ
296 349 342 376 καὶ
358 349 407 385 τὴν
423 349 478 375 τῶν
496 349 600 383 ἀλόγων
615 348 713 383 φύσιν,
730 349 768 381 ὼς
784 350 814 375 οὺ
831 349 926 386 πόρρω

138 396 185 430 τῆς
199 395 315 430 φυσικῆς
328 395 430 430 ταύτης
442 394 514 429 ζωῆς
525 393 665 429 κειμένην,
681 394 780 429 ὁμοίως
796 393 880 420 ἔδωκε
893 395 925 430 τῇ

138 443 234 477 χρήσει
254 441 301 467 τοῦ
321 439 480 477 ἀνθρώπου,
504 440 519 466 ὁ
540 439 576 466 τὰ
598 439 658 466 καθ’
679 439 794 466 ἕκαστον
817 440 927 475 νομοθε-

137 488 232 522 τήσας,
244 486 282 518 ὡς
292 487 352 514 ἀντὶ
365 487 481 521 λαχάνου
497 487 552 518 τοῖς
565 486 724 521 μετέχουσιν
738 483 817 512 εἶναι.
835 486 927 512 Πάντα

138 533 203 570 γὰρ,
221 532 297 568 φησὶ,
309 532 344 559 τὰ
355 533 422 568 κρέα
436 531 565 566 φάγεσθε,
581 532 618 563 ὡς
631 532 734 566 λάχανα
746 531 852 566 χόρτου.
876 532 928 558 Μι-

139 578 205 615 κρὸν
215 578 271 613 γάρ
284 586 311 604 τι
328 578 496 605 πλεονεκτεῖν
509 577 582 604 δοκεῖ
594 578 626 612 τῇ
643 577 787 613 αὶσθητικῇ
803 577 928 613 ἐνεργείᾳ

138 623 185 651 τοῦ
206 624 267 658 δίχα
295 623 396 658 ταύτης
419 623 585 658 τρεφομένου
607 631 638 649 τε
662 622 710 649 καὶ
731 622 926 658 αὐξανομένου.

139 669 314 695 Παιδευσάτω
328 668 408 696 τοῦτο
423 669 485 700 τοὺς
500 669 680 704 φιλοσάρκους
691 689 698 700 ,
724 669 762 705 μὴ
779 669 846 695 πολὺ
871 669 928 701 τοῖς

139 715 198 740 κατ’
214 714 339 749 αἴσθησιν
355 714 527 749 φαινομένοις
538 714 724 749 προσδραμεῖν
738 713 787 749 τὴν
798 713 927 749 διάνοιαν,

139 760 195 786 ἀλλ’
209 761 238 786 ὲν
252 761 308 791 τοῖς
323 760 448 795 ψυχικοῖς
466 760 654 795 προτερήμασι
671 758 927 794 προσασχολεῖσθαι,

139 806 176 837 ὼς
191 806 239 842 τῆς
254 806 370 841 ἀληθοῦς
388 805 478 841 ψυχῆς
492 806 522 832 ὲν
540 805 645 837 τούτοις
661 805 863 840 θεωρουμένης,
878 806 928 840 τῆς

139 852 168 880 δὲ
190 852 341 887 αἰσθήσεως
364 853 410 878 καὶ
427 853 455 878 ὲν
476 853 532 883 τοῖς
555 851 661 886 ἀλόγοις
676 851 706 878 τὸ
723 852 781 878 ἴσον
801 851 926 886 ἐχούσης.

146 897 215 924 Ἀλλ’
229 899 271 932 ἐφ’
296 898 387 933 ἕτερον
410 898 426 932 ἡ
441 897 585 924 ἀκολουθία
604 897 762 933 παρηνέχθη
775 897 821 924 τοῦ
834 897 923 931 λόγου.
943 891 963 920 Β

141 943 178 969 Οὐ
195 943 248 978 γὰρ
269 942 346 970 τοῦνο
370 944 403 978 τῇ
425 943 526 978 θεωρίᾳ
546 943 703 978 προέκειτο,
722 943 764 970 ὅτι
788 942 927 978 προτιμὼ-

140 998 218 1025 τερον
230 989 284 1016 τῶν
307 990 336 1016 ὲν
356 989 395 1024 τῷ
412 988 548 1024 ἀνθρώπῳ
567 989 718 1024 νοουμένων
734 989 808 1016 ἐστὶν
824 989 840 1024 ἡ
856 987 927 1015 κατὰ

141 1035 202 1062 νοῦν
223 1035 346 1072 ἐνέργεια
361 1035 376 1070 ἦ
392 1035 422 1061 τὸ
436 1035 526 1062 ὑλικὸν
541 1035 592 1070 τῆς
605 1035 780 1066 ὑποστάσεως
790 1043 796 1049 ·
815 1034 872 1061 ἀλλ’
885 1035 926 1060 ὅτι

140 1082 200 1117 οὒχὶ
218 1082 296 1118 μέρει
309 1082 362 1108 τινὶ
373 1081 427 1109 τῶν
447 1082 476 1108 ἐν
495 1082 559 1117 ἡμῖν
581 1082 595 1108 ὁ
608 1081 669 1114 νοῦς
682 1080 839 1115 περιέχεται
848 1100 854 1111 ,
868 1079 928 1107 ἀλλ’

140 1128 237 1164 ἐπίσης
252 1129 280 1155 ὲν
305 1129 371 1155 πᾶσι
393 1128 440 1155 καὶ
454 1128 496 1155 διὰ
518 1128 626 1155 πάντων
638 1127 729 1153 ἐστίν·
747 1126 809 1156 οὕτε
828 1126 928 1159 ἔξωθεν

139 1174 362 1209 περιλαμϐάνων,
389 1173 450 1200 οὔτε
481 1173 586 1200 ἔνδοθεν
614 1172 809 1209 κρατούμενος.
835 1171 928 1198 Ταῦτα

138 1220 192 1255 γὰρ
217 1220 262 1247 ἐπὶ
284 1220 372 1246 κάδων
398 1219 414 1255 ἣ
439 1219 525 1246 ἄλλων
546 1218 626 1245 τινῶν
644 1218 779 1253 σωμάτων
802 1217 927 1253 ἀλλήλοις

138 1265 314 1300 ἐντιθεμένων
336 1265 438 1300 κυρίως
459 1264 578 1299 λέγεται.
599 1263 630 1291 'H
650 1264 678 1290 δὲ
690 1263 737 1290 τοῦ
753 1262 798 1290 νοῦ
816 1263 884 1298 πρὸς
898 1263 928 1289 τὺ

138 1311 292 1346 σωματικὸν
317 1310 443 1338 κοινωνία
470 1309 609 1345 ἅφραστόν
631 1318 661 1336 τε
682 1309 729 1336 καὶ
750 1309 928 1344 ἀνεπινόητον

137 1355 185 1391 τὴν
197 1355 341 1390 συνάφειαν
355 1355 420 1391 ἔχει,
431 1355 492 1382 οὔτε
504 1355 578 1387 ἐντὸς
587 1353 655 1381 οὖσα
667 1354 746 1389 (οὔτε
759 1354 814 1390 γὰρ
825 1356 929 1389 ἐγκρα-

138 1402 224 1427 τεῖται
255 1400 360 1436 σώματι
385 1400 416 1426 τὸ
445 1399 624 1435 ἀσώματον),
647 1398 707 1425 οὔτε
736 1397 813 1430 me;
834 1397 926 1433 περιέ-

138 1455 222 1482 χουσα
237 1447 282 1481 (οὐ
304 1446 357 1482 γὰρ
374 1445 572 1482 περιλαμϐάνει
590 1454 616 1472 τι
630 1445 665 1472 τὰ
678 1445 827 1480 ἀσώματα)
838 1452 844 1459 ”
860 1443 929 1472 ἀλλὰ

138 1493 209 1519 κατά
230 1501 289 1519 τινα
304 1493 402 1528 τρόπον
423 1492 563 1527 ἀμήχανόν
575 1500 605 1518 τε
619 1491 666 1518 καὶ
683 1490 866 1525 ἀκατανόητον
881 1490 928 1524 ἐγ-

138 1539 223 1573 γίζων
235 1540 249 1565 ὁ
265 1539 326 1570 νοῦς
347 1540 381 1574 τῇ
398 1538 494 1574 φύσει,
517 1538 565 1565 καὶ
579 1536 817 1573 προσαπτόμενος,
835 1537 881 1563 καὶ
899 1537 928 1563 ὲν

138 1585 206 1620 αὐτῇ
228 1585 275 1611 καὶ
290 1584 353 1620 περὶ
369 1584 453 1620 αὐτὴν
470 1583 627 1619 θεωρεῖται,
645 1583 707 1610 οὔτε
729 1582 925 1618 ἐγκαθήμενος,

138 1630 199 1657 οὔτε
216 1631 482 1666 περιπτυσσόμενος·
509 1629 577 1657 ἀλλὰ
592 1630 629 1661 ὡς
644 1629 694 1656 οὐκ
715 1629 789 1655 ἐστιν
804 1629 889 1655 εἰπεῖν
908 1628 924 1663 ἢ

137 1677 244 1713 νοῆσαι,
259 1677 328 1712 πλὴν
342 1677 382 1704 ὅτι
392 1677 463 1704 κατὰ
473 1677 517 1703 τὸν
534 1677 599 1703 ἴδιον
614 1675 700 1711 αὐτῆς
713 1675 808 1711 εἱρμὸν
820 1674 926 1701 εὐοδου-

140 1723 223 1759 μένης
243 1723 292 1758 τῆς
313 1723 436 1758 φύσεως,
452 1723 499 1749 καὶ
512 1723 526 1749 ὁ
546 1722 609 1754 νοῦς
629 1721 740 1757 ἐνεργὸς
763 1721 876 1755 γίνεται.
895 1719 927 1747 Εἰ

138 1768 166 1795 δέ
189 1778 215 1795 τι
236 1769 423 1804 πλημμέλημα
446 1768 510 1803 περὶ
526 1767 628 1801 ταύτην
651 1766 803 1801 συμπέσοι,
833 1765 927 1796 σχάζει

139 1815 199 1840 κατ’
215 1814 302 1841 ἐκεῖνο
319 1814 366 1840 καὶ
378 1814 428 1848 τῆς
440 1813 559 1844 διανοίας
572 1813 588 1848 ἡ
604 1811 720 1847 κίνησις.

978 266 1004 289 et
1021 260 1210 295 intelligentiae
1222 265 1249 288 et
1264 260 1379 288 rationis
1392 264 1434 288 est
1451 261 1478 288 vi
1491 260 1603 296 prwdila
1615 270 1622 288 :
1635 261 1765 296 quidquid

979 306 1085 334 scilicet
1104 307 1157 334 tale
1172 314 1225 333 non
1250 310 1302 338 est,
1318 306 1343 333 ei
1360 314 1423 333 cum
1440 307 1530 333 anima
1543 307 1651 341 quidem
1666 315 1764 335 nomen

978 358 1039 379 esse
1061 359 1208 379 commune
1221 356 1323 387 potest,
1339 359 1438 386 reapse
1453 359 1516 378 vero
1531 359 1584 379 non
1601 352 1702 384 anima,
1716 354 1764 380 sed

979 397 1085 424 vivendi
1103 397 1219 424 facultas
1232 397 1355 432 qutedam
1372 397 1436 428 erit,
1453 404 1513 432 quae
1537 404 1612 424 more
1623 397 1763 425 hominum

979 442 1076 470 anima:
1092 442 1269 478 appellatione
1286 446 1441 470 censeatur.
1454 441 1558 469 Idcirco
1574 442 1646 469 Deus
1662 443 1764 470 homini

978 487 1136 515 animalium
1157 489 1287 516 cantibus
1301 489 1385 520 vesci,
1403 489 1515 524 perinde
1534 492 1613 524 atque
1634 489 1764 522 oleribus,

979 534 1110 568 permittit
1134 535 1231 569 :quod
1257 542 1352 562 eorum
1375 539 1472 561 natura
1497 542 1581 569 prope
1605 542 1620 561 a
1639 535 1694 561 vita
1721 535 1765 561 illa

978 586 1072 607 rerum
1089 580 1256 607 naturalium
1274 581 1352 608 absit.
1371 580 1417 607 Est
1428 580 1499 608 enim
1516 580 1552 606 ita
1567 580 1766 615 perscriptum:

979 624 1074 653 Omnis
1099 626 1207 661 generis
1224 627 1354 654 carnibus
1376 630 1505 661 tanquam
1530 625 1652 652 oleribus
1665 633 1761 660 grami-

978 671 1038 698 neis
1047 672 1204 699 vescemini.
1216 671 1312 699 Parum
1325 672 1428 700 scilicet
1443 671 1572 706 quiddam
1581 678 1642 699 esse
1657 671 1766 698 videtur

979 716 1008 744 in
1033 716 1201 744 animalibus
1216 718 1321 745 ceteris
1336 717 1452 745 faCultas
1477 719 1609 750 sentiens,
1633 724 1687 752 qua
1713 725 1765 747 una

980 764 1063 791 rebus
1083 763 1156 796 aliis,
1179 771 1240 798 qua:
1257 764 1359 798 absque
1387 764 1439 791 hac
1466 768 1492 791 et
1508 764 1619 790 aluntur
1635 768 1662 791 et
1675 771 1764 790 accre-

980 812 1072 841 scunt,
1097 813 1238 844 praestant.
1259 809 1295 837 De
1310 817 1364 845 quo
1387 810 1554 845 voluptarios
1571 809 1695 837 homines
1715 809 1764 836 hor

980 860 1077 887 capere
1091 853 1221 881 doctrina:
1236 858 1263 881 et
1284 854 1478 882 admonitionis
1494 858 1609 889 oportet,
1627 858 1657 881 ut
1680 854 1765 881 animi

977 899 1168 933 cogitationem
1182 900 1214 926 ad
1233 908 1277 927 res
1291 907 1351 934 quze
1366 899 1459 927 sensui
1475 899 1609 932 arrident,
1633 907 1688 927 non
1701 907 1766 927 con-

978 949 1096 978 vertant,
1110 946 1157 973 sed
1171 953 1278 973 omnem
1293 954 1403 981 operam
1415 946 1590 981 studiumque
1602 947 1627 973 in
1639 946 1766 973 excolen-

979 991 1023 1018 dis
1048 991 1131 1019 animi
1157 999 1222 1019 vere
1245 992 1413 1027 principibus
1436 993 1515 1020 bonis
1538 992 1682 1025 collocent,
1695 992 1765 1019 circa

977 1045 1038 1072 qua:
1050 1045 1113 1064 vere
1129 1037 1258 1064 nimirum
1274 1038 1363 1064 anima
1377 1042 1512 1072 versatur,
1533 1047 1618 1074 quum
1633 1038 1765 1066 sentiendi

979 1082 1110 1109 facultate
1123 1082 1251 1109 animalia
1267 1083 1379 1110 rationis
1389 1084 1512 1118 expertia
1528 1091 1581 1111 non
1594 1091 1764 1118 superemus.

979 1127 1032 1156 Sed
1062 1129 1096 1156 ab
1121 1129 1182 1156 aliis
1203 1128 1237 1155 ad
1261 1129 1313 1156 alia
1345 1137 1491 1165 progressa
1515 1134 1558 1157 est
1580 1130 1677 1157 oratio.
1707 1129 1766 1156 Non

978 1173 1050 1201 enim
1072 1174 1244 1201 instituimus
1260 1174 1403 1202 ostendere
1415 1178 1534 1202 mentem
1549 1175 1577 1201 in
1593 1175 1703 1201 homine
1716 1182 1766 1201 na-

979 1223 1039 1246 tura
1054 1227 1154 1248 crassae
1168 1220 1291 1247 materiei
1304 1220 1520 1255 praestantiorem
1540 1228 1600 1247 esse
1613 1229 1619 1247 :
1633 1220 1679 1247 sed
1692 1219 1766 1246 nulla

978 1267 1054 1292 certa
1065 1268 1140 1299 parte
1155 1265 1279 1299 corporis
1291 1265 1379 1292 nostri
1398 1269 1516 1293 mentem
1527 1265 1672 1293 contineri.
1686 1264 1767 1293 Exsi-

978 1314 1051 1338 stere
1065 1310 1171 1338 scilicet
1192 1317 1253 1338 eam
1274 1310 1380 1338 ratione
1405 1310 1464 1345 pari
1480 1310 1508 1337 in
1522 1311 1660 1343 omnibus,
1678 1314 1705 1338 et
1719 1318 1767 1346 per

979 1355 1080 1387 omnia,
1100 1359 1183 1390 atque
1208 1358 1238 1382 ut
1261 1355 1471 1393 exteriusrnihil
1494 1356 1700 1390 complectatur,
1727 1355 1767 1383 sic

981 1401 1096 1428 interius
1113 1408 1172 1428 eam
1191 1409 1244 1428 non
1270 1401 1397 1428 concludi
1415 1410 1422 1428 :
1443 1401 1670 1436 quemadmodum
1684 1401 1767 1429 cados

980 1447 1089 1482 aliaque
1119 1454 1236 1482 corpora
1262 1447 1372 1482 proprie
1399 1455 1429 1475 se
1462 1448 1605 1482 complecti
1629 1447 1765 1477 dicimus.

980 1499 1065 1526 quum
1081 1491 1109 1518 in
1124 1491 1185 1519 aliis
1202 1491 1255 1518 alia
1281 1491 1459 1519 collocantur.
1480 1490 1579 1519 Mentis
1596 1495 1686 1518 autem
1704 1498 1766 1520 cor-

981 1538 1112 1572 porisque
1124 1544 1212 1563 nexus
1225 1540 1252 1564 et
1264 1536 1394 1568 societas,
1407 1537 1539 1564 rationem
1555 1537 1690 1571 quandam
1702 1544 1765 1564 con»

978 1582 1133 1618 junctionis
1148 1582 1239 1617 habet,
1264 1590 1323 1617 qua:
1337 1582 1476 1618 explanari
1497 1583 1623 1615 dicendo,
1645 1587 1671 1610 et
1688 1583 1766 1610 intel-

981 1628 1027 1664 ligi
1050 1628 1197 1664 cogitando
1214 1636 1269 1656 non
1284 1631 1384 1663 potest.
1411 1628 1504 1662 Neque
1517 1629 1588 1656 enim
1604 1636 1681 1656 mons
1696 1628 1765 1656 intra

981 1682 1081 1709 corpus
1098 1678 1152 1707 est,
1167 1673 1278 1710 quando
1295 1681 1353 1702 rem
1367 1674 1493 1709 corporis
1504 1678 1640 1708 expertem
1653 1682 1766 1709 corpore

980 1719 1117 1747 contineri
1144 1719 1185 1747 ias
1212 1727 1267 1746 non
1292 1723 1345 1746 est.
1368 1718 1455 1745 Etiam
1483 1719 1604 1746 exterius
1628 1727 1678 1747 nos
1711 1727 1765 1748 nou

980 1765 1181 1799 complectitur,
1202 1763 1312 1798 quando
1331 1764 1365 1790 ab
1390 1763 1423 1790 iis
1443 1771 1504 1798 qua:
1525 1771 1639 1798 corpore
1661 1769 1765 1796 carent,

983 1811 1052 1838 nihil
1065 1810 1191 1838 concludi
1207 1813 1307 1845 potest.
1327 1809 1406 1837 Enim
1424 1817 1489 1837 vero
1511 1817 1587 1837 mens
1603 1809 1682 1836 modo
1700 1816 1765 1844 quo-

139 1861 202 1888 dam
223 1861 349 1888 oratione
376 1859 581 1894 inexplicabili,
604 1865 631 1886 et
663 1859 710 1892 qui
738 1857 772 1885 ab
794 1856 974 1892 intelligentia
990 1860 1085 1885 nostra
1103 1856 1297 1892 comprehendi
1322 1864 1377 1883 non
1402 1859 1507 1891 potest,
1540 1860 1644 1882 naturae
1674 1854 1765 1882 adest.

139 1904 540 1941 eidemqueeopulatur,inque
555 1911 587 1931 ea
613 1908 640 1931 et
666 1904 738 1931 circa
753 1911 813 1931 eam
838 1903 956 1930 exsistit.
982 1902 1018 1930 Ut
1041 1903 1066 1931 ei
1083 1910 1137 1930 non
1163 1902 1275 1934 insidet,
1300 1903 1338 1930 ita
1359 1909 1419 1929 eam
1444 1910 1497 1929 non
1521 1901 1765 1935 circumplectitur,

140 1953 188 1981 sed
209 1951 418 1983 adest'ratione,
437 1959 496 1986 quae
517 1959 604 1986 neque
626 1950 742 1985 exponi,
761 1958 848 1985 neque
871 1949 1072 1978 considerando
1095 1949 1235 1977 exhauriri
1251 1953 1349 1984 potest.
1380 1948 1470 1975 Unum
1499 1947 1550 1974 hoc
1579 1947 1764 1982 intelligimus,

139 2003 237 2027 natura
261 1999 335 2026 salva
356 2002 382 2026 et
414 1998 560 2031 incolumi,
593 2002 711 2026 mentem
733 1998 815 2024 etiam
839 1996 1025 2024 ellicacitatem
1054 2004 1133 2024 suam
1157 1996 1290 2024 obtinere.
1322 1995 1370 2023 Sin
1394 1994 1505 2030 aliquod
1525 2001 1557 2022 ea
1571 1992 1764 2021 detrimentum

138 2046 239 2082 capiat,
262 2046 360 2073 mentis
372 2053 480 2081 quoque
495 2049 597 2073 motum
615 2045 719 2073 scilicet
730 2045 776 2072 illa
790 2045 818 2072 in
833 2048 909 2080 parte
921 2044 1087 2072 claudicare.

383 2113 579 2141 ΚΕΦΑΛΑΙΟΝ
601 2115 660 2148 ις’.

140 2172 249 2206 Θεωρία
263 2171 316 2199 τοῦ
337 2171 417 2199 θείου
435 2171 528 2204 ῥητοῦ
542 2171 688 2202 είπόντος,
714 2179 724 2196 ‹
746 2168 922 2206 Ποιήσωμεν

1264 2111 1380 2140 CAPUT
1401 2111 1471 2139 XVI.

976 2169 1109 2196 Accurata
1131 2169 1196 2195 dicti
1212 2169 1283 2196 illius
1300 2168 1380 2196 divini
1392 2168 1578 2199 consideratio,
1598 2167 1764 2195 cFaciamus

174 2203 329 2244 ᾂὶθθρῳῖςον
337 2207 400 2244 κατ’
412 2203 513 2244 εῐκόνμ
525 2206 574 2244 καὶ
580 2205 726 2244 ρμοζωᾳιν
736 2204 892 2244 ἡμετέραν.
908 2211 919 2244 )_

1008 2204 1137 2231 hominem
1153 2204 1187 2230 ad
1203 2203 1609 2244 imaginemsimititudinemque
1631 2203 1732 2235 nostri,
1751 2213 1760 2228 ι

180 2238 265 2275 Ἔτι-’ᾦ
276 2241 439 2274 ἐξετάζεται
447 2261 454 2273 ,
468 2241 514 2274 τίς
526 2242 541 2267 ό
557 2238 612 2274 τῆξ
624 2240 740 2273 εἰκόνος
751 2238 857 2275 Ἁόγος,
873 2238 922 2275 καὶ

173 2278 199 2304 εἱ
213 2273 364 2312 ὁμοιοῦται
381 2276 422 2309 τῷ
437 2276 571 2311 μακαρίῳ
587 2273 619 2302 τε
636 2274 810 2312 οιαὶ-ἀπαθεξ
829 2274 862 2312 eo
875 2273 925 2312 ὲμς

173 2307 266 2344 παθὲς
284 2312 332 2339 καὶ
353 2307 577 2345 ἐπίκηρον-[καὶ
607 2309 670 2343 πῶς
683 2310 718 2336 ἐν
729 2309 766 2343 τῇ
782 2308 875 2345 εικόνι
890 2307 922 2334 τὸ

174 2346 264 2382 ἀρῤεν
284 2347 332 2374 καὶ
348 2346 380 2373 τὸ
397 2344 474 2380 θῆλυ
485 2367 491 2379 ,
505 2346 539 2373 ἐν
562 2345 601 2378 τῷ
615 2345 794 2379 πρωτοτύπῳ
810 2344 924 2371 τούτων

173 2384 228 2409 οὐκ
244 2382 348 2411 ὄντων.

179 2471 249 2498 Ἀλλ’
279 2470 492 2505 ὲπαναλάσωμεν
522 2469 604 2496 πάλιν
628 2469 678 2504 τὴν
704 2467 779 2494 θείαν
813 2467 923 2502 φωνὴν,

139 2528 150 2545 ί
167 2519 326 2553 Ποιήσωμεν
352 2517 493 2553 ἄνθρωπον
520 2517 696 2543 κατ”εἱκόνα
723 2515 770 2541 καὶ
796 2515 924 2549 ὁμοίωσιν

137 2564 283 2600 ἡμετέραν.
303 2573 312 2590 ι
335 2563 378 2595 Ὠς
389 2563 475 2598 μικρά
485 2571 515 2589 τε
529 2563 576 2589 καὶ
588 2561 685 2595 ἀνάξια
697 2561 746 2596 τῆς
759 2560 807 2587 τοῦ
820 2560 925 2596 ἀνθρώ-

136 2618 190 2636 που
212 2609 394 2645 μεγαλοφυΐας
415 2609 470 2635 τῶν
493 2608 591 2640 ἔξωθέν
608 2617 678 2639 τινες
705 2606 924 2642 ὲφαντάσθησαν,

135 2656 169 2691 τῇ
187 2655 256 2691 πρὸς
270 2655 314 2682 τὸν
330 2656 432 2690 κόσμον
445 2655 540 2682 τοῦτον
556 2654 696 2689 συγκρίσει
715 2652 922 2688 μεγαλύνοντες,

136 2700 175 2733 ὡς
197 2700 334 2736 ῷοντο,τὺ
355 2700 534 2736 ἀνθρώπινον.
555 2702 623 2728 Φασὶ
649 2700 703 2736 γὰρ
731 2699 828 2735 μικρὸν
853 2696 922 2725 εἷναι

137 2746 239 2783 κόσμον
258 2747 303 2774 τὸν
318 2747 472 2780 ἄνθρωπον,
488 2748 519 2774 ἐκ
535 2747 588 2774 τῶν
606 2746 694 2773 αὐτῶν
705 2745 744 2781 τῷ
757 2743 836 2771 παντὶ
853 2752 923 2770 στοι-

137 2792 219 2828 χείων
233 2792 426 2828 συνεστηκότα.
444 2793 475 2820 Οἱ
489 2793 542 2829 γὰρ
557 2792 596 2828 τῷ
614 2792 712 2828 κόμπῳ
728 2791 776 2818 τοῦ
791 2791 922 2826 ὀνόματος

180 2881 204 2898 ⁸⁸
218 2880 284 2910 Gen.
301 2890 319 2916 ι,
336 2883 377 2910 Ξθ.

1011 2243 1067 2265 tum
1082 2247 1167 2273 ecqua:
1191 2240 1225 2266 sit
1243 2239 1366 2273 imaginis
1384 2239 1464 2269 ratio,
1489 2239 1682 2273 investigatum.
1702 2246 1764 2272 pos-

1010 2275 1088 2306 sitne,
1099 2274 1167 2307 quod
1181 2273 1278 2301 morbis
1298 2282 1329 2300 ac
1346 2274 1426 2300 morti
1442 2273 1583 2299 obnoxium
1597 2278 1646 2305 est,
1665 2273 1699 2300 ad
1716 2281 1765 2300 na-

1012 2313 1078 2335 [ιιι-(Ε
1097 2309 1180 2335 beam
1203 2309 1403 2343 morborumque
1424 2309 1536 2341 expertis
1565 2308 1764 2335 similitudinem

1011 2343 1111 2378 factum
1131 2343 1184 2369 dici
1199 2351 1208 2370 .'
1223 2352 1272 2378 qua
1285 2344 1395 2378 denique
1409 2344 1485 2370 modo
1502 2343 1530 2369 in
1552 2343 1666 2378 imagine
1685 2351 1763 2370 sexus

1010 2378 1122 2419 masculi
1138 2379 1293 2419 femineique
1306 2379 1447 2406 discrimen
1462 2379 1508 2411 sit,
1522 2378 1631 2414 quod-in
1645 2378 1763 2413 exemplo

1010 2418 1126 2448 principe
1138 2422 1189 2440 non
1201 2418 1316 2440 exsistit.

1009 2469 1155 2498 Enimvero
1185 2469 1329 2497 redeamus
1351 2469 1461 2496 tandem
1486 2469 1519 2497 ad
1546 2469 1665 2497 divinam
1688 2469 1761 2496 illam

972 2525 1065 2545 vocem
1082 2526 1089 2544 :
1109 2526 1118 2542 ‹
1137 2515 1271 2543 Creemus
1289 2515 1426 2542 hominem
1449 2515 1481 2542 ad
1503 2516 1647 2550 imaginem
1667 2515 1762 2542 simili-

974 2562 1152 2597 tudinemque
1171 2561 1258 2589 nostri
1270 2561 1303 2588 ".
1324 2570 1333 2587 ι
1351 2560 1439 2588 Fuere
1458 2561 1583 2588 nonnulli
1606 2560 1760 2596 philosophi

974 2609 1071 2642 exteri,
1087 2608 1133 2643 qtti
1151 2615 1180 2635 se
1192 2607 1330 2634 hominem
1345 2614 1396 2634 sua
1417 2606 1528 2642 quidem
1544 2606 1675 2642 opinione
1694 2614 1760 2641 prte-

977 2654 1116 2682 dicaturos
1131 2653 1231 2680 eximie
1246 2652 1389 2687 putabant,
1403 2652 1426 2679 si
1444 2659 1505 2678 eum
1522 2651 1555 2678 ad
1570 2651 1663 2678 mundi
1679 2651 1760 2686 hujus

976 2699 1131 2726 machinam
1160 2697 1317 2725 conferrent
1340 2707 1347 2726 :
1372 2706 1433 2725 cum
1459 2697 1542 2725 nimis
1568 2697 1667 2729 exilia,
1688 2705 1759 2732 pra:—

976 2745 1199 2779 stantissimaque
1214 2742 1334 2770 hominis
1354 2742 1515 2771 excellentia
1531 2742 1642 2777 indigna
1664 2742 1760 2775 imagi-

977 2793 1117 2819 narentur.
1137 2789 1253 2817 Aiebam
1273 2789 1345 2817 enim
1368 2787 1505 2816 hominem
1531 2794 1642 2823 parvum
1662 2794 1759 2822 quem-
