1976 3077
117 119 165 148 l8l
743 122 788 149 DE
807 122 947 151 IIOMINIS
967 121 1122 152 OPIFICIO.
1645 142 1652 149 ,
1693 119 1743 148 182

118 176 255 207 cationem
278 178 339 214 ejus
356 179 428 215 quod
453 181 612 216 quau-imus,
638 180 772 209 deducere
789 183 904 218 possint.
936 181 991 210 Illae
1014 182 1096 217 igitur
1121 188 1182 208 cum
1202 180 1393 215 exposuissent
1414 179 1471 207 haec
1491 179 1536 207 Dei
1555 179 1646 212 verba,
1666 188 1675 204 (
1692 178 1744 206 Fa-

118 223 223 250 ciamus
239 224 377 252 hominem
399 225 433 253 ad
456 225 603 262 imaginem
621 219 762 255 nostrain:
786 237 795 254 i
814 228 904 256 addita
924 229 1006 256 etiam
1027 237 1059 257 ea
1085 228 1260 259 indicationc,
1287 235 1366 262 quem
1383 226 1488 254 scilicet
1509 226 1543 253 ad
1562 218 1642 253 (intem
1664 225 1746 252 homo

115 271 252 299 creandus
286 277 369 305 esset,
401 277 458 300 tum
494 273 592 302 deinde
613 274 769 308 huiusmodi
789 276 941 303 orationem
966 275 1125 311 subjiciunt:
1168 275 1262 310 Itaque
1276 273 1347 301 Deus
1364 274 1499 301 hominem
1520 273 1651 305 condidit,
1666 277 1693 301 et
1711 272 1746 299 ad

112 317 258 351 imaginem
285 326 347 346 eum
371 318 418 346 Dei
442 320 708 351 condiditumarem
725 324 752 348 et
776 321 904 349 feminam
923 321 987 349 fecit
1008 329 1055 350 eos
1078 322 1111 348 ⁸⁵.
1142 331 1151 347 ι
1179 319 1248 348 Illud
1270 319 1380 355 quidem
1404 327 1485 354 supra
1507 323 1549 347 cst
1583 319 1744 349 indicatum.

116 362 199 389 Verba
222 363 280 391 haec
304 364 437 392 divinitus
457 373 518 393 esse
541 367 655 400 prolata,
676 367 709 394 ad
732 369 906 396 evertendam
939 369 1105 404 impietatem
1133 367 1339 398 haereticorum,
1361 373 1431 401 quos
1455 365 1599 392 Anomaeos
1623 365 1743 400 appella-

117 408 218 441 vimus,
243 414 273 437 ut
298 411 400 443 edocti,
430 411 514 439 Deum
539 412 615 439 illum
645 413 791 449 unigenam
816 423 925 443 creasse
952 415 1091 443 hominem
1117 415 1150 442 ad
1171 414 1217 442 Dei
1237 413 1402 448 imaginem,
1419 413 1494 440 nullo
1509 413 1589 439 modo
1607 409 1750 437 PatrisFi-

115 455 200 490 liique
216 456 385 484 divinitatem
398 460 689 494 separemus,quando
704 459 813 488 Litterae
827 468 913 488 sacrae
935 464 1080 496 utrumque
1098 459 1239 495 aequaliter
1263 458 1348 486 Deum
1373 458 1532 494 appellant,
1552 463 1578 485 et
1602 457 1677 484 illum
1697 457 1743 490 qui

119 501 255 529 hominem
271 503 383 536 creavit,
400 509 428 531 et
441 503 523 539 cujus
541 504 575 532 ad
590 505 737 540 imaginem
753 505 845 533 factus
859 510 913 533 est.

161 570 231 596 Ἀλλ’
246 571 261 596 ὁ
272 571 321 605 μὲν
336 571 399 607 περὶ
412 571 513 599 τούτων
522 572 600 606 λόγος
611 573 742 607 ἀφείσθω,
755 574 823 609 πρὸς
836 574 864 600 δὲ
878 573 908 600 τδ

998 573 1096 601 Verum
1117 573 1247 608 prolixior
1268 573 1301 600 de
1328 571 1371 600 his
1393 572 1480 599 oratio
1504 572 1670 600 instituenda
1693 580 1748 599 non

118 617 298 652 προκείμενον
314 617 508 652 ἐπιστρεπτέον
524 618 572 654 τὴν
592 619 720 654 ζήτησιν·
737 619 795 650 πῶς
811 620 858 645 καὶ
877 619 907 645 τὸ

118 662 189 688 θεῖον
201 663 344 698 μακάριον,
355 664 400 690 καὶ
409 664 525 690 ἐλεεινὸν
533 664 564 690 τὸ
571 664 749 700 ἀνθρώπινον,
760 665 806 691 καὶ
816 665 906 700 ὅμοιον

118 709 215 743 ἐκείνῳ
234 708 313 735 τοῦτο
327 709 403 745 παρὰ
417 711 466 745 τῆς
483 710 595 745 Γραφῆς
610 710 782 744 ὀνομάζεται.
803 710 906 737 Οὐκοῦν

119 754 273 787 ἐξεταστέον
284 754 490 790 μετ’ἁκριῆείας
502 755 535 782 τὰ
583 765 663 790 ματα.
674 757 833 792 Εὑρήσομεν
841 755 906 790 γὰρ,

119 800 160 826 ὅτι
170 800 213 826 ἓτε
219 809 262 835 ρον
274 801 322 835 μέν
331 809 356 827 τι
365 801 395 827 τὸ
407 802 467 827 κατ’
475 801 565 828 εἰκόνα
574 802 730 837 γενόμενον,
741 802 832 838 ἕτερον
841 802 867 828 δὲ
876 802 906 828 τὸ

119 845 166 872 νῦν
177 847 205 872 ὲν
218 845 388 882 ταλαιπωρίᾳ
402 847 582 882 δεικνύμενον.
602 858 610 873 ι
628 849 771 883 Ἐποίησεν
785 850 798 875 ὁ
808 849 883 881 Θεὸς,
895 858 904 873 ι

121 891 197 926 φησὶ,
218 901 227 917 ι
246 892 291 918 τὸν
316 892 469 927 ἄνθρωπον,
497 894 556 919 κατ’
573 894 663 920 εἰκόνα
689 894 756 920 Θεοῦ
780 895 907 930 ἐποίησεν

121 937 212 963 αὐτόν.
232 946 241 962 ι
262 937 342 968 Τέλος
358 937 413 973 ἔχει
431 939 447 973 ἡ
468 939 514 964 τοῦ
539 939 598 966 κατ’
613 940 703 966 εἰκόνα
723 941 906 975 γεγενημένου

121 983 218 1014 κτίσις.
251 980 316 1010 Εἶτα
343 984 512 1019 ὲπανάληψιν
540 986 655 1011 ποιεῖται
687 985 734 1011 τοῦ
761 985 832 1012 κατὰ
859 986 908 1021 τὴν

121 1029 293 1064 κατασκευὴν
316 1029 406 1063 λόγου,
433 1030 478 1056 καί
501 1039 594 1065 φησιν,
624 1040 633 1056 ι
661 1031 759 1067 Ἃρσεν
776 1031 823 1057 καὶ
839 1031 906 1067 θῆλυ

123 1074 250 1108 ἐποίησεν
266 1074 390 1107 αὐτούς.)
403 1075 487 1103 Παντὶ
498 1067 554 1112 γὰρ
576 1074 650 1112 οἶμαι
667 1077 806 1112 γνώριμον
828 1075 906 1108 εἶναι,

122 1121 163 1147 ὅτι
179 1121 231 1153 ἔξω
254 1119 332 1146 τοῦτο
348 1120 393 1147 τοῦ
419 1121 595 1156 πρωτοτύπου
619 1123 733 1148 νοεῖται·
755 1132 763 1148 ι
793 1123 836 1149 Ἑν
856 1121 909 1157 γὰρ

124 1165 233 1200 Χριστῷ
255 1165 352 1200 Ἰητοῧ,
372 1175 391 1202 ι¹
404 1166 494 1197 καοὼς
509 1175 590 1202 φησιν
603 1166 616 1192 ὁ
635 1167 804 1199 Ἀπόςτολος,
820 1176 829 1192 t
847 1166 909 1193 οὔτε

123 1211 206 1245 ἄρρεν
221 1210 282 1237 οὒτε
298 1210 364 1244 Οῆλὺ
379 1200 460 1238 ἐστιν.
482 1221 490 1237 ι
519 1200 598 1238 ’Ᾱλλὰ
619 1212 672 1247 μὴν
694 1213 734 1244 εἰς
751 1211 835 1238 ταῦτα
852 1207 909 1247 διῃζ

126 1256 223 1290 ρῆπΘαι
246 1257 259 1282 ὁ
273 1256 351 1290 λόγος
376 1257 442 1292 φησί
465 1257 511 1283 τὸν
528 1257 685 1294 ἄνθρωπον.
707 1257 812 1285 Οὐκοῦν
830 1257 911 1292 διπλῆ

125 1302 165 1329 τίς
180 1303 253 1328 ἐστιν
267 1303 283 1338 ἡ
300 1303 351 1337 τῆς
366 1302 473 1337 φύσεως
494 1303 572 1339 ἡμῶν
589 1304 755 1340 κατασκευὴ,
797 1313 826 1330 τε
845 1303 913 1339 πρὸς

125 1347 155 1374 τὸ
169 1348 243 1374 Θεῐον
258 1348 432 1384 ώμοιωμένη,
469 1356 497 1374 τε
515 1349 583 1384 πρὸς
599 1350 647 1385 τὴν
665 1350 797 1385 διαφορὰν
811 1349 913 1385 ταύτην

125 1392 286 1429 διῃρημένη.
313 1393 438 1420 Τοιοῦτον
465 1395 520 1429 γάρ
540 1403 565 1420 τι
589 1395 603 1421 ὁ
626 1395 703 1430 λόγος
727 1396 758 1422 ἐκ
783 1396 832 1430 τῆς
857 1402 915 1421 συν-

126 1439 230 1471 τάξεως
255 1439 310 1466 τῶν
334 1440 532 1476 γεγραμμένων
553 1441 710 1475 αἰνίττεται,
731 1441 838 1478 πρῶτον
866 1442 915 1477 μὲν

127 1485 222 1518 εἰπὼν,
239 1486 280 1512 ὅτι
298 1495 307 1510 ι
340 1487 481 1522 Ἐποίησεν
500 1488 514 1513 ό
535 1487 600 1519 Θεὸς
615 1487 660 1515 τὸν
678 1488 829 1524 ἄνθρωπον,
855 1490 915 1515 κατ’

128 1531 218 1557 εἰκόνα
247 1530 314 1558 Θεοῦ
345 1533 472 1568 ἐποίησεν
501 1533 597 1560 αὐτόν·
634 1544 643 1560 ι
680 1535 766 1564 ,άλιν
800 1535 828 1562 δὲ
862 1537 916 1567 τοῖς

129 1577 283 1612 εἰρημένοις
299 1578 457 1612 ἐπαγαγὼν,
477 1579 517 1605 ὅτι
536 1588 545 1605 t
571 1580 670 1615 Ἀρσεν
690 1581 736 1607 καὶ
760 1580 825 1616 θῆλυ
844 1581 917 1607 ἐποί-

128 1630 193 1657 ησεν
215 1623 330 1660 οιὺτοὺς,
362 1632 372 1649 ›
406 1624 474 1660 ὅπερ
504 1624 642 1660 ἀλλότριον
672 1625 728 1652 τῶν
752 1626 816 1661 περὶ
850 1625 916 1652 Θεοῦ

128 1668 280 1703 νοουμένων
306 1669 390 1696 ἐστίν.
420 1667 504 1705 Οἶμαι
526 1670 580 1706 γὰρ
609 1670 664 1704 ἐγὼ
686 1671 774 1706 δόγμα
798 1680 825 1698 τι
848 1672 918 1706 μέγα

130 1714 178 1740 καὶ
209 1714 308 1749 ὑψηλὸν
343 1714 387 1740 διὰ
416 1714 470 1741 τῶν
502 1715 655 1750 εἰρημένων
685 1715 737 1742 ὑπὸ
768 1716 817 1751 τῆς
845 1716 919 1747 θείας

131 1758 240 1793 Γραφῆς
266 1758 467 1794 παραδίδοσθαι.
484 1760 520 1786 To
543 1760 571 1787 δὲ
593 1760 680 1796 δόγμα
697 1761 816 1787 τοιοῦτόν
843 1762 918 1788 ἐστι·

131 1804 182 1835 Δύο
203 1805 283 1831 τινῶν
299 1805 368 1832 κατὰ
388 1805 419 1831 τὸ
441 1806 590 1841 ἀκρότατον
612 1807 677 1841 πρὸς
694 1806 795 1841 ἄλληλα
811 1807 920 1843 διεστηο

132 1849 227 1882 κότων,
247 1850 328 1885 μέσον
346 1850 404 1877 ἐστὶ
417 1851 448 1876 τὸ
472 1850 652 1886 ἀνθρώπινον,
664 1851 713 1886 τῆς
737 1860 766 1878 τε
786 1852 858 1883 θείας
874 1852 920 1878 καὶ

132 1897 279 1931 ἀσωμάτου
294 1896 412 1931 φύσεως,
432 1897 479 1923 καὶ
498 1897 547 1931 τῆς
572 1896 670 1931 ἀλόγου
695 1898 742 1924 καὶ
769 1897 921 1933 χτηνώδους

133 1942 217 1977 ζωῆς.
238 1942 346 1974 Ἔξεστι
363 1943 417 1978 γὰρ
436 1943 566 1978 ἑκατέρου
589 1942 643 1969 τῶν
668 1943 817 1979 εἰρημένων
838 1944 867 1970 ἐν
883 1943 922 1978 τῷ

133 1988 295 2024 ἀνθρωπίνῳ
315 1989 480 2024 συγκρίματι
505 1989 641 2025 θεωρῆσαι
664 1990 714 2024 τὴν
736 1991 850 2025 μοῖραν·
875 1989 922 2016 τοῦ

134 2034 185 2070 μὲν
200 2034 272 2060 Θείου
286 2034 315 2061 τὸ
332 2034 438 2069 λογικόν
454 2043 482 2061 τε
502 2035 548 2062 καὶ
563 2035 743 2071 διανοητικδν,
759 2035 773 2061 ὃ
786 2036 835 2070 τὴν
853 2035 923 2062 κατὰ

133 2079 164 2105 τὸ
179 2079 263 2115 ᾱρρεν
283 2080 330 2106 καὶ
354 2079 420 2116 Θῆλυ
443 2080 574 2116 διαφορὰν
597 2081 627 2106 οὐ
648 2080 808 2116 προσίεται⁹
831 2079 878 2106 τοῦ
894 2080 922 2106 δὲ

134 2123 231 2157 ἀλόγου
245 2124 294 2159 τὴν
310 2125 468 2160 σωματικὴν
482 2125 653 2160 κιτασκευὴν
668 2127 715 2152 καὶ
727 2124 869 2152 διάπλασιν
883 2126 924 2157 εἰς

134 2167 217 2205 ἄρῤεν
240 2178 269 2196 τε
294 2170 340 2196 καὶ
367 2170 433 2206 ῦῆλυ
459 2170 672 2205 μεμερισμένην.
705 2171 848 2207 Ἑκάτερον
870 2171 923 2207 γὰρ

134 2213 236 2241 τούτων
250 2215 308 2241 ἐστὶ
325 2216 433 2247 πάντως
452 2217 480 2242 ὲν
496 2216 579 2242 παντὶ
594 2216 633 2250 τῷ
655 2216 794 2251 μετέχοντι
809 2216 859 2251 τῆς
876 2217 924 2243 ἅν-

136 2259 274 2295 Θρωπίνης
285 2259 367 2295 ζωῆς.
391 2259 470 2287 Ἀλλὰ
486 2261 661 2296 προτερεύειν
675 2261 706 2287 τὺ
721 2260 822 2296 νοερὸν,
835 2260 925 2292 καθὼς

136 2305 212 2340 παρὰ
231 2305 278 2332 τοῦ
300 2305 349 2341 τὴν
370 2305 591 2341 ἀνθρωπογονίαν
608 2307 636 2332 ὲν
657 2306 732 2338 τάξει
747 2306 925 2338 διεξελθόντος

136 2350 285 2386 ἐμάθομεν,
312 2352 560 2387 ὲπιγεννηματικὴν
583 2352 612 2378 δὲ
637 2350 706 2378 εἶναι
732 2351 770 2387 τῷ
791 2351 926 2387 ἀνθρώπῳ

136 2397 185 2431 τὴν
206 2397 274 2432 πρὸς
298 2397 329 2423 τὸ
349 2397 446 2432 ἄλογον
470 2397 612 2424 κοινωνίαν
631 2406 660 2424 τε
683 2398 731 2424 καὶ
756 2397 923 2431 συγγένειαν.

137 2442 248 2476 Πρῶτον
262 2443 311 2477 μὲν
324 2441 379 2478 γάρ
392 2452 483 2478 φησιν,
499 2443 540 2469 ὅτι
569 2452 578 2468 ι
602 2443 743 2478 Ἐποίησεν
758 2443 772 2469 ό
785 2443 851 2475 Θεὸς
866 2443 925 2470 κατ’

138 2487 230 2514 εἰκόνα
252 2488 299 2514 τοῦ
320 2488 388 2515 Θεοῦ
411 2489 457 2515 τὸν
473 2488 627 2523 ἄνθρωπον,
649 2499 658 2515 ι
676 2489 782 2520 δεικνὺς
804 2489 849 2515 διὰ
870 2489 925 2515 τῶν

138 2534 299 2568 εἰρημένων,
323 2534 414 2566 καθώς
437 2543 518 2569 φησιν
541 2535 555 2560 ὁ
583 2534 752 2565 Ἀπόστολος,
772 2533 812 2560 ὅτι
837 2534 866 2560 ὲν
886 2533 926 2569 τῷ

959 622 1019 650 cst.
1048 620 1192 654 potiusque
1213 619 1246 645 ad
1274 618 1299 645 id
1319 625 1373 653 quo
1402 618 1434 645 de
1454 625 1532 653 agere
1557 622 1676 652 emptum
1707 622 1750 645 est

958 670 1149 698 revertamur,
1179 664 1357 699 quamobrem
1385 663 1491 690 scilicet
1514 657 1613 689 divina:
1644 667 1749 690 natura:

959 710 1077 738 similem
1101 718 1163 738 esse
1192 711 1341 737 humanam
1375 708 1462 736 sacris
1493 709 1529 735 sit
1553 708 1663 736 Litteris
1684 716 1749 744 pro-

958 757 1044 784 ditum
1069 767 1076 784 :
1101 764 1163 784 cum
1191 757 1248 783 hac
1280 755 1403 791 profecto
1426 755 1462 783 sit
1485 754 1595 785 misera,
1615 754 1660 781 illa
1685 763 1750 782 vero

958 802 1048 830 beata.
1067 803 1161 836 Itaque
1176 801 1255 828 nobis
1278 803 1405 827 accurate
1428 799 1536 834 singula
1556 799 1583 826 in
1604 798 1686 826 verba
1708 805 1750 827 est

958 847 1162 883 inquirendum.
1189 846 1361 873 Inveniemus
1388 845 1461 872 enim
1487 844 1561 872 aliud
1592 852 1653 872 esse
1677 845 1750 881 quod

959 894 1006 921 Dei
1021 893 1165 927 imaginem
1183 892 1293 924 referat,
1312 891 1346 919 ab
1369 898 1402 918 eo
1416 890 1488 926 quod
1508 891 1559 917 hac
1575 891 1602 918 in
1624 898 1745 918 aerumna

959 939 1157 974 conspicimus.
1174 947 1183 964 ι
1200 937 1275 964 Fecit
1295 936 1377 967 Deus,
1397 946 1406 962 ι
1427 935 1556 971 inquiunt
1576 936 1686 963 Littera:
1706 943 1750 963 εει·

959 992 1023 1016 crae,
1051 994 1060 1010 ι
1081 983 1217 1011 hominem
1239 992 1246 1010 :
1271 986 1298 1010 et
1325 982 1434 1017 quidem
1460 988 1521 1008 eum
1550 981 1583 1008 ad
1605 981 1750 1016 imaginem

959 1030 1005 1057 Dei
1020 1030 1085 1057 fecit
1099 1029 1133 1056 ⁸⁸.
1153 1039 1162 1055 ι
1181 1028 1250 1064 Ergo
1262 1028 1318 1063 jam
1334 1027 1484 1062 perfectum
1499 1027 1660 1061 intelligitur
1682 1025 1751 1053 illud

960 1081 1092 1109 creatum,
1119 1075 1191 1110 quod
1218 1075 1257 1105 ad.
1273 1074 1393 1102 divinam
1410 1074 1554 1109 imaginem
1580 1072 1751 1100 conformari

960 1123 1090 1156 oportuit.
1115 1120 1192 1153 Quod
1220 1124 1310 1147 autem
1329 1124 1390 1154 post
1414 1120 1471 1146 haec
1499 1119 1569 1146 redit
1587 1119 1619 1145 ad
1643 1118 1752 1152 exposi-

961 1167 1061 1194 tionem
1082 1166 1183 1200 opiﬂcii
1201 1166 1295 1197 divini,
1314 1173 1375 1192 cum
1395 1165 1443 1196 ait,
1468 1174 1476 1189 ι
1495 1164 1570 1191 Fecit
1583 1171 1631 1191 eos
1648 1171 1751 1190 marem

962 1219 994 1239 ac
1014 1211 1163 1239 feminam:
1193 1221 1202 1238 ι
1231 1211 1257 1238 id
1280 1211 1376 1246 opinor
1390 1218 1484 1238 omnes
1502 1210 1624 1237 homines
1647 1209 1752 1244 perspi-

927 1247 948 1273 Β
963 1265 1036 1289 cere,
1062 1257 1096 1284 ab
1110 1257 1234 1291 exemplo
1248 1256 1370 1292 principe
1387 1255 1580 1283 removendum
1606 1263 1675 1282 esse.
1696 1264 1705 1280 t
1724 1255 1752 1281 lu

963 1303 1074 1331 Christo
1089 1303 1164 1331 enim
1181 1302 1256 1334 Jesu,
1273 1312 1282 1328 ι
1302 1306 1332 1329 ut
1356 1302 1504 1337 Apostolus
1525 1302 1623 1337 inquit,
1641 1311 1650 1328 ‹
1665 1309 1755 1336 neque

966 1358 1026 1378 mas
1043 1357 1131 1385 neque
1152 1349 1255 1377 femina
1277 1353 1319 1376 est
1329 1350 1362 1376 ⁵⁷.
1380 1359 1389 1375 ι
1411 1349 1445 1375 At
1459 1356 1523 1376 vero
1542 1349 1653 1376 Littera:
1668 1354 1755 1375 sacra:

965 1395 1067 1423 diserte
1082 1395 1227 1427 aﬂirmant,
1245 1395 1382 1422 hominem
1401 1395 1427 1421 in
1448 1402 1550 1422 marem
1572 1394 1755 1428 feminamque

966 1441 1083 1468 divisum
1098 1448 1170 1469 esse.
1191 1440 1284 1474 itaque
1298 1440 1432 1474 duplicem
1449 1447 1509 1467 esse
1531 1440 1630 1466 factam
1650 1443 1755 1465 natura:

966 1490 1068 1512 nostra:
1088 1489 1255 1513 structuram
1279 1492 1394 1512 necesse
1409 1489 1462 1517 est,
1486 1492 1604 1519 quarum
1623 1484 1707 1510 altera
1721 1483 1755 1510 ad

967 1530 1086 1558 divinam
1123 1531 1268 1565 imaginem
1297 1530 1503 1565 exprimendam
1530 1529 1633 1557 directa
1658 1529 1755 1560 fuerit,

968 1577 1054 1604 altera
1072 1576 1105 1602 ad
1132 1576 1302 1604 emciendum
1322 1577 1386 1603 illud
1413 1583 1497 1603 sexus
1518 1574 1676 1602 discrimen.
1701 1574 1757 1602 Hu-

966 1622 1087 1656 jusmodi
1107 1618 1328 1657 enim'quiddam
1355 1621 1470 1649 indicari
1488 1621 1613 1654 videtur,
1644 1621 1668 1648 si
1693 1628 1756 1648 ver-

969 1668 1064 1696 borum
1080 1669 1245 1703 compositio
1261 1671 1288 1695 et
1310 1668 1397 1695 series
1415 1667 1615 1700 consideretur,
1640 1667 1756 1702 primum

969 1714 1042 1742 enim
1064 1713 1166 1740 dicitur
1195 1723 1205 1739 ι
1223 1713 1299 1740 Fecit
1324 1713 1461 1740 hominem
1484 1713 1566 1745 Deus,
1595 1716 1622 1740 et
1647 1711 1757 1748 quidem

970 1767 1032 1788 eum
1049 1759 1082 1786 ad
1095 1759 1241 1794 imaginem
1254 1758 1300 1785 Dei
1315 1757 1388 1786 fecit.
1409 1767 1418 1784 ι
1440 1759 1541 1785 Deinde
1558 1758 1600 1785 his
1613 1758 1657 1784 illa
1671 1758 1758 1792 subji-

971 1806 1091 1838 ciuntur,
1117 1814 1126 1830 I
1145 1805 1246 1832 Marem
1272 1811 1303 1831 ac
1335 1804 1461 1832 feminam
1484 1811 1531 1832 eos
1557 1804 1640 1831 fecit:
1657 1813 1666 1829 ›
1698 1811 1759 1839 quae

971 1851 1094 1887 proiecto
1106 1851 1138 1877 ad
1151 1851 1294 1885 imaginem
1305 1849 1351 1877 Dei
1365 1857 1418 1876 non
1435 1853 1499 1876 sunt
1512 1849 1662 1877 referenda.
1676 1849 1759 1884 Equi-

935 1913 955 1942 ο
972 1896 1033 1923 dem
1058 1895 1174 1930 amplam
1199 1899 1288 1922 statuo
1309 1899 1337 1922 ct
1359 1895 1471 1922 arduam
1494 1895 1648 1922 doctrinam
1672 1894 1701 1922 in
1716 1894 1760 1921 his

975 1941 1060 1972 tradi.
1085 1940 1215 1967 nimirum
1246 1939 1404 1974 huiusmodi
1427 1939 1582 1974 quamdam:
1612 1938 1684 1966 Inter
1706 1939 1760 1966 duo

974 1990 1095 2014 extreme
1122 1985 1301 2018 dissidentia,
1328 1990 1454 2013 naturam
1489 1985 1613 2013 videlicet
1641 1985 1760 2013 divinam

975 2036 1170 2067 expertemque
1182 2032 1317 2067 corporis,
1332 2036 1360 2060 et
1373 2033 1487 2060 alteram
1501 2036 1639 2060 carentem
1655 2034 1762 2059 ratione

975 2086 1007 2105 ac
1038 2078 1196 2110 helluinam.
1226 2077 1344 2105 medium
1369 2077 1506 2105 hominem
1533 2085 1603 2105 esse.
1629 2076 1695 2104 Nam
1728 2077 1761 2104 de

976 2127 1092 2158 utroque
1110 2122 1136 2149 in
1152 2123 1235 2157 hujus
1252 2122 1362 2157 opiﬁcio
1382 2122 1514 2150 exsistere
1530 2123 1668 2157 quiddam,
1685 2130 1762 2157 pror-

977 2177 1024 2197 sus
1043 2173 1086 2196 est
1106 2168 1333 2196 animadvertere.
1356 2167 1394 2195 De
1412 2172 1510 2195 natura
1525 2168 1627 2199 divina,
1648 2169 1702 2195 vim
1719 2175 1764 2194 ra-

976 2214 1059 2242 tionis
1074 2218 1101 2241 et
1115 2213 1310 2249 intelligentia,
1327 2220 1388 2248 qua:
1403 2220 1484 2241 sexus
1500 2212 1613 2239 masculi
1633 2219 1666 2240 ac
1685 2212 1764 2239 l‘cmi-

977 2260 1022 2288 nei
1047 2260 1196 2288 discrimen
1222 2259 1327 2286 nullum
1352 2258 1458 2293 recipit,
1479 2258 1513 2285 de
1531 2261 1627 2284 natura
1649 2257 1762 2285 rationis

977 2311 1099 2341 experte,
1116 2309 1283 2333 structuram
1299 2305 1370 2331 hanc
1385 2304 1509 2339 corporis
1521 2307 1548 2331 et
1568 2304 1681 2330 formam
1695 2311 1764 2332 sexu

977 2351 1147 2379 distinctam.
1174 2350 1326 2386 Utrumque
1352 2349 1449 2378 h'orum
1472 2350 1499 2377 in
1516 2350 1637 2385 quolibet
1655 2350 1764 2378 homine

977 2401 1028 2424 est.
1049 2395 1102 2424 Sed
1126 2397 1244 2431 priorem
1269 2396 1354 2424 fuisse
1382 2396 1408 2423 in
1433 2403 1466 2424 eo
1483 2395 1639 2422 facultatem
1664 2395 1765 2422 intelli-

977 2442 1067 2479 gendi,
1084 2443 1183 2470 deinde
1196 2443 1355 2470 societatem
1372 2442 1616 2477 cognationemque
1634 2449 1696 2468 eum
1715 2448 1764 2468 na-

978 2493 1039 2516 tura
1058 2489 1165 2517 ratione
1186 2493 1297 2516 carente
1312 2489 1463 2516 accessisse
1480 2498 1487 2516 :
1503 2496 1536 2516 ex
1553 2491 1664 2515 auctore
1680 2487 1764 2514 histo-

978 2535 1025 2562 riae
1051 2535 1085 2562 de
1109 2539 1172 2562 ortu
1203 2535 1332 2568 hominis,
1364 2535 1460 2562 ordine
1488 2534 1594 2570 singula
1624 2537 1762 2566 narrante,

138 2578 250 2614 τοιούτῳ
268 2580 351 2616 ἄρρεν
373 2581 419 2606 καὶ
438 2579 504 2615 θῆλυ
521 2581 572 2607 οὐκ
585 2579 668 2607 ἐστιν.
682 2577 748 2606 Εἶτα
763 2579 860 2613 ἐπάγει
877 2581 916 2614 “cfp

979 2580 1124 2608 discimus.
1142 2580 1265 2607 Primum
1278 2580 1351 2607 enim
1377 2579 1471 2613 tradit,
1490 2579 1572 2607 Deum
1588 2586 1697 2607 creasse
1715 2579 1762 2605 ho-

140 2624 311 2661 ἀνθρωπίνης
329 2626 437 2661 φύσεως
452 2626 487 2653 τὰ
512 2625 653 2661 ἰδιώματα.
672 2626 712 2652 ὅτι
731 2635 740 2651 ι
761 2626 863 2662 Ἀρῤεν
879 2625 926 2652 καὶ

140 2670 206 2707 Θῆλυ
223 2672 348 2707 ἐποίησεν
367 2672 476 2705 αὐτούς.
499 2682 508 2698 ι
529 2672 561 2698 Τί
585 2669 630 2699 οὖν
645 2671 688 2698 διὰ
709 2671 803 2698 τούτου
823 2670 925 2706 μανθά-

140 2725 238 2753 νομενς
258 2718 313 2744 Καί
336 2727 381 2752 μοι
408 2719 501 2753 μηδεὶς
515 2718 656 2753 νεμεσάτω
680 2717 820 2753 πόρρωθεν
845 2725 927 2752 προσ-

177 2829 199 2845 ⁵⁸
215 2829 280 2856 Gen.
294 2836 312 2862 ι,
331 2829 374 2856 27.
416 2830 435 2845 ⁵⁷
447 2829 534 2856 Gzilat.
548 2837 587 2861 ut,
602 2829 646 2856 ‘28.
673 2829 695 2845 ”
709 2828 773 2856 ihitl.
788 2828 823 2855 ‘26
835 2836 893 2863 sqq.

978 2627 1080 2654 minem
1104 2625 1138 2653 ad
1168 2621 1313 2661 imaginem
1342 2633 1420 2653 suam
1444 2635 1450 2653 :
1472 2626 1501 2652 in
1529 2631 1583 2660 quo
1613 2623 1684 2651 idem
1709 2623 1764 2650 vult

978 2671 1094 2702 docere.
1122 2671 1194 2706 quod
1222 2675 1249 2698 et
1272 2669 1421 2705 Apostolus
1447 2669 1557 2704 scripsit
1567 2669 1609 2701 ⁵⁸,
1629 2671 1765 2703 quatenus

982 2717 1070 2752 imago
1088 2716 1135 2744 Dei
1148 2717 1185 2745 sit
1200 2717 1292 2750 homo,
1307 2723 1390 2744 sexus
1409 2716 1436 2743 in
1449 2723 1482 2743 eo
1496 2715 1643 2742 discrimen
1662 2713 1764 2740 nullum
