1976 3077
238 121 289 148 185

852 123 879 150 S.
895 121 1060 151 GREGORII
1090 123 1236 153 NYSSENI

1816 125 1868 154 186

235 184 308 206 esse.
327 178 428 207 Deinde
443 183 548 207 natura:
562 179 681 208 hominis
695 180 824 208 attributa
836 181 946 216 propria
959 182 1024 210 sub-

1076 183 1168 218 ἀγοντι
1183 185 1228 211 τὸν
1243 184 1321 219 λόγον
1343 184 1382 220 τῷ
1407 184 1578 220 προκειμένῳ
1595 184 1723 220 νοήματι.
1747 182 1814 216 Θεὸς
1831 185 1865 220 τῇ

235 225 294 259 jicit
309 234 316 252 :
333 224 432 252 Marem
454 225 638 261 feminamque
661 227 723 254 fecit
745 234 802 255 eos.
819 226 889 260 Quid
910 235 976 263 ergo
992 227 1027 256 de

238 270 288 296 hoc
300 269 461 297 discendum
477 270 557 299 nobis
571 271 632 298 est?
649 270 783 306 Equidem
802 271 868 298 mihi
888 272 1025 300 neminem

238 316 319 343 Irasci
344 316 417 346 volo.
446 317 529 344 altius
554 325 610 344 rem
636 325 696 352 qtue
722 318 749 344 in
778 318 1025 346 considerationem

237 361 320 392 venit.
341 362 482 396 repetenti.
507 361 578 390 Deus
600 366 696 389 natura
722 370 771 390 sua
792 363 845 390 tale
869 370 901 390 ac
921 367 1025 390 tantum

235 407 371 441 quoddam
387 408 487 435 bonum
499 413 552 440 est,
563 412 695 442 quantum
709 408 763 435 ulla
775 408 941 444 cogitatione
954 416 1027 436 com-

237 453 367 486 prehendi
396 453 560 488 potestzvel
588 454 679 489 potius
704 454 788 482 etiam
816 462 897 482 omne
922 455 1025 482 bonum

235 499 308 532 quod
343 499 520 534 intelligendo
549 500 730 534 cogitandove
762 500 1023 535 comprehenditur,

235 549 393 579 exsuperat.
417 545 510 580 Itaque
530 537 661 572 ιιοῑυηιηι
674 546 821 574 humanam
843 555 896 575 non
923 548 976 575 alia
992 547 1026 575 de

210 598 318 626 \causa
339 591 471 623 condidit,
494 599 575 626 quam
593 592 666 627 quod
688 592 778 620 bonus
803 597 886 621 esset.
904 594 1026 629 Cumque

235 637 299 664 talis
323 641 406 670 esset,
431 641 458 665 et
480 645 560 665 unam
586 638 657 667 hanc
682 639 718 666 ob
743 646 854 667 causam
879 638 912 666 ad
941 639 1024 667 fabri-

236 683 370 711 cationem
397 683 521 711 humanae
543 688 645 711 natura:
662 684 838 717 accessisset,
855 693 911 712 non
930 693 963 711 ex
981 692 1025 713 se-

236 728 318 756 misse
345 729 398 756 vim
423 729 554 758 bonitatis
591 738 647 757 sua:
677 730 819 758 declarare
848 731 954 764 voluit,
987 731 1026 758 ita

237 777 265 799 ut
288 774 413 801 nonnihil
436 774 539 807 homini
567 783 680 803 suorum
702 776 836 804 bonorum
860 777 1024 813 largiretur,

236 819 360 846 nonnihil
379 827 441 847 cum
465 827 498 848 eo
526 828 560 848 ne
578 822 804 854 communicaret,
831 823 932 850 invidia
955 831 1025 858 prte-

236 865 384 899 pediretur.
408 865 531 895 Perfecte
551 868 683 896 nimirum
711 877 741 896 se
765 869 868 896 bonum
895 870 1025 903 ostendit,

235 919 297 938 eum
337 911 472 940 hominem
516 914 550 941 de
590 914 677 942 nihilo
706 915 856 949 conderet,
897 917 1027 951 omnique

236 956 370 984 honorum
394 959 471 993 copia
498 959 655 987 instrueret.
675 961 740 994 Qua:
764 969 826 988 cum
852 961 920 989 adeo
942 961 1027 988 multa

234 1002 290 1030 sint
311 1011 435 1036 numero,
456 1008 486 1031 ut
508 1005 644 1034 recenseri
661 1006 768 1042 singula
788 1007 1028 1034 commemorando

235 1047 377 1076 ditﬁcultcr
403 1050 510 1084 pOSsint
526 1060 532 1078 :
549 1051 652 1079 idcirco
681 1052 800 1080 breviter
827 1053 957 1081 universa
982 1053 1027 1080 his

235 1094 325 1122 verbis
349 1096 629 1131 comprehenduntur,
646 1097 748 1132 quibus
773 1098 855 1126 homo
870 1098 904 1125 ad
928 1099 1027 1134 imagi-

235 1147 296 1167 nem
315 1139 362 1168 Dei
376 1141 466 1170 fartus
481 1150 542 1170 esse
565 1143 677 1171 dicitur.
691 1143 788 1172 Valent
809 1144 882 1172 enim
898 1145 944 1172 illa
966 1149 1028 1172 tan—

235 1186 366 1218 tumdem,
383 1194 415 1214 ac
434 1188 457 1214 si
470 1187 619 1220 diceretur.
638 1194 765 1216 naturam
777 1190 926 1217 humanam
940 1198 955 1216 a
974 1190 1028 1218 Deo

235 1233 261 1259 in
276 1232 398 1261 omnium
411 1233 547 1262 bonorum
563 1235 722 1262 societatem
735 1239 858 1262 vocatam
873 1243 944 1263 esse.
959 1235 1027 1263 Nam

234 1278 256 1305 si
274 1277 322 1306 Dei
339 1283 434 1307 natura
451 1280 571 1314 perfecta
587 1280 710 1316 quaedam
729 1281 807 1316 copia
828 1285 870 1310 est
891 1282 1026 1309 bonorum

234 1325 376 1357 omnium,
409 1325 491 1355 homo
520 1330 611 1354 autem
637 1327 697 1362 ejus
725 1332 768 1355 est
801 1328 891 1364 imago
919 1338 925 1355 :
955 1328 1027 1356 haud

234 1373 316 1401 dubie
343 1373 520 1402 simulacrum
552 1373 605 1401 hoc
637 1373 685 1402 Dei
718 1375 845 1410 princeps
873 1376 1026 1411 exemplum

235 1419 271 1445 ita
297 1418 415 1452 referet,
444 1423 475 1446 ut
507 1423 534 1446 et
562 1419 653 1454 ipsum
678 1420 758 1448 bonis
785 1420 912 1449 omnibus
939 1422 1028 1450 abun-

234 1461 289 1489 det.
318 1461 414 1497 Itaque
443 1463 472 1490 in
504 1463 585 1492 nobis
619 1468 661 1492 est
687 1472 818 1499 expressa
853 1466 944 1494 omnis
976 1466 1027 1494 ho-

234 1507 306 1534 nesti
321 1508 438 1543 species,
454 1509 544 1537 omnis
564 1509 662 1542 virtus,
680 1511 771 1538 onmis
783 1511 928 1546 sapientia,
944 1511 1025 1547 quid-
1039 1521 1062 1552 ο

233 1551 300 1586 quid
334 1552 452 1588 denique
482 1555 740 1590 prmstantissimutn
772 1557 969 1592 comprehendi
999 1557 1026 1585 vi

234 1598 423 1634 intelligentiae
457 1605 556 1636 potest.
589 1601 678 1636 Atque
702 1602 774 1629 inter
804 1607 902 1630 cmtera
929 1607 971 1630 est
999 1602 1026 1629 in

233 1644 314 1672 nobis
329 1645 454 1679 libertas,
473 1655 533 1682 quae
549 1647 623 1675 nulla
644 1648 818 1676 necessitatis
836 1649 893 1684 lege
908 1652 1025 1680 tenetur.

233 1691 335 1720 nullius
351 1692 379 1720 in
393 1697 491 1721 natura
507 1693 739 1730 dominatusjugo
751 1695 888 1730 subjecta,
905 1695 952 1722 sed
965 1703 1027 1730 quae

231 1737 335 1772 judicio
348 1742 424 1766 certo
437 1743 464 1766 et
479 1739 620 1767 liberrimo
631 1740 705 1776 quod
721 1741 780 1768 vult
798 1741 882 1777 eligit.
894 1740 941 1768 Est
953 1742 1025 1768 enim

234 1784 321 1813 virtus
349 1792 405 1813 sua;
430 1786 552 1821 spontis,
582 1787 686 1815 nullius
716 1787 831 1822 imperio
859 1787 1024 1821 mancipata.

233 1831 311 1865 Quod
325 1836 416 1860 autem
429 1841 445 1860 a
458 1833 622 1861 necessitate
635 1833 753 1868 quadam
773 1833 938 1860 violentiave
950 1833 1026 1869 cogi-

234 1882 288 1910 tur,
307 1877 403 1905 virtuti
427 1882 644 1906 consentaneum
672 1886 735 1906 esse
762 1879 869 1914 nequit.
898 1879 976 1912 Quod
1002 1879 1026 1906 si

234 1929 316 1956 porro
329 1923 420 1957 imago
433 1931 592 1958 expressam
617 1924 831 1959 pulchritudinis
856 1926 884 1953 in
900 1926 1025 1961 exemplo

234 1968 356 2003 principe
383 1968 498 2004 ﬁgurant
530 1970 566 1997 ita
584 1974 770 2005 repratsentet.
800 1975 830 1998 ut
856 1972 925 1999 nihil
941 1972 976 1999 ab
992 1979 1025 2000 ea

235 2022 348 2048 prorsus
363 2015 481 2047 dill‘erat,
493 2023 548 2043 non
563 2015 620 2050 jam
636 2017 709 2044 illam
722 2017 869 2053 imaginem
884 2017 954 2050 fore,
971 2018 1020 2046 sed

236 2060 320 2095 ipsam
337 2060 515 2096 eamdemque
537 2068 605 2094 rem,
637 2070 698 2096 qua:
724 2063 798 2090 nulla
816 2064 857 2090 sui
887 2068 965 2099 parte
981 2064 1024 2093 di-

235 2106 325 2133 scenti
342 2113 357 2133 a
370 2107 461 2141 seipsa
477 2107 574 2142 possit.
594 2107 664 2141 Quid
682 2108 765 2144 igitur
782 2113 834 2142 est,
859 2110 978 2146 inquies,
996 2112 1024 2139 in

234 2160 288 2185 quo
304 2157 409 2180 natura:
423 2153 534 2185 divinm,
563 2159 592 2181 et
621 2154 681 2189 ejus
707 2162 768 2190 qua:
794 2155 828 2183 ad
843 2156 963 2183 divinam
982 2159 1024 2184 est

1078 228 1176 255 ἑαυτοῦ
1193 228 1273 264 φύσει
1290 230 1345 256 πᾶν
1364 230 1405 256 ὅτι
1422 237 1475 265 περ
1495 229 1554 256 ἐστι
1578 229 1637 256 κατ’
1652 229 1756 257 ἔννοιαν
1775 229 1867 256 λαϐεῖν

1076 273 1186 308 ἀγαθὸν,
1212 275 1300 301 ἐκεῖνό
1324 275 1398 302 ἐστι·
1418 274 1517 310 μᾶλλον
1533 274 1563 300 δὲ
1578 274 1678 306 παντὸς
1693 274 1796 309 ἀγαθοῦ
1818 275 1867 302 τοῦ

1076 318 1221 353 νοουμένου
1246 327 1275 346 τε
1298 319 1346 346 καὶ
1368 319 1643 354 καταλαμϐανομένου
1663 319 1793 346 ἐπέκεινα
1814 319 1866 352 ὢν,

1076 365 1107 391 οὐ
1121 365 1154 391 δι’
1168 365 1232 392 ἄλλο
1251 375 1277 392 τι
1291 366 1377 398 κτίζει
1393 366 1442 401 τὴν
1459 365 1634 401 ἀνθρωπίνην
1648 365 1731 400 ζωὴν,
1749 366 1766 400 ἢ
1782 365 1826 392 διὰ
1836 365 1868 392 τὸ

1076 410 1177 444 ἀγαθὸς
1200 408 1278 438 εἴναι.
1304 411 1429 443 Τοιοῦτος
1450 411 1479 437 δὲ
1498 411 1546 442 ὢν,
1563 410 1612 437 καὶ
1629 410 1674 437 διὰ
1698 410 1778 437 τοῦτο
1799 410 1868 446 πρὸς

1076 456 1125 491 τὴν
1139 456 1317 492 δημιουργίαν
1333 457 1382 492 τῆς
1406 457 1580 492 ἀνθρωπίνης
1602 456 1709 491 φύσεως
1730 457 1866 492 ὁρμήσας,

1076 503 1125 529 οὐκ
1136 501 1169 528 ἂν
1182 503 1298 538 ἡμιτελῆ
1312 503 1360 538 τὴν
1374 503 1424 538 τῆς
1440 502 1607 538 ἀγαθότητος
1622 502 1772 535 ἐνεδείξατο
1785 502 1877 529 δύναι

1078 556 1134 584 μιν,
1152 548 1183 574 τὸ
1205 548 1254 583 μέν
1273 557 1298 575 τι
1311 548 1371 579 δοὺς
1392 549 1424 574 ἐκ
1437 547 1491 574 τῶν
1507 547 1662 583 προσόντων
1676 546 1758 582 αὐτῷ,
1775 547 1822 573 τοῦ
1839 547 1867 573 δὲ

1077 593 1212 630 φθονήσας
1225 595 1274 629 τῆς
1297 593 1454 629 μετουσίας·
1479 593 1547 620 ἀλλὰ
1565 593 1596 619 τὸ
1611 592 1714 619 τέλειον
1732 593 1781 626 τῆς
1797 593 1865 626 ἁγα-

1077 639 1188 675 θότητος
1203 639 1270 672 εἶδος
1289 641 1318 666 ὲν
1331 639 1418 674 τούτῳ
1433 639 1518 671 ἐστὶν,
1532 639 1565 666 ὲκ
1579 638 1625 665 τοῦ
1640 639 1687 666 καὶ
1698 639 1867 674 παραγαγεῖν

1076 686 1121 713 τὸν
1136 685 1279 721 ἄνθρωπον
1292 687 1323 712 ὲκ
1336 685 1382 712 τοῦ
1397 685 1433 722 μὴ
1446 685 1521 717 ὖντος
1538 686 1578 717 είς
1596 685 1714 720 γένεσιν,
1732 685 1779 711 καὶ
1791 685 1867 710 ἀνεν-

1076 731 1122 767 δεῆ
1137 731 1190 757 τῶν
1202 731 1312 765 ἀγαθῶν
1326 731 1545 766 ἀπεργάσασθαι.
1582 731 1658 757 Ἐπεὶ
1672 731 1700 756 δὲ
1717 730 1800 761 πολὺς
1812 729 1866 756 τῶν

1077 777 1137 803 καθ’
1152 776 1266 804 ἕκαστον
1288 776 1397 811 ἀγαθῶν
1420 777 1434 803 ὁ
1449 777 1609 811 κατάλογος,
1625 777 1654 802 οὐ
1672 776 1721 812 μὲν
1735 773 1780 802 οὖν
1795 775 1867 802 ἔστιν

1077 822 1185 858 ἀριθμῷ
1202 822 1300 858 ῥᾳδίως
1323 822 1417 849 τοῦτον
1441 822 1586 849 διαλαϐεῖν.
1614 822 1662 849 Διὰ
1688 821 1767 848 τοῦτο
1792 830 1868 857 περι-

1078 869 1196 904 ληπτικῇ
1212 870 1244 904 τῇ
1265 870 1340 904 φωνῇ
1355 869 1462 895 ἅπαντα
1479 868 1617 895 συλλαϐὼν
1639 869 1654 894 ὁ
1669 868 1747 902 λόγος
1764 868 1868 903 ἐσήμα-

1078 924 1132 948 νεν,
1149 916 1176 941 ὲν
1189 914 1228 950 τῷ
1253 915 1350 945 εἰπεῖν,
1368 915 1428 941 κατ’
1442 914 1533 941 είκόνα
1551 914 1619 941 Θεοῦ
1637 914 1801 949 γεγενῆσθαι
1822 914 1868 943 τὸν

1078 961 1230 997 ἄνθρωπον.
1247 958 1321 987 Ἷσον
1340 961 1395 996 γάρ
1412 962 1469 987 ἐστι
1482 960 1562 987 τοῦτο
1576 960 1615 995 τῷ
1630 961 1726 990 εἰπεῖν,
1744 960 1785 986 ὅτι
1799 968 1867 986 πιν-

1078 1007 1123 1038 τὺς
1139 1006 1241 1042 ἀγαθοῦ
1260 1006 1372 1042 μέτοχον
1386 1006 1436 1042 τὴν
1450 1006 1625 1042 ἀνθρωπίνην
1639 1006 1717 1040 φύσιν
1729 1006 1866 1041 ἐποίησεν.

1080 1054 1110 1079 Εἰ
1129 1053 1184 1088 γὰρ
1206 1053 1342 1088 πλήρωμα
1365 1051 1414 1087 μὲν
1432 1051 1541 1086 ἀγαθῶν
1563 1052 1593 1078 τὸ
1608 1053 1694 1083 Θεῖον,
1720 1051 1823 1078 ἐκείνου
1840 1051 1869 1078 δὲ

1078 1099 1157 1126 τοῦτο
1173 1098 1270 1125 εἰκών·
1286 1098 1329 1134 ἄρ’
1342 1099 1370 1124 ἐν
1385 1097 1424 1132 τῷ
1440 1097 1542 1133 πλῆρες
1558 1095 1627 1124 εἶναι
1644 1098 1744 1128 παντὸς
1754 1096 1867 1131 ἀγαθοῦ,

1079 1145 1147 1180 πρὸς
1169 1144 1200 1171 τὸ
1227 1144 1382 1180 ἀρχέτυπον
1407 1145 1423 1179 ἡ
1447 1143 1529 1170 εἰκὼν
1556 1143 1612 1179 ἔχει
1641 1143 1688 1179 τὴν
1711 1143 1867 1178 ὁμοιότητα.

1079 1190 1183 1217 Οὐκοῦν
1205 1190 1279 1216 ἐστιν
1296 1191 1324 1216 ὲν
1337 1191 1404 1225 ἡμῖν
1423 1189 1522 1220 παντὸς
1539 1189 1588 1224 μὲν
1608 1189 1692 1216 καλοῦ
1709 1189 1774 1222 ἰδέα,
1794 1190 1869 1216 πᾶσα

1078 1235 1106 1262 δὲ
1130 1235 1214 1272 ἀρετὴ
1242 1236 1288 1262 καὶ
1312 1235 1403 1269 coacta,
1424 1235 1470 1262 καὶ
1493 1237 1547 1262 πᾶν
1569 1235 1663 1271 ὄτιπέρ
1679 1237 1736 1262 ἐστι
1755 1235 1823 1271 πρὸς
1839 1235 1870 1262 τὸ

1079 1283 1202 1317 κρεῖττον
1221 1282 1377 1317 νοούμενον.
1400 1282 1448 1308 Ἓν
1462 1281 1489 1308 δὲ
1504 1281 1557 1308 τῶν
1571 1282 1678 1308 πάντων
1691 1281 1737 1308 καὶ
1753 1281 1782 1308 τὸ
1795 1280 1870 1307 ἐλεύ-

1079 1328 1157 1364 θερον
1172 1328 1295 1363 ἀνάγκης
1308 1325 1387 1361 εἶναι,
1403 1328 1449 1354 καὶ
1467 1327 1505 1363 μὴ
1521 1327 1688 1362 ὑπεζεῦχθαί
1703 1336 1756 1354 τινι
1768 1328 1868 1362 φυσικῇ

1079 1374 1242 1409 δυναστείᾳ·
1268 1374 1325 1401 ἀλλ’
1347 1373 1522 1406 αὐτεξούσιον
1546 1373 1613 1408 πρὸς
1631 1373 1662 1400 τὸ
1683 1373 1778 1399 δοκοῦν
1797 1373 1870 1408 ἔχειν

1077 1417 1127 1453 τὴν
1141 1417 1264 1454 γνώμην.
1289 1418 1448 1445 Ἀδέσποτον
1464 1419 1518 1454 γάρ
1535 1427 1561 1444 τι
1578 1418 1671 1453 χρῆμα
1686 1419 1702 1454 ἡ
1717 1418 1802 1453 ἀρετὴ
1824 1417 1871 1444 καὶ

1079 1463 1212 1496 ἑκούσιον,
1235 1463 1266 1490 τὸ
1288 1463 1316 1490 δὲ
1340 1463 1600 1499 κατηναγκασμένον
1622 1463 1669 1490 καὶ
1693 1463 1870 1498 βεϐιασμένον

1079 1510 1163 1546 ἀρετὴ
1174 1508 1243 1536 εἶναι
1256 1510 1286 1536 οὐ
1301 1509 1421 1538 δύναται.
1446 1510 1490 1537 Ἐν
1508 1511 1574 1537 πᾶσι
1591 1511 1679 1537 τοίνυν
1695 1510 1746 1546 τῆς
1767 1510 1870 1542 εἰκόνος

1078 1555 1124 1582 τοῦ
1140 1555 1318 1591 πρωτοτύπου
1335 1556 1448 1588 κάλλους
1472 1556 1518 1583 τὸν
1534 1556 1697 1592 χαρακτῆρα
1721 1556 1866 1592 φερούσης,

1078 1601 1102 1626 εί
1121 1600 1158 1636 μὴ
1174 1600 1245 1627 κατὰ
1262 1602 1288 1628 τὶ
1299 1601 1347 1636 τὴν
1362 1601 1493 1637 διαιρορὶιν
1508 1601 1568 1638 ἔχῃ,
1587 1602 1677 1628 οὐκέτι
1694 1602 1726 1628 ἃν
1743 1602 1786 1637 εἴη
1801 1601 1871 1629 πάν-

1077 1654 1131 1678 τως
1153 1646 1290 1681 ὁμοίωμα,
1308 1647 1375 1674 ἀλλὰ
1398 1647 1495 1674 ταύτὸν
1513 1648 1602 1675 ἐκεῖνο
1617 1647 1660 1674 διὰ
1677 1648 1786 1675 πάντων
1803 1648 1870 1674 ἁνα-

1077 1692 1258 1727 δειχθήσεται,
1273 1692 1302 1719 τὸ
1318 1694 1346 1719 ὲν
1366 1694 1447 1719 παντὶ
1462 1693 1681 1728 ἀπαράλλακτον.
1698 1694 1764 1720 Τίνα
1779 1694 1870 1721 τοίνυν

1077 1738 1160 1764 αὑτοῦ
1177 1747 1207 1764 τε
1223 1738 1269 1765 τοῦ
1284 1738 1374 1771 Θείου,
1396 1739 1443 1765 καὶ
1458 1738 1505 1766 τοῦ
1530 1739 1597 1774 πρὸς
1619 1738 1650 1765 τὸ
1663 1739 1740 1766 Θεῐον
1762 1739 1870 1774 ὡμοιω-

1079 1784 1160 1819 μένου
1188 1784 1236 1820 τὴν
1261 1784 1389 1820 διαφορὰν
1414 1784 1590 1821 καθορῶμεν;
1616 1785 1660 1811 Ἐν
1684 1785 1732 1820 τῷ,
1756 1785 1787 1811 τὸ
1817 1786 1868 1819 μὲν

1076 1831 1211 1862 ἀκτίστως
1225 1829 1305 1863 εἶναι,
1321 1832 1351 1858 τὸ
1369 1832 1396 1858 δὲ
1412 1832 1456 1858 διὰ
1475 1832 1589 1865 κτίσεως
1608 1832 1769 1866 ὑποστῆναι.
1794 1832 1826 1858 'H
1839 1831 1868 1858 δὲ

1076 1878 1126 1913 τῆς
1137 1878 1265 1914 τοιαύτης
1277 1877 1405 1914 ἰδιότητος
1421 1878 1537 1914 διαφορὰ
1553 1877 1631 1905 πάλιν
1647 1878 1747 1913 ἐτέρων
1761 1877 1871 1913 ἰδιωμά-

1076 1931 1130 1950 των
1144 1923 1307 1950 ἀκολουθίαν
1323 1923 1445 1959 ἐποίησε.
1470 1923 1693 1959 Συνομολογεῖται
1708 1923 1762 1958 γὰρ
1779 1923 1870 1958 πάντη

1076 1977 1106 1996 τε
1128 1968 1175 1995 καὶ
1197 1968 1315 2002 πάντως,
1339 1969 1388 2004 τὴν
1409 1969 1458 2005 μὲν
1475 1969 1602 1996 ἄκτιστον
1620 1969 1701 2004 φύσιν
1722 1969 1769 1995 καὶ
1790 1969 1871 2004 ἄτρε-

1077 2024 1144 2042 πτον
1165 2013 1246 2047 εἶναι,
1263 2016 1311 2042 καὶ
1333 2016 1375 2042 ἀεὶ
1394 2014 1525 2047 ὡσαύτως
1543 2015 1626 2051 ἔχειν,
1643 2015 1692 2051 τὴν
1708 2015 1737 2042 δὲ
1756 2015 1869 2050 κτιστὴν

1076 2062 1206 2089 ἀδύνατον
1221 2061 1284 2089 ἄνευ
1299 2061 1468 2094 ἀλλοιώσεως
1484 2062 1624 2097 συστῆναι.
1643 2062 1716 2088 Αὑτῆ
1731 2062 1783 2098 γὰρ
1797 2062 1813 2096 ἠ
1834 2062 1867 2088 ἐκ

1075 2108 1121 2135 τοῦ
1141 2108 1179 2144 μὴ
1196 2108 1271 2140 ὄντος
1285 2109 1325 2140 είς
1341 2108 1371 2135 τὸ
1384 2106 1453 2135 εἶναι
1475 2108 1600 2145 πάροδος,
1616 2107 1722 2142 κίνησίς
1738 2108 1778 2139 τίς
1796 2109 1867 2139 ἐστι,

1076 2155 1122 2182 καὶ
1146 2155 1287 2187 ἀλλοίωσις
1308 2154 1355 2181 τοῦ
1383 2155 1420 2190 μὴ
1446 2154 1522 2187 ὄντος
1538 2156 1577 2186 είς
1594 2154 1624 2181 τὸ
1640 2153 1720 2188 εἶναι,
1742 2154 1812 2181 κατὰ
1835 2155 1867 2182 τδ

233 2199 416 2232 conformata,
435 2199 583 2228 discrimen
601 2202 721 2236 perspici
749 2203 857 2237 possit?
875 2203 941 2231 illud
958 2212 1022 2232 vero

1076 2203 1146 2229 θετον
1165 2202 1287 2237 βούλημα
1315 2201 1525 2237 μεθισταμένου.
1553 2202 1607 2228 Καὶ
1632 2201 1726 2236 ὥσπερ
1751 2201 1795 2227 τὸν
1820 2201 1868 2228 ἐπὶ

234 2245 261 2270 in
277 2252 310 2272 eo
325 2245 485 2280 perspicies,
502 2247 576 2280 quod
592 2246 639 2274 Dei
659 2251 756 2275 natura
766 2247 871 2276 exsistit
882 2249 1021 2278 increata:

235 2290 374 2318 hominum
392 2298 457 2318 vero
473 2299 520 2326 per
541 2293 707 2320 creationem
727 2297 769 2321 est
800 2298 870 2321 orta.
900 2294 958 2322 lloe
975 2295 1025 2323 de~

235 2335 297 2362 inde
327 2335 475 2364 discrimen
504 2337 558 2365 alia
587 2337 711 2372 qumdam
737 2346 953 2375 consequuntur.
975 2341 1024 2369 Est

233 2379 305 2406 enim
327 2379 406 2414 plane
418 2380 488 2415 apud
506 2388 601 2408 omnes
629 2381 656 2409 in
675 2382 814 2416 confesso,
839 2388 964 2412 naturam
981 2385 1023 2412 in<

233 2429 355 2452 creatam
380 2426 590 2458 immutabilem,
618 2427 798 2462 eamdemque
821 2437 927 2464 semper
945 2437 1026 2463 esse;

233 2475 375 2504 creatam,
403 2472 462 2499 sine
495 2478 625 2508 perpetua
652 2475 845 2503 vicissitudine
872 2477 1025 2504 consistere

235 2518 311 2544 nullo
326 2518 408 2546 modo
425 2527 515 2553 posse.
533 2519 600 2547 Nam
617 2521 675 2556 ipse
692 2522 826 2550 transitus
839 2530 873 2550 ex
889 2523 1023 2558 nihilo_ad

231 2571 335 2605 ortum,
351 2569 441 2593 motus
452 2566 562 2600 quidam
579 2571 630 2600 est,
647 2571 674 2596 et
688 2569 814 2602 mutatio,
833 2577 886 2604 qua
903 2560 936 2596 id
950 2569 1023 2604 quod

235 2617 324 2637 rerum
343 2611 370 2638 in
389 2615 487 2638 natura
507 2620 562 2640 non
580 2619 655 2646 erat,
671 2615 704 2642 de
723 2616 857 2644 sententia
872 2616 1021 2644 voluntatis

234 2656 332 2684 divina:
344 2658 477 2686 exsistere
495 2660 599 2696 incipit.
610 2662 945 2699 AtqueutinEvangelio"
955 2668 1019 2691 nota

234 2705 260 2731 in
277 2712 330 2731 :ere
345 2712 472 2739 expressa
482 2707 598 2736 Cmsaris
610 2707 698 2743 imago
717 2709 830 2740 dicitur,
848 2709 881 2736 de
901 2717 955 2744 quo
978 2709 1020 2736 in—

235 2750 364 2786 telligitur
381 2753 532 2780 secundum
550 2760 688 2781 exxernam
704 2755 821 2790 speciem
842 2754 927 2784 fuisse
945 2756 1018 2783 illam

271 2839 293 2854 ’ἓ
312 2839 394 2866 Marc.
423 2847 471 2872 xtl,
497 2839 535 2865 15'.

1081 2247 1121 2275 τοῦ
1151 2247 1252 2283 χαλκοῦ
1277 2247 1438 2283 χαρακτῆρα
1465 2247 1604 2282 Καίσαρος
1626 2248 1718 2273 εἰκόνα
1740 2245 1813 2280 λέγει
1837 2245 1869 2272 τὸ

1076 2294 1251 2328 Εὑαγγέλιον,
1276 2294 1309 2320 δι’
1333 2291 1364 2320 οὗ
1388 2292 1558 2328 μανθάνομεν
1580 2292 1650 2320 κατά
1677 2292 1725 2328 μὲν
1749 2292 1780 2319 τὸ
1803 2292 1870 2328 πρό-

1076 2349 1169 2376 σχημα
1193 2340 1242 2376 τὴν
1257 2339 1387 2375 ὁμοίωσιν
1406 2337 1476 2366 εἶναι
1493 2339 1539 2365 τοῦ
1560 2338 1776 2374 μεμορφωμένου
1798 2338 1868 2374 πρὸς

1075 2387 1213 2421 Καίσαρα,
1228 2387 1257 2412 ὲν
1271 2385 1299 2412 δὲ
1311 2385 1350 2420 τῷ
1362 2385 1534 2420 ὑποκειμένῳ
1552 2384 1601 2419 τὴν
1617 2385 1750 2420 διαφορὰν
1772 2384 1844 2419 ἔχειν
1857 2393 1866 2400 υ

1073 2433 1144 2460 οὓτω
1155 2432 1201 2459 καὶ
1212 2431 1283 2458 κατά
1306 2431 1349 2459 τὸν
1370 2431 1491 2467 παρόντα
1505 2431 1594 2466 λόγον,
1609 2430 1671 2457 ἀντὶ
1683 2431 1867 2466 χαρακτήρων

1072 2479 1106 2506 τὰ
1123 2477 1345 2513 ὲπιθεωρούμενα
1361 2478 1393 2512 τῇ
1409 2485 1437 2503 τε
1452 2477 1511 2512 Θείᾳ
1534 2477 1613 2511 φύσει
1636 2476 1683 2503 καὶ
1705 2477 1738 2511 τῇ
1761 2476 1867 2512 ἀνθρω-

1075 2525 1138 2559 πίνῃ
1154 2524 1383 2558 κατανοήσαντες,
1396 2524 1424 2548 ἐν
1439 2521 1479 2553 οἷς
1500 2524 1516 2558 ἡ
1535 2523 1663 2557 ὁμοιότης
1683 2523 1765 2555 ἐστὶν,
1785 2523 1814 2548 ἐν
1827 2521 1866 2556 τῷ

1073 2570 1248 2606 ὑποκειμένῳ
1269 2570 1317 2605 τὴν
1328 2569 1459 2604 διαφορὰν
1484 2569 1688 2604 ἐξευρίσκομεν,
1705 2568 1765 2603 ἧτις
1787 2569 1816 2594 ἐν
1825 2568 1866 2603 τῷ

1075 2617 1194 2651 ἀκτίστῳ
1218 2615 1319 2650 καὶτῷ
1340 2614 1440 2649 κτιστῷ
1463 2615 1624 2650 καθορᾶται.
1651 2614 1759 2650 Ἐπειδὴ
1775 2614 1865 2641 τοίνυν

1074 2663 1105 2690 τὸ
1121 2664 1170 2698 μὲν
1184 2661 1314 2693 ὡσαύτως
1331 2661 1396 2696 ἔχει,
1413 2661 1457 2687 καὶ
1477 2661 1530 2693 ἀεὶ,
1546 2661 1576 2687 τὸ
1591 2661 1619 2688 δὲ
1636 2661 1678 2688 διὰ
1692 2661 1807 2692 κτίσεως
1821 2668 1865 2695 γε-

1075 2707 1225 2743 γενημένον
1249 2708 1296 2734 ἀπ’
1323 2705 1490 2737 ἀλλοιώσεως
1512 2706 1558 2732 τοῦ
1583 2703 1650 2732 εἶναι
1675 2704 1792 2740 ἧρξατο,
1817 2703 1865 2731 καὶ

1076 2753 1214 2787 συγγενῶς
1249 2753 1318 2788 προς
1350 2753 1398 2787 τὴν
1419 2752 1557 2788 ’τοιαύτην
1585 2751 1639 2786 ἔχει
1668 2751 1788 2786 τρο-τήν·
1820 2749 1865 2789 διὰ
