1976 3077
89 142 142 172 185

718 142 762 169 DE
782 141 923 170 HOMINlS
941 142 1098 172 OPIFICIO.

1671 144 1721 173 £36

90 200 170 227 τοῦτο
180 201 194 227 6
209 198 286 232 εἰδὼς
297 199 333 226 τὰ
348 199 436 227 πάντα
451 199 517 236 πρὶν
535 200 668 234 γενέσεως
679 200 781 232 αὐτῶν,
793 200 883 233 καθώς

941 202 1142 230 similitudinem
1156 201 1196 230 rei
1214 201 1391 230 conformata:
1406 202 1439 229 ad
1463 200 1576 238 eiligiem
1597 201 1719 238 Cesaris,

91 254 175 280 φησιν
190 246 207 280 ἡ
221 245 385 281 προφητεία.
405 245 637 282 ἐπακολουθήσας,
655 246 754 281 μᾶλλον
767 246 795 272 δὲ
814 255 881 283 προ-

91 291 263 325 κατανοήσας
273 292 306 326 τῇ
321 292 512 327 προγνωστικῇ
535 291 657 327 δυνάμει,
673 291 741 326 πρὸς
758 293 772 320 ὃ
794 300 820 318 τι
838 291 883 325 ῥέ-

91 345 138 362 πει
157 335 227 362 κατὰ
241 335 272 362 16
287 335 454 371 αὐτοκρατές
470 345 500 362 τε
515 336 562 362 καὶ
578 336 749 369 αὐτεξούσιον
768 336 818 370 τῆς
836 337 883 362 ἁν-

92 381 232 417 θρωπίνης
245 382 431 417 προαιρέσεως
446 383 462 416 ἡ
475 382 591 417 κίνησις,
607 382 699 418 ἐπειδὴ
715 383 745 408 16
755 382 883 417 ἐσόμενον

91 425 174 460 εἶδεν,
199 426 373 461 ἐπιτεχνᾶται
396 428 430 461 τῇ
445 426 530 453 εικόνι
547 426 596 461 τὴν
612 427 676 460 περὶ
690 426 721 452 τὸ
739 426 821 461 ἄρρεν
835 427 884 452 καὶ

94 471 162 506 θῆλυ
181 471 322 506 διαφορὰν,
337 471 398 506 ἥτις
412 472 504 498 οὐκέτι
519 471 587 507 πρὸς
602 471 632 498 τὸ
646 471 716 498 θεῖον
732 472 884 507 ἀρχέτυπον

94 517 198 552 βλέπει,
227 517 295 543 ἀλλὰ
314 517 404 548 καθὼς
430 517 546 552 εἴρηται,
569 518 602 553 τῇ
625 517 782 552 ἁλογωτέρᾳ
801 525 884 553 προσ-

93 563 231 597 ῳκείωται
247 562 336 598 φύσει.
353 563 408 598 Τὴν
428 563 456 589 δὲ
478 563 566 589 αἰτίαν
579 563 629 598 τῆς
649 562 778 598 τοιαύτης
792 563 884 589 ἐπιτε-

94 609 216 644 χνήσεως
235 609 310 644 μόνοι
326 609 376 644 μὲν
397 608 429 634 ἂν
443 609 537 635 εἰδεῖεν
555 609 580 635 οι
594 608 644 643 τῆς
661 608 789 644 ἀληθείας
803 608 884 634 αὑτό-

95 663 174 688 πται,
185 655 231 682 καὶ
241 655 375 690 ὑπηρέται
389 655 434 682 τοῦ
450 655 540 689 λόγου.
563 655 658 690 Ἡμεῖς
673 655 711 687 δὲ,
724 655 814 686 καθώς
826 656 884 682 ἐστι

95 702 267 734 δυνατὸν,διὰ
279 702 440 738 στοχασμῶν
451 711 532 728 τινων
545 702 590 729 καὶ
598 702 710 728 εἰκόνων
720 702 885 736 φαντασθέν-

94 756 140 780 τες
154 747 201 781 τὴν
211 747 350 782 ἀλήθειαν,
362 747 392 773 16
407 747 452 773 ἐπὶ
467 746 529 774 νοῦν
540 746 616 774 ἐλθὸν
631 747 681 773 οὐκ
691 748 885 782 ἀποφαντικῶς

95 793 269 828 ἐκτιθέμεθα,
285 792 342 819 ἀλλ’
357 793 393 824 ὡς
414 794 442 819 ἐν
457 793 610 828 γυμνασίας
629 793 694 819 εἴδει
707 794 763 825 τοῖς
785 793 886 828 εὐγνώ-

98 847 161 874 μοσι
172 838 227 865 τῶν
241 838 423 874 ἀκροωμένων
439 838 639 874 προσθήσομεν.
652 839 684 865 Τί
697 839 786 866 τοίνυν
801 840 884 871 ἐστὶν,

96 873 110 911 6
125 885 188 920 περὶ
202 873 304 911 τούτων
320 873 514 920 διενοήθημεν;
527 873 619 911 Εἰπὼν
635 886 649 911 6
667 885 744 920 λόγος
758 885 798 911 ὄτι
810 885 885 912 ὲποί-
900 873 922 900 Β

95 940 162 966 ησεν
176 932 190 957 6
202 931 268 962 Θεὸς
280 930 326 957 16v
336 930 489 965 ἄνθρωπον,
506 929 545 965 τῷ
556 930 673 966 ἀορίστῳ
685 931 734 965 τῆς
748 931 886 966 σημασίας

98 979 170 1005 ἅπαν
188 977 353 1004 ἐνδείκνυται
367 977 398 1003 16
413 976 595 1012 ἀνθρώπινον.
613 977 650 1002 υὺ
663 976 717 1012 γὰρ
730 977 887 1011 συνωνομά-

98 1024 149 1059 σῗη
161 1024 200 1058 τῷ
211 1024 340 1058 κτίσματι
360 1023 407 1050 νῦν
419 1025 432 1050 6
449 1023 544 1058 Ἀδὰμ,
563 1022 654 1054 καθὼς
673 1023 702 1048 ἐν
719 1024 775 1054 τοῖς
789 1022 887 1057 ἑφεξῆς

97 1071 114 1106 ἡ
131 1070 237 1107 ἱστορία
255 1069 353 1104 φησίν·
376 1069 431 1096 ἀλλ’
445 1069 531 1104 δνομσ.
549 1068 589 1104 τῷ
604 1067 887 1104 κτισθέντιάνορὼπῳ

97 1116 147 1151 οὐχ
157 1117 170 1142 6
183 1115 235 1147 τὶς,
251 1115 308 1142 ἁλλ’
319 1116 334 1141 ὁ
352 1115 465 1142 καθόλου
485 1114 570 1141 ἐστίν.
583 1113 686 1140 Οὐκοῦν
702 1115 735 1148 τῇ
757 1113 886 1148 καθολικῇ

96 1163 147 1198 τῆς
167 1162 273 1196 φύσεως
289 1160 382 1196 κλήσει
400 1160 520 1187 τοιοῦτόν
535 1168 560 1186 τι
583 1159 706 1186 ὑπονοεῖν
723 1158 886 1194 ὲναγόμεθα,

97 1209 137 1235 ὅτι
156 1209 188 1243 τῇ
209 1207 268 1244 θείᾳ
290 1206 442 1242 προγνώσει
461 1215 490 1233 τε
511 1207 557 1233 καὶ
578 1205 692 1240 δυνάμει
713 1206 787 1232 πᾶσα
810 1206 827 1240 ἡ
844 1207 889 1232 ἀν-

99 1254 242 1290 θρωπότης
266 1254 295 1280 ὲν
318 1255 351 1289 τῇ
381 1252 477 1288 πρώτῃ
499 1254 656 1289 κατασκευῇ
685 1252 886 1287 περιείληπται.

98 1300 158 1336 Χρὴ
171 1300 224 1336 γὰρ
243 1299 303 1334 Θεῷ
328 1299 410 1335 μηδὲν
432 1299 558 1334 ἀόριστον
569 1300 598 1325 ὲν
620 1300 676 1330 τοῖς
694 1297 888 1333 γεγενημένοις

98 1347 163 1381 παρ’
181 1346 262 1372 αὑτοῦ
279 1345 416 1381 νομίζειν
433 1345 490 1372 ἀλλ’
514 1345 628 1372 ἑκάστου
646 1345 700 1371 τῶν
720 1345 804 1371 ὄντων
819 1342 888 1370 εἷναί

97 1401 125 1420 τι
151 1391 235 1427 πέρας
261 1391 309 1418 καὶ
335 1391 444 1426 μέτρον,
469 1392 502 1426 τῇ
528 1391 575 1417 τοῦ
599 1390 780 1426 πεποιηκότος
807 1390 888 1425 σοφίᾳ

99 1437 359 1474 ίπεριμετρούμενον.
373 1438 477 1472 Ὠσπερ
490 1437 579 1463 τοίνυν
592 1438 606 1463 ὁ
625 1437 667 1468 τὶς
687 1436 829 1472 ἄνθρωπος
850 1435 889 1471 τῷ

99 1473 170 1511 κατὰ
186 1484 214 1510 τὸ
231 1484 309 1519 σῶμα
324 1483 398 1519 ποσῷ
419 1483 614 1519 περιείργεται,
631 1483 677 1510 καὶ
695 1473 794 1518 μέτρον
813 1481 888 1517 αὐτῷ

99 1530 149 1564 τῆς
161 1529 337 1560 ὑποστάσεως
352 1530 368 1564 ὴ
387 1528 535 1564 πηλικότης
550 1528 635 1559 ἐστὶν.
657 1529 674 1564 ἡ
697 1528 890 1564 συναπαρτιζο-

101 1575 169 1611 μὲνη
183 1576 216 1610 τῇ
230 1574 374 1610 ἐπιφανείᾳ
392 1573 439 1600 τοῦ
453 1573 577 1609 σώματος
591 1581 597 1588 ’
612 1573 699 1605 οὕτως
711 1571 787 1608 οἶμαι
804 1572 891 1600 καθά-

100 1630 153 1657 περ
164 1622 193 1647 ὲν
203 1621 242 1647 ἑνὶ
256 1620 361 1656 σώματι
373 1620 432 1646 ὅλον
440 1620 469 1646 16
475 1620 524 1655 τῆς
536 1619 743 1656 ἁνθρωπότητος
755 1619 892 1655 πλήρωμα

100 1669 132 1704 τῇ
153 1668 342 1703 προγνωστικῇ
360 1666 473 1702 δυνάμει
495 1666 570 1702 παρὰ
590 1666 636 1692 τοῦ
659 1665 726 1692 Θεοῦ
751 1665 805 1692 τῶν
823 1665 891 1692 ὅλων

102 1713 305 1749 περισχεθῆναι,
324 1713 370 1739 καὶ
385 1712 464 1739 τοῦτο
487 1712 622 1739 διδάσκειν
639 1712 684 1738 τὸν
700 1712 778 1746 λόγον
793 1711 839 1738 16v
854 1712 892 1738 sl-

101 1757 196 1788 πόντοι,
221 1757 261 1783 ὅτι
282 1756 328 1782 καὶ
343 1757 470 1792 ἐποίησεν
492 1756 506 1782 ὁ
522 1755 587 1788 Θεὸς
609 1756 654 1782 τὸν
672 1755 824 1792 ἄνθρωπον,
845 1757 892 1783 καὶ

102 1804 162 1830 κατ’
180 1802 272 1830 εἰκόνα
289 1802 356 1829 Θεοῦ
376 1803 503 1840 ἐποίησεν
524 1802 614 1829 αὐτόν.
631 1803 668 1829 Οὐ
689 1803 744 1838 γὰρ
762 1803 791 1829 ὲν
813 1802 892 1838 μέρει

101 1849 152 1884 τῆς
172 1848 279 1883 φύσεως
301 1849 318 1883 ἠ
344 1848 436 1881 εἰκὼν,
461 1847 522 1880 οὐδὲ
545 1847 573 1873 ἓν
587 1856 640 1874 τινι
660 1847 714 1874 τῶν
735 1847 795 1874 καθ’
811 1847 893 1874 αὐτὸν

103 1895 301 1931 θεωρουμένων
322 1895 338 1930 ἡ
353 1894 450 1929 χάρις’
468 1893 524 1920 ἀλλ’
540 1895 582 1927 ἐφ’
601 1894 672 1920 ἆπαν
691 1894 720 1920 τὸ
741 1893 818 1928 γένος
832 1893 893 1920 ἐπί-

103 1950 153 1976 σης
170 1941 188 1975 ἡ
208 1939 319 1975 τοιαύτη
338 1939 427 1975 διήκει
449 1939 573 1974 δύναμις.
594 1939 709 1974 Σημεῖον
725 1939 762 1971 δὲ,
780 1939 820 1965 ὅτι
843 1939 894 1965 πᾶ-

102 1995 147 2014 σιν
175 1985 307 2016 ὡσαύτως
335 1986 348 2012 6
383 1985 444 2017 νοῦς
474 1985 685 2021 ἐγκαθίδρυται·
719 1985 820 2017 πάντες
846 1984 892 2011 τοῦ

103 2032 268 2060 διανοεῖσθαι
287 2031 333 2058 καὶ
346 2030 539 2067 προϐουλεύειν
550 2031 600 2066 τὴν
610 2031 724 2067 δύναμιν
735 2031 836 2066 ἔχουσι,
847 2032 895 2058 καὶ

103 2079 137 2106 τὰ
149 2078 216 2106 ἄλλα
231 2077 330 2110 πάντα,
343 2077 376 2103 δι’
387 2071 424 2102 ὧν
440 2077 456 2112 ἡ
473 2076 533 2102 θεία
544 2076 624 2109 φύσις
642 2077 670 2102 ἐν
681 2076 719 2111 τῷ
735 2076 794 2102 κατ’
809 2077 894 2112 αὐτὴν

104 2124 228 2160 γεγονότι
242 2122 453 2154 ἁπεικονίζεται.
476 2122 590 2158 Ὁμοίως
606 2122 662 2157 ἔχει
677 2122 691 2148 ὅ
706 2131 734 2148 τε
752 2123 783 2158 τῇ
799 2122 894 2158 πρώτῃ

104 2171 151 2197 τοῦ
181 2170 284 2205 κόσμου
308 2170 467 2204 κατασκευῇ
498 2168 714 2204 συναναδειχθεὶς
737 2169 893 2204 ἄνθρωπος,

933 255 996 275 cum
1009 255 1065 275 non
1089 247 1202 275 dubium
1228 247 1257 274 in
1281 247 1394 274 materia
1421 247 1542 282 subjecta
1572 247 1722 275 discrimen

933 297 1026 322 esset:
1041 293 1082 321 sie
1098 293 1182 321 etiam
1197 292 1249 320 bac
1263 292 1290 320 in
1307 293 1505 328 disputatione,
1521 293 1544 320 si
1571 301 1620 328 pro
1648 293 1721 321 notis

933 347 964 366 ea
976 347 1036 374 quae
1053 340 1081 366 in
1094 342 1192 366 natura
1207 338 1299 366 divina
1314 342 1340 366 et
1353 338 1470 365 humana
1484 344 1557 370 sunt,
1577 339 1604 365 in
1620 338 1721 373 quibus

934 385 1085 413 similitudo
1102 385 1238 417 consistit,
1252 384 1487 412 considerabimus
1501 394 1507 399 -
1520 392 1581 412 esse
1595 385 1720 419 magnam

933 431 962 458 in
988 431 1071 459 rebus
1101 430 1232 466 subjectis
1261 430 1448 458 diversitatem
1467 430 1720 465 deprehendemus,

934 484 1016 512 quam
1047 476 1194 511 perspicue
1220 476 1303 503 estin
1332 483 1365 503 eo
1394 476 1627 506 animadvertere,
1649 475 1722 509 quod

935 526 1058 549 creatum
1077 525 1104 549 et
1119 522 1271 549 increatum
1286 521 1433 556 plurimum
1448 521 1520 548 inter
1534 527 1564 547 se
1581 519 1722 549 differunt.

937 568 1120 602 Quamobrem
1138 576 1199 596 cum
1214 567 1287 604 quod
1301 568 1450 595 increatum
1466 572 1517 598 est,
1534 574 1641 601 semper
1652 565 1722 593 idem

936 616 1071 644 exsistat:
1091 619 1213 642 creatum
1232 622 1297 642 vero
1314 621 1362 648 per
1383 612 1601 640 vicissitudinem
1628 619 1724 646 qnam—

935 662 997 690 dam
1013 669 1074 689 esse
1088 661 1213 696 cmperit,
1227 665 1254 688 et
1268 659 1413 688 mutationi
1430 666 1542 694 prorsus
1559 657 1637 685 aliine
1667 657 1703 685 sit
1714 677 1722 689 ,

935 709 1038 736 idcirco
1058 708 1081 736 is
1099 709 1145 743 qui
1175 707 1328 734 secundum
1352 710 1440 733 vatem
1461 712 1505 732 res
1537 711 1632 731 omnes
1660 707 1725 730 ante

935 755 1056 790 ipsarum
1072 757 1162 782 ortum
1177 753 1302 788 cognitas
1328 752 1419 784 habet,
1437 758 1498 778 cum
1517 758 1607 778 rerum
1635 749 1723 776 ordini

935 801 1085 833 insisteret,
1102 800 1144 826 vel
1160 799 1251 834 potius
1268 798 1362 825 divina
1382 804 1432 824 sua
1449 795 1632 831 prospiciendi
1651 794 1725 821 futu-

935 854 982 874 ros
995 849 1110 873 eventus
1130 843 1260 871 facultate
1277 842 1460 878 praecepisset,
1477 847 1557 876 quam
1573 839 1600 866 in
1619 843 1723 874 partem

937 896 1028 920 motus
1044 890 1186 918 electionis
1202 890 1327 916 humana:
1342 895 1391 924 pro
1403 887 1509 914 arbitrii
1522 885 1726 920 voluntatisque

937 947 994 967 sua:
1024 938 1151 965 libertate
1180 937 1343 963 inclinaret:
1374 934 1520 970 imaginem
1549 938 1667 960 creatam
1697 931 1724 959 in

937 985 1090 1013 masculum
1105 988 1132 1012 et
1147 983 1276 1010 feminam
1292 981 1393 1008 divisit.
1411 980 1474 1007 "mc
1493 979 1592 1006 divisio
1615 986 1669 1005 non
1692 977 1724 1004 ad

937 1030 984 1058 Dei
996 1031 1124 1065 princeps
1140 1029 1206 1056 illud
1225 1027 1378 1062 exemplum
1398 1026 1468 1053 facta
1492 1033 1552 1053 esse
1576 1024 1664 1060 putari
1678 1023 1727 1050 de-

937 1077 994 1107 bet,
1014 1075 1062 1103 sed
1092 1073 1320 1109 quemadmodum
1339 1076 1381 1100 est
1410 1071 1526 1098 antehac
1558 1070 1726 1101 indicatum,

938 1121 1128 1156 cognationem
1147 1120 1227 1147 habet
1251 1126 1311 1146 eum
1332 1123 1429 1145 natura
1456 1116 1571 1143 rationis
1602 1119 1725 1150 experte.

938 1168 1056 1196 Causam
1076 1166 1185 1202 quidem
1205 1165 1288 1200 hujus
1299 1164 1474 1192 discretionis
1490 1171 1573 1191 sexus
1589 1162 1639 1189 soli
1656 1160 1727 1188 haud

938 1213 1021 1242 dubie
1044 1213 1198 1246 intelligunt
1215 1210 1265 1243 illi,
1283 1210 1329 1244 qui
1359 1209 1482 1236 veritatis
1508 1206 1610 1234 oculati
1640 1209 1726 1233 testes

939 1263 1014 1290 sunt,
1034 1262 1060 1286 et
1087 1258 1184 1284 barum
1212 1264 1305 1283 rerum
1330 1255 1410 1282 nobis
1437 1253 1596 1281 memoriam
1629 1251 1729 1278 litteris

939 1305 1074 1340 proditam
1087 1303 1268 1330 tradiderunt.
1286 1300 1341 1328 Nos
1369 1308 1433 1328 vero
1454 1307 1503 1334 pro
1530 1299 1601 1326 virili
1633 1302 1727 1324 nostra

939 1360 987 1387 per
1002 1351 1176 1385 conjecturas
1188 1352 1214 1375 et
1228 1348 1376 1375 simulacra
1390 1346 1513 1382 quaedam
1530 1345 1671 1372 veritatem
1689 1344 1730 1370 in-

940 1397 1101 1427 formantes,
1118 1394 1190 1430 quod
1209 1394 1289 1421 nobis
1305 1393 1338 1420 ad
1355 1393 1476 1419 animum
1495 1390 1594 1418 accidit
1614 1389 1728 1424 exponi-

939 1451 1012 1474 mus,
1029 1450 1086 1469 non
1107 1440 1173 1468 illud
1191 1440 1299 1475 quidem
1318 1443 1347 1465 ut
1364 1445 1458 1465 verum
1487 1440 1652 1465 asserentes,
1681 1432 1730 1460 sed

940 1488 1117 1523 subjicientes
1137 1487 1164 1513 in
1189 1486 1303 1521 gratiam
1331 1483 1498 1514 auditorum,
1530 1480 1647 1514 benigne
1673 1478 1729 1504 haec

903 1543 924 1573 ρ
941 1533 1019 1568 quasi
1037 1531 1158 1560 exercitii
1172 1538 1255 1558 causa
1270 1529 1297 1556 in
1310 1528 1428 1556 medium
1449 1526 1530 1552 allata
1547 1524 1730 1558 interpretan-

944 1567 1024 1607 tium.
1055 1576 1127 1611 Quid
1141 1577 1224 1612 igitur
1243 1575 1276 1602 de
1298 1574 1340 1601 his
1361 1573 1389 1600 in
1406 1576 1523 1599 mentem
1541 1569 1620 1597 nobis
1632 1567 1731 1595 venit?

944 1626 996 1653 hoc
1009 1624 1150 1652 nimirum:
1163 1622 1229 1650 Cum
1243 1621 1354 1652 dicitur,
1365 1619 1449 1645 Deum
1462 1624 1571 1644 creasse
1582 1614 1729 1645 hominem,

945 1680 993 1707 per
1008 1669 1176 1698 indeﬁnitam
1196 1666 1321 1695 vocabuli
1338 1665 1457 1693 hominis
1478 1663 1659 1692 notationem,
1680 1667 1730 1686 na-

945 1721 1034 1745 turam
1050 1716 1195 1743 humanam
1210 1714 1365 1740 universam
1380 1710 1506 1744 intelligi.
1525 1707 1592 1734 Nam
1608 1710 1730 1734 creatum

944 1765 1007 1796 hoc,
1026 1762 1100 1798 quod
1118 1761 1151 1788 ad
1165 1760 1211 1787 Dei
1230 1759 1330 1786 factum
1354 1757 1499 1792 imaginem
1529 1754 1656 1783 traditur,
1676 1759 1730 1778 non

945 1811 990 1838 hic
1004 1797 1100 1836 Adami
1115 1813 1215 1834 nomen
1231 1804 1366 1839 adjectum
1379 1803 1468 1833 habet,
1482 1801 1553 1828 sicut
1570 1799 1596 1825 in
1612 1797 1732 1824 historiae

946 1853 1151 1883 narrationibus
1180 1849 1376 1885 sequentibus:
1408 1846 1457 1875 sed
1488 1851 1586 1872 nomen
1611 1841 1731 1869 hominis

946 1899 1031 1928 creati
1049 1897 1168 1925 universi
1189 1896 1308 1931 positum
1324 1897 1377 1925 est,
1401 1900 1456 1920 non
1474 1895 1502 1918 ut
1531 1891 1564 1918 dc
1581 1887 1731 1916 individuo.

947 1947 1052 1974 Idcirco
1066 1952 1113 1979 per
1130 1944 1200 1970 hanc
1212 1941 1331 1969 hominis
1344 1938 1564 1974 appcliationcm,
1579 1943 1632 1971 qua
1646 1938 1732 1961 totum

947 2000 1033 2028 genus
1047 1992 1174 2018 universe
1189 1985 1443 2023 comprehenditur,
1457 1985 1516 2020 ejus
1535 1983 1733 2010 admonemur:

948 2027 1019 2074 quod
1034 2035 1204 2072 providentia
1219 2036 1396 2069 potestasque
1414 2031 1461 2057 Dei
1480 2033 1564 2056 totam
1593 2027 1734 2054 hominum

948 2071 1073 2110 naturam
1090 2081 1118 2108 in
1147 2079 1234 2115 prima
1252 2078 1297 2104 illa
1313 2077 1451 2104 creatione
1480 2074 1619 2108 complexa
1642 2072 1686 2099 sit.
1706 2071 1735 2097 In

948 2129 1030 2156 rebus
1044 2127 1117 2154 cnim
1134 2133 1148 2152 a
1167 2125 1222 2152 Deo
1248 2123 1329 2150 factis
1350 2122 1418 2149 nihil
1439 2128 1500 2148 esse
1517 2119 1664 2154 putandum
1682 2121 1735 2148 est,

948 2172 1022 2208 quod
1038 2172 1072 2199 sit
1088 2170 1140 2206 ipsi
1154 2169 1308 2196 infinitum:
1326 2174 1387 2194 cum
1400 2165 1493 2193 omnia
1504 2172 1565 2199 qua:
1578 2163 1715 2191 exsistunt
1727 2182 1735 2193 ,

106 2217 152 2243 καὶ
169 2218 182 2243 ὀ
197 2215 268 2242 κατὰ
283 2215 332 2251 τὴν
349 2215 397 2242 τοῦ
413 2215 511 2246 παντὸς
527 2215 681 2242 συντέλειαν
699 2215 889 2250 γενησόμενος,

947 2221 1027 2247 tinem
1049 2215 1194 2252 quemdam
1211 2219 1238 2241 et
1266 2220 1410 2240 numerum
1429 2211 1557 2242 habeant,
1586 2209 1736 2236 conditoris

105 2263 205 2298 ἐπίσης
226 2263 269 2297 ἐφ’
291 2262 395 2300 ἑαυτῶν
417 2261 532 2298 φέρουσι
551 2262 601 2297 τὴν
625 2262 699 2289 θείαν
721 2263 822 2289 είκόνα.
846 2262 896 2288 Διὰ

106 2309 186 2335 τοῦτο
200 2305 240 2340 εἷς
257 2308 400 2344 ἅνθρωπος
413 2308 613 2343 κατωνομὰσθη
627 2308 657 2334 16
670 2309 733 2339 πᾶν,
751 2309 791 2334 ὅτι
803 2310 836 2343 τῇ
853 2308 896 2334 δυσ

107 2356 187 2391 νὰμει
206 2355 253 2382 τοῦ
277 2355 345 2382 Θεοῦ
362 2355 424 2382 οὗτε
447 2363 473 2382 τι
500 2354 682 2390 παρῴχηκεν,
709 2355 772 2381 οὔτε
792 2355 895 2390 μέλλει,

107 2403 176 2430 ἀλλὰ
197 2403 244 2429 καὶ
266 2402 296 2429 τὸ
318 2401 543 2438 προσδοκώμενον
558 2401 655 2437 ἐπίσης
675 2401 712 2436 τῷ
730 2401 843 2436 παρόντι
864 2402 896 2436 τῇ

110 2450 268 2484 περιεκτικῇ
302 2447 348 2474 τοῦ
382 2448 483 2479 παντὸς
517 2447 643 2483 ἐνεργείᾳ
678 2447 895 2483 περικρατετται.

110 2494 187 2521 Πίσα
203 2493 290 2519 τοίνυν
305 2494 321 2528 ἡ
338 2492 418 2526 φύσις
433 2494 449 2528 ἡ
464 2492 517 2519 ἀπὸ
541 2493 595 2518 τῶν
614 2491 728 2528 πρώτων
750 2492 830 2528 μέχρι
846 2493 900 2518 τῶν

109 2540 230 2574 ἐσχάτων
247 2539 377 2574 διήκουσα
389 2559 395 2570 ,
417 2538 465 2574 μία
480 2547 522 2570 τις
543 2538 590 2565 τοῦ
610 2538 685 2570 ὄντος
701 2538 774 2564 ἐστὶν
799 2538 898 2564 είκώνο

109 2587 126 2622 ἡ
143 2585 170 2611 δὲ
187 2586 254 2620 πρὸς
273 2585 304 2611 τὸ
318 2586 402 2620 ᾰρῤεν
425 2585 471 2611 καὶ
491 2584 558 2619 θῆλυ
574 2584 620 2610 τοῦ
642 2584 736 2618 γένους
781 2582 898 2619 διαφορὰ

112 2630 387 2666 προσητεσκευὰσθη
409 2631 562 2657 τελευταῖον
571 2630 609 2665 τῷ
625 2630 776 2665 πλάσματι,
793 2630 838 2656 διὰ
850 2629 899 2665 τὴν

110 2677 211 2710 αἰτίαν,
229 2677 266 2708 ὡς
283 2675 369 2711 οἶμαι,
387 2676 498 2712 ταύτην.

948 2263 1083 2298 sapientia
1101 2260 1293 2288 constitutum.
1309 2257 1543 2291 Quemadmodum
1560 2256 1642 2289 igitur
1656 2255 1737 2280 homo

948 2308 1093 2346 (intelligo
1111 2311 1201 2334 autem
1231 2304 1402 2332 individuum
1428 2301 1585 2337 quoddam)
1615 2301 1737 2335 corporis

949 2353 1165 2390 magnitudinem
1180 2352 1282 2379 [initam
1296 2351 1386 2381 habet,
1403 2349 1639 2382 substantiamquc
1652 2348 1737 2382 ipsius

948 2400 1103 2436 quantitate
1119 2399 1258 2430 metimur,
1275 2404 1337 2432 quae
1348 2396 1474 2430 corporis
1490 2394 1635 2430 super-ficio
1649 2394 1737 2420 conti-

949 2454 1028 2476 netur
1043 2456 1050 2474 :
1066 2446 1106 2474 sic
1124 2445 1244 2473 arbitror
1261 2445 1340 2471 initio
1356 2451 1446 2470 rerum
1460 2449 1513 2469 uno
1529 2448 1642 2476 corpore
1653 2444 1736 2467 totam

948 2498 1075 2521 naturam
1100 2492 1249 2518 humanam
1271 2490 1355 2517 Deum
1376 2492 1509 2523 potestate
1523 2495 1583 2517 sua.
1599 2494 1653 2521 qua
1673 2493 1741 2512 cun-

950 2545 994 2568 cta
1013 2538 1151 2574 praevidet,
1167 2537 1338 2571 complexum
1356 2543 1427 2566 csse,
1451 2535 1533 2569 idque
1553 2533 1620 2560 adeo
1649 2531 1739 2558 verbis

949 2584 1024 2612 hisce
1041 2582 1112 2610 tradi
1127 2592 1134 2610 :
1154 2591 1162 2608 ι
1183 2581 1258 2608 Fecit
1277 2581 1349 2608 Deus
1365 2581 1514 2612 hominem,
1525 2583 1552 2606 ct
1566 2578 1598 2604 ad
1613 2577 1659 2604 Dei
1673 2577 1738 2603 ima-

952 2631 1042 2666 ginem
1059 2636 1121 2657 eum
1140 2628 1213 2656 fecit.
1228 2638 1237 2653 ι
1255 2627 1313 2654 Νυη
1329 2627 1400 2653 enim
1417 2627 1505 2660 imago
1522 2631 1546 2652 cl
1565 2623 1650 2658 gratia
1664 2622 1741 2649 beni-

953 2677 999 2712 gni
1017 2676 1062 2703 Dei
1079 2676 1120 2702 vel
1135 2675 1204 2710 parti
1236 2679 1351 2706 natura},
1372 2674 1413 2701 vel
1430 2673 1477 2700 uni
1495 2671 1577 2699 alicui
1608 2676 1740 2697 concessa

111 2728 153 2752 est
173 2723 275 2750 homini
293 2723 478 2758 peculiariter,
499 2722 546 2750 St‘d
569 2722 685 2749 facultas
713 2722 758 2748 illa
788 2721 822 2748 ad
837 2729 923 2756 genus
945 2722 1103 2750 universum
1128 2720 1269 2755 zqualiter
1286 2721 1425 2755 pertinuit.
1451 2718 1528 2752 Quod
1544 2718 1579 2744 ita
1595 2723 1666 2747 csse,
1690 2715 1740 2742 hoc

114 2770 198 2798 etiam
218 2773 378 2803 argumento
393 2771 446 2800 cst,
475 2768 547 2803 quod
567 2777 643 2795 mens
659 2768 762 2803 pariter
783 2767 810 2794 in
830 2769 959 2797 omnibus
988 2768 1094 2795 habitat
1118 2776 1125 2794 :
1149 2774 1243 2793 Otones
1275 2766 1423 2801 cogitandi,
1443 2765 1532 2799 deque
1557 2762 1655 2788 futuris
1673 2768 1740 2787 con-

113 2814 233 2843 sultandi
251 2813 390 2844 facultate,
411 2814 573 2848 cancrisque
604 2813 686 2841 rebus
700 2813 839 2846 omnibus,
857 2822 905 2849 per
921 2823 991 2849 quas
1009 2821 1052 2842 res
1068 2813 1160 2840 divina
1177 2815 1276 2838 natura
1304 2812 1331 2838 in
1350 2810 1467 2846 imagine
1490 2817 1539 2836 sua
1567 2807 1741 2841 exprimitur.
1756 2814 1764 2824 τ’

114 2861 219 2899 prxditi
239 2865 311 2889 Stllll.
329 2859 401 2887 Nihil
415 2861 485 2888 inlcr
501 2861 638 2890 hominem
655 2866 776 2890 creatum
792 2863 818 2890 in
840 2864 928 2898 prima
957 2870 1047 2891 rerum
1074 2860 1265 2894 fabricatione,
1293 2864 1319 2888 et
1348 2867 1408 2888 cum
1426 2857 1472 2894 qui
1489 2858 1515 2885 in
1550 2859 1673 2884 extremo
1693 2861 1740 2883 non
