1977 3071
97 148 149 177 189

729 151 773 178 DE
792 150 933 179 llOl‘lelS
952 151 1108 179 OPIFICIO.
1566 154 1573 167 ‘

1674 148 1724 177 190

95 207 162 242 παρ’
174 206 264 238 αὐτοῖς
277 206 327 233 οὐκ
342 206 428 239 ὄντος,
444 208 472 233 ἐν
487 208 616 244 μυριάσιν
628 207 752 244 ἀπείροις
763 209 792 235 αἱ
804 217 884 245 στρα-

941 217 996 236 rum
1011 210 1035 237 ei
1048 210 1145 237 similis
1162 210 1225 242 erit,
1246 217 1299 244 qua
1317 210 1445 237 fruuntur
1466 208 1577 245 angeli:
1594 208 1723 236 nimirum

95 253 153 280 τιαὶ
168 252 221 278 τῶν
233 252 358 286 ἀγγέλων
373 253 441 279 εἰσίν
455 261 461 267 ·
478 253 549 280 οὕτω
560 254 613 290 γὰρ
624 255 652 281 ὲν
668 256 727 286 ταῖς
742 254 885 286 ὀπτασίαις

96 299 110 325 ὁ
127 298 226 333 Δανιὴλ
239 298 397 334 διηγήσατο.
415 299 520 326 Οὐκοῦν
539 301 608 327 κατὰ
623 301 667 327 τὸν
681 301 760 327 αὑτὸν
773 300 885 336 τρόπον,

96 343 175 379 εἴπερ
189 344 308 379 μηδεμία
327 346 489 381 παρατροπή
506 355 535 372 τε
555 347 602 372 καὶ
615 346 743 378 ἔκστασις
760 346 814 373 ἀπὸ
835 347 885 382 τῆς

95 389 245 424 ἀγγελικῆς
261 389 405 424 omnem;
420 389 449 421 ἐξ
465 391 601 426 ἁμαρτίας
617 391 682 426 ἡμῖν
699 391 819 425 ἐγένετο,
835 391 885 417 οὐκ

95 434 129 461 ἂν
141 435 201 461 οὐδὲ
219 435 299 470 ἡμεῖς
314 435 360 461 τοῦ
377 436 467 470 γάμου
484 436 552 470 πρὸς
566 437 611 463 τὸν
630 437 788 471 πληθυσμὺν
807 437 885 471 ἐδεή-

96 481 192 516 θημεν.
221 482 291 507 ’Δὶ-λ’
306 482 379 512 ὅστις
397 482 469 508 ἐστὶν
495 483 523 508 ἐν
538 484 570 517 τῇ
589 482 667 517 φύσει
688 482 742 509 τῶν
758 483 882 517 ἀγγέλων

95 527 144 554 τοῦ
161 527 334 562 πλεονασμοῦ
347 527 456 563 τρόπος,
475 528 594 563 (ipp-qm;
610 529 658 562 μεν
678 529 724 555 καὶ
741 529 885 564 ἀνεπινόη-

94 580 141 603 τος
150 574 311 608 στοχασμοῖς
320 573 511 608 ἀνθρωπίνοις,
523 573 591 609 πλὴν
604 574 670 600 ἀλλὰ
683 574 790 606 πάντως
799 573 883 600 ἐστίν’

99 616 178 650 οὗτος
193 619 226 645 ἂν
243 619 289 645 καὶ
307 619 351 645 ἐπὶ
365 619 419 645 τῶν
433 619 518 655 βραχύ
536 629 561 646 τι
575 622 640 655 παρ’
655 620 787 655 ἀγγέλους
804 619 885 654 ἠλατ-

95 665 228 699 τωμένων
241 665 392 700 ἀνθρώπων
406 667 566 701 ἐνήργησεν,
580 667 619 698 εἰς
633 667 662 693 τὸ
673 666 822 701 ὡρισμένον
834 665 886 691 ὑπὸ

95 710 145 744 τῆς
166 709 263 745 βουλῆς
284 710 331 736 τοῦ
348 711 529 746 πεποιηκότος
550 711 648 746 μέτρον
671 712 701 737 τὸ
717 711 885 746 ἀνθρώπινον

96 755 195 787 αὔξων.
218 755 249 781 ΕΖ
264 755 292 781 δὲ
316 756 522 791 στενοχωρεῖταί
545 765 586 788 τις
609 756 745 792 ἐπιζητῶν
768 756 813 782 τὸν
836 756 885 790 τῆς

97 801 231 833 γενέσεως
249 801 303 827 τῶν
322 801 472 835 ἀνθρώπων
488 803 595 837 τρόπον,
616 802 639 828 εἰ
664 801 700 837 μὴ
719 801 884 836 προσεδεήθη

96 845 146 879 τῆς
157 844 198 871 διὰ
213 845 259 871 τοῦ
273 846 362 881 γάμου
381 847 524 882 συνεργίας
538 848 551 873 ό
564 846 715 882 ἅνθρωπος,
731 847 878 881 σιν-εερωτὴ⁴

937 258 963 281 et
977 254 1097 282 hominis
1115 258 1177 281 ante
1205 254 1308 289 lapsum
1324 255 1378 282 vita
1395 255 1552 289 angelorum
1585 253 1637 280 l‘uit
1663 253 1724 280 vitae

937 303 1130 331 consentanea,
1151 308 1266 335 eamque
1282 300 1353 328 haud
1374 301 1456 328 dubie
1471 301 1505 328 ob
1526 308 1637 328 causam
1664 300 1725 327 vita:

937 349 1039 372 nostr:e
1054 346 1080 372 in
1100 346 1235 380 integrum
1252 346 1389 373 restitutio
1404 346 1607 381 comparatione
1626 345 1658 372 ad
1674 353 1724 372 au-

936 391 1010 425 gelos
1028 390 1099 417 facta
1120 391 1285 418 declaratur.
1307 392 1452 419 Enimvero
1478 399 1634 426 quanquam
1652 392 1724 418 inter

936 437 1047 471 angelos
1064 437 1136 463 nulla
1154 438 1190 464 sit
1217 438 1392 472 propagatio,
1422 432 1652 472 quemadmodum
1682 440 1724 463 est

937 482 1098 514 indicatum,
1122 487 1211 509 lainen
1237 491 1331 510 eorum
1353 483 1438 518 copia:
1464 490 1579 509 numero
1598 482 1721 516 qumdam

936 527 1048 554 inﬁnitae
1068 532 1142 555 sunt.
1157 528 1201 555 Sic
1221 529 1292 555 enim
1306 529 1363 555 suis
1381 529 1471 555 illisin
1494 528 1562 554 visis
1592 527 1720 554 Danielus

936 578 1141 600 commemorat.
1155 574 1258 601 Idcirco
1271 574 1292 600 si
1312 580 1420 609 propter
1440 580 1580 609 peccaturo
1595 574 1627 600 de
1648 578 1720 601 statu

935 623 962 646 et
979 619 1146 652 conditione,
1163 627 1216 654 qua
1230 627 1309 654 pares
1324 620 1427 655 angelis
1439 627 1558 650 eramus,
1578 626 1631 645 non
1648 619 1722 646 exci-

936 664 1084 696 dissemus,
1102 673 1136 692 ne
1151 665 1230 692 nobis
1258 665 1368 699 quidem
1393 665 1522 699 coniugio
1549 664 1583 690 ad
1614 664 1722 698 generis

935 712 1022 738 nostri
1037 712 1274 746 ampliﬁcationem
1290 719 1358 745 opus
1376 711 1483 738 fuisset.
1505 710 1570 737 Nam
1593 718 1724 745 quaecun-

936 765 988 792 que
1002 757 1110 784 tandem
1124 758 1284 784 incrementi
1300 758 1420 792 angelica
1431 758 1457 784 in
1471 761 1567 784 natura
1578 757 1628 783 fuit
1642 757 1722 788 ratio,

936 809 1016 837 quam
1032 801 1148 829 dicendo
1161 809 1307 836 exponere.
1331 802 1372 829 vel
1401 801 1547 836 cogitando
1572 801 1724 835 intelligere

937 856 984 883 per
997 847 1130 882 quasdam
1155 848 1329 882 conjecturas
1355 847 1490 874 humanas
1518 854 1572 873 non
1600 846 1641 873 fas
1670 849 1723 876 est,

97 898 181 925 σομεν
198 891 244 917 καὶ
258 892 338 926 ἡμεῖς
353 891 398 918 τὸν
411 893 459 926 τῆς
472 892 620 927 ἀγγελικῆς
632 891 806 921 ὑποστάσεως
819 890 882 926 τρό-

941 894 990 921 nisi
1007 893 1079 928 quod
1100 894 1213 920 omnino
1241 894 1359 927 aliquam
1379 892 1464 920 fuisse
1487 894 1644 919 necessario
1668 895 1725 919 sta-

96 943 158 967 πον,
174 935 232 967 πῶς
250 937 278 962 ὲν
292 933 416 971 ἀπείρόις
434 937 563 972 μυριάσιν
580 937 689 967 ἐκεῖνοι,
709 936 754 962 καὶ
771 935 819 970 μία
836 935 879 961 οὖ-

97 979 143 1005 σία
162 980 252 1012 ὄντες,
270 981 316 1006 καὶ
332 981 360 1007 ἐν
374 981 480 1012 πολλοῖς
496 982 703 1017 ἀριθμούμενοι.

938 940 1066 967 tuendum
1081 943 1141 966 est:
1155 940 1249 967 eadem
1269 939 1351 974 igitur
1369 939 1439 966 ratio
1453 939 1480 965 in
1496 939 1616 965 humano
1642 937 1723 965 etiam

936 993 1045 1019 genere,
1062 985 1134 1019 quod
1148 993 1230 1020 prope
1257 985 1291 1012 ab
1309 985 1413 1020 angelis
1431 985 1517 1015 abest,
1549 984 1725 1018 propagando

97 1023 245 1054 valuisset,
271 1025 357 1052 donec
387 1026 419 1052 ad
445 1034 588 1053 numerum
618 1029 736 1055 consilio
760 1029 898 1057 Creatoris
926 1029 1067 1056 deﬁnitum
1096 1035 1254 1064 perventum
1269 1035 1350 1057 esset.
1369 1030 1446 1062 Quod
1479 1030 1501 1057 si
1517 1030 1596 1063 cujus
1622 1029 1665 1055 hic
1695 1028 1722 1054 iu

97 1073 244 1120 attgllsttlitt
260 1070 391 1105 redigitur
405 1072 591 1106 intelligentia,
611 1078 639 1099 ut
658 1081 690 1101 ex
714 1075 793 1102 nobis
810 1075 881 1102 scire
896 1075 969 1107 velit,
987 1083 1074 1110 ecquo
1100 1075 1208 1102 tandem
1230 1076 1310 1102 modo
1332 1075 1456 1102 homines
1472 1075 1569 1102 orituri
1590 1074 1716 1102 fuissent.

97 1115 122 1141 si
137 1115 257 1150 conjugii
281 1117 437 1151 adjumcnlo
454 1126 508 1144 non
525 1119 684 1153 eguissent:
700 1129 762 1147 cum
776 1121 894 1148 vicissim
915 1121 1082 1156 rogabimus,
1103 1122 1241 1156 quomodo
1264 1122 1353 1156 angeli
1375 1122 1430 1149 sint
1451 1121 1516 1153 orti,
1533 1129 1622 1156 quove
1646 1125 1726 1155 pacto

96 1169 158 1189 cum
185 1163 218 1189 ad
238 1163 341 1190 inlinita
357 1171 440 1199 prope
458 1165 542 1192 millia
558 1166 612 1192 sint
642 1166 749 1198 dill'usi,
766 1172 792 1194 et
810 1174 863 1193 una
882 1172 978 1194 natura
998 1171 1024 1193 et
1043 1167 1119 1193 multi
1133 1175 1195 1195 esse
1210 1174 1324 1194 ntunero
1333 1167 1449 1201 possint.

116 1255 202 1282 Τοῦτο
209 1255 262 1290 γὰρ
269 1257 429 1292 προσφόρως
438 1256 659 1292 ἀποκρινούμεθα
667 1257 704 1293 τῷ
714 1259 887 1295 προφέροντι,

98 1301 162 1334 Πῶς
169 1301 202 1328 ἂν
208 1300 307 1339 ἦνδίχα
312 1302 359 1330 τοῦ
367 1302 456 1338 γάμου
464 1303 478 1328 ὁ
485 1301 641 1338 ἄνθρωπος
654 1304 785 1336 εἰπόντες,
794 1305 834 1331 ὅτι
843 1314 889 1332 κα-

99 1347 153 1378 θώς
165 1348 215 1373 εἰσι
226 1348 314 1382 γάμου
320 1348 403 1383 χωρὶς
412 1348 436 1374 οἱ
444 1347 553 1383 ἄγγελοι
562 1357 568 1363 “
580 1349 609 1375 τὸ
617 1349 669 1384 γὰρ
677 1350 888 1385 ὅμοιονὲκείνοις

98 1393 144 1420 τὸν
158 1393 298 1429 ἄνθρωπον
311 1392 380 1421 εἶναι
396 1396 462 1430 πρὸς
478 1396 526 1431 τῆς
539 1395 732 1432 παραϐάσεως,
748 1396 883 1425 δείκνυσιν

99 1441 114 1473 ἡ
129 1441 168 1472 εἰς
181 1442 267 1467 ἐκεῖνο
283 1441 362 1468 πάλιν
379 1441 609 1474 ἀποκατάστασις.
630 1443 737 1470 Τούτων
757 1442 803 1470 οὖν
820 1445 885 1480 ἡμῖν

98 1484 171 1511 οὕτω
189 1485 440 1521 διευκρινηθέντων,
458 1488 598 1515 ἐπανιτέον
620 1489 666 1515 ἐπὶ
685 1489 729 1515 τὸν
754 1490 885 1525 πρότερον

99 1530 178 1564 λόγον
191 1539 197 1545 ·
217 1530 275 1562 πῶς
293 1530 363 1566 μετὰ
380 1532 428 1566 τὴν
445 1532 615 1568 κατασκευὴν
639 1534 690 1568 τῆς
705 1534 819 1565 εἰκόνος,
837 1533 886 1568 τὴν

975 1257 1032 1286 Hoc
1046 1259 1117 1286 enim
1133 1258 1272 1293 aptissime
1296 1257 1522 1293 respondebimus
1546 1257 1663 1291 roganti,
1680 1256 1728 1291 qui

939 1311 999 1330 esse
1015 1304 1095 1330 homo
1111 1303 1170 1330 sine
1187 1303 1315 1338 conjugio
1339 1303 1474 1338 potuisset
1488 1311 1495 1328 :
1515 1302 1536 1329 si
1562 1302 1686 1329 dicamus
1700 1302 1727 1329 in

939 1349 1017 1376 nobis
1036 1350 1086 1376 hoc
1105 1349 1160 1376 ﬁeri
1177 1349 1288 1383 perinde
1304 1348 1434 1383 potuisse,
1447 1352 1535 1382 ,atquc
1565 1347 1592 1374 in
1612 1347 1727 1382 angelis,

939 1396 1026 1431 quiet
1044 1395 1095 1431 ipsi
1121 1395 1249 1431 coniugio
1273 1402 1327 1422 non
1354 1398 1477 1421 utuntur.
1504 1393 1615 1428 Angelis
1637 1397 1726 1419 alitem

938 1447 1148 1470 consentaneam
1163 1443 1279 1468 hominis
1290 1445 1414 1468 naturam
1433 1444 1496 1467 ante
1509 1440 1615 1474 lapsum
1630 1438 1726 1469 fuisse,

939 1489 973 1515 de
986 1489 1036 1514 hoc
1052 1490 1134 1522 patet,
1153 1486 1224 1521 quod
1241 1492 1266 1513 et
1281 1487 1307 1513 in
1326 1486 1460 1521 integrum
1479 1485 1616 1515 restituta,
1632 1484 1726 1511 consi-

940 1533 1014 1560 milis
1030 1532 1131 1559 eisdem
1148 1532 1210 1559 erit.
1226 1530 1273 1558 liis
1286 1531 1320 1558 ad
1334 1531 1406 1558 hunc
1421 1530 1529 1556 modum
1543 1529 1726 1564 investigatis,

99 1579 170 1604 κατὰ
183 1578 213 1605 τό
232 1578 315 1614 ἄρρεν
330 1580 376 1606 καὶ
389 1579 455 1615 θῆλυ
467 1580 598 1616 διαφορὰν
613 1581 627 1606 ὁ
638 1579 704 1611 Θεὸς
713 1580 886 1615 ἐπιτεχνᾶται

941 1578 974 1605 ad
1003 1578 1029 1605 id
1047 1576 1118 1608 unde
1151 1576 1267 1611 digressi
1293 1583 1399 1606 sumus,
1427 1581 1614 1602 revertamur:
1634 1581 1729 1608 quam-

99 1623 138 1658 τῷ
154 1623 302 1658 πλάσματι.
327 1625 398 1660 Πρὸς
416 1624 494 1651 τοῦτο
507 1624 561 1660 γάρ
582 1633 652 1660 φημι
664 1625 798 1660 χρήσιμον
818 1621 888 1650 εἶναι

99 1670 130 1696 τὸ
147 1670 376 1706 προδιηνυσμένον
389 1671 453 1705 ἡμῖν
470 1669 610 1705 Θεώρημα.
635 1670 664 1696 '0
677 1670 731 1705 γὰρ
748 1669 781 1696 τὰ
799 1669 888 1696 πάντα

100 1715 269 1751 παραγαγὼν
285 1717 324 1748 εἰς
339 1716 370 1743 τὸ
387 1714 458 1743 εἶναι
471 1737 478 1749 ,
495 1716 541 1743 καὶ
562 1716 622 1742 ὂλον
636 1717 664 1742 ὲν
679 1715 716 1751 τῷ
733 1716 790 1751 ἰδίῳ
808 1716 887 1750 θελή-

104 1769 168 1796 ματι
183 1762 229 1789 τὸν
243 1762 385 1798 ἄνθρωπον
401 1764 469 1799 πρὸς
479 1763 527 1798 τὴν
545 1762 620 1789 θείαν
633 1762 724 1788 εἰκόνα
735 1761 890 1797 διαμορφώ-

101 1816 161 1840 σας,
177 1808 207 1834 οὐ
224 1809 282 1840 ταῖς
296 1809 356 1835 κατ’
368 1808 456 1842 ὀλίγον
469 1808 637 1844 προσθήκαις
654 1807 707 1834 τῶν
724 1807 888 1842 ἐπιγινομέ-

101 1863 155 1880 νων
163 1854 302 1888 ἀνέμεινεν
316 1854 379 1880 ἱδεῖν
390 1854 436 1880 ἐπὶ
449 1854 479 1880 τὸ
490 1854 555 1880 ἴδιον
568 1853 704 1888 πλήρωμα
715 1853 761 1879 τὸν
774 1853 889 1888 ἀριθμὸν

102 1898 157 1925 τῶν
166 1899 259 1934 ψυχῶν
276 1899 462 1934 τελειούμενον
474 1908 480 1914 ·
502 1899 559 1926 ἀλλ’
576 1899 682 1934 ἀθρόως
699 1899 773 1935 αὐτῷ
786 1899 891 1934 πληρώ-

105 1954 171 1980 ματι
191 1946 280 1972 πᾶσαν
296 1945 346 1980 τὴν
358 1945 530 1981 ἀνθρωπίνην
545 1944 624 1979 φύσιν
643 1945 685 1972 διὰ
703 1945 752 1979 τῆς
768 1953 891 1980 προγνω-

105 1989 201 2024 πικῆς
219 1990 358 2025 ἐνεργείας
373 1991 558 2026 κατανοήσας,
578 1990 624 2016 καὶ
641 1991 673 2025 τῇ
696 1990 784 2026 ὑψηλῇ
801 1999 831 2016 τε
844 1991 890 2017 καὶ

106 2036 242 2071 ἱσαγγέλῳ
261 2036 335 2072 λήξει
355 2037 481 2071 τιμήσας,
499 2036 591 2072 ἐπειδὴ
607 2037 714 2072 προεῖδε
727 2037 759 2072 τῇ
775 2037 890 2071 ὁρατικῇ

103 2081 216 2116 δυνάμει
232 2082 269 2117 μὴ
283 2081 490 2117 εὐθυποροῦσαν
507 2082 575 2117 πρὸς
591 2082 621 2109 τὸ
637 2082 717 2109 καλὸν
731 2083 780 2117 τὴν
795 2082 889 2117 προαί-

107 2136 190 2162 ρεσιν,
207 2127 252 2154 καὶ
267 2127 310 2154 διὰ
321 2127 399 2154 τοῦτο
411 2127 461 2162 τῆς
475 2127 624 2162 ἀγγελικῆς
636 2127 709 2162 ζωῆς
726 2127 893 2155 ἀποπίπτου-

106 2182 155 2199 σαν
166 2181 172 2187 ·
186 2173 223 2204 ὡς
237 2172 268 2199 ἂν
282 2172 318 2208 μὴ
330 2170 494 2206 κολοϐωθείη
508 2173 537 2199 τὸ
551 2173 605 2199 τῶν
617 2173 709 2208 ψυχῶν
723 2173 777 2200 τῶν
789 2173 893 2209 ἀνορω-

106 2218 190 2244 πίνων
206 2219 322 2253 πλῆθος,
339 2218 454 2244 ἐκπεσὸν
467 2218 572 2245 ἐκείνου
589 2218 636 2245 τοῦ
654 2219 766 2254 τρόπον,
784 2219 845 2246 καθ’
862 2219 892 2245 ὃν

105 2268 129 2293 οἱ
144 2267 252 2300 ἄγγελοι
269 2266 335 2300 προς
345 2266 375 2292 τὸ
390 2266 491 2300 πλῆθος
507 2266 663 2302 ηὐξήθησαν
675 2275 681 2282 ·
694 2266 737 2293 διὰ
753 2268 831 2294 τοῦτο
843 2268 892 2302 τὴν

106 2313 272 2347 κατάλληλον
297 2313 352 2343 τοῖς
373 2313 412 2343 εἰς
439 2313 578 2347 ἁμαρτίαν
604 2313 816 2348 κατολισθήσασι
840 2313 891 2348 τῆς

107 2358 246 2393 αὐξήσεως
265 2358 383 2384 ἐπίνοιαν
407 2358 637 2392 ἐγκατασκευάζει
659 2360 691 2393 τῇ
718 2359 817 2392 φύσει,
833 2359 893 2385 ἀντὶ

106 2404 155 2439 τῆς
169 2403 314 2439 ἁγγελικῆς
329 2404 513 2438 μεγαλορυῖεις
530 2404 573 2430 τὸν
587 2404 709 2439 κτηνώδη
723 2413 752 2430 τε
766 2405 813 2431 καὶ
830 2404 888 2431 ἄλο-

106 2458 155 2485 γον
176 2451 223 2485 τῆς
236 2449 265 2482 ἐξ
280 2450 400 2485 ἀλλήλων
413 2449 536 2484 διαδοχῆς
552 2450 651 2485 τρόπον
671 2450 842 2486 ἐμφυτεύσας
859 2452 891 2486 τῇ

107 2497 306 2532 ἀνθρωπότητι.
331 2496 472 2523 Ἐντεῦθεν
492 2505 536 2531 μοι
555 2497 628 2524 δοκεῖ
645 2498 690 2524 καὶ
706 2499 720 2524 ό
742 2498 830 2532 μέγας
846 2499 894 2524 Δα-

109 2542 151 2569 εὶδ
172 2541 406 2576 κατοικτιζόμενος
423 2541 470 2568 τοῦ
494 2541 637 2577 ἀνθρώπου
660 2543 709 2578 τὴν
728 2543 891 2577 ἀθλιότητα,

108 2588 236 2619 τοιούτοις
245 2587 425 2621 manuue
430 2587 545 2622 ρηνῆσαι
554 2587 602 2622 τὴν
609 2587 698 2622 ερύσιν·
709 2588 750 2614 ὅτι
760 2597 768 2612 ι
776 2587 895 2622 ’Δνθρω‹

111 2643 160 2666 πος
176 2634 205 2660 ὲν
218 2635 283 2668 τιμῇ
301 2634 337 2660 ὢν
351 2635 381 2660 οὐ
398 2634 496 2668 συνῆκε
507 2642 514 2648 ·
530 2642 539 2659 ›
554 2634 635 2669 τιμήν
651 2633 747 2668 λέγων,
765 2633 813 2660 τὴν
826 2632 894 2668 πρὸς

108 2674 171 2704 τοὺς
183 2674 314 2707 ἀγγέλους
327 2674 482 2709 όμοτιμίαν.
493 2675 541 2701 Διὰ
555 2675 641 2708 τοῦτο,
659 2677 735 2710 φησι,
754 2686 895 2712 παρασυν-

107 2714 209 2750 ιδ).ήθη
235 2718 289 2746 τοῖς
310 2716 420 2750 κτήνεσι
450 2718 507 2748 τοῖς
534 2718 672 2754 ἀνοήτοις,
704 2719 749 2745 καὶ
767 2719 894 2756 ὡμοιώθη

111 2760 212 2792 αὐτοῖς.
232 2762 334 2792 Ὄντως
352 2761 406 2796 γὰρ
427 2763 565 2799 κτηνιῗιόης
587 2765 693 2799 ἐγένετο
711 2767 724 2792 ό
741 2766 790 2802 τὴν
809 2766 895 2802 ῥοώδη

147 2849 165 2863 “
182 2849 253 2876 l‘sal.
273 2857 363 2878 nam.
376 2850 418 2877 21.

939 1624 1032 1650 obrcm
1041 1622 1164 1650 videlicet
1177 1622 1326 1654 Deus,cum
1340 1620 1484 1656 imaginem
1498 1620 1538 1647 sui
1548 1620 1726 1651 condidisset,

939 1676 1021 1697 sexus
1060 1668 1174 1696 masculi
1203 1667 1366 1702 feinineique
1396 1666 1542 1693 discrimen
1579 1665 1726 1692 addiderit.

939 1715 1069 1750 Equidem
1086 1714 1119 1741 ad
1141 1713 1349 1748 explicationem
1375 1712 1457 1747 hujus
1472 1711 1631 1747 quaestionis
1656 1710 1724 1738 utile

939 1760 997 1788 fore
1010 1759 1146 1790 existimo,
1164 1758 1235 1793 quod
1254 1758 1333 1793 paulo
1348 1761 1411 1784 ante
1427 1756 1629 1784 considerando
1644 1755 1723 1790 quasi

940 1806 1136 1837 conclusimus,
1151 1804 1247 1837 Deum,
1263 1803 1312 1839 qui
1327 1808 1402 1830 creat
1417 1802 1518 1833 omnia,
1536 1802 1624 1835 deque
1638 1801 1724 1828 animi

940 1853 982 1879 sui
1002 1851 1136 1880 sententia
1150 1849 1287 1877 hominem
1301 1852 1388 1876 totum
1406 1847 1439 1874 ad
1452 1847 1596 1881 imaginem
1607 1845 1728 1873 divinam

940 1897 1143 1928 conformavit,
1172 1895 1294 1922 noluisse
1327 1893 1482 1920 animorum
1516 1899 1658 1919 numerum
1688 1891 1727 1918 ita

941 1942 1082 1978 compleri,
1100 1945 1129 1968 ut
1144 1948 1218 1968 nunc
1234 1940 1277 1967 his
1295 1946 1369 1966 nunc
1384 1938 1437 1966 illis
1457 1939 1485 1965 in
1503 1939 1590 1965 luccm
1608 1936 1726 1972 posteris

940 1988 1020 2015 editis
1034 1987 1224 2021 adaugerelur,
1240 1985 1288 2013 sed
1303 1991 1363 2017 cum
1379 1983 1474 2011 eodem
1501 1986 1650 2014 momento,
1676 1989 1731 2018 quo

941 2038 1068 2060 naturam
1092 2032 1238 2058 humanam
1264 2029 1398 2060 condidit.
1425 2037 1484 2056 eam
1521 2029 1675 2056 universam
1705 2031 1732 2054 et

942 2078 1074 2111 integram
1093 2075 1221 2104 facultate
1236 2081 1286 2102 sua
1311 2074 1403 2101 futura
1430 2074 1612 2109 prospiciente
1637 2073 1729 2100 intue-

942 2128 1029 2154 retur,
1058 2123 1222 2156 cxcelsoque
1248 2121 1275 2147 in
1308 2120 1450 2155 dignitatis
1481 2120 1588 2155 gradu,
1622 2123 1649 2146 et
1682 2119 1730 2153 qui

942 2169 1099 2204 angelorum
1112 2167 1260 2195 conditioni
1273 2174 1321 2201 par
1334 2171 1417 2198 esset,
1429 2166 1576 2192 collocaret
1589 2175 1595 2192 :
1608 2165 1732 2192 animad-
1774 2195 1778 2199 λ

943 2216 1058 2243 vertisse
1079 2215 1102 2241 vi
1127 2214 1239 2244 divina,
1264 2213 1377 2240 liberam
1405 2212 1524 2238 hominis
1548 2212 1574 2238 in
1605 2211 1732 2246 eligendo

946 2261 1112 2288 voluntatem
1128 2267 1181 2286 non
1198 2258 1249 2294 (uti
1264 2258 1390 2293 debebat)
1402 2258 1511 2285 virtutis
1523 2257 1594 2284 viam
1616 2257 1731 2292 ingredi.

947 2309 1040 2342 itaque
1058 2306 1103 2333 ubi
1116 2306 1149 2332 de
1166 2305 1245 2332 beato
1266 2305 1328 2332 vitre
1343 2304 1472 2339 angelicae
1488 2307 1561 2330 statu
1579 2303 1733 2330 cxorldtas-

947 2358 998 2384 scl,
1025 2359 1058 2378 ne
1083 2352 1263 2378 humanorum
1283 2350 1436 2377 animorum
1454 2350 1528 2376 natio
1556 2350 1616 2376 sine
1641 2350 1731 2376 incre-

947 2401 1040 2425 mento
1070 2402 1154 2428 esset,
1183 2398 1287 2424 amisso
1323 2395 1528 2431 propagationis
1563 2395 1656 2428 modo,
1677 2402 1732 2430 quo

946 2444 1103 2479 angelorum
1119 2447 1197 2470 crant
1212 2448 1299 2469 auctae
1316 2441 1410 2476 copiae,
1437 2441 1571 2468 rationem
1583 2440 1730 2475 quamdam

946 2490 1067 2520 invenit,
1102 2497 1154 2524 qua
1191 2497 1278 2524 genus
1312 2488 1458 2514 humanum
1500 2486 1730 2521 ampliﬁcaretur,

946 2541 1158 2564 consentancam
1177 2540 1281 2562 natura:
1306 2537 1417 2565 nostra‘,
1433 2533 1479 2568 qui
1499 2533 1525 2559 in
1555 2532 1650 2558 vitium
1669 2539 1732 2566 pro-

948 2583 1018 2618 lapsi
1044 2590 1164 2609 cramns.
1188 2580 1254 2608 Nam
1283 2588 1332 2616 pro
1359 2584 1506 2614 prteslauto
1529 2579 1575 2606 illo
1604 2579 1733 2613 angeliczc

949 2633 1055 2656 natura:
1071 2628 1152 2655 modo
1168 2627 1250 2654 alium
1270 2626 1414 2661 quemdam
1432 2626 1510 2653 nobis
1532 2625 1682 2655 concessit,
1705 2629 1732 2651 ut

949 2673 1092 2700 brutorum
1107 2672 1274 2706 rationisque
1290 2672 1442 2706 expertiqu
1471 2670 1630 2696 animalium
1660 2676 1735 2696 more

949 2723 1058 2747 nosmet
1075 2716 1250 2753 propagando
1268 2720 1502 2751 pcrpetuarctnus.
1519 2714 1594 2741 lianc
1609 2715 1644 2740 ob
1670 2721 1734 2740 cau-

950 2774 1008 2793 sam
1036 2772 1150 2800 maguus
1175 2763 1220 2790 illc
1242 2759 1667 2794 Davidcs“,hominismisciiam
1692 2759 1733 2786 his
