  <div class='ocr_page' id='page_1' title='image "/cluster/home/n/w/nwhite01/storage/ocr_20150623/44/njp.32101009003169/101.png"; bbox 0 0 1977 3071; ppageno 0'>
   <div class='ocr_carea' id='block_1_1' title="bbox 251 159 300 188">
    <p class='ocr_par' dir='ltr' id='par_1_1' title="bbox 251 159 300 188">
     <span class='ocr_line' id='line_1_1' title="bbox 251 159 300 188; baseline 0 0"><span class='ocrx_word' id='word_1_1' title='bbox 251 159 300 188; x_wconf 71' lang='grc'><strong>191</strong></span> 
     </span>
    </p>
   </div>
   <div class='ocr_carea' id='block_1_2' title="bbox 835 157 1219 189">
    <p class='ocr_par' dir='ltr' id='par_1_2' title="bbox 835 157 1219 189">
     <span class='ocr_line' id='line_1_2' title="bbox 835 157 1219 189; baseline 0.008 -3"><span class='ocrx_word' id='word_1_2' title='bbox 835 158 863 186; x_wconf 91' lang='lat' dir='ltr'><strong>S.</strong></span> <span class='ocrx_word' id='word_1_3' title='bbox 885 157 1050 187; x_wconf 76' lang='lat' dir='ltr'><strong>GIIEGORII</strong></span> <span class='ocrx_word' id='word_1_4' title='bbox 1071 159 1219 189; x_wconf 82' lang='lat' dir='ltr'><strong>NYSSENI</strong></span> 
     </span>
    </p>
   </div>
   <div class='ocr_carea' id='block_1_3' title="bbox 1835 160 1884 188">
    <p class='ocr_par' dir='ltr' id='par_1_3' title="bbox 1835 160 1884 188">
     <span class='ocr_line' id='line_1_3' title="bbox 1835 160 1884 188; baseline 0.041 -2"><span class='ocrx_word' id='word_1_5' title='bbox 1835 160 1884 188; x_wconf 67' lang='lat'><strong>192</strong></span> 
     </span>
    </p>
   </div>
   <div class='ocr_carea' id='block_1_4' title="bbox 254 216 1044 256">
    <p class='ocr_par' dir='ltr' id='par_1_4' title="bbox 254 216 1039 252">
     <span class='ocr_line' id='line_1_4' title="bbox 254 216 1039 252; baseline 0.001 -8"><span class='ocrx_word' id='word_1_6' title='bbox 254 217 319 245; x_wconf 89' lang='lat' dir='ltr'><strong>mihi</strong></span> <span class='ocrx_word' id='word_1_7' title='bbox 335 217 426 244; x_wconf 83' lang='lat' dir='ltr'><strong>verbis</strong></span> <span class='ocrx_word' id='word_1_8' title='bbox 437 216 596 252; x_wconf 86' lang='lat' dir='ltr'><strong>deplorasse</strong></span> <span class='ocrx_word' id='word_1_9' title='bbox 607 216 716 244; x_wconf 86' lang='lat' dir='ltr'><strong>videtur</strong></span> <span class='ocrx_word' id='word_1_10' title='bbox 730 226 736 243; x_wconf 91' lang='lat'>:</span> <span class='ocrx_word' id='word_1_11' title='bbox 757 227 765 242; x_wconf 81' lang='grc' dir='ltr'>ι</span> <span class='ocrx_word' id='word_1_12' title='bbox 786 216 872 244; x_wconf 87' lang='lat' dir='ltr'><strong>Ilomo</strong></span> <span class='ocrx_word' id='word_1_13' title='bbox 887 225 949 244; x_wconf 91' lang='lat' dir='ltr'><strong>cum</strong></span> <span class='ocrx_word' id='word_1_14' title='bbox 965 221 1039 245; x_wconf 86' lang='lat' dir='ltr'><strong>esset</strong></span> 
     </span>
    </p>
   </div>
   <div class='ocr_carea' id='block_1_5' title="bbox 1095 216 1884 256">
    <p class='ocr_par' dir='ltr' id='par_1_5' title="bbox 1095 218 1884 256">
     <span class='ocr_line' id='line_1_5' title="bbox 1095 218 1884 256; baseline 0.001 -11"><span class='ocrx_word' id='word_1_15' title='bbox 1095 218 1191 255; x_wconf 70' lang='grc' dir='ltr'>ταύτην</span> <span class='ocrx_word' id='word_1_16' title='bbox 1212 219 1318 254; x_wconf 82' lang='grc' dir='ltr'>γένεσιν</span> <span class='ocrx_word' id='word_1_17' title='bbox 1339 220 1372 255; x_wconf 81' lang='grc' dir='ltr'>τῇ</span> <span class='ocrx_word' id='word_1_18' title='bbox 1396 220 1476 254; x_wconf 85' lang='grc' dir='ltr'>φύσει</span> <span class='ocrx_word' id='word_1_19' title='bbox 1503 219 1726 256; x_wconf 76' lang='grc' dir='ltr'>παραδεξάμενος</span> <span class='ocrx_word' id='word_1_20' title='bbox 1739 240 1746 253; x_wconf 86' lang='grc'><em>,</em></span> <span class='ocrx_word' id='word_1_21' title='bbox 1775 219 1818 247; x_wconf 79' lang='grc' dir='ltr'>διὰ</span> <span class='ocrx_word' id='word_1_22' title='bbox 1835 219 1884 255; x_wconf 80' lang='grc' dir='ltr'>τὴν</span> 
     </span>
    </p>
   </div>
   <div class='ocr_carea' id='block_1_6' title="bbox 253 262 1042 298">
    <p class='ocr_par' dir='ltr' id='par_1_6' title="bbox 253 262 1042 298">
     <span class='ocr_line' id='line_1_6' title="bbox 253 262 1042 298; baseline -0.001 -7"><span class='ocrx_word' id='word_1_23' title='bbox 253 265 280 291; x_wconf 88' lang='lat' dir='ltr'><strong>iu</strong></span> <span class='ocrx_word' id='word_1_24' title='bbox 295 263 438 297; x_wconf 70' lang='lat' dir='ltr'><strong>dignitate,</strong></span> <span class='ocrx_word' id='word_1_25' title='bbox 451 263 572 290; x_wconf 92' lang='lat' dir='ltr'><strong>animum</strong></span> <span class='ocrx_word' id='word_1_26' title='bbox 585 270 639 289; x_wconf 92' lang='lat' dir='ltr'><strong>non</strong></span> <span class='ocrx_word' id='word_1_27' title='bbox 654 262 772 290; x_wconf 87' lang='lat' dir='ltr'><strong>advertit</strong></span> <span class='ocrx_word' id='word_1_28' title='bbox 788 271 794 289; x_wconf 89' lang='lat'>:</span> <span class='ocrx_word' id='word_1_29' title='bbox 814 272 823 288; x_wconf 78' lang='grc' dir='ltr'>ι</span> <span class='ocrx_word' id='word_1_30' title='bbox 851 263 980 290; x_wconf 87' lang='lat' dir='ltr'><strong>nimirum</strong></span> <span class='ocrx_word' id='word_1_31' title='bbox 994 270 1042 298; x_wconf 86' lang='lat' dir='ltr'><strong>per</strong></span> 
     </span>
    </p>
   </div>
   <div class='ocr_carea' id='block_1_7' title="bbox 1095 265 1432 302">
    <p class='ocr_par' dir='ltr' id='par_1_7' title="bbox 1095 265 1432 302">
     <span class='ocr_line' id='line_1_7' title="bbox 1095 265 1432 302; baseline 0.006 -11"><span class='ocrx_word' id='word_1_32' title='bbox 1095 265 1164 300; x_wconf 75' lang='grc' dir='ltr'>πρὸς</span> <span class='ocrx_word' id='word_1_33' title='bbox 1177 265 1208 292; x_wconf 80' lang='grc' dir='ltr'>τὸ</span> <span class='ocrx_word' id='word_1_34' title='bbox 1223 265 1323 298; x_wconf 83' lang='grc' dir='ltr'><strong>ὑλῶδες</strong></span> <span class='ocrx_word' id='word_1_35' title='bbox 1335 266 1432 302; x_wconf 79' lang='grc' dir='ltr'>ῥοπήν.</span> 
     </span>
    </p>
   </div>
   <div class='ocr_carea' id='block_1_8' title="bbox 253 307 1881 346">
    <p class='ocr_par' dir='ltr' id='par_1_8' title="bbox 253 307 1881 346">
     <span class='ocr_line' id='line_1_8' title="bbox 253 307 1881 346; baseline 0.003 -12"><span class='ocrx_word' id='word_1_36' title='bbox 253 309 390 342; x_wconf 74' lang='lat' dir='ltr'><strong>dignitatis</strong></span> <span class='ocrx_word' id='word_1_37' title='bbox 407 312 507 335; x_wconf 84' lang='lat' dir='ltr'><strong>statum</strong></span> <span class='ocrx_word' id='word_1_38' title='bbox 528 308 670 340; x_wconf 73' lang='lat' dir='ltr'><strong>intellexit,</strong></span> <span class='ocrx_word' id='word_1_39' title='bbox 690 308 795 342; x_wconf 79' lang='lat' dir='ltr'><strong>angelis</strong></span> <span class='ocrx_word' id='word_1_40' title='bbox 819 307 959 335; x_wconf 86' lang='lat' dir='ltr'><strong>hominem</strong></span> <span class='ocrx_word' id='word_1_41' title='bbox 983 309 1140 338; x_wconf 85' lang='lat' dir='ltr'><strong>conditione</strong></span> <span class='ocrx_word' id='word_1_42' title='bbox 1166 318 1259 346; x_wconf 90' lang='lat' dir='ltr'><strong>parem</strong></span> <span class='ocrx_word' id='word_1_43' title='bbox 1291 311 1386 345; x_wconf 84' lang='lat' dir='ltr'><strong>fuisse,</strong></span> <span class='ocrx_word' id='word_1_44' title='bbox 1417 311 1529 346; x_wconf 71' lang='lat' dir='ltr'><strong>subiicit</strong></span> <span class='ocrx_word' id='word_1_45' title='bbox 1556 316 1672 341; x_wconf 85' lang='lat' dir='ltr'><strong>autem:</strong></span> <span class='ocrx_word' id='word_1_46' title='bbox 1697 312 1802 340; x_wconf 88' lang='lat' dir='ltr'><strong>Idcirco</strong></span> <span class='ocrx_word' id='word_1_47' title='bbox 1816 312 1881 339; x_wconf 89' lang='lat' dir='ltr'><strong>bru-</strong></span> 
     </span>
    </p>
   </div>
   <div class='ocr_carea' id='block_1_9' title="bbox 254 353 1885 394">
    <p class='ocr_par' dir='ltr' id='par_1_9' title="bbox 254 353 1885 394">
     <span class='ocr_line' id='line_1_9' title="bbox 254 353 1885 394; baseline 0.003 -13"><span class='ocrx_word' id='word_1_48' title='bbox 254 355 288 381; x_wconf 89' lang='lat' dir='ltr'><strong>tis</strong></span> <span class='ocrx_word' id='word_1_49' title='bbox 312 360 353 382; x_wconf 90' lang='lat' dir='ltr'><strong>est</strong></span> <span class='ocrx_word' id='word_1_50' title='bbox 376 354 563 382; x_wconf 87' lang='lat' dir='ltr'><strong>animantibus</strong></span> <span class='ocrx_word' id='word_1_51' title='bbox 578 358 765 388; x_wconf 87' lang='lat' dir='ltr'><strong>comparatus,</strong></span> <span class='ocrx_word' id='word_1_52' title='bbox 781 357 808 381; x_wconf 91' lang='lat' dir='ltr'><strong>et</strong></span> <span class='ocrx_word' id='word_1_53' title='bbox 832 355 927 382; x_wconf 79' lang='lat' dir='ltr'><strong>iisdem</strong></span> <span class='ocrx_word' id='word_1_54' title='bbox 951 353 1067 383; x_wconf 79' lang='lat' dir='ltr'><strong>eﬁ‘cctus</strong></span> <span class='ocrx_word' id='word_1_55' title='bbox 1085 356 1195 384; x_wconf 85' lang='lat' dir='ltr'><strong>similis.</strong></span> <span class='ocrx_word' id='word_1_56' title='bbox 1223 357 1351 386; x_wconf 81' lang='lat' dir='ltr'><strong>Profecto</strong></span> <span class='ocrx_word' id='word_1_57' title='bbox 1378 359 1450 386; x_wconf 88' lang='lat' dir='ltr'><strong>enim</strong></span> <span class='ocrx_word' id='word_1_58' title='bbox 1467 359 1619 391; x_wconf 89' lang='lat' dir='ltr'><strong>obbrutuit,</strong></span> <span class='ocrx_word' id='word_1_59' title='bbox 1640 363 1784 394; x_wconf 77' lang='lat' dir='ltr'><strong>postquam</strong></span> <span class='ocrx_word' id='word_1_60' title='bbox 1810 366 1885 386; x_wconf 87' lang='lat' dir='ltr'><strong>more</strong></span> 
     </span>
    </p>
   </div>
   <div class='ocr_carea' id='block_1_10' title="bbox 253 401 1882 441">
    <p class='ocr_par' dir='ltr' id='par_1_10' title="bbox 253 401 1882 441">
     <span class='ocr_line' id='line_1_10' title="bbox 253 401 1882 441; baseline 0.005 -14"><span class='ocrx_word' id='word_1_61' title='bbox 253 401 394 428; x_wconf 87' lang='lat' dir='ltr'><strong>brutorum</strong></span> <span class='ocrx_word' id='word_1_62' title='bbox 426 402 571 438; x_wconf 79' lang='lat' dir='ltr'><strong>propagari</strong></span> <span class='ocrx_word' id='word_1_63' title='bbox 601 402 704 436; x_wconf 87' lang='lat' dir='ltr'><strong>coepit,</strong></span> <span class='ocrx_word' id='word_1_64' title='bbox 734 401 916 437; x_wconf 76' lang='lat' dir='ltr'><strong>degenerante</strong></span> <span class='ocrx_word' id='word_1_65' title='bbox 945 403 1033 438; x_wconf 87' lang='lat' dir='ltr'><strong>ipsius</strong></span> <span class='ocrx_word' id='word_1_66' title='bbox 1060 405 1229 438; x_wconf 81' lang='lat' dir='ltr'><strong>praestantia,</strong></span> <span class='ocrx_word' id='word_1_67' title='bbox 1255 413 1340 441; x_wconf 85' lang='lat' dir='ltr'><strong>seque</strong></span> <span class='ocrx_word' id='word_1_68' title='bbox 1365 406 1526 434; x_wconf 86' lang='lat' dir='ltr'><strong>demittente</strong></span> <span class='ocrx_word' id='word_1_69' title='bbox 1546 406 1579 434; x_wconf 90' lang='lat' dir='ltr'><strong>ad</strong></span> <span class='ocrx_word' id='word_1_70' title='bbox 1602 412 1708 434; x_wconf 72' lang='lat' dir='ltr'><strong>natura:</strong></span> <span class='ocrx_word' id='word_1_71' title='bbox 1735 407 1882 435; x_wconf 81' lang='lat' dir='ltr'><strong>crassioris</strong></span> 
     </span>
    </p>
   </div>
   <div class='ocr_carea' id='block_1_11' title="bbox 254 448 447 475">
    <p class='ocr_par' dir='ltr' id='par_1_11' title="bbox 254 448 447 475">
     <span class='ocr_line' id='line_1_11' title="bbox 254 448 447 475; baseline 0 -1"><span class='ocrx_word' id='word_1_72' title='bbox 254 448 436 475; x_wconf 81' lang='lat' dir='ltr'><strong>conditionem</strong></span> <span class='ocrx_word' id='word_1_73' title='bbox 441 467 447 474; x_wconf 90' lang='lat'><strong>.</strong></span> 
     </span>
    </p>
   </div>
   <div class='ocr_carea' id='block_1_12' title="bbox 537 505 764 535">
    <p class='ocr_par' dir='ltr' id='par_1_12' title="bbox 537 505 764 535">
     <span class='ocr_line' id='line_1_12' title="bbox 537 505 764 535; baseline 0 0"><span class='ocrx_word' id='word_1_74' title='bbox 537 505 652 535; x_wconf 78' lang='lat' dir='ltr'><strong>CAPUT</strong></span> <span class='ocrx_word' id='word_1_75' title='bbox 673 505 764 535; x_wconf 81' lang='lat' dir='ltr'><strong>XVIII.</strong></span> 
     </span>
    </p>
   </div>
   <div class='ocr_carea' id='block_1_13' title="bbox 253 544 1044 586">
    <p class='ocr_par' dir='ltr' id='par_1_13' title="bbox 253 544 1044 586">
     <span class='ocr_line' id='line_1_13' title="bbox 253 544 1044 586; baseline 0.003 -8"><span class='ocrx_word' id='word_1_76' title='bbox 253 551 470 580; x_wconf 72' lang='lat' dir='ltr'><strong>Perturbationes</strong></span> <span class='ocrx_word' id='word_1_77' title='bbox 485 553 512 579; x_wconf 77' lang='lat' dir='ltr'><strong>in</strong></span> <span class='ocrx_word' id='word_1_78' title='bbox 528 554 602 580; x_wconf 82' lang='lat' dir='ltr'><strong>nobis</strong></span> <span class='ocrx_word' id='word_1_79' title='bbox 621 553 714 584; x_wconf 78' lang='lat' dir='ltr'><strong>animi,</strong></span> <span class='ocrx_word' id='word_1_80' title='bbox 731 544 834 580; x_wconf 67' lang='lat' dir='ltr'><strong>aliena:</strong></span> <span class='ocrx_word' id='word_1_81' title='bbox 849 562 865 580; x_wconf 89' lang='lat' dir='ltr'><strong><em>a</em></strong></span> <span class='ocrx_word' id='word_1_82' title='bbox 878 554 991 586; x_wconf 72' lang='lat' dir='ltr'><strong>raliane,</strong></span> <span class='ocrx_word' id='word_1_83' title='bbox 1010 561 1044 580; x_wconf 75' lang='lat' dir='ltr'><strong>ex</strong></span> 
     </span>
    </p>
   </div>
   <div class='ocr_carea' id='block_1_14' title="bbox 318 587 966 624">
    <p class='ocr_par' dir='ltr' id='par_1_14' title="bbox 318 587 966 624">
     <span class='ocr_line' id='line_1_14' title="bbox 318 587 966 624; baseline 0.002 -10"><span class='ocrx_word' id='word_1_84' title='bbox 318 587 366 614; x_wconf 77' lang='lat' dir='ltr'><strong>hac</strong></span> <span class='ocrx_word' id='word_1_85' title='bbox 380 596 438 614; x_wconf 85' lang='lat' dir='ltr'><strong>cum</strong></span> <span class='ocrx_word' id='word_1_86' title='bbox 453 588 589 614; x_wconf 81' lang='lat' dir='ltr'><strong>brutorum</strong></span> <span class='ocrx_word' id='word_1_87' title='bbox 605 593 702 615; x_wconf 74' lang='lat' dir='ltr'><strong>natura</strong></span> <span class='ocrx_word' id='word_1_88' title='bbox 718 589 874 624; x_wconf 77' lang='lat' dir='ltr'><strong>cognatione</strong></span> <span class='ocrx_word' id='word_1_89' title='bbox 890 588 966 615; x_wconf 79' lang='lat' dir='ltr'><strong>oriri.</strong></span> 
     </span>
    </p>
   </div>
   <div class='ocr_carea' id='block_1_15' title="bbox 288 632 1041 669">
    <p class='ocr_par' dir='ltr' id='par_1_15' title="bbox 288 632 1041 669">
     <span class='ocr_line' id='line_1_15' title="bbox 288 632 1041 669; baseline 0.001 -10"><span class='ocrx_word' id='word_1_90' title='bbox 288 632 356 659; x_wconf 84' lang='lat' dir='ltr'><strong>Nam</strong></span> <span class='ocrx_word' id='word_1_91' title='bbox 385 633 511 668; x_wconf 89' lang='lat' dir='ltr'><strong>equidem</strong></span> <span class='ocrx_word' id='word_1_92' title='bbox 539 634 677 666; x_wconf 77' lang='lat' dir='ltr'><strong>existimo,</strong></span> <span class='ocrx_word' id='word_1_93' title='bbox 706 634 739 662; x_wconf 92' lang='lat' dir='ltr'><strong>de</strong></span> <span class='ocrx_word' id='word_1_94' title='bbox 763 634 815 661; x_wconf 89' lang='lat' dir='ltr'><strong>hac</strong></span> <span class='ocrx_word' id='word_1_95' title='bbox 844 635 903 669; x_wconf 86' lang='lat' dir='ltr'><strong>ipsa</strong></span> <span class='ocrx_word' id='word_1_96' title='bbox 934 634 1041 668; x_wconf 74' lang='lat' dir='ltr'><strong>origine</strong></span> 
     </span>
    </p>
   </div>
   <div class='ocr_carea' id='block_1_16' title="bbox 253 678 1039 716">
    <p class='ocr_par' dir='ltr' id='par_1_16' title="bbox 253 678 1039 716">
     <span class='ocr_line' id='line_1_16' title="bbox 253 678 1039 716; baseline 0.003 -12"><span class='ocrx_word' id='word_1_97' title='bbox 253 678 476 712; x_wconf 81' lang='lat' dir='ltr'><strong>perturbationes</strong></span> <span class='ocrx_word' id='word_1_98' title='bbox 496 679 579 706; x_wconf 88' lang='lat' dir='ltr'><strong>animi</strong></span> <span class='ocrx_word' id='word_1_99' title='bbox 597 687 692 708; x_wconf 86' lang='lat' dir='ltr'><strong>omnes</strong></span> <span class='ocrx_word' id='word_1_100' title='bbox 704 684 732 707; x_wconf 87' lang='lat' dir='ltr'><strong>et</strong></span> <span class='ocrx_word' id='word_1_101' title='bbox 748 680 881 716; x_wconf 77' lang='lat' dir='ltr'><strong>singulas,</strong></span> <span class='ocrx_word' id='word_1_102' title='bbox 907 685 1039 715; x_wconf 83' lang='lat' dir='ltr'><strong>tanquam</strong></span> 
     </span>
    </p>
   </div>
   <div class='ocr_carea' id='block_1_17' title="bbox 253 725 1038 757">
    <p class='ocr_par' dir='ltr' id='par_1_17' title="bbox 253 725 1038 757">
     <span class='ocr_line' id='line_1_17' title="bbox 253 725 1038 757; baseline 0.001 -6"><span class='ocrx_word' id='word_1_103' title='bbox 253 725 328 752; x_wconf 82' lang='lat' dir='ltr'><strong>tonte</strong></span> <span class='ocrx_word' id='word_1_104' title='bbox 343 726 534 757; x_wconf 87' lang='lat' dir='ltr'><strong>scaturientes,</strong></span> <span class='ocrx_word' id='word_1_105' title='bbox 549 725 575 752; x_wconf 89' lang='lat' dir='ltr'><strong>in</strong></span> <span class='ocrx_word' id='word_1_106' title='bbox 592 725 713 753; x_wconf 90' lang='lat' dir='ltr'><strong>hominis</strong></span> <span class='ocrx_word' id='word_1_107' title='bbox 727 730 852 753; x_wconf 89' lang='lat' dir='ltr'><strong>naturam</strong></span> <span class='ocrx_word' id='word_1_108' title='bbox 868 725 1038 753; x_wconf 88' lang='lat' dir='ltr'><strong>redundare.</strong></span> 
     </span>
    </p>
   </div>
   <div class='ocr_carea' id='block_1_18' title="bbox 253 771 1040 807">
    <p class='ocr_par' dir='ltr' id='par_1_18' title="bbox 253 771 1040 807">
     <span class='ocr_line' id='line_1_18' title="bbox 253 771 1040 807; baseline 0.001 -10"><span class='ocrx_word' id='word_1_109' title='bbox 253 772 343 804; x_wconf 81' lang='lat' dir='ltr'><strong>Atque</strong></span> <span class='ocrx_word' id='word_1_110' title='bbox 358 771 411 798; x_wconf 93' lang='lat' dir='ltr'><strong>hoc</strong></span> <span class='ocrx_word' id='word_1_111' title='bbox 426 775 501 798; x_wconf 86' lang='lat' dir='ltr'><strong>recte</strong></span> <span class='ocrx_word' id='word_1_112' title='bbox 525 772 563 798; x_wconf 90' lang='lat' dir='ltr'><strong>ita</strong></span> <span class='ocrx_word' id='word_1_113' title='bbox 586 772 680 804; x_wconf 85' lang='lat' dir='ltr'><strong>statui,</strong></span> <span class='ocrx_word' id='word_1_114' title='bbox 698 776 861 807; x_wconf 78' lang='lat' dir='ltr'><strong>argumento</strong></span> <span class='ocrx_word' id='word_1_115' title='bbox 875 778 936 805; x_wconf 81' lang='lat' dir='ltr'><strong>est,</strong></span> <span class='ocrx_word' id='word_1_116' title='bbox 966 771 1040 807; x_wconf 85' lang='lat' dir='ltr'><strong>quod</strong></span> 
     </span>
    </p>
   </div>
   <div class='ocr_carea' id='block_1_19' title="bbox 254 817 1040 853">
    <p class='ocr_par' dir='ltr' id='par_1_19' title="bbox 254 817 1040 853">
     <span class='ocr_line' id='line_1_19' title="bbox 254 817 1040 853; baseline 0 -9"><span class='ocrx_word' id='word_1_117' title='bbox 254 818 475 852; x_wconf 83' lang='lat' dir='ltr'><strong>perturbationes</strong></span> <span class='ocrx_word' id='word_1_118' title='bbox 491 818 567 853; x_wconf 59' lang='lat' dir='ltr'><strong>ipsae,</strong></span> <span class='ocrx_word' id='word_1_119' title='bbox 591 826 651 852; x_wconf 52' lang='lat' dir='ltr'><strong>quae.</strong></span> <span class='ocrx_word' id='word_1_120' title='bbox 665 818 768 853; x_wconf 89' lang='lat' dir='ltr'><strong>pariter</strong></span> <span class='ocrx_word' id='word_1_121' title='bbox 784 821 812 846; x_wconf 88' lang='lat' dir='ltr'><strong>et</strong></span> <span class='ocrx_word' id='word_1_122' title='bbox 835 818 863 844; x_wconf 94' lang='lat' dir='ltr'><strong>in</strong></span> <span class='ocrx_word' id='word_1_123' title='bbox 877 817 958 845; x_wconf 90' lang='lat' dir='ltr'><strong>nobis</strong></span> <span class='ocrx_word' id='word_1_124' title='bbox 971 821 998 844; x_wconf 89' lang='lat' dir='ltr'><strong>et</strong></span> <span class='ocrx_word' id='word_1_125' title='bbox 1012 817 1040 843; x_wconf 90' lang='lat' dir='ltr'><strong>in</strong></span> 
     </span>
    </p>
   </div>
   <div class='ocr_carea' id='block_1_20' title="bbox 255 860 1038 898">
    <p class='ocr_par' dir='ltr' id='par_1_20' title="bbox 255 860 1038 898">
     <span class='ocr_line' id='line_1_20' title="bbox 255 860 1038 898; baseline 0.001 -9"><span class='ocrx_word' id='word_1_126' title='bbox 255 862 345 891; x_wconf 87' lang='lat' dir='ltr'><strong>brutis</strong></span> <span class='ocrx_word' id='word_1_127' title='bbox 360 860 507 895; x_wconf 82' lang='lat' dir='ltr'><strong>exsistunt,</strong></span> <span class='ocrx_word' id='word_1_128' title='bbox 525 868 647 898; x_wconf 60' lang='lat' dir='ltr'><strong>cognatae</strong></span> <span class='ocrx_word' id='word_1_129' title='bbox 660 864 778 898; x_wconf 89' lang='lat' dir='ltr'><strong>quodam</strong></span> <span class='ocrx_word' id='word_1_130' title='bbox 791 863 872 891; x_wconf 88' lang='lat' dir='ltr'><strong>modo</strong></span> <span class='ocrx_word' id='word_1_131' title='bbox 888 867 962 890; x_wconf 89' lang='lat' dir='ltr'><strong>sunt.</strong></span> <span class='ocrx_word' id='word_1_132' title='bbox 979 862 1038 890; x_wconf 88' lang='lat' dir='ltr'><strong>Non</strong></span> 
     </span>
    </p>
   </div>
   <div class='ocr_carea' id='block_1_21' title="bbox 253 900 1078 944">
    <p class='ocr_par' dir='ltr' id='par_1_21' title="bbox 253 900 1078 944">
     <span class='ocr_line' id='line_1_21' title="bbox 253 900 1078 944; baseline 0 -9"><span class='ocrx_word' id='word_1_133' title='bbox 253 909 325 936; x_wconf 87' lang='lat' dir='ltr'><strong>enim</strong></span> <span class='ocrx_word' id='word_1_134' title='bbox 340 912 414 936; x_wconf 84' lang='lat' dir='ltr'><strong>certe</strong></span> <span class='ocrx_word' id='word_1_135' title='bbox 428 908 468 936; x_wconf 81' lang='lat' dir='ltr'><strong>fas</strong></span> <span class='ocrx_word' id='word_1_136' title='bbox 485 914 527 937; x_wconf 86' lang='lat' dir='ltr'><strong>est</strong></span> <span class='ocrx_word' id='word_1_137' title='bbox 541 908 643 942; x_wconf 80' lang='lat' dir='ltr'><strong>dicere,</strong></span> <span class='ocrx_word' id='word_1_138' title='bbox 656 910 790 944; x_wconf 79' lang='lat' dir='ltr'><strong>originem</strong></span> <span class='ocrx_word' id='word_1_139' title='bbox 804 909 1039 944; x_wconf 88' lang='lat' dir='ltr'><strong>perturbationum</strong></span> <span class='ocrx_word' id='word_1_140' title='bbox 1058 900 1078 928; x_wconf 73' lang='grc' dir='ltr'>Β</span> 
     </span>
    </p>
   </div>
   <div class='ocr_carea' id='block_1_22' title="bbox 254 954 1041 990">
    <p class='ocr_par' dir='ltr' id='par_1_22' title="bbox 254 954 1041 990">
     <span class='ocr_line' id='line_1_22' title="bbox 254 954 1041 990; baseline 0 -8"><span class='ocrx_word' id='word_1_141' title='bbox 254 955 353 990; x_wconf 87' lang='lat' dir='ltr'><strong>quibus</strong></span> <span class='ocrx_word' id='word_1_142' title='bbox 368 954 512 987; x_wconf 87' lang='lat' dir='ltr'><strong>alIicimur,</strong></span> <span class='ocrx_word' id='word_1_143' title='bbox 528 955 560 982; x_wconf 87' lang='lat' dir='ltr'><strong>ad</strong></span> <span class='ocrx_word' id='word_1_144' title='bbox 577 955 724 982; x_wconf 88' lang='lat' dir='ltr'><strong>humanam</strong></span> <span class='ocrx_word' id='word_1_145' title='bbox 742 959 869 982; x_wconf 89' lang='lat' dir='ltr'><strong>naturam</strong></span> <span class='ocrx_word' id='word_1_146' title='bbox 893 962 954 982; x_wconf 85' lang='lat' dir='ltr'><strong>esse</strong></span> <span class='ocrx_word' id='word_1_147' title='bbox 971 954 1041 982; x_wconf 78' lang='lat' dir='ltr'><strong>refe-</strong></span> 
     </span>
    </p>
   </div>
   <div class='ocr_carea' id='block_1_23' title="bbox 253 999 1042 1032">
    <p class='ocr_par' dir='ltr' id='par_1_23' title="bbox 253 999 1042 1032">
     <span class='ocr_line' id='line_1_23' title="bbox 253 999 1042 1032; baseline -0.003 -4"><span class='ocrx_word' id='word_1_148' title='bbox 253 1001 378 1032; x_wconf 82' lang='lat' dir='ltr'><strong>rendam,</strong></span> <span class='ocrx_word' id='word_1_149' title='bbox 393 1009 455 1028; x_wconf 88' lang='lat' dir='ltr'><strong>cum</strong></span> <span class='ocrx_word' id='word_1_150' title='bbox 481 1008 513 1028; x_wconf 86' lang='lat' dir='ltr'><strong>ea</strong></span> <span class='ocrx_word' id='word_1_151' title='bbox 536 1001 573 1028; x_wconf 89' lang='lat' dir='ltr'><strong>sit</strong></span> <span class='ocrx_word' id='word_1_152' title='bbox 600 1001 634 1028; x_wconf 87' lang='lat' dir='ltr'><strong>ad</strong></span> <span class='ocrx_word' id='word_1_153' title='bbox 658 1001 706 1028; x_wconf 87' lang='lat' dir='ltr'><strong>Dei</strong></span> <span class='ocrx_word' id='word_1_154' title='bbox 736 1001 913 1029; x_wconf 87' lang='lat' dir='ltr'><strong>simulacrum</strong></span> <span class='ocrx_word' id='word_1_155' title='bbox 931 999 1042 1027; x_wconf 78' lang='lat' dir='ltr'><strong>confor-</strong></span> 
     </span>
    </p>
   </div>
   <div class='ocr_carea' id='block_1_24' title="bbox 254 1047 1042 1082">
    <p class='ocr_par' dir='ltr' id='par_1_24' title="bbox 254 1047 1042 1082">
     <span class='ocr_line' id='line_1_24' title="bbox 254 1047 1042 1082; baseline 0 -9"><span class='ocrx_word' id='word_1_156' title='bbox 254 1052 352 1080; x_wconf 86' lang='lat' dir='ltr'><strong>mata;</strong></span> <span class='ocrx_word' id='word_1_157' title='bbox 386 1047 434 1074; x_wconf 87' lang='lat' dir='ltr'><strong>sed</strong></span> <span class='ocrx_word' id='word_1_158' title='bbox 470 1047 535 1082; x_wconf 88' lang='lat' dir='ltr'><strong>quia</strong></span> <span class='ocrx_word' id='word_1_159' title='bbox 568 1047 644 1082; x_wconf 88' lang='lat' dir='ltr'><strong>prius</strong></span> <span class='ocrx_word' id='word_1_160' title='bbox 677 1047 729 1074; x_wconf 91' lang='lat' dir='ltr'><strong>hoc</strong></span> <span class='ocrx_word' id='word_1_161' title='bbox 762 1047 791 1074; x_wconf 92' lang='lat' dir='ltr'><strong>in</strong></span> <span class='ocrx_word' id='word_1_162' title='bbox 827 1047 929 1074; x_wconf 90' lang='lat' dir='ltr'><strong>mundo</strong></span> <span class='ocrx_word' id='word_1_163' title='bbox 960 1047 1042 1073; x_wconf 86' lang='lat' dir='ltr'><strong>bruta</strong></span> 
     </span>
    </p>
   </div>
   <div class='ocr_carea' id='block_1_25' title="bbox 253 1092 1043 1128">
    <p class='ocr_par' dir='ltr' id='par_1_25' title="bbox 253 1092 1043 1128">
     <span class='ocr_line' id='line_1_25' title="bbox 253 1092 1043 1128; baseline -0.003 -8"><span class='ocrx_word' id='word_1_164' title='bbox 253 1093 429 1125; x_wconf 80' lang='lat' dir='ltr'><strong>exstiterunt,</strong></span> <span class='ocrx_word' id='word_1_165' title='bbox 441 1100 502 1120; x_wconf 88' lang='lat' dir='ltr'><strong>cum</strong></span> <span class='ocrx_word' id='word_1_166' title='bbox 513 1094 613 1128; x_wconf 83' lang='lat' dir='ltr'><strong>quibus</strong></span> <span class='ocrx_word' id='word_1_167' title='bbox 625 1093 750 1120; x_wconf 88' lang='lat' dir='ltr'><strong>nonnihil</strong></span> <span class='ocrx_word' id='word_1_168' title='bbox 763 1096 805 1120; x_wconf 89' lang='lat' dir='ltr'><strong>est</strong></span> <span class='ocrx_word' id='word_1_169' title='bbox 815 1092 919 1119; x_wconf 90' lang='lat' dir='ltr'><strong>homini</strong></span> <span class='ocrx_word' id='word_1_170' title='bbox 936 1093 1043 1127; x_wconf 91' lang='lat' dir='ltr'><strong>(quem-</strong></span> 
     </span>
    </p>
   </div>
   <div class='ocr_carea' id='block_1_26' title="bbox 253 1137 1042 1173">
    <p class='ocr_par' dir='ltr' id='par_1_26' title="bbox 253 1137 1042 1173">
     <span class='ocr_line' id='line_1_26' title="bbox 253 1137 1042 1173; baseline -0.001 -8"><span class='ocrx_word' id='word_1_171' title='bbox 253 1138 399 1166; x_wconf 88' lang='lat' dir='ltr'><strong>admodum</strong></span> <span class='ocrx_word' id='word_1_172' title='bbox 443 1139 599 1173; x_wconf 84' lang='lat' dir='ltr'><strong>expositum</strong></span> <span class='ocrx_word' id='word_1_173' title='bbox 640 1138 700 1173; x_wconf 87' lang='lat' dir='ltr'><strong>est)</strong></span> <span class='ocrx_word' id='word_1_174' title='bbox 743 1145 911 1170; x_wconf 85' lang='lat' dir='ltr'><strong>commune,</strong></span> <span class='ocrx_word' id='word_1_175' title='bbox 943 1137 1042 1164; x_wconf 89' lang='lat' dir='ltr'><strong>modus</strong></span> 
     </span>
    </p>
   </div>
   <div class='ocr_carea' id='block_1_27' title="bbox 253 1182 1041 1218">
    <p class='ocr_par' dir='ltr' id='par_1_27' title="bbox 253 1182 1041 1218">
     <span class='ocr_line' id='line_1_27' title="bbox 253 1182 1041 1218; baseline -0.001 -8"><span class='ocrx_word' id='word_1_176' title='bbox 253 1185 379 1212; x_wconf 82' lang='lat' dir='ltr'><strong>videlicet</strong></span> <span class='ocrx_word' id='word_1_177' title='bbox 393 1187 472 1212; x_wconf 87' lang='lat' dir='ltr'><strong>ortus</strong></span> <span class='ocrx_word' id='word_1_178' title='bbox 486 1192 492 1209; x_wconf 89' lang='lat'>:</span> <span class='ocrx_word' id='word_1_179' title='bbox 509 1183 613 1211; x_wconf 90' lang='lat' dir='ltr'><strong>idcirco</strong></span> <span class='ocrx_word' id='word_1_180' title='bbox 628 1187 655 1211; x_wconf 86' lang='lat' dir='ltr'><strong>ct</strong></span> <span class='ocrx_word' id='word_1_181' title='bbox 674 1183 727 1210; x_wconf 85' lang='lat' dir='ltr'><strong>alia</strong></span> <span class='ocrx_word' id='word_1_182' title='bbox 752 1183 878 1218; x_wconf 73' lang='lat' dir='ltr'><strong>qucedam</strong></span> <span class='ocrx_word' id='word_1_183' title='bbox 896 1182 1041 1209; x_wconf 89' lang='lat' dir='ltr'><strong>brutorum</strong></span> 
     </span>
    </p>
   </div>
   <div class='ocr_carea' id='block_1_28' title="bbox 254 1230 1041 1263">
    <p class='ocr_par' dir='ltr' id='par_1_28' title="bbox 254 1230 1041 1263">
     <span class='ocr_line' id='line_1_28' title="bbox 254 1230 1041 1263; baseline -0.001 -6"><span class='ocrx_word' id='word_1_184' title='bbox 254 1234 360 1257; x_wconf 69' lang='lat' dir='ltr'><strong>naturae</strong></span> <span class='ocrx_word' id='word_1_185' title='bbox 381 1238 414 1257; x_wconf 89' lang='lat' dir='ltr'><strong>ac</strong></span> <span class='ocrx_word' id='word_1_186' title='bbox 442 1230 583 1257; x_wconf 89' lang='lat' dir='ltr'><strong>hominum</strong></span> <span class='ocrx_word' id='word_1_187' title='bbox 611 1230 770 1256; x_wconf 71' lang='lat' dir='ltr'><strong>communiat</strong></span> <span class='ocrx_word' id='word_1_188' title='bbox 795 1237 857 1256; x_wconf 86' lang='lat' dir='ltr'><strong>esse</strong></span> <span class='ocrx_word' id='word_1_189' title='bbox 887 1232 1041 1263; x_wconf 59' lang='lat' dir='ltr'><strong>coeperunt.</strong></span> 
     </span>
    </p>
   </div>
   <div class='ocr_carea' id='block_1_29' title="bbox 252 1274 1042 1311">
    <p class='ocr_par' dir='ltr' id='par_1_29' title="bbox 252 1274 1042 1311">
     <span class='ocr_line' id='line_1_29' title="bbox 252 1274 1042 1311; baseline -0.003 -9"><span class='ocrx_word' id='word_1_190' title='bbox 252 1275 346 1311; x_wconf 80' lang='lat' dir='ltr'><strong>Neque</strong></span> <span class='ocrx_word' id='word_1_191' title='bbox 363 1276 435 1304; x_wconf 90' lang='lat' dir='ltr'><strong>enim</strong></span> <span class='ocrx_word' id='word_1_192' title='bbox 453 1276 535 1302; x_wconf 90' lang='lat' dir='ltr'><strong>homo</strong></span> <span class='ocrx_word' id='word_1_193' title='bbox 552 1274 599 1302; x_wconf 90' lang='lat' dir='ltr'><strong>Dei</strong></span> <span class='ocrx_word' id='word_1_194' title='bbox 624 1274 709 1302; x_wconf 80' lang='lat' dir='ltr'><strong>refert</strong></span> <span class='ocrx_word' id='word_1_195' title='bbox 731 1275 892 1309; x_wconf 77' lang='lat' dir='ltr'><strong>imaginem,</strong></span> <span class='ocrx_word' id='word_1_196' title='bbox 911 1282 964 1309; x_wconf 88' lang='lat' dir='ltr'><strong>qua</strong></span> <span class='ocrx_word' id='word_1_197' title='bbox 986 1275 1042 1301; x_wconf 84' lang='lat' dir='ltr'><strong>ira-</strong></span> 
     </span>
    </p>
   </div>
   <div class='ocr_carea' id='block_1_30' title="bbox 253 1320 1042 1356">
    <p class='ocr_par' dir='ltr' id='par_1_30' title="bbox 253 1320 1042 1356">
     <span class='ocr_line' id='line_1_30' title="bbox 253 1320 1042 1356; baseline -0.003 -8"><span class='ocrx_word' id='word_1_198' title='bbox 253 1322 354 1349; x_wconf 83' lang='lat' dir='ltr'><strong>cundia</strong></span> <span class='ocrx_word' id='word_1_199' title='bbox 369 1321 501 1356; x_wconf 63' lang='lat' dir='ltr'><strong>praeditus</strong></span> <span class='ocrx_word' id='word_1_200' title='bbox 516 1325 558 1348; x_wconf 89' lang='lat' dir='ltr'><strong>est</strong></span> <span class='ocrx_word' id='word_1_201' title='bbox 572 1329 579 1354; x_wconf 87' lang='lat'><strong>;</strong></span> <span class='ocrx_word' id='word_1_202' title='bbox 597 1328 686 1355; x_wconf 85' lang='lat' dir='ltr'><strong>neque</strong></span> <span class='ocrx_word' id='word_1_203' title='bbox 701 1320 828 1355; x_wconf 80' lang='lat' dir='ltr'><strong>voluptas</strong></span> <span class='ocrx_word' id='word_1_204' title='bbox 844 1320 1042 1355; x_wconf 65' lang='lat' dir='ltr'><strong>praestantissi-</strong></span> 
     </span>
    </p>
   </div>
   <div class='ocr_carea' id='block_1_31' title="bbox 255 1366 1044 1402">
    <p class='ocr_par' dir='ltr' id='par_1_31' title="bbox 255 1366 1044 1402">
     <span class='ocr_line' id='line_1_31' title="bbox 255 1366 1044 1402; baseline -0.001 -8"><span class='ocrx_word' id='word_1_205' title='bbox 255 1375 305 1394; x_wconf 66' lang='lat' dir='ltr'><strong>ma:</strong></span> <span class='ocrx_word' id='word_1_206' title='bbox 321 1371 424 1394; x_wconf 66' lang='lat' dir='ltr'><strong>natus-te</strong></span> <span class='ocrx_word' id='word_1_207' title='bbox 445 1371 510 1394; x_wconf 90' lang='lat' dir='ltr'><strong>nota</strong></span> <span class='ocrx_word' id='word_1_208' title='bbox 528 1367 619 1402; x_wconf 86' lang='lat' dir='ltr'><strong>putari</strong></span> <span class='ocrx_word' id='word_1_209' title='bbox 633 1366 724 1398; x_wconf 85' lang='lat' dir='ltr'><strong>debet.</strong></span> <span class='ocrx_word' id='word_1_210' title='bbox 739 1367 810 1394; x_wconf 87' lang='lat' dir='ltr'><strong>sicut</strong></span> <span class='ocrx_word' id='word_1_211' title='bbox 823 1370 850 1394; x_wconf 89' lang='lat' dir='ltr'><strong>et</strong></span> <span class='ocrx_word' id='word_1_212' title='bbox 862 1366 1004 1398; x_wconf 86' lang='lat' dir='ltr'><strong>timiditas,</strong></span> <span class='ocrx_word' id='word_1_213' title='bbox 1016 1369 1044 1393; x_wconf 89' lang='lat' dir='ltr'><strong>et</strong></span> 
     </span>
    </p>
   </div>
   <div class='ocr_carea' id='block_1_32' title="bbox 254 1412 1044 1447">
    <p class='ocr_par' dir='ltr' id='par_1_32' title="bbox 254 1412 1044 1447">
     <span class='ocr_line' id='line_1_32' title="bbox 254 1412 1044 1447; baseline -0.003 -7"><span class='ocrx_word' id='word_1_214' title='bbox 254 1413 381 1446; x_wconf 80' lang='lat' dir='ltr'><strong>audacia,</strong></span> <span class='ocrx_word' id='word_1_215' title='bbox 406 1416 434 1440; x_wconf 86' lang='lat' dir='ltr'><strong>ct</strong></span> <span class='ocrx_word' id='word_1_216' title='bbox 454 1413 587 1447; x_wconf 77' lang='lat' dir='ltr'><strong>majorum</strong></span> <span class='ocrx_word' id='word_1_217' title='bbox 617 1413 763 1447; x_wconf 80' lang='lat' dir='ltr'><strong>cupiditas,</strong></span> <span class='ocrx_word' id='word_1_218' title='bbox 787 1417 814 1439; x_wconf 84' lang='lat' dir='ltr'><strong>et</strong></span> <span class='ocrx_word' id='word_1_219' title='bbox 838 1412 930 1439; x_wconf 87' lang='lat' dir='ltr'><strong>odium</strong></span> <span class='ocrx_word' id='word_1_220' title='bbox 956 1416 1044 1439; x_wconf 88' lang='lat' dir='ltr'><strong>status</strong></span> 
     </span>
    </p>
   </div>
   <div class='ocr_carea' id='block_1_33' title="bbox 255 1458 1045 1494">
    <p class='ocr_par' dir='ltr' id='par_1_33' title="bbox 255 1458 1045 1494">
     <span class='ocr_line' id='line_1_33' title="bbox 255 1458 1045 1494; baseline 0 -9"><span class='ocrx_word' id='word_1_221' title='bbox 255 1459 409 1492; x_wconf 74' lang='lat' dir='ltr'><strong>deterioris,</strong></span> <span class='ocrx_word' id='word_1_222' title='bbox 425 1463 577 1493; x_wconf 66' lang='lat' dir='ltr'><strong>caateraque</strong></span> <span class='ocrx_word' id='word_1_223' title='bbox 592 1458 635 1485; x_wconf 87' lang='lat' dir='ltr'><strong>Itis</strong></span> <span class='ocrx_word' id='word_1_224' title='bbox 652 1458 808 1485; x_wconf 83' lang='lat' dir='ltr'><strong>consimilia</strong></span> <span class='ocrx_word' id='word_1_225' title='bbox 824 1459 903 1494; x_wconf 73' lang='lat' dir='ltr'><strong>longe</strong></span> <span class='ocrx_word' id='word_1_226' title='bbox 921 1466 936 1484; x_wconf 92' lang='lat' dir='ltr'><strong>a</strong></span> <span class='ocrx_word' id='word_1_227' title='bbox 951 1458 1045 1485; x_wconf 78' lang='lat' dir='ltr'><strong>divino</strong></span> 
     </span>
    </p>
   </div>
   <div class='ocr_carea' id='block_1_34' title="bbox 255 1502 1045 1538">
    <p class='ocr_par' dir='ltr' id='par_1_34' title="bbox 255 1502 1045 1538">
     <span class='ocr_line' id='line_1_34' title="bbox 255 1502 1045 1538; baseline -0.001 -8"><span class='ocrx_word' id='word_1_228' title='bbox 255 1504 302 1530; x_wconf 85' lang='lat' dir='ltr'><strong>illo</strong></span> <span class='ocrx_word' id='word_1_229' title='bbox 321 1504 478 1531; x_wconf 79' lang='lat' dir='ltr'><strong>charactere</strong></span> <span class='ocrx_word' id='word_1_230' title='bbox 493 1504 604 1531; x_wconf 85' lang='lat' dir='ltr'><strong>absunt.</strong></span> <span class='ocrx_word' id='word_1_231' title='bbox 625 1503 799 1538; x_wconf 77' lang='lat' dir='ltr'><strong>Quapropter</strong></span> <span class='ocrx_word' id='word_1_232' title='bbox 814 1503 871 1530; x_wconf 81' lang='lat' dir='ltr'><strong>Inec</strong></span> <span class='ocrx_word' id='word_1_233' title='bbox 885 1507 997 1538; x_wconf 88' lang='lat' dir='ltr'><strong>accepta</strong></span> <span class='ocrx_word' id='word_1_234' title='bbox 1011 1502 1045 1530; x_wconf 86' lang='lat' dir='ltr'><strong>de</strong></span> 
     </span>
    </p>
   </div>
   <div class='ocr_carea' id='block_1_35' title="bbox 255 1548 1044 1585">
    <p class='ocr_par' dir='ltr' id='par_1_35' title="bbox 255 1548 1044 1585">
     <span class='ocr_line' id='line_1_35' title="bbox 255 1548 1044 1585; baseline -0.001 -9"><span class='ocrx_word' id='word_1_235' title='bbox 255 1549 355 1580; x_wconf 83' lang='lat' dir='ltr'><strong>brutis,</strong></span> <span class='ocrx_word' id='word_1_236' title='bbox 383 1548 503 1585; x_wconf 79' lang='lat' dir='ltr'><strong>hominis</strong></span> <span class='ocrx_word' id='word_1_237' title='bbox 534 1556 669 1583; x_wconf 87' lang='lat' dir='ltr'><strong>usurpare</strong></span> <span class='ocrx_word' id='word_1_238' title='bbox 696 1553 796 1576; x_wconf 87' lang='lat' dir='ltr'><strong>natura</strong></span> <span class='ocrx_word' id='word_1_239' title='bbox 822 1549 916 1583; x_wconf 64' lang='lat' dir='ltr'><strong>coepit.</strong></span> <span class='ocrx_word' id='word_1_240' title='bbox 935 1548 1044 1580; x_wconf 81' lang='lat' dir='ltr'><strong>Quibus</strong></span> 
     </span>
    </p>
   </div>
   <div class='ocr_carea' id='block_1_36' title="bbox 1355 508 1625 545">
    <p class='ocr_par' dir='ltr' id='par_1_36' title="bbox 1355 508 1625 545">
     <span class='ocr_line' id='line_1_36' title="bbox 1355 508 1625 545; baseline 0.004 -10"><span class='ocrx_word' id='word_1_241' title='bbox 1355 508 1557 545; x_wconf 80' lang='grc' dir='ltr'><strong>ΚΕΦΑΛΑΙΟΝ</strong></span> <span class='ocrx_word' id='word_1_242' title='bbox 1573 509 1625 536; x_wconf 78' lang='lat' dir='ltr'><strong>nr.</strong></span> 
     </span>
    </p>
   </div>
   <div class='ocr_carea' id='block_1_37' title="bbox 1093 551 1882 596">
    <p class='ocr_par' dir='ltr' id='par_1_37' title="bbox 1093 551 1882 596">
     <span class='ocr_line' id='line_1_37' title="bbox 1093 551 1882 596; baseline 0.008 -19"><span class='ocrx_word' id='word_1_243' title='bbox 1093 551 1165 596; x_wconf 60' lang='grc' dir='ltr'><strong>Ὀξι⁸</strong></span> <span class='ocrx_word' id='word_1_244' title='bbox 1178 551 1215 579; x_wconf 86' lang='grc' dir='ltr'>τὰ</span> <span class='ocrx_word' id='word_1_245' title='bbox 1234 551 1329 596; x_wconf 69' lang='grc' dir='ltr'>ἄλογα</span> <span class='ocrx_word' id='word_1_246' title='bbox 1343 552 1378 579; x_wconf 79' lang='grc' dir='ltr'><strong>ἐν</strong></span> <span class='ocrx_word' id='word_1_247' title='bbox 1402 553 1473 587; x_wconf 75' lang='grc' dir='ltr'><strong>ἡμῖν</strong></span> <span class='ocrx_word' id='word_1_248' title='bbox 1491 553 1569 596; x_wconf 63' lang='grc' dir='ltr'>,τιάοη</span> <span class='ocrx_word' id='word_1_249' title='bbox 1582 554 1625 596; x_wconf 37' lang='grc' dir='ltr'><strong>’ἐκ</strong></span> <span class='ocrx_word' id='word_1_250' title='bbox 1636 590 1642 596; x_wconf 45' lang='grc' dir='ltr'><strong>Ι</strong></span> <span class='ocrx_word' id='word_1_251' title='bbox 1652 554 1708 589; x_wconf 82' lang='grc' dir='ltr'><strong>τῆς</strong></span> <span class='ocrx_word' id='word_1_252' title='bbox 1723 555 1799 596; x_wconf 63' lang='grc' dir='ltr'>,πρὸς</span> <span class='ocrx_word' id='word_1_253' title='bbox 1824 556 1882 591; x_wconf 75' lang='grc' dir='ltr'><strong>τὴν</strong></span> 
     </span>
    </p>
   </div>
   <div class='ocr_carea' id='block_1_38' title="bbox 1066 587 1846 626">
    <p class='ocr_par' dir='ltr' id='par_1_38' title="bbox 1066 587 1846 626">
     <span class='ocr_line' id='line_1_38' title="bbox 1066 587 1846 626; baseline 0.008 -14"><span class='ocrx_word' id='word_1_254' title='bbox 1066 602 1076 612; x_wconf 75' lang='grc' dir='ltr'>ι</span> <span class='ocrx_word' id='word_1_255' title='bbox 1126 587 1239 622; x_wconf 76' lang='grc' dir='ltr'>ἄλογον</span> <span class='ocrx_word' id='word_1_256' title='bbox 1249 588 1343 621; x_wconf 70' lang='grc' dir='ltr'>φύσιν</span> <span class='ocrx_word' id='word_1_257' title='bbox 1359 589 1538 622; x_wconf 74' lang='grc' dir='ltr'><strong>συγγενείας</strong></span> <span class='ocrx_word' id='word_1_258' title='bbox 1557 588 1611 621; x_wconf 80' lang='grc' dir='ltr'><strong>τὰς</strong></span> <span class='ocrx_word' id='word_1_259' title='bbox 1627 587 1763 624; x_wconf 47' lang='grc' dir='ltr'>ἀφορμὰς</span> <span class='ocrx_word' id='word_1_260' title='bbox 1774 587 1846 626; x_wconf 63' lang='grc' dir='ltr'>ἔχει.</span> 
     </span>
    </p>
   </div>
   <div class='ocr_carea' id='block_1_39' title="bbox 1124 628 1881 669">
    <p class='ocr_par' dir='ltr' id='par_1_39' title="bbox 1124 628 1881 669">
     <span class='ocr_line' id='line_1_39' title="bbox 1124 628 1881 669; baseline 0.007 -11"><span class='ocrx_word' id='word_1_261' title='bbox 1124 628 1208 667; x_wconf 81' lang='grc' dir='ltr'>Οἶμαι</span> <span class='ocrx_word' id='word_1_262' title='bbox 1221 632 1276 668; x_wconf 76' lang='grc' dir='ltr'>γὰρ</span> <span class='ocrx_word' id='word_1_263' title='bbox 1294 633 1326 659; x_wconf 85' lang='grc' dir='ltr'>ὲκ</span> <span class='ocrx_word' id='word_1_264' title='bbox 1345 633 1394 668; x_wconf 83' lang='grc' dir='ltr'>τῆς</span> <span class='ocrx_word' id='word_1_265' title='bbox 1408 634 1494 669; x_wconf 84' lang='grc' dir='ltr'>ἀρχῆς</span> <span class='ocrx_word' id='word_1_266' title='bbox 1508 633 1609 668; x_wconf 78' lang='grc' dir='ltr'><strong>ταύτης</strong></span> <span class='ocrx_word' id='word_1_267' title='bbox 1623 635 1669 661; x_wconf 82' lang='grc' dir='ltr'><strong>καὶ</strong></span> <span class='ocrx_word' id='word_1_268' title='bbox 1691 635 1725 661; x_wconf 78' lang='grc' dir='ltr'>τὰ</span> <span class='ocrx_word' id='word_1_269' title='bbox 1743 637 1803 662; x_wconf 87' lang='grc' dir='ltr'>καθ’</span> <span class='ocrx_word' id='word_1_270' title='bbox 1817 636 1881 663; x_wconf 73' lang='grc' dir='ltr'>ἕκα-</span> 
     </span>
    </p>
   </div>
   <div class='ocr_carea' id='block_1_40' title="bbox 1094 676 1882 718">
    <p class='ocr_par' dir='ltr' id='par_1_40' title="bbox 1094 676 1882 718">
     <span class='ocr_line' id='line_1_40' title="bbox 1094 676 1882 718; baseline 0.006 -14"><span class='ocrx_word' id='word_1_271' title='bbox 1094 686 1154 704; x_wconf 76' lang='grc' dir='ltr'>στον</span> <span class='ocrx_word' id='word_1_272' title='bbox 1172 678 1255 713; x_wconf 52' lang='grc' dir='ltr'>πάθηι</span> <span class='ocrx_word' id='word_1_273' title='bbox 1268 676 1322 705; x_wconf 73' lang='grc' dir='ltr'>οἷον</span> <span class='ocrx_word' id='word_1_274' title='bbox 1337 678 1369 705; x_wconf 74' lang='grc' dir='ltr'>ἐκ</span> <span class='ocrx_word' id='word_1_275' title='bbox 1388 687 1459 711; x_wconf 82' lang='grc' dir='ltr'>τινος</span> <span class='ocrx_word' id='word_1_276' title='bbox 1471 680 1561 715; x_wconf 84' lang='grc' dir='ltr'>πηγῆς</span> <span class='ocrx_word' id='word_1_277' title='bbox 1580 680 1737 708; x_wconf 82' lang='grc' dir='ltr'>συνδοθέντα</span> <span class='ocrx_word' id='word_1_278' title='bbox 1752 682 1882 718; x_wconf 77' lang='grc' dir='ltr'>πλημμυ-</span> 
     </span>
    </p>
   </div>
   <div class='ocr_carea' id='block_1_41' title="bbox 1094 724 1880 763">
    <p class='ocr_par' dir='ltr' id='par_1_41' title="bbox 1094 724 1880 763">
     <span class='ocr_line' id='line_1_41' title="bbox 1094 724 1880 763; baseline 0.006 -13"><span class='ocrx_word' id='word_1_279' title='bbox 1094 725 1151 759; x_wconf 85' lang='grc' dir='ltr'>ρεῖν</span> <span class='ocrx_word' id='word_1_280' title='bbox 1165 725 1193 751; x_wconf 78' lang='grc' dir='ltr'><strong>ὲν</strong></span> <span class='ocrx_word' id='word_1_281' title='bbox 1208 726 1241 760; x_wconf 87' lang='grc' dir='ltr'><strong>τῇ</strong></span> <span class='ocrx_word' id='word_1_282' title='bbox 1253 724 1410 761; x_wconf 78' lang='grc' dir='ltr'><strong>ἀνθρωπίνῃ</strong></span> <span class='ocrx_word' id='word_1_283' title='bbox 1424 726 1493 761; x_wconf 77' lang='grc' dir='ltr'><strong>ζωῇ.</strong></span> <span class='ocrx_word' id='word_1_284' title='bbox 1509 726 1663 762; x_wconf 82' lang='grc' dir='ltr'>Τεκμήριον</span> <span class='ocrx_word' id='word_1_285' title='bbox 1675 727 1703 753; x_wconf 84' lang='grc' dir='ltr'>δὲ</span> <span class='ocrx_word' id='word_1_286' title='bbox 1715 727 1770 754; x_wconf 79' lang='grc' dir='ltr'><strong>τῶν</strong></span> <span class='ocrx_word' id='word_1_287' title='bbox 1786 728 1880 763; x_wconf 83' lang='grc' dir='ltr'>λόγων,</span> 
     </span>
    </p>
   </div>
   <div class='ocr_carea' id='block_1_42' title="bbox 1092 771 1880 810">
    <p class='ocr_par' dir='ltr' id='par_1_42' title="bbox 1092 771 1880 810">
     <span class='ocr_line' id='line_1_42' title="bbox 1092 771 1880 810; baseline 0.006 -13"><span class='ocrx_word' id='word_1_288' title='bbox 1092 771 1109 806; x_wconf 82' lang='grc' dir='ltr'><strong>ή</strong></span> <span class='ocrx_word' id='word_1_289' title='bbox 1127 771 1180 797; x_wconf 83' lang='grc' dir='ltr'>τῶν</span> <span class='ocrx_word' id='word_1_290' title='bbox 1198 771 1366 807; x_wconf 77' lang='grc' dir='ltr'><strong>παθημάτων</strong></span> <span class='ocrx_word' id='word_1_291' title='bbox 1382 772 1543 806; x_wconf 71' lang='grc' dir='ltr'>συγγένειςῐ,</span> <span class='ocrx_word' id='word_1_292' title='bbox 1561 772 1631 799; x_wconf 78' lang='grc' dir='ltr'>κατὰ</span> <span class='ocrx_word' id='word_1_293' title='bbox 1643 773 1673 799; x_wconf 73' lang='grc' dir='ltr'>τὸ</span> <span class='ocrx_word' id='word_1_294' title='bbox 1688 771 1747 800; x_wconf 74' lang='grc' dir='ltr'>ἴσον</span> <span class='ocrx_word' id='word_1_295' title='bbox 1764 775 1829 810; x_wconf 75' lang='grc' dir='ltr'><strong>ἡμῖν</strong></span> <span class='ocrx_word' id='word_1_296' title='bbox 1849 784 1880 802; x_wconf 87' lang='grc' dir='ltr'><strong>τε</strong></span> 
     </span>
    </p>
   </div>
   <div class='ocr_carea' id='block_1_43' title="bbox 1093 817 1879 857">
    <p class='ocr_par' dir='ltr' id='par_1_43' title="bbox 1093 817 1879 857">
     <span class='ocr_line' id='line_1_43' title="bbox 1093 817 1879 857; baseline 0.005 -14"><span class='ocrx_word' id='word_1_297' title='bbox 1093 817 1139 844; x_wconf 76' lang='grc' dir='ltr'><strong>καὶ</strong></span> <span class='ocrx_word' id='word_1_298' title='bbox 1154 819 1209 849; x_wconf 86' lang='grc' dir='ltr'>τοῖς</span> <span class='ocrx_word' id='word_1_299' title='bbox 1228 818 1335 852; x_wconf 77' lang='grc' dir='ltr'><strong>ἀλόγοις</strong></span> <span class='ocrx_word' id='word_1_300' title='bbox 1354 818 1552 854; x_wconf 81' lang='grc' dir='ltr'>ἐμφαινομένη.</span> <span class='ocrx_word' id='word_1_301' title='bbox 1573 819 1610 846; x_wconf 78' lang='grc' dir='ltr'>Οὐ</span> <span class='ocrx_word' id='word_1_302' title='bbox 1629 820 1684 855; x_wconf 73' lang='grc' dir='ltr'>γὰρ</span> <span class='ocrx_word' id='word_1_303' title='bbox 1702 820 1733 856; x_wconf 84' lang='grc' dir='ltr'>δὴ</span> <span class='ocrx_word' id='word_1_304' title='bbox 1749 820 1828 856; x_wconf 80' lang='grc' dir='ltr'><strong>θέμις</strong></span> <span class='ocrx_word' id='word_1_305' title='bbox 1845 822 1879 857; x_wconf 79' lang='grc' dir='ltr'>τῇ</span> 
     </span>
    </p>
   </div>
   <div class='ocr_carea' id='block_1_44' title="bbox 1093 863 1882 903">
    <p class='ocr_par' dir='ltr' id='par_1_44' title="bbox 1093 863 1882 903">
     <span class='ocr_line' id='line_1_44' title="bbox 1093 863 1882 903; baseline 0.005 -13"><span class='ocrx_word' id='word_1_306' title='bbox 1093 863 1250 900; x_wconf 79' lang='grc' dir='ltr'><strong>ἀνθρωπίνῃ</strong></span> <span class='ocrx_word' id='word_1_307' title='bbox 1264 863 1354 898; x_wconf 79' lang='grc' dir='ltr'>φύσει,</span> <span class='ocrx_word' id='word_1_308' title='bbox 1376 865 1409 900; x_wconf 83' lang='grc' dir='ltr'>τῇ</span> <span class='ocrx_word' id='word_1_309' title='bbox 1430 865 1500 891; x_wconf 76' lang='grc' dir='ltr'><strong>κατά</strong></span> <span class='ocrx_word' id='word_1_310' title='bbox 1512 865 1541 891; x_wconf 83' lang='grc' dir='ltr'><strong>τὸ</strong></span> <span class='ocrx_word' id='word_1_311' title='bbox 1557 866 1627 891; x_wconf 84' lang='grc' dir='ltr'>Θεϊον</span> <span class='ocrx_word' id='word_1_312' title='bbox 1643 864 1712 898; x_wconf 83' lang='grc' dir='ltr'>εἶδος</span> <span class='ocrx_word' id='word_1_313' title='bbox 1731 875 1882 903; x_wconf 57' lang='grc' dir='ltr'>μεμορφω-</span> 
     </span>
    </p>
   </div>
   <div class='ocr_carea' id='block_1_45' title="bbox 1093 911 1881 949">
    <p class='ocr_par' dir='ltr' id='par_1_45' title="bbox 1093 911 1881 949">
     <span class='ocr_line' id='line_1_45' title="bbox 1093 911 1881 949; baseline 0.005 -13"><span class='ocrx_word' id='word_1_314' title='bbox 1093 911 1180 946; x_wconf 80' lang='grc' dir='ltr'>μένῃ,</span> <span class='ocrx_word' id='word_1_315' title='bbox 1195 911 1244 946; x_wconf 84' lang='grc' dir='ltr'><strong>τῆς</strong></span> <span class='ocrx_word' id='word_1_316' title='bbox 1267 911 1405 946; x_wconf 73' lang='grc' dir='ltr'>ἑμπαθοῠς</span> <span class='ocrx_word' id='word_1_317' title='bbox 1427 911 1573 943; x_wconf 72' lang='grc' dir='ltr'><strong>διαθέσεως</strong></span> <span class='ocrx_word' id='word_1_318' title='bbox 1590 915 1811 949; x_wconf 61' lang='grc' dir='ltr'><strong>προσμαρτυρεῖν</strong></span> <span class='ocrx_word' id='word_1_319' title='bbox 1832 914 1881 946; x_wconf 79' lang='grc' dir='ltr'>τὰς</span> 
     </span>
    </p>
   </div>
   <div class='ocr_carea' id='block_1_46' title="bbox 1093 955 1881 993">
    <p class='ocr_par' dir='ltr' id='par_1_46' title="bbox 1093 955 1881 993">
     <span class='ocr_line' id='line_1_46' title="bbox 1093 955 1881 993; baseline 0.008 -13"><span class='ocrx_word' id='word_1_320' title='bbox 1093 955 1205 990; x_wconf 83' lang='grc' dir='ltr'>πρώτας</span> <span class='ocrx_word' id='word_1_321' title='bbox 1228 955 1326 991; x_wconf 82' lang='grc' dir='ltr'>ἀρχάς.</span> <span class='ocrx_word' id='word_1_322' title='bbox 1356 955 1427 982; x_wconf 81' lang='grc' dir='ltr'>Ἀλλ’</span> <span class='ocrx_word' id='word_1_323' title='bbox 1450 956 1544 992; x_wconf 70' lang='grc' dir='ltr'>ἐπειδὴ</span> <span class='ocrx_word' id='word_1_324' title='bbox 1572 958 1751 993; x_wconf 82' lang='grc' dir='ltr'><strong>προεισῆλθεν</strong></span> <span class='ocrx_word' id='word_1_325' title='bbox 1775 959 1815 991; x_wconf 77' lang='grc' dir='ltr'>εἰς</span> <span class='ocrx_word' id='word_1_326' title='bbox 1836 959 1881 986; x_wconf 80' lang='grc' dir='ltr'><strong>τὸν</strong></span> 
     </span>
    </p>
   </div>
   <div class='ocr_carea' id='block_1_47' title="bbox 1092 997 1878 1036">
    <p class='ocr_par' dir='ltr' id='par_1_47' title="bbox 1092 997 1878 1036">
     <span class='ocr_line' id='line_1_47' title="bbox 1092 997 1878 1036; baseline 0.006 -13"><span class='ocrx_word' id='word_1_327' title='bbox 1092 997 1193 1032; x_wconf 77' lang='grc' dir='ltr'>κόσμον</span> <span class='ocrx_word' id='word_1_328' title='bbox 1204 997 1297 1024; x_wconf 77' lang='grc' dir='ltr'>τοῦτον</span> <span class='ocrx_word' id='word_1_329' title='bbox 1308 999 1325 1033; x_wconf 83' lang='grc' dir='ltr'>ἡ</span> <span class='ocrx_word' id='word_1_330' title='bbox 1341 997 1396 1024; x_wconf 82' lang='grc' dir='ltr'><strong>τῶν</strong></span> <span class='ocrx_word' id='word_1_331' title='bbox 1411 998 1516 1033; x_wconf 78' lang='grc' dir='ltr'>ἀλόγων</span> <span class='ocrx_word' id='word_1_332' title='bbox 1532 999 1600 1035; x_wconf 79' lang='grc' dir='ltr'><strong>ζωὴ,</strong></span> <span class='ocrx_word' id='word_1_333' title='bbox 1612 999 1675 1035; x_wconf 78' lang='grc' dir='ltr'>ἑσχε</span> <span class='ocrx_word' id='word_1_334' title='bbox 1688 999 1716 1026; x_wconf 80' lang='grc' dir='ltr'><em>δέ</em></span> <span class='ocrx_word' id='word_1_335' title='bbox 1732 1009 1758 1027; x_wconf 86' lang='grc' dir='ltr'><strong>τι</strong></span> <span class='ocrx_word' id='word_1_336' title='bbox 1772 1000 1816 1027; x_wconf 81' lang='grc' dir='ltr'><strong>διὰ</strong></span> <span class='ocrx_word' id='word_1_337' title='bbox 1829 1001 1878 1036; x_wconf 82' lang='grc' dir='ltr'>τὴν</span> 
     </span>
    </p>
   </div>
   <div class='ocr_carea' id='block_1_48' title="bbox 1092 1044 1880 1083">
    <p class='ocr_par' dir='ltr' id='par_1_48' title="bbox 1092 1044 1880 1083">
     <span class='ocr_line' id='line_1_48' title="bbox 1092 1044 1880 1083; baseline 0.005 -13"><span class='ocrx_word' id='word_1_338' title='bbox 1092 1044 1240 1080; x_wconf 76' lang='grc' dir='ltr'>εἰρημένην</span> <span class='ocrx_word' id='word_1_339' title='bbox 1252 1044 1341 1071; x_wconf 73' lang='grc' dir='ltr'>αἰτίαν</span> <span class='ocrx_word' id='word_1_340' title='bbox 1351 1046 1400 1081; x_wconf 77' lang='grc' dir='ltr'>τῆς</span> <span class='ocrx_word' id='word_1_341' title='bbox 1409 1045 1513 1072; x_wconf 73' lang='grc' dir='ltr'>ἐκεῖθεν</span> <span class='ocrx_word' id='word_1_342' title='bbox 1526 1045 1632 1080; x_wconf 75' lang='grc' dir='ltr'>φύσεως</span> <span class='ocrx_word' id='word_1_343' title='bbox 1643 1048 1690 1073; x_wconf 71' lang='grc' dir='ltr'><strong>καὶ</strong></span> <span class='ocrx_word' id='word_1_344' title='bbox 1705 1048 1719 1073; x_wconf 87' lang='grc' dir='ltr'><strong>ό</strong></span> <span class='ocrx_word' id='word_1_345' title='bbox 1729 1047 1880 1083; x_wconf 83' lang='grc' dir='ltr'>ἄνθρωπος,</span> 
     </span>
    </p>
   </div>
   <div class='ocr_carea' id='block_1_49' title="bbox 1092 1089 1880 1126">
    <p class='ocr_par' dir='ltr' id='par_1_49' title="bbox 1092 1089 1880 1126">
     <span class='ocr_line' id='line_1_49' title="bbox 1092 1089 1880 1126; baseline 0.004 -10"><span class='ocrx_word' id='word_1_346' title='bbox 1092 1089 1123 1117; x_wconf 78' lang='grc' dir='ltr'>τὸ</span> <span class='ocrx_word' id='word_1_347' title='bbox 1136 1090 1206 1117; x_wconf 85' lang='grc' dir='ltr'>κατὰ</span> <span class='ocrx_word' id='word_1_348' title='bbox 1217 1090 1264 1125; x_wconf 83' lang='grc' dir='ltr'>τὴν</span> <span class='ocrx_word' id='word_1_349' title='bbox 1275 1090 1380 1124; x_wconf 85' lang='grc' dir='ltr'>γένεσιν</span> <span class='ocrx_word' id='word_1_350' title='bbox 1392 1090 1474 1124; x_wconf 82' lang='grc' dir='ltr'>λέγω,</span> <span class='ocrx_word' id='word_1_351' title='bbox 1488 1091 1659 1126; x_wconf 81' lang='grc' dir='ltr'>συμμετέσχε</span> <span class='ocrx_word' id='word_1_352' title='bbox 1673 1092 1716 1119; x_wconf 84' lang='grc' dir='ltr'>διὰ</span> <span class='ocrx_word' id='word_1_353' title='bbox 1727 1092 1820 1120; x_wconf 81' lang='grc' dir='ltr'>τούτου</span> <span class='ocrx_word' id='word_1_354' title='bbox 1835 1092 1880 1122; x_wconf 75' lang='grc' dir='ltr'>καὶ</span> 
     </span>
    </p>
   </div>
   <div class='ocr_carea' id='block_1_50' title="bbox 1092 1135 1880 1174">
    <p class='ocr_par' dir='ltr' id='par_1_50' title="bbox 1092 1135 1880 1174">
     <span class='ocr_line' id='line_1_50' title="bbox 1092 1135 1880 1174; baseline 0.005 -12"><span class='ocrx_word' id='word_1_355' title='bbox 1092 1135 1146 1163; x_wconf 83' lang='grc' dir='ltr'><strong>τῶν</strong></span> <span class='ocrx_word' id='word_1_356' title='bbox 1167 1135 1268 1162; x_wconf 85' lang='grc' dir='ltr'>λοιπῶν</span> <span class='ocrx_word' id='word_1_357' title='bbox 1285 1136 1340 1162; x_wconf 85' lang='grc' dir='ltr'>τῶν</span> <span class='ocrx_word' id='word_1_358' title='bbox 1363 1137 1392 1162; x_wconf 80' lang='grc' dir='ltr'>ὲν</span> <span class='ocrx_word' id='word_1_359' title='bbox 1410 1137 1503 1172; x_wconf 79' lang='grc' dir='ltr'>ἐκείνῃ</span> <span class='ocrx_word' id='word_1_360' title='bbox 1524 1137 1718 1173; x_wconf 80' lang='grc' dir='ltr'><strong>θεωρουμένων</strong></span> <span class='ocrx_word' id='word_1_361' title='bbox 1738 1140 1771 1174; x_wconf 79' lang='grc' dir='ltr'>τῇ</span> <span class='ocrx_word' id='word_1_362' title='bbox 1792 1140 1880 1174; x_wconf 75' lang='grc' dir='ltr'>φύσει.</span> 
     </span>
    </p>
   </div>
   <div class='ocr_carea' id='block_1_51' title="bbox 1093 1181 1882 1220">
    <p class='ocr_par' dir='ltr' id='par_1_51' title="bbox 1093 1181 1882 1220">
     <span class='ocr_line' id='line_1_51' title="bbox 1093 1181 1882 1220; baseline 0.005 -12"><span class='ocrx_word' id='word_1_363' title='bbox 1093 1182 1130 1208; x_wconf 85' lang='grc' dir='ltr'><strong>Οὐ</strong></span> <span class='ocrx_word' id='word_1_364' title='bbox 1151 1181 1204 1218; x_wconf 88' lang='grc' dir='ltr'><strong>γὰρ</strong></span> <span class='ocrx_word' id='word_1_365' title='bbox 1219 1182 1290 1208; x_wconf 83' lang='grc' dir='ltr'><strong>κατά</strong></span> <span class='ocrx_word' id='word_1_366' title='bbox 1310 1181 1355 1209; x_wconf 82' lang='grc' dir='ltr'>τὸν</span> <span class='ocrx_word' id='word_1_367' title='bbox 1370 1181 1456 1217; x_wconf 80' lang='grc' dir='ltr'>θυμόν</span> <span class='ocrx_word' id='word_1_368' title='bbox 1479 1184 1537 1209; x_wconf 80' lang='grc' dir='ltr'>ἐστι</span> <span class='ocrx_word' id='word_1_369' title='bbox 1552 1183 1598 1209; x_wconf 83' lang='grc' dir='ltr'>τοῦ</span> <span class='ocrx_word' id='word_1_370' title='bbox 1617 1183 1794 1220; x_wconf 80' lang='grc' dir='ltr'>ἀνθρώπου’ἡ</span> <span class='ocrx_word' id='word_1_371' title='bbox 1815 1186 1882 1220; x_wconf 79' lang='grc' dir='ltr'>πρὸς</span> 
     </span>
    </p>
   </div>
   <div class='ocr_carea' id='block_1_52' title="bbox 1092 1227 1883 1266">
    <p class='ocr_par' dir='ltr' id='par_1_52' title="bbox 1092 1227 1883 1266">
     <span class='ocr_line' id='line_1_52' title="bbox 1092 1227 1883 1266; baseline 0.006 -13"><span class='ocrx_word' id='word_1_372' title='bbox 1092 1227 1123 1254; x_wconf 78' lang='grc' dir='ltr'>τὸ</span> <span class='ocrx_word' id='word_1_373' title='bbox 1131 1227 1206 1254; x_wconf 82' lang='grc' dir='ltr'>Θεῖον</span> <span class='ocrx_word' id='word_1_374' title='bbox 1221 1227 1360 1263; x_wconf 78' lang='grc' dir='ltr'>ὁμοίωσις,</span> <span class='ocrx_word' id='word_1_375' title='bbox 1377 1227 1439 1254; x_wconf 74' lang='grc' dir='ltr'>οὔτε</span> <span class='ocrx_word' id='word_1_376' title='bbox 1452 1228 1496 1254; x_wconf 83' lang='grc' dir='ltr'>διὰ</span> <span class='ocrx_word' id='word_1_377' title='bbox 1512 1229 1562 1263; x_wconf 88' lang='grc' dir='ltr'>τῆς</span> <span class='ocrx_word' id='word_1_378' title='bbox 1575 1230 1669 1264; x_wconf 76' lang='grc' dir='ltr'>ἡδονῆς</span> <span class='ocrx_word' id='word_1_379' title='bbox 1682 1231 1698 1265; x_wconf 88' lang='grc' dir='ltr'><strong>ἡ</strong></span> <span class='ocrx_word' id='word_1_380' title='bbox 1714 1230 1883 1266; x_wconf 70' lang='grc' dir='ltr'><strong>ὑπερέχουσα</strong></span> 
     </span>
    </p>
   </div>
   <div class='ocr_carea' id='block_1_53' title="bbox 1093 1274 1881 1313">
    <p class='ocr_par' dir='ltr' id='par_1_53' title="bbox 1093 1274 1881 1313">
     <span class='ocr_line' id='line_1_53' title="bbox 1093 1274 1881 1313; baseline 0.004 -13"><span class='ocrx_word' id='word_1_381' title='bbox 1093 1274 1325 1310; x_wconf 71' lang='grc' dir='ltr'><strong>χαρακτηρίζεται</strong></span> <span class='ocrx_word' id='word_1_382' title='bbox 1343 1274 1432 1309; x_wconf 76' lang='grc' dir='ltr'>φύσις,</span> <span class='ocrx_word' id='word_1_383' title='bbox 1453 1275 1538 1302; x_wconf 82' lang='grc' dir='ltr'>δειλία</span> <span class='ocrx_word' id='word_1_384' title='bbox 1555 1285 1583 1302; x_wconf 76' lang='grc' dir='ltr'><strong>τε</strong></span> <span class='ocrx_word' id='word_1_385' title='bbox 1604 1276 1647 1302; x_wconf 65' lang='grc' dir='ltr'><strong>καλ</strong></span> <span class='ocrx_word' id='word_1_386' title='bbox 1669 1276 1779 1312; x_wconf 75' lang='grc' dir='ltr'>θράσος,</span> <span class='ocrx_word' id='word_1_387' title='bbox 1801 1278 1848 1305; x_wconf 81' lang='grc' dir='ltr'><strong>καὶ</strong></span> <span class='ocrx_word' id='word_1_388' title='bbox 1864 1279 1881 1313; x_wconf 91' lang='grc' dir='ltr'><strong>ἡ</strong></span> 
     </span>
    </p>
   </div>
   <div class='ocr_carea' id='block_1_54' title="bbox 1093 1317 1884 1355">
    <p class='ocr_par' dir='ltr' id='par_1_54' title="bbox 1093 1317 1884 1355">
     <span class='ocr_line' id='line_1_54' title="bbox 1093 1317 1884 1355; baseline 0.004 -12"><span class='ocrx_word' id='word_1_389' title='bbox 1093 1317 1139 1343; x_wconf 82' lang='grc' dir='ltr'>τοῦ</span> <span class='ocrx_word' id='word_1_390' title='bbox 1153 1317 1272 1349; x_wconf 82' lang='grc' dir='ltr'>πλείονος</span> <span class='ocrx_word' id='word_1_391' title='bbox 1285 1317 1387 1352; x_wconf 68' lang='grc' dir='ltr'>ἔφεσις,</span> <span class='ocrx_word' id='word_1_392' title='bbox 1403 1318 1450 1344; x_wconf 66' lang='grc' dir='ltr'>καὶ</span> <span class='ocrx_word' id='word_1_393' title='bbox 1464 1318 1493 1344; x_wconf 84' lang='grc' dir='ltr'><strong>τὸ</strong></span> <span class='ocrx_word' id='word_1_394' title='bbox 1506 1318 1575 1353; x_wconf 71' lang='grc' dir='ltr'>πρὸς</span> <span class='ocrx_word' id='word_1_395' title='bbox 1596 1319 1625 1345; x_wconf 82' lang='grc' dir='ltr'><strong>τὸ</strong></span> <span class='ocrx_word' id='word_1_396' title='bbox 1639 1319 1816 1346; x_wconf 72' lang='grc' dir='ltr'>ἐλαττοῦσθαι</span> <span class='ocrx_word' id='word_1_397' title='bbox 1838 1322 1884 1355; x_wconf 86' lang='grc' dir='ltr'><strong>μῖ-</strong></span> 
     </span>
    </p>
   </div>
   <div class='ocr_carea' id='block_1_55' title="bbox 1095 1362 1884 1400">
    <p class='ocr_par' dir='ltr' id='par_1_55' title="bbox 1095 1362 1884 1400">
     <span class='ocr_line' id='line_1_55' title="bbox 1095 1362 1884 1400; baseline 0.004 -12"><span class='ocrx_word' id='word_1_398' title='bbox 1095 1371 1153 1394; x_wconf 83' lang='grc' dir='ltr'><strong>σος⁷</strong></span> <span class='ocrx_word' id='word_1_399' title='bbox 1170 1363 1216 1388; x_wconf 70' lang='grc' dir='ltr'><strong>καὶ</strong></span> <span class='ocrx_word' id='word_1_400' title='bbox 1234 1363 1321 1389; x_wconf 72' lang='grc' dir='ltr'>πάντα</span> <span class='ocrx_word' id='word_1_401' title='bbox 1343 1363 1377 1389; x_wconf 82' lang='grc' dir='ltr'>τὰ</span> <span class='ocrx_word' id='word_1_402' title='bbox 1395 1362 1508 1389; x_wconf 72' lang='grc' dir='ltr'>τοιαῦτα</span> <span class='ocrx_word' id='word_1_403' title='bbox 1532 1363 1625 1399; x_wconf 73' lang='grc' dir='ltr'>πόρῥω</span> <span class='ocrx_word' id='word_1_404' title='bbox 1646 1363 1692 1390; x_wconf 74' lang='grc' dir='ltr'>τοῦ</span> <span class='ocrx_word' id='word_1_405' title='bbox 1715 1364 1884 1400; x_wconf 77' lang='grc' dir='ltr'>θεοπρεποῦς</span> 
     </span>
    </p>
   </div>
   <div class='ocr_carea' id='block_1_56' title="bbox 1093 1408 1884 1447">
    <p class='ocr_par' dir='ltr' id='par_1_56' title="bbox 1093 1408 1884 1447">
     <span class='ocr_line' id='line_1_56' title="bbox 1093 1408 1884 1447; baseline 0.004 -13"><span class='ocrx_word' id='word_1_406' title='bbox 1093 1408 1264 1444; x_wconf 78' lang='grc' dir='ltr'>χαρακτῆρός</span> <span class='ocrx_word' id='word_1_407' title='bbox 1275 1409 1343 1436; x_wconf 80' lang='grc' dir='ltr'>ἐστι.</span> <span class='ocrx_word' id='word_1_408' title='bbox 1359 1408 1451 1435; x_wconf 77' lang='grc' dir='ltr'>Ταῦτα</span> <span class='ocrx_word' id='word_1_409' title='bbox 1466 1409 1555 1436; x_wconf 80' lang='grc' dir='ltr'>τοίνυν</span> <span class='ocrx_word' id='word_1_410' title='bbox 1569 1410 1600 1435; x_wconf 82' lang='grc' dir='ltr'>ἐκ</span> <span class='ocrx_word' id='word_1_411' title='bbox 1612 1409 1659 1435; x_wconf 76' lang='grc' dir='ltr'><strong>τοῦ</strong></span> <span class='ocrx_word' id='word_1_412' title='bbox 1672 1409 1768 1445; x_wconf 80' lang='grc' dir='ltr'>ἀλόγου</span> <span class='ocrx_word' id='word_1_413' title='bbox 1784 1411 1884 1447; x_wconf 75' lang='grc' dir='ltr'>μέρους</span> 
     </span>
    </p>
   </div>
   <div class='ocr_carea' id='block_1_57' title="bbox 1093 1454 1885 1491">
    <p class='ocr_par' dir='ltr' id='par_1_57' title="bbox 1093 1454 1885 1491">
     <span class='ocr_line' id='line_1_57' title="bbox 1093 1454 1885 1491; baseline 0.005 -11"><span class='ocrx_word' id='word_1_414' title='bbox 1093 1455 1109 1489; x_wconf 88' lang='grc' dir='ltr'>ἡ</span> <span class='ocrx_word' id='word_1_415' title='bbox 1131 1454 1288 1490; x_wconf 82' lang='grc' dir='ltr'>ἀνθρωπίνη</span> <span class='ocrx_word' id='word_1_416' title='bbox 1311 1454 1391 1489; x_wconf 84' lang='grc' dir='ltr'>φύσις</span> <span class='ocrx_word' id='word_1_417' title='bbox 1410 1455 1478 1490; x_wconf 78' lang='grc' dir='ltr'>πρὸς</span> <span class='ocrx_word' id='word_1_418' title='bbox 1499 1455 1596 1491; x_wconf 81' lang='grc' dir='ltr'>ἑαυτὴν</span> <span class='ocrx_word' id='word_1_419' title='bbox 1621 1455 1810 1490; x_wconf 68' lang='grc' dir='ltr'>ἐφειλκύσατο.</span> <span class='ocrx_word' id='word_1_420' title='bbox 1835 1454 1885 1485; x_wconf 79' lang='grc' dir='ltr'><strong>Οἷς</strong></span> 
     </span>
    </p>
   </div>
   <div class='ocr_carea' id='block_1_58' title="bbox 1093 1500 1884 1538">
    <p class='ocr_par' dir='ltr' id='par_1_58' title="bbox 1093 1500 1884 1538">
     <span class='ocr_line' id='line_1_58' title="bbox 1093 1500 1884 1538; baseline 0.003 -12"><span class='ocrx_word' id='word_1_421' title='bbox 1093 1500 1148 1536; x_wconf 78' lang='grc' dir='ltr'><strong>γὰρ</strong></span> <span class='ocrx_word' id='word_1_422' title='bbox 1159 1502 1175 1536; x_wconf 84' lang='grc' dir='ltr'>ἡ</span> <span class='ocrx_word' id='word_1_423' title='bbox 1186 1500 1281 1535; x_wconf 78' lang='grc' dir='ltr'>ἄλογος</span> <span class='ocrx_word' id='word_1_424' title='bbox 1291 1500 1346 1536; x_wconf 78' lang='grc' dir='ltr'><strong>ζωὴ</strong></span> <span class='ocrx_word' id='word_1_425' title='bbox 1356 1501 1423 1536; x_wconf 81' lang='grc' dir='ltr'>πρὸς</span> <span class='ocrx_word' id='word_1_426' title='bbox 1433 1501 1596 1538; x_wconf 81' lang='grc' dir='ltr'>συντήρησιν</span> <span class='ocrx_word' id='word_1_427' title='bbox 1605 1502 1703 1537; x_wconf 79' lang='grc' dir='ltr'>ἑαυτῆς</span> <span class='ocrx_word' id='word_1_428' title='bbox 1716 1501 1884 1538; x_wconf 77' lang='grc' dir='ltr'>ὴσφαλίσθη,</span> 
     </span>
    </p>
   </div>
   <div class='ocr_carea' id='block_1_59' title="bbox 1095 1545 1884 1583">
    <p class='ocr_par' dir='ltr' id='par_1_59' title="bbox 1095 1545 1884 1583">
     <span class='ocr_line' id='line_1_59' title="bbox 1095 1545 1884 1583; baseline 0.004 -11"><span class='ocrx_word' id='word_1_429' title='bbox 1095 1545 1179 1572; x_wconf 78' lang='grc' dir='ltr'>ταῦτα</span> <span class='ocrx_word' id='word_1_430' title='bbox 1195 1547 1263 1582; x_wconf 75' lang='grc' dir='ltr'>πρὸς</span> <span class='ocrx_word' id='word_1_431' title='bbox 1274 1547 1319 1574; x_wconf 79' lang='grc' dir='ltr'><strong>τὸν</strong></span> <span class='ocrx_word' id='word_1_432' title='bbox 1339 1546 1508 1583; x_wconf 81' lang='grc' dir='ltr'>ἀνθρώπινον</span> <span class='ocrx_word' id='word_1_433' title='bbox 1522 1547 1716 1582; x_wconf 78' lang='grc' dir='ltr'>μετενεχθέντα</span> <span class='ocrx_word' id='word_1_434' title='bbox 1730 1548 1797 1582; x_wconf 86' lang='grc' dir='ltr'>βίον,</span> <span class='ocrx_word' id='word_1_435' title='bbox 1809 1549 1884 1583; x_wconf 81' lang='grc' dir='ltr'>πάθη</span> 
     </span>
    </p>
   </div>
   <div class='ocr_carea' id='block_1_60' title="bbox 255 1577 1044 1626">
    <p class='ocr_par' dir='ltr' id='par_1_60' title="bbox 255 1593 1043 1621">
     <span class='ocr_line' id='line_1_60' title="bbox 255 1593 1043 1621; baseline 0.001 -2"><span class='ocrx_word' id='word_1_436' title='bbox 255 1594 327 1620; x_wconf 78' lang='lat' dir='ltr'><strong>enim</strong></span> <span class='ocrx_word' id='word_1_437' title='bbox 345 1593 429 1620; x_wconf 85' lang='lat' dir='ltr'><strong>rebus</strong></span> <span class='ocrx_word' id='word_1_438' title='bbox 456 1593 512 1620; x_wconf 83' lang='lat' dir='ltr'><strong>vita</strong></span> <span class='ocrx_word' id='word_1_439' title='bbox 530 1594 674 1621; x_wconf 83' lang='lat' dir='ltr'><strong>brutorum</strong></span> <span class='ocrx_word' id='word_1_440' title='bbox 706 1593 740 1620; x_wconf 89' lang='lat' dir='ltr'><strong>ad</strong></span> <span class='ocrx_word' id='word_1_441' title='bbox 770 1601 798 1621; x_wconf 89' lang='lat' dir='ltr'><strong>se</strong></span> <span class='ocrx_word' id='word_1_442' title='bbox 824 1593 1043 1621; x_wconf 85' lang='lat' dir='ltr'><strong>conservandum</strong></span> 
     </span>
    </p>
   </div>
   <div class='ocr_carea' id='block_1_61' title="bbox 1095 1577 1882 1626">
    <p class='ocr_par' dir='ltr' id='par_1_61' title="bbox 1095 1577 1882 1626">
     <span class='ocr_line' id='line_1_61' title="bbox 1095 1577 1882 1626; baseline 0.001 -11"><span class='ocrx_word' id='word_1_443' title='bbox 1095 1577 1223 1622; x_wconf 47' lang='grc' dir='ltr'>ἐγένετο..</span> <span class='ocrx_word' id='word_1_444' title='bbox 1241 1577 1327 1624; x_wconf 77' lang='grc' dir='ltr'><strong>Θυμῷ</strong></span> <span class='ocrx_word' id='word_1_445' title='bbox 1352 1577 1470 1625; x_wconf 77' lang='grc' dir='ltr'>μὲνγὰρ</span> <span class='ocrx_word' id='word_1_446' title='bbox 1494 1577 1666 1625; x_wconf 65' lang='grc' dir='ltr'>σύντηρεέται</span> <span class='ocrx_word' id='word_1_447' title='bbox 1687 1577 1882 1626; x_wconf 32' lang='grc' dir='ltr'>τάἰὼμοὸόραί</span> 
     </span>
    </p>
   </div>
   <div class='ocr_carea' id='block_1_62' title="bbox 255 1639 1043 1672">
    <p class='ocr_par' dir='ltr' id='par_1_62' title="bbox 255 1639 1043 1672">
     <span class='ocr_line' id='line_1_62' title="bbox 255 1639 1043 1672; baseline 0.001 -7"><span class='ocrx_word' id='word_1_448' title='bbox 255 1639 361 1665; x_wconf 89' lang='lat' dir='ltr'><strong>munita</strong></span> <span class='ocrx_word' id='word_1_449' title='bbox 386 1642 439 1670; x_wconf 88' lang='lat' dir='ltr'><strong>est,</strong></span> <span class='ocrx_word' id='word_1_450' title='bbox 464 1647 502 1666; x_wconf 76' lang='lat' dir='ltr'><strong>ea:</strong></span> <span class='ocrx_word' id='word_1_451' title='bbox 517 1647 560 1667; x_wconf 89' lang='lat' dir='ltr'><strong>res</strong></span> <span class='ocrx_word' id='word_1_452' title='bbox 587 1639 620 1666; x_wconf 89' lang='lat' dir='ltr'><strong>ad</strong></span> <span class='ocrx_word' id='word_1_453' title='bbox 644 1640 763 1667; x_wconf 88' lang='lat' dir='ltr'><strong>hominis</strong></span> <span class='ocrx_word' id='word_1_454' title='bbox 787 1640 869 1666; x_wconf 87' lang='lat' dir='ltr'><strong>vitam</strong></span> <span class='ocrx_word' id='word_1_455' title='bbox 894 1639 1043 1672; x_wconf 69' lang='lat' dir='ltr'><strong>translatae,</strong></span> 
     </span>
    </p>
   </div>
   <div class='ocr_carea' id='block_1_63' title="bbox 257 1685 1046 1721">
    <p class='ocr_par' dir='ltr' id='par_1_63' title="bbox 257 1685 1046 1721">
     <span class='ocr_line' id='line_1_63' title="bbox 257 1685 1046 1721; baseline -0.003 -8"><span class='ocrx_word' id='word_1_456' title='bbox 257 1691 320 1713; x_wconf 76' lang='lat' dir='ltr'><strong>sunt</strong></span> <span class='ocrx_word' id='word_1_457' title='bbox 337 1687 378 1713; x_wconf 69' lang='lat' dir='ltr'><strong>Ita:</strong></span> <span class='ocrx_word' id='word_1_458' title='bbox 393 1686 459 1721; x_wconf 63' lang='lat' dir='ltr'><strong>ipsa:</strong></span> <span class='ocrx_word' id='word_1_459' title='bbox 476 1687 510 1714; x_wconf 88' lang='lat' dir='ltr'><strong>de</strong></span> <span class='ocrx_word' id='word_1_460' title='bbox 525 1686 625 1721; x_wconf 89' lang='lat' dir='ltr'><strong>qttibus</strong></span> <span class='ocrx_word' id='word_1_461' title='bbox 645 1686 793 1721; x_wconf 88' lang='lat' dir='ltr'><strong>loquimur,</strong></span> <span class='ocrx_word' id='word_1_462' title='bbox 809 1685 893 1712; x_wconf 87' lang='lat' dir='ltr'><strong>animi</strong></span> <span class='ocrx_word' id='word_1_463' title='bbox 911 1686 968 1712; x_wconf 86' lang='lat' dir='ltr'><strong>sive</strong></span> <span class='ocrx_word' id='word_1_464' title='bbox 985 1692 1046 1720; x_wconf 88' lang='lat' dir='ltr'><strong>per-</strong></span> 
     </span>
    </p>
   </div>
   <div class='ocr_carea' id='block_1_64' title="bbox 255 1730 1045 1764">
    <p class='ocr_par' dir='ltr' id='par_1_64' title="bbox 255 1730 1045 1764">
     <span class='ocr_line' id='line_1_64' title="bbox 255 1730 1045 1764; baseline -0.001 -6"><span class='ocrx_word' id='word_1_465' title='bbox 255 1732 446 1764; x_wconf 85' lang='lat' dir='ltr'><strong>turbationes,</strong></span> <span class='ocrx_word' id='word_1_466' title='bbox 473 1732 529 1759; x_wconf 84' lang='lat' dir='ltr'><strong>sive</strong></span> <span class='ocrx_word' id='word_1_467' title='bbox 558 1731 727 1759; x_wconf 60' lang='lat' dir='ltr'><strong>aﬂ‘cctiones.</strong></span> <span class='ocrx_word' id='word_1_468' title='bbox 770 1730 911 1758; x_wconf 85' lang='lat' dir='ltr'><strong>Iracundia</strong></span> <span class='ocrx_word' id='word_1_469' title='bbox 940 1731 1045 1758; x_wconf 74' lang='lat' dir='ltr'><strong>belluas</strong></span> 
     </span>
    </p>
   </div>
   <div class='ocr_carea' id='block_1_65' title="bbox 255 1774 1045 1810">
    <p class='ocr_par' dir='ltr' id='par_1_65' title="bbox 255 1774 1045 1810">
     <span class='ocr_line' id='line_1_65' title="bbox 255 1774 1045 1810; baseline 0.003 -8"><span class='ocrx_word' id='word_1_470' title='bbox 255 1775 416 1803; x_wconf 70' lang='lat' dir='ltr'><strong>critdivoras</strong></span> <span class='ocrx_word' id='word_1_471' title='bbox 433 1779 525 1803; x_wconf 88' lang='lat' dir='ltr'><strong>tuetur</strong></span> <span class='ocrx_word' id='word_1_472' title='bbox 537 1775 571 1802; x_wconf 90' lang='lat' dir='ltr'><strong>ab</strong></span> <span class='ocrx_word' id='word_1_473' title='bbox 592 1775 703 1803; x_wconf 88' lang='lat' dir='ltr'><strong>interitu</strong></span> <span class='ocrx_word' id='word_1_474' title='bbox 718 1785 724 1803; x_wconf 90' lang='lat'><strong>:</strong></span> <span class='ocrx_word' id='word_1_475' title='bbox 742 1774 874 1803; x_wconf 77' lang='lat' dir='ltr'><strong>fecundas</strong></span> <span class='ocrx_word' id='word_1_476' title='bbox 898 1775 1045 1810; x_wconf 81' lang='lat' dir='ltr'><strong>voluptatis</strong></span> 
     </span>
    </p>
   </div>
   <div class='ocr_carea' id='block_1_66' title="bbox 256 1821 1044 1857">
    <p class='ocr_par' dir='ltr' id='par_1_66' title="bbox 256 1821 1044 1857">
     <span class='ocr_line' id='line_1_66' title="bbox 256 1821 1044 1857; baseline 0.003 -9"><span class='ocrx_word' id='word_1_477' title='bbox 256 1823 402 1857; x_wconf 83' lang='lat' dir='ltr'><strong>appetitus,</strong></span> <span class='ocrx_word' id='word_1_478' title='bbox 420 1822 543 1850; x_wconf 82' lang='lat' dir='ltr'><strong>imbelles</strong></span> <span class='ocrx_word' id='word_1_479' title='bbox 555 1823 701 1857; x_wconf 79' lang='lat' dir='ltr'><strong>trepidatio</strong></span> <span class='ocrx_word' id='word_1_480' title='bbox 714 1831 720 1849; x_wconf 90' lang='lat'>:</span> <span class='ocrx_word' id='word_1_481' title='bbox 733 1829 794 1857; x_wconf 68' lang='lat' dir='ltr'><strong>quae</strong></span> <span class='ocrx_word' id='word_1_482' title='bbox 809 1830 824 1848; x_wconf 89' lang='lat' dir='ltr'><strong>a</strong></span> <span class='ocrx_word' id='word_1_483' title='bbox 837 1821 1044 1850; x_wconf 87' lang='lat' dir='ltr'><strong>robustioribus</strong></span> 
     </span>
    </p>
   </div>
   <div class='ocr_carea' id='block_1_67' title="bbox 257 1868 1046 1904">
    <p class='ocr_par' dir='ltr' id='par_1_67' title="bbox 257 1868 1046 1904">
     <span class='ocr_line' id='line_1_67' title="bbox 257 1868 1046 1904; baseline -0.003 -8"><span class='ocrx_word' id='word_1_484' title='bbox 257 1876 287 1896; x_wconf 83' lang='lat' dir='ltr'><strong>se</strong></span> <span class='ocrx_word' id='word_1_485' title='bbox 319 1868 389 1896; x_wconf 89' lang='lat' dir='ltr'><strong>tueri</strong></span> <span class='ocrx_word' id='word_1_486' title='bbox 421 1871 580 1903; x_wconf 87' lang='lat' dir='ltr'><strong>nequeunt,</strong></span> <span class='ocrx_word' id='word_1_487' title='bbox 611 1873 721 1896; x_wconf 88' lang='lat' dir='ltr'><strong>metus:</strong></span> <span class='ocrx_word' id='word_1_488' title='bbox 756 1868 874 1904; x_wconf 76' lang='lat' dir='ltr'><strong>grandes</strong></span> <span class='ocrx_word' id='word_1_489' title='bbox 908 1872 1046 1896; x_wconf 85' lang='lat' dir='ltr'><strong>sustentat</strong></span> 
     </span>
    </p>
   </div>
   <div class='ocr_carea' id='block_1_68' title="bbox 257 1914 1046 1950">
    <p class='ocr_par' dir='ltr' id='par_1_68' title="bbox 257 1914 1046 1950">
     <span class='ocr_line' id='line_1_68' title="bbox 257 1914 1046 1950; baseline -0.001 -8"><span class='ocrx_word' id='word_1_490' title='bbox 257 1915 402 1949; x_wconf 82' lang='lat' dir='ltr'><strong>ingluvies.</strong></span> <span class='ocrx_word' id='word_1_491' title='bbox 420 1914 588 1949; x_wconf 86' lang='lat' dir='ltr'><strong>Contraque,</strong></span> <span class='ocrx_word' id='word_1_492' title='bbox 615 1915 639 1942; x_wconf 89' lang='lat' dir='ltr'><strong>si</strong></span> <span class='ocrx_word' id='word_1_493' title='bbox 666 1922 722 1949; x_wconf 91' lang='lat' dir='ltr'><strong>quo</strong></span> <span class='ocrx_word' id='word_1_494' title='bbox 748 1915 830 1949; x_wconf 92' lang='lat' dir='ltr'><strong>potiri</strong></span> <span class='ocrx_word' id='word_1_495' title='bbox 847 1915 919 1949; x_wconf 88' lang='lat' dir='ltr'><strong>quod</strong></span> <span class='ocrx_word' id='word_1_496' title='bbox 946 1915 1046 1950; x_wconf 87' lang='lat' dir='ltr'><strong>volupe</strong></span> 
     </span>
    </p>
   </div>
   <div class='ocr_carea' id='block_1_69' title="bbox 257 1959 1046 1994">
    <p class='ocr_par' dir='ltr' id='par_1_69' title="bbox 257 1959 1046 1994">
     <span class='ocr_line' id='line_1_69' title="bbox 257 1959 1046 1994; baseline 0.001 -9"><span class='ocrx_word' id='word_1_497' title='bbox 257 1959 294 1986; x_wconf 87' lang='lat' dir='ltr'><strong>sit</strong></span> <span class='ocrx_word' id='word_1_498' title='bbox 307 1963 455 1994; x_wconf 85' lang='lat' dir='ltr'><strong>nequeant,</strong></span> <span class='ocrx_word' id='word_1_499' title='bbox 474 1959 500 1986; x_wconf 89' lang='lat' dir='ltr'><strong>id</strong></span> <span class='ocrx_word' id='word_1_500' title='bbox 514 1959 638 1986; x_wconf 88' lang='lat' dir='ltr'><strong>dolorem</strong></span> <span class='ocrx_word' id='word_1_501' title='bbox 653 1959 680 1986; x_wconf 89' lang='lat' dir='ltr'><strong>in</strong></span> <span class='ocrx_word' id='word_1_502' title='bbox 697 1959 737 1986; x_wconf 85' lang='lat' dir='ltr'><strong>eis</strong></span> <span class='ocrx_word' id='word_1_503' title='bbox 752 1960 864 1987; x_wconf 80' lang='lat' dir='ltr'><strong>excitat.</strong></span> <span class='ocrx_word' id='word_1_504' title='bbox 879 1959 941 1987; x_wconf 60' lang='lat' dir='ltr'><strong>Ilaec</strong></span> <span class='ocrx_word' id='word_1_505' title='bbox 954 1960 1046 1987; x_wconf 90' lang='lat' dir='ltr'><strong>omnia</strong></span> 
     </span>
    </p>
   </div>
   <div class='ocr_carea' id='block_1_70' title="bbox 257 2004 1047 2040">
    <p class='ocr_par' dir='ltr' id='par_1_70' title="bbox 257 2004 1047 2040">
     <span class='ocr_line' id='line_1_70' title="bbox 257 2004 1047 2040; baseline 0 -8"><span class='ocrx_word' id='word_1_506' title='bbox 257 2009 286 2032; x_wconf 90' lang='lat' dir='ltr'><strong>ct</strong></span> <span class='ocrx_word' id='word_1_507' title='bbox 301 2004 344 2031; x_wconf 91' lang='lat' dir='ltr'><strong>his</strong></span> <span class='ocrx_word' id='word_1_508' title='bbox 362 2005 414 2031; x_wconf 88' lang='lat' dir='ltr'><strong>alia</strong></span> <span class='ocrx_word' id='word_1_509' title='bbox 443 2005 599 2031; x_wconf 88' lang='lat' dir='ltr'><strong>consimilia</strong></span> <span class='ocrx_word' id='word_1_510' title='bbox 615 2005 739 2039; x_wconf 86' lang='lat' dir='ltr'><strong>quaedam</strong></span> <span class='ocrx_word' id='word_1_511' title='bbox 758 2012 811 2031; x_wconf 90' lang='lat' dir='ltr'><strong>una</strong></span> <span class='ocrx_word' id='word_1_512' title='bbox 827 2013 889 2032; x_wconf 89' lang='lat' dir='ltr'><strong>cntn</strong></span> <span class='ocrx_word' id='word_1_513' title='bbox 917 2013 1047 2040; x_wconf 87' lang='lat' dir='ltr'><strong>procrea-</strong></span> 
     </span>
    </p>
   </div>
   <div class='ocr_carea' id='block_1_71' title="bbox 258 2051 1047 2086">
    <p class='ocr_par' dir='ltr' id='par_1_71' title="bbox 258 2051 1047 2086">
     <span class='ocr_line' id='line_1_71' title="bbox 258 2051 1047 2086; baseline 0.003 -9"><span class='ocrx_word' id='word_1_514' title='bbox 258 2051 332 2078; x_wconf 88' lang='lat' dir='ltr'><strong>tione</strong></span> <span class='ocrx_word' id='word_1_515' title='bbox 344 2052 425 2078; x_wconf 89' lang='lat' dir='ltr'><strong>bruta</strong></span> <span class='ocrx_word' id='word_1_516' title='bbox 440 2051 560 2079; x_wconf 91' lang='lat' dir='ltr'><strong>hominis</strong></span> <span class='ocrx_word' id='word_1_517' title='bbox 573 2051 712 2086; x_wconf 90' lang='lat' dir='ltr'><strong>opiﬁcium</strong></span> <span class='ocrx_word' id='word_1_518' title='bbox 724 2057 937 2086; x_wconf 87' lang='lat' dir='ltr'><strong>occupaverunt.</strong></span> <span class='ocrx_word' id='word_1_519' title='bbox 953 2051 1047 2079; x_wconf 85' lang='lat' dir='ltr'><strong>Liceat</strong></span> 
     </span>
    </p>
   </div>
   <div class='ocr_carea' id='block_1_72' title="bbox 258 2097 1045 2133">
    <p class='ocr_par' dir='ltr' id='par_1_72' title="bbox 258 2097 1045 2133">
     <span class='ocr_line' id='line_1_72' title="bbox 258 2097 1045 2133; baseline 0.001 -9"><span class='ocrx_word' id='word_1_520' title='bbox 258 2102 350 2124; x_wconf 87' lang='lat' dir='ltr'><strong>autem</strong></span> <span class='ocrx_word' id='word_1_521' title='bbox 375 2097 442 2124; x_wconf 88' lang='lat' dir='ltr'><strong>mihi</strong></span> <span class='ocrx_word' id='word_1_522' title='bbox 459 2097 510 2124; x_wconf 93' lang='lat' dir='ltr'><strong>hoc</strong></span> <span class='ocrx_word' id='word_1_523' title='bbox 526 2097 586 2125; x_wconf 88' lang='lat' dir='ltr'><strong>loco</strong></span> <span class='ocrx_word' id='word_1_524' title='bbox 611 2097 644 2125; x_wconf 89' lang='lat' dir='ltr'><strong>de</strong></span> <span class='ocrx_word' id='word_1_525' title='bbox 660 2098 832 2133; x_wconf 85' lang='lat' dir='ltr'><strong>sculptorum</strong></span> <span class='ocrx_word' id='word_1_526' title='bbox 856 2099 1045 2133; x_wconf 72' lang='lat' dir='ltr'><strong>prmstantium</strong></span> 
     </span>
    </p>
   </div>
   <div class='ocr_carea' id='block_1_73' title="bbox 258 2143 1045 2178">
    <p class='ocr_par' dir='ltr' id='par_1_73' title="bbox 258 2143 1045 2178">
     <span class='ocr_line' id='line_1_73' title="bbox 258 2143 1045 2178; baseline 0.001 -7"><span class='ocrx_word' id='word_1_527' title='bbox 258 2151 344 2177; x_wconf 90' lang='lat' dir='ltr'><strong>more,</strong></span> <span class='ocrx_word' id='word_1_528' title='bbox 361 2143 478 2171; x_wconf 88' lang='lat' dir='ltr'><strong>hominis</strong></span> <span class='ocrx_word' id='word_1_529' title='bbox 502 2143 648 2178; x_wconf 81' lang='lat' dir='ltr'><strong>imaginem</strong></span> <span class='ocrx_word' id='word_1_530' title='bbox 666 2143 693 2170; x_wconf 90' lang='lat' dir='ltr'><strong>vi</strong></span> <span class='ocrx_word' id='word_1_531' title='bbox 720 2144 856 2171; x_wconf 86' lang='lat' dir='ltr'><strong>oratiouis</strong></span> <span class='ocrx_word' id='word_1_532' title='bbox 879 2144 1045 2178; x_wconf 77' lang='lat' dir='ltr'><strong>exprimere.</strong></span> 
     </span>
    </p>
   </div>
   <div class='ocr_carea' id='block_1_74' title="bbox 258 2188 1045 2224">
    <p class='ocr_par' dir='ltr' id='par_1_74' title="bbox 258 2188 1045 2224">
     <span class='ocr_line' id='line_1_74' title="bbox 258 2188 1045 2224; baseline 0.001 -9"><span class='ocrx_word' id='word_1_533' title='bbox 258 2189 493 2222; x_wconf 76' lang='lat' dir='ltr'><strong>Quemadmodum</strong></span> <span class='ocrx_word' id='word_1_534' title='bbox 509 2189 582 2216; x_wconf 86' lang='lat' dir='ltr'><strong>enim</strong></span> <span class='ocrx_word' id='word_1_535' title='bbox 604 2188 698 2216; x_wconf 86' lang='lat' dir='ltr'><strong>videre</strong></span> <span class='ocrx_word' id='word_1_536' title='bbox 713 2192 754 2216; x_wconf 90' lang='lat' dir='ltr'><strong>est</strong></span> <span class='ocrx_word' id='word_1_537' title='bbox 777 2188 909 2223; x_wconf 90' lang='lat' dir='ltr'><strong>quasdam</strong></span> <span class='ocrx_word' id='word_1_538' title='bbox 933 2188 1045 2224; x_wconf 85' lang='lat' dir='ltr'><strong>eﬁigics,</strong></span> 
     </span>
    </p>
   </div>
   <div class='ocr_carea' id='block_1_75' title="bbox 259 2234 1046 2271">
    <p class='ocr_par' dir='ltr' id='par_1_75' title="bbox 259 2234 1046 2271">
     <span class='ocr_line' id='line_1_75' title="bbox 259 2234 1046 2271; baseline -0.001 -8"><span class='ocrx_word' id='word_1_539' title='bbox 259 2236 287 2263; x_wconf 91' lang='lat' dir='ltr'><strong>in</strong></span> <span class='ocrx_word' id='word_1_540' title='bbox 303 2235 402 2271; x_wconf 87' lang='lat' dir='ltr'><strong>quibus</strong></span> <span class='ocrx_word' id='word_1_541' title='bbox 413 2235 514 2271; x_wconf 83' lang='lat' dir='ltr'><strong>duplex</strong></span> <span class='ocrx_word' id='word_1_542' title='bbox 541 2239 584 2263; x_wconf 86' lang='lat' dir='ltr'><strong>est</strong></span> <span class='ocrx_word' id='word_1_543' title='bbox 607 2242 738 2269; x_wconf 83' lang='lat' dir='ltr'><strong>expressa</strong></span> <span class='ocrx_word' id='word_1_544' title='bbox 756 2234 854 2266; x_wconf 79' lang='lat' dir='ltr'><strong>forma,</strong></span> <span class='ocrx_word' id='word_1_545' title='bbox 880 2235 1046 2270; x_wconf 80' lang='lat' dir='ltr'><strong>ﬁngentibus</strong></span> 
     </span>
    </p>
   </div>
   <div class='ocr_carea' id='block_1_76' title="bbox 259 2281 1047 2317">
    <p class='ocr_par' dir='ltr' id='par_1_76' title="bbox 259 2281 1047 2317">
     <span class='ocr_line' id='line_1_76' title="bbox 259 2281 1047 2317; baseline 0.001 -9"><span class='ocrx_word' id='word_1_546' title='bbox 259 2282 310 2309; x_wconf 91' lang='lat' dir='ltr'><strong>has</strong></span> <span class='ocrx_word' id='word_1_547' title='bbox 334 2281 487 2309; x_wconf 89' lang='lat' dir='ltr'><strong>artiﬁcibus</strong></span> <span class='ocrx_word' id='word_1_548' title='bbox 516 2289 615 2317; x_wconf 79' lang='lat' dir='ltr'><strong>magno</strong></span> <span class='ocrx_word' id='word_1_549' title='bbox 639 2282 745 2314; x_wconf 88' lang='lat' dir='ltr'><strong>studio,</strong></span> <span class='ocrx_word' id='word_1_550' title='bbox 776 2286 860 2316; x_wconf 90' lang='lat' dir='ltr'><strong>atque</strong></span> <span class='ocrx_word' id='word_1_551' title='bbox 887 2282 935 2309; x_wconf 90' lang='lat' dir='ltr'><strong>uni</strong></span> <span class='ocrx_word' id='word_1_552' title='bbox 962 2282 1047 2317; x_wconf 86' lang='lat' dir='ltr'><strong>capiti</strong></span> 
     </span>
    </p>
   </div>
   <div class='ocr_carea' id='block_1_77' title="bbox 259 2326 1047 2361">
    <p class='ocr_par' dir='ltr' id='par_1_77' title="bbox 259 2326 1047 2361">
     <span class='ocr_line' id='line_1_77' title="bbox 259 2326 1047 2361; baseline 0.001 -7"><span class='ocrx_word' id='word_1_553' title='bbox 259 2326 382 2361; x_wconf 77' lang='lat' dir='ltr'><strong>geminas</strong></span> <span class='ocrx_word' id='word_1_554' title='bbox 406 2327 532 2354; x_wconf 77' lang='lat' dir='ltr'><strong>vultuum</strong></span> <span class='ocrx_word' id='word_1_555' title='bbox 561 2327 664 2354; x_wconf 81' lang='lat' dir='ltr'><strong>formas</strong></span> <span class='ocrx_word' id='word_1_556' title='bbox 683 2326 915 2361; x_wconf 87' lang='lat' dir='ltr'><strong>insculpentibus,</strong></span> <span class='ocrx_word' id='word_1_557' title='bbox 942 2332 969 2354; x_wconf 91' lang='lat' dir='ltr'><strong>ut</strong></span> <span class='ocrx_word' id='word_1_558' title='bbox 999 2335 1047 2355; x_wconf 90' lang='lat' dir='ltr'><strong>eas</strong></span> 
     </span>
    </p>
   </div>
   <div class='ocr_carea' id='block_1_78' title="bbox 260 2372 1047 2408">
    <p class='ocr_par' dir='ltr' id='par_1_78' title="bbox 260 2372 1047 2408">
     <span class='ocr_line' id='line_1_78' title="bbox 260 2372 1047 2408; baseline -0.001 -7"><span class='ocrx_word' id='word_1_559' title='bbox 260 2377 430 2408; x_wconf 82' lang='lat' dir='ltr'><strong>spectatores</strong></span> <span class='ocrx_word' id='word_1_560' title='bbox 452 2373 571 2407; x_wconf 87' lang='lat' dir='ltr'><strong>quodam</strong></span> <span class='ocrx_word' id='word_1_561' title='bbox 596 2380 658 2400; x_wconf 89' lang='lat' dir='ltr'><strong>cum</strong></span> <span class='ocrx_word' id='word_1_562' title='bbox 678 2378 790 2407; x_wconf 84' lang='lat' dir='ltr'><strong>stupore</strong></span> <span class='ocrx_word' id='word_1_563' title='bbox 813 2372 982 2406; x_wconf 83' lang='lat' dir='ltr'><strong>intueantur,</strong></span> <span class='ocrx_word' id='word_1_564' title='bbox 1006 2373 1047 2400; x_wconf 89' lang='lat' dir='ltr'><strong>sic</strong></span> 
     </span>
    </p>
   </div>
   <div class='ocr_carea' id='block_1_79' title="bbox 259 2418 1045 2454">
    <p class='ocr_par' dir='ltr' id='par_1_79' title="bbox 259 2418 1045 2454">
     <span class='ocr_line' id='line_1_79' title="bbox 259 2418 1045 2454; baseline -0.001 -7"><span class='ocrx_word' id='word_1_565' title='bbox 259 2420 326 2447; x_wconf 87' lang='lat' dir='ltr'><strong>mihi</strong></span> <span class='ocrx_word' id='word_1_566' title='bbox 341 2424 368 2446; x_wconf 89' lang='lat' dir='ltr'><strong>et</strong></span> <span class='ocrx_word' id='word_1_567' title='bbox 392 2419 419 2446; x_wconf 94' lang='lat' dir='ltr'><strong>in</strong></span> <span class='ocrx_word' id='word_1_568' title='bbox 435 2419 546 2446; x_wconf 85' lang='lat' dir='ltr'><strong>homine</strong></span> <span class='ocrx_word' id='word_1_569' title='bbox 562 2418 659 2454; x_wconf 78' lang='lat' dir='ltr'><strong>duplex</strong></span> <span class='ocrx_word' id='word_1_570' title='bbox 679 2426 742 2446; x_wconf 86' lang='lat' dir='ltr'><strong>esse</strong></span> <span class='ocrx_word' id='word_1_571' title='bbox 757 2419 911 2446; x_wconf 89' lang='lat' dir='ltr'><strong>similitudo</strong></span> <span class='ocrx_word' id='word_1_572' title='bbox 925 2419 1045 2453; x_wconf 82' lang='lat' dir='ltr'><strong>videtur,</strong></span> 
     </span>
    </p>
   </div>
   <div class='ocr_carea' id='block_1_80' title="bbox 259 2464 1046 2500">
    <p class='ocr_par' dir='ltr' id='par_1_80' title="bbox 259 2464 1046 2500">
     <span class='ocr_line' id='line_1_80' title="bbox 259 2464 1046 2500; baseline 0.001 -9"><span class='ocrx_word' id='word_1_573' title='bbox 259 2473 374 2500; x_wconf 86' lang='lat' dir='ltr'><strong>quarum</strong></span> <span class='ocrx_word' id='word_1_574' title='bbox 393 2465 478 2492; x_wconf 88' lang='lat' dir='ltr'><strong>altera</strong></span> <span class='ocrx_word' id='word_1_575' title='bbox 495 2465 573 2500; x_wconf 78' lang='lat' dir='ltr'><strong>longe</strong></span> <span class='ocrx_word' id='word_1_576' title='bbox 587 2465 621 2491; x_wconf 92' lang='lat' dir='ltr'><strong>ab</strong></span> <span class='ocrx_word' id='word_1_577' title='bbox 648 2465 734 2492; x_wconf 89' lang='lat' dir='ltr'><strong>altera</strong></span> <span class='ocrx_word' id='word_1_578' title='bbox 759 2464 901 2492; x_wconf 71' lang='lat' dir='ltr'><strong>dissideat.</strong></span> <span class='ocrx_word' id='word_1_579' title='bbox 918 2465 1046 2493; x_wconf 87' lang='lat' dir='ltr'><strong>Divinum</strong></span> 
     </span>
    </p>
   </div>
   <div class='ocr_carea' id='block_1_81' title="bbox 259 2510 1047 2546">
    <p class='ocr_par' dir='ltr' id='par_1_81' title="bbox 259 2510 1047 2546">
     <span class='ocr_line' id='line_1_81' title="bbox 259 2510 1047 2546; baseline 0.001 -9"><span class='ocrx_word' id='word_1_580' title='bbox 259 2511 331 2537; x_wconf 84' lang='lat' dir='ltr'><strong>enim</strong></span> <span class='ocrx_word' id='word_1_581' title='bbox 346 2510 445 2538; x_wconf 88' lang='lat' dir='ltr'><strong>mentis</strong></span> <span class='ocrx_word' id='word_1_582' title='bbox 460 2510 562 2537; x_wconf 91' lang='lat' dir='ltr'><strong>donum</strong></span> <span class='ocrx_word' id='word_1_583' title='bbox 583 2510 656 2545; x_wconf 81' lang='lat' dir='ltr'><strong>quod</strong></span> <span class='ocrx_word' id='word_1_584' title='bbox 679 2511 787 2544; x_wconf 82' lang='lat' dir='ltr'><strong>attinet,</strong></span> <span class='ocrx_word' id='word_1_585' title='bbox 814 2511 1047 2546; x_wconf 89' lang='lat' dir='ltr'><strong>pulchritudinem</strong></span> 
     </span>
    </p>
   </div>
   <div class='ocr_carea' id='block_1_82' title="bbox 260 2556 1048 2592">
    <p class='ocr_par' dir='ltr' id='par_1_82' title="bbox 260 2556 1048 2592">
     <span class='ocr_line' id='line_1_82' title="bbox 260 2556 1048 2592; baseline 0.001 -10"><span class='ocrx_word' id='word_1_586' title='bbox 260 2556 317 2583; x_wconf 69' lang='lat' dir='ltr'><strong>haec</strong></span> <span class='ocrx_word' id='word_1_587' title='bbox 337 2564 408 2589; x_wconf 85' lang='lat' dir='ltr'><strong>eam,</strong></span> <span class='ocrx_word' id='word_1_588' title='bbox 428 2564 489 2592; x_wconf 72' lang='lat' dir='ltr'><strong>quae</strong></span> <span class='ocrx_word' id='word_1_589' title='bbox 507 2558 535 2584; x_wconf 91' lang='lat' dir='ltr'><strong>in</strong></span> <span class='ocrx_word' id='word_1_590' title='bbox 558 2556 614 2584; x_wconf 90' lang='lat' dir='ltr'><strong>Deo</strong></span> <span class='ocrx_word' id='word_1_591' title='bbox 633 2561 686 2588; x_wconf 91' lang='lat' dir='ltr'><strong>est,</strong></span> <span class='ocrx_word' id='word_1_592' title='bbox 711 2557 815 2590; x_wconf 87' lang='lat' dir='ltr'><strong>rel&#39;ert;</strong></span> <span class='ocrx_word' id='word_1_593' title='bbox 838 2561 967 2584; x_wconf 78' lang='lat' dir='ltr'><strong>caeterum</strong></span> <span class='ocrx_word' id='word_1_594' title='bbox 993 2564 1048 2592; x_wconf 88' lang='lat' dir='ltr'><strong>qtta</strong></span> 
     </span>
    </p>
   </div>
   <div class='ocr_carea' id='block_1_83' title="bbox 259 2603 1048 2639">
    <p class='ocr_par' dir='ltr' id='par_1_83' title="bbox 259 2603 1048 2639">
     <span class='ocr_line' id='line_1_83' title="bbox 259 2603 1048 2639; baseline 0.001 -10"><span class='ocrx_word' id='word_1_595' title='bbox 259 2603 425 2637; x_wconf 84' lang='lat' dir='ltr'><strong>cupiditates</strong></span> <span class='ocrx_word' id='word_1_596' title='bbox 450 2603 475 2630; x_wconf 87' lang='lat' dir='ltr'><strong>ei</strong></span> <span class='ocrx_word' id='word_1_597' title='bbox 503 2603 628 2639; x_wconf 73' lang='lat' dir='ltr'><strong>quaedam</strong></span> <span class='ocrx_word' id='word_1_598' title='bbox 659 2605 772 2636; x_wconf 80' lang='lat' dir='ltr'><strong>insunt,</strong></span> <span class='ocrx_word' id='word_1_599' title='bbox 802 2608 870 2630; x_wconf 60' lang='lat' dir='ltr'><strong>orta).</strong></span> <span class='ocrx_word' id='word_1_600' title='bbox 903 2611 934 2631; x_wconf 80' lang='lat' dir='ltr'><strong>ex</strong></span> <span class='ocrx_word' id='word_1_601' title='bbox 964 2603 1048 2631; x_wconf 88' lang='lat' dir='ltr'><strong>animi</strong></span> 
     </span>
    </p>
   </div>
   <div class='ocr_carea' id='block_1_84' title="bbox 260 2648 1046 2685">
    <p class='ocr_par' dir='ltr' id='par_1_84' title="bbox 260 2648 1046 2685">
     <span class='ocr_line' id='line_1_84' title="bbox 260 2648 1046 2685; baseline 0.004 -11"><span class='ocrx_word' id='word_1_602' title='bbox 260 2648 377 2680; x_wconf 84' lang='lat' dir='ltr'><strong>morbis,</strong></span> <span class='ocrx_word' id='word_1_603' title='bbox 400 2648 482 2676; x_wconf 82' lang='lat' dir='ltr'><strong>etiam</strong></span> <span class='ocrx_word' id='word_1_604' title='bbox 498 2653 603 2676; x_wconf 65' lang='lat' dir='ltr'><strong>natura:</strong></span> <span class='ocrx_word' id='word_1_605' title='bbox 620 2649 708 2677; x_wconf 68' lang='lat' dir='ltr'><strong>brutze</strong></span> <span class='ocrx_word' id='word_1_606' title='bbox 735 2649 902 2685; x_wconf 77' lang='lat' dir='ltr'><strong>cognatione</strong></span> <span class='ocrx_word' id='word_1_607' title='bbox 927 2652 1046 2678; x_wconf 86' lang='lat' dir='ltr'><strong>tenetur.</strong></span> 
     </span>
    </p>
   </div>
   <div class='ocr_carea' id='block_1_85' title="bbox 260 2693 1047 2730">
    <p class='ocr_par' dir='ltr' id='par_1_85' title="bbox 260 2693 1047 2730">
     <span class='ocr_line' id='line_1_85' title="bbox 260 2693 1047 2730; baseline 0.003 -9"><span class='ocrx_word' id='word_1_608' title='bbox 260 2693 356 2729; x_wconf 85' lang='lat' dir='ltr'><strong>Itaque</strong></span> <span class='ocrx_word' id='word_1_609' title='bbox 369 2702 564 2730; x_wconf 88' lang='lat' dir='ltr'><strong>nonnunquam</strong></span> <span class='ocrx_word' id='word_1_610' title='bbox 586 2699 613 2723; x_wconf 86' lang='lat' dir='ltr'><strong>et</strong></span> <span class='ocrx_word' id='word_1_611' title='bbox 629 2696 688 2730; x_wconf 89' lang='lat' dir='ltr'><strong>ipsa</strong></span> <span class='ocrx_word' id='word_1_612' title='bbox 702 2696 772 2722; x_wconf 80' lang='lat' dir='ltr'><strong>ratio</strong></span> <span class='ocrx_word' id='word_1_613' title='bbox 799 2695 840 2722; x_wconf 89' lang='lat' dir='ltr'><strong>sic</strong></span> <span class='ocrx_word' id='word_1_614' title='bbox 864 2695 1047 2729; x_wconf 80' lang='lat' dir='ltr'><strong>obbrutescit,</strong></span> 
     </span>
    </p>
   </div>
   <div class='ocr_carea' id='block_1_86' title="bbox 260 2740 1049 2776">
    <p class='ocr_par' dir='ltr' id='par_1_86' title="bbox 260 2740 1049 2776">
     <span class='ocr_line' id='line_1_86' title="bbox 260 2740 1049 2776; baseline 0.001 -9"><span class='ocrx_word' id='word_1_615' title='bbox 260 2745 291 2768; x_wconf 91' lang='lat' dir='ltr'><strong>ut</strong></span> <span class='ocrx_word' id='word_1_616' title='bbox 314 2742 347 2768; x_wconf 89' lang='lat' dir='ltr'><strong>ah</strong></span> <span class='ocrx_word' id='word_1_617' title='bbox 363 2741 507 2769; x_wconf 83' lang='lat' dir='ltr'><strong>ati&#39;eetione</strong></span> <span class='ocrx_word' id='word_1_618' title='bbox 527 2749 592 2776; x_wconf 79' lang='lat' dir='ltr'><strong>erga</strong></span> <span class='ocrx_word' id='word_1_619' title='bbox 619 2741 729 2768; x_wconf 90' lang='lat' dir='ltr'><strong>brutam</strong></span> <span class='ocrx_word' id='word_1_620' title='bbox 749 2744 854 2776; x_wconf 87' lang='lat' dir='ltr'><strong>partem</strong></span> <span class='ocrx_word' id='word_1_621' title='bbox 876 2741 958 2772; x_wconf 87' lang='lat' dir='ltr'><strong>victa,</strong></span> <span class='ocrx_word' id='word_1_622' title='bbox 975 2740 1049 2775; x_wconf 89' lang='lat' dir='ltr'><strong>quod</strong></span> 
     </span>
    </p>
   </div>
   <div class='ocr_carea' id='block_1_87' title="bbox 261 2786 1049 2822">
    <p class='ocr_par' dir='ltr' id='par_1_87' title="bbox 261 2786 1049 2822">
     <span class='ocr_line' id='line_1_87' title="bbox 261 2786 1049 2822; baseline 0.001 -8"><span class='ocrx_word' id='word_1_623' title='bbox 261 2791 303 2814; x_wconf 78' lang='lat' dir='ltr'><strong>est</strong></span> <span class='ocrx_word' id='word_1_624' title='bbox 332 2788 360 2815; x_wconf 92' lang='lat' dir='ltr'><strong>in</strong></span> <span class='ocrx_word' id='word_1_625' title='bbox 391 2788 500 2815; x_wconf 87' lang='lat' dir='ltr'><strong>homine</strong></span> <span class='ocrx_word' id='word_1_626' title='bbox 528 2787 810 2822; x_wconf 84' lang='lat' dir='ltr'><strong>pracstantissit_num,</strong></span> <span class='ocrx_word' id='word_1_627' title='bbox 844 2786 871 2814; x_wconf 80' lang='lat' dir='ltr'><strong>\‘i</strong></span> <span class='ocrx_word' id='word_1_628' title='bbox 903 2787 1049 2815; x_wconf 87' lang='lat' dir='ltr'><strong>deterioris</strong></span> 
     </span>
    </p>
   </div>
   <div class='ocr_carea' id='block_1_88' title="bbox 262 2831 1047 2868">
    <p class='ocr_par' dir='ltr' id='par_1_88' title="bbox 262 2831 1047 2868">
     <span class='ocr_line' id='line_1_88' title="bbox 262 2831 1047 2868; baseline 0.003 -10"><span class='ocrx_word' id='word_1_629' title='bbox 262 2833 369 2861; x_wconf 91' lang='lat' dir='ltr'><strong>obruat.</strong></span> <span class='ocrx_word' id='word_1_630' title='bbox 382 2833 448 2860; x_wconf 85' lang='lat' dir='ltr'><strong>Nam</strong></span> <span class='ocrx_word' id='word_1_631' title='bbox 461 2833 483 2860; x_wconf 85' lang='lat' dir='ltr'><strong>si</strong></span> <span class='ocrx_word' id='word_1_632' title='bbox 497 2834 559 2868; x_wconf 88' lang='lat' dir='ltr'><strong>quis</strong></span> <span class='ocrx_word' id='word_1_633' title='bbox 570 2840 602 2860; x_wconf 92' lang='lat' dir='ltr'><strong>eo</strong></span> <span class='ocrx_word' id='word_1_634' title='bbox 613 2832 713 2860; x_wconf 88' lang='lat' dir='ltr'><strong>mentis</strong></span> <span class='ocrx_word' id='word_1_635' title='bbox 727 2831 885 2860; x_wconf 83' lang='lat' dir='ltr'><strong>facultatem</strong></span> <span class='ocrx_word' id='word_1_636' title='bbox 902 2833 1047 2868; x_wconf 86' lang='lat' dir='ltr'><strong>pertrahit,</strong></span> 
     </span>
    </p>
   </div>
   <div class='ocr_carea' id='block_1_89' title="bbox 264 2878 1044 2916">
    <p class='ocr_par' dir='ltr' id='par_1_89' title="bbox 264 2878 1044 2916">
     <span class='ocr_line' id='line_1_89' title="bbox 264 2878 1044 2916; baseline 0.001 -11"><span class='ocrx_word' id='word_1_637' title='bbox 264 2882 296 2905; x_wconf 89' lang='lat' dir='ltr'><strong>ut</strong></span> <span class='ocrx_word' id='word_1_638' title='bbox 313 2879 445 2907; x_wconf 83' lang='lat' dir='ltr'><strong>rationem</strong></span> <span class='ocrx_word' id='word_1_639' title='bbox 465 2878 569 2906; x_wconf 74' lang='lat' dir='ltr'><strong>servire</strong></span> <span class='ocrx_word' id='word_1_640' title='bbox 586 2878 689 2908; x_wconf 83' lang='lat' dir='ltr'><strong>morbis</strong></span> <span class='ocrx_word' id='word_1_641' title='bbox 705 2878 790 2906; x_wconf 85' lang='lat' dir='ltr'><strong>animi</strong></span> <span class='ocrx_word' id='word_1_642' title='bbox 807 2883 886 2916; x_wconf 75' lang='lat' dir='ltr'><strong>cogat</strong></span> <span class='ocrx_word' id='word_1_643' title='bbox 900 2888 906 2907; x_wconf 85' lang='lat'><strong>:</strong></span> <span class='ocrx_word' id='word_1_644' title='bbox 923 2887 965 2907; x_wconf 81' lang='lat' dir='ltr'><strong>mc</strong></span> <span class='ocrx_word' id='word_1_645' title='bbox 988 2884 1044 2907; x_wconf 91' lang='lat' dir='ltr'><strong>tum</strong></span> 
     </span>
    </p>
   </div>
   <div class='ocr_carea' id='block_1_90' title="bbox 1096 1631 1885 1667">
    <p class='ocr_par' dir='ltr' id='par_1_90' title="bbox 1096 1631 1885 1667">
     <span class='ocr_line' id='line_1_90' title="bbox 1096 1631 1885 1667; baseline 0.005 -10"><span class='ocrx_word' id='word_1_646' title='bbox 1096 1631 1236 1666; x_wconf 80' lang='grc' dir='ltr'>φιληδονία</span> <span class='ocrx_word' id='word_1_647' title='bbox 1250 1632 1278 1658; x_wconf 78' lang='grc' dir='ltr'>δὲ</span> <span class='ocrx_word' id='word_1_648' title='bbox 1295 1633 1329 1659; x_wconf 84' lang='grc' dir='ltr'>τὰ</span> <span class='ocrx_word' id='word_1_649' title='bbox 1348 1633 1546 1667; x_wconf 83' lang='grc' dir='ltr'>πολυγονοῦντα</span> <span class='ocrx_word' id='word_1_650' title='bbox 1563 1634 1617 1660; x_wconf 83' lang='grc' dir='ltr'><strong>τῶν</strong></span> <span class='ocrx_word' id='word_1_651' title='bbox 1633 1633 1710 1665; x_wconf 78' lang='grc' dir='ltr'>ζώων</span> <span class='ocrx_word' id='word_1_652' title='bbox 1723 1634 1804 1666; x_wconf 75' lang='grc' dir='ltr'>σώζει</span> <span class='ocrx_word' id='word_1_653' title='bbox 1817 1643 1823 1650; x_wconf 90' lang='grc'>·</span> <span class='ocrx_word' id='word_1_654' title='bbox 1838 1634 1885 1661; x_wconf 78' lang='grc' dir='ltr'>τὸν</span> 
     </span>
    </p>
   </div>
   <div class='ocr_carea' id='block_1_91' title="bbox 1096 1677 1886 1717">
    <p class='ocr_par' dir='ltr' id='par_1_91' title="bbox 1096 1677 1886 1717">
     <span class='ocr_line' id='line_1_91' title="bbox 1096 1677 1886 1717; baseline 0.005 -13"><span class='ocrx_word' id='word_1_655' title='bbox 1096 1677 1207 1705; x_wconf 81' lang='grc' dir='ltr'><strong>ἄναλκιν</strong></span> <span class='ocrx_word' id='word_1_656' title='bbox 1222 1679 1238 1714; x_wconf 82' lang='grc' dir='ltr'><strong>ἡ</strong></span> <span class='ocrx_word' id='word_1_657' title='bbox 1251 1679 1346 1712; x_wconf 81' lang='grc' dir='ltr'>δειλία,</span> <span class='ocrx_word' id='word_1_658' title='bbox 1361 1679 1407 1706; x_wconf 72' lang='grc' dir='ltr'>καὶ</span> <span class='ocrx_word' id='word_1_659' title='bbox 1424 1679 1470 1706; x_wconf 84' lang='grc' dir='ltr'>τὸν</span> <span class='ocrx_word' id='word_1_660' title='bbox 1483 1680 1617 1707; x_wconf 81' lang='grc' dir='ltr'>εὐάλωτον</span> <span class='ocrx_word' id='word_1_661' title='bbox 1631 1682 1688 1712; x_wconf 81' lang='grc' dir='ltr'>τοῖς</span> <span class='ocrx_word' id='word_1_662' title='bbox 1701 1681 1886 1717; x_wconf 75' lang='grc' dir='ltr'><strong>ἰσχυροτέροις</strong></span> 
     </span>
    </p>
   </div>
   <div class='ocr_carea' id='block_1_92' title="bbox 1096 1725 1887 1762">
    <p class='ocr_par' dir='ltr' id='par_1_92' title="bbox 1096 1725 1887 1762">
     <span class='ocr_line' id='line_1_92' title="bbox 1096 1725 1887 1762; baseline 0.003 -10"><span class='ocrx_word' id='word_1_663' title='bbox 1096 1725 1110 1752; x_wconf 80' lang='grc' dir='ltr'><strong><em>ὁ</em></strong></span> <span class='ocrx_word' id='word_1_664' title='bbox 1131 1725 1227 1759; x_wconf 74' lang='grc' dir='ltr'>φόϐος,</span> <span class='ocrx_word' id='word_1_665' title='bbox 1244 1725 1291 1752; x_wconf 79' lang='grc' dir='ltr'>τὸν</span> <span class='ocrx_word' id='word_1_666' title='bbox 1308 1726 1336 1752; x_wconf 83' lang='grc' dir='ltr'>δὲ</span> <span class='ocrx_word' id='word_1_667' title='bbox 1362 1725 1532 1762; x_wconf 84' lang='grc' dir='ltr'>πολύσαρκον</span> <span class='ocrx_word' id='word_1_668' title='bbox 1549 1727 1566 1762; x_wconf 82' lang='grc' dir='ltr'>ἡ</span> <span class='ocrx_word' id='word_1_669' title='bbox 1591 1726 1752 1762; x_wconf 83' lang='grc' dir='ltr'>λαιμαργία.</span> <span class='ocrx_word' id='word_1_670' title='bbox 1774 1728 1827 1754; x_wconf 78' lang='grc' dir='ltr'><strong>Καὶ</strong></span> <span class='ocrx_word' id='word_1_671' title='bbox 1854 1727 1887 1754; x_wconf 81' lang='grc' dir='ltr'>τὺ</span> 
     </span>
    </p>
   </div>
   <div class='ocr_carea' id='block_1_93' title="bbox 1095 1771 1887 1808">
    <p class='ocr_par' dir='ltr' id='par_1_93' title="bbox 1095 1771 1887 1808">
     <span class='ocr_line' id='line_1_93' title="bbox 1095 1771 1887 1808; baseline 0.004 -11"><span class='ocrx_word' id='word_1_672' title='bbox 1095 1771 1254 1806; x_wconf 75' lang='grc' dir='ltr'>διαμαρτεῖν</span> <span class='ocrx_word' id='word_1_673' title='bbox 1267 1772 1422 1799; x_wconf 73' lang='grc' dir='ltr'>οὑτινοσοῦν</span> <span class='ocrx_word' id='word_1_674' title='bbox 1446 1773 1499 1799; x_wconf 84' lang='grc' dir='ltr'>τῶν</span> <span class='ocrx_word' id='word_1_675' title='bbox 1515 1771 1575 1799; x_wconf 79' lang='grc' dir='ltr'>καθ’</span> <span class='ocrx_word' id='word_1_676' title='bbox 1592 1772 1697 1808; x_wconf 83' lang='grc' dir='ltr'>ἡδονὴν,</span> <span class='ocrx_word' id='word_1_677' title='bbox 1719 1773 1807 1808; x_wconf 81' lang='grc' dir='ltr'>λύπης</span> <span class='ocrx_word' id='word_1_678' title='bbox 1822 1773 1887 1800; x_wconf 83' lang='grc' dir='ltr'>ὑπό-</span> 
     </span>
    </p>
   </div>
   <div class='ocr_carea' id='block_1_94' title="bbox 1097 1815 1887 1852">
    <p class='ocr_par' dir='ltr' id='par_1_94' title="bbox 1097 1815 1887 1852">
     <span class='ocr_line' id='line_1_94' title="bbox 1097 1815 1887 1852; baseline 0.005 -10"><span class='ocrx_word' id='word_1_679' title='bbox 1097 1815 1171 1848; x_wconf 86' lang='grc' dir='ltr'>θεσις</span> <span class='ocrx_word' id='word_1_680' title='bbox 1193 1818 1221 1843; x_wconf 85' lang='grc' dir='ltr'>ὲν</span> <span class='ocrx_word' id='word_1_681' title='bbox 1246 1818 1302 1849; x_wconf 89' lang='grc' dir='ltr'>τοῖς</span> <span class='ocrx_word' id='word_1_682' title='bbox 1329 1818 1438 1852; x_wconf 78' lang='grc' dir='ltr'>ἀλόγοις</span> <span class='ocrx_word' id='word_1_683' title='bbox 1461 1817 1529 1845; x_wconf 84' lang='grc' dir='ltr'><strong>ὲστί.</strong></span> <span class='ocrx_word' id='word_1_684' title='bbox 1552 1817 1644 1844; x_wconf 81' lang='grc' dir='ltr'>Ταῦτα</span> <span class='ocrx_word' id='word_1_685' title='bbox 1668 1818 1757 1846; x_wconf 84' lang='grc' dir='ltr'>πάντα</span> <span class='ocrx_word' id='word_1_686' title='bbox 1781 1819 1829 1846; x_wconf 82' lang='grc' dir='ltr'>καὶ</span> <span class='ocrx_word' id='word_1_687' title='bbox 1851 1819 1887 1846; x_wconf 74' lang='grc' dir='ltr'>τὰ</span> 
     </span>
    </p>
   </div>
   <div class='ocr_carea' id='block_1_95' title="bbox 1095 1861 1886 1902">
    <p class='ocr_par' dir='ltr' id='par_1_95' title="bbox 1095 1861 1886 1902">
     <span class='ocr_line' id='line_1_95' title="bbox 1095 1861 1886 1902; baseline 0.006 -15"><span class='ocrx_word' id='word_1_688' title='bbox 1095 1861 1207 1888; x_wconf 84' lang='grc' dir='ltr'>τοιαῦτα</span> <span class='ocrx_word' id='word_1_689' title='bbox 1228 1861 1282 1889; x_wconf 45' lang='grc' dir='ltr'>διὰ,</span> <span class='ocrx_word' id='word_1_690' title='bbox 1293 1862 1342 1897; x_wconf 81' lang='grc' dir='ltr'>τῆς</span> <span class='ocrx_word' id='word_1_691' title='bbox 1360 1862 1511 1897; x_wconf 83' lang='grc' dir='ltr'>κτηνώδους</span> <span class='ocrx_word' id='word_1_692' title='bbox 1529 1863 1664 1897; x_wconf 85' lang='grc' dir='ltr'>γενέσεως</span> <span class='ocrx_word' id='word_1_693' title='bbox 1678 1865 1835 1899; x_wconf 80' lang='grc' dir='ltr'>συνεισῆλθε</span> <span class='ocrx_word' id='word_1_694' title='bbox 1851 1867 1886 1902; x_wconf 79' lang='grc' dir='ltr'>τῇ</span> 
     </span>
    </p>
   </div>
   <div class='ocr_carea' id='block_1_96' title="bbox 1095 1905 1887 1945">
    <p class='ocr_par' dir='ltr' id='par_1_96' title="bbox 1095 1905 1887 1945">
     <span class='ocr_line' id='line_1_96' title="bbox 1095 1905 1887 1945; baseline 0.004 -12"><span class='ocrx_word' id='word_1_695' title='bbox 1095 1905 1144 1932; x_wconf 80' lang='grc' dir='ltr'>τοῦ</span> <span class='ocrx_word' id='word_1_696' title='bbox 1165 1906 1310 1942; x_wconf 84' lang='grc' dir='ltr'>ἀνθρώπου</span> <span class='ocrx_word' id='word_1_697' title='bbox 1333 1909 1501 1943; x_wconf 79' lang='grc' dir='ltr'>κατασκευῇ.</span> <span class='ocrx_word' id='word_1_698' title='bbox 1519 1908 1574 1935; x_wconf 80' lang='grc' dir='ltr'>Καί</span> <span class='ocrx_word' id='word_1_699' title='bbox 1595 1917 1638 1944; x_wconf 75' lang='grc' dir='ltr'>μοι</span> <span class='ocrx_word' id='word_1_700' title='bbox 1664 1909 1887 1945; x_wconf 77' lang='grc' dir='ltr'>συγκεχωρήσθω</span> 
     </span>
    </p>
   </div>
   <div class='ocr_carea' id='block_1_97' title="bbox 1097 1953 1886 1992">
    <p class='ocr_par' dir='ltr' id='par_1_97' title="bbox 1097 1953 1886 1992">
     <span class='ocr_line' id='line_1_97' title="bbox 1097 1953 1886 1992; baseline 0.005 -13"><span class='ocrx_word' id='word_1_701' title='bbox 1097 1953 1167 1980; x_wconf 87' lang='grc' dir='ltr'><strong>κατά</strong></span> <span class='ocrx_word' id='word_1_702' title='bbox 1187 1962 1247 1980; x_wconf 77' lang='grc' dir='ltr'>τινα</span> <span class='ocrx_word' id='word_1_703' title='bbox 1269 1954 1420 1990; x_wconf 85' lang='grc' dir='ltr'>πλαστικὴν</span> <span class='ocrx_word' id='word_1_704' title='bbox 1442 1954 1659 1989; x_wconf 70' lang='grc' dir='ltr'>θαυματοποιῖαν</span> <span class='ocrx_word' id='word_1_705' title='bbox 1681 1955 1829 1992; x_wconf 80' lang='grc' dir='ltr'>διαγράψαι</span> <span class='ocrx_word' id='word_1_706' title='bbox 1846 1956 1886 1992; x_wconf 83' lang='grc' dir='ltr'>τῷ</span> 
     </span>
    </p>
   </div>
   <div class='ocr_carea' id='block_1_98' title="bbox 1096 1998 1887 2037">
    <p class='ocr_par' dir='ltr' id='par_1_98' title="bbox 1096 1998 1887 2037">
     <span class='ocr_line' id='line_1_98' title="bbox 1096 1998 1887 2037; baseline 0.005 -12"><span class='ocrx_word' id='word_1_707' title='bbox 1096 1998 1168 2035; x_wconf 87' lang='grc' dir='ltr'>λόγῳ</span> <span class='ocrx_word' id='word_1_708' title='bbox 1189 1999 1238 2035; x_wconf 81' lang='grc' dir='ltr'>τὴν</span> <span class='ocrx_word' id='word_1_709' title='bbox 1263 1999 1435 2036; x_wconf 71' lang='grc' dir='ltr'>ἀνθρωπίνην</span> <span class='ocrx_word' id='word_1_710' title='bbox 1450 2001 1552 2027; x_wconf 83' lang='grc' dir='ltr'>είκόνα.</span> <span class='ocrx_word' id='word_1_711' title='bbox 1577 2001 1710 2037; x_wconf 79' lang='grc' dir='ltr'>Καθάπερ</span> <span class='ocrx_word' id='word_1_712' title='bbox 1733 2002 1787 2037; x_wconf 82' lang='grc' dir='ltr'>γὰρ</span> <span class='ocrx_word' id='word_1_713' title='bbox 1811 2002 1887 2030; x_wconf 75' lang='grc' dir='ltr'>ἐστιν</span> 
     </span>
    </p>
   </div>
   <div class='ocr_carea' id='block_1_99' title="bbox 1099 2045 1883 2085">
    <p class='ocr_par' dir='ltr' id='par_1_99' title="bbox 1099 2045 1883 2085">
     <span class='ocr_line' id='line_1_99' title="bbox 1099 2045 1883 2085; baseline 0.004 -13"><span class='ocrx_word' id='word_1_714' title='bbox 1099 2045 1162 2072; x_wconf 78' lang='grc' dir='ltr'><strong>ἰδεῖν</strong></span> <span class='ocrx_word' id='word_1_715' title='bbox 1188 2046 1218 2072; x_wconf 84' lang='grc' dir='ltr'><strong>ὲν</strong></span> <span class='ocrx_word' id='word_1_716' title='bbox 1250 2047 1306 2077; x_wconf 81' lang='grc' dir='ltr'>τοῖς</span> <span class='ocrx_word' id='word_1_717' title='bbox 1335 2046 1476 2081; x_wconf 84' lang='grc' dir='ltr'>πλάσμασι</span> <span class='ocrx_word' id='word_1_718' title='bbox 1502 2046 1551 2078; x_wconf 79' lang='grc' dir='ltr'>τὰς</span> <span class='ocrx_word' id='word_1_719' title='bbox 1576 2047 1723 2082; x_wconf 68' lang='grc' dir='ltr'>διγλύφους</span> <span class='ocrx_word' id='word_1_720' title='bbox 1757 2048 1883 2085; x_wconf 76' lang='grc' dir='ltr'>μορφὰς,</span> 
     </span>
    </p>
   </div>
   <div class='ocr_carea' id='block_1_100' title="bbox 1096 2091 1884 2130">
    <p class='ocr_par' dir='ltr' id='par_1_100' title="bbox 1096 2091 1884 2130">
     <span class='ocr_line' id='line_1_100' title="bbox 1096 2091 1884 2130; baseline 0.005 -12"><span class='ocrx_word' id='word_1_721' title='bbox 1096 2091 1130 2123; x_wconf 77' lang='grc' dir='ltr'>ἃς</span> <span class='ocrx_word' id='word_1_722' title='bbox 1144 2092 1315 2128; x_wconf 83' lang='grc' dir='ltr'>μηχανῶνται</span> <span class='ocrx_word' id='word_1_723' title='bbox 1330 2093 1397 2128; x_wconf 72' lang='grc' dir='ltr'>πρὸς</span> <span class='ocrx_word' id='word_1_724' title='bbox 1411 2092 1540 2128; x_wconf 77' lang='grc' dir='ltr'>ἔκπληξιν</span> <span class='ocrx_word' id='word_1_725' title='bbox 1556 2093 1610 2120; x_wconf 88' lang='grc' dir='ltr'><strong>τῶν</strong></span> <span class='ocrx_word' id='word_1_726' title='bbox 1628 2094 1844 2130; x_wconf 75' lang='grc' dir='ltr'>ἐντυγχανόντων</span> <span class='ocrx_word' id='word_1_727' title='bbox 1857 2095 1884 2122; x_wconf 75' lang='grc' dir='ltr'>οι</span> 
     </span>
    </p>
   </div>
   <div class='ocr_carea' id='block_1_101' title="bbox 1097 2138 1890 2177">
    <p class='ocr_par' dir='ltr' id='par_1_101' title="bbox 1097 2138 1890 2177">
     <span class='ocr_line' id='line_1_101' title="bbox 1097 2138 1890 2177; baseline 0.006 -13"><span class='ocrx_word' id='word_1_728' title='bbox 1097 2138 1132 2164; x_wconf 81' lang='grc' dir='ltr'>τὰ</span> <span class='ocrx_word' id='word_1_729' title='bbox 1154 2138 1266 2165; x_wconf 82' lang='grc' dir='ltr'>τοιαῦτα</span> <span class='ocrx_word' id='word_1_730' title='bbox 1288 2138 1518 2174; x_wconf 80' lang='grc' dir='ltr'>φιλοτεχνοῦντες,</span> <span class='ocrx_word' id='word_1_731' title='bbox 1533 2141 1581 2175; x_wconf 82' lang='grc' dir='ltr'><strong>μιᾷ</strong></span> <span class='ocrx_word' id='word_1_732' title='bbox 1603 2142 1706 2176; x_wconf 73' lang='grc' dir='ltr'>κεφαλῇ</span> <span class='ocrx_word' id='word_1_733' title='bbox 1721 2141 1767 2168; x_wconf 84' lang='grc' dir='ltr'><strong>δύο</strong></span> <span class='ocrx_word' id='word_1_734' title='bbox 1781 2142 1890 2177; x_wconf 75' lang='grc' dir='ltr'>μορφὰς</span> 
     </span>
    </p>
   </div>
   <div class='ocr_carea' id='block_1_102' title="bbox 1098 2183 1889 2223">
    <p class='ocr_par' dir='ltr' id='par_1_102' title="bbox 1098 2183 1889 2223">
     <span class='ocr_line' id='line_1_102' title="bbox 1098 2183 1889 2223; baseline 0.005 -13"><span class='ocrx_word' id='word_1_735' title='bbox 1098 2183 1252 2220; x_wconf 86' lang='grc' dir='ltr'>προσώπων</span> <span class='ocrx_word' id='word_1_736' title='bbox 1273 2184 1523 2220; x_wconf 84' lang='grc' dir='ltr'>ὑποχαράσσοντες·</span> <span class='ocrx_word' id='word_1_737' title='bbox 1544 2185 1615 2212; x_wconf 76' lang='grc' dir='ltr'>οὕτω</span> <span class='ocrx_word' id='word_1_738' title='bbox 1633 2194 1678 2221; x_wconf 83' lang='grc' dir='ltr'><strong>μοι</strong></span> <span class='ocrx_word' id='word_1_739' title='bbox 1698 2186 1770 2213; x_wconf 83' lang='grc' dir='ltr'>δοκεῖ</span> <span class='ocrx_word' id='word_1_740' title='bbox 1791 2187 1889 2223; x_wconf 82' lang='grc' dir='ltr'>διπλῆν</span> 
     </span>
    </p>
   </div>
   <div class='ocr_carea' id='block_1_103' title="bbox 1060 2230 1887 2277">
    <p class='ocr_par' dir='ltr' id='par_1_103' title="bbox 1060 2230 1887 2277">
     <span class='ocr_line' id='line_1_103' title="bbox 1060 2230 1887 2277; baseline 0.004 -20"><span class='ocrx_word' id='word_1_741' title='bbox 1060 2247 1086 2277; x_wconf 78' lang='lat' dir='ltr'><strong>D</strong></span> <span class='ocrx_word' id='word_1_742' title='bbox 1098 2231 1192 2266; x_wconf 85' lang='grc' dir='ltr'>φέρειν</span> <span class='ocrx_word' id='word_1_743' title='bbox 1206 2231 1219 2257; x_wconf 84' lang='grc' dir='ltr'><strong><em>ὸ</em></strong></span> <span class='ocrx_word' id='word_1_744' title='bbox 1235 2230 1376 2277; x_wconf 73' lang='grc' dir='ltr'>ἀνθρωπος</span> <span class='ocrx_word' id='word_1_745' title='bbox 1391 2231 1458 2266; x_wconf 73' lang='grc' dir='ltr'>πρὸς</span> <span class='ocrx_word' id='word_1_746' title='bbox 1482 2230 1516 2258; x_wconf 81' lang='grc' dir='ltr'>τὰ</span> <span class='ocrx_word' id='word_1_747' title='bbox 1532 2232 1640 2258; x_wconf 82' lang='grc' dir='ltr'>ἐναντία</span> <span class='ocrx_word' id='word_1_748' title='bbox 1653 2232 1702 2267; x_wconf 83' lang='grc' dir='ltr'><strong>τὴν</strong></span> <span class='ocrx_word' id='word_1_749' title='bbox 1723 2233 1870 2269; x_wconf 81' lang='grc' dir='ltr'>ὁμοιότητα</span> <span class='ocrx_word' id='word_1_750' title='bbox 1880 2241 1887 2248; x_wconf 91' lang='grc'><strong>·</strong></span> 
     </span>
    </p>
   </div>
   <div class='ocr_carea' id='block_1_104' title="bbox 1099 2275 1890 2312">
    <p class='ocr_par' dir='ltr' id='par_1_104' title="bbox 1099 2275 1890 2312">
     <span class='ocr_line' id='line_1_104' title="bbox 1099 2275 1890 2312; baseline 0.003 -9"><span class='ocrx_word' id='word_1_751' title='bbox 1099 2276 1138 2312; x_wconf 83' lang='grc' dir='ltr'>τῷ</span> <span class='ocrx_word' id='word_1_752' title='bbox 1163 2275 1212 2311; x_wconf 78' lang='grc' dir='ltr'>μὲν</span> <span class='ocrx_word' id='word_1_753' title='bbox 1236 2275 1347 2302; x_wconf 82' lang='grc' dir='ltr'>θεοειδεῖ</span> <span class='ocrx_word' id='word_1_754' title='bbox 1367 2277 1416 2312; x_wconf 80' lang='grc' dir='ltr'>τῆς</span> <span class='ocrx_word' id='word_1_755' title='bbox 1431 2276 1550 2308; x_wconf 87' lang='grc' dir='ltr'>διανοίας</span> <span class='ocrx_word' id='word_1_756' title='bbox 1573 2277 1641 2312; x_wconf 73' lang='grc' dir='ltr'>πρὸς</span> <span class='ocrx_word' id='word_1_757' title='bbox 1663 2277 1691 2303; x_wconf 75' lang='grc' dir='ltr'>τὸ</span> <span class='ocrx_word' id='word_1_758' title='bbox 1709 2277 1778 2304; x_wconf 87' lang='grc' dir='ltr'>θεῖον</span> <span class='ocrx_word' id='word_1_759' title='bbox 1792 2278 1890 2311; x_wconf 81' lang='grc' dir='ltr'>κάλλος</span> 
     </span>
    </p>
   </div>
   <div class='ocr_carea' id='block_1_105' title="bbox 1101 2321 1891 2358">
    <p class='ocr_par' dir='ltr' id='par_1_105' title="bbox 1101 2321 1891 2358">
     <span class='ocr_line' id='line_1_105' title="bbox 1101 2321 1891 2358; baseline 0.003 -10"><span class='ocrx_word' id='word_1_760' title='bbox 1101 2321 1336 2358; x_wconf 75' lang='grc' dir='ltr'>μεμορφωμένος,</span> <span class='ocrx_word' id='word_1_761' title='bbox 1363 2323 1422 2353; x_wconf 86' lang='grc' dir='ltr'>ταῖς</span> <span class='ocrx_word' id='word_1_762' title='bbox 1448 2322 1476 2348; x_wconf 82' lang='grc' dir='ltr'>δὲ</span> <span class='ocrx_word' id='word_1_763' title='bbox 1504 2321 1574 2348; x_wconf 87' lang='grc' dir='ltr'><strong>κατά</strong></span> <span class='ocrx_word' id='word_1_764' title='bbox 1601 2322 1685 2353; x_wconf 84' lang='grc' dir='ltr'>πάθος</span> <span class='ocrx_word' id='word_1_765' title='bbox 1701 2323 1891 2358; x_wconf 82' lang='grc' dir='ltr'>ὲγγινομέναις</span> 
     </span>
    </p>
   </div>
   <div class='ocr_carea' id='block_1_106' title="bbox 1099 2367 1888 2404">
    <p class='ocr_par' dir='ltr' id='par_1_106' title="bbox 1099 2367 1888 2404">
     <span class='ocr_line' id='line_1_106' title="bbox 1099 2367 1888 2404; baseline 0.001 -10"><span class='ocrx_word' id='word_1_766' title='bbox 1099 2368 1199 2404; x_wconf 84' lang='grc' dir='ltr'>ὁρμαῖς</span> <span class='ocrx_word' id='word_1_767' title='bbox 1223 2367 1292 2403; x_wconf 79' lang='grc' dir='ltr'>πρὸς</span> <span class='ocrx_word' id='word_1_768' title='bbox 1313 2367 1345 2394; x_wconf 80' lang='grc' dir='ltr'><strong>τὸ</strong></span> <span class='ocrx_word' id='word_1_769' title='bbox 1371 2367 1507 2402; x_wconf 81' lang='grc' dir='ltr'>κτηνῶδες</span> <span class='ocrx_word' id='word_1_770' title='bbox 1532 2367 1621 2402; x_wconf 80' lang='grc' dir='ltr'>φέρων</span> <span class='ocrx_word' id='word_1_771' title='bbox 1650 2367 1699 2402; x_wconf 81' lang='grc' dir='ltr'>τὴν</span> <span class='ocrx_word' id='word_1_772' title='bbox 1723 2368 1888 2402; x_wconf 82' lang='grc' dir='ltr'>οἰκειότητα.</span> 
     </span>
    </p>
   </div>
   <div class='ocr_carea' id='block_1_107' title="bbox 1100 2411 1890 2448">
    <p class='ocr_par' dir='ltr' id='par_1_107' title="bbox 1100 2411 1890 2448">
     <span class='ocr_line' id='line_1_107' title="bbox 1100 2411 1890 2448; baseline -0.001 -8"><span class='ocrx_word' id='word_1_773' title='bbox 1100 2413 1234 2445; x_wconf 78' lang='grc' dir='ltr'>Πολλάκις</span> <span class='ocrx_word' id='word_1_774' title='bbox 1255 2412 1287 2440; x_wconf 77' lang='grc' dir='ltr'>δὲ</span> <span class='ocrx_word' id='word_1_775' title='bbox 1301 2412 1348 2439; x_wconf 72' lang='grc' dir='ltr'><strong>καὶ</strong></span> <span class='ocrx_word' id='word_1_776' title='bbox 1361 2414 1375 2439; x_wconf 87' lang='grc' dir='ltr'><strong>ό</strong></span> <span class='ocrx_word' id='word_1_777' title='bbox 1390 2412 1469 2447; x_wconf 85' lang='grc' dir='ltr'>λόγος</span> <span class='ocrx_word' id='word_1_778' title='bbox 1484 2411 1682 2447; x_wconf 84' lang='grc' dir='ltr'>ἀποκτηνοῦται</span> <span class='ocrx_word' id='word_1_779' title='bbox 1701 2411 1745 2438; x_wconf 84' lang='grc' dir='ltr'>διὰ</span> <span class='ocrx_word' id='word_1_780' title='bbox 1758 2413 1806 2447; x_wconf 87' lang='grc' dir='ltr'>τῆς</span> <span class='ocrx_word' id='word_1_781' title='bbox 1820 2413 1890 2448; x_wconf 79' lang='grc' dir='ltr'>πρὸς</span> 
     </span>
    </p>
   </div>
   <div class='ocr_carea' id='block_1_108' title="bbox 1099 2458 1891 2495">
    <p class='ocr_par' dir='ltr' id='par_1_108' title="bbox 1099 2458 1891 2495">
     <span class='ocr_line' id='line_1_108' title="bbox 1099 2458 1891 2495; baseline -0.003 -8"><span class='ocrx_word' id='word_1_782' title='bbox 1099 2460 1129 2487; x_wconf 82' lang='grc' dir='ltr'><strong>τὸ</strong></span> <span class='ocrx_word' id='word_1_783' title='bbox 1143 2460 1239 2494; x_wconf 77' lang='grc' dir='ltr'>ἄλογον</span> <span class='ocrx_word' id='word_1_784' title='bbox 1256 2459 1342 2495; x_wconf 74' lang='grc' dir='ltr'>ῥοπῆς</span> <span class='ocrx_word' id='word_1_785' title='bbox 1358 2467 1388 2486; x_wconf 82' lang='grc' dir='ltr'><strong>τε</strong></span> <span class='ocrx_word' id='word_1_786' title='bbox 1405 2458 1452 2486; x_wconf 79' lang='grc' dir='ltr'>καὶ</span> <span class='ocrx_word' id='word_1_787' title='bbox 1471 2458 1627 2489; x_wconf 82' lang='grc' dir='ltr'>διαθέσεως,</span> <span class='ocrx_word' id='word_1_788' title='bbox 1644 2458 1842 2492; x_wconf 74' lang='grc' dir='ltr'>συγκαλύπτων</span> <span class='ocrx_word' id='word_1_789' title='bbox 1859 2458 1891 2485; x_wconf 87' lang='grc' dir='ltr'>τὺ</span> 
     </span>
    </p>
   </div>
   <div class='ocr_carea' id='block_1_109' title="bbox 1098 2503 1891 2542">
    <p class='ocr_par' dir='ltr' id='par_1_109' title="bbox 1098 2503 1891 2542">
     <span class='ocr_line' id='line_1_109' title="bbox 1098 2503 1891 2542; baseline -0.004 -10"><span class='ocrx_word' id='word_1_790' title='bbox 1098 2507 1220 2542; x_wconf 83' lang='grc' dir='ltr'>κρεῖττον</span> <span class='ocrx_word' id='word_1_791' title='bbox 1234 2505 1273 2540; x_wconf 84' lang='grc' dir='ltr'><strong>τῷ</strong></span> <span class='ocrx_word' id='word_1_792' title='bbox 1287 2505 1397 2541; x_wconf 86' lang='grc' dir='ltr'>χείρονι.</span> <span class='ocrx_word' id='word_1_793' title='bbox 1430 2504 1555 2531; x_wconf 82' lang='grc' dir='ltr'>Ἐπειδὰν</span> <span class='ocrx_word' id='word_1_794' title='bbox 1579 2503 1632 2539; x_wconf 84' lang='grc' dir='ltr'><strong>γάρ</strong></span> <span class='ocrx_word' id='word_1_795' title='bbox 1653 2512 1695 2534; x_wconf 79' lang='grc' dir='ltr'><strong>τις</strong></span> <span class='ocrx_word' id='word_1_796' title='bbox 1719 2503 1787 2538; x_wconf 79' lang='grc' dir='ltr'>πρὸς</span> <span class='ocrx_word' id='word_1_797' title='bbox 1803 2503 1891 2530; x_wconf 82' lang='grc' dir='ltr'>ταῦτα</span> 
     </span>
    </p>
   </div>
   <div class='ocr_carea' id='block_1_110' title="bbox 1097 2550 1890 2588">
    <p class='ocr_par' dir='ltr' id='par_1_110' title="bbox 1097 2550 1890 2588">
     <span class='ocr_line' id='line_1_110' title="bbox 1097 2550 1890 2588; baseline -0.004 -9"><span class='ocrx_word' id='word_1_798' title='bbox 1097 2552 1147 2588; x_wconf 85' lang='grc' dir='ltr'>τὴν</span> <span class='ocrx_word' id='word_1_799' title='bbox 1158 2551 1330 2588; x_wconf 75' lang='grc' dir='ltr'>διανοητικὴν</span> <span class='ocrx_word' id='word_1_800' title='bbox 1344 2551 1482 2587; x_wconf 75' lang='grc' dir='ltr'>ἐνέργειαν</span> <span class='ocrx_word' id='word_1_801' title='bbox 1496 2550 1659 2586; x_wconf 78' lang='grc' dir='ltr'>καθελκύσῃ,</span> <span class='ocrx_word' id='word_1_802' title='bbox 1687 2550 1733 2577; x_wconf 76' lang='grc' dir='ltr'><strong>καὶ</strong></span> <span class='ocrx_word' id='word_1_803' title='bbox 1748 2550 1890 2586; x_wconf 83' lang='grc' dir='ltr'>ὑπηρέτην</span> 
     </span>
    </p>
   </div>
   <div class='ocr_carea' id='block_1_111' title="bbox 1098 2596 1890 2634">
    <p class='ocr_par' dir='ltr' id='par_1_111' title="bbox 1098 2596 1890 2634">
     <span class='ocr_line' id='line_1_111' title="bbox 1098 2596 1890 2634; baseline -0.003 -9"><span class='ocrx_word' id='word_1_804' title='bbox 1098 2598 1225 2634; x_wconf 85' lang='grc' dir='ltr'>γενέσθαι</span> <span class='ocrx_word' id='word_1_805' title='bbox 1237 2597 1292 2624; x_wconf 86' lang='grc' dir='ltr'><strong>τῶν</strong></span> <span class='ocrx_word' id='word_1_806' title='bbox 1308 2597 1401 2624; x_wconf 85' lang='grc' dir='ltr'>παθῶν</span> <span class='ocrx_word' id='word_1_807' title='bbox 1412 2596 1458 2623; x_wconf 79' lang='grc' dir='ltr'>τὸν</span> <span class='ocrx_word' id='word_1_808' title='bbox 1472 2596 1600 2631; x_wconf 81' lang='grc' dir='ltr'>λογισμὸν</span> <span class='ocrx_word' id='word_1_809' title='bbox 1615 2596 1787 2632; x_wconf 74' lang='grc' dir='ltr'>ἐκϐιάσηται,</span> <span class='ocrx_word' id='word_1_810' title='bbox 1801 2605 1890 2632; x_wconf 67' lang='lat' dir='ltr'><strong>supat—</strong></span> 
     </span>
    </p>
   </div>
   <div class='ocr_carea' id='block_1_112' title="bbox 1098 2643 1890 2683">
    <p class='ocr_par' dir='ltr' id='par_1_112' title="bbox 1098 2643 1890 2683">
     <span class='ocr_line' id='line_1_112' title="bbox 1098 2643 1890 2683; baseline -0.005 -9"><span class='ocrx_word' id='word_1_811' title='bbox 1098 2647 1185 2683; x_wconf 88' lang='grc' dir='ltr'>τροπή</span> <span class='ocrx_word' id='word_1_812' title='bbox 1202 2655 1244 2678; x_wconf 85' lang='grc' dir='ltr'><strong>τις</strong></span> <span class='ocrx_word' id='word_1_813' title='bbox 1259 2646 1363 2681; x_wconf 87' lang='grc' dir='ltr'>γίνεται</span> <span class='ocrx_word' id='word_1_814' title='bbox 1377 2644 1423 2671; x_wconf 80' lang='grc' dir='ltr'>τοῦ</span> <span class='ocrx_word' id='word_1_815' title='bbox 1446 2643 1548 2679; x_wconf 83' lang='grc' dir='ltr'>ἀγαθοῦ</span> <span class='ocrx_word' id='word_1_816' title='bbox 1569 2644 1744 2680; x_wconf 80' lang='grc' dir='ltr'>χαρακτῆρος</span> <span class='ocrx_word' id='word_1_817' title='bbox 1759 2645 1826 2680; x_wconf 81' lang='grc' dir='ltr'>πρὸς</span> <span class='ocrx_word' id='word_1_818' title='bbox 1840 2643 1890 2680; x_wconf 83' lang='grc' dir='ltr'>τὴν</span> 
     </span>
    </p>
   </div>
   <div class='ocr_carea' id='block_1_113' title="bbox 1102 2690 1892 2728">
    <p class='ocr_par' dir='ltr' id='par_1_113' title="bbox 1102 2690 1892 2728">
     <span class='ocr_line' id='line_1_113' title="bbox 1102 2690 1892 2728; baseline -0.006 -7"><span class='ocrx_word' id='word_1_819' title='bbox 1102 2693 1198 2728; x_wconf 83' lang='grc' dir='ltr'>ἄλογον</span> <span class='ocrx_word' id='word_1_820' title='bbox 1212 2693 1318 2724; x_wconf 80' lang='grc' dir='ltr'>εἰκόνα,</span> <span class='ocrx_word' id='word_1_821' title='bbox 1341 2691 1431 2726; x_wconf 81' lang='grc' dir='ltr'>πάσης</span> <span class='ocrx_word' id='word_1_822' title='bbox 1444 2691 1510 2727; x_wconf 80' lang='grc' dir='ltr'>πρὸς</span> <span class='ocrx_word' id='word_1_823' title='bbox 1523 2690 1601 2717; x_wconf 76' lang='grc' dir='ltr'>τοῦτο</span> <span class='ocrx_word' id='word_1_824' title='bbox 1615 2690 1892 2726; x_wconf 75' lang='grc' dir='ltr'>μεταχαρασσομένης</span> 
     </span>
    </p>
   </div>
   <div class='ocr_carea' id='block_1_114' title="bbox 1102 2736 1891 2776">
    <p class='ocr_par' dir='ltr' id='par_1_114' title="bbox 1102 2736 1891 2776">
     <span class='ocr_line' id='line_1_114' title="bbox 1102 2736 1891 2776; baseline -0.004 -10"><span class='ocrx_word' id='word_1_825' title='bbox 1102 2741 1151 2776; x_wconf 85' lang='grc' dir='ltr'>τῆς</span> <span class='ocrx_word' id='word_1_826' title='bbox 1166 2739 1283 2774; x_wconf 78' lang='grc' dir='ltr'>φύσεως,</span> <span class='ocrx_word' id='word_1_827' title='bbox 1299 2738 1424 2774; x_wconf 75' lang='grc' dir='ltr'>καθάπερ</span> <span class='ocrx_word' id='word_1_828' title='bbox 1435 2737 1620 2773; x_wconf 82' lang='grc' dir='ltr'>γεωργοῦντος</span> <span class='ocrx_word' id='word_1_829' title='bbox 1636 2737 1683 2764; x_wconf 75' lang='grc' dir='ltr'>τοῦ</span> <span class='ocrx_word' id='word_1_830' title='bbox 1699 2736 1828 2772; x_wconf 79' lang='grc' dir='ltr'>λογισμοῦ</span> <span class='ocrx_word' id='word_1_831' title='bbox 1841 2736 1891 2768; x_wconf 83' lang='grc' dir='ltr'><strong>τὰς</strong></span> 
     </span>
    </p>
   </div>
   <div class='ocr_carea' id='block_1_115' title="bbox 1101 2783 1892 2823">
    <p class='ocr_par' dir='ltr' id='par_1_115' title="bbox 1101 2783 1892 2823">
     <span class='ocr_line' id='line_1_115' title="bbox 1101 2783 1892 2823; baseline -0.005 -10"><span class='ocrx_word' id='word_1_832' title='bbox 1101 2787 1155 2813; x_wconf 86' lang='grc' dir='ltr'>τῶν</span> <span class='ocrx_word' id='word_1_833' title='bbox 1171 2785 1341 2823; x_wconf 84' lang='grc' dir='ltr'>παθημάτων</span> <span class='ocrx_word' id='word_1_834' title='bbox 1364 2784 1469 2820; x_wconf 76' lang='grc' dir='ltr'>ἀρχὰς,</span> <span class='ocrx_word' id='word_1_835' title='bbox 1493 2785 1540 2812; x_wconf 72' lang='grc' dir='ltr'>καὶ</span> <span class='ocrx_word' id='word_1_836' title='bbox 1560 2785 1593 2811; x_wconf 74' lang='grc' dir='ltr'>δι’</span> <span class='ocrx_word' id='word_1_837' title='bbox 1609 2784 1705 2818; x_wconf 83' lang='grc' dir='ltr'>ὀλίγων</span> <span class='ocrx_word' id='word_1_838' title='bbox 1727 2785 1766 2815; x_wconf 80' lang='grc' dir='ltr'>εἰς</span> <span class='ocrx_word' id='word_1_839' title='bbox 1790 2783 1892 2818; x_wconf 78' lang='grc' dir='ltr'>πλῆθος</span> 
     </span>
    </p>
   </div>
   <div class='ocr_carea' id='block_1_116' title="bbox 1100 2830 1892 2867">
    <p class='ocr_par' dir='ltr' id='par_1_116' title="bbox 1100 2830 1892 2867">
     <span class='ocr_line' id='line_1_116' title="bbox 1100 2830 1892 2867; baseline -0.004 -9"><span class='ocrx_word' id='word_1_840' title='bbox 1100 2832 1272 2864; x_wconf 78' lang='grc' dir='ltr'>ἐπαύξοντος.</span> <span class='ocrx_word' id='word_1_841' title='bbox 1300 2830 1355 2866; x_wconf 82' lang='grc' dir='ltr'><strong>Τὴν</strong></span> <span class='ocrx_word' id='word_1_842' title='bbox 1368 2831 1422 2865; x_wconf 86' lang='grc' dir='ltr'>γὰρ</span> <span class='ocrx_word' id='word_1_843' title='bbox 1435 2831 1500 2867; x_wconf 78' lang='grc' dir='ltr'>παρ’</span> <span class='ocrx_word' id='word_1_844' title='bbox 1514 2831 1612 2858; x_wconf 77' lang='grc' dir='ltr'>ἑαυτοῦ</span> <span class='ocrx_word' id='word_1_845' title='bbox 1628 2830 1772 2866; x_wconf 80' lang='grc' dir='ltr'>συνεργίαν</span> <span class='ocrx_word' id='word_1_846' title='bbox 1787 2830 1892 2865; x_wconf 81' lang='grc' dir='ltr'>χρήσας</span> 
     </span>
    </p>
   </div>
   <div class='ocr_carea' id='block_1_117' title="bbox 1101 2876 1891 2915">
    <p class='ocr_par' dir='ltr' id='par_1_117' title="bbox 1101 2876 1891 2915">
     <span class='ocr_line' id='line_1_117' title="bbox 1101 2876 1891 2915; baseline -0.004 -9"><span class='ocrx_word' id='word_1_847' title='bbox 1101 2879 1139 2915; x_wconf 76' lang='grc' dir='ltr'>τῷ</span> <span class='ocrx_word' id='word_1_848' title='bbox 1155 2878 1244 2911; x_wconf 83' lang='grc' dir='ltr'>πάθει,</span> <span class='ocrx_word' id='word_1_849' title='bbox 1269 2877 1400 2913; x_wconf 80' lang='grc' dir='ltr'>πολύχουν</span> <span class='ocrx_word' id='word_1_850' title='bbox 1424 2878 1469 2905; x_wconf 78' lang='grc' dir='ltr'><strong>καὶ</strong></span> <span class='ocrx_word' id='word_1_851' title='bbox 1492 2877 1634 2912; x_wconf 78' lang='grc' dir='ltr'>ἀμφιλαφῆ</span> <span class='ocrx_word' id='word_1_852' title='bbox 1650 2877 1698 2912; x_wconf 83' lang='grc' dir='ltr'>τὴν</span> <span class='ocrx_word' id='word_1_853' title='bbox 1712 2876 1765 2904; x_wconf 79' lang='grc' dir='ltr'>τῶν</span> <span class='ocrx_word' id='word_1_854' title='bbox 1782 2876 1891 2904; x_wconf 80' lang='grc' dir='ltr'>ἀτόπων</span> 
     </span>
    </p>
   </div>
  </div>
