1977 3071
74 101 126 130 195

692 98 735 127 DF.
760 96 903 127 llOMlNlS
924 98 1080 128 OPIFlClO.

1656 101 1709 133 ιοι

73 160 183 193 γένεσιν
207 155 402 193 ἀπειργάσατο.
426 157 520 189 Οὕτως
542 158 559 192 ἡ
587 157 727 193 φιληδονία
749 159 799 195 τὴν
822 159 869 193 μὲν

923 158 1052 186 universa
1077 161 1174 185 natura
1199 158 1227 185 in
1254 158 1335 185 aliam
1355 158 1433 193 quasi
1459 158 1573 194 ﬁguram
1588 161 1708 192 redacta,

71 204 161 240 ἀρχὴν
177 204 255 239 ἔσχεν
269 205 302 230 ἐκ
315 203 364 238 τῆς
381 203 450 240 πρὸς
466 203 496 230 τὸ
518 203 614 237 ἄλογον
628 203 793 238 ὁμοιώσεως,
812 203 870 230 ἀλλ’

72 251 103 277 ὲν
129 251 186 282 τοῖς
215 249 396 285 ἀνθρωπίνοις
425 249 642 285 πλημμελήμασι
673 249 868 286 προσηυξήθη,

71 295 206 328 τοσαύτας
227 295 360 331 διαφορὰς
384 295 438 322 τῶν
461 296 533 323 κατὰ
553 296 601 331 τὴν
627 295 722 331 ἡδονὴν
745 296 869 331 ἁμαρτα-

73 342 193 378 νομένων
214 341 463 380 γεννήσασαηὸσας
486 342 514 368 ἐν
529 342 585 372 τοῖς
608 341 714 375 ἀλόγοις
731 342 780 367 οὐκ
797 341 870 367 ἔστιν

74 386 175 422 εὑρεῖν.
193 385 318 421 Οὕτωςὴ
343 385 413 422 πρὸς
437 386 483 412 τὴν
506 385 592 421 θυμὸν
615 385 789 418 διανάστασις
805 395 871 420 συγ-

77 432 160 468 γενὴς
185 433 234 468 μέν
250 433 309 459 ἐστι
322 434 355 468 τῇ
373 432 428 458 τῶν
445 432 550 466 ἀλόγων
566 433 649 468 ὁρμῇ,
667 432 778 464 αὒξεται
794 432 822 459 δὲ
837 433 869 468 τῇ

75 478 132 505 τῶν
156 478 295 513 λογισμῶν
317 478 470 514 συμμαχίᾳ.
501 478 622 504 Ἐκεῖθεν
637 478 692 514 γὰρ
711 479 728 514 ἡ
753 478 841 513 μῆνις,
856 478 871 504 ὁ

73 524 182 559 φθόνος,
199 523 230 550 τὸ
242 523 350 559 ψεῦδος,
368 525 384 559 ὴ
400 523 540 558 ἐπιϐουλὴ,
561 524 578 559 ὴ
596 523 750 560 ὑπόκρισις.

924 205 1031 231 eximiae
1047 203 1141 231 formae
1156 204 1182 230 in
1199 203 1346 238 imaginem
1359 204 1467 232 brutam
1478 205 1507 232 lit
1520 208 1708 240 commutatio,

923 249 1030 276 ratione
1046 248 1159 276 morbos
1175 248 1237 275 illos
1254 248 1330 283 ipsos
1357 249 1509 282 excolente,
1526 258 1558 278 ac
1575 251 1652 279 brevi
1676 252 1710 280 de

924 295 1020 329 paucis
1035 301 1161 330 magnam
1177 300 1271 321 eorum
1297 294 1403 329 copiam
1420 294 1565 323 efficiente.
1594 295 1709 324 Omnem

922 341 994 368 enim
1011 348 1121 376 operam
1143 348 1219 368 suam
1237 340 1277 367 cis
1291 340 1369 375 quasi
1383 341 1488 374 locans,
1502 341 1567 370 facit
1579 347 1610 370 ut
1621 344 1711 378 ampla

919 384 1042 419 quaedam
1066 391 1158 411 rerum
1191 384 1375 411 absurdarnm
1401 392 1432 412 ac
1464 385 1548 413 densa
1577 388 1710 415 materies

920 430 1068 457 exoriatur.
1087 430 1134 457 Sic
1147 438 1210 458 cum
1225 430 1376 465 voluptatis
1393 431 1514 458 studium
1529 439 1562 459 ex
1579 432 1710 460 similitu-

920 478 994 511 dine,
1011 486 1065 513 qua
1080 478 1161 505 bruta
1175 478 1330 510 referimus,
1347 478 1500 514 profectum
1516 479 1544 506 in
1557 480 1638 507 nobis
1652 481 1688 508 sit
1701 489 1708 508 :

921 523 989 550 adeo
1003 527 1094 550 tamen
1110 523 1252 550 hominum
1269 523 1379 552 delictis
1396 524 1492 557 crevit,
1508 530 1538 552 ut
1554 525 1582 552 in
1603 526 1711 552 anima-

75 570 150 597 libus
179 570 287 597 ratione
314 570 474 598 carentibus
503 574 545 598 tot
573 571 745 605 voluptatum
778 571 871 598 formae
895 570 971 597 nullo
994 571 1076 598 modo
1102 570 1365 606 deprehendantur,
1395 575 1461 606 quot
1496 571 1711 607 voluptariorum

72 616 215 643 hominum
232 617 348 645 scelesta
376 617 461 645 libido
483 618 659 654 excogitavit.
688 618 734 645 Sic
757 622 783 646 et
805 618 890 645 animi
918 619 952 645 ad
980 618 1049 645 iram
1074 619 1236 651 commotio,
1267 618 1349 646 habet
1374 619 1420 646 illa
1443 619 1554 654 quidem
1585 619 1711 646 nonnihil

73 662 317 698 afline'cupiditati
337 664 482 691 brutorum
500 673 506 690 :
523 666 623 692 vernm'
646 665 733 692 multo
759 665 876 692 maxime
902 671 917 691 a
939 664 1055 692 rationis
1075 672 1127 700 ope
1151 669 1276 701 augetur.
1292 664 1333 693 Ab
1360 665 1412 693 hac
1436 665 1510 693 enim
1527 665 1712 700 proficiscitur

73 708 204 736 diuturna
219 709 282 736 irati
294 709 377 749 animi
393 710 541 741 acerbitas,
553 710 666 744 invidia,
679 711 862 742 mendacium,
876 710 993 743 insidiae,
1011 711 1161 739 simulatio.
1685 715 1687 717 '

109 756 203 783 Ταῦτα
210 756 298 783 πάντα
304 757 351 792 τῆς
363 758 482 792 πονηρᾶς
491 757 538 784 τοῦ
547 758 592 784 νοῦ
603 758 738 794 γεωργίας
744 759 828 786 ἐστίν.
838 760 869 786 Εἰ

956 757 1019 786 Hrec
1047 759 1139 786 omnia
1169 766 1260 794 prava:
1287 759 1388 786 mentis
1411 759 1490 793 quasi
1521 757 1709 793 agricolationi

74 803 110 838 γὰ
115 811 130 839 ρ
138 811 170 838 γυ
175 803 292 838 μνωθείη
304 803 353 839 τῆς
360 804 392 830 ὲκ
399 803 452 830 τῶν
459 804 597 840 λογισμῶν
613 814 643 831 συ
648 815 667 840 μ
670 806 769 840 μαχίας
775 805 805 832 τὺ
814 806 866 833 πά-

75 848 132 880 θος,
147 847 289 883 ὼκύμορός
303 857 346 880 τις
365 848 412 875 καὶ
432 849 525 880 ἄτονος
540 849 648 886 deum;
663 851 866 883 καταλείπεται,

75 893 248 928 πομφόλυγος
260 893 336 928 δίκην
348 891 414 929 ὁμοῦ
428 902 458 920 τε
472 895 623 930 γινόμενος,
640 895 686 922 καὶ
697 895 777 927 εὐθὺς
786 895 869 922 ἀπολ-

74 938 198 974 λύμενος.
211 939 328 975 Οὕτωςὴ
337 939 390 966 τῶν
401 940 470 967 συῶν
486 940 639 976 λαιμαργία
651 941 700 977 τὴν
713 941 867 974 πλεονεξίαν

75 985 230 1020 εἰσήνεγκε,
244 985 330 1012 καὶτὸ
344 985 390 1012 τοῦ
405 986 489 1013 ἵππου
501 986 602 1022 γαῦρον
614 987 709 1021 γέγονε
724 987 774 1022 τῆς
785 988 869 1024 ὑπερ-

75 1029 194 1065 ηφανίας
222 1030 312 1065 ἀρχή’
342 1030 390 1057 καὶ
415 1031 450 1057 τὰ
477 1031 539 1058 καθ’
564 1032 678 1059 ἕκαστον
705 1033 792 1059 πάντα
820 1028 891 1069 τῆςν

75 1074 231 1110 κτηνώδους
253 1075 363 1110 ἀλογίας
383 1077 587 1113 ἀφορμηθέντα,
613 1077 656 1104 διὰ
676 1078 725 1113 τῆς
748 1078 869 1114 πονηρᾶς

74 1121 123 1148 τοῦ
140 1120 186 1148 νοῦ
203 1121 328 1157 χρήσεως
348 1122 431 1149 κακία
455 1123 573 1157 ἐγένετο,
590 1123 684 1159 ὥσπερ
700 1121 746 1151 οὖν
770 1125 816 1151 καὶ
838 1124 869 1151 τὺ

76 1166 205 1202 ἔμπαλιν,
225 1167 306 1203 είπερ
320 1168 334 1194 ὁ
349 1167 478 1203 λογισμδς
492 1169 546 1196 τῶν
563 1169 690 1196 τοιούτων
710 1170 868 1206 κινημάτων

76 1212 285 1248 ἁντιμεταλάϐοι
309 1214 340 1240 τὺ
356 1214 466 1249 κράτος,
484 1216 523 1247 είς
546 1216 647 1250 ἀρετῆς
669 1214 738 1248 εἶδος
754 1217 868 1244 ἕκαστον

75 1257 179 1285 τούτων
195 1259 428 1294 ἀντιμεθίσταται.
452 1261 528 1287 Ποιεῖ
549 1261 603 1297 γὰρ
618 1262 632 1288 ό
655 1262 705 1296 μὲν
719 1262 804 1297 θυμὸς
821 1262 869 1297 τὴν

77 1303 199 1338 ἀνδρίαν,
216 1304 245 1330 τὸ
261 1303 288 1331 δὲ
302 1304 388 1331 δειλὸν
399 1305 450 1340 τὴν
463 1305 621 1340 ἀσφάλειαν,
635 1306 682 1332 καὶ
697 1307 710 1333 ό
726 1306 806 1341 φόϐος
819 1307 868 1342 τὴν

77 1348 244 1382 εὐπείθειαν,
256 1349 286 1376 τὸ
298 1350 376 1385 μῖσος
391 1350 420 1376 δὲ
436 1350 485 1386 τὴν
501 1350 552 1385 τῆς
566 1351 666 1383 κακίας
684 1351 869 1387 ἀποστροφὴν,

78 1395 94 1429 ἡ
110 1394 137 1420 δὲ
155 1395 314 1431 ἀγαπητικὴ
337 1396 450 1432 δύναμις
472 1397 522 1432 τὴν
539 1397 606 1432 πρὸς
622 1397 652 1424 τὸ
666 1397 773 1432 ἀληθῶς
788 1397 869 1424 καλὸν

77 1438 237 1474 ἐπιθυμίαν.
261 1440 297 1466 Τὸ
320 1440 348 1467 δὲ
372 1441 473 1476 γαῦρον
493 1441 539 1467 τοῦ
557 1442 638 1476 ἤθους
656 1441 799 1478 ὑπεραίρει
816 1442 869 1470 τῶν

77 1485 267 1520 παθημάτων,
288 1486 335 1512 καὶ
357 1486 507 1514 ἀδούλωτον
528 1487 579 1514 ὑπὸ
599 1487 646 1514 τοῦ
672 1487 758 1514 κακοῦ
772 1488 869 1523 διαφυ-

78 1531 173 1558 λάσσει
196 1531 226 1558 τὺ
250 1533 386 1568 φρόνημα.
426 1533 547 1561 Ἐπαινεί
569 1533 599 1560 δὲ
629 1534 660 1561 τὸ
681 1534 800 1561 τοιοῦτον
821 1535 870 1570 τῆς

78 1577 222 1613 ἐπάρσεως
244 1575 314 1610 εἶδος
333 1579 381 1605 καὶ
405 1579 419 1605 ὁ
442 1580 527 1615 μέγας
554 1580 724 1612 Ἀπόστολος,
750 1581 870 1616 συνεχῶς

79 1621 289 1658 ἐγκελευόμενος
309 1622 344 1650 τὰ
358 1623 413 1650 ἄνω
430 1625 550 1660 φρονεῖν.
570 1625 626 1651 Καὶ
640 1625 725 1657 οὕτως
739 1625 812 1655 ἐστιν
827 1625 871 1652 εὕ-

81 1669 154 1703 ρεῖν,
181 1669 222 1695 ὅτι
247 1670 302 1696 πᾶν
322 1669 353 1696 τὸ
377 1669 497 1696 τοιοῦτον
519 1670 623 1706 κίνημα
643 1671 682 1706 τῷ
704 1671 798 1707 ὑψηλῷ
820 1671 870 1706 τῆς
888 1705 890 1707 _

79 1713 197 1746 διανοίας
213 1713 451 1750 συνετίαιρόμενον,
471 1715 510 1751 τῷ
527 1716 597 1743 κατὰ
616 1716 666 1752 τὴν
682 1716 757 1744 θείαν
778 1718 870 1745 εἰκόνα

78 1759 172 1786 κάλλει
187 1761 428 1796 συσχηματίζεται.
449 1762 519 1788 Ἀλλ’
535 1763 629 1798 ἐπειδὴ
644 1763 741 1799 βαρεῖά
755 1763 796 1795 τίς
812 1763 870 1790 ἐστι

80 1805 128 1831 καὶ
151 1807 313 1842 κατωφερὴς
335 1808 351 1842 ἡ
374 1808 423 1842 τῆς
448 1808 585 1843 ἁμαρτίας
608 1809 695 1844 ῥοπὴ,
723 1809 816 1836 πλεῖον
839 1809 870 1836 τὸ

78 1851 172 1886 ἕτερον
197 1851 322 1885 γίνεται·
348 1853 446 1887 μᾶλλον
468 1853 522 1888 γὰρ
543 1853 583 1888 τῷ
607 1853 684 1888 βάρει
701 1854 750 1889 τῆς
771 1854 869 1889 ἀλόγου

81 1897 188 1931 φύσεως
212 1898 437 1931 συγκατασπᾶται
461 1898 492 1924 τὸ
513 1899 675 1934 ἡγεμονικὸν
701 1900 750 1935 τῆς
763 1899 868 1935 ψυχῆς,

79 1943 153 1978 ἤπερ
169 1942 207 1977 τῷ
224 1943 285 1978 ὕψει
308 1944 358 1978 τῆς
380 1943 499 1976 διανοίας
521 1944 552 1971 τὸ
575 1944 643 1980 βαρύ
666 1954 696 1971 τε
718 1945 765 1972 καὶ
779 1947 870 1981 χοῖκὺν

79 1987 240 2022 ἀνυψοῦται.
267 1988 316 2015 Διὰ
331 1988 410 2015 τοῦτο
427 1989 556 2021 πολλάκις
577 1990 733 2024 ἀγνοεῖσθαι
753 1993 825 2018 ποιεῖ
839 1992 870 2018 τὸ

80 2034 151 2060 θεῖον
171 2033 256 2069 δῶρον
271 2034 287 2069 ἡ
302 2034 365 2070 περὶ
384 2035 457 2070 ἡμᾶς
477 2034 613 2071 ἀθλιὸτης,
629 2033 683 2062 οἷον
700 2038 869 2072 προσωπεῖον

79 2078 198 2114 εἰδεχθὲς
220 2078 259 2114 τῷ
284 2080 354 2106 κατὰ
376 2080 425 2115 τὴν
448 2081 540 2108 εἰκόνα
561 2081 654 2108 κάλλει
671 2082 705 2109 τὰ
725 2082 797 2118 πάθη
820 2083 869 2119 τῆς

79 2123 181 2159 σαρκὸς
197 2124 411 2153 ὲπιπλάσσουσα.
427 2126 530 2153 Οὐκοῦν
547 2127 713 2161 συγγνωστοί
726 2127 786 2159 πώς
800 2129 868 2155 εἰσιν

78 2170 104 2197 ot
119 2170 186 2205 πρὸς
200 2170 234 2197 τὰ
248 2171 359 2198 τοιαῦτα
375 2171 528 2206 βλέποντες,
541 2170 600 2199 εἶτα
616 2173 665 2208 τὴν
677 2173 750 2199 θείαν
764 2174 870 2209 μορφὴν

80 2216 110 2242 ὲν
123 2215 228 2248 τούτοις
238 2214 305 2243 εἶναι
324 2217 373 2243 οὐκ
391 2217 510 2253 εὐχερῶς
522 2218 716 2253 συντιθέμενοι.
736 2220 815 2246 Ἀλλὰ
827 2220 870 2247 διὰ

80 2261 136 2287 τῶν
151 2261 372 2297 κατωρθωκότων
382 2263 427 2289 τὸν
443 2263 509 2298 βίον,
525 2263 613 2297 ἔξεστι
624 2264 672 2300 τὴν
687 2265 760 2292 θείαν
775 2267 802 2293 ὲν
816 2267 871 2298 τοῖς

79 2306 232 2341 ἀνθρώποις
249 2308 338 2334 εἰκόνα
356 2308 474 2343 βλέπειν.
497 2310 529 2336 Et
543 2310 596 2346 γὰρ
614 2311 739 2348 ἐμπαθὴς
760 2321 803 2343 τις
823 2313 870 2339 καὶ

80 2352 206 2388 σάρκινος
219 2353 256 2379 ὢν
271 2355 442 2381 ἀπιστεῖσθαι
458 2357 529 2382 ποιεῖ
539 2355 584 2383 τὸν
599 2356 740 2392 ἄνθρωπον
755 2357 792 2389 ὡς
805 2357 868 2394 θείῳ

79 2398 171 2425 κάλλει
186 2400 390 2434 κεκοσμημένον
403 2409 410 2416 ·
431 2402 444 2428 ὁ
458 2401 558 2438 ὑψηλὸς
574 2402 681 2435 πάντως
699 2403 748 2439 τὴν
768 2403 867 2440 ἀρετὴν

79 2444 127 2470 καὶ
143 2444 302 2480 καθαρεύων
326 2447 359 2472 ἐκ
380 2446 560 2483 μολυσμάτων
582 2448 727 2484 βεϐαιώσει
751 2458 792 2476 σοι
818 2450 867 2486 τὴν

79 2487 148 2522 πρὸς
163 2488 193 2514 τὸ
212 2490 334 2524 κρεῖττον
349 2491 395 2517 ἐπὶ
410 2490 463 2518 τῶν
478 2491 628 2527 ἀνθρώπων
641 2493 786 2529 ὑπόληψιν.
804 2491 867 2520 Οἴον

79 2533 202 2567 κρεῖττον
234 2534 289 2569 γὰρ
312 2535 341 2561 ὲν
368 2535 547 2572 ὑποδείγματι
575 2537 659 2571 δεῖξαι
689 2538 736 2565 τὸν
764 2539 842 2574 λόγον
858 2548 865 2555 ·

78 2578 211 2614 ἁπήλειψε
223 2580 262 2615 τῷ
274 2580 324 2616 τῆς
340 2582 472 2619 πονηρίας
485 2583 635 2620 μολύσματι
649 2584 680 2610 τὸ
697 2585 746 2620 τῆς
759 2585 867 2619 φύσεως

78 2623 176 2655 κάλλος
191 2633 232 2655 τις
241 2625 294 2652 τῶν
307 2627 352 2654 ἐπὶ
363 2627 447 2664 κακίᾳ
462 2629 617 2665 γνωρίμων,
639 2630 763 2666 Ἰεχονίας
775 2631 865 2666 τυχὸν,

78 2670 94 2704 ἢ
121 2670 148 2695 εἴ
167 2678 209 2702 τις
232 2671 321 2708 ἕτερος
344 2675 390 2701 ἐπὶ
415 2676 492 2712 κακῷ
516 2677 732 2712 μνημονεύεται·
760 2678 817 2706 ἀλλ’
837 2680 866 2706 ὲν

78 2717 182 2751 Μωῦσῇ
204 2716 322 2750 καὶτοῖς
336 2721 395 2747 κατ’
417 2722 518 2750 ἐκεῖνον
535 2722 645 2758 καθαρὰ
665 2724 828 2760 διεφυλάχθη
847 2725 864 2760 ἡ

115 2805 138 2821 ⁵⁷
152 2806 261 2835 Coloss.
281 2807 350 2842 nr,l.

884 2117 906 2144 D

921 808 1034 839 accepta
1061 804 1172 832 ferenda
1191 808 1265 832 sunt.
1293 803 1360 831 Nam
1381 804 1404 831 si
1416 804 1473 831 hac
1491 804 1575 831 animi
1599 807 1709 838 pertur-

921 848 1007 881 batio“,
1024 857 1106 883 quam
1123 849 1193 876 iram
1208 849 1336 881 dicimus,
1353 856 1368 876 a
1382 848 1496 877 rationis
1524 856 1575 884 ope
1591 848 1710 876 societa-

920 898 1002 930 teque
1026 895 1242 928 destitueretur,
1274 893 1347 922 haud
1374 893 1456 922 dubie
1487 899 1709 921 momentaneum

920 939 1049 974 quiddam
1072 944 1098 967 et
1125 939 1285 975 languidum
1314 939 1396 973 foret,
1416 939 1489 975 quod
1514 940 1602 967 instar
1628 939 1711 967 bulla).

923 985 1006 1013 simul
1022 990 1049 1013 et
1066 986 1196 1017 oriretur,
1215 988 1242 1012 et
1263 985 1397 1013 interiret.
1416 985 1463 1012 Sic
1478 985 1513 1013 ad
1529 985 1709 1013 imitationem

920 1031 1051 1066 ingluvici
1072 1038 1229 1066 porcorum,
1243 1031 1369 1059 homines
1381 1030 1504 1058 avaritia;
1519 1031 1609 1058 studio
1624 1031 1710 1058 teneri

919 1082 1082 1112 ceperunt:
1111 1078 1151 1105 sic
1178 1078 1206 1104 in
1239 1077 1318 1112 equis
1344 1077 1415 1105 elata
1443 1077 1546 1105 ferocia
1575 1077 1710 1112 superbia:

921 1125 1095 1152 occasionem
1111 1123 1236 1158 praebuit.
1254 1122 1375 1158 Denique
1390 1123 1610 1158 perturbationes
1626 1123 1710 1150 animi

920 1170 1056 1199 universa:
1074 1173 1102 1197 et
1129 1169 1244 1204 singula:
1262 1176 1277 1196 a
1292 1169 1381 1196 brutis
1404 1173 1482 1201 ortae,
1504 1176 1588 1204 prava
1607 1169 1709 1196 mentis

920 1216 1098 1250 usurpatione
1108 1215 1235 1242 vitiorum
1247 1215 1325 1250 origo
1335 1215 1511 1242 exstiterunt.
1524 1214 1545 1240 E
1556 1214 1708 1247 contrario,

919 1262 943 1290 si
961 1262 1103 1296 imperium
1122 1261 1150 1288 in
1165 1260 1216 1288 hos
1231 1260 1316 1287 animi
1344 1264 1435 1288 motus
1459 1260 1488 1287 in
1510 1267 1540 1287 se
1558 1259 1709 1287 transferat

918 1307 989 1334 ratio
1003 1315 1010 1334 :
1027 1306 1127 1342 singuli
1144 1306 1253 1334 virtutis
1270 1305 1386 1333 formam
1405 1305 1531 1332 induunt.
1547 1304 1615 1331 Nam
1631 1304 1710 1332 forti-

919 1353 986 1380 tudo
1001 1361 1034 1379 ex
1053 1352 1196 1379 iracundia
1213 1352 1326 1385 oritur;
1342 1349 1476 1379 timiditas
1494 1350 1568 1383 facit,
1588 1355 1617 1378 ut
1634 1354 1710 1378 certo

921 1398 1050 1433 prasidio
1076 1401 1184 1426 nosmet
1209 1397 1387 1425 muniamus:
1415 1400 1515 1428 metus,
1537 1400 1566 1423 ut
1595 1397 1710 1424 libenter

921 1452 1068 1480 pareamus
1084 1453 1090 1471 :
1107 1444 1201 1472 odium
1217 1444 1246 1471 in
1263 1442 1466 1470 aversationem
1489 1442 1618 1470 vitiorum
1633 1449 1710 1470 com-

923 1494 1064 1522 mutatur;
1081 1489 1203 1517 eharitas
1219 1496 1290 1516 verte
1307 1488 1417 1516 virtutis
1433 1488 1460 1514 in
1486 1488 1565 1515 nobis
1589 1495 1709 1515 amorem

921 1536 1022 1564 excitat
1036 1543 1043 1568 ;
1058 1535 1130 1562 elata
1146 1534 1275 1562 ferocitas
1301 1533 1375 1567 facit,
1401 1537 1431 1561 ut
1453 1541 1536 1569 supra
1560 1533 1705 1568 perturba-

921 1581 1010 1609 tiones
1021 1587 1117 1608 omnes
1129 1587 1179 1607 nos
1189 1579 1344 1612 efferamus,
1358 1582 1385 1606 et
1399 1578 1482 1606 animi
1495 1577 1709 1614 magnitudinem

922 1630 1079 1660 conservat,
1096 1633 1151 1660 quo
1168 1625 1260 1653 minus
1278 1625 1301 1652 is
1318 1632 1334 1652 a
1359 1625 1434 1653 vitiis
1452 1629 1598 1660 superatus
1623 1624 1709 1652 servi-

922 1676 1007 1700 tutem
1032 1671 1144 1699 serviat.
1170 1669 1334 1705 Hujnsmodi
1356 1673 1430 1697 certe
1454 1670 1539 1697 animi
1563 1670 1708 1697 elationem

922 1724 1038 1752 magnus
1053 1717 1135 1745 etiam
1150 1716 1296 1751 Apostolus
1304 1715 1349 1743 ille
1355 1714 1514 1750 praedicat“,
1523 1714 1570 1748 qui
1579 1715 1708 1750 frequen-

920 1767 964 1792 ter
978 1771 1029 1791 nos
1044 1763 1214 1795 cohortatur,
1231 1766 1261 1790 ut
1274 1762 1314 1790 eis
1327 1769 1387 1796 qua:
1401 1768 1510 1789 sursum
1527 1765 1603 1793 sunt,
1617 1762 1709 1788 addic-

922 1810 942 1837 ti
970 1809 1066 1838 simus.
1091 1807 1130 1836 De
1161 1815 1215 1843 quo
1237 1807 1292 1842 jam
1318 1810 1346 1834 et
1368 1806 1434 1834 illud
1464 1806 1577 1841 intelligi
1607 1809 1706 1841 potest,

922 1863 1031 1883 omnem
1058 1854 1140 1882 animi
1167 1858 1270 1881 motum
1297 1860 1351 1880 una
1383 1860 1446 1880 cum
1473 1852 1581 1880 excelsa
1607 1852 1707 1879 mentis

922 1901 1052 1929 facultate
1077 1907 1107 1928 se
1130 1899 1308 1932 attollentem,
1327 1898 1360 1925 ad
1383 1898 1479 1926 divina:
1506 1897 1631 1933 imaginis
1648 1898 1708 1934 pul-

922 1947 1105 1975 chritudinem
1125 1943 1377 1973 conformari.Cum
1393 1948 1482 1972 autem
1495 1943 1627 1980 gravitate
1639 1951 1708 1979 qua-

921 1993 983 2021 dam
1000 2000 1050 2020 sua
1069 1991 1197 2019 deorsum
1215 1991 1281 2018 vitia
1298 1995 1413 2026 vergant
1428 1999 1435 2024 ;
1454 1990 1557 2018 idcirco
1577 1989 1703 2025 frequen-

920 2041 976 2068 tius
995 2039 1022 2066 id
1040 2038 1113 2074 quod
1133 2038 1303 2065 contrarium
1330 2037 1393 2065 huic
1408 2040 1459 2069 est,
1487 2036 1596 2064 accidit.
1621 2037 1706 2064 Multo

920 2085 1003 2113 citius
1019 2084 1091 2112 enim
1106 2074 1236 2118 princeps
1253 2083 1336 2111 animi
1357 2083 1474 2110 facultas
1491 2083 1579 2110 brutze
1602 2088 1707 2110 natura:

921 2132 1040 2167 pondere
1054 2130 1172 2164 impulsa
1185 2129 1357 2164 deprimitur,
1372 2137 1454 2164 quam
1478 2128 1550 2163 quod
1574 2136 1656 2166 grave
1675 2136 1707 2156 ac

920 2180 1038 2203 tcrreum
1054 2178 1108 2207 est,
1123 2181 1178 2201 una
1195 2181 1257 2201 cum
1275 2179 1364 2201 mente
1385 2174 1412 2201 in
1430 2174 1515 2200 altum
1535 2174 1705 2207 sublevetur.

920 2221 1026 2248 Idcirco
1047 2228 1119 2255 saepe
1145 2219 1230 2247 divini
1255 2210 1378 2246 muneris
1399 2219 1575 2254 praestantia,
1604 2226 1707 2254 praepe-

919 2267 1010 2294 diente
1027 2266 1137 2294 miseria
1151 2269 1256 2296 nostra,
1271 2272 1326 2292 non
1339 2265 1407 2292 satis
1421 2264 1449 2292 in
1472 2265 1552 2292 nobis
1575 2265 1706 2300 perspici-

920 2316 984 2340 tur:
1005 2311 1088 2347 [itque
1103 2315 1133 2338 ut
1152 2310 1332 2345 pulchritudo
1347 2310 1447 2337 divina:
1459 2310 1572 2346 imagini
1589 2319 1704 2347 respon-

920 2359 999 2391 dens,
1024 2357 1128 2385 morbis
1144 2357 1236 2384 carnis
1258 2360 1387 2391 tanquam
1406 2357 1563 2391 turpissima
1586 2357 1704 2393 quadam

920 2406 994 2432 larva
1017 2403 1189 2432 obducalur:
1217 2403 1332 2438 ideoque
1350 2403 1456 2430 veniam
1481 2404 1600 2438 quodam
1623 2406 1705 2433 modo

919 2455 1070 2483 merentur,
1089 2450 1111 2478 si
1129 2451 1175 2485 qui
1195 2450 1229 2477 ad
1246 2449 1402 2483 huiusmodi
1415 2449 1539 2484 quzcdam
1554 2451 1705 2486 respicien-

920 2501 972 2530 tes,
999 2504 1060 2524 csse
1076 2495 1103 2523 in
1130 2495 1173 2524 bis
1201 2494 1345 2529 imaginem
1370 2492 1416 2521 Dei
1443 2501 1523 2528 posse
1547 2502 1602 2521 non
1626 2494 1705 2523 facile

921 2542 1085 2570 concedunt.
1103 2540 1220 2567 lilustris
1233 2540 1278 2566 illa
1294 2539 1418 2574 profecto
1429 2539 1457 2566 in
1471 2540 1510 2567 eis
1525 2541 1703 2576 conspicitur.

921 2588 967 2624 qui
1000 2587 1084 2615 vitam
1111 2594 1189 2614 suam
1217 2585 1252 2613 ad
1283 2585 1392 2612 virtutis
1424 2593 1548 2612 normam
1578 2593 1703 2616 accurate

921 2635 1081 2668 exegerunt.
1097 2630 1174 2664 Quod
1187 2631 1211 2658 si
1224 2637 1304 2665 quem
1323 2630 1407 2657 animi
1423 2630 1527 2658 morbis
1541 2631 1704 2666 obnoxium,

921 2677 1054 2714 carniqne
1065 2677 1198 2709 deditum,
1214 2677 1306 2704 divina
1324 2675 1527 2712 pulchritudine
1543 2682 1703 2705 exornatum

920 2731 1057 2753 essenon
1075 2722 1186 2756 credis;
1212 2727 1239 2750 at
1265 2723 1292 2750 in
1319 2723 1402 2751 alium
1425 2724 1543 2756 intuere,
1570 2724 1650 2759 cujus
1680 2724 1705 2751 in
