1977 3071
111 113 161 142 197
199 115 206 121 ’

109 173 140 202 ob
164 173 307 210 χαρίζεται
328 172 367 207 τῷ
383 171 520 208 ἀνθρώπῳ
541 171 592 207 τὴν
612 171 756 207 μετουσίαν
773 173 787 199 ὸ
802 171 901 207 λόγος;

109 220 149 255 τῷ
161 220 215 256 γὰρ
238 218 338 254 γενικῷ
352 226 380 245 τε
396 218 444 245 κα).
457 218 569 253 ύπερκει
575 217 648 252 μένῳ
664 217 736 253 λόγῳ
755 219 829 245 πᾶσα
848 219 903 246 τῶν

109 265 221 299 ἀγαθῶν
236 264 292 291 ἰδέα
306 263 376 300 πρὸς
388 264 488 300 ἑαυτὴν
503 265 634 300 συμφυῶς
647 264 712 300 ἔχει,
730 265 777 292 καὶ
791 265 820 292 ἐν
832 273 858 291 τι
872 264 903 291 τὸ

110 311 170 338 ὅλον
185 310 253 337 ὲστί.
278 309 324 342 Τίς
341 309 370 336 δέ
386 319 419 345 με
432 310 482 345 τῆς
498 310 652 346 συμμιγοῦς
665 320 694 337 τε
716 311 762 338 καὶ
777 312 903 346 ἐπαμφο-

109 356 271 392 τεριζούσης
286 356 332 383 τοῦ
360 356 439 388 ξύλου
457 356 577 390 γεύσεως
599 357 767 392 ἀποστήσει;
794 358 904 389 πάντως

110 403 164 438 γὰρ
189 403 240 429 οὐκ
263 403 361 438 ἄδηλον
384 404 440 434 τοῖς
463 402 719 440 διορατικωτέροις,
747 403 772 430 τί
796 403 826 430 τὸ
850 404 903 431 πᾶν

111 451 209 482 ἐκεῖνο,
223 445 253 476 οὗ
270 449 375 485 καρπὸς
394 451 410 484 ἡ
425 448 492 484 ζωὴ,
509 450 556 476 καὶ
571 449 661 482 πάλιν,
677 450 703 476 τί
718 450 749 476 τὸ
760 450 903 485 ἐπίμικτον

110 495 200 527 τοῦτο,
216 493 247 522 οὗ
263 495 350 530 πέρας
373 495 387 521 ὁ
411 494 534 527 θάνατος.
559 495 588 521 '0
601 494 656 530 γὰρ
672 495 718 522 τοῦ
734 495 834 527 παντὸς
855 495 903 531 τὴν

111 542 264 568 ἀπόλαυσιν
279 541 403 576 ἀφθόνως
425 541 548 576 προθεὶς,
571 541 642 576 λόγῳ
660 542 714 567 τινὶ
733 542 841 573 πάντως
857 541 904 568 καὶ

113 587 270 623 προμηθείᾳ
290 589 340 622 τῆς
363 587 417 614 τῶν
442 587 584 614 ἐπικοίνων
612 587 756 622 μετουσίας
777 588 903 623 ἀπείργει

112 633 158 660 τὸν
174 633 328 668 ἄνθρωπον.
353 633 408 659 Καί
424 641 468 668 μοι
483 633 556 659 δοκεί
569 633 615 659 τὸν
640 633 727 668 μέγαν
750 633 841 665 Δαϐιδ,
857 633 905 660 καὶ

112 677 158 704 τὸν
172 677 252 712 σοφὸν
266 677 427 709 Σολομῶντα
439 678 615 710 διδασκάλους
627 679 676 714 τῆς
691 678 738 705 τοῦ
753 678 831 713 λόγου
843 678 904 705 τού-

112 733 159 750 του
171 723 340 759 παραλαϐεῖν
354 723 520 759 ἐξηγήσεως.
540 725 701 760 Ἀμφότεροι
715 718 768 760 γὰρ
780 724 830 760 τῆς
840 733 905 759 συγ-

113 770 309 806 κεχωρημένης
324 769 431 806 τρυφῆς
448 769 512 805 μίαν
524 770 653 805 ἡγοῦνται
668 770 718 806 τὴν
731 771 821 807 χάριν,
839 770 904 797 αὐτὸ

112 815 144 842 τὸ
164 815 247 846 ὅντως
264 815 376 849 ἀγαθὸν,
394 815 408 841 ὃ
426 815 458 850 δὴ
471 815 518 842 καὶ
535 816 589 842 πᾶν
605 816 678 843 ἐστιν
696 816 806 849 ἀγαθόν.
823 816 905 843 Δαϐὶδ

727 109 771 138 DE
792 108 932 138 HOMlNlS
951 106 1110 138 OPIFIClO.

1689 99 1738 126 l93

952 177 1090 207 putemus,
1100 175 1155 204 quo
1165 166 1275 195 lruituri
1285 167 1313 194 in
1325 164 1453 201 paradiso
1460 170 1580 192 eramus.
1595 171 1604 188 ι
1615 160 1653 189 De
1665 168 1739 188 Ollll'II

953 218 1027 253 ligno
1043 215 1153 252 (inquit
1169 212 1263 249 Deus)
1281 211 1353 248 quod
1374 215 1416 239 est
1435 211 1463 238 in
1482 208 1628 245 paradiso,
1644 214 1740 235 vesce-

953 252 992 292 ris
1007 263 1039 290 ".
1058 272 1067 288 3
1083 262 1150 295 Quis
1166 259 1272 287 homini
1290 262 1364 286 recte
1383 256 1514 285 esurienti
1534 254 1652 282 fructum
1673 252 1740 288 ligni

954 310 1028 338 illius
1043 309 1077 336 de
1094 307 1222 343 paradiso
1239 305 1356 338 tribuat,
1373 311 1427 339 quo
1446 303 1548 330 bonum
1566 308 1647 328 omne
1665 307 1741 326 com-

954 355 1143 392 prehenditur,
1160 356 1187 381 et
1202 351 1273 389 quod
1288 351 1376 379 oratio
1390 350 1482 377 divina
1494 355 1576 375 omne
1590 349 1740 381 nuncupat,

955 390 1034 437 cujus
1059 401 1140 428 etiam
1168 398 1276 426 fruendi
1296 400 1454 433 potestatem
1477 394 1581 422 homini
1606 390 1742 427 largitur?

954 448 1022 476 Nam
1038 446 1172 475 latissima
1189 449 1278 478 certe,
1301 448 1327 472 et
1349 442 1449 470 eximia
1473 441 1518 468 illa
1539 446 1606 467 voce
1627 441 1742 472 cognata

955 494 1026 521 inter
1048 501 1076 521 se
1094 493 1229 520 honorum
1250 489 1356 525 species
1375 487 1464 516 oumis
1481 487 1646 515 continetur,
1660 484 1743 517 inque

956 548 1010 568 uno
1024 539 1089 567 boni
1106 539 1174 565 adeo
1188 537 1274 564 totius
1290 534 1495 563 universitatem
1511 531 1644 559 exsistere
1659 528 1744 563 signi-

956 585 1063 613 llcatur.
1084 584 1151 617 Quis
1171 586 1266 610 contra
1285 580 1423 608 hominem
1442 581 1533 605 arceat
1553 576 1587 603 ab
1607 575 1693 602 altero
1711 573 1744 600 li-

956 639 1026 667 gno,
1045 630 1125 665 cujus
1146 629 1239 657 lruitio
1260 628 1371 655 mistum
1391 625 1520 661 quiddam
1541 623 1638 653 habet,
1659 624 1744 649 etest

957 680 1102 711 utramque
1120 675 1147 702 in
1165 678 1271 709 partem
1292 672 1408 700 efﬁcax?
1427 670 1485 697 Non
1503 670 1575 697 enim
1595 667 1743 694 obscurum

956 729 1016 749 esse
1029 724 1117 756 potest
1130 720 1235 747 homini
1251 716 1410 753 intelligenli
1421 736 1428 748 ,
1443 715 1509 751 quid
1525 714 1560 742 sit
1572 713 1637 741 illud
1651 718 1744 743 omne,

956 768 1036 802 cujus
1054 771 1096 796 est
1114 767 1222 794 fructus
1239 765 1294 793 vita
1310 773 1317 792 :
1335 768 1362 791 et
1379 763 1444 798 quid
1461 763 1575 789 alterum
1593 758 1659 786 illud
1678 758 1745 784 mis-

956 817 1032 847 tum,
1054 814 1133 848 cujus
1155 812 1216 839 linis
1237 818 1311 838 mors
1336 814 1387 837 est.
1411 808 1479 835 Nam
1497 807 1543 842 qui
1565 805 1638 833 illius
1655 803 1745 832 omnis

115 860 164 895 μὲν
178 860 509 896 λέγων,‹Κατατρύφησον
531 860 579 887 τοῦ
599 860 858 896 Κυρίου⁴ιΣολομὼν
877 861 905 888 δὲ

963 860 1059 888 tomiui
1078 859 1235 886 lruitionem
1251 860 1410 892 perpetuam
1426 852 1577 886 concessit,
1592 852 1663 879 idem
1677 857 1746 886 quo-

113 905 163 941 τὴν
177 906 273 940 σοφίαν
288 905 383 941 αὐτὴν,
401 905 477 940 «ἥτις
501 904 574 931 ἐστὶν
584 906 597 932 ὁ
611 905 723 941 Κύριος,
741 905 817 938 ξύλον
831 905 914 942 ζωῆς

114 951 265 986 ὀνομάζων.
282 951 388 978 οὐκοῦν
404 952 502 979 ταύτόν
517 952 575 978 ἐστι
588 952 627 987 τῷ
641 952 690 988 τῆς
704 951 777 987 ζωῆς
791 952 860 988 ξύλῳ
874 952 904 980 τὸ

86 997 169 1049 [τεᾶν
189 996 277 1031 ξύλον,
295 993 325 1024 οὗ
342 998 390 1033 τὴν
404 997 505 1033 βρῶσιν
516 997 555 1033 τῷ
570 998 640 1024 κατὰ
652 998 717 1024 θεὸν
732 998 877 1026 πλασθέντι
890 999 905 1024 ὁ

115 1042 195 1077 λόγος
221 1042 338 1070 δίδωσιν.
367 1043 588 1078 Ἀντιδιαιρεῖται
614 1043 642 1070 δὲ
667 1043 707 1079 τῷ
731 1043 800 1079 ξύλῳ
819 1044 905 1080 τούτῳ

115 1089 209 1123 ἕτερον
225 1089 313 1122 ξύλον,
328 1087 358 1117 οὗ
373 1091 390 1125 ἡ
411 1089 509 1125 βρῶσις
531 1089 614 1116 καλοῦ
637 1089 684 1117 καὶ
705 1091 789 1117 κακοῦ
805 1090 905 1124 γνῶσίς

117 1136 200 1168 ἐστιν,
214 1135 264 1162 οὐκ
281 1136 436 1168 ἰδιαζόντως
450 1136 578 1172 ἑκάτερον
593 1136 647 1163 τῶν
659 1137 729 1163 κατὰ
742 1136 771 1162 τὸ
786 1136 907 1164 ἐναντίον

117 1182 326 1218 σημαινομένων
340 1184 368 1209 έν
381 1182 459 1218 μέρει
475 1181 714 1217 καρποφοροῦντος
730 1191 738 1198 ·
764 1182 831 1209 ἀλλά
847 1190 907 1209 τινα

118 1229 320 1264 συγκεχυμένον
343 1229 390 1255 καὶ
418 1228 570 1264 σύμμικτον
600 1228 705 1263 καρπὸν
735 1227 908 1260 ὲξανθοῦντος

117 1275 176 1305 ταῖς
195 1275 332 1306 ἐναντίαις
353 1274 575 1310 συγκεκραμένον
596 1273 746 1306 ποιότησιν,
764 1271 794 1301 οὗ
810 1273 908 1300 κωλύει

120 1320 169 1356 μὲν
184 1320 232 1356 τὴν
249 1320 348 1356 βρῶσιν
363 1321 377 1346 ὀ
391 1319 511 1356 ἀρχηγὸς
525 1319 573 1354 τῆς
587 1319 669 1354 ζωῆς.
688 1319 865 1355 συμϐουλεύει
879 1319 908 1346 δὲ

117 1366 131 1392 ὁ
143 1366 213 1400 ὖφις,
226 1366 268 1392 ἵνα
282 1365 321 1401 τῷ
333 1365 441 1399 θανάτῳ
457 1363 650 1401 κατασκευάσῃ
663 1364 712 1399 τὴν
726 1364 837 1390 εἴσοδον.
854 1363 910 1390 Καὶ

119 1412 231 1442 πιθανὸς
258 1412 360 1446 γίνεται
387 1409 610 1445 συμϐουλεύσας,
641 1409 753 1445 εὐχρυίᾳ
781 1410 833 1437 τινί
862 1409 910 1436 καὶ

118 1458 200 1494 ἡδονῇ
220 1458 266 1485 τὸν
288 1457 392 1494 καρπὸν
419 1456 612 1493 περιχρώσας,
638 1456 676 1488 ὡς
701 1456 734 1483 ἂν
760 1456 854 1492 ὀφθείη
880 1465 910 1482 τε

120 1504 215 1540 ἡδέως,
232 1504 279 1531 καὶ
291 1503 339 1539 τὴν
355 1504 444 1540 ὖρεξιν
458 1504 524 1540 πρὸς
541 1503 590 1539 τὴν
604 1502 698 1537 γεῦσιν
713 1502 908 1538 ὖπερεθίσειεν.

955 914 1008 942 que
1021 905 1126 933 ratione
1137 904 1254 939 quadam
1268 906 1295 930 et
1308 901 1424 930 consilio
1437 903 1512 928 certo
1525 897 1744 934 promiscuorum

956 959 1006 979 usu
1024 951 1104 978 nobis
1121 949 1272 977 interdixit.
1292 949 1331 975 Ac
1346 947 1413 974 mihi
1433 946 1542 981 quidem
1563 943 1629 971 libet
1647 948 1746 977 magno

956 998 1003 1026 illo
1020 997 1140 1028 Davide,
1159 995 1337 1030 sapienteque
1358 991 1520 1022 Solomone,
1539 992 1668 1023 tanquam
1688 992 1747 1013 ma-

957 1043 1051 1079 gistris
1066 1043 1093 1069 in
1110 1042 1205 1069 harum
1221 1047 1312 1068 rerum
1327 1037 1509 1074 explicatione
1524 1035 1573 1062 uti.
1587 1035 1655 1062 Nam
1670 1037 1746 1060 utero

957 1077 1010 1124 que
1021 1087 1132 1115 delicias
1145 1092 1292 1113 concessas
1303 1084 1500 1118 interpretatur
1515 1087 1609 1108 verum
1621 1078 1687 1106 illud
1699 1077 1748 1105 ho-

958 1142 1034 1166 uum,
1045 1131 1118 1168 quod
1130 1132 1200 1159 idem
1212 1135 1253 1158 est
1264 1137 1325 1157 cum
1336 1130 1408 1156 bono
1417 1128 1503 1155 omni.
1514 1125 1629 1152 Davides
1638 1122 1748 1159 quidem

959 1180 1047 1214 inquit
1067 1179 1110 1205 "z
1129 1188 1138 1204 ‹
1158 1179 1188 1206 ln
1206 1177 1321 1204 Domino
1336 1179 1418 1203 temet
1433 1174 1538 1201 oblecta
1556 1172 1593 1199 ".
1611 1181 1620 1196 ι
1636 1170 1749 1197 Solomo

959 1231 1067 1257 autem,
1082 1224 1262 1260 sapientiam,
1278 1231 1339 1258 quae
1353 1225 1394 1249 est
1409 1221 1466 1255 ipse
1480 1218 1611 1246 Dominus
1621 1236 1629 1249 ,
1644 1217 1748 1251 lignum

959 1273 1021 1300 vita:
1039 1272 1167 1306 appellat.
1190 1269 1274 1305 Igitur
1291 1268 1358 1295 illud
1375 1274 1456 1294 onme
1475 1265 1546 1293 idem
1566 1267 1608 1292 est
1626 1262 1698 1298 quod
1718 1262 1751 1288 li-

960 1326 1043 1354 gnum
1059 1318 1136 1349 vita,
1154 1317 1233 1351 cujus
1256 1315 1351 1342 l'ruitio
1371 1312 1474 1340 homini
1491 1310 1524 1338 ad
1541 1310 1589 1337 Dei
1605 1309 1749 1344 imaginem

961 1353 1033 1391 laeto
1060 1363 1230 1391 conceditur.
1249 1361 1384 1389 (Ia-terum
1419 1359 1452 1386 ah
1481 1358 1533 1385 hoc
1565 1355 1638 1383 aliud
1664 1353 1751 1390 quod:-

961 1411 1023 1438 dam
1051 1410 1157 1446 lignum
1186 1408 1363 1439 discernitur,
1382 1405 1462 1440 cujus
1495 1404 1600 1431 l'ructus
1628 1405 1669 1430 est
1685 1401 1750 1428 boni

962 1464 994 1484 ac
1012 1457 1077 1484 mali
1094 1455 1225 1491 cognitio.
1245 1454 1301 1482 Non
1318 1452 1391 1488 quod
1409 1451 1524 1478 alterum
1542 1449 1638 1476 horum
1656 1447 1751 1473 adver-

963 1503 1083 1530 santium
1100 1502 1151 1530 sibi
1167 1501 1289 1528 vicissim
1307 1500 1488 1535 produceret,
1504 1496 1551 1524 sed
1564 1493 1636 1530 quod
1651 1492 1752 1527 promi-

120 1558 216 1578 scuum
233 1558 263 1577 ac
279 1549 423 1577 confusum
444 1548 590 1584 quemdam
612 1547 730 1574 fructum
752 1547 904 1582 proferret,
922 1548 964 1575 cui
979 1549 1124 1583 qualitates
1137 1547 1190 1574 illac
1203 1546 1255 1574 sihi
1282 1545 1459 1572 adversantes
1484 1543 1615 1570 inessent.
1638 1538 1677 1566 De
1701 1537 1752 1564 hoc

121 1597 194 1624 vesci
209 1596 347 1624 hominem
366 1595 423 1622 Dux
438 1596 501 1622 vita:
516 1597 604 1627 vetat,
622 1601 736 1628 serpens
750 1593 864 1626 suadet,
883 1598 913 1621 ut
931 1582 1012 1622 morti
1031 1595 1101 1621 viam
1118 1593 1150 1620 ad
1165 1591 1354 1628 perimendum
1367 1590 1504 1618 hominem
1521 1589 1647 1616 strueret.
1663 1582 1752 1610 Vincit

121 1651 186 1671 vero
206 1643 293 1671 malus
308 1643 353 1670 hic
368 1642 476 1669 tandem
495 1639 681 1672 consiliarius,
699 1639 902 1674 pulchritudine
921 1649 953 1668 ac
970 1642 1109 1676 voluptate
1124 1640 1240 1675 quadam
1257 1638 1374 1665 fructum
1392 1641 1539 1668 exornans,
1554 1637 1584 1660 ut
1600 1636 1628 1660 et
1641 1634 1752 1665 aspectu

119 1691 258 1727 jucundus
278 1694 367 1722 esset,
388 1693 415 1717 et
435 1689 627 1724 appetitionem
646 1688 773 1724 gustandi
794 1688 835 1716 sui
854 1688 1009 1723 proritaret.

404 1745 603 1773 ΚΕΦΑΛΑΙΟΝ
622 1744 665 1771 Κ’.

125 1796 173 1829 Τίς
188 1795 204 1829 ἡ
219 1795 252 1821 ἐν
262 1793 302 1826 τῷ
315 1792 486 1829 παραδείσῳ
506 1790 575 1829 ζὶίξὴε
588 1791 637 1817 καὶ
660 1790 688 1817 τί
700 1790 731 1816 τὸ
750 1790 915 1824 ἀπηγορευ-

410 1827 500 1862 μένον
521 1826 626 1858 ξύλον.

158 1877 190 1903 Τί
208 1875 254 1904 οὖν
274 1875 362 1902 ἐκεῖνό
377 1876 461 1904 ἐστιν,
472 1872 485 1899 ὃ
500 1871 582 1899 καλοῦ
601 1880 630 1898 τε
645 1871 692 1898 καὶ
707 1869 791 1897 κακοῦ
817 1877 916 1903 συγκε-

125 1923 266 1959 κραμένην
281 1922 337 1956 ἔχει
351 1921 402 1956 τὴν
416 1919 526 1954 γνῶσιν,
538 1919 598 1950 ταῖς
607 1918 640 1944 δι’
649 1917 798 1952 αἰσθήσεως
810 1916 917 1952 ἡδοναῖς

125 1968 343 2004 ἑπηνθισμένον;
368 1966 439 2002 ’Λρα
460 1966 498 2001 μὴ
511 1965 605 2000 πόρῤω
618 1963 667 1998 τῆς
684 1963 812 1998 ἀληθείας
827 1971 916 1998 παρα-

127 2015 304 2050 στοχάσομαι,
318 2015 351 2050 τῇ
367 2012 414 2040 τοῦ
425 2011 544 2046 γνωστοῦ
555 2010 658 2046 διανοίᾳ
673 2011 712 2040 εἰς
728 2009 854 2045 ἀφορμὴν
866 2008 917 2044 τῆς

127 2062 244 2097 Θεωρίας
258 2059 460 2096 συγχρώμενος.
475 2056 560 2094 Οἶμαι
579 2057 630 2093 γὰρ
647 2057 697 2083 οὐκ
712 2056 866 2091 ἐπιστήμην
877 2056 918 2081 ὲν-

126 2109 212 2135 ταῠθα
226 2107 301 2143 παρὰ
317 2107 366 2142 τῆς
393 2105 504 2140 Γραφῆς
522 2103 639 2131 νοεῖσθαι
666 2103 714 2138 τὴν
728 2102 838 2136 γνῶσιν,
851 2102 919 2129 ἀλλὰ

127 2163 186 2181 τινα
198 2152 329 2188 διαφορὰν
348 2154 379 2179 ὲκ
403 2152 452 2187 τῆς
471 2150 607 2186 γραφικῆς
624 2149 768 2184 συνηθείας
787 2149 916 2183 εὑρίσκω,

129 2199 256 2234 γνώσεώς
274 2208 303 2226 τε
333 2198 379 2225 καὶ
393 2196 566 2232 διακρίσεως.
583 2195 620 2221 Τὸ
638 2195 687 2229 μὲν
703 2195 756 2229 γὰρ
771 2193 918 2229 διακρίνειν

128 2244 317 2280 ἐπιστημόνως
344 2242 374 2269 τὸ
401 2241 482 2268 καλὸν
509 2242 541 2267 ὲκ
557 2241 603 2267 τοῦ
627 2239 723 2270 κακοῦ,
751 2238 919 2274 τελειοτέρας

129 2292 210 2324 ἕξεως
222 2289 290 2317 εἶναί
304 2298 386 2324 φησιν
401 2289 416 2314 ὁ
443 2286 612 2317 Ἀπόστολοε,
627 2286 671 2312 καὶ
689 2285 920 2320 γεγυμνασμένων

129 2337 333 2372 αἰσθητηρίων·
362 2335 401 2362 διὸ
436 2334 482 2360 καὶ
514 2333 677 2368 πρόσταγμα
701 2333 817 2358 ποιεῖται
832 2331 920 2357 πάντα

131 2382 297 2419 δοκιμάζειν,
315 2382 362 2408 καὶ
387 2381 432 2407 τοῦ
448 2377 633 2414 πνευματικοῦ
646 2378 677 2404 τὺ
692 2377 838 2413 διακρίνειν
857 2376 921 2402 ἴδιον

130 2428 199 2456 εἷναί
210 2438 301 2464 φησιν,
311 2428 342 2454 'H
355 2428 383 2454 δὲ
395 2426 496 2461 γνῶσις
509 2425 538 2451 ού
554 2424 690 2459 πανταχοῦ
704 2424 752 2459 τὴν
766 2424 921 2458 ἐπιστήμην
939 2412 959 2439 θ

130 2486 159 2503 τε
171 2476 217 2503 καὶ
236 2475 284 2511 τὴν
300 2474 402 2509 εἴδησιν
418 2473 562 2508 ὑφηγεῖται
578 2470 648 2498 κατὰ
664 2470 693 2496 τὸ
714 2469 919 2504 σημαινόμενον,

133 2522 198 2549 ἀλλὰ
213 2522 261 2557 τὴν
278 2521 344 2557 πρὸς
357 2520 387 2546 τὸ
401 2518 598 2555 κεχαρισμένον
611 2517 729 2543 διάθεσιν
740 2524 747 2530 ·
766 2515 922 2548 (τις-,ιἘγνω

133 2569 233 2604 Κύριος
249 2569 310 2600 τοός
336 2567 413 2598 ὄντας
426 2565 525 2592 αὑτοῦ·
548 2574 557 2590 ι
577 2564 624 2591 καὶ
653 2563 719 2599 πρὸς
730 2562 774 2588 τὸν
792 2560 926 2599 Μωίἳσέοι⁵

133 2615 227 2650 φησὶν,
240 2611 281 2638 ὅτι
293 2622 302 2638 ι
311 2614 416 2647 Ἔγνων
426 2622 455 2639 σε
466 2611 542 2648 παρὰ
555 2612 657 2641 πάντας
670 2619 675 2625 ·
690 2620 698 2636 ›
717 2618 748 2636 πε
755 2609 780 2644 ρί
789 2609 817 2635 δὲ
831 2607 884 2634 τῶν
894 2607 923 2633 ὲν

133 2661 217 2696 κακίᾳ.
243 2659 473 2694 κατεγνωσμένων
490 2658 563 2692 λέγει
583 2657 596 2683 ὁ
619 2656 653 2683 τὰ
673 2656 761 2682 πάντα
779 2653 866 2685 εἰδὼς,
883 2653 923 2680 ’ότι

136 2717 145 2734 ‹
163 2707 297 2735 Οὐδέποτε
327 2706 411 2740 ἔγνων
424 2707 505 2741 ὑμᾶς.
523 2715 532 2731 ι
547 2704 650 2731 υύκοῦν
671 2703 700 2730 τὸ
725 2703 811 2735 ξύλον,
829 2702 874 2736 ἀφ’
894 2698 924 2728 οὗ

172 2810 192 2824 ’τ
211 2809 320 2840 Gemit,
337 2809 376 2835 l6.
417 2808 522 2836 “Psal.
542 2807 670 2838 “uri.
710 2806 730 2821 "’
753 2805 833 2833 Prov.
853 2811 893 2835 ut,
915 2802 956 2829 l8.
981 2802 1018 2834 ,⁷ο
1037 2801 1117 2829 llehr.
1136 2809 1160 2834 v,
1184 2800 1224 2827 Μ.

143 2851 170 2879 II,
186 2844 228 2872 to.

1265 1739 1380 1768 CAPUT
1395 1737 1453 1766 XX.

966 1791 1032 1824 Qum
1049 1790 1127 1825 fuerit
1149 1789 1176 1816 in
1187 1787 1313 1823 paradiso
1329 1787 1393 1818 vim,
1406 1783 1504 1820 quodue
1519 1783 1554 1810 sit
1568 1781 1667 1815 lignum
1690 1778 1754 1804 veli~

1329 1826 1393 1848 tum.

1002 1873 1143 1906 Quodnam
1173 1871 1255 1906 Igitur
1286 1868 1354 1896 illud
1381 1871 1423 1893 est
1450 1866 1564 1900 lignum,
1593 1867 1754 1890 exornatum

967 1918 1082 1950 deliciis,
1100 1925 1160 1952 quae
1181 1923 1263 1943 sensu
1279 1913 1474 1950 percipiantur,
1495 1909 1539 1937 cui
1560 1909 1623 1936 boni
1636 1908 1755 1942 malique

967 1965 1046 1992 mista
1062 1964 1184 1998 quredam
1202 1960 1321 1996 cognitio
1341 1959 1429 1986 inest?
1445 1956 1576 1991 Equidem
1604 1962 1657 1982 non
1677 1954 1756 1988 longe

968 2018 983 2037 a
1004 2010 1117 2037 veritate
1132 2009 1304 2038 aherravero,
1320 2006 1343 2034 si
1361 2005 1459 2033 mentis
1474 2002 1664 2037 intelligentia,
1688 2007 1757 2035 qua-

970 2057 1048 2080 tenus
1065 2051 1175 2086 intelligi
1193 2050 1249 2078 hac
1264 2052 1389 2085 possunt,
1406 2048 1457 2074 hac
1474 2047 1531 2081 ipsa
1550 2045 1575 2072 iu
1596 2042 1755 2071 considera,

969 2101 1041 2128 tione
1060 2103 1132 2126 utar.
1159 2097 1205 2125 Sic
1228 2096 1300 2125 enim
1324 2095 1460 2127 existimo,
1486 2101 1540 2120 non
1565 2092 1616 2118 hoc
1635 2090 1694 2117 loco
1708 2095 1759 2124 per

969 2146 1152 2186 cognitionem
1168 2143 1280 2178 intelligi
1290 2139 1497 2171 scientiamzsed
1504 2137 1589 2166 sacris
1601 2136 1628 2162 in
1645 2133 1759 2162 Litteris

970 2181 1079 2220 invenio
1103 2190 1250 2219 discrimen
1267 2186 1402 2223 quoddam
1431 2186 1501 2211 inter
1519 2181 1700 2217 cognitionem
1726 2187 1758 2206 ac

970 2237 1203 2273 dijudieationem.
1225 2235 1293 2261 Nam
1308 2233 1410 2260 bonum
1434 2239 1467 2257 ac
1499 2229 1600 2255 malum
1631 2230 1758 2254 accurata

971 2271 1088 2319 quadam
1108 2282 1225 2311 srieutia
1247 2280 1407 2316 dijudicare,
1425 2276 1562 2305 facultatis
1587 2282 1647 2302 esse
1671 2271 1760 2308 perle—

971 2331 1064 2359 ctioris
1077 2329 1260 2364 cujusdam,“
1274 2333 1402 2354 sensuum
1420 2324 1626 2351 exercitatoruui
1646 2319 1761 2355 Aposto-

973 2378 1016 2405 lus
1037 2375 1120 2403 tradit
1146 2375 1179 2401 "°.
1197 2375 1304 2402 Idcirco
1325 2372 1443 2408 praecipit
1464 2369 1580 2406 quodam
1603 2369 1673 2400 loco,
1700 2374 1762 2394 esse

973 2423 1065 2451 oiunia
1082 2421 1258 2456 exploranda,
1273 2423 1299 2447 et
1315 2418 1536 2454 dijmlicationem
1553 2418 1657 2442 tantum
1671 2415 1698 2442 in
1713 2413 1762 2441 ho—

975 2469 1073 2496 minem
1084 2467 1254 2502 spiritualem
1269 2465 1366 2492 cadere
1381 2463 1495 2490 allii-mat
1509 2462 1542 2488 '“.
1558 2459 1686 2495 Cognitio
1699 2465 1764 2486 vero

974 2523 1030 2543 non
1048 2515 1191 2542 scientiam
1219 2519 1250 2539 ac
1277 2512 1402 2538 notitiam
1432 2510 1535 2544 ubique
1564 2508 1713 2543 significat,
1734 2509 1764 2533 ut

974 2570 1027 2589 vox
1043 2562 1101 2595 ipsa
1119 2563 1213 2587 notare
1227 2559 1342 2590 videtur,
1360 2555 1560 2591 sedquamdam
1575 2554 1658 2582 animi
1676 2552 1709 2580 ad
1725 2553 1763 2585 id,

976 2607 1047 2643 quod
1067 2610 1173 2641 gratum
1192 2605 1271 2632 nobis
1285 2607 1337 2636 est,
1355 2602 1533 2630 aﬂ'eetionem.
1552 2600 1585 2628 Ut
1612 2607 1673 2627 eum
1695 2598 1767 2626 scri—

978 2659 1053 2688 ptum
1075 2657 1117 2679 est
1131 2653 1154 2667 “¹¹
1178 2661 1184 2677 :
1204 2660 1212 2676 ι
1235 2649 1314 2676 Novit
1331 2649 1461 2675 Dominus
1480 2655 1554 2674 suos.
1573 2655 1581 2671 ι
1603 2645 1637 2672 Et
1653 2645 1686 2672 ad
1705 2643 1765 2670 Me—

978 2708 1025 2727 sen
1043 2699 1130 2733 inquit
1160 2707 1166 2724 :
1192 2707 1200 2722 ι
1221 2696 1286 2723 Novi
1319 2700 1346 2723 te
1373 2702 1455 2729 supra
1470 2698 1574 2721 omnes.
1603 2701 1611 2718 ι
1632 2691 1717 2717 Etiam
1732 2693 1767 2716 de

1300 2799 1320 2815 ’⁸⁵
1342 2797 1352 2825 l
1367 2798 1430 2825 Cor.
1446 2803 1473 2823 ιι.
1492 2795 1533 2821 15.
1573 2793 1594 2807 ⁷³
1610 2791 1630 2818 ll
1646 2789 1765 2816 Timoth.
