1977 3071
121 94 166 122 201

740 89 785 117 DE
804 88 946 117 HOMlNlS
964 88 1120 117 OPIFIClO.

1687 89 1742 116 2-33

120 152 235 189 θρωπος,
246 151 278 177 τὸ
286 150 359 186 μέγα
376 150 423 178 καὶ
437 149 553 185 πρᾶγμα
561 149 607 176 καὶ
622 148 718 184 ὄνομα,
727 148 758 174 τὸ
771 149 820 184 τῆς
829 149 903 180 θείας

958 148 1085 176 fructus:
1109 148 1311 176 declarantibus
1342 147 1483 183 perspicue
1507 146 1616 175 Litteris
1643 147 1741 179 sacris.

125 197 224 230 θύσεως
240 197 433 232 ἅπεικόνισμα,
447 197 481 231 τῇ
499 195 669 230 ματαιότητι,
685 194 775 226 καθώς
795 203 876 230 φησιν
890 195 904 221 ὸ

120 235 273 274 Προφήτης.
282 236 422 273 ὡμοιώθη.
458 240 655 275 οὐκοῦνὴμὲν
675 239 756 267 εἰκὼν
780 240 848 276 πρὸς
874 240 903 266 τδ

120 288 240 323 κρεῖττον
262 286 315 313 τῶν
337 287 366 313 ὲν
381 287 449 322 ἡμῖν
473 286 625 322 νοουμένων
645 285 796 321 ᾠκείωται·
817 286 903 318 τὰδὲ,

119 335 166 362 ὅσα
184 334 248 368 περὶ
273 333 318 359 τδν
334 333 391 368 βίον
405 333 515 368 λυπηρά
529 341 559 359 τε
573 333 620 359 καὶ
633 332 724 364 ἄθλια,
741 332 835 369 πόῤῥω
854 333 903 368 τῆς

957 203 1011 231 quo
1026 203 1107 223 sensu
1123 195 1227 230 lignum
1243 195 1294 222 hoc
1304 195 1425 223 scientia
1442 195 1505 222 boui
1523 199 1550 222 et
1565 194 1628 221 mali
1647 195 1742 229 appel-

957 241 1051 268 larint.
1070 240 1186 269 Perinde
1202 241 1337 273 videlicet,
1351 245 1433 276 atque
1447 248 1552 269 venena
1571 240 1650 268 melle
1677 248 1743 267 con-

956 287 1023 319 dita,
1037 295 1090 322 qua
1100 287 1194 315 sensui
1206 287 1242 314 ob
1257 286 1453 314 dulcitudinem
1465 291 1541 322 grata
1555 292 1628 316 sunt.
1641 286 1742 313 bonum
1782 298 1787 306 π

956 332 1085 367 quiddam
1104 340 1166 360 esse
1180 342 1188 360 :
1203 341 1255 368 qua
1273 340 1337 360 vero
1353 336 1472 360 utentem
1491 332 1660 365 interimunt,
1684 339 1743 358 ma-

120 379 185 414 πρὸς
199 379 230 405 τὺ
244 376 318 405 Θεῖόν
333 379 407 405 ἐστιν
421 377 586 413 ὁμοιώσεως.

958 378 1045 405 lorum
1058 379 1179 405 omnium
1192 382 1311 406 extrema
1327 381 1484 406 censentur.
1500 377 1557 405 lloc
1570 378 1652 413 igitur
1667 385 1742 405 vene-

120 434 182 452 num
212 425 413 461 quamprimum
436 424 552 452 hominis
575 424 660 452 vitam
687 424 816 452 tentando
843 425 938 458 lasit,‘
957 425 1118 459 praeclarum
1150 425 1217 452 illud
1248 425 1366 452 hominis
1400 424 1538 459 opiﬁcium
1572 431 1604 452 ac
1633 431 1743 455 nomen,

120 472 239 507 adeoque
261 471 361 499 divinae
380 476 485 500 natura:
507 471 697 504 simulacrum,
718 472 857 503 vanitatis.
879 472 1108 507 quemadmodum
1128 470 1209 498 Vates
1229 473 1350 507 loquitur
1360 472 1394 503 "'.
1422 471 1627 499 similitudinctn
1645 470 1743 497 induit.

121 519 210 554 Itaque
223 520 279 554 jam
301 520 390 555 imago
401 520 434 546 ad
452 524 542 554 partes
559 519 586 547 in
599 519 688 549 .nobis
707 520 911 554 praestantiores
925 519 1067 546 referenda
1082 524 1132 547 est.
1157 519 1331 554 Quzecunque
1353 522 1443 546 autem
1459 519 1573 546 molesta
1596 518 1622 545 in
1638 517 1701 549 vita,
1717 519 1746 544 et

120 565 207 592 tristia
226 565 363 596 accidunt.
381 565 460 599 longe
476 564 580 592 scilicet
592 571 608 591 a
631 565 810 592 similitudine
829 569 934 592 naturae
950 564 1049 592 divinus
1063 565 1184 600 separari
1201 565 1310 592 debent.

364 620 563 648 ΚΕΦΑΛΑΙΟΝ
591 621 660 647 KA’.

120 678 182 705 Ὀτι
207 678 226 712 ἠ
253 677 422 710 ἀνάστασίς
438 678 473 704 οὐ
483 677 629 705 τοσοῦτον
640 678 674 704 ἐκ
689 677 741 705 τοῦ
759 678 904 712 κηρύγμα-

154 722 204 746 τος
213 713 265 740 τοῦ
279 712 442 746 Γραφικοῦ,
462 712 538 739 ὅσον
550 712 584 744 ἐξ
597 712 693 745 αὐτῆς
704 712 758 745 τῆς
770 712 903 747 ἀνάγκης

151 748 210 775 τῶν
225 747 404 782 πραγμάτων
416 747 588 780 ἀκολούθως
605 746 761 777 ὲλπίζεται.

157 794 226 821 Ἀλλ’
253 793 302 827 οὺχ
326 792 413 824 οὕτως
439 792 512 818 ἐστὶν
526 792 635 827 ἰσχυρὸν
654 793 670 828 ὴ
687 793 780 825 κακία,
801 793 838 824 ὡς
854 793 903 828 τῆς

119 839 221 873 ἀγαθῆς
248 837 430 873 ὑπερισχὺσαι
447 837 586 871 δυνάμεως
598 845 606 852 θ
633 837 692 863 οὐδὲ
712 838 842 872 κρείττων
857 839 903 865 καὶ

121 884 290 920 μονιμωτέρα
314 885 362 918 τῆς
390 881 458 908 Θεοῦ
483 882 579 916 σοφίας
599 883 616 918 ή
630 883 680 916 τῆς
705 883 812 916 φύσεως
826 884 903 918 ἡμῶν

119 930 240 957 ἀδουλία.
253 928 320 955 Οὐδὲ
330 927 384 963 γάρ
398 927 456 953 ὲστι
471 926 582 953 δυνατὸν
594 926 624 952 τὸ
639 927 804 962 τρεπόμενον
817 936 845 953 τε
858 928 904 954 καὶ

118 975 315 1009 ἀλλοιούμενον,
333 973 380 1000 τοῦ
405 973 448 999 ἀεὶ
475 972 604 1004 ὡσαύτως
627 971 744 1007 ἔχοντος,
761 973 808 999 καὶ
822 973 850 999 ὲν
865 973 904 1008 τῷ

118 1020 210 1055 ἀγαθῷ
222 1019 384 1054 πεπηγότος,
400 1017 628 1053 ὲπικρατέστερόν
641 1026 670 1043 τε
686 1018 731 1044 καὶ
747 1018 905 1053 μονιμώτε--

119 1075 164 1102 ρον
179 1064 248 1092 εἶναι
261 1073 268 1080 ·
281 1065 336 1091 ἀλλ’
357 1065 374 1100 ἠ
393 1064 441 1098 μὲν
456 1063 514 1090 θεία
528 1063 609 1097 βουλὴ
630 1063 717 1097 πάντη
734 1071 763 1089 τε
779 1063 825 1089 καὶ
839 1063 906 1088 πάν-

117 1121 170 1144 τως
183 1112 213 1138 τὸ
228 1110 393 1146 ἀμετάθετον
411 1109 477 1144 ἔχει,
491 1109 521 1135 τὸ
546 1108 574 1134 δὲ
597 1108 714 1143 τρεπτδν
728 1108 778 1143 τῆς
799 1108 905 1142 φύσεως

116 1159 196 1194 ἡμῶν
221 1157 280 1183 οὐδὲ
308 1157 337 1183 ὲν
353 1155 391 1191 τῷ
418 1155 495 1190 κακῷ
518 1155 616 1187 πάγιον
634 1154 719 1189 μένει.
737 1154 773 1180 Τὸ
792 1153 847 1189 γὰρ
862 1153 906 1179 ἀεὶ

118 1206 225 1235 πάντως
249 1201 465 1238 κινούμενον,ἐί
487 1201 536 1236 μὲν
551 1200 618 1236 πρὸς
636 1199 667 1226 τὸ
684 1200 765 1226 καλὸν
784 1199 840 1234 ἔχοι
857 1199 905 1234 τὴν

118 1251 239 1287 πρόοδον,
262 1250 306 1277 διὰ
318 1249 349 1276 τδ
364 1249 486 1284 ἀόριστον
497 1246 543 1274 τοῦ
555 1246 769 1281 διεξεδευομένου
778 1245 906 1280 πράγμα-

109 1306 162 1328 .τος
179 1296 305 1323 οὐδέποτε
325 1294 400 1330 λήξει
422 1295 472 1328 τῆς
493 1294 540 1319 ἐπὶ
555 1291 590 1319 τὰ
607 1292 701 1328 πρόσω
717 1292 812 1326 φορᾶς.
838 1290 906 1317 οὐδὲ

116 1343 170 1377 γὰρ
183 1342 294 1377 εὑρήσει
308 1339 472 1375 ζητουμένου
489 1339 575 1374 πέρας
592 1338 677 1368 οὐδὲν,
689 1334 720 1363 οὗ
737 1336 906 1372 δραξάμενον

118 1387 245 1421 στήσεταί
262 1394 327 1412 ποτε
340 1385 390 1420 τῆς
412 1385 555 1420 κινήσεως.
570 1384 601 1410 Εἰ
613 1383 641 1410 δὲ
658 1384 726 1419 πρὸς
740 1383 770 1410 τὸ
786 1384 906 1410 ἐναντίον

116 1433 165 1469 τὴν
183 1432 268 1468 ῥοπὴν
297 1431 384 1466 σχοίη,
400 1430 517 1457 ἐπειδὰν
537 1429 650 1465 διανύσῃ
671 1430 720 1464 τῆς
739 1430 838 1461 κακίας
861 1429 906 1456 τὸν

1246 621 1359 649 CAPUT
1379 621 1450 648 XXI.

956 677 1179 705 Resurreclionem
1195 686 1227 705 ea:
1251 679 1360 705 mortuis
1387 687 1437 704 non
1453 682 1507 704 tam
1527 682 1631 712 propter
1647 679 1745 711 prmit-

990 714 1101 740 ctionem
1117 713 1277 740 Litterarum
1297 721 1450 740 sacrarum.
1467 721 1546 747 quam
1567 714 1745 740 necessarium.

991 756 1079 774 rerum
1094 749 1212 775 ordinem
1228 749 1333 774 omnino
1344 748 1546 781 exspectandum
1561 756 1626 774 esse.

990 793 1229 821 Verumenimvero
1257 802 1311 821 non
1335 798 1441 820 tantum
1457 794 1520 820 mali
1545 794 1629 821 robur
1642 798 1695 826 cst,
1713 798 1745 821 ut

955 838 1007 865 vim
1020 839 1083 866 boni
1110 840 1196 873 possit
1214 847 1390 874 exsuperare,
1414 847 1503 874 neque
1525 843 1628 866 natura:
1641 839 1745 873 impru-

954 883 1055 915 dentia.
1073 884 1118 911 Dei
1130 888 1172 912 est
1185 885 1318 918 sapientia
1331 884 1372 911 vel
1390 884 1490 919 potior,
1505 885 1546 910 vel
1560 884 1742 912 constantior.

955 930 1026 957 Fieri
1050 930 1122 956 enim
1143 938 1197 957 non
1215 935 1315 965 potest.
1345 934 1374 957 ut
1400 929 1473 965 quod
1499 930 1605 957 vicibus
1629 930 1744 957 alternis

954 979 1149 1005 commutatur.
1169 976 1215 1002 illo
1245 975 1349 1002 lirmius
1386 982 1418 1001 ac
1445 975 1596 1002 durabilius
1617 975 1743 1006 exsistat,

955 1020 1027 1054 quod
1044 1028 1152 1054 semper
1175 1020 1271 1048 eodem
1297 1020 1379 1047 modo
1405 1019 1544 1052 aﬁ‘ectum,
1569 1020 1652 1054 inque
1673 1021 1744 1048 bono

956 1066 1038 1092 tixum
1054 1072 1086 1092 ac
1099 1065 1195 1092 stabile
1207 1070 1259 1097 est,
1276 1073 1337 1092 nam
1348 1065 1396 1092 Dei
1414 1066 1558 1092 consilium
1577 1066 1604 1093 in
1617 1067 1744 1094 omnibus

956 1111 1038 1138 rebus
1070 1115 1200 1145 perpetuo
1235 1111 1481 1138 inmutabilitatem
1508 1118 1584 1138 suam
1609 1112 1708 1139 retinet
1735 1121 1742 1140 :

956 1161 1049 1183 nostra
1064 1164 1127 1183 vero
1137 1160 1232 1182 natura
1242 1156 1438 1183 mutationibus
1448 1156 1575 1189 obnoxia,
1588 1165 1621 1184 ne
1632 1157 1659 1184 in
1674 1157 1745 1184 tnalo

956 1202 1067 1237 quidem
1095 1205 1253 1230 constanter
1285 1202 1416 1236 persistit.
1448 1202 1526 1235 Quod
1541 1203 1613 1230 enim
1637 1211 1745 1238 semper

957 1253 1091 1281 movetur,
1106 1249 1129 1275 si
1142 1248 1251 1283 quidem
1264 1248 1298 1274 ad
1317 1248 1419 1275 bonum
1433 1249 1616 1283 progreditur,
1634 1254 1745 1284 propter

957 1295 1044 1330 ipsius
1057 1295 1106 1327 rei,
1122 1302 1204 1329 quam
1221 1294 1304 1321 veluti
1319 1302 1465 1329 peragrare
1477 1299 1601 1326 conatur,
1625 1296 1745 1323 inﬁnita-

957 1347 1022 1373 tem.
1040 1349 1178 1376 nunquam
1210 1341 1325 1368 ulterius
1340 1341 1505 1368 contendere
1524 1341 1634 1369 desinit.
1652 1341 1746 1377 Neque

957 1387 1029 1414 enim
1046 1387 1111 1414 boni
1130 1390 1229 1414 metam
1248 1386 1330 1413 ullam
1348 1386 1466 1413 inveniet
1485 1393 1492 1412 :
1507 1395 1588 1421 qualn
1617 1387 1662 1414 ubi
1678 1396 1744 1415 cott-

957 1434 1060 1468 tigerit.
1077 1441 1092 1460 a
1116 1436 1191 1460 motu
1208 1433 1253 1460 ﬁat
1271 1433 1385 1460 institio.
1406 1432 1453 1459 Sin
1479 1433 1614 1460 diversam
1635 1435 1661 1461 in
1682 1442 1745 1469 par-

115 1479 230 1514 δρόμον,
259 1477 306 1503 καὶ
334 1477 380 1502 ἐπὶ
404 1477 434 1502 τὸ
461 1476 610 1511 ἀκρότατον
628 1476 675 1502 τοῦ
698 1475 784 1502 κακοῦ
805 1476 904 1511 μέτρον

958 1485 1009 1507 tem
1044 1479 1212 1507 deﬂectendo
1242 1483 1352 1514 perget,
1384 1479 1429 1506 ubi
1463 1487 1575 1508 cursum
1606 1480 1668 1507 tnali
1697 1480 1746 1508 ab-

117 1525 267 1559 ἀφίκηται·
282 1523 341 1550 τότε
366 1523 397 1549 τὸ
421 1523 468 1557 τῆς
488 1522 575 1557 ὁρμῆς
605 1522 757 1556 ἀεικίνητον
777 1521 904 1556 οὐδεμίαν

115 1571 149 1597 ἐκ
172 1569 279 1603 φύσεως
309 1568 403 1594 στάσιν
426 1567 563 1602 εὑρίσκον,
588 1567 698 1593 ἐπειδὰν
725 1567 860 1602 διαδρὰμῃ
875 1567 905 1593 τὸ

114 1617 145 1643 ὲν
161 1615 244 1650 κακίᾳ
256 1615 403 1649 διάστημα,
419 1614 478 1639 κατ’
495 1613 616 1647 ἀνάγκην
631 1613 677 1638 ἐπὶ
689 1612 719 1638 τὸ
731 1612 832 1646 ἀγαθὸν
847 1612 906 1647 τρέ-

117 1669 162 1687 πει
177 1661 226 1695 τὴν
248 1660 364 1694 κίνησιν.
396 1658 438 1693 Μὴ
453 1658 507 1693 γὰρ
532 1657 679 1693 προϊούσης
700 1657 799 1688 κακίας
813 1658 859 1683 ἐπὶ
875 1657 905 1682 τὸ

115 1707 251 1740 ἀόριστον,
281 1705 338 1732 ἀλλ’
362 1704 521 1738 ἀναγκαίοις
547 1703 646 1738 πέρασι
670 1703 903 1737 κατειλημμένης,

115 1752 293 1786 ἀκολούθωςὴ
304 1750 350 1777 τοῦ
359 1750 461 1784 ἀγαθοῦ
475 1750 584 1784 διαδοχὴ
597 1749 627 1775 τὸ
642 1749 727 1784 πέρας
740 1749 790 1783 τῆς
806 1749 905 1780 κακίας

117 1798 266 1833 ἐκδέχεται.
283 1798 338 1824 Καὶ
363 1796 445 1827 οὕτω,
463 1795 554 1826 καθὼς
573 1795 690 1830 εῐρηται,
705 1795 735 1821 τὸ
753 1795 905 1829 ἀεικίνητον

115 1843 195 1878 ἡμῶν
221 1843 271 1878 τῆς
297 1842 404 1876 φύσεως
434 1840 514 1867 πάλιν
545 1839 659 1865 ὕστατον
677 1839 722 1865 ἐπὶ
737 1840 785 1874 τὴν
802 1839 906 1874 ἀγαθὴν

115 1889 262 1924 ἀνατρέχει
278 1887 402 1922 πορείαν,
426 1887 459 1921 τῇ
473 1886 568 1920 μνήμῃ
584 1885 638 1911 τῶν
654 1885 905 1920 προδεδυστυχημέ-

115 1942 170 1960 νων
185 1933 253 1968 πρὸς
266 1933 296 1958 τὸ
314 1932 352 1966 μὴ
373 1931 453 1957 πάλιν
471 1930 603 1957 ὲναλῶναι
619 1932 676 1962 τοῖς
692 1931 758 1962 ἴσοις
772 1939 905 1965 σωφρονι-

115 1979 240 2013 ζόμενον.
253 1976 358 2003 Οὐκοῦν
367 1976 442 2003 ἔσται
454 1976 535 2003 πάλιν
545 1977 573 2003 ὲν
584 1975 676 2007 καλοῖς
690 1976 704 2002 ὁ
717 1976 816 2011 δρόμος
829 1977 904 2011 ἡμῖν,

114 2024 161 2050 διὰ
177 2023 207 2049 τὺ
226 2023 340 2058 πέρασιν
364 2022 524 2056 ἀναγκαίοις
546 2021 726 2057 περιωρίσθαι
741 2023 790 2057 τῆς
806 2023 906 2054 κακίας

114 2071 166 2106 τὴν
182 2069 273 2104 φύσιν.
290 2068 423 2104 Καθάπερ
442 2068 496 2103 γὰρ
510 2069 534 2094 οἱ
558 2068 638 2095 δεινοὶ
657 2068 691 2095 τὰ
709 2069 843 2104 μετέωρα,
859 2068 905 2096 τοῦ

117 2117 168 2152 μὲν
192 2115 281 2150 φωτὸς
309 2115 396 2142 πάντα
418 2114 527 2148 λέγουσι
549 2115 596 2140 τὸν
618 2114 719 2149 κόσμον
735 2112 805 2141 εἶναι
819 2114 905 2141 κατά-

956 1527 1076 1558 solverit.
1108 1531 1134 1554 et
1156 1527 1188 1553 ad
1217 1526 1276 1560 ejus
1307 1531 1457 1553 extremum
1484 1527 1656 1560 pervenerit,
1687 1530 1745 1554 tum

955 1572 1060 1599 scilicet
1087 1572 1203 1606 impetus
1227 1572 1284 1606 ipse
1320 1571 1440 1605 perpetui
1470 1575 1570 1602 motus.
1605 1579 1666 1598 eum
1696 1578 1746 1598 na-

955 1623 1017 1644 tura
1031 1625 1080 1645 sua
1098 1617 1202 1644 nullam
1217 1617 1366 1652 requietem
1381 1617 1515 1647 inveniat.
1533 1625 1664 1651 percurso
1680 1617 1744 1644 mali

956 1663 1045 1691 stadio
1056 1671 1168 1690 necesse
1183 1667 1226 1690 est
1241 1662 1273 1689 ad
1285 1663 1384 1689 bonum
1403 1662 1524 1689 vicissim
1545 1669 1605 1689 sese
1630 1671 1745 1690 conver-

956 1713 1004 1736 tat.
1024 1709 1123 1735 Malnm
1149 1709 1221 1736 enirn
1246 1716 1307 1735 cum
1334 1715 1505 1742 nequaquam
1532 1708 1568 1734 sit
1596 1709 1743 1740 inﬁnitum.

960 1755 1006 1782 sed
1018 1755 1101 1781 certis
1118 1753 1282 1788 quibusdam
1295 1753 1394 1780 ﬁnibus
1405 1753 1570 1787 descriptum
1590 1761 1596 1778 :
1613 1755 1744 1788 consequi

956 1808 1068 1828 necesse
1078 1804 1129 1832 est.
1142 1805 1172 1827 ut
1183 1800 1246 1826 mali
1256 1803 1408 1826 extremum
1418 1798 1482 1825 boni
1493 1799 1666 1826 successione
1677 1807 1742 1827 con—

957 1847 1086 1874 tinuetur.
1100 1847 1203 1880 Itaque,
1218 1849 1248 1872 ut
1259 1850 1301 1872 est
1319 1845 1480 1875 indicatum;
1496 1849 1624 1878 perpetua
1641 1849 1744 1872 natura:

957 1897 1060 1920 nostra:
1075 1892 1159 1918 motio
1173 1891 1281 1918 tandem
1304 1889 1451 1925 aliquando
1468 1890 1500 1916 ad
1521 1890 1571 1916 iter
1588 1890 1688 1917 bonum
1702 1898 1745 1918 re-

958 1942 1088 1970 vertetur,
1105 1937 1255 1972 castigante
1279 1944 1330 1963 nos
1350 1935 1483 1962 memoria
1511 1936 1631 1970 priorum
1643 1944 1743 1964 aerum-

957 1991 1064 2014 narum,
1079 1987 1109 2009 ut
1121 1983 1194 2010 omni
1208 1981 1299 2009 studio
1313 1989 1469 2013 caveamus.
1498 1989 1531 2008 ne
1562 1981 1590 2008 in
1620 1983 1744 2010 miserias

957 2029 1113 2057 consimiles
1143 2028 1307 2056 recidamus.
1336 2027 1514 2054 Versabimur
1537 2027 1620 2062 igitur
1647 2035 1744 2057 rursus

957 2075 1105 2110 aliquando
1130 2074 1194 2102 boni
1220 2074 1247 2100 in
1276 2073 1423 2104 curriculo,
1445 2073 1554 2107 quando
1566 2078 1672 2100 certum
1701 2080 1745 2102 est

959 2120 1021 2146 mali
1036 2124 1160 2147 naturam
1175 2119 1337 2146 necessariis
1354 2118 1517 2153 quihusdam
1546 2119 1669 2146 terminis
1682 2119 1745 2146 ﬁni-

115 2161 216 2193 πλεων,
234 2161 264 2188 τὸ
275 2161 304 2187 δὲ
321 2161 416 2192 σκότος
426 2162 459 2196 τῇ
477 2160 690 2195 ἀντιφράξει.τοῦ
708 2160 780 2187 κατὰ
796 2160 844 2196 τὴν
853 2161 903 2195 γῆν

958 2170 1013 2192 tam
1030 2173 1099 2193 esse.
1113 2164 1346 2197 Quemadmodum
1360 2165 1432 2190 enim
1449 2164 1573 2190 homines
1590 2171 1680 2191 rerum
1697 2173 1744 2192 su~

115 2207 242 2242 σώματος
261 2206 494 2240 ἀποσκιαζόμενον
520 2205 642 2239 γίνεσθαι
657 2205 735 2240 (ἀλλὰ
756 2205 835 2232 τοῦτο
855 2206 905 2240 μὲν

114 2254 187 2280 κατὰ
215 2254 245 2280 τὺ
272 2253 366 2288 σχῆμα
390 2252 438 2279 τοῦ
472 2252 658 2288 σφαιροειδοῦς
678 2253 813 2288 σώματος,
834 2252 905 2279 κατὰ

113 2298 202 2325 νώτου
217 2298 267 2332 τῆς
278 2297 393 2332 ἡλιακῆς
410 2298 517 2329 ἀκτῖνος
525 2297 673 2329 κωνοειδῶς
685 2297 902 2330 κατακλείεσοαι,

113 2346 162 2372 τὸν
176 2344 204 2371 δὲ
214 2344 289 2379 ἣλιον
301 2343 510 2370 πολλαπλασίονι
520 2343 558 2378 τῷ
573 2344 682 2379 μεγέθει
691 2344 741 2380 τὴν
754 2344 805 2379 γῆν
817 2345 903 2379 ὑπερ-

114 2389 260 2420 ϐάλλοντα,
286 2388 452 2423 πανταχόθεν
463 2389 549 2424 αὐτὴν
570 2391 629 2420 ταῖς
645 2390 749 2416 ἀκτῖσιν
766 2391 794 2416 ὲν
812 2390 904 2426 κύκλῳ

110 2429 380 2470 περιπτυσσόμενοι,
395 2435 540 2461 συνάπτειν
555 2435 626 2461 κατὰ
639 2435 669 2461 τὸ
686 2437 770 2471 πέρας
783 2436 831 2462 τοῦ
851 2436 897 2462 κώι

114 2489 164 2506 νου
183 2479 232 2510 τὰς
249 2479 295 2505 τοῦ
313 2479 401 2512 eum;
425 2478 572 2513 συμϐολὰς,
599 2479 669 2505 ὥστε
689 2479 748 2505 καθ’
764 2480 903 2511 ὑπόθεσιν,

113 2527 141 2552 εἰ
155 2524 259 2559 γένοιτό
275 2533 328 2551 τινι
341 2524 456 2559 δύναμις
482 2524 606 2559 διαϐῆναι
621 2524 651 2550 τὸ
669 2524 777 2560 μέτρον,
794 2525 832 2556 είς
842 2525 905 2551 ὅσον

114 2572 267 2598 ἐκτείνεται
282 2572 299 2606 ἡ
315 2571 388 2602 σκιὰ,
405 2571 514 2602 πάντως
540 2570 572 2597 ἂν
589 2571 619 2596 ὲν
637 2571 706 2604 φωτὶ
723 2571 846 2604 γενέσθαι
867 2571 905 2606 μὴ

113 2617 321 2651 διακοπτομένῳ
332 2616 383 2642 ὑπὸ
392 2616 439 2642 τοῦ
455 2616 578 2649 σκότους)
590 2625 595 2630 ·
609 2616 695 2648 οὕτως
707 2614 783 2651 οἶμαι
798 2616 853 2642 δεῖν
863 2618 909 2644 καὶ

114 2662 183 2696 περὶ
209 2661 288 2696 ἡμῶν
319 2661 493 2692 διανοεῖσθαι,
523 2661 564 2687 ὅτι
596 2661 776 2693 διεξελθόντες
793 2661 838 2687 τὸν
859 2662 909 2696 τῆς

115 2708 219 2739 κακίας
244 2707 316 2742 ὅρον,
339 2706 449 2733 ἐπειδὰν
476 2708 504 2734 ὲν
523 2707 562 2742 τῷ
587 2707 664 2743 ἄκρῳ
685 2707 828 2742 γενώμεθα
856 2707 905 2741 τῆς

154 2795 258 2822 "Psal.
286 2802 380 2826 cum,
403 2795 430 2821 6.

282 2840 417 2869 l’nnun.
441 2838 499 2868 Gn.
518 2837 572 2868 XL
581 2837 631 2867 ll'.

959 2218 1008 2245 pra
1021 2218 1071 2238 nos
1094 2210 1282 2245 apparentiutn
1305 2209 1383 2244 periti
1409 2209 1528 2242 tradunt,
1544 2210 1674 2237 mundum
1686 2213 1744 2238 uni-

959 2264 1066 2284 versum
1083 2257 1150 2284 lucis
1167 2257 1274 2290 plenum
1292 2256 1500 2288 esse;tenebras
1516 2263 1579 2283 vero
1595 2256 1653 2283 ﬁeri
1669 2256 1742 2284 allii--

959 2305 1034 2328 mant
1050 2309 1082 2328 ex
1096 2302 1191 2328 umbra
1203 2301 1302 2328 terreni
1318 2301 1442 2335 corporis
1458 2301 1624 2329 obverlentis
1636 2309 1665 2330 se
1679 2303 1742 2336 soli,

957 2353 1018 2373 cum
1035 2346 1144 2381 quidem
1157 2346 1191 2373 ab
1215 2346 1288 2374 illius
1308 2346 1414 2373 radiisa
1426 2350 1501 2381 tergo
1517 2347 1666 2374 secundum
1687 2348 1743 2375 for-

957 2399 1029 2418 mam
1047 2392 1155 2419 rotundi
1166 2393 1289 2427 corporis
1304 2392 1398 2419 umbra
1411 2392 1497 2419 instar
1511 2393 1571 2420 coni
1587 2393 1742 2421 claudatur.

958 2437 1004 2464 Sol
1019 2438 1102 2468 enim.
1115 2445 1176 2464 cum
1194 2437 1286 2464 multis
1301 2437 1423 2472 partibus
1441 2443 1511 2464 terra
1529 2440 1614 2473 major
1628 2440 1664 2466 sit
1689 2448 1741 2467 un-

957 2485 1038 2518 dique
1055 2484 1139 2511 radiis
1155 2491 1214 2510 eam
1230 2484 1287 2510 suis
1300 2483 1450 2517 amplexus,
1468 2484 1494 2510 in
1524 2489 1646 2511 extremo
1671 2493 1743 2512 cono

955 2531 1043 2557 lucem
1066 2535 1207 2557 coeunlem
1233 2537 1328 2556 rursus
1345 2530 1422 2564 quasi
1440 2531 1587 2557 connectit.
1611 2533 1702 2566 Itaque
1717 2532 1741 2560 si

958 2575 1015 2602 ﬁeri
1039 2579 1130 2610 posset
1146 2574 1237 2609 (posse
1261 2578 1362 2605 autem,
1387 2575 1503 2601 docendi
1524 2582 1607 2602 causa
1624 2576 1739 2608 scilicet,

957 2620 1118 2655 statuamus)
1137 2624 1166 2646 ut
1180 2620 1242 2654 quis
1257 2619 1378 2646 umbram
1397 2619 1550 2646 universam
1573 2625 1739 2654 penetraret,

956 2665 979 2692 is
996 2665 1104 2692 tandem
1123 2665 1150 2692 in
1168 2665 1255 2692 lucem
1272 2665 1434 2699 perveniret.
1451 2673 1537 2699 neque
1554 2666 1606 2691 ulla
1622 2674 1683 2692 cum
1705 2674 1740 2693 ex

957 2712 1031 2743 parte
1049 2709 1165 2736 tenebrae
1181 2709 1379 2743 contingerent.
1408 2707 1452 2735 Sic
1470 2712 1496 2736 et
1510 2709 1544 2736 de
1559 2709 1637 2735 nobis
1662 2708 1740 2742 cogi-

1562 2839 1581 2868 7
