  <div class='ocr_page' id='page_1' title='image "/cluster/home/n/w/nwhite01/storage/ocr_20150623/44/njp.32101009003169/108.png"; bbox 0 0 1977 3071; ppageno 0'>
   <div class='ocr_carea' id='block_1_1' title="bbox 113 127 164 154">
    <p class='ocr_par' dir='ltr' id='par_1_1' title="bbox 113 127 164 154">
     <span class='ocr_line' id='line_1_1' title="bbox 113 127 164 154; baseline 0 0"><span class='ocrx_word' id='word_1_1' title='bbox 113 127 164 154; x_wconf 73' lang='lat'><strong>205</strong></span> 
     </span>
    </p>
   </div>
   <div class='ocr_carea' id='block_1_2' title="bbox 753 123 1108 154">
    <p class='ocr_par' dir='ltr' id='par_1_2' title="bbox 753 123 1108 154">
     <span class='ocr_line' id='line_1_2' title="bbox 753 123 1108 154; baseline -0.008 0"><span class='ocrx_word' id='word_1_2' title='bbox 753 127 774 154; x_wconf 79' lang='grc' dir='ltr'><strong>Ε</strong></span> <span class='ocrx_word' id='word_1_3' title='bbox 795 123 934 154; x_wconf 72' lang='lat' dir='ltr'><strong>llUMlNIS</strong></span> <span class='ocrx_word' id='word_1_4' title='bbox 953 124 1108 152; x_wconf 77' lang='lat' dir='ltr'><strong>OPIFICIO.</strong></span> 
     </span>
    </p>
   </div>
   <div class='ocr_carea' id='block_1_3' title="bbox 1679 122 1730 149">
    <p class='ocr_par' dir='ltr' id='par_1_3' title="bbox 1679 122 1730 149">
     <span class='ocr_line' id='line_1_3' title="bbox 1679 122 1730 149; baseline -0.059 0"><span class='ocrx_word' id='word_1_5' title='bbox 1679 123 1710 149; x_wconf 68' lang='grc' dir='ltr'><strong>ῑιῐ</strong></span> <span class='ocrx_word' id='word_1_6' title='bbox 1715 122 1730 147; x_wconf 81' lang='grc'>6</span> 
     </span>
    </p>
   </div>
   <div class='ocr_carea' id='block_1_4' title="bbox 114 181 904 222">
    <p class='ocr_par' dir='ltr' id='par_1_4' title="bbox 114 183 898 222">
     <span class='ocr_line' id='line_1_4' title="bbox 114 183 898 222; baseline -0.001 -9"><span class='ocrx_word' id='word_1_7' title='bbox 114 186 169 213; x_wconf 77' lang='grc' dir='ltr'>ῦὼν</span> <span class='ocrx_word' id='word_1_8' title='bbox 187 187 221 222; x_wconf 79' lang='grc' dir='ltr'>τῇ</span> <span class='ocrx_word' id='word_1_9' title='bbox 248 186 346 220; x_wconf 83' lang='grc' dir='ltr'><strong>γνώσει</strong></span> <span class='ocrx_word' id='word_1_10' title='bbox 359 186 422 213; x_wconf 81' lang='grc' dir='ltr'>ὅσον</span> <span class='ocrx_word' id='word_1_11' title='bbox 431 187 490 212; x_wconf 83' lang='grc' dir='ltr'>κατ’</span> <span class='ocrx_word' id='word_1_12' title='bbox 498 183 610 220; x_wconf 74' lang='grc' dir='ltr'>ἀριμθὺν</span> <span class='ocrx_word' id='word_1_13' title='bbox 619 183 647 210; x_wconf 82' lang='grc' dir='ltr'><strong>ἐν</strong></span> <span class='ocrx_word' id='word_1_14' title='bbox 655 185 710 216; x_wconf 84' lang='grc' dir='ltr'>τοῖς</span> <span class='ocrx_word' id='word_1_15' title='bbox 719 183 777 211; x_wconf 82' lang='grc' dir='ltr'>καθ’</span> <span class='ocrx_word' id='word_1_16' title='bbox 787 186 898 212; x_wconf 74' lang='grc' dir='ltr'>ἕκαστον</span> 
     </span>
    </p>
   </div>
   <div class='ocr_carea' id='block_1_5' title="bbox 958 181 1728 222">
    <p class='ocr_par' dir='ltr' id='par_1_5' title="bbox 958 181 1728 220">
     <span class='ocr_line' id='line_1_5' title="bbox 958 181 1728 220; baseline -0.003 -10"><span class='ocrx_word' id='word_1_17' title='bbox 958 183 1044 211; x_wconf 71' lang='lat' dir='ltr'><strong>zodem</strong></span> <span class='ocrx_word' id='word_1_18' title='bbox 1061 188 1200 211; x_wconf 86' lang='lat' dir='ltr'><strong>momento</strong></span> <span class='ocrx_word' id='word_1_19' title='bbox 1213 188 1310 212; x_wconf 83' lang='lat' dir='ltr'><strong>natura</strong></span> <span class='ocrx_word' id='word_1_20' title='bbox 1325 185 1430 220; x_wconf 85' lang='lat' dir='ltr'><strong>integra</strong></span> <span class='ocrx_word' id='word_1_21' title='bbox 1445 184 1600 212; x_wconf 80' lang='lat' dir='ltr'><strong>exsisteret.</strong></span> <span class='ocrx_word' id='word_1_22' title='bbox 1619 181 1728 217; x_wconf 86' lang='lat' dir='ltr'><strong>Prospi-</strong></span> 
     </span>
    </p>
   </div>
   <div class='ocr_carea' id='block_1_6' title="bbox 113 230 897 266">
    <p class='ocr_par' dir='ltr' id='par_1_6' title="bbox 113 230 897 266">
     <span class='ocr_line' id='line_1_6' title="bbox 113 230 897 266; baseline -0.003 -8"><span class='ocrx_word' id='word_1_23' title='bbox 113 233 189 258; x_wconf 75' lang='grc' dir='ltr'>ἔσται</span> <span class='ocrx_word' id='word_1_24' title='bbox 218 231 248 257; x_wconf 82' lang='grc' dir='ltr'>τὸ</span> <span class='ocrx_word' id='word_1_25' title='bbox 273 231 450 265; x_wconf 85' lang='grc' dir='ltr'>ἀνθρώπινον.</span> <span class='ocrx_word' id='word_1_26' title='bbox 473 231 549 258; x_wconf 75' lang='grc' dir='ltr'><strong>Ἐπεὶ</strong></span> <span class='ocrx_word' id='word_1_27' title='bbox 574 232 603 258; x_wconf 82' lang='grc' dir='ltr'><strong>δέ</strong></span> <span class='ocrx_word' id='word_1_28' title='bbox 628 231 788 266; x_wconf 79' lang='grc' dir='ltr'><strong>κατενόησεν</strong></span> <span class='ocrx_word' id='word_1_29' title='bbox 808 233 837 258; x_wconf 80' lang='grc' dir='ltr'><strong>ἐν</strong></span> <span class='ocrx_word' id='word_1_30' title='bbox 859 230 897 266; x_wconf 83' lang='grc' dir='ltr'><strong>τῷ</strong></span> 
     </span>
    </p>
   </div>
   <div class='ocr_carea' id='block_1_7' title="bbox 113 276 898 312">
    <p class='ocr_par' dir='ltr' id='par_1_7' title="bbox 113 276 898 312">
     <span class='ocr_line' id='line_1_7' title="bbox 113 276 898 312; baseline -0.001 -9"><span class='ocrx_word' id='word_1_31' title='bbox 113 277 253 311; x_wconf 70' lang='grc' dir='ltr'>πλάσματι</span> <span class='ocrx_word' id='word_1_32' title='bbox 275 277 290 311; x_wconf 80' lang='grc' dir='ltr'>ἡ</span> <span class='ocrx_word' id='word_1_33' title='bbox 296 276 353 311; x_wconf 84' lang='grc' dir='ltr'><strong>μῶν</strong></span> <span class='ocrx_word' id='word_1_34' title='bbox 369 276 418 311; x_wconf 86' lang='grc' dir='ltr'>τὴν</span> <span class='ocrx_word' id='word_1_35' title='bbox 435 277 502 312; x_wconf 75' lang='grc' dir='ltr'>πρὸς</span> <span class='ocrx_word' id='word_1_36' title='bbox 517 279 546 303; x_wconf 83' lang='grc' dir='ltr'><strong>τὺ</strong></span> <span class='ocrx_word' id='word_1_37' title='bbox 571 278 660 312; x_wconf 84' lang='grc' dir='ltr'>χεῖρον</span> <span class='ocrx_word' id='word_1_38' title='bbox 679 277 765 312; x_wconf 80' lang='grc' dir='ltr'>ῥοπὴν</span> <span class='ocrx_word' id='word_1_39' title='bbox 776 297 783 309; x_wconf 85' lang='grc'><strong>,</strong></span> <span class='ocrx_word' id='word_1_40' title='bbox 799 277 846 304; x_wconf 75' lang='grc' dir='ltr'>καὶ</span> <span class='ocrx_word' id='word_1_41' title='bbox 857 277 898 303; x_wconf 81' lang='grc' dir='ltr'>ὅτι</span> 
     </span>
    </p>
   </div>
   <div class='ocr_carea' id='block_1_8' title="bbox 112 322 898 358">
    <p class='ocr_par' dir='ltr' id='par_1_8' title="bbox 112 322 898 358">
     <span class='ocr_line' id='line_1_8' title="bbox 112 322 898 358; baseline 0.001 -10"><span class='ocrx_word' id='word_1_42' title='bbox 112 323 161 357; x_wconf 81' lang='grc' dir='ltr'>τῆς</span> <span class='ocrx_word' id='word_1_43' title='bbox 183 322 250 356; x_wconf 68' lang='grc' dir='ltr'>πρὸς</span> <span class='ocrx_word' id='word_1_44' title='bbox 266 323 328 352; x_wconf 77' lang='grc' dir='ltr'>τοὺς</span> <span class='ocrx_word' id='word_1_45' title='bbox 344 322 478 356; x_wconf 75' lang='grc' dir='ltr'><strong>ἀγγέλους</strong></span> <span class='ocrx_word' id='word_1_46' title='bbox 496 323 640 358; x_wconf 82' lang='grc' dir='ltr'>ὁμοτιμίας</span> <span class='ocrx_word' id='word_1_47' title='bbox 664 322 794 354; x_wconf 75' lang='grc' dir='ltr'><strong>ἑκουσίως</strong></span> <span class='ocrx_word' id='word_1_48' title='bbox 810 323 898 358; x_wconf 82' lang='grc' dir='ltr'>ἁποῤ-</span> 
     </span>
    </p>
   </div>
   <div class='ocr_carea' id='block_1_9' title="bbox 114 366 898 402">
    <p class='ocr_par' dir='ltr' id='par_1_9' title="bbox 114 366 898 402">
     <span class='ocr_line' id='line_1_9' title="bbox 114 366 898 402; baseline -0.001 -9"><span class='ocrx_word' id='word_1_49' title='bbox 114 367 187 402; x_wconf 78' lang='grc' dir='ltr'>ρυὲν,</span> <span class='ocrx_word' id='word_1_50' title='bbox 205 366 253 402; x_wconf 83' lang='grc' dir='ltr'><strong>τὴν</strong></span> <span class='ocrx_word' id='word_1_51' title='bbox 269 366 336 402; x_wconf 82' lang='grc' dir='ltr'>πρὸς</span> <span class='ocrx_word' id='word_1_52' title='bbox 350 366 381 392; x_wconf 81' lang='grc' dir='ltr'><strong>τὺ</strong></span> <span class='ocrx_word' id='word_1_53' title='bbox 398 367 524 393; x_wconf 80' lang='grc' dir='ltr'>ταπεινὸν</span> <span class='ocrx_word' id='word_1_54' title='bbox 536 367 677 394; x_wconf 70' lang='grc' dir='ltr'>κοινωνίαν</span> <span class='ocrx_word' id='word_1_55' title='bbox 691 367 898 402; x_wconf 77' lang='grc' dir='ltr'>προσοικειώσε-</span> 
     </span>
    </p>
   </div>
   <div class='ocr_carea' id='block_1_10' title="bbox 113 412 898 448">
    <p class='ocr_par' dir='ltr' id='par_1_10' title="bbox 113 412 898 448">
     <span class='ocr_line' id='line_1_10' title="bbox 113 412 898 448; baseline 0 -10"><span class='ocrx_word' id='word_1_56' title='bbox 113 421 171 439; x_wconf 86' lang='grc' dir='ltr'>ται·</span> <span class='ocrx_word' id='word_1_57' title='bbox 185 412 230 439; x_wconf 80' lang='grc' dir='ltr'><strong>διὰ</strong></span> <span class='ocrx_word' id='word_1_58' title='bbox 252 412 336 438; x_wconf 76' lang='grc' dir='ltr'>ταῦτα</span> <span class='ocrx_word' id='word_1_59' title='bbox 351 412 479 447; x_wconf 67' lang='grc' dir='ltr'>κατέμιξε</span> <span class='ocrx_word' id='word_1_60' title='bbox 498 421 524 438; x_wconf 84' lang='grc' dir='ltr'><strong>τι</strong></span> <span class='ocrx_word' id='word_1_61' title='bbox 541 412 588 439; x_wconf 71' lang='grc' dir='ltr'>καὶ</span> <span class='ocrx_word' id='word_1_62' title='bbox 607 412 653 439; x_wconf 80' lang='grc' dir='ltr'>τοῦ</span> <span class='ocrx_word' id='word_1_63' title='bbox 677 412 774 446; x_wconf 85' lang='grc' dir='ltr'><strong>ἀλόγου</strong></span> <span class='ocrx_word' id='word_1_64' title='bbox 789 413 821 447; x_wconf 80' lang='grc' dir='ltr'>τῇ</span> <span class='ocrx_word' id='word_1_65' title='bbox 846 412 898 448; x_wconf 80' lang='grc' dir='ltr'>ἰδίᾳ</span> 
     </span>
    </p>
   </div>
   <div class='ocr_carea' id='block_1_11' title="bbox 112 456 899 492">
    <p class='ocr_par' dir='ltr' id='par_1_11' title="bbox 112 456 899 492">
     <span class='ocr_line' id='line_1_11' title="bbox 112 456 899 492; baseline -0.001 -8"><span class='ocrx_word' id='word_1_66' title='bbox 112 457 206 484; x_wconf 74' lang='grc' dir='ltr'>εἰκόνι.</span> <span class='ocrx_word' id='word_1_67' title='bbox 219 457 256 484; x_wconf 82' lang='grc' dir='ltr'><strong>Οὐ</strong></span> <span class='ocrx_word' id='word_1_68' title='bbox 271 456 325 492; x_wconf 74' lang='grc' dir='ltr'>γάρ</span> <span class='ocrx_word' id='word_1_69' title='bbox 336 458 408 483; x_wconf 78' lang='grc' dir='ltr'>ἐστιν</span> <span class='ocrx_word' id='word_1_70' title='bbox 420 458 448 483; x_wconf 79' lang='grc' dir='ltr'>ὲν</span> <span class='ocrx_word' id='word_1_71' title='bbox 461 458 493 492; x_wconf 85' lang='grc' dir='ltr'><strong>τῇ</strong></span> <span class='ocrx_word' id='word_1_72' title='bbox 508 457 568 492; x_wconf 68' lang='grc' dir='ltr'>θείᾳ</span> <span class='ocrx_word' id='word_1_73' title='bbox 579 466 609 482; x_wconf 85' lang='grc' dir='ltr'><strong>τε</strong></span> <span class='ocrx_word' id='word_1_74' title='bbox 621 457 667 483; x_wconf 76' lang='grc' dir='ltr'><strong>καὶ</strong></span> <span class='ocrx_word' id='word_1_75' title='bbox 681 456 804 491; x_wconf 63' lang='grc' dir='ltr'><strong>μακαρίᾳ⁸</strong></span> <span class='ocrx_word' id='word_1_76' title='bbox 820 456 899 491; x_wconf 83' lang='grc' dir='ltr'>φύσει</span> 
     </span>
    </p>
   </div>
   <div class='ocr_carea' id='block_1_12' title="bbox 113 501 898 537">
    <p class='ocr_par' dir='ltr' id='par_1_12' title="bbox 113 501 898 537">
     <span class='ocr_line' id='line_1_12' title="bbox 113 501 898 537; baseline 0 -9"><span class='ocrx_word' id='word_1_77' title='bbox 113 503 130 537; x_wconf 82' lang='grc' dir='ltr'>ὴ</span> <span class='ocrx_word' id='word_1_78' title='bbox 145 502 216 529; x_wconf 79' lang='grc' dir='ltr'>κατὰ</span> <span class='ocrx_word' id='word_1_79' title='bbox 228 503 258 528; x_wconf 78' lang='grc' dir='ltr'>τὸ</span> <span class='ocrx_word' id='word_1_80' title='bbox 270 502 352 537; x_wconf 75' lang='grc' dir='ltr'>ἄρρεν</span> <span class='ocrx_word' id='word_1_81' title='bbox 368 502 413 528; x_wconf 76' lang='grc' dir='ltr'>καὶ</span> <span class='ocrx_word' id='word_1_82' title='bbox 428 501 495 536; x_wconf 85' lang='grc' dir='ltr'>θῆλυ</span> <span class='ocrx_word' id='word_1_83' title='bbox 511 501 628 537; x_wconf 76' lang='grc' dir='ltr'>διαφορά</span> <span class='ocrx_word' id='word_1_84' title='bbox 639 510 645 516; x_wconf 90' lang='grc'>·</span> <span class='ocrx_word' id='word_1_85' title='bbox 659 501 726 528; x_wconf 76' lang='grc' dir='ltr'>ἀλλὰ</span> <span class='ocrx_word' id='word_1_86' title='bbox 737 502 788 536; x_wconf 80' lang='grc' dir='ltr'>τῆς</span> <span class='ocrx_word' id='word_1_87' title='bbox 801 501 898 535; x_wconf 85' lang='grc' dir='ltr'><strong>ἀλόγου</strong></span> 
     </span>
    </p>
   </div>
   <div class='ocr_carea' id='block_1_13' title="bbox 113 547 898 583">
    <p class='ocr_par' dir='ltr' id='par_1_13' title="bbox 113 547 898 583">
     <span class='ocr_line' id='line_1_13' title="bbox 113 547 898 583; baseline 0 -9"><span class='ocrx_word' id='word_1_88' title='bbox 113 548 284 582; x_wconf 76' lang='grc' dir='ltr'>κατασκευῆς</span> <span class='ocrx_word' id='word_1_89' title='bbox 300 549 344 574; x_wconf 74' lang='grc' dir='ltr'>ἐπὶ</span> <span class='ocrx_word' id='word_1_90' title='bbox 358 547 402 574; x_wconf 77' lang='grc' dir='ltr'><strong>τὸν</strong></span> <span class='ocrx_word' id='word_1_91' title='bbox 414 547 554 583; x_wconf 70' lang='grc' dir='ltr'>ἄνθρωποι.</span> <span class='ocrx_word' id='word_1_92' title='bbox 567 547 736 583; x_wconf 82' lang='grc' dir='ltr'>μετενεγκὼν</span> <span class='ocrx_word' id='word_1_93' title='bbox 748 547 779 573; x_wconf 81' lang='grc' dir='ltr'>τὸ</span> <span class='ocrx_word' id='word_1_94' title='bbox 792 547 898 582; x_wconf 81' lang='grc' dir='ltr'><strong>ἰδίωμα,</strong></span> 
     </span>
    </p>
   </div>
   <div class='ocr_carea' id='block_1_14' title="bbox 113 592 900 627">
    <p class='ocr_par' dir='ltr' id='par_1_14' title="bbox 113 592 900 627">
     <span class='ocr_line' id='line_1_14' title="bbox 113 592 900 627; baseline -0.003 -7"><span class='ocrx_word' id='word_1_95' title='bbox 113 594 145 620; x_wconf 78' lang='grc' dir='ltr'>οὐ</span> <span class='ocrx_word' id='word_1_96' title='bbox 165 593 234 620; x_wconf 74' lang='grc' dir='ltr'>κατὰ</span> <span class='ocrx_word' id='word_1_97' title='bbox 250 593 279 619; x_wconf 83' lang='grc' dir='ltr'>τὸ</span> <span class='ocrx_word' id='word_1_98' title='bbox 294 593 394 627; x_wconf 63' lang='grc' dir='ltr'>ὑψηλὸν</span> <span class='ocrx_word' id='word_1_99' title='bbox 416 593 466 627; x_wconf 83' lang='grc' dir='ltr'>τῆς</span> <span class='ocrx_word' id='word_1_100' title='bbox 488 593 602 624; x_wconf 81' lang='grc' dir='ltr'>κτίσεως</span> <span class='ocrx_word' id='word_1_101' title='bbox 617 592 696 627; x_wconf 77' lang='grc' dir='ltr'>ἡμῶν</span> <span class='ocrx_word' id='word_1_102' title='bbox 721 593 766 619; x_wconf 82' lang='grc' dir='ltr'>τὸν</span> <span class='ocrx_word' id='word_1_103' title='bbox 787 592 900 618; x_wconf 82' lang='grc' dir='ltr'>πλεονα-</span> 
     </span>
    </p>
   </div>
   <div class='ocr_carea' id='block_1_15' title="bbox 116 637 901 675">
    <p class='ocr_par' dir='ltr' id='par_1_15' title="bbox 116 637 901 675">
     <span class='ocr_line' id='line_1_15' title="bbox 116 637 901 675; baseline -0.003 -10"><span class='ocrx_word' id='word_1_104' title='bbox 116 639 184 675; x_wconf 84' lang='grc' dir='ltr'>σμὸν</span> <span class='ocrx_word' id='word_1_105' title='bbox 197 638 235 674; x_wconf 84' lang='grc' dir='ltr'>τῷ</span> <span class='ocrx_word' id='word_1_106' title='bbox 247 638 319 672; x_wconf 81' lang='grc' dir='ltr'><strong>γένει</strong></span> <span class='ocrx_word' id='word_1_107' title='bbox 334 638 484 674; x_wconf 74' lang='grc' dir='ltr'>χαρίζεται.</span> <span class='ocrx_word' id='word_1_108' title='bbox 502 639 539 664; x_wconf 80' lang='grc' dir='ltr'><strong>Οὺ</strong></span> <span class='ocrx_word' id='word_1_109' title='bbox 558 638 613 674; x_wconf 84' lang='grc' dir='ltr'>γὰρ</span> <span class='ocrx_word' id='word_1_110' title='bbox 633 638 676 664; x_wconf 75' lang='grc' dir='ltr'>ὅτε</span> <span class='ocrx_word' id='word_1_111' title='bbox 693 638 722 664; x_wconf 82' lang='grc' dir='ltr'>τὸ</span> <span class='ocrx_word' id='word_1_112' title='bbox 736 638 793 664; x_wconf 80' lang='grc' dir='ltr'>κατ’</span> <span class='ocrx_word' id='word_1_113' title='bbox 809 637 901 664; x_wconf 74' lang='grc' dir='ltr'>εἰκόνα</span> 
     </span>
    </p>
   </div>
   <div class='ocr_carea' id='block_1_16' title="bbox 114 682 900 719">
    <p class='ocr_par' dir='ltr' id='par_1_16' title="bbox 114 682 900 719">
     <span class='ocr_line' id='line_1_16' title="bbox 114 682 900 719; baseline -0.003 -9"><span class='ocrx_word' id='word_1_114' title='bbox 114 684 223 719; x_wconf 82' lang='grc' dir='ltr'>ἐποίησε</span> <span class='ocrx_word' id='word_1_115' title='bbox 235 705 242 716; x_wconf 92' lang='grc'><strong>,</strong></span> <span class='ocrx_word' id='word_1_116' title='bbox 258 684 317 710; x_wconf 76' lang='grc' dir='ltr'>τότε</span> <span class='ocrx_word' id='word_1_117' title='bbox 334 683 381 719; x_wconf 82' lang='grc' dir='ltr'>τὴν</span> <span class='ocrx_word' id='word_1_118' title='bbox 398 683 444 709; x_wconf 77' lang='grc' dir='ltr'>τοῦ</span> <span class='ocrx_word' id='word_1_119' title='bbox 461 683 622 717; x_wconf 75' lang='grc' dir='ltr'>αὐξάνεσθαι</span> <span class='ocrx_word' id='word_1_120' title='bbox 646 683 693 710; x_wconf 76' lang='grc' dir='ltr'>καὶ</span> <span class='ocrx_word' id='word_1_121' title='bbox 718 682 900 718; x_wconf 80' lang='grc' dir='ltr'>πληθύνεσθαι</span> 
     </span>
    </p>
   </div>
   <div class='ocr_carea' id='block_1_17' title="bbox 113 729 901 765">
    <p class='ocr_par' dir='ltr' id='par_1_17' title="bbox 113 729 901 765">
     <span class='ocr_line' id='line_1_17' title="bbox 113 729 901 765; baseline -0.004 -8"><span class='ocrx_word' id='word_1_122' title='bbox 113 731 225 765; x_wconf 83' lang='grc' dir='ltr'>δύναμιν</span> <span class='ocrx_word' id='word_1_123' title='bbox 240 730 279 765; x_wconf 85' lang='grc' dir='ltr'>τῷ</span> <span class='ocrx_word' id='word_1_124' title='bbox 295 729 430 765; x_wconf 82' lang='grc' dir='ltr'>ἀνθρώπῳ</span> <span class='ocrx_word' id='word_1_125' title='bbox 443 729 612 764; x_wconf 81' lang='grc' dir='ltr'>προσέθηκεν</span> <span class='ocrx_word' id='word_1_126' title='bbox 623 749 630 760; x_wconf 87' lang='grc'><strong>,</strong></span> <span class='ocrx_word' id='word_1_127' title='bbox 646 729 703 756; x_wconf 80' lang='grc' dir='ltr'>ἀλλ’</span> <span class='ocrx_word' id='word_1_128' title='bbox 723 729 766 755; x_wconf 71' lang='grc' dir='ltr'>ὅτε</span> <span class='ocrx_word' id='word_1_129' title='bbox 783 729 901 762; x_wconf 80' lang='grc' dir='ltr'>διέκρινε</span> 
     </span>
    </p>
   </div>
   <div class='ocr_carea' id='block_1_18' title="bbox 114 774 901 812">
    <p class='ocr_par' dir='ltr' id='par_1_18' title="bbox 114 774 901 812">
     <span class='ocr_line' id='line_1_18' title="bbox 114 774 901 812; baseline -0.005 -9"><span class='ocrx_word' id='word_1_130' title='bbox 114 778 146 812; x_wconf 76' lang='grc' dir='ltr'>τῇ</span> <span class='ocrx_word' id='word_1_131' title='bbox 155 776 225 803; x_wconf 73' lang='grc' dir='ltr'>κατὰ</span> <span class='ocrx_word' id='word_1_132' title='bbox 238 776 268 802; x_wconf 85' lang='grc' dir='ltr'>τὸ</span> <span class='ocrx_word' id='word_1_133' title='bbox 279 775 363 811; x_wconf 75' lang='grc' dir='ltr'>ᾱρρεν</span> <span class='ocrx_word' id='word_1_134' title='bbox 374 775 420 801; x_wconf 78' lang='grc' dir='ltr'>καὶ</span> <span class='ocrx_word' id='word_1_135' title='bbox 432 775 497 810; x_wconf 88' lang='grc' dir='ltr'>θῆλυ</span> <span class='ocrx_word' id='word_1_136' title='bbox 510 775 635 810; x_wconf 74' lang='grc' dir='ltr'>διαφορᾷ,</span> <span class='ocrx_word' id='word_1_137' title='bbox 645 774 705 800; x_wconf 81' lang='grc' dir='ltr'>τότε</span> <span class='ocrx_word' id='word_1_138' title='bbox 715 774 805 809; x_wconf 68' lang='grc' dir='ltr'>φησίν*</span> <span class='ocrx_word' id='word_1_139' title='bbox 824 783 833 799; x_wconf 83' lang='grc' dir='ltr'><strong>ι</strong></span> <span class='ocrx_word' id='word_1_140' title='bbox 847 774 901 800; x_wconf 82' lang='grc' dir='ltr'><strong>Αὐ-</strong></span> 
     </span>
    </p>
   </div>
   <div class='ocr_carea' id='block_1_19' title="bbox 115 819 898 855">
    <p class='ocr_par' dir='ltr' id='par_1_19' title="bbox 115 819 898 855">
     <span class='ocr_line' id='line_1_19' title="bbox 115 819 898 855; baseline -0.003 -7"><span class='ocrx_word' id='word_1_141' title='bbox 115 821 225 854; x_wconf 78' lang='grc' dir='ltr'>ξάνεσθε</span> <span class='ocrx_word' id='word_1_142' title='bbox 241 821 287 848; x_wconf 75' lang='grc' dir='ltr'>καὶ</span> <span class='ocrx_word' id='word_1_143' title='bbox 303 820 469 855; x_wconf 72' lang='grc' dir='ltr'>πληθύνεσθε</span> <span class='ocrx_word' id='word_1_144' title='bbox 479 839 487 851; x_wconf 87' lang='lat'><strong>,</strong></span> <span class='ocrx_word' id='word_1_145' title='bbox 504 821 551 846; x_wconf 83' lang='grc' dir='ltr'>καὶ</span> <span class='ocrx_word' id='word_1_146' title='bbox 567 820 728 855; x_wconf 85' lang='grc' dir='ltr'>πληρώσατε</span> <span class='ocrx_word' id='word_1_147' title='bbox 743 820 793 855; x_wconf 84' lang='grc' dir='ltr'>τὴν</span> <span class='ocrx_word' id='word_1_148' title='bbox 807 819 870 854; x_wconf 83' lang='grc' dir='ltr'>γῆν.</span> <span class='ocrx_word' id='word_1_149' title='bbox 888 829 898 846; x_wconf 70' lang='grc' dir='ltr'><strong>ι</strong></span> 
     </span>
    </p>
   </div>
   <div class='ocr_carea' id='block_1_20' title="bbox 114 863 900 900">
    <p class='ocr_par' dir='ltr' id='par_1_20' title="bbox 114 863 900 900">
     <span class='ocr_line' id='line_1_20' title="bbox 114 863 900 900; baseline -0.001 -8"><span class='ocrx_word' id='word_1_150' title='bbox 114 866 150 892; x_wconf 80' lang='grc' dir='ltr'><strong>Τὸ</strong></span> <span class='ocrx_word' id='word_1_151' title='bbox 164 866 218 900; x_wconf 72' lang='grc' dir='ltr'><strong>γὰρ</strong></span> <span class='ocrx_word' id='word_1_152' title='bbox 229 865 348 892; x_wconf 79' lang='grc' dir='ltr'>τοιοῦτον</span> <span class='ocrx_word' id='word_1_153' title='bbox 365 865 395 891; x_wconf 84' lang='grc' dir='ltr'>οὐ</span> <span class='ocrx_word' id='word_1_154' title='bbox 414 865 462 898; x_wconf 81' lang='grc' dir='ltr'>τῆς</span> <span class='ocrx_word' id='word_1_155' title='bbox 475 864 549 896; x_wconf 86' lang='grc' dir='ltr'>θείας</span> <span class='ocrx_word' id='word_1_156' title='bbox 562 863 669 898; x_wconf 81' lang='grc' dir='ltr'>φύσεως</span> <span class='ocrx_word' id='word_1_157' title='bbox 685 864 758 896; x_wconf 72' lang='grc' dir='ltr'>ἴδιον,</span> <span class='ocrx_word' id='word_1_158' title='bbox 771 864 838 892; x_wconf 85' lang='grc' dir='ltr'>ἀλλὰ</span> <span class='ocrx_word' id='word_1_159' title='bbox 852 865 900 899; x_wconf 85' lang='grc' dir='ltr'>τῆς</span> 
     </span>
    </p>
   </div>
   <div class='ocr_carea' id='block_1_21' title="bbox 115 910 901 946">
    <p class='ocr_par' dir='ltr' id='par_1_21' title="bbox 115 910 901 946">
     <span class='ocr_line' id='line_1_21' title="bbox 115 910 901 946; baseline -0.001 -8"><span class='ocrx_word' id='word_1_160' title='bbox 115 912 212 945; x_wconf 84' lang='grc' dir='ltr'>ἀλόγου</span> <span class='ocrx_word' id='word_1_161' title='bbox 226 911 293 942; x_wconf 75' lang='grc' dir='ltr'>ἐστὶ,</span> <span class='ocrx_word' id='word_1_162' title='bbox 306 910 397 941; x_wconf 78' lang='grc' dir='ltr'>καθὼς</span> <span class='ocrx_word' id='word_1_163' title='bbox 419 911 436 944; x_wconf 79' lang='grc' dir='ltr'>ἡ</span> <span class='ocrx_word' id='word_1_164' title='bbox 456 910 560 945; x_wconf 78' lang='grc' dir='ltr'>ἱστορία</span> <span class='ocrx_word' id='word_1_165' title='bbox 574 910 812 945; x_wconf 81' lang='grc' dir='ltr'><strong>παρασημαίνεται</strong></span> <span class='ocrx_word' id='word_1_166' title='bbox 833 911 901 946; x_wconf 67' lang='grc' dir='ltr'><strong>πρόά</strong></span> 
     </span>
    </p>
   </div>
   <div class='ocr_carea' id='block_1_22' title="bbox 114 955 900 993">
    <p class='ocr_par' dir='ltr' id='par_1_22' title="bbox 114 955 900 993">
     <span class='ocr_line' id='line_1_22' title="bbox 114 955 900 993; baseline -0.003 -9"><span class='ocrx_word' id='word_1_167' title='bbox 114 966 192 993; x_wconf 82' lang='grc' dir='ltr'>τερον</span> <span class='ocrx_word' id='word_1_168' title='bbox 204 958 250 984; x_wconf 70' lang='grc' dir='ltr'><strong>ἐπὶ</strong></span> <span class='ocrx_word' id='word_1_169' title='bbox 261 957 316 984; x_wconf 87' lang='grc' dir='ltr'><strong>τῶν</strong></span> <span class='ocrx_word' id='word_1_170' title='bbox 332 956 435 989; x_wconf 78' lang='grc' dir='ltr'><strong>ἀλόγων</strong></span> <span class='ocrx_word' id='word_1_171' title='bbox 450 956 574 992; x_wconf 83' lang='grc' dir='ltr'>εἰρῆσθαι</span> <span class='ocrx_word' id='word_1_172' title='bbox 589 956 675 982; x_wconf 81' lang='grc' dir='ltr'>ταῦτα</span> <span class='ocrx_word' id='word_1_173' title='bbox 686 956 761 992; x_wconf 86' lang='grc' dir='ltr'>παρὰ.</span> <span class='ocrx_word' id='word_1_174' title='bbox 772 956 818 983; x_wconf 83' lang='grc' dir='ltr'>τοῦ</span> <span class='ocrx_word' id='word_1_175' title='bbox 833 955 900 982; x_wconf 86' lang='grc' dir='ltr'><strong>Θεοῦ</strong></span> 
     </span>
    </p>
   </div>
   <div class='ocr_carea' id='block_1_23' title="bbox 114 1001 901 1038">
    <p class='ocr_par' dir='ltr' id='par_1_23' title="bbox 114 1001 901 1038">
     <span class='ocr_line' id='line_1_23' title="bbox 114 1001 901 1038; baseline -0.001 -9"><span class='ocrx_word' id='word_1_176' title='bbox 114 1003 300 1038; x_wconf 79' lang='grc' dir='ltr'><strong>διηγησαμένη</strong></span> <span class='ocrx_word' id='word_1_177' title='bbox 311 1023 318 1034; x_wconf 87' lang='grc'><strong>,</strong></span> <span class='ocrx_word' id='word_1_178' title='bbox 334 1002 371 1034; x_wconf 82' lang='grc' dir='ltr'>ὡς</span> <span class='ocrx_word' id='word_1_179' title='bbox 389 1002 415 1028; x_wconf 79' lang='grc' dir='ltr'>ετ</span> <span class='ocrx_word' id='word_1_180' title='bbox 435 1010 467 1036; x_wconf 86' lang='grc' dir='ltr'><strong>γε</strong></span> <span class='ocrx_word' id='word_1_181' title='bbox 490 1001 542 1036; x_wconf 87' lang='grc' dir='ltr'><strong>πρὸ</strong></span> <span class='ocrx_word' id='word_1_182' title='bbox 558 1002 605 1028; x_wconf 78' lang='grc' dir='ltr'>τοῦ</span> <span class='ocrx_word' id='word_1_183' title='bbox 624 1001 760 1028; x_wconf 80' lang='grc' dir='ltr'>ἐπιϐαλεῖν</span> <span class='ocrx_word' id='word_1_184' title='bbox 774 1003 807 1037; x_wconf 86' lang='grc' dir='ltr'><strong>τῇ</strong></span> <span class='ocrx_word' id='word_1_185' title='bbox 823 1002 901 1036; x_wconf 78' lang='grc' dir='ltr'>φύσει</span> 
     </span>
    </p>
   </div>
   <div class='ocr_carea' id='block_1_24' title="bbox 115 1046 902 1084">
    <p class='ocr_par' dir='ltr' id='par_1_24' title="bbox 115 1046 902 1084">
     <span class='ocr_line' id='line_1_24' title="bbox 115 1046 902 1084; baseline -0.003 -10"><span class='ocrx_word' id='word_1_186' title='bbox 115 1048 163 1084; x_wconf 84' lang='grc' dir='ltr'>τὴν</span> <span class='ocrx_word' id='word_1_187' title='bbox 176 1049 246 1074; x_wconf 79' lang='grc' dir='ltr'>κατὰ</span> <span class='ocrx_word' id='word_1_188' title='bbox 266 1048 296 1074; x_wconf 76' lang='grc' dir='ltr'>τὸ</span> <span class='ocrx_word' id='word_1_189' title='bbox 314 1048 397 1083; x_wconf 72' lang='grc' dir='ltr'>ἄρρεν</span> <span class='ocrx_word' id='word_1_190' title='bbox 413 1047 459 1074; x_wconf 75' lang='grc' dir='ltr'>καὶ</span> <span class='ocrx_word' id='word_1_191' title='bbox 482 1046 548 1081; x_wconf 83' lang='grc' dir='ltr'>θῆλυ</span> <span class='ocrx_word' id='word_1_192' title='bbox 563 1046 693 1082; x_wconf 77' lang='grc' dir='ltr'>διαφορὰν</span> <span class='ocrx_word' id='word_1_193' title='bbox 706 1066 713 1078; x_wconf 92' lang='grc'><strong>,</strong></span> <span class='ocrx_word' id='word_1_194' title='bbox 726 1047 775 1081; x_wconf 87' lang='grc' dir='ltr'>τὴν</span> <span class='ocrx_word' id='word_1_195' title='bbox 798 1046 841 1072; x_wconf 86' lang='grc' dir='ltr'>διὰ</span> <span class='ocrx_word' id='word_1_196' title='bbox 853 1046 902 1081; x_wconf 87' lang='grc' dir='ltr'>τῆς</span> 
     </span>
    </p>
   </div>
   <div class='ocr_carea' id='block_1_25' title="bbox 116 1090 902 1129">
    <p class='ocr_par' dir='ltr' id='par_1_25' title="bbox 116 1090 902 1129">
     <span class='ocr_line' id='line_1_25' title="bbox 116 1090 902 1129; baseline -0.005 -8"><span class='ocrx_word' id='word_1_197' title='bbox 116 1094 207 1129; x_wconf 73' lang='grc' dir='ltr'>φωνῆς</span> <span class='ocrx_word' id='word_1_198' title='bbox 221 1094 321 1128; x_wconf 83' lang='grc' dir='ltr'>ταύτης</span> <span class='ocrx_word' id='word_1_199' title='bbox 337 1093 449 1128; x_wconf 77' lang='grc' dir='ltr'>δύναμιν</span> <span class='ocrx_word' id='word_1_200' title='bbox 465 1094 504 1124; x_wconf 83' lang='grc' dir='ltr'><strong>εἰς</strong></span> <span class='ocrx_word' id='word_1_201' title='bbox 519 1092 548 1118; x_wconf 80' lang='grc' dir='ltr'>τὸ</span> <span class='ocrx_word' id='word_1_202' title='bbox 562 1092 724 1125; x_wconf 78' lang='grc' dir='ltr'>αὐξάνεσθαι</span> <span class='ocrx_word' id='word_1_203' title='bbox 739 1091 778 1126; x_wconf 80' lang='grc' dir='ltr'>τῷ</span> <span class='ocrx_word' id='word_1_204' title='bbox 800 1090 902 1126; x_wconf 85' lang='grc' dir='ltr'>ἀνθρώ-</span> 
     </span>
    </p>
   </div>
   <div class='ocr_carea' id='block_1_26' title="bbox 116 1137 904 1176">
    <p class='ocr_par' dir='ltr' id='par_1_26' title="bbox 116 1137 904 1176">
     <span class='ocr_line' id='line_1_26' title="bbox 116 1137 904 1176; baseline -0.005 -10"><span class='ocrx_word' id='word_1_205' title='bbox 116 1149 159 1175; x_wconf 80' lang='grc' dir='ltr'><strong>πῳ</strong></span> <span class='ocrx_word' id='word_1_206' title='bbox 175 1139 345 1176; x_wconf 80' lang='grc' dir='ltr'>προσέθηκεν</span> <span class='ocrx_word' id='word_1_207' title='bbox 357 1158 364 1170; x_wconf 93' lang='grc'><strong>,</strong></span> <span class='ocrx_word' id='word_1_208' title='bbox 379 1139 428 1165; x_wconf 81' lang='grc' dir='ltr'>οὐκ</span> <span class='ocrx_word' id='word_1_209' title='bbox 443 1138 476 1164; x_wconf 86' lang='grc' dir='ltr'>ἂν</span> <span class='ocrx_word' id='word_1_210' title='bbox 490 1137 537 1164; x_wconf 81' lang='grc' dir='ltr'><strong>τοῦ</strong></span> <span class='ocrx_word' id='word_1_211' title='bbox 553 1137 671 1164; x_wconf 85' lang='grc' dir='ltr'>τοιούτου</span> <span class='ocrx_word' id='word_1_212' title='bbox 683 1137 731 1171; x_wconf 82' lang='grc' dir='ltr'>τῆς</span> <span class='ocrx_word' id='word_1_213' title='bbox 753 1137 904 1171; x_wconf 79' lang='grc' dir='ltr'>γεννήσεως</span> 
     </span>
    </p>
   </div>
   <div class='ocr_carea' id='block_1_27' title="bbox 115 1181 833 1222">
    <p class='ocr_par' dir='ltr' id='par_1_27' title="bbox 115 1181 833 1222">
     <span class='ocr_line' id='line_1_27' title="bbox 115 1181 833 1222; baseline -0.007 -10"><span class='ocrx_word' id='word_1_214' title='bbox 115 1186 202 1217; x_wconf 73' lang='grc' dir='ltr'>εἴδους</span> <span class='ocrx_word' id='word_1_215' title='bbox 219 1184 450 1222; x_wconf 74' lang='grc' dir='ltr'>προσεδεήθημεν,</span> <span class='ocrx_word' id='word_1_216' title='bbox 465 1183 497 1210; x_wconf 82' lang='grc' dir='ltr'><strong>δι’</strong></span> <span class='ocrx_word' id='word_1_217' title='bbox 508 1181 538 1210; x_wconf 77' lang='grc' dir='ltr'><strong>οὗ</strong></span> <span class='ocrx_word' id='word_1_218' title='bbox 552 1184 678 1216; x_wconf 78' lang='grc' dir='ltr'>γεννᾶται</span> <span class='ocrx_word' id='word_1_219' title='bbox 691 1182 726 1208; x_wconf 86' lang='grc' dir='ltr'>τὰ</span> <span class='ocrx_word' id='word_1_220' title='bbox 739 1181 833 1215; x_wconf 77' lang='grc' dir='ltr'>ἄλογα.</span> 
     </span>
    </p>
   </div>
   <div class='ocr_carea' id='block_1_28' title="bbox 947 228 1731 265">
    <p class='ocr_par' dir='ltr' id='par_1_28' title="bbox 947 228 1731 265">
     <span class='ocr_line' id='line_1_28' title="bbox 947 228 1731 265; baseline -0.004 -9"><span class='ocrx_word' id='word_1_221' title='bbox 947 229 1039 257; x_wconf 84' lang='lat' dir='ltr'><strong>ciebat</strong></span> <span class='ocrx_word' id='word_1_222' title='bbox 1055 229 1129 256; x_wconf 89' lang='lat' dir='ltr'><strong>enim</strong></span> <span class='ocrx_word' id='word_1_223' title='bbox 1151 229 1175 256; x_wconf 90' lang='lat' dir='ltr'><strong>is</strong></span> <span class='ocrx_word' id='word_1_224' title='bbox 1190 231 1236 265; x_wconf 96' lang='lat' dir='ltr'><strong>qui</strong></span> <span class='ocrx_word' id='word_1_225' title='bbox 1254 230 1323 257; x_wconf 81' lang='lat' dir='ltr'><strong>lines</strong></span> <span class='ocrx_word' id='word_1_226' title='bbox 1334 237 1425 257; x_wconf 90' lang='lat' dir='ltr'><strong>rerum</strong></span> <span class='ocrx_word' id='word_1_227' title='bbox 1449 230 1571 256; x_wconf 84' lang='lat' dir='ltr'><strong>omnium</strong></span> <span class='ocrx_word' id='word_1_228' title='bbox 1588 228 1665 264; x_wconf 83' lang='lat' dir='ltr'><strong>quasi</strong></span> <span class='ocrx_word' id='word_1_229' title='bbox 1682 235 1731 262; x_wconf 89' lang='lat' dir='ltr'><strong>pu-</strong></span> 
     </span>
    </p>
   </div>
   <div class='ocr_carea' id='block_1_29' title="bbox 947 273 1730 310">
    <p class='ocr_par' dir='ltr' id='par_1_29' title="bbox 947 273 1730 310">
     <span class='ocr_line' id='line_1_29' title="bbox 947 273 1730 310; baseline -0.003 -10"><span class='ocrx_word' id='word_1_230' title='bbox 947 281 1000 309; x_wconf 80' lang='lat' dir='ltr'><strong>gno</strong></span> <span class='ocrx_word' id='word_1_231' title='bbox 1015 275 1232 310; x_wconf 88' lang='lat' dir='ltr'><strong>comprehendit,</strong></span> <span class='ocrx_word' id='word_1_232' title='bbox 1257 275 1309 309; x_wconf 89' lang='lat' dir='ltr'><strong>(sic</strong></span> <span class='ocrx_word' id='word_1_233' title='bbox 1328 276 1401 302; x_wconf 83' lang='lat' dir='ltr'><strong>enim</strong></span> <span class='ocrx_word' id='word_1_234' title='bbox 1425 282 1520 302; x_wconf 84' lang='lat' dir='ltr'><strong>saeros</strong></span> <span class='ocrx_word' id='word_1_235' title='bbox 1535 275 1632 301; x_wconf 83' lang='lat' dir='ltr'><strong>Libros</strong></span> <span class='ocrx_word' id='word_1_236' title='bbox 1656 273 1730 307; x_wconf 87' lang='lat' dir='ltr'><strong>loqui</strong></span> 
     </span>
    </p>
   </div>
   <div class='ocr_carea' id='block_1_30' title="bbox 947 319 1732 355">
    <p class='ocr_par' dir='ltr' id='par_1_30' title="bbox 947 319 1732 355">
     <span class='ocr_line' id='line_1_30' title="bbox 947 319 1732 355; baseline -0.003 -8"><span class='ocrx_word' id='word_1_237' title='bbox 947 321 1071 348; x_wconf 84' lang='lat' dir='ltr'><strong>videmus</strong></span> <span class='ocrx_word' id='word_1_238' title='bbox 1099 329 1106 348; x_wconf 91' lang='lat'>:</span> <span class='ocrx_word' id='word_1_239' title='bbox 1137 329 1147 346; x_wconf 76' lang='grc' dir='ltr'><strong>ι</strong></span> <span class='ocrx_word' id='word_1_240' title='bbox 1181 319 1211 347; x_wconf 83' lang='grc' dir='ltr'>1η</span> <span class='ocrx_word' id='word_1_241' title='bbox 1238 328 1322 348; x_wconf 89' lang='lat' dir='ltr'><strong>manu</strong></span> <span class='ocrx_word' id='word_1_242' title='bbox 1351 320 1411 355; x_wconf 84' lang='lat' dir='ltr'><strong>ejus</strong></span> <span class='ocrx_word' id='word_1_243' title='bbox 1438 328 1534 348; x_wconf 89' lang='lat' dir='ltr'><strong>omnes</strong></span> <span class='ocrx_word' id='word_1_244' title='bbox 1563 324 1642 347; x_wconf 73' lang='lat' dir='ltr'><strong>terra:</strong></span> <span class='ocrx_word' id='word_1_245' title='bbox 1664 319 1732 346; x_wconf 86' lang='lat' dir='ltr'><strong>tlnes</strong></span> 
     </span>
    </p>
   </div>
   <div class='ocr_carea' id='block_1_31' title="bbox 947 365 1734 402">
    <p class='ocr_par' dir='ltr' id='par_1_31' title="bbox 947 365 1734 402">
     <span class='ocr_line' id='line_1_31' title="bbox 947 365 1734 402; baseline -0.003 -8"><span class='ocrx_word' id='word_1_246' title='bbox 947 371 1012 394; x_wconf 88' lang='lat' dir='ltr'><strong>sunt</strong></span> <span class='ocrx_word' id='word_1_247' title='bbox 1023 366 1086 402; x_wconf 63' lang='grc' dir='ltr'><strong>πυ)</strong></span> <span class='ocrx_word' id='word_1_248' title='bbox 1105 366 1289 401; x_wconf 77' lang='lat' dir='ltr'><strong>prospiciebat</strong></span> <span class='ocrx_word' id='word_1_249' title='bbox 1303 374 1370 401; x_wconf 82' lang='lat' dir='ltr'><strong>ergo</strong></span> <span class='ocrx_word' id='word_1_250' title='bbox 1382 387 1389 398; x_wconf 92' lang='lat'><strong>,</strong></span> <span class='ocrx_word' id='word_1_251' title='bbox 1407 366 1453 401; x_wconf 91' lang='lat' dir='ltr'><strong>qui</strong></span> <span class='ocrx_word' id='word_1_252' title='bbox 1466 365 1557 394; x_wconf 83' lang='lat' dir='ltr'><strong>omnia</strong></span> <span class='ocrx_word' id='word_1_253' title='bbox 1572 366 1654 392; x_wconf 87' lang='lat' dir='ltr'><strong>etiam</strong></span> <span class='ocrx_word' id='word_1_254' title='bbox 1670 369 1734 392; x_wconf 86' lang='lat' dir='ltr'><strong>ante</strong></span> 
     </span>
    </p>
   </div>
   <div class='ocr_carea' id='block_1_32' title="bbox 948 411 1732 446">
    <p class='ocr_par' dir='ltr' id='par_1_32' title="bbox 948 411 1732 446">
     <span class='ocr_line' id='line_1_32' title="bbox 948 411 1732 446; baseline -0.001 -9"><span class='ocrx_word' id='word_1_255' title='bbox 948 415 1038 438; x_wconf 91' lang='lat' dir='ltr'><strong>ortum</strong></span> <span class='ocrx_word' id='word_1_256' title='bbox 1060 411 1183 446; x_wconf 88' lang='lat' dir='ltr'><strong>ipsorum</strong></span> <span class='ocrx_word' id='word_1_257' title='bbox 1205 411 1292 442; x_wconf 88' lang='lat' dir='ltr'><strong>novit,</strong></span> <span class='ocrx_word' id='word_1_258' title='bbox 1316 419 1397 445; x_wconf 83' lang='lat' dir='ltr'><strong>quem</strong></span> <span class='ocrx_word' id='word_1_259' title='bbox 1420 411 1453 437; x_wconf 89' lang='lat' dir='ltr'><strong>ad</strong></span> <span class='ocrx_word' id='word_1_260' title='bbox 1477 417 1620 437; x_wconf 87' lang='lat' dir='ltr'><strong>numerum</strong></span> <span class='ocrx_word' id='word_1_261' title='bbox 1646 417 1732 443; x_wconf 76' lang='lat' dir='ltr'><strong>genus</strong></span> 
     </span>
    </p>
   </div>
   <div class='ocr_carea' id='block_1_33' title="bbox 950 455 1734 491">
    <p class='ocr_par' dir='ltr' id='par_1_33' title="bbox 950 455 1734 491">
     <span class='ocr_line' id='line_1_33' title="bbox 950 455 1734 491; baseline -0.001 -9"><span class='ocrx_word' id='word_1_262' title='bbox 950 456 1099 483; x_wconf 79' lang='lat' dir='ltr'><strong>humanum</strong></span> <span class='ocrx_word' id='word_1_263' title='bbox 1114 456 1141 483; x_wconf 92' lang='lat' dir='ltr'><strong>in</strong></span> <span class='ocrx_word' id='word_1_264' title='bbox 1153 457 1271 491; x_wconf 74' lang='lat' dir='ltr'><strong>singulis</strong></span> <span class='ocrx_word' id='word_1_265' title='bbox 1283 456 1503 491; x_wconf 79' lang='lat' dir='ltr'><strong>ampliﬁcandum</strong></span> <span class='ocrx_word' id='word_1_266' title='bbox 1519 455 1597 482; x_wconf 76' lang='lat' dir='ltr'><strong>foret.</strong></span> <span class='ocrx_word' id='word_1_267' title='bbox 1609 455 1734 490; x_wconf 76' lang='lat' dir='ltr'><strong>Cumque</strong></span> 
     </span>
    </p>
   </div>
   <div class='ocr_carea' id='block_1_34' title="bbox 949 500 1735 532">
    <p class='ocr_par' dir='ltr' id='par_1_34' title="bbox 949 500 1735 532">
     <span class='ocr_line' id='line_1_34' title="bbox 949 500 1735 532; baseline -0.004 -3"><span class='ocrx_word' id='word_1_268' title='bbox 949 505 977 529; x_wconf 88' lang='lat' dir='ltr'><strong>et</strong></span> <span class='ocrx_word' id='word_1_269' title='bbox 995 501 1062 528; x_wconf 91' lang='lat' dir='ltr'><strong>illud</strong></span> <span class='ocrx_word' id='word_1_270' title='bbox 1089 502 1117 528; x_wconf 90' lang='lat' dir='ltr'><strong>in</strong></span> <span class='ocrx_word' id='word_1_271' title='bbox 1144 502 1223 529; x_wconf 88' lang='lat' dir='ltr'><strong>nobis</strong></span> <span class='ocrx_word' id='word_1_272' title='bbox 1244 502 1364 528; x_wconf 83' lang='lat' dir='ltr'><strong>futurum</strong></span> <span class='ocrx_word' id='word_1_273' title='bbox 1389 501 1628 532; x_wconf 80' lang='lat' dir='ltr'><strong>animadverteret.</strong></span> <span class='ocrx_word' id='word_1_274' title='bbox 1645 504 1675 526; x_wconf 90' lang='lat' dir='ltr'><strong>ut</strong></span> <span class='ocrx_word' id='word_1_275' title='bbox 1701 500 1735 526; x_wconf 90' lang='lat' dir='ltr'><strong>ad</strong></span> 
     </span>
    </p>
   </div>
   <div class='ocr_carea' id='block_1_35' title="bbox 950 545 1733 581">
    <p class='ocr_par' dir='ltr' id='par_1_35' title="bbox 950 545 1733 581">
     <span class='ocr_line' id='line_1_35' title="bbox 950 545 1733 581; baseline -0.001 -8"><span class='ocrx_word' id='word_1_276' title='bbox 950 551 1052 574; x_wconf 85' lang='lat' dir='ltr'><strong>statum</strong></span> <span class='ocrx_word' id='word_1_277' title='bbox 1067 547 1230 575; x_wconf 69' lang='lat' dir='ltr'><strong>deteriorem</strong></span> <span class='ocrx_word' id='word_1_278' title='bbox 1245 552 1352 575; x_wconf 88' lang='lat' dir='ltr'><strong>nosmet</strong></span> <span class='ocrx_word' id='word_1_279' title='bbox 1362 547 1577 579; x_wconf 79' lang='lat' dir='ltr'><strong>demitteremus,</strong></span> <span class='ocrx_word' id='word_1_280' title='bbox 1594 550 1675 581; x_wconf 88' lang='lat' dir='ltr'><strong>atque</strong></span> <span class='ocrx_word' id='word_1_281' title='bbox 1688 545 1733 572; x_wconf 89' lang='lat' dir='ltr'><strong>de-</strong></span> 
     </span>
    </p>
   </div>
   <div class='ocr_carea' id='block_1_36' title="bbox 951 592 1736 628">
    <p class='ocr_par' dir='ltr' id='par_1_36' title="bbox 951 592 1736 628">
     <span class='ocr_line' id='line_1_36' title="bbox 951 592 1736 628; baseline -0.001 -10"><span class='ocrx_word' id='word_1_282' title='bbox 951 592 1059 626; x_wconf 80' lang='lat' dir='ltr'><strong>perdita</strong></span> <span class='ocrx_word' id='word_1_283' title='bbox 1075 597 1172 627; x_wconf 89' lang='lat' dir='ltr'><strong>sponte</strong></span> <span class='ocrx_word' id='word_1_284' title='bbox 1188 597 1290 620; x_wconf 71' lang='lat' dir='ltr'><strong>nostrae</strong></span> <span class='ocrx_word' id='word_1_285' title='bbox 1304 593 1444 628; x_wconf 72' lang='lat' dir='ltr'><strong>dignitatis</strong></span> <span class='ocrx_word' id='word_1_286' title='bbox 1462 593 1561 627; x_wconf 86' lang='lat' dir='ltr'><strong>gradu,</strong></span> <span class='ocrx_word' id='word_1_287' title='bbox 1582 599 1637 627; x_wconf 90' lang='lat' dir='ltr'><strong>quo</strong></span> <span class='ocrx_word' id='word_1_288' title='bbox 1657 598 1736 626; x_wconf 82' lang='lat' dir='ltr'><strong>pares</strong></span> 
     </span>
    </p>
   </div>
   <div class='ocr_carea' id='block_1_37' title="bbox 951 638 1737 673">
    <p class='ocr_par' dir='ltr' id='par_1_37' title="bbox 951 638 1737 673">
     <span class='ocr_line' id='line_1_37' title="bbox 951 638 1737 673; baseline -0.003 -9"><span class='ocrx_word' id='word_1_289' title='bbox 951 638 1056 673; x_wconf 76' lang='lat' dir='ltr'><strong>angelis</strong></span> <span class='ocrx_word' id='word_1_290' title='bbox 1079 646 1200 670; x_wconf 83' lang='lat' dir='ltr'><strong>eramus,</strong></span> <span class='ocrx_word' id='word_1_291' title='bbox 1227 639 1261 666; x_wconf 81' lang='lat' dir='ltr'><strong>ad</strong></span> <span class='ocrx_word' id='word_1_292' title='bbox 1284 639 1438 665; x_wconf 88' lang='lat' dir='ltr'><strong>humilioris</strong></span> <span class='ocrx_word' id='word_1_293' title='bbox 1464 638 1547 665; x_wconf 87' lang='lat' dir='ltr'><strong>sortis</strong></span> <span class='ocrx_word' id='word_1_294' title='bbox 1571 640 1663 665; x_wconf 87' lang='lat' dir='ltr'><strong>creata</strong></span> <span class='ocrx_word' id='word_1_295' title='bbox 1685 643 1737 663; x_wconf 87' lang='lat' dir='ltr'><strong>nos</strong></span> 
     </span>
    </p>
   </div>
   <div class='ocr_carea' id='block_1_38' title="bbox 951 683 1738 721">
    <p class='ocr_par' dir='ltr' id='par_1_38' title="bbox 951 683 1738 721">
     <span class='ocr_line' id='line_1_38' title="bbox 951 683 1738 721; baseline -0.003 -11"><span class='ocrx_word' id='word_1_296' title='bbox 951 684 1166 718; x_wconf 82' lang='lat' dir='ltr'><strong>adjungeremus</strong></span> <span class='ocrx_word' id='word_1_297' title='bbox 1181 693 1188 711; x_wconf 87' lang='lat'><strong>:</strong></span> <span class='ocrx_word' id='word_1_298' title='bbox 1205 684 1287 711; x_wconf 84' lang='lat' dir='ltr'><strong>etiam</strong></span> <span class='ocrx_word' id='word_1_299' title='bbox 1299 684 1410 711; x_wconf 89' lang='lat' dir='ltr'><strong>brutum</strong></span> <span class='ocrx_word' id='word_1_300' title='bbox 1430 683 1535 721; x_wconf 84' lang='lat' dir='ltr'><strong>aliquid</strong></span> <span class='ocrx_word' id='word_1_301' title='bbox 1552 683 1662 717; x_wconf 80' lang='lat' dir='ltr'><strong>imagini</strong></span> <span class='ocrx_word' id='word_1_302' title='bbox 1681 689 1738 710; x_wconf 65' lang='lat' dir='ltr'><strong>suae</strong></span> 
     </span>
    </p>
   </div>
   <div class='ocr_carea' id='block_1_39' title="bbox 952 728 1737 761">
    <p class='ocr_par' dir='ltr' id='par_1_39' title="bbox 952 728 1737 761">
     <span class='ocr_line' id='line_1_39' title="bbox 952 728 1737 761; baseline -0.003 -6"><span class='ocrx_word' id='word_1_303' title='bbox 952 728 1111 756; x_wconf 79' lang='lat' dir='ltr'><strong>admiscuit.</strong></span> <span class='ocrx_word' id='word_1_304' title='bbox 1137 728 1196 756; x_wconf 85' lang='lat' dir='ltr'><strong>Non</strong></span> <span class='ocrx_word' id='word_1_305' title='bbox 1220 729 1292 756; x_wconf 90' lang='lat' dir='ltr'><strong>enim</strong></span> <span class='ocrx_word' id='word_1_306' title='bbox 1319 729 1437 760; x_wconf 77' lang='lat' dir='ltr'><strong>masculi</strong></span> <span class='ocrx_word' id='word_1_307' title='bbox 1465 728 1629 761; x_wconf 80' lang='lat' dir='ltr'><strong>femineique</strong></span> <span class='ocrx_word' id='word_1_308' title='bbox 1655 734 1737 754; x_wconf 86' lang='lat' dir='ltr'><strong>sexus</strong></span> 
     </span>
    </p>
   </div>
   <div class='ocr_carea' id='block_1_40' title="bbox 953 774 1738 810">
    <p class='ocr_par' dir='ltr' id='par_1_40' title="bbox 953 774 1738 810">
     <span class='ocr_line' id='line_1_40' title="bbox 953 774 1738 810; baseline -0.003 -9"><span class='ocrx_word' id='word_1_309' title='bbox 953 774 1099 802; x_wconf 70' lang='lat' dir='ltr'><strong>discrimen:</strong></span> <span class='ocrx_word' id='word_1_310' title='bbox 1117 775 1144 801; x_wconf 91' lang='lat' dir='ltr'><strong>in</strong></span> <span class='ocrx_word' id='word_1_311' title='bbox 1163 775 1208 801; x_wconf 92' lang='lat' dir='ltr'><strong>illa</strong></span> <span class='ocrx_word' id='word_1_312' title='bbox 1224 775 1315 802; x_wconf 81' lang='lat' dir='ltr'><strong>divina</strong></span> <span class='ocrx_word' id='word_1_313' title='bbox 1333 775 1466 810; x_wconf 71' lang='lat' dir='ltr'><strong>beateque</strong></span> <span class='ocrx_word' id='word_1_314' title='bbox 1490 779 1589 801; x_wconf 85' lang='lat' dir='ltr'><strong>natura</strong></span> <span class='ocrx_word' id='word_1_315' title='bbox 1608 781 1670 800; x_wconf 88' lang='lat' dir='ltr'><strong>esse</strong></span> <span class='ocrx_word' id='word_1_316' title='bbox 1686 781 1738 808; x_wconf 91' lang='lat' dir='ltr'><strong>pu-</strong></span> 
     </span>
    </p>
   </div>
   <div class='ocr_carea' id='block_1_41' title="bbox 954 819 1738 853">
    <p class='ocr_par' dir='ltr' id='par_1_41' title="bbox 954 819 1738 853">
     <span class='ocr_line' id='line_1_41' title="bbox 954 819 1738 853; baseline -0.003 -7"><span class='ocrx_word' id='word_1_317' title='bbox 954 820 1005 846; x_wconf 90' lang='lat' dir='ltr'><strong>tari</strong></span> <span class='ocrx_word' id='word_1_318' title='bbox 1036 819 1133 853; x_wconf 86' lang='lat' dir='ltr'><strong>debet,</strong></span> <span class='ocrx_word' id='word_1_319' title='bbox 1162 820 1209 848; x_wconf 86' lang='lat' dir='ltr'><strong>sed</strong></span> <span class='ocrx_word' id='word_1_320' title='bbox 1234 821 1367 847; x_wconf 88' lang='lat' dir='ltr'><strong>translato</strong></span> <span class='ocrx_word' id='word_1_321' title='bbox 1394 820 1465 848; x_wconf 88' lang='lat' dir='ltr'><strong>Deus</strong></span> <span class='ocrx_word' id='word_1_322' title='bbox 1489 820 1516 847; x_wconf 88' lang='lat' dir='ltr'><strong>in</strong></span> <span class='ocrx_word' id='word_1_323' title='bbox 1541 819 1679 846; x_wconf 89' lang='lat' dir='ltr'><strong>hominem</strong></span> <span class='ocrx_word' id='word_1_324' title='bbox 1705 825 1738 845; x_wconf 89' lang='lat' dir='ltr'><strong>eo</strong></span> 
     </span>
    </p>
   </div>
   <div class='ocr_carea' id='block_1_42' title="bbox 953 864 1737 900">
    <p class='ocr_par' dir='ltr' id='par_1_42' title="bbox 953 864 1737 900">
     <span class='ocr_line' id='line_1_42' title="bbox 953 864 1737 900; baseline -0.003 -8"><span class='ocrx_word' id='word_1_325' title='bbox 953 865 1024 900; x_wconf 90' lang='lat' dir='ltr'><strong>quod</strong></span> <span class='ocrx_word' id='word_1_326' title='bbox 1043 865 1153 900; x_wconf 80' lang='lat' dir='ltr'><strong>opiﬁcio</strong></span> <span class='ocrx_word' id='word_1_327' title='bbox 1171 865 1254 893; x_wconf 90' lang='lat' dir='ltr'><strong>bruto</strong></span> <span class='ocrx_word' id='word_1_328' title='bbox 1270 866 1412 900; x_wconf 88' lang='lat' dir='ltr'><strong>proprium</strong></span> <span class='ocrx_word' id='word_1_329' title='bbox 1430 869 1500 896; x_wconf 84' lang='lat' dir='ltr'><strong>erat,</strong></span> <span class='ocrx_word' id='word_1_330' title='bbox 1517 864 1628 892; x_wconf 88' lang='lat' dir='ltr'><strong>modum</strong></span> <span class='ocrx_word' id='word_1_331' title='bbox 1644 864 1737 899; x_wconf 77' lang='lat' dir='ltr'><strong>generi</strong></span> 
     </span>
    </p>
   </div>
   <div class='ocr_carea' id='block_1_43' title="bbox 954 912 1738 947">
    <p class='ocr_par' dir='ltr' id='par_1_43' title="bbox 954 912 1738 947">
     <span class='ocr_line' id='line_1_43' title="bbox 954 912 1738 947; baseline -0.001 -9"><span class='ocrx_word' id='word_1_332' title='bbox 954 914 1050 939; x_wconf 83' lang='lat' dir='ltr'><strong>nostro</strong></span> <span class='ocrx_word' id='word_1_333' title='bbox 1064 912 1270 947; x_wconf 85' lang='lat' dir='ltr'><strong>propagationis</strong></span> <span class='ocrx_word' id='word_1_334' title='bbox 1284 912 1352 939; x_wconf 83' lang='lat' dir='ltr'><strong>adeo</strong></span> <span class='ocrx_word' id='word_1_335' title='bbox 1367 912 1512 939; x_wconf 78' lang='lat' dir='ltr'><strong>excellenti</strong></span> <span class='ocrx_word' id='word_1_336' title='bbox 1523 915 1617 938; x_wconf 87' lang='lat' dir='ltr'><strong>creato</strong></span> <span class='ocrx_word' id='word_1_337' title='bbox 1634 918 1738 945; x_wconf 74' lang='lat' dir='ltr'><strong>nequa~</strong></span> 
     </span>
    </p>
   </div>
   <div class='ocr_carea' id='block_1_44' title="bbox 954 957 1741 992">
    <p class='ocr_par' dir='ltr' id='par_1_44' title="bbox 954 957 1741 992">
     <span class='ocr_line' id='line_1_44' title="bbox 954 957 1741 992; baseline 0 -8"><span class='ocrx_word' id='word_1_338' title='bbox 954 964 1035 992; x_wconf 86' lang='lat' dir='ltr'><strong>quam</strong></span> <span class='ocrx_word' id='word_1_339' title='bbox 1049 958 1270 992; x_wconf 60' lang='lat' dir='ltr'><strong>fconsentaneum</strong></span> <span class='ocrx_word' id='word_1_340' title='bbox 1299 958 1403 985; x_wconf 88' lang='lat' dir='ltr'><strong>tribuit.</strong></span> <span class='ocrx_word' id='word_1_341' title='bbox 1425 957 1492 984; x_wconf 85' lang='lat' dir='ltr'><strong>Nam</strong></span> <span class='ocrx_word' id='word_1_342' title='bbox 1515 957 1670 984; x_wconf 78' lang='lat' dir='ltr'><strong>facultatem</strong></span> <span class='ocrx_word' id='word_1_343' title='bbox 1690 964 1741 984; x_wconf 79' lang='lat' dir='ltr'><strong>au-</strong></span> 
     </span>
    </p>
   </div>
   <div class='ocr_carea' id='block_1_45' title="bbox 955 1002 1739 1038">
    <p class='ocr_par' dir='ltr' id='par_1_45' title="bbox 955 1002 1739 1038">
     <span class='ocr_line' id='line_1_45' title="bbox 955 1002 1739 1038; baseline -0.001 -9"><span class='ocrx_word' id='word_1_344' title='bbox 955 1003 1035 1037; x_wconf 82' lang='lat' dir='ltr'><strong>gendi</strong></span> <span class='ocrx_word' id='word_1_345' title='bbox 1048 1007 1074 1030; x_wconf 86' lang='lat' dir='ltr'><strong>et</strong></span> <span class='ocrx_word' id='word_1_346' title='bbox 1090 1003 1272 1038; x_wconf 78' lang='lat' dir='ltr'><strong>ampliﬁcandi</strong></span> <span class='ocrx_word' id='word_1_347' title='bbox 1293 1004 1400 1038; x_wconf 82' lang='lat' dir='ltr'><strong>generis</strong></span> <span class='ocrx_word' id='word_1_348' title='bbox 1414 1003 1518 1031; x_wconf 88' lang='lat' dir='ltr'><strong>homini</strong></span> <span class='ocrx_word' id='word_1_349' title='bbox 1534 1011 1586 1030; x_wconf 90' lang='lat' dir='ltr'><strong>non</strong></span> <span class='ocrx_word' id='word_1_350' title='bbox 1605 1002 1701 1029; x_wconf 82' lang='lat' dir='ltr'><strong>tribuit</strong></span> <span class='ocrx_word' id='word_1_351' title='bbox 1713 1002 1739 1028; x_wconf 87' lang='lat' dir='ltr'><strong>id</strong></span> 
     </span>
    </p>
   </div>
   <div class='ocr_carea' id='block_1_46' title="bbox 956 1045 1740 1082">
    <p class='ocr_par' dir='ltr' id='par_1_46' title="bbox 956 1045 1740 1082">
     <span class='ocr_line' id='line_1_46' title="bbox 956 1045 1740 1082; baseline -0.003 -8"><span class='ocrx_word' id='word_1_352' title='bbox 956 1047 1098 1082; x_wconf 83' lang='lat' dir='ltr'><strong>temporis,</strong></span> <span class='ocrx_word' id='word_1_353' title='bbox 1116 1055 1171 1081; x_wconf 91' lang='lat' dir='ltr'><strong>quo</strong></span> <span class='ocrx_word' id='word_1_354' title='bbox 1186 1055 1247 1075; x_wconf 92' lang='lat' dir='ltr'><strong>eum</strong></span> <span class='ocrx_word' id='word_1_355' title='bbox 1263 1047 1297 1074; x_wconf 86' lang='lat' dir='ltr'><strong>ad</strong></span> <span class='ocrx_word' id='word_1_356' title='bbox 1320 1048 1363 1075; x_wconf 91' lang='lat' dir='ltr'><strong>sui</strong></span> <span class='ocrx_word' id='word_1_357' title='bbox 1379 1048 1522 1082; x_wconf 75' lang='lat' dir='ltr'><strong>imaginem</strong></span> <span class='ocrx_word' id='word_1_358' title='bbox 1542 1047 1676 1079; x_wconf 86' lang='lat' dir='ltr'><strong>condidit,</strong></span> <span class='ocrx_word' id='word_1_359' title='bbox 1692 1045 1740 1072; x_wconf 81' lang='lat' dir='ltr'><strong>sed</strong></span> 
     </span>
    </p>
   </div>
   <div class='ocr_carea' id='block_1_47' title="bbox 956 1092 1738 1127">
    <p class='ocr_par' dir='ltr' id='par_1_47' title="bbox 956 1092 1738 1127">
     <span class='ocr_line' id='line_1_47' title="bbox 956 1092 1738 1127; baseline 0.001 -8"><span class='ocrx_word' id='word_1_360' title='bbox 956 1099 1018 1119; x_wconf 91' lang='lat' dir='ltr'><strong>eum</strong></span> <span class='ocrx_word' id='word_1_361' title='bbox 1034 1093 1062 1119; x_wconf 95' lang='lat' dir='ltr'><strong>in</strong></span> <span class='ocrx_word' id='word_1_362' title='bbox 1079 1100 1111 1119; x_wconf 87' lang='lat' dir='ltr'><strong>eo</strong></span> <span class='ocrx_word' id='word_1_363' title='bbox 1126 1100 1210 1120; x_wconf 85' lang='lat' dir='ltr'><strong>sexus</strong></span> <span class='ocrx_word' id='word_1_364' title='bbox 1228 1094 1343 1121; x_wconf 86' lang='lat' dir='ltr'><strong>masculi</strong></span> <span class='ocrx_word' id='word_1_365' title='bbox 1360 1093 1525 1127; x_wconf 81' lang='lat' dir='ltr'><strong>femineique</strong></span> <span class='ocrx_word' id='word_1_366' title='bbox 1538 1093 1685 1120; x_wconf 83' lang='lat' dir='ltr'><strong>discrimen</strong></span> <span class='ocrx_word' id='word_1_367' title='bbox 1701 1092 1738 1120; x_wconf 81' lang='lat' dir='ltr'><strong>fe-</strong></span> 
     </span>
    </p>
   </div>
   <div class='ocr_carea' id='block_1_48' title="bbox 957 1137 1740 1174">
    <p class='ocr_par' dir='ltr' id='par_1_48' title="bbox 957 1137 1740 1174">
     <span class='ocr_line' id='line_1_48' title="bbox 957 1137 1740 1174; baseline 0.001 -10"><span class='ocrx_word' id='word_1_368' title='bbox 957 1137 1050 1169; x_wconf 89' lang='lat' dir='ltr'><strong>cisset,</strong></span> <span class='ocrx_word' id='word_1_369' title='bbox 1065 1138 1154 1172; x_wconf 90' lang='lat' dir='ltr'><strong>inquit</strong></span> <span class='ocrx_word' id='word_1_370' title='bbox 1169 1148 1176 1165; x_wconf 92' lang='lat'>:</span> <span class='ocrx_word' id='word_1_371' title='bbox 1196 1147 1205 1163; x_wconf 81' lang='grc' dir='ltr'><strong>ι</strong></span> <span class='ocrx_word' id='word_1_372' title='bbox 1229 1139 1384 1174; x_wconf 86' lang='lat' dir='ltr'><strong>Augescite,</strong></span> <span class='ocrx_word' id='word_1_373' title='bbox 1405 1147 1437 1166; x_wconf 89' lang='lat' dir='ltr'><strong>ac</strong></span> <span class='ocrx_word' id='word_1_374' title='bbox 1448 1143 1553 1167; x_wconf 83' lang='lat' dir='ltr'><strong>vosmet</strong></span> <span class='ocrx_word' id='word_1_375' title='bbox 1569 1139 1740 1173; x_wconf 79' lang='lat' dir='ltr'><strong>ampliﬁcate.</strong></span> 
     </span>
    </p>
   </div>
   <div class='ocr_carea' id='block_1_49' title="bbox 957 1183 1742 1218">
    <p class='ocr_par' dir='ltr' id='par_1_49' title="bbox 957 1183 1742 1218">
     <span class='ocr_line' id='line_1_49' title="bbox 957 1183 1742 1218; baseline 0.004 -10"><span class='ocrx_word' id='word_1_376' title='bbox 957 1186 985 1209; x_wconf 87' lang='lat' dir='ltr'><strong>et</strong></span> <span class='ocrx_word' id='word_1_377' title='bbox 1008 1186 1108 1209; x_wconf 87' lang='lat' dir='ltr'><strong>terram</strong></span> <span class='ocrx_word' id='word_1_378' title='bbox 1128 1183 1263 1218; x_wconf 89' lang='lat' dir='ltr'><strong>complete</strong></span> <span class='ocrx_word' id='word_1_379' title='bbox 1277 1185 1311 1211; x_wconf 82' lang='lat'><strong>&quot;.</strong></span> <span class='ocrx_word' id='word_1_380' title='bbox 1337 1194 1345 1209; x_wconf 80' lang='grc' dir='ltr'><strong>ι</strong></span> <span class='ocrx_word' id='word_1_381' title='bbox 1363 1183 1390 1211; x_wconf 90' lang='lat' dir='ltr'><strong>Id</strong></span> <span class='ocrx_word' id='word_1_382' title='bbox 1406 1185 1478 1211; x_wconf 88' lang='lat' dir='ltr'><strong>enim</strong></span> <span class='ocrx_word' id='word_1_383' title='bbox 1494 1191 1549 1211; x_wconf 88' lang='lat' dir='ltr'><strong>non</strong></span> <span class='ocrx_word' id='word_1_384' title='bbox 1568 1185 1623 1218; x_wconf 88' lang='lat' dir='ltr'><strong>jam</strong></span> <span class='ocrx_word' id='word_1_385' title='bbox 1644 1184 1742 1211; x_wconf 69' lang='lat' dir='ltr'><strong>divina:</strong></span> 
     </span>
    </p>
   </div>
   <div class='ocr_carea' id='block_1_50' title="bbox 117 1227 1781 1266">
    <p class='ocr_par' dir='ltr' id='par_1_50' title="bbox 117 1227 1781 1266">
     <span class='ocr_line' id='line_1_50' title="bbox 117 1227 1781 1266; baseline 0.001 -8"><span class='ocrx_word' id='word_1_386' title='bbox 117 1235 221 1259; x_wconf 74' lang='lat' dir='ltr'><strong>natura:</strong></span> <span class='ocrx_word' id='word_1_387' title='bbox 246 1232 407 1258; x_wconf 88' lang='lat' dir='ltr'><strong>attributum</strong></span> <span class='ocrx_word' id='word_1_388' title='bbox 421 1231 475 1262; x_wconf 85' lang='lat' dir='ltr'><strong>&#39;est,</strong></span> <span class='ocrx_word' id='word_1_389' title='bbox 495 1230 544 1258; x_wconf 88' lang='lat' dir='ltr'><strong>sed</strong></span> <span class='ocrx_word' id='word_1_390' title='bbox 561 1231 648 1258; x_wconf 68' lang='lat' dir='ltr'><strong>bruta:</strong></span> <span class='ocrx_word' id='word_1_391' title='bbox 662 1239 669 1256; x_wconf 90' lang='lat'><strong>:</strong></span> <span class='ocrx_word' id='word_1_392' title='bbox 684 1227 911 1264; x_wconf 89' lang='lat' dir='ltr'><strong>quemadmodum</strong></span> <span class='ocrx_word' id='word_1_393' title='bbox 937 1229 997 1263; x_wconf 82' lang='lat' dir='ltr'><strong>ipsa</strong></span> <span class='ocrx_word' id='word_1_394' title='bbox 1022 1237 1113 1256; x_wconf 84' lang='lat' dir='ltr'><strong>rerum</strong></span> <span class='ocrx_word' id='word_1_395' title='bbox 1139 1235 1276 1266; x_wconf 80' lang='lat' dir='ltr'><strong>gestarum</strong></span> <span class='ocrx_word' id='word_1_396' title='bbox 1297 1232 1381 1259; x_wconf 83' lang='lat' dir='ltr'><strong>series</strong></span> <span class='ocrx_word' id='word_1_397' title='bbox 1395 1232 1523 1263; x_wconf 89' lang='lat' dir='ltr'><strong>ostendit,</strong></span> <span class='ocrx_word' id='word_1_398' title='bbox 1541 1232 1626 1259; x_wconf 88' lang='lat' dir='ltr'><strong>Deum</strong></span> <span class='ocrx_word' id='word_1_399' title='bbox 1648 1232 1741 1260; x_wconf 86' lang='lat' dir='ltr'><strong>eadem</strong></span> <span class='ocrx_word' id='word_1_400' title='bbox 1779 1251 1781 1255; x_wconf 55' lang='grc' dir='ltr'><em>μ</em></span> 
     </span>
    </p>
   </div>
   <div class='ocr_carea' id='block_1_51' title="bbox 117 1274 1743 1313">
    <p class='ocr_par' dir='ltr' id='par_1_51' title="bbox 117 1274 1743 1313">
     <span class='ocr_line' id='line_1_51' title="bbox 117 1274 1743 1313; baseline 0 -9"><span class='ocrx_word' id='word_1_401' title='bbox 117 1277 198 1305; x_wconf 89' lang='lat' dir='ltr'><strong>etiam</strong></span> <span class='ocrx_word' id='word_1_402' title='bbox 221 1277 255 1304; x_wconf 89' lang='lat' dir='ltr'><strong>de</strong></span> <span class='ocrx_word' id='word_1_403' title='bbox 277 1277 366 1304; x_wconf 82' lang='lat' dir='ltr'><strong>brutis</strong></span> <span class='ocrx_word' id='word_1_404' title='bbox 390 1277 562 1311; x_wconf 77' lang='lat' dir='ltr'><strong>prolocutum</strong></span> <span class='ocrx_word' id='word_1_405' title='bbox 592 1283 663 1303; x_wconf 78' lang='lat' dir='ltr'><strong>esse.</strong></span> <span class='ocrx_word' id='word_1_406' title='bbox 685 1274 721 1302; x_wconf 89' lang='lat' dir='ltr'><strong>Ut</strong></span> <span class='ocrx_word' id='word_1_407' title='bbox 742 1275 854 1302; x_wconf 90' lang='lat' dir='ltr'><strong>omnino</strong></span> <span class='ocrx_word' id='word_1_408' title='bbox 878 1275 1051 1302; x_wconf 83' lang='lat' dir='ltr'><strong>statuendum</strong></span> <span class='ocrx_word' id='word_1_409' title='bbox 1078 1278 1124 1309; x_wconf 84' lang='lat' dir='ltr'><strong>sit,</strong></span> <span class='ocrx_word' id='word_1_410' title='bbox 1151 1277 1226 1304; x_wconf 91' lang='lat' dir='ltr'><strong>nullo</strong></span> <span class='ocrx_word' id='word_1_411' title='bbox 1253 1278 1332 1305; x_wconf 90' lang='lat' dir='ltr'><strong>nobis</strong></span> <span class='ocrx_word' id='word_1_412' title='bbox 1358 1282 1438 1313; x_wconf 83' lang='lat' dir='ltr'><strong>pacto</strong></span> <span class='ocrx_word' id='word_1_413' title='bbox 1462 1278 1659 1313; x_wconf 86' lang='lat' dir='ltr'><strong>procreationis</strong></span> <span class='ocrx_word' id='word_1_414' title='bbox 1679 1285 1743 1312; x_wconf 86' lang='lat' dir='ltr'><strong>spe-</strong></span> 
     </span>
    </p>
   </div>
   <div class='ocr_carea' id='block_1_52' title="bbox 117 1319 895 1357">
    <p class='ocr_par' dir='ltr' id='par_1_52' title="bbox 117 1319 895 1357">
     <span class='ocr_line' id='line_1_52' title="bbox 117 1319 895 1357; baseline -0.004 -7"><span class='ocrx_word' id='word_1_415' title='bbox 117 1324 167 1354; x_wconf 82' lang='lat' dir='ltr'><strong>cie.</strong></span> <span class='ocrx_word' id='word_1_416' title='bbox 183 1330 237 1357; x_wconf 84' lang='lat' dir='ltr'><strong>qua</strong></span> <span class='ocrx_word' id='word_1_417' title='bbox 254 1322 333 1350; x_wconf 88' lang='lat' dir='ltr'><strong>bruta</strong></span> <span class='ocrx_word' id='word_1_418' title='bbox 351 1326 546 1357; x_wconf 85' lang='lat' dir='ltr'><strong>propagantur,</strong></span> <span class='ocrx_word' id='word_1_419' title='bbox 571 1328 640 1357; x_wconf 86' lang='lat' dir='ltr'><strong>opus</strong></span> <span class='ocrx_word' id='word_1_420' title='bbox 665 1320 786 1348; x_wconf 80' lang='lat' dir='ltr'><strong>futurum</strong></span> <span class='ocrx_word' id='word_1_421' title='bbox 809 1319 895 1347; x_wconf 82' lang='lat' dir='ltr'><strong>fuisse</strong></span> 
     </span>
    </p>
   </div>
   <div class='ocr_carea' id='block_1_53' title="bbox 918 1319 1745 1356">
    <p class='ocr_par' dir='ltr' id='par_1_53' title="bbox 918 1319 1745 1356">
     <span class='ocr_line' id='line_1_53' title="bbox 918 1319 1745 1356; baseline 0.004 -10"><span class='ocrx_word' id='word_1_422' title='bbox 918 1327 925 1346; x_wconf 93' lang='lat'><strong>:</strong></span> <span class='ocrx_word' id='word_1_423' title='bbox 947 1319 969 1347; x_wconf 93' lang='lat' dir='ltr'><strong>si</strong></span> <span class='ocrx_word' id='word_1_424' title='bbox 997 1320 1106 1354; x_wconf 86' lang='lat' dir='ltr'><strong>quidem</strong></span> <span class='ocrx_word' id='word_1_425' title='bbox 1133 1329 1163 1348; x_wconf 82' lang='lat' dir='ltr'><strong>ea</strong></span> <span class='ocrx_word' id='word_1_426' title='bbox 1185 1329 1266 1356; x_wconf 91' lang='lat' dir='ltr'><strong>quam</strong></span> <span class='ocrx_word' id='word_1_427' title='bbox 1286 1322 1405 1349; x_wconf 87' lang='lat' dir='ltr'><strong>diximus</strong></span> <span class='ocrx_word' id='word_1_428' title='bbox 1426 1329 1492 1350; x_wconf 88' lang='lat' dir='ltr'><strong>voce</strong></span> <span class='ocrx_word' id='word_1_429' title='bbox 1508 1322 1611 1349; x_wconf 90' lang='lat' dir='ltr'><strong>homini</strong></span> <span class='ocrx_word' id='word_1_430' title='bbox 1630 1322 1745 1349; x_wconf 79' lang='lat' dir='ltr'><strong>faculta-</strong></span> 
     </span>
    </p>
   </div>
   <div class='ocr_carea' id='block_1_54' title="bbox 117 1367 1437 1404">
    <p class='ocr_par' dir='ltr' id='par_1_54' title="bbox 117 1367 1437 1404">
     <span class='ocr_line' id='line_1_54' title="bbox 117 1367 1437 1404; baseline -0.002 -8"><span class='ocrx_word' id='word_1_431' title='bbox 117 1374 171 1397; x_wconf 88' lang='lat' dir='ltr'><strong>tem</strong></span> <span class='ocrx_word' id='word_1_432' title='bbox 185 1368 299 1404; x_wconf 78' lang='lat' dir='ltr'><strong>augendi</strong></span> <span class='ocrx_word' id='word_1_433' title='bbox 317 1376 346 1396; x_wconf 91' lang='lat' dir='ltr'><strong>se</strong></span> <span class='ocrx_word' id='word_1_434' title='bbox 366 1368 545 1396; x_wconf 82' lang='lat' dir='ltr'><strong>concessisset</strong></span> <span class='ocrx_word' id='word_1_435' title='bbox 573 1368 733 1403; x_wconf 85' lang='lat' dir='ltr'><strong>priusquam</strong></span> <span class='ocrx_word' id='word_1_436' title='bbox 748 1367 775 1394; x_wconf 92' lang='lat' dir='ltr'><strong>in</strong></span> <span class='ocrx_word' id='word_1_437' title='bbox 799 1370 897 1394; x_wconf 86' lang='lat' dir='ltr'><strong>natura</strong></span> <span class='ocrx_word' id='word_1_438' title='bbox 912 1371 1005 1393; x_wconf 85' lang='lat' dir='ltr'><strong>nostra</strong></span> <span class='ocrx_word' id='word_1_439' title='bbox 1019 1374 1101 1394; x_wconf 89' lang='lat' dir='ltr'><strong>sexus</strong></span> <span class='ocrx_word' id='word_1_440' title='bbox 1117 1367 1264 1395; x_wconf 86' lang='lat' dir='ltr'><strong>discrimen</strong></span> <span class='ocrx_word' id='word_1_441' title='bbox 1284 1369 1437 1396; x_wconf 83' lang='lat' dir='ltr'><strong>exsisteret.</strong></span> 
     </span>
    </p>
   </div>
   <div class='ocr_carea' id='block_1_55' title="bbox 151 1413 906 1450">
    <p class='ocr_par' dir='ltr' id='par_1_55' title="bbox 151 1413 906 1450">
     <span class='ocr_line' id='line_1_55' title="bbox 151 1413 906 1450; baseline -0.003 -9"><span class='ocrx_word' id='word_1_442' title='bbox 151 1415 251 1441; x_wconf 76' lang='grc' dir='ltr'>Τούτου</span> <span class='ocrx_word' id='word_1_443' title='bbox 270 1415 359 1441; x_wconf 82' lang='grc' dir='ltr'>τοίνυν</span> <span class='ocrx_word' id='word_1_444' title='bbox 376 1414 642 1450; x_wconf 79' lang='grc' dir='ltr'>προκατανοηθέντος</span> <span class='ocrx_word' id='word_1_445' title='bbox 656 1413 699 1440; x_wconf 81' lang='grc' dir='ltr'><strong>διὰ</strong></span> <span class='ocrx_word' id='word_1_446' title='bbox 718 1413 767 1448; x_wconf 82' lang='grc' dir='ltr'>τῆς</span> <span class='ocrx_word' id='word_1_447' title='bbox 782 1421 906 1448; x_wconf 82' lang='grc' dir='ltr'>προγνω-</span> 
     </span>
    </p>
   </div>
   <div class='ocr_carea' id='block_1_56' title="bbox 118 1457 907 1495">
    <p class='ocr_par' dir='ltr' id='par_1_56' title="bbox 118 1457 907 1495">
     <span class='ocr_line' id='line_1_56' title="bbox 118 1457 907 1495; baseline -0.004 -9"><span class='ocrx_word' id='word_1_448' title='bbox 118 1459 212 1494; x_wconf 80' lang='grc' dir='ltr'>στικῆς</span> <span class='ocrx_word' id='word_1_449' title='bbox 225 1459 364 1495; x_wconf 72' lang='grc' dir='ltr'>ἐνεργείας</span> <span class='ocrx_word' id='word_1_450' title='bbox 373 1459 556 1494; x_wconf 85' lang='grc' dir='ltr'>πληρώματος</span> <span class='ocrx_word' id='word_1_451' title='bbox 565 1458 620 1484; x_wconf 82' lang='grc' dir='ltr'><strong>τῶν</strong></span> <span class='ocrx_word' id='word_1_452' title='bbox 631 1457 790 1494; x_wconf 78' lang='grc' dir='ltr'>ἀνθρώπων,</span> <span class='ocrx_word' id='word_1_453' title='bbox 802 1457 845 1484; x_wconf 73' lang='grc' dir='ltr'><strong>διὰ</strong></span> <span class='ocrx_word' id='word_1_454' title='bbox 858 1458 907 1492; x_wconf 85' lang='grc' dir='ltr'>τῆς</span> 
     </span>
    </p>
   </div>
   <div class='ocr_carea' id='block_1_57' title="bbox 117 1503 907 1540">
    <p class='ocr_par' dir='ltr' id='par_1_57' title="bbox 117 1503 907 1540">
     <span class='ocr_line' id='line_1_57' title="bbox 117 1503 907 1540; baseline -0.003 -9"><span class='ocrx_word' id='word_1_455' title='bbox 117 1504 309 1540; x_wconf 81' lang='grc' dir='ltr'>ζωωδεστὲρας</span> <span class='ocrx_word' id='word_1_456' title='bbox 319 1504 451 1539; x_wconf 82' lang='grc' dir='ltr'>γενέσεως</span> <span class='ocrx_word' id='word_1_457' title='bbox 460 1505 506 1532; x_wconf 74' lang='grc' dir='ltr'><strong>ἐπὶ</strong></span> <span class='ocrx_word' id='word_1_458' title='bbox 516 1504 565 1540; x_wconf 86' lang='grc' dir='ltr'>τὴν</span> <span class='ocrx_word' id='word_1_459' title='bbox 576 1504 648 1539; x_wconf 83' lang='grc' dir='ltr'>ζωὴν</span> <span class='ocrx_word' id='word_1_460' title='bbox 659 1504 799 1539; x_wconf 82' lang='grc' dir='ltr'>μέλλοντος</span> <span class='ocrx_word' id='word_1_461' title='bbox 812 1503 907 1538; x_wconf 80' lang='grc' dir='ltr'>παριέ-</span> 
     </span>
    </p>
   </div>
   <div class='ocr_carea' id='block_1_58' title="bbox 993 1412 1743 1451">
    <p class='ocr_par' dir='ltr' id='par_1_58' title="bbox 993 1412 1743 1451">
     <span class='ocr_line' id='line_1_58' title="bbox 993 1412 1743 1451; baseline 0.005 -11"><span class='ocrx_word' id='word_1_462' title='bbox 993 1412 1061 1441; x_wconf 88' lang='lat' dir='ltr'><strong>Cum</strong></span> <span class='ocrx_word' id='word_1_463' title='bbox 1084 1414 1167 1449; x_wconf 90' lang='lat' dir='ltr'><strong>igitur</strong></span> <span class='ocrx_word' id='word_1_464' title='bbox 1191 1415 1318 1442; x_wconf 83' lang='lat' dir='ltr'><strong>universe</strong></span> <span class='ocrx_word' id='word_1_465' title='bbox 1339 1423 1426 1450; x_wconf 89' lang='lat' dir='ltr'><strong>genus</strong></span> <span class='ocrx_word' id='word_1_466' title='bbox 1448 1419 1572 1443; x_wconf 92' lang='lat' dir='ltr'><strong>nostrum</strong></span> <span class='ocrx_word' id='word_1_467' title='bbox 1595 1416 1666 1444; x_wconf 85' lang='lat' dir='ltr'><strong>Deus</strong></span> <span class='ocrx_word' id='word_1_468' title='bbox 1685 1416 1743 1451; x_wconf 85' lang='lat' dir='ltr'><strong>(qui</strong></span> 
     </span>
    </p>
   </div>
   <div class='ocr_carea' id='block_1_59' title="bbox 957 1460 1745 1497">
    <p class='ocr_par' dir='ltr' id='par_1_59' title="bbox 957 1460 1745 1497">
     <span class='ocr_line' id='line_1_59' title="bbox 957 1460 1745 1497; baseline 0.001 -10"><span class='ocrx_word' id='word_1_469' title='bbox 957 1460 1053 1487; x_wconf 89' lang='lat' dir='ltr'><strong>ordine</strong></span> <span class='ocrx_word' id='word_1_470' title='bbox 1069 1464 1142 1487; x_wconf 88' lang='lat' dir='ltr'><strong>certo</strong></span> <span class='ocrx_word' id='word_1_471' title='bbox 1160 1464 1259 1488; x_wconf 83' lang='lat' dir='ltr'><strong>cuncta</strong></span> <span class='ocrx_word' id='word_1_472' title='bbox 1281 1461 1465 1496; x_wconf 82' lang='lat' dir='ltr'><strong>administrat)</strong></span> <span class='ocrx_word' id='word_1_473' title='bbox 1481 1462 1654 1497; x_wconf 87' lang='lat' dir='ltr'><strong>prospiceret</strong></span> <span class='ocrx_word' id='word_1_474' title='bbox 1668 1469 1745 1489; x_wconf 86' lang='lat' dir='ltr'><strong>more</strong></span> 
     </span>
    </p>
   </div>
   <div class='ocr_carea' id='block_1_60' title="bbox 958 1505 1746 1542">
    <p class='ocr_par' dir='ltr' id='par_1_60' title="bbox 958 1505 1746 1542">
     <span class='ocr_line' id='line_1_60' title="bbox 958 1505 1746 1542; baseline 0.004 -10"><span class='ocrx_word' id='word_1_475' title='bbox 958 1505 1101 1533; x_wconf 88' lang='lat' dir='ltr'><strong>brutorum</strong></span> <span class='ocrx_word' id='word_1_476' title='bbox 1118 1506 1298 1534; x_wconf 87' lang='lat' dir='ltr'><strong>animantium</strong></span> <span class='ocrx_word' id='word_1_477' title='bbox 1316 1507 1465 1539; x_wconf 83' lang='lat' dir='ltr'><strong>oriturum,</strong></span> <span class='ocrx_word' id='word_1_478' title='bbox 1487 1515 1576 1542; x_wconf 91' lang='lat' dir='ltr'><strong>neque</strong></span> <span class='ocrx_word' id='word_1_479' title='bbox 1592 1508 1649 1535; x_wconf 79' lang='lat' dir='ltr'><strong>ﬁeri</strong></span> <span class='ocrx_word' id='word_1_480' title='bbox 1665 1508 1746 1535; x_wconf 81' lang='lat' dir='ltr'><strong>aliter</strong></span> 
     </span>
    </p>
   </div>
   <div class='ocr_carea' id='block_1_61' title="bbox 119 1549 904 1595">
    <p class='ocr_par' dir='ltr' id='par_1_61' title="bbox 119 1549 904 1586">
     <span class='ocr_line' id='line_1_61' title="bbox 119 1549 904 1586; baseline -0.003 -9"><span class='ocrx_word' id='word_1_481' title='bbox 119 1559 173 1582; x_wconf 89' lang='grc' dir='ltr'>ναι,</span> <span class='ocrx_word' id='word_1_482' title='bbox 187 1552 201 1577; x_wconf 74' lang='grc' dir='ltr'>ὁ</span> <span class='ocrx_word' id='word_1_483' title='bbox 216 1550 291 1583; x_wconf 68' lang='grc' dir='ltr'>τάξει</span> <span class='ocrx_word' id='word_1_484' title='bbox 308 1551 361 1578; x_wconf 81' lang='grc' dir='ltr'>τινὶ</span> <span class='ocrx_word' id='word_1_485' title='bbox 379 1552 426 1578; x_wconf 77' lang='grc' dir='ltr'>καὶ</span> <span class='ocrx_word' id='word_1_486' title='bbox 448 1551 536 1586; x_wconf 78' lang='grc' dir='ltr'>είρμῷ</span> <span class='ocrx_word' id='word_1_487' title='bbox 558 1550 741 1585; x_wconf 77' lang='grc' dir='ltr'>διακυϐερνῶν</span> <span class='ocrx_word' id='word_1_488' title='bbox 765 1549 799 1576; x_wconf 77' lang='grc' dir='ltr'><strong>τὰ</strong></span> <span class='ocrx_word' id='word_1_489' title='bbox 819 1549 904 1576; x_wconf 78' lang='grc' dir='ltr'>πάντα</span> 
     </span>
    </p>
   </div>
   <div class='ocr_carea' id='block_1_62' title="bbox 958 1549 1746 1595">
    <p class='ocr_par' dir='ltr' id='par_1_62' title="bbox 960 1552 1746 1590">
     <span class='ocr_line' id='line_1_62' title="bbox 960 1552 1746 1590; baseline 0.004 -12"><span class='ocrx_word' id='word_1_490' title='bbox 960 1559 1041 1586; x_wconf 84' lang='lat' dir='ltr'><strong>posse</strong></span> <span class='ocrx_word' id='word_1_491' title='bbox 1055 1552 1230 1587; x_wconf 79' lang='lat' dir='ltr'><strong>intelligeret,</strong></span> <span class='ocrx_word' id='word_1_492' title='bbox 1248 1561 1331 1586; x_wconf 89' lang='lat' dir='ltr'><strong>quam</strong></span> <span class='ocrx_word' id='word_1_493' title='bbox 1355 1556 1384 1580; x_wconf 94' lang='lat' dir='ltr'><strong>ut</strong></span> <span class='ocrx_word' id='word_1_494' title='bbox 1407 1553 1459 1580; x_wconf 92' lang='lat' dir='ltr'><strong>hoc</strong></span> <span class='ocrx_word' id='word_1_495' title='bbox 1474 1553 1556 1580; x_wconf 91' lang='lat' dir='ltr'><strong>modo</strong></span> <span class='ocrx_word' id='word_1_496' title='bbox 1581 1561 1746 1590; x_wconf 81' lang='lat' dir='ltr'><strong>propagare—</strong></span> 
     </span>
    </p>
   </div>
   <div class='ocr_carea' id='block_1_63' title="bbox 118 1593 906 1631">
    <p class='ocr_par' dir='ltr' id='par_1_63' title="bbox 118 1593 906 1631">
     <span class='ocr_line' id='line_1_63' title="bbox 118 1593 906 1631; baseline -0.005 -9"><span class='ocrx_word' id='word_1_497' title='bbox 118 1596 193 1629; x_wconf 67' lang='grc' dir='ltr'>Θεὸς,</span> <span class='ocrx_word' id='word_1_498' title='bbox 205 1596 298 1631; x_wconf 83' lang='grc' dir='ltr'>ἐπειδὴ</span> <span class='ocrx_word' id='word_1_499' title='bbox 306 1596 373 1627; x_wconf 81' lang='grc' dir='ltr'>ὅλως</span> <span class='ocrx_word' id='word_1_500' title='bbox 381 1596 411 1622; x_wconf 81' lang='grc' dir='ltr'><strong>τὺ</strong></span> <span class='ocrx_word' id='word_1_501' title='bbox 419 1596 536 1622; x_wconf 75' lang='grc' dir='ltr'>τοιοῦτον</span> <span class='ocrx_word' id='word_1_502' title='bbox 544 1595 577 1629; x_wconf 85' lang='grc' dir='ltr'><strong>τῇ</strong></span> <span class='ocrx_word' id='word_1_503' title='bbox 588 1593 635 1621; x_wconf 86' lang='grc' dir='ltr'><strong>ἀνθ</strong></span> <span class='ocrx_word' id='word_1_504' title='bbox 639 1593 776 1629; x_wconf 80' lang='grc' dir='ltr'>ρωπότητι</span> <span class='ocrx_word' id='word_1_505' title='bbox 783 1593 832 1628; x_wconf 81' lang='grc' dir='ltr'>τῆς</span> <span class='ocrx_word' id='word_1_506' title='bbox 844 1601 906 1627; x_wconf 87' lang='grc' dir='ltr'>γεν-</span> 
     </span>
    </p>
   </div>
   <div class='ocr_carea' id='block_1_64' title="bbox 119 1639 906 1676">
    <p class='ocr_par' dir='ltr' id='par_1_64' title="bbox 119 1639 906 1676">
     <span class='ocr_line' id='line_1_64' title="bbox 119 1639 906 1676; baseline -0.004 -8"><span class='ocrx_word' id='word_1_507' title='bbox 119 1643 220 1676; x_wconf 77' lang='grc' dir='ltr'>νήσεως</span> <span class='ocrx_word' id='word_1_508' title='bbox 232 1640 299 1673; x_wconf 78' lang='grc' dir='ltr'>εἶδος</span> <span class='ocrx_word' id='word_1_509' title='bbox 316 1641 461 1675; x_wconf 83' lang='grc' dir='ltr'>ἀναγκαῖον</span> <span class='ocrx_word' id='word_1_510' title='bbox 476 1640 602 1674; x_wconf 79' lang='grc' dir='ltr'>ἐποίησεν</span> <span class='ocrx_word' id='word_1_511' title='bbox 619 1641 636 1675; x_wconf 80' lang='grc' dir='ltr'>ἡ</span> <span class='ocrx_word' id='word_1_512' title='bbox 650 1639 718 1675; x_wconf 69' lang='grc' dir='ltr'>πρὸς</span> <span class='ocrx_word' id='word_1_513' title='bbox 733 1639 764 1665; x_wconf 82' lang='grc' dir='ltr'>τὸ</span> <span class='ocrx_word' id='word_1_514' title='bbox 779 1639 906 1665; x_wconf 79' lang='grc' dir='ltr'>ταπεινὸν</span> 
     </span>
    </p>
   </div>
   <div class='ocr_carea' id='block_1_65' title="bbox 119 1684 906 1722">
    <p class='ocr_par' dir='ltr' id='par_1_65' title="bbox 119 1684 906 1722">
     <span class='ocr_line' id='line_1_65' title="bbox 119 1684 906 1722; baseline -0.001 -10"><span class='ocrx_word' id='word_1_515' title='bbox 119 1688 167 1722; x_wconf 78' lang='grc' dir='ltr'>τῆς</span> <span class='ocrx_word' id='word_1_516' title='bbox 182 1687 286 1721; x_wconf 77' lang='grc' dir='ltr'>φύσεως</span> <span class='ocrx_word' id='word_1_517' title='bbox 306 1686 385 1721; x_wconf 82' lang='grc' dir='ltr'>ἡμῶν</span> <span class='ocrx_word' id='word_1_518' title='bbox 399 1686 544 1717; x_wconf 83' lang='grc' dir='ltr'>ὲπίκλισις,</span> <span class='ocrx_word' id='word_1_519' title='bbox 556 1686 588 1720; x_wconf 86' lang='grc' dir='ltr'>ἥν</span> <span class='ocrx_word' id='word_1_520' title='bbox 604 1684 656 1712; x_wconf 81' lang='grc' dir='ltr'>εἶδε</span> <span class='ocrx_word' id='word_1_521' title='bbox 674 1686 738 1721; x_wconf 77' lang='grc' dir='ltr'>πρὶν</span> <span class='ocrx_word' id='word_1_522' title='bbox 751 1685 876 1719; x_wconf 83' lang='grc' dir='ltr'>γενέσθαι</span> <span class='ocrx_word' id='word_1_523' title='bbox 892 1686 906 1711; x_wconf 83' lang='grc' dir='ltr'>ὁ</span> 
     </span>
    </p>
   </div>
   <div class='ocr_carea' id='block_1_66' title="bbox 119 1730 906 1767">
    <p class='ocr_par' dir='ltr' id='par_1_66' title="bbox 119 1730 906 1767">
     <span class='ocr_line' id='line_1_66' title="bbox 119 1730 906 1767; baseline -0.003 -9"><span class='ocrx_word' id='word_1_524' title='bbox 119 1732 215 1767; x_wconf 73' lang='grc' dir='ltr'>ἐπίσης</span> <span class='ocrx_word' id='word_1_525' title='bbox 226 1732 264 1767; x_wconf 82' lang='grc' dir='ltr'><strong>τῷ</strong></span> <span class='ocrx_word' id='word_1_526' title='bbox 276 1731 404 1758; x_wconf 83' lang='grc' dir='ltr'>ἐνεστῶτι</span> <span class='ocrx_word' id='word_1_527' title='bbox 415 1732 445 1758; x_wconf 82' lang='grc' dir='ltr'><strong>τὸ</strong></span> <span class='ocrx_word' id='word_1_528' title='bbox 461 1731 555 1766; x_wconf 83' lang='grc' dir='ltr'>μέλλον</span> <span class='ocrx_word' id='word_1_529' title='bbox 571 1731 686 1766; x_wconf 80' lang='grc' dir='ltr'>βλέπων,</span> <span class='ocrx_word' id='word_1_530' title='bbox 706 1730 750 1757; x_wconf 75' lang='grc' dir='ltr'>διὰ</span> <span class='ocrx_word' id='word_1_531' title='bbox 762 1730 842 1756; x_wconf 79' lang='grc' dir='ltr'>τοῦτο</span> <span class='ocrx_word' id='word_1_532' title='bbox 860 1730 906 1756; x_wconf 78' lang='grc' dir='ltr'>καὶ</span> 
     </span>
    </p>
   </div>
   <div class='ocr_carea' id='block_1_67' title="bbox 119 1775 906 1813">
    <p class='ocr_par' dir='ltr' id='par_1_67' title="bbox 119 1775 906 1813">
     <span class='ocr_line' id='line_1_67' title="bbox 119 1775 906 1813; baseline -0.003 -10"><span class='ocrx_word' id='word_1_533' title='bbox 119 1777 164 1804; x_wconf 71' lang='grc' dir='ltr'>τὸν</span> <span class='ocrx_word' id='word_1_534' title='bbox 178 1778 333 1813; x_wconf 82' lang='grc' dir='ltr'>σύμμετρον</span> <span class='ocrx_word' id='word_1_535' title='bbox 352 1779 385 1812; x_wconf 82' lang='grc' dir='ltr'>τῇ</span> <span class='ocrx_word' id='word_1_536' title='bbox 403 1777 557 1811; x_wconf 79' lang='grc' dir='ltr'>κατασκευῇ</span> <span class='ocrx_word' id='word_1_537' title='bbox 569 1776 624 1802; x_wconf 88' lang='grc' dir='ltr'><strong>τῶν</strong></span> <span class='ocrx_word' id='word_1_538' title='bbox 647 1775 798 1812; x_wconf 77' lang='grc' dir='ltr'>ἀνθρώπων</span> <span class='ocrx_word' id='word_1_539' title='bbox 811 1775 906 1810; x_wconf 77' lang='grc' dir='ltr'>χρόνον</span> 
     </span>
    </p>
   </div>
   <div class='ocr_carea' id='block_1_68' title="bbox 121 1819 906 1859">
    <p class='ocr_par' dir='ltr' id='par_1_68' title="bbox 121 1819 906 1859">
     <span class='ocr_line' id='line_1_68' title="bbox 121 1819 906 1859; baseline -0.006 -9"><span class='ocrx_word' id='word_1_540' title='bbox 121 1823 350 1859; x_wconf 81' lang='grc' dir='ltr'>προκατενόησεν·</span> <span class='ocrx_word' id='word_1_541' title='bbox 364 1823 434 1849; x_wconf 82' lang='grc' dir='ltr'>ὥστε</span> <span class='ocrx_word' id='word_1_542' title='bbox 445 1823 478 1857; x_wconf 81' lang='grc' dir='ltr'><strong>τῇ</strong></span> <span class='ocrx_word' id='word_1_543' title='bbox 499 1821 606 1857; x_wconf 82' lang='grc' dir='ltr'>παρόδῳ</span> <span class='ocrx_word' id='word_1_544' title='bbox 618 1821 672 1847; x_wconf 83' lang='grc' dir='ltr'><strong>τῶν</strong></span> <span class='ocrx_word' id='word_1_545' title='bbox 684 1819 906 1855; x_wconf 81' lang='grc' dir='ltr'>περιορισθεισῶν</span> 
     </span>
    </p>
   </div>
   <div class='ocr_carea' id='block_1_69' title="bbox 119 1864 905 1904">
    <p class='ocr_par' dir='ltr' id='par_1_69' title="bbox 119 1864 905 1904">
     <span class='ocr_line' id='line_1_69' title="bbox 119 1864 905 1904; baseline -0.009 -8"><span class='ocrx_word' id='word_1_546' title='bbox 119 1869 212 1904; x_wconf 75' lang='grc' dir='ltr'>ψυχῶν</span> <span class='ocrx_word' id='word_1_547' title='bbox 231 1868 478 1903; x_wconf 76' lang='grc' dir='ltr'>συναπαρτισθῆναι</span> <span class='ocrx_word' id='word_1_548' title='bbox 498 1867 547 1902; x_wconf 77' lang='grc' dir='ltr'>τὴν</span> <span class='ocrx_word' id='word_1_549' title='bbox 571 1865 618 1892; x_wconf 80' lang='grc' dir='ltr'>τοῦ</span> <span class='ocrx_word' id='word_1_550' title='bbox 633 1865 728 1900; x_wconf 81' lang='grc' dir='ltr'>χρόνου</span> <span class='ocrx_word' id='word_1_551' title='bbox 744 1864 905 1899; x_wconf 81' lang='grc' dir='ltr'>παράτασιν,</span> 
     </span>
    </p>
   </div>
   <div class='ocr_carea' id='block_1_70' title="bbox 119 1908 907 1947">
    <p class='ocr_par' dir='ltr' id='par_1_70' title="bbox 119 1908 907 1947">
     <span class='ocr_line' id='line_1_70' title="bbox 119 1908 907 1947; baseline -0.009 -7"><span class='ocrx_word' id='word_1_552' title='bbox 119 1915 168 1940; x_wconf 78' lang='grc' dir='ltr'>καὶ</span> <span class='ocrx_word' id='word_1_553' title='bbox 180 1913 240 1940; x_wconf 84' lang='grc' dir='ltr'>τότε</span> <span class='ocrx_word' id='word_1_554' title='bbox 260 1914 353 1947; x_wconf 82' lang='grc' dir='ltr'>στῆναι</span> <span class='ocrx_word' id='word_1_555' title='bbox 368 1912 417 1946; x_wconf 76' lang='grc' dir='ltr'>τὴν</span> <span class='ocrx_word' id='word_1_556' title='bbox 437 1911 522 1946; x_wconf 78' lang='grc' dir='ltr'>ῥοώδη</span> <span class='ocrx_word' id='word_1_557' title='bbox 537 1910 584 1936; x_wconf 84' lang='grc' dir='ltr'>τοῦ</span> <span class='ocrx_word' id='word_1_558' title='bbox 600 1910 695 1944; x_wconf 77' lang='grc' dir='ltr'>χρόνον</span> <span class='ocrx_word' id='word_1_559' title='bbox 710 1908 832 1943; x_wconf 84' lang='grc' dir='ltr'>κίνησιν,</span> <span class='ocrx_word' id='word_1_560' title='bbox 844 1908 907 1934; x_wconf 81' lang='grc' dir='ltr'>ὅταν</span> 
     </span>
    </p>
   </div>
   <div class='ocr_carea' id='block_1_71' title="bbox 123 1953 907 1994">
    <p class='ocr_par' dir='ltr' id='par_1_71' title="bbox 123 1953 907 1994">
     <span class='ocr_line' id='line_1_71' title="bbox 123 1953 907 1994; baseline -0.006 -10"><span class='ocrx_word' id='word_1_561' title='bbox 123 1959 220 1994; x_wconf 84' lang='grc' dir='ltr'>μηκέτι</span> <span class='ocrx_word' id='word_1_562' title='bbox 235 1957 335 1993; x_wconf 79' lang='grc' dir='ltr'>φύηται</span> <span class='ocrx_word' id='word_1_563' title='bbox 349 1957 382 1984; x_wconf 78' lang='grc' dir='ltr'><strong>δι’</strong></span> <span class='ocrx_word' id='word_1_564' title='bbox 394 1956 477 1983; x_wconf 76' lang='grc' dir='ltr'>αὑτοῦ</span> <span class='ocrx_word' id='word_1_565' title='bbox 496 1956 526 1983; x_wconf 83' lang='grc' dir='ltr'>τὸ</span> <span class='ocrx_word' id='word_1_566' title='bbox 539 1955 706 1991; x_wconf 80' lang='grc' dir='ltr'>ἀνθρώπινον</span> <span class='ocrx_word' id='word_1_567' title='bbox 716 1962 723 1969; x_wconf 82' lang='lat'><strong>&#39;</strong></span> <span class='ocrx_word' id='word_1_568' title='bbox 736 1953 907 1989; x_wconf 82' lang='grc' dir='ltr'>τελεσθείσης</span> 
     </span>
    </p>
   </div>
   <div class='ocr_carea' id='block_1_72' title="bbox 119 1999 907 2039">
    <p class='ocr_par' dir='ltr' id='par_1_72' title="bbox 119 1999 907 2039">
     <span class='ocr_line' id='line_1_72' title="bbox 119 1999 907 2039; baseline -0.008 -8"><span class='ocrx_word' id='word_1_569' title='bbox 119 2005 149 2031; x_wconf 81' lang='grc' dir='ltr'><strong>δὲ</strong></span> <span class='ocrx_word' id='word_1_570' title='bbox 171 2005 219 2039; x_wconf 80' lang='grc' dir='ltr'>τῆς</span> <span class='ocrx_word' id='word_1_571' title='bbox 239 2003 292 2030; x_wconf 86' lang='grc' dir='ltr'><strong>τῶν</strong></span> <span class='ocrx_word' id='word_1_572' title='bbox 317 2003 467 2038; x_wconf 77' lang='grc' dir='ltr'>ἀνθρώπων</span> <span class='ocrx_word' id='word_1_573' title='bbox 488 2003 634 2037; x_wconf 81' lang='grc' dir='ltr'>γενέσεως,</span> <span class='ocrx_word' id='word_1_574' title='bbox 655 2001 694 2037; x_wconf 81' lang='grc' dir='ltr'>τῷ</span> <span class='ocrx_word' id='word_1_575' title='bbox 713 2000 784 2027; x_wconf 82' lang='grc' dir='ltr'>τέλει</span> <span class='ocrx_word' id='word_1_576' title='bbox 807 1999 907 2032; x_wconf 72' lang='grc' dir='ltr'>ταύτης</span> 
     </span>
    </p>
   </div>
   <div class='ocr_carea' id='block_1_73' title="bbox 122 2045 907 2084">
    <p class='ocr_par' dir='ltr' id='par_1_73' title="bbox 122 2045 907 2084">
     <span class='ocr_line' id='line_1_73' title="bbox 122 2045 907 2084; baseline -0.005 -9"><span class='ocrx_word' id='word_1_577' title='bbox 122 2048 324 2083; x_wconf 76' lang='grc' dir='ltr'>συγκαταλῆξαι</span> <span class='ocrx_word' id='word_1_578' title='bbox 342 2048 386 2074; x_wconf 74' lang='grc' dir='ltr'><strong>τὸν</strong></span> <span class='ocrx_word' id='word_1_579' title='bbox 407 2048 512 2084; x_wconf 77' lang='grc' dir='ltr'>χρόνον,</span> <span class='ocrx_word' id='word_1_580' title='bbox 530 2048 576 2073; x_wconf 79' lang='grc' dir='ltr'>καὶ</span> <span class='ocrx_word' id='word_1_581' title='bbox 589 2046 660 2074; x_wconf 76' lang='grc' dir='ltr'>οὕτω</span> <span class='ocrx_word' id='word_1_582' title='bbox 678 2046 727 2081; x_wconf 80' lang='grc' dir='ltr'>τὴν</span> <span class='ocrx_word' id='word_1_583' title='bbox 746 2045 792 2072; x_wconf 84' lang='grc' dir='ltr'>τοῦ</span> <span class='ocrx_word' id='word_1_584' title='bbox 808 2045 907 2076; x_wconf 81' lang='grc' dir='ltr'>παντὸς</span> 
     </span>
    </p>
   </div>
   <div class='ocr_carea' id='block_1_74' title="bbox 121 2091 906 2129">
    <p class='ocr_par' dir='ltr' id='par_1_74' title="bbox 121 2091 906 2129">
     <span class='ocr_line' id='line_1_74' title="bbox 121 2091 906 2129; baseline -0.006 -7"><span class='ocrx_word' id='word_1_585' title='bbox 121 2094 341 2129; x_wconf 78' lang='grc' dir='ltr'>ἁναστοιχείωσιν</span> <span class='ocrx_word' id='word_1_586' title='bbox 353 2093 488 2128; x_wconf 77' lang='grc' dir='ltr'>γενέσθαι,</span> <span class='ocrx_word' id='word_1_587' title='bbox 509 2094 555 2120; x_wconf 79' lang='grc' dir='ltr'>καὶ</span> <span class='ocrx_word' id='word_1_588' title='bbox 572 2094 605 2128; x_wconf 82' lang='grc' dir='ltr'>τῇ</span> <span class='ocrx_word' id='word_1_589' title='bbox 621 2092 755 2127; x_wconf 77' lang='grc' dir='ltr'>μεταϐολῇ</span> <span class='ocrx_word' id='word_1_590' title='bbox 780 2091 827 2118; x_wconf 80' lang='grc' dir='ltr'>τοῦ</span> <span class='ocrx_word' id='word_1_591' title='bbox 847 2091 906 2117; x_wconf 78' lang='grc' dir='ltr'>ὅλου</span> 
     </span>
    </p>
   </div>
   <div class='ocr_carea' id='block_1_75' title="bbox 123 2135 907 2175">
    <p class='ocr_par' dir='ltr' id='par_1_75' title="bbox 123 2135 907 2175">
     <span class='ocr_line' id='line_1_75' title="bbox 123 2135 907 2175; baseline -0.005 -9"><span class='ocrx_word' id='word_1_592' title='bbox 123 2139 337 2175; x_wconf 78' lang='grc' dir='ltr'>συναμειφθῆναι</span> <span class='ocrx_word' id='word_1_593' title='bbox 356 2140 402 2165; x_wconf 80' lang='grc' dir='ltr'>καὶ</span> <span class='ocrx_word' id='word_1_594' title='bbox 417 2139 447 2164; x_wconf 80' lang='grc' dir='ltr'>τὸ</span> <span class='ocrx_word' id='word_1_595' title='bbox 461 2137 639 2173; x_wconf 83' lang='grc' dir='ltr'>ἀνθρώπινον,</span> <span class='ocrx_word' id='word_1_596' title='bbox 657 2137 710 2163; x_wconf 80' lang='grc' dir='ltr'><strong>ἀπὸ</strong></span> <span class='ocrx_word' id='word_1_597' title='bbox 723 2136 770 2163; x_wconf 74' lang='grc' dir='ltr'><strong>τοῦ</strong></span> <span class='ocrx_word' id='word_1_598' title='bbox 788 2135 907 2171; x_wconf 80' lang='grc' dir='ltr'>φθαρτοῦ</span> 
     </span>
    </p>
   </div>
   <div class='ocr_carea' id='block_1_76' title="bbox 121 2181 909 2218">
    <p class='ocr_par' dir='ltr' id='par_1_76' title="bbox 121 2181 909 2218">
     <span class='ocr_line' id='line_1_76' title="bbox 121 2181 909 2218; baseline -0.005 -8"><span class='ocrx_word' id='word_1_599' title='bbox 121 2185 169 2211; x_wconf 69' lang='grc' dir='ltr'><strong>καὶ</strong></span> <span class='ocrx_word' id='word_1_600' title='bbox 183 2184 298 2218; x_wconf 77' lang='grc' dir='ltr'>γεώδους</span> <span class='ocrx_word' id='word_1_601' title='bbox 317 2185 362 2210; x_wconf 79' lang='grc' dir='ltr'><strong>ἐπὶ</strong></span> <span class='ocrx_word' id='word_1_602' title='bbox 380 2184 410 2210; x_wconf 79' lang='grc' dir='ltr'>τὸ</span> <span class='ocrx_word' id='word_1_603' title='bbox 425 2183 529 2214; x_wconf 71' lang='grc' dir='ltr'>ἀπαθὲς</span> <span class='ocrx_word' id='word_1_604' title='bbox 545 2183 591 2208; x_wconf 83' lang='grc' dir='ltr'><strong>καὶ</strong></span> <span class='ocrx_word' id='word_1_605' title='bbox 605 2182 698 2209; x_wconf 75' lang='grc' dir='ltr'>ἀΐδιον.</span> <span class='ocrx_word' id='word_1_606' title='bbox 716 2182 749 2208; x_wconf 86' lang='grc' dir='ltr'><em>Ὃ</em></span> <span class='ocrx_word' id='word_1_607' title='bbox 769 2189 813 2216; x_wconf 88' lang='grc' dir='ltr'><strong>μοι</strong></span> <span class='ocrx_word' id='word_1_608' title='bbox 837 2181 909 2207; x_wconf 83' lang='grc' dir='ltr'>δοκεῖ</span> 
     </span>
    </p>
   </div>
   <div class='ocr_carea' id='block_1_77' title="bbox 959 1598 1745 1629">
    <p class='ocr_par' dir='ltr' id='par_1_77' title="bbox 959 1598 1745 1629">
     <span class='ocr_line' id='line_1_77' title="bbox 959 1598 1745 1629; baseline 0.005 -7"><span class='ocrx_word' id='word_1_609' title='bbox 959 1601 1014 1629; x_wconf 85' lang='lat' dir='ltr'><strong>tur,</strong></span> <span class='ocrx_word' id='word_1_610' title='bbox 1038 1601 1135 1623; x_wconf 88' lang='lat' dir='ltr'><strong>natura</strong></span> <span class='ocrx_word' id='word_1_611' title='bbox 1161 1604 1190 1624; x_wconf 86' lang='lat' dir='ltr'><strong>se</strong></span> <span class='ocrx_word' id='word_1_612' title='bbox 1209 1601 1303 1625; x_wconf 86' lang='lat' dir='ltr'><strong>nostra</strong></span> <span class='ocrx_word' id='word_1_613' title='bbox 1325 1598 1497 1626; x_wconf 88' lang='lat' dir='ltr'><strong>humiliorem</strong></span> <span class='ocrx_word' id='word_1_614' title='bbox 1522 1599 1555 1625; x_wconf 84' lang='lat' dir='ltr'><strong>ad</strong></span> <span class='ocrx_word' id='word_1_615' title='bbox 1573 1602 1673 1626; x_wconf 86' lang='lat' dir='ltr'><strong>statum</strong></span> <span class='ocrx_word' id='word_1_616' title='bbox 1696 1599 1745 1626; x_wconf 84' lang='lat' dir='ltr'><strong>dc-</strong></span> 
     </span>
    </p>
   </div>
   <div class='ocr_carea' id='block_1_78' title="bbox 960 1642 1744 1678">
    <p class='ocr_par' dir='ltr' id='par_1_78' title="bbox 960 1642 1744 1678">
     <span class='ocr_line' id='line_1_78' title="bbox 960 1642 1744 1678; baseline 0.003 -10"><span class='ocrx_word' id='word_1_617' title='bbox 960 1642 1099 1675; x_wconf 90' lang='lat' dir='ltr'><strong>mittente,</strong></span> <span class='ocrx_word' id='word_1_618' title='bbox 1116 1642 1186 1670; x_wconf 85' lang='lat' dir='ltr'><strong>sicut</strong></span> <span class='ocrx_word' id='word_1_619' title='bbox 1197 1643 1254 1677; x_wconf 77' lang='lat' dir='ltr'><strong>ipse</strong></span> <span class='ocrx_word' id='word_1_620' title='bbox 1266 1642 1351 1670; x_wconf 88' lang='lat' dir='ltr'><strong>multo</strong></span> <span class='ocrx_word' id='word_1_621' title='bbox 1367 1648 1430 1670; x_wconf 92' lang='lat' dir='ltr'><strong>ante</strong></span> <span class='ocrx_word' id='word_1_622' title='bbox 1445 1643 1502 1670; x_wconf 81' lang='lat' dir='ltr'><strong>fore</strong></span> <span class='ocrx_word' id='word_1_623' title='bbox 1515 1644 1685 1677; x_wconf 64' lang='lat' dir='ltr'><strong>praeviderat,</strong></span> <span class='ocrx_word' id='word_1_624' title='bbox 1698 1644 1744 1678; x_wconf 90' lang='lat' dir='ltr'><strong>qui</strong></span> 
     </span>
    </p>
   </div>
   <div class='ocr_carea' id='block_1_79' title="bbox 960 1687 1743 1724">
    <p class='ocr_par' dir='ltr' id='par_1_79' title="bbox 960 1687 1743 1724">
     <span class='ocr_line' id='line_1_79' title="bbox 960 1687 1743 1724; baseline 0.003 -10"><span class='ocrx_word' id='word_1_625' title='bbox 960 1687 1068 1716; x_wconf 79' lang='lat' dir='ltr'><strong>futuros</strong></span> <span class='ocrx_word' id='word_1_626' title='bbox 1090 1692 1204 1716; x_wconf 85' lang='lat' dir='ltr'><strong>eventus</strong></span> <span class='ocrx_word' id='word_1_627' title='bbox 1221 1693 1351 1723; x_wconf 83' lang='lat' dir='ltr'><strong>tanquam</strong></span> <span class='ocrx_word' id='word_1_628' title='bbox 1371 1697 1417 1716; x_wconf 88' lang='lat' dir='ltr'><strong>res</strong></span> <span class='ocrx_word' id='word_1_629' title='bbox 1436 1693 1584 1724; x_wconf 73' lang='lat' dir='ltr'><strong>praesentes</strong></span> <span class='ocrx_word' id='word_1_630' title='bbox 1602 1689 1743 1717; x_wconf 84' lang='lat' dir='ltr'><strong>intuetur:</strong></span> 
     </span>
    </p>
   </div>
   <div class='ocr_carea' id='block_1_80' title="bbox 959 1733 1746 1770">
    <p class='ocr_par' dir='ltr' id='par_1_80' title="bbox 959 1733 1746 1770">
     <span class='ocr_line' id='line_1_80' title="bbox 959 1733 1746 1770; baseline -0.001 -9"><span class='ocrx_word' id='word_1_631' title='bbox 959 1735 1041 1761; x_wconf 87' lang='lat' dir='ltr'><strong>etiam</strong></span> <span class='ocrx_word' id='word_1_632' title='bbox 1054 1742 1141 1761; x_wconf 64' lang='lat' dir='ltr'><strong>sevum</strong></span> <span class='ocrx_word' id='word_1_633' title='bbox 1157 1733 1293 1768; x_wconf 85' lang='lat' dir='ltr'><strong>quoddam</strong></span> <span class='ocrx_word' id='word_1_634' title='bbox 1311 1735 1476 1762; x_wconf 87' lang='lat' dir='ltr'><strong>conveniens</strong></span> <span class='ocrx_word' id='word_1_635' title='bbox 1497 1735 1605 1770; x_wconf 83' lang='lat' dir='ltr'><strong>opiﬁcio</strong></span> <span class='ocrx_word' id='word_1_636' title='bbox 1626 1735 1746 1762; x_wconf 71' lang='lat' dir='ltr'><strong>humano</strong></span> 
     </span>
    </p>
   </div>
   <div class='ocr_carea' id='block_1_81' title="bbox 959 1778 1745 1813">
    <p class='ocr_par' dir='ltr' id='par_1_81' title="bbox 959 1778 1745 1813">
     <span class='ocr_line' id='line_1_81' title="bbox 959 1778 1745 1813; baseline 0.003 -9"><span class='ocrx_word' id='word_1_637' title='bbox 959 1778 1115 1812; x_wconf 62' lang='lat' dir='ltr'><strong>praestituit,</strong></span> <span class='ocrx_word' id='word_1_638' title='bbox 1129 1781 1159 1805; x_wconf 93' lang='lat' dir='ltr'><strong>ut</strong></span> <span class='ocrx_word' id='word_1_639' title='bbox 1176 1778 1328 1804; x_wconf 89' lang='lat' dir='ltr'><strong>animarum</strong></span> <span class='ocrx_word' id='word_1_640' title='bbox 1352 1785 1466 1805; x_wconf 83' lang='lat' dir='ltr'><strong>numero</strong></span> <span class='ocrx_word' id='word_1_641' title='bbox 1482 1780 1612 1813; x_wconf 87' lang='lat' dir='ltr'><strong>temporis</strong></span> <span class='ocrx_word' id='word_1_642' title='bbox 1635 1780 1745 1806; x_wconf 92' lang='lat' dir='ltr'><strong>duratio</strong></span> 
     </span>
    </p>
   </div>
   <div class='ocr_carea' id='block_1_82' title="bbox 960 1823 1746 1858">
    <p class='ocr_par' dir='ltr' id='par_1_82' title="bbox 960 1823 1746 1858">
     <span class='ocr_line' id='line_1_82' title="bbox 960 1823 1746 1858; baseline 0 -7"><span class='ocrx_word' id='word_1_643' title='bbox 960 1823 1138 1858; x_wconf 88' lang='lat' dir='ltr'><strong>responderet</strong></span> <span class='ocrx_word' id='word_1_644' title='bbox 1153 1832 1160 1850; x_wconf 84' lang='lat'><strong>:</strong></span> <span class='ocrx_word' id='word_1_645' title='bbox 1177 1826 1259 1858; x_wconf 83' lang='lat' dir='ltr'><strong>atque</strong></span> <span class='ocrx_word' id='word_1_646' title='bbox 1276 1827 1333 1850; x_wconf 91' lang='lat' dir='ltr'><strong>tum</strong></span> <span class='ocrx_word' id='word_1_647' title='bbox 1347 1823 1455 1850; x_wconf 88' lang='lat' dir='ltr'><strong>demum</strong></span> <span class='ocrx_word' id='word_1_648' title='bbox 1474 1823 1564 1850; x_wconf 84' lang='lat' dir='ltr'><strong>ﬂuxus</strong></span> <span class='ocrx_word' id='word_1_649' title='bbox 1579 1824 1624 1851; x_wconf 92' lang='lat' dir='ltr'><strong>ille</strong></span> <span class='ocrx_word' id='word_1_650' title='bbox 1639 1829 1746 1858; x_wconf 86' lang='lat' dir='ltr'><strong>tempo-</strong></span> 
     </span>
    </p>
   </div>
   <div class='ocr_carea' id='block_1_83' title="bbox 960 1868 1745 1904">
    <p class='ocr_par' dir='ltr' id='par_1_83' title="bbox 960 1868 1745 1904">
     <span class='ocr_line' id='line_1_83' title="bbox 960 1868 1745 1904; baseline 0.001 -9"><span class='ocrx_word' id='word_1_651' title='bbox 960 1869 1000 1895; x_wconf 87' lang='lat' dir='ltr'><strong>ris</strong></span> <span class='ocrx_word' id='word_1_652' title='bbox 1018 1872 1109 1895; x_wconf 90' lang='lat' dir='ltr'><strong>motus</strong></span> <span class='ocrx_word' id='word_1_653' title='bbox 1123 1868 1286 1902; x_wconf 88' lang='lat' dir='ltr'><strong>quiesceret,</strong></span> <span class='ocrx_word' id='word_1_654' title='bbox 1301 1874 1362 1894; x_wconf 92' lang='lat' dir='ltr'><strong>cum</strong></span> <span class='ocrx_word' id='word_1_655' title='bbox 1377 1875 1462 1903; x_wconf 87' lang='lat' dir='ltr'><strong>genus</strong></span> <span class='ocrx_word' id='word_1_656' title='bbox 1479 1868 1628 1895; x_wconf 89' lang='lat' dir='ltr'><strong>humanum</strong></span> <span class='ocrx_word' id='word_1_657' title='bbox 1644 1876 1745 1904; x_wconf 85' lang='lat' dir='ltr'><strong>propa-</strong></span> 
     </span>
    </p>
   </div>
   <div class='ocr_carea' id='block_1_84' title="bbox 960 1912 1744 1949">
    <p class='ocr_par' dir='ltr' id='par_1_84' title="bbox 960 1912 1744 1949">
     <span class='ocr_line' id='line_1_84' title="bbox 960 1912 1744 1949; baseline 0.001 -9"><span class='ocrx_word' id='word_1_658' title='bbox 960 1913 1018 1949; x_wconf 86' lang='lat' dir='ltr'><strong>gari</strong></span> <span class='ocrx_word' id='word_1_659' title='bbox 1030 1913 1168 1944; x_wconf 80' lang='lat' dir='ltr'><strong>desiisset;</strong></span> <span class='ocrx_word' id='word_1_660' title='bbox 1185 1912 1264 1947; x_wconf 83' lang='lat' dir='ltr'><strong>lmjus</strong></span> <span class='ocrx_word' id='word_1_661' title='bbox 1278 1913 1395 1947; x_wconf 89' lang='lat' dir='ltr'><strong>denique</strong></span> <span class='ocrx_word' id='word_1_662' title='bbox 1412 1914 1598 1947; x_wconf 86' lang='lat' dir='ltr'><strong>procreatioue</strong></span> <span class='ocrx_word' id='word_1_663' title='bbox 1609 1914 1744 1946; x_wconf 70' lang='lat' dir='ltr'><strong>absoluta,</strong></span> 
     </span>
    </p>
   </div>
   <div class='ocr_carea' id='block_1_85' title="bbox 962 1958 1745 1995">
    <p class='ocr_par' dir='ltr' id='par_1_85' title="bbox 962 1958 1745 1995">
     <span class='ocr_line' id='line_1_85' title="bbox 962 1958 1745 1995; baseline 0.003 -10"><span class='ocrx_word' id='word_1_664' title='bbox 962 1959 1092 1994; x_wconf 86' lang='lat' dir='ltr'><strong>temporis</strong></span> <span class='ocrx_word' id='word_1_665' title='bbox 1119 1958 1201 1985; x_wconf 86' lang='lat' dir='ltr'><strong>etiam</strong></span> <span class='ocrx_word' id='word_1_666' title='bbox 1226 1959 1396 1985; x_wconf 85' lang='lat' dir='ltr'><strong>continuatio</strong></span> <span class='ocrx_word' id='word_1_667' title='bbox 1421 1960 1586 1993; x_wconf 84' lang='lat' dir='ltr'><strong>exspiraret,</strong></span> <span class='ocrx_word' id='word_1_668' title='bbox 1615 1966 1745 1995; x_wconf 77' lang='lat' dir='ltr'><strong>sequente</strong></span> 
     </span>
    </p>
   </div>
   <div class='ocr_carea' id='block_1_86' title="bbox 961 2003 1746 2038">
    <p class='ocr_par' dir='ltr' id='par_1_86' title="bbox 961 2003 1746 2038">
     <span class='ocr_line' id='line_1_86' title="bbox 961 2003 1746 2038; baseline 0.003 -8"><span class='ocrx_word' id='word_1_669' title='bbox 961 2011 1044 2038; x_wconf 88' lang='lat' dir='ltr'><strong>porro</strong></span> <span class='ocrx_word' id='word_1_670' title='bbox 1060 2011 1150 2031; x_wconf 91' lang='lat' dir='ltr'><strong>rerum</strong></span> <span class='ocrx_word' id='word_1_671' title='bbox 1165 2003 1366 2030; x_wconf 85' lang='lat' dir='ltr'><strong>instauratione</strong></span> <span class='ocrx_word' id='word_1_672' title='bbox 1381 2008 1408 2031; x_wconf 90' lang='lat' dir='ltr'><strong>et</strong></span> <span class='ocrx_word' id='word_1_673' title='bbox 1421 2005 1571 2032; x_wconf 84' lang='lat' dir='ltr'><strong>mutatione</strong></span> <span class='ocrx_word' id='word_1_674' title='bbox 1585 2006 1746 2034; x_wconf 85' lang='lat' dir='ltr'><strong>universita-</strong></span> 
     </span>
    </p>
   </div>
   <div class='ocr_carea' id='block_1_87' title="bbox 961 2048 1746 2084">
    <p class='ocr_par' dir='ltr' id='par_1_87' title="bbox 961 2048 1746 2084">
     <span class='ocr_line' id='line_1_87' title="bbox 961 2048 1746 2084; baseline 0.004 -9"><span class='ocrx_word' id='word_1_675' title='bbox 961 2049 997 2076; x_wconf 90' lang='lat' dir='ltr'><strong>tis</strong></span> <span class='ocrx_word' id='word_1_676' title='bbox 1012 2048 1104 2084; x_wconf 76' lang='lat' dir='ltr'><strong>llujus,</strong></span> <span class='ocrx_word' id='word_1_677' title='bbox 1129 2056 1191 2075; x_wconf 92' lang='lat' dir='ltr'><strong>cum</strong></span> <span class='ocrx_word' id='word_1_678' title='bbox 1205 2057 1258 2084; x_wconf 87' lang='lat' dir='ltr'><strong>qua</strong></span> <span class='ocrx_word' id='word_1_679' title='bbox 1281 2049 1400 2077; x_wconf 90' lang='lat' dir='ltr'><strong>hominis</strong></span> <span class='ocrx_word' id='word_1_680' title='bbox 1421 2049 1568 2083; x_wconf 83' lang='lat' dir='ltr'><strong>conjuncta</strong></span> <span class='ocrx_word' id='word_1_681' title='bbox 1583 2055 1656 2077; x_wconf 79' lang='lat' dir='ltr'><strong>essot</strong></span> <span class='ocrx_word' id='word_1_682' title='bbox 1679 2058 1746 2078; x_wconf 88' lang='lat' dir='ltr'><strong>con-</strong></span> 
     </span>
    </p>
   </div>
   <div class='ocr_carea' id='block_1_88' title="bbox 961 2095 1745 2131">
    <p class='ocr_par' dir='ltr' id='par_1_88' title="bbox 961 2095 1745 2131">
     <span class='ocr_line' id='line_1_88' title="bbox 961 2095 1745 2131; baseline 0 -8"><span class='ocrx_word' id='word_1_683' title='bbox 961 2096 1061 2128; x_wconf 85' lang='lat' dir='ltr'><strong>versio,</strong></span> <span class='ocrx_word' id='word_1_684' title='bbox 1080 2095 1114 2122; x_wconf 87' lang='lat' dir='ltr'><strong>de</strong></span> <span class='ocrx_word' id='word_1_685' title='bbox 1136 2100 1234 2123; x_wconf 85' lang='lat' dir='ltr'><strong>natura</strong></span> <span class='ocrx_word' id='word_1_686' title='bbox 1251 2095 1373 2122; x_wconf 90' lang='lat' dir='ltr'><strong>interitui</strong></span> <span class='ocrx_word' id='word_1_687' title='bbox 1388 2095 1506 2122; x_wconf 81' lang='lat' dir='ltr'><strong>obnoxia</strong></span> <span class='ocrx_word' id='word_1_688' title='bbox 1523 2099 1695 2131; x_wconf 82' lang='lat' dir='ltr'><strong>terrenaque,</strong></span> <span class='ocrx_word' id='word_1_689' title='bbox 1718 2097 1745 2123; x_wconf 91' lang='lat' dir='ltr'><strong>in</strong></span> 
     </span>
    </p>
   </div>
   <div class='ocr_carea' id='block_1_89' title="bbox 961 2141 1746 2178">
    <p class='ocr_par' dir='ltr' id='par_1_89' title="bbox 961 2141 1746 2178">
     <span class='ocr_line' id='line_1_89' title="bbox 961 2141 1746 2178; baseline -0.001 -9"><span class='ocrx_word' id='word_1_690' title='bbox 961 2142 1108 2178; x_wconf 86' lang='lat' dir='ltr'><strong>quamdam</strong></span> <span class='ocrx_word' id='word_1_691' title='bbox 1127 2142 1285 2169; x_wconf 85' lang='lat' dir='ltr'><strong>morborum</strong></span> <span class='ocrx_word' id='word_1_692' title='bbox 1300 2145 1437 2175; x_wconf 86' lang='lat' dir='ltr'><strong>expertem</strong></span> <span class='ocrx_word' id='word_1_693' title='bbox 1459 2145 1485 2168; x_wconf 89' lang='lat' dir='ltr'><strong>et</strong></span> <span class='ocrx_word' id='word_1_694' title='bbox 1499 2141 1689 2168; x_wconf 83' lang='lat' dir='ltr'><strong>immortalem.</strong></span> <span class='ocrx_word' id='word_1_695' title='bbox 1707 2141 1746 2168; x_wconf 89' lang='lat' dir='ltr'><strong>Eo</strong></span> 
     </span>
    </p>
   </div>
   <div class='ocr_carea' id='block_1_90' title="bbox 962 2186 1744 2222">
    <p class='ocr_par' dir='ltr' id='par_1_90' title="bbox 962 2186 1744 2222">
     <span class='ocr_line' id='line_1_90' title="bbox 962 2186 1744 2222; baseline -0.004 -7"><span class='ocrx_word' id='word_1_696' title='bbox 962 2187 1028 2215; x_wconf 90' lang='lat' dir='ltr'><strong>mihi</strong></span> <span class='ocrx_word' id='word_1_697' title='bbox 1045 2187 1198 2222; x_wconf 81' lang='lat' dir='ltr'><strong>respexisse</strong></span> <span class='ocrx_word' id='word_1_698' title='bbox 1210 2187 1319 2214; x_wconf 87' lang='lat' dir='ltr'><strong>divinus</strong></span> <span class='ocrx_word' id='word_1_699' title='bbox 1334 2187 1379 2213; x_wconf 86' lang='lat' dir='ltr'><strong>ille</strong></span> <span class='ocrx_word' id='word_1_700' title='bbox 1393 2186 1538 2220; x_wconf 81' lang='lat' dir='ltr'><strong>Apostolus</strong></span> <span class='ocrx_word' id='word_1_701' title='bbox 1551 2186 1668 2216; x_wconf 84' lang='lat' dir='ltr'><strong>videtur,</strong></span> <span class='ocrx_word' id='word_1_702' title='bbox 1682 2194 1744 2213; x_wconf 91' lang='lat' dir='ltr'><strong>cum</strong></span> 
     </span>
    </p>
   </div>
   <div class='ocr_carea' id='block_1_91' title="bbox 123 2226 904 2268">
    <p class='ocr_par' dir='ltr' id='par_1_91' title="bbox 123 2226 904 2262">
     <span class='ocr_line' id='line_1_91' title="bbox 123 2226 904 2262; baseline -0.005 -6"><span class='ocrx_word' id='word_1_703' title='bbox 123 2229 169 2256; x_wconf 78' lang='grc' dir='ltr'>καὶ</span> <span class='ocrx_word' id='word_1_704' title='bbox 193 2230 207 2256; x_wconf 79' lang='grc' dir='ltr'>ὁ</span> <span class='ocrx_word' id='word_1_705' title='bbox 223 2229 293 2261; x_wconf 80' lang='grc' dir='ltr'>θεῖος</span> <span class='ocrx_word' id='word_1_706' title='bbox 310 2229 469 2260; x_wconf 74' lang='grc' dir='ltr'>’Λπόστολος</span> <span class='ocrx_word' id='word_1_707' title='bbox 494 2228 662 2262; x_wconf 76' lang='grc' dir='ltr'>κατανοήσας</span> <span class='ocrx_word' id='word_1_708' title='bbox 675 2247 683 2258; x_wconf 88' lang='grc'><strong>,</strong></span> <span class='ocrx_word' id='word_1_709' title='bbox 704 2227 844 2262; x_wconf 77' lang='grc' dir='ltr'>προειπεῖν</span> <span class='ocrx_word' id='word_1_710' title='bbox 865 2226 904 2253; x_wconf 70' lang='grc' dir='ltr'><strong>διὰ</strong></span> 
     </span>
    </p>
   </div>
   <div class='ocr_carea' id='block_1_92' title="bbox 958 2226 1744 2268">
    <p class='ocr_par' dir='ltr' id='par_1_92' title="bbox 963 2231 1744 2268">
     <span class='ocr_line' id='line_1_92' title="bbox 963 2231 1744 2268; baseline -0.003 -8"><span class='ocrx_word' id='word_1_711' title='bbox 963 2233 990 2260; x_wconf 91' lang='lat' dir='ltr'><strong>in</strong></span> <span class='ocrx_word' id='word_1_712' title='bbox 1011 2232 1131 2268; x_wconf 87' lang='lat' dir='ltr'><strong>Epistola</strong></span> <span class='ocrx_word' id='word_1_713' title='bbox 1155 2240 1236 2267; x_wconf 82' lang='lat' dir='ltr'><strong>quam</strong></span> <span class='ocrx_word' id='word_1_714' title='bbox 1257 2231 1289 2258; x_wconf 85' lang='lat' dir='ltr'><strong>ad</strong></span> <span class='ocrx_word' id='word_1_715' title='bbox 1304 2231 1460 2259; x_wconf 85' lang='lat' dir='ltr'><strong>Corinthios</strong></span> <span class='ocrx_word' id='word_1_716' title='bbox 1484 2231 1605 2266; x_wconf 84' lang='lat' dir='ltr'><strong>scripsit,</strong></span> <span class='ocrx_word' id='word_1_717' title='bbox 1624 2231 1744 2259; x_wconf 83' lang='lat' dir='ltr'><strong>subitum</strong></span> 
     </span>
    </p>
   </div>
   <div class='ocr_carea' id='block_1_93' title="bbox 123 2272 912 2310">
    <p class='ocr_par' dir='ltr' id='par_1_93' title="bbox 123 2272 912 2310">
     <span class='ocr_line' id='line_1_93' title="bbox 123 2272 912 2310; baseline -0.003 -9"><span class='ocrx_word' id='word_1_718' title='bbox 123 2275 174 2309; x_wconf 79' lang='grc' dir='ltr'>τῆς</span> <span class='ocrx_word' id='word_1_719' title='bbox 187 2275 253 2310; x_wconf 70' lang='grc' dir='ltr'>πρὸς</span> <span class='ocrx_word' id='word_1_720' title='bbox 263 2275 421 2309; x_wconf 79' lang='grc' dir='ltr'>Κορινθίους</span> <span class='ocrx_word' id='word_1_721' title='bbox 437 2273 579 2308; x_wconf 69' lang='grc' dir='ltr'>ἐπιστολῆς</span> <span class='ocrx_word' id='word_1_722' title='bbox 591 2274 639 2308; x_wconf 84' lang='grc' dir='ltr'>τὴν</span> <span class='ocrx_word' id='word_1_723' title='bbox 652 2273 783 2307; x_wconf 70' lang='grc' dir='ltr'>αἰφνίδιον</span> <span class='ocrx_word' id='word_1_724' title='bbox 796 2272 841 2299; x_wconf 79' lang='grc' dir='ltr'>τοῦ</span> <span class='ocrx_word' id='word_1_725' title='bbox 853 2272 912 2308; x_wconf 61' lang='grc' dir='ltr'>χρόα</span> 
     </span>
    </p>
   </div>
   <div class='ocr_carea' id='block_1_94' title="bbox 124 2319 911 2356">
    <p class='ocr_par' dir='ltr' id='par_1_94' title="bbox 124 2319 911 2356">
     <span class='ocr_line' id='line_1_94' title="bbox 124 2319 911 2356; baseline -0.004 -9"><span class='ocrx_word' id='word_1_726' title='bbox 124 2330 170 2347; x_wconf 88' lang='grc' dir='ltr'><strong>νου</strong></span> <span class='ocrx_word' id='word_1_727' title='bbox 186 2321 278 2347; x_wconf 72' lang='grc' dir='ltr'>στάσιν</span> <span class='ocrx_word' id='word_1_728' title='bbox 288 2341 296 2352; x_wconf 89' lang='grc'><strong>,</strong></span> <span class='ocrx_word' id='word_1_729' title='bbox 318 2321 364 2347; x_wconf 74' lang='grc' dir='ltr'>καὶ</span> <span class='ocrx_word' id='word_1_730' title='bbox 375 2320 423 2356; x_wconf 81' lang='grc' dir='ltr'>τὴν</span> <span class='ocrx_word' id='word_1_731' title='bbox 437 2320 476 2351; x_wconf 75' lang='grc' dir='ltr'>εἰς</span> <span class='ocrx_word' id='word_1_732' title='bbox 493 2319 522 2346; x_wconf 74' lang='grc' dir='ltr'>τὸ</span> <span class='ocrx_word' id='word_1_733' title='bbox 538 2320 654 2354; x_wconf 70' lang='grc' dir='ltr'>ἔμπαλιν</span> <span class='ocrx_word' id='word_1_734' title='bbox 671 2319 724 2345; x_wconf 87' lang='grc' dir='ltr'><strong>τῶν</strong></span> <span class='ocrx_word' id='word_1_735' title='bbox 745 2319 911 2353; x_wconf 80' lang='grc' dir='ltr'>κινουμένων</span> 
     </span>
    </p>
   </div>
   <div class='ocr_carea' id='block_1_95' title="bbox 124 2363 911 2401">
    <p class='ocr_par' dir='ltr' id='par_1_95' title="bbox 124 2363 911 2401">
     <span class='ocr_line' id='line_1_95' title="bbox 124 2363 911 2401; baseline -0.004 -8"><span class='ocrx_word' id='word_1_736' title='bbox 124 2366 267 2399; x_wconf 85' lang='grc' dir='ltr'>ἀνάλυσιν,</span> <span class='ocrx_word' id='word_1_737' title='bbox 285 2367 313 2393; x_wconf 85' lang='grc' dir='ltr'>ὲν</span> <span class='ocrx_word' id='word_1_738' title='bbox 330 2364 370 2398; x_wconf 80' lang='grc' dir='ltr'>οἷς</span> <span class='ocrx_word' id='word_1_739' title='bbox 385 2374 467 2401; x_wconf 74' lang='grc' dir='ltr'>φησιν</span> <span class='ocrx_word' id='word_1_740' title='bbox 478 2374 484 2381; x_wconf 84' lang='lat'><strong>&#39;</strong></span> <span class='ocrx_word' id='word_1_741' title='bbox 509 2374 517 2390; x_wconf 84' lang='lat' dir='ltr'><strong>t</strong></span> <span class='ocrx_word' id='word_1_742' title='bbox 539 2365 605 2391; x_wconf 71' lang='grc' dir='ltr'><strong>Ἰδοὺ</strong></span> <span class='ocrx_word' id='word_1_743' title='bbox 623 2365 770 2400; x_wconf 84' lang='grc' dir='ltr'>μυστήριον</span> <span class='ocrx_word' id='word_1_744' title='bbox 787 2365 850 2399; x_wconf 84' lang='grc' dir='ltr'>ὑμῖν</span> <span class='ocrx_word' id='word_1_745' title='bbox 869 2363 911 2390; x_wconf 83' lang='grc' dir='ltr'><strong>λέ-</strong></span> 
     </span>
    </p>
   </div>
   <div class='ocr_carea' id='block_1_96' title="bbox 123 2409 910 2446">
    <p class='ocr_par' dir='ltr' id='par_1_96' title="bbox 123 2409 910 2446">
     <span class='ocr_line' id='line_1_96' title="bbox 123 2409 910 2446; baseline -0.005 -7"><span class='ocrx_word' id='word_1_746' title='bbox 123 2421 165 2446; x_wconf 90' lang='grc' dir='ltr'><strong>γω</strong></span> <span class='ocrx_word' id='word_1_747' title='bbox 175 2420 181 2426; x_wconf 88' lang='grc'><strong>·</strong></span> <span class='ocrx_word' id='word_1_748' title='bbox 198 2413 300 2444; x_wconf 71' lang='grc' dir='ltr'>Πάντες</span> <span class='ocrx_word' id='word_1_749' title='bbox 313 2411 361 2446; x_wconf 74' lang='grc' dir='ltr'>μὲν</span> <span class='ocrx_word' id='word_1_750' title='bbox 377 2412 407 2438; x_wconf 75' lang='grc' dir='ltr'>οὐ</span> <span class='ocrx_word' id='word_1_751' title='bbox 424 2410 656 2446; x_wconf 78' lang='grc' dir='ltr'>κοιμηθησόμεθα,</span> <span class='ocrx_word' id='word_1_752' title='bbox 672 2410 772 2440; x_wconf 77' lang='grc' dir='ltr'>πάντες</span> <span class='ocrx_word' id='word_1_753' title='bbox 785 2409 813 2435; x_wconf 82' lang='grc' dir='ltr'><strong>δὲ</strong></span> <span class='ocrx_word' id='word_1_754' title='bbox 829 2409 910 2435; x_wconf 80' lang='grc' dir='ltr'>ἀλλα-</span> 
     </span>
    </p>
   </div>
   <div class='ocr_carea' id='block_1_97' title="bbox 124 2454 910 2492">
    <p class='ocr_par' dir='ltr' id='par_1_97' title="bbox 124 2454 910 2492">
     <span class='ocr_line' id='line_1_97' title="bbox 124 2454 910 2492; baseline -0.005 -8"><span class='ocrx_word' id='word_1_755' title='bbox 124 2458 276 2492; x_wconf 79' lang='grc' dir='ltr'>γησόμεθα,</span> <span class='ocrx_word' id='word_1_756' title='bbox 288 2459 316 2484; x_wconf 81' lang='grc' dir='ltr'>ὲν</span> <span class='ocrx_word' id='word_1_757' title='bbox 328 2458 431 2492; x_wconf 77' lang='grc' dir='ltr'>ἀτόμῳ,</span> <span class='ocrx_word' id='word_1_758' title='bbox 444 2458 471 2483; x_wconf 77' lang='lat' dir='ltr'><strong>‘ev</strong></span> <span class='ocrx_word' id='word_1_759' title='bbox 483 2458 547 2492; x_wconf 78' lang='grc' dir='ltr'>ῥιπῇ</span> <span class='ocrx_word' id='word_1_760' title='bbox 559 2455 710 2490; x_wconf 59' lang='grc' dir='ltr'>ὀςθαλμοῦ,</span> <span class='ocrx_word' id='word_1_761' title='bbox 725 2456 753 2481; x_wconf 80' lang='grc' dir='ltr'>ὲν</span> <span class='ocrx_word' id='word_1_762' title='bbox 763 2456 795 2490; x_wconf 81' lang='grc' dir='ltr'><strong>τῇ</strong></span> <span class='ocrx_word' id='word_1_763' title='bbox 809 2454 910 2490; x_wconf 82' lang='grc' dir='ltr'>ἐσχάτῃ</span> 
     </span>
    </p>
   </div>
   <div class='ocr_carea' id='block_1_98' title="bbox 126 2499 910 2538">
    <p class='ocr_par' dir='ltr' id='par_1_98' title="bbox 126 2499 910 2538">
     <span class='ocr_line' id='line_1_98' title="bbox 126 2499 910 2538; baseline -0.004 -9"><span class='ocrx_word' id='word_1_764' title='bbox 126 2503 289 2536; x_wconf 71' lang='grc' dir='ltr'>σάλπιγγι.»</span> <span class='ocrx_word' id='word_1_765' title='bbox 316 2503 369 2530; x_wconf 75' lang='grc' dir='ltr'><strong>Τοῦ</strong></span> <span class='ocrx_word' id='word_1_766' title='bbox 393 2504 447 2538; x_wconf 65' lang='grc' dir='ltr'>γὰρ</span> <span class='ocrx_word' id='word_1_767' title='bbox 469 2502 665 2538; x_wconf 80' lang='grc' dir='ltr'>πληρώματος,</span> <span class='ocrx_word' id='word_1_768' title='bbox 685 2501 722 2532; x_wconf 87' lang='grc' dir='ltr'>ὡς</span> <span class='ocrx_word' id='word_1_769' title='bbox 748 2499 842 2534; x_wconf 78' lang='grc' dir='ltr'>οἶμαι,</span> <span class='ocrx_word' id='word_1_770' title='bbox 862 2500 910 2534; x_wconf 81' lang='grc' dir='ltr'>τῆς</span> 
     </span>
    </p>
   </div>
   <div class='ocr_carea' id='block_1_99' title="bbox 125 2546 911 2583">
    <p class='ocr_par' dir='ltr' id='par_1_99' title="bbox 125 2546 911 2583">
     <span class='ocr_line' id='line_1_99' title="bbox 125 2546 911 2583; baseline -0.005 -8"><span class='ocrx_word' id='word_1_771' title='bbox 125 2549 300 2583; x_wconf 81' lang='grc' dir='ltr'>ἀνθρωπίνης</span> <span class='ocrx_word' id='word_1_772' title='bbox 323 2550 428 2582; x_wconf 70' lang='grc' dir='ltr'>φύσεως</span> <span class='ocrx_word' id='word_1_773' title='bbox 443 2549 511 2575; x_wconf 72' lang='grc' dir='ltr'>κατὰ</span> <span class='ocrx_word' id='word_1_774' title='bbox 525 2548 556 2574; x_wconf 81' lang='grc' dir='ltr'>τὸ</span> <span class='ocrx_word' id='word_1_775' title='bbox 569 2547 742 2583; x_wconf 74' lang='grc' dir='ltr'>προγνωσθέν</span> <span class='ocrx_word' id='word_1_776' title='bbox 761 2546 858 2581; x_wconf 85' lang='grc' dir='ltr'>μέτρον</span> <span class='ocrx_word' id='word_1_777' title='bbox 872 2546 911 2576; x_wconf 83' lang='grc' dir='ltr'><strong>εἰς</strong></span> 
     </span>
    </p>
   </div>
   <div class='ocr_carea' id='block_1_100' title="bbox 127 2592 911 2630">
    <p class='ocr_par' dir='ltr' id='par_1_100' title="bbox 127 2592 911 2630">
     <span class='ocr_line' id='line_1_100' title="bbox 127 2592 911 2630; baseline -0.003 -10"><span class='ocrx_word' id='word_1_778' title='bbox 127 2595 215 2630; x_wconf 74' lang='grc' dir='ltr'>πέρας</span> <span class='ocrx_word' id='word_1_779' title='bbox 232 2594 368 2626; x_wconf 76' lang='grc' dir='ltr'>ἐλθόντος,</span> <span class='ocrx_word' id='word_1_780' title='bbox 382 2595 425 2621; x_wconf 71' lang='grc' dir='ltr'><strong>διὰ</strong></span> <span class='ocrx_word' id='word_1_781' title='bbox 439 2595 469 2621; x_wconf 77' lang='grc' dir='ltr'>τὸ</span> <span class='ocrx_word' id='word_1_782' title='bbox 481 2594 579 2630; x_wconf 84' lang='grc' dir='ltr'>μηκέτι</span> <span class='ocrx_word' id='word_1_783' title='bbox 590 2594 691 2620; x_wconf 86' lang='grc' dir='ltr'>λείπειν</span> <span class='ocrx_word' id='word_1_784' title='bbox 702 2593 740 2628; x_wconf 83' lang='grc' dir='ltr'>τῷ</span> <span class='ocrx_word' id='word_1_785' title='bbox 752 2593 805 2619; x_wconf 87' lang='grc' dir='ltr'><strong>τῶν</strong></span> <span class='ocrx_word' id='word_1_786' title='bbox 819 2592 911 2627; x_wconf 75' lang='grc' dir='ltr'>ψυχῶν</span> 
     </span>
    </p>
   </div>
   <div class='ocr_carea' id='block_1_101' title="bbox 126 2638 911 2675">
    <p class='ocr_par' dir='ltr' id='par_1_101' title="bbox 126 2638 911 2675">
     <span class='ocr_line' id='line_1_101' title="bbox 126 2638 911 2675; baseline -0.004 -9"><span class='ocrx_word' id='word_1_787' title='bbox 126 2639 236 2675; x_wconf 84' lang='grc' dir='ltr'>ἀριθμῷ</span> <span class='ocrx_word' id='word_1_788' title='bbox 253 2640 333 2675; x_wconf 74' lang='grc' dir='ltr'>μηδὲν</span> <span class='ocrx_word' id='word_1_789' title='bbox 353 2641 392 2671; x_wconf 75' lang='grc' dir='ltr'><strong>εἰς</strong></span> <span class='ocrx_word' id='word_1_790' title='bbox 407 2640 570 2674; x_wconf 76' lang='grc' dir='ltr'>ἐπαύξησιν.</span> <span class='ocrx_word' id='word_1_791' title='bbox 589 2641 617 2666; x_wconf 82' lang='grc' dir='ltr'><strong>ἐν</strong></span> <span class='ocrx_word' id='word_1_792' title='bbox 634 2640 731 2674; x_wconf 79' lang='grc' dir='ltr'>ἀκαρεῖ</span> <span class='ocrx_word' id='word_1_793' title='bbox 750 2638 796 2665; x_wconf 80' lang='grc' dir='ltr'>τοῦ</span> <span class='ocrx_word' id='word_1_794' title='bbox 817 2638 911 2673; x_wconf 78' lang='grc' dir='ltr'>χρόνου</span> 
     </span>
    </p>
   </div>
   <div class='ocr_carea' id='block_1_102' title="bbox 126 2683 912 2720">
    <p class='ocr_par' dir='ltr' id='par_1_102' title="bbox 126 2683 912 2720">
     <span class='ocr_line' id='line_1_102' title="bbox 126 2683 912 2720; baseline -0.003 -9"><span class='ocrx_word' id='word_1_795' title='bbox 126 2685 288 2719; x_wconf 75' lang='grc' dir='ltr'>γενήσεσθαι</span> <span class='ocrx_word' id='word_1_796' title='bbox 303 2685 351 2720; x_wconf 81' lang='grc' dir='ltr'>τὴν</span> <span class='ocrx_word' id='word_1_797' title='bbox 368 2686 515 2720; x_wconf 79' lang='grc' dir='ltr'>ἐναλλαγὴν</span> <span class='ocrx_word' id='word_1_798' title='bbox 532 2685 585 2711; x_wconf 82' lang='grc' dir='ltr'><strong>τῶν</strong></span> <span class='ocrx_word' id='word_1_799' title='bbox 600 2685 682 2711; x_wconf 71' lang='grc' dir='ltr'>ἤντων</span> <span class='ocrx_word' id='word_1_800' title='bbox 702 2683 819 2716; x_wconf 76' lang='grc' dir='ltr'>ἐδίδαξεν</span> <span class='ocrx_word' id='word_1_801' title='bbox 829 2703 836 2715; x_wconf 83' lang='grc'><strong>,</strong></span> <span class='ocrx_word' id='word_1_802' title='bbox 852 2684 912 2710; x_wconf 74' lang='grc' dir='ltr'>ἆτο-</span> 
     </span>
    </p>
   </div>
   <div class='ocr_carea' id='block_1_103' title="bbox 129 2729 913 2766">
    <p class='ocr_par' dir='ltr' id='par_1_103' title="bbox 129 2729 913 2766">
     <span class='ocr_line' id='line_1_103' title="bbox 129 2729 913 2766; baseline -0.004 -9"><span class='ocrx_word' id='word_1_803' title='bbox 129 2738 180 2765; x_wconf 71' lang='grc' dir='ltr'>μςν</span> <span class='ocrx_word' id='word_1_804' title='bbox 193 2730 329 2764; x_wconf 74' lang='grc' dir='ltr'>ὀνομάσας</span> <span class='ocrx_word' id='word_1_805' title='bbox 344 2731 390 2757; x_wconf 67' lang='grc' dir='ltr'>καὶ</span> <span class='ocrx_word' id='word_1_806' title='bbox 407 2731 488 2766; x_wconf 76' lang='grc' dir='ltr'>ριπὴν</span> <span class='ocrx_word' id='word_1_807' title='bbox 504 2730 642 2765; x_wconf 63' lang='grc' dir='ltr'>ὀφθαλμοῦ</span> <span class='ocrx_word' id='word_1_808' title='bbox 658 2731 688 2756; x_wconf 76' lang='grc' dir='ltr'>τὸ</span> <span class='ocrx_word' id='word_1_809' title='bbox 703 2730 804 2764; x_wconf 78' lang='grc' dir='ltr'>ἀμερὲς</span> <span class='ocrx_word' id='word_1_810' title='bbox 826 2729 913 2755; x_wconf 82' lang='grc' dir='ltr'>ἐκεῖνο</span> 
     </span>
    </p>
   </div>
   <div class='ocr_carea' id='block_1_104' title="bbox 164 2816 676 2850">
    <p class='ocr_par' dir='ltr' id='par_1_104' title="bbox 164 2816 676 2850">
     <span class='ocr_line' id='line_1_104' title="bbox 164 2816 676 2850; baseline -0.002 -6"><span class='ocrx_word' id='word_1_811' title='bbox 164 2817 186 2831; x_wconf 82' lang='grc'><strong>⁷¹¹</strong></span> <span class='ocrx_word' id='word_1_812' title='bbox 207 2817 280 2846; x_wconf 72' lang='lat' dir='ltr'><strong>Psol,</strong></span> <span class='ocrx_word' id='word_1_813' title='bbox 310 2824 380 2850; x_wconf 82' lang='lat' dir='ltr'><strong>xcw,</strong></span> <span class='ocrx_word' id='word_1_814' title='bbox 396 2818 423 2843; x_wconf 70' lang='grc' dir='ltr'>ι.</span> <span class='ocrx_word' id='word_1_815' title='bbox 462 2817 484 2832; x_wconf 79' lang='grc'>⁷⁸</span> <span class='ocrx_word' id='word_1_816' title='bbox 497 2816 563 2844; x_wconf 74' lang='lat' dir='ltr'><strong>Cen.</strong></span> <span class='ocrx_word' id='word_1_817' title='bbox 581 2825 610 2850; x_wconf 87' lang='grc' dir='ltr'><strong>ιι,</strong></span> <span class='ocrx_word' id='word_1_818' title='bbox 632 2817 676 2843; x_wconf 67' lang='lat'><strong>2&#39;2.</strong></span> 
     </span>
    </p>
   </div>
   <div class='ocr_carea' id='block_1_105' title="bbox 965 2277 1745 2314">
    <p class='ocr_par' dir='ltr' id='par_1_105' title="bbox 965 2277 1745 2314">
     <span class='ocr_line' id='line_1_105' title="bbox 965 2277 1745 2314; baseline -0.003 -8"><span class='ocrx_word' id='word_1_819' title='bbox 965 2279 1095 2314; x_wconf 87' lang='lat' dir='ltr'><strong>temporis</strong></span> <span class='ocrx_word' id='word_1_820' title='bbox 1119 2277 1269 2306; x_wconf 85' lang='lat' dir='ltr'><strong>desinentis</strong></span> <span class='ocrx_word' id='word_1_821' title='bbox 1293 2277 1383 2309; x_wconf 82' lang='lat' dir='ltr'><strong>tinem.</strong></span> <span class='ocrx_word' id='word_1_822' title='bbox 1402 2285 1549 2312; x_wconf 84' lang='lat' dir='ltr'><strong>rerumque</strong></span> <span class='ocrx_word' id='word_1_823' title='bbox 1566 2278 1642 2312; x_wconf 90' lang='lat' dir='ltr'><strong>prius</strong></span> <span class='ocrx_word' id='word_1_824' title='bbox 1657 2278 1745 2305; x_wconf 90' lang='lat' dir='ltr'><strong>mobi-</strong></span> 
     </span>
    </p>
   </div>
   <div class='ocr_carea' id='block_1_106' title="bbox 964 2321 1744 2356">
    <p class='ocr_par' dir='ltr' id='par_1_106' title="bbox 964 2321 1744 2356">
     <span class='ocr_line' id='line_1_106' title="bbox 964 2321 1744 2356; baseline -0.001 -7"><span class='ocrx_word' id='word_1_825' title='bbox 964 2323 1031 2350; x_wconf 92' lang='lat' dir='ltr'><strong>lium</strong></span> <span class='ocrx_word' id='word_1_826' title='bbox 1046 2322 1181 2349; x_wconf 86' lang='lat' dir='ltr'><strong>diversam</strong></span> <span class='ocrx_word' id='word_1_827' title='bbox 1198 2323 1224 2349; x_wconf 91' lang='lat' dir='ltr'><strong>in</strong></span> <span class='ocrx_word' id='word_1_828' title='bbox 1237 2326 1341 2356; x_wconf 89' lang='lat' dir='ltr'><strong>partem</strong></span> <span class='ocrx_word' id='word_1_829' title='bbox 1358 2322 1560 2349; x_wconf 76' lang='lat' dir='ltr'><strong>conversionem</strong></span> <span class='ocrx_word' id='word_1_830' title='bbox 1578 2321 1744 2356; x_wconf 75' lang='lat' dir='ltr'><strong>praediceret.</strong></span> 
     </span>
    </p>
   </div>
   <div class='ocr_carea' id='block_1_107' title="bbox 965 2367 1745 2403">
    <p class='ocr_par' dir='ltr' id='par_1_107' title="bbox 965 2367 1745 2403">
     <span class='ocr_line' id='line_1_107' title="bbox 965 2367 1745 2403; baseline -0.001 -8"><span class='ocrx_word' id='word_1_831' title='bbox 965 2367 1036 2395; x_wconf 84' lang='lat' dir='ltr'><strong>Sunt</strong></span> <span class='ocrx_word' id='word_1_832' title='bbox 1051 2368 1124 2395; x_wconf 92' lang='lat' dir='ltr'><strong>enim</strong></span> <span class='ocrx_word' id='word_1_833' title='bbox 1136 2368 1195 2395; x_wconf 59' lang='lat' dir='ltr'><strong>haec</strong></span> <span class='ocrx_word' id='word_1_834' title='bbox 1210 2368 1296 2403; x_wconf 88' lang='lat' dir='ltr'><strong>ipsius</strong></span> <span class='ocrx_word' id='word_1_835' title='bbox 1310 2368 1392 2395; x_wconf 84' lang='lat' dir='ltr'><strong>verba</strong></span> <span class='ocrx_word' id='word_1_836' title='bbox 1410 2377 1416 2394; x_wconf 90' lang='lat'><strong>:</strong></span> <span class='ocrx_word' id='word_1_837' title='bbox 1448 2368 1513 2395; x_wconf 75' lang='lat' dir='ltr'><strong>Ecce</strong></span> <span class='ocrx_word' id='word_1_838' title='bbox 1543 2376 1598 2395; x_wconf 83' lang='lat' dir='ltr'><strong>mn</strong></span> <span class='ocrx_word' id='word_1_839' title='bbox 1621 2376 1745 2394; x_wconf 73' lang='lat' dir='ltr'><strong>arcanam</strong></span> 
     </span>
    </p>
   </div>
   <div class='ocr_carea' id='block_1_108' title="bbox 964 2411 1746 2446">
    <p class='ocr_par' dir='ltr' id='par_1_108' title="bbox 964 2411 1746 2446">
     <span class='ocr_line' id='line_1_108' title="bbox 964 2411 1746 2446; baseline 0.003 -8"><span class='ocrx_word' id='word_1_840' title='bbox 964 2412 1034 2438; x_wconf 71' lang='lat' dir='ltr'><strong>vobis</strong></span> <span class='ocrx_word' id='word_1_841' title='bbox 1050 2411 1194 2445; x_wconf 80' lang='lat' dir='ltr'><strong>patefacio:</strong></span> <span class='ocrx_word' id='word_1_842' title='bbox 1209 2411 1263 2438; x_wconf 70' lang='lat' dir='ltr'><strong>Nos</strong></span> <span class='ocrx_word' id='word_1_843' title='bbox 1274 2411 1378 2446; x_wconf 71' lang='lat' dir='ltr'><strong>quidem</strong></span> <span class='ocrx_word' id='word_1_844' title='bbox 1402 2420 1491 2439; x_wconf 76' lang='lat' dir='ltr'><strong>omnes</strong></span> <span class='ocrx_word' id='word_1_845' title='bbox 1507 2420 1558 2439; x_wconf 82' lang='lat' dir='ltr'><strong>non</strong></span> <span class='ocrx_word' id='word_1_846' title='bbox 1575 2412 1746 2443; x_wconf 70' lang='lat' dir='ltr'><strong>dormiamus.</strong></span> 
     </span>
    </p>
   </div>
   <div class='ocr_carea' id='block_1_109' title="bbox 965 2457 1748 2492">
    <p class='ocr_par' dir='ltr' id='par_1_109' title="bbox 965 2457 1748 2492">
     <span class='ocr_line' id='line_1_109' title="bbox 965 2457 1748 2492; baseline 0.001 -8"><span class='ocrx_word' id='word_1_847' title='bbox 965 2465 1053 2484; x_wconf 79' lang='lat' dir='ltr'><strong>omnes</strong></span> <span class='ocrx_word' id='word_1_848' title='bbox 1086 2462 1173 2484; x_wconf 82' lang='lat' dir='ltr'><strong>tamen</strong></span> <span class='ocrx_word' id='word_1_849' title='bbox 1198 2458 1429 2487; x_wconf 80' lang='lat' dir='ltr'><strong>commulabimur.</strong></span> <span class='ocrx_word' id='word_1_850' title='bbox 1467 2457 1543 2492; x_wconf 82' lang='lat' dir='ltr'><strong>idque</strong></span> <span class='ocrx_word' id='word_1_851' title='bbox 1569 2458 1595 2485; x_wconf 79' lang='lat' dir='ltr'><strong>in</strong></span> <span class='ocrx_word' id='word_1_852' title='bbox 1623 2460 1748 2492; x_wconf 73' lang='lat' dir='ltr'><strong>temporis</strong></span> 
     </span>
    </p>
   </div>
   <div class='ocr_carea' id='block_1_110' title="bbox 963 2504 1748 2539">
    <p class='ocr_par' dir='ltr' id='par_1_110' title="bbox 963 2504 1748 2539">
     <span class='ocr_line' id='line_1_110' title="bbox 963 2504 1748 2539; baseline 0.003 -9"><span class='ocrx_word' id='word_1_853' title='bbox 963 2510 1068 2537; x_wconf 84' lang='lat' dir='ltr'><strong>puncto,</strong></span> <span class='ocrx_word' id='word_1_854' title='bbox 1086 2509 1111 2530; x_wconf 84' lang='lat' dir='ltr'><strong>et</strong></span> <span class='ocrx_word' id='word_1_855' title='bbox 1125 2504 1196 2530; x_wconf 81' lang='lat' dir='ltr'><strong>oculi</strong></span> <span class='ocrx_word' id='word_1_856' title='bbox 1211 2509 1351 2535; x_wconf 80' lang='lat' dir='ltr'><strong>momento,</strong></span> <span class='ocrx_word' id='word_1_857' title='bbox 1368 2504 1402 2530; x_wconf 80' lang='lat' dir='ltr'><strong>ad</strong></span> <span class='ocrx_word' id='word_1_858' title='bbox 1415 2508 1539 2531; x_wconf 71' lang='lat' dir='ltr'><strong>extrema;</strong></span> <span class='ocrx_word' id='word_1_859' title='bbox 1556 2507 1624 2532; x_wconf 71' lang='lat' dir='ltr'><strong>tuba:</strong></span> <span class='ocrx_word' id='word_1_860' title='bbox 1641 2506 1748 2539; x_wconf 83' lang='lat' dir='ltr'><strong>clango-</strong></span> 
     </span>
    </p>
   </div>
   <div class='ocr_carea' id='block_1_111' title="bbox 965 2543 1750 2582">
    <p class='ocr_par' dir='ltr' id='par_1_111' title="bbox 965 2543 1750 2582">
     <span class='ocr_line' id='line_1_111' title="bbox 965 2543 1750 2582; baseline 0.001 -6"><span class='ocrx_word' id='word_1_861' title='bbox 965 2559 1018 2577; x_wconf 80' lang='lat' dir='ltr'><strong>rem</strong></span> <span class='ocrx_word' id='word_1_862' title='bbox 1034 2551 1067 2577; x_wconf 66' lang='grc' dir='ltr'><strong>π.</strong></span> <span class='ocrx_word' id='word_1_863' title='bbox 1105 2549 1161 2576; x_wconf 85' lang='lat' dir='ltr'><strong>lloc</strong></span> <span class='ocrx_word' id='word_1_864' title='bbox 1181 2546 1248 2574; x_wconf 88' lang='lat' dir='ltr'><strong>mihi</strong></span> <span class='ocrx_word' id='word_1_865' title='bbox 1284 2550 1375 2576; x_wconf 79' lang='lat' dir='ltr'><strong>dicere</strong></span> <span class='ocrx_word' id='word_1_866' title='bbox 1397 2543 1513 2582; x_wconf 52' lang='lat' dir='ltr'><strong>videtur,</strong></span> <span class='ocrx_word' id='word_1_867' title='bbox 1539 2549 1679 2577; x_wconf 88' lang='lat' dir='ltr'><strong>honunum</strong></span> <span class='ocrx_word' id='word_1_868' title='bbox 1700 2559 1750 2578; x_wconf 86' lang='lat' dir='ltr'><strong>no-</strong></span> 
     </span>
    </p>
   </div>
   <div class='ocr_carea' id='block_1_112' title="bbox 966 2586 1749 2629">
    <p class='ocr_par' dir='ltr' id='par_1_112' title="bbox 966 2586 1749 2629">
     <span class='ocr_line' id='line_1_112' title="bbox 966 2586 1749 2629; baseline -0.001 -8"><span class='ocrx_word' id='word_1_869' title='bbox 966 2586 1050 2626; x_wconf 74' lang='lat' dir='ltr'><strong>tione,</strong></span> <span class='ocrx_word' id='word_1_870' title='bbox 1067 2594 1112 2621; x_wconf 89' lang='lat' dir='ltr'><strong>illo</strong></span> <span class='ocrx_word' id='word_1_871' title='bbox 1135 2593 1216 2621; x_wconf 88' lang='lat' dir='ltr'><strong>modo</strong></span> <span class='ocrx_word' id='word_1_872' title='bbox 1232 2594 1277 2629; x_wconf 92' lang='lat' dir='ltr'><strong>qui</strong></span> <span class='ocrx_word' id='word_1_873' title='bbox 1296 2594 1443 2628; x_wconf 67' lang='lat' dir='ltr'><strong>praeﬁnitus</strong></span> <span class='ocrx_word' id='word_1_874' title='bbox 1465 2601 1480 2620; x_wconf 94' lang='lat' dir='ltr'><strong>a</strong></span> <span class='ocrx_word' id='word_1_875' title='bbox 1501 2593 1555 2621; x_wconf 87' lang='lat' dir='ltr'><strong>Deo</strong></span> <span class='ocrx_word' id='word_1_876' title='bbox 1573 2599 1624 2626; x_wconf 82' lang='lat' dir='ltr'><strong>est,</strong></span> <span class='ocrx_word' id='word_1_877' title='bbox 1653 2595 1749 2628; x_wconf 87' lang='lat' dir='ltr'><strong>ampli-</strong></span> 
     </span>
    </p>
   </div>
   <div class='ocr_carea' id='block_1_113' title="bbox 968 2639 1750 2674">
    <p class='ocr_par' dir='ltr' id='par_1_113' title="bbox 968 2639 1750 2674">
     <span class='ocr_line' id='line_1_113' title="bbox 968 2639 1750 2674; baseline 0.001 -9"><span class='ocrx_word' id='word_1_878' title='bbox 968 2639 1056 2670; x_wconf 84' lang='lat' dir='ltr'><strong>ﬁcata,</strong></span> <span class='ocrx_word' id='word_1_879' title='bbox 1073 2646 1135 2665; x_wconf 71' lang='lat' dir='ltr'><strong>cum</strong></span> <span class='ocrx_word' id='word_1_880' title='bbox 1157 2639 1310 2666; x_wconf 86' lang='lat' dir='ltr'><strong>animorum</strong></span> <span class='ocrx_word' id='word_1_881' title='bbox 1328 2646 1443 2666; x_wconf 87' lang='lat' dir='ltr'><strong>numero</strong></span> <span class='ocrx_word' id='word_1_882' title='bbox 1460 2639 1526 2666; x_wconf 89' lang='lat' dir='ltr'><strong>nihil</strong></span> <span class='ocrx_word' id='word_1_883' title='bbox 1545 2639 1674 2667; x_wconf 87' lang='lat' dir='ltr'><strong>accedere</strong></span> <span class='ocrx_word' id='word_1_884' title='bbox 1690 2648 1750 2674; x_wconf 87' lang='lat' dir='ltr'><strong>por-</strong></span> 
     </span>
    </p>
   </div>
   <div class='ocr_carea' id='block_1_114' title="bbox 966 2685 1747 2719">
    <p class='ocr_par' dir='ltr' id='par_1_114' title="bbox 966 2685 1747 2719">
     <span class='ocr_line' id='line_1_114' title="bbox 966 2685 1747 2719; baseline 0.001 -8"><span class='ocrx_word' id='word_1_885' title='bbox 966 2692 996 2711; x_wconf 89' lang='lat' dir='ltr'><strong>ro</strong></span> <span class='ocrx_word' id='word_1_886' title='bbox 1014 2685 1113 2719; x_wconf 81' lang='lat' dir='ltr'><strong>poterit</strong></span> <span class='ocrx_word' id='word_1_887' title='bbox 1128 2694 1135 2711; x_wconf 84' lang='lat'><strong>:</strong></span> <span class='ocrx_word' id='word_1_888' title='bbox 1156 2689 1213 2712; x_wconf 87' lang='lat' dir='ltr'><strong>tum</strong></span> <span class='ocrx_word' id='word_1_889' title='bbox 1239 2692 1303 2719; x_wconf 87' lang='lat' dir='ltr'><strong>ergo</strong></span> <span class='ocrx_word' id='word_1_890' title='bbox 1319 2693 1364 2712; x_wconf 89' lang='lat' dir='ltr'><strong>res</strong></span> <span class='ocrx_word' id='word_1_891' title='bbox 1383 2685 1525 2712; x_wconf 78' lang='lat' dir='ltr'><strong>universas</strong></span> <span class='ocrx_word' id='word_1_892' title='bbox 1542 2693 1596 2711; x_wconf 90' lang='lat' dir='ltr'><strong>uno</strong></span> <span class='ocrx_word' id='word_1_893' title='bbox 1616 2685 1747 2719; x_wconf 77' lang='lat' dir='ltr'><strong>temporis</strong></span> 
     </span>
    </p>
   </div>
   <div class='ocr_carea' id='block_1_115' title="bbox 967 2729 1746 2758">
    <p class='ocr_par' dir='ltr' id='par_1_115' title="bbox 967 2729 1746 2758">
     <span class='ocr_line' id='line_1_115' title="bbox 967 2729 1746 2758; baseline 0.004 -3"><span class='ocrx_word' id='word_1_894' title='bbox 967 2734 1104 2757; x_wconf 76' lang='lat' dir='ltr'><strong>ntorncnto</strong></span> <span class='ocrx_word' id='word_1_895' title='bbox 1123 2735 1319 2757; x_wconf 82' lang='lat' dir='ltr'><strong>commutatum</strong></span> <span class='ocrx_word' id='word_1_896' title='bbox 1334 2731 1375 2757; x_wconf 84' lang='lat' dir='ltr'><strong>iri.</strong></span> <span class='ocrx_word' id='word_1_897' title='bbox 1393 2730 1529 2757; x_wconf 82' lang='lat' dir='ltr'><strong>Punctum</strong></span> <span class='ocrx_word' id='word_1_898' title='bbox 1543 2731 1615 2756; x_wconf 86' lang='lat' dir='ltr'><strong>enim</strong></span> <span class='ocrx_word' id='word_1_899' title='bbox 1636 2733 1662 2757; x_wconf 89' lang='lat' dir='ltr'><strong>et</strong></span> <span class='ocrx_word' id='word_1_900' title='bbox 1675 2729 1746 2758; x_wconf 79' lang='lat' dir='ltr'><strong>oculi</strong></span> 
     </span>
    </p>
   </div>
   <div class='ocr_carea' id='block_1_116' title="bbox 717 2815 1024 2849">
    <p class='ocr_par' dir='ltr' id='par_1_116' title="bbox 717 2815 1024 2849">
     <span class='ocr_line' id='line_1_116' title="bbox 717 2815 1024 2849; baseline -0.007 -6"><span class='ocrx_word' id='word_1_901' title='bbox 717 2818 738 2831; x_wconf 76' lang='grc'><strong>⁸⁸</strong></span> <span class='ocrx_word' id='word_1_902' title='bbox 758 2816 842 2843; x_wconf 80' lang='lat' dir='ltr'><strong>ICor.</strong></span> <span class='ocrx_word' id='word_1_903' title='bbox 858 2823 900 2847; x_wconf 69' lang='lat' dir='ltr'><strong>tr,</strong></span> <span class='ocrx_word' id='word_1_904' title='bbox 919 2815 947 2841; x_wconf 77' lang='lat' dir='ltr'><strong>:‘il</strong></span> <span class='ocrx_word' id='word_1_905' title='bbox 966 2823 1024 2849; x_wconf 80' lang='lat' dir='ltr'><strong>sqq.</strong></span> 
     </span>
    </p>
   </div>
  </div>
