1977 3071
229 98 280 125 ὶθτ

860 95 888 123 S.
905 95 1068 124 GREGOBII
1086 96 1230 126 NVSSE’NI

1806 95 1860 123 208

231 160 397 184 niomentum
410 157 529 191 appellat
541 157 694 185 extremum
710 157 841 192 temporis
853 158 1017 190 ‘terminum,

1074 158 1117 185 τοῦ
1137 159 1234 194 χρόνου
1256 159 1302 186 καὶ
1322 158 1483 186 ἀδιάστατον
1498 158 1583 194 πέρας
1593 167 1600 173 '
1615 158 1653 190 ὦς
1668 158 1767 194 μηκέτι
1781 157 1861 184 δυνα-

229 203 318 230 omnis
333 206 469 237 expertem
485 203 677 235 dimensionis.
696 204 796 238 quique
813 203 902 230 nullas
913 203 940 230 in
953 211 1016 238 par-

229 253 270 275 tes
291 248 373 275 dividi
401 252 493 282 queat.
511 248 604 283 itaque
626 249 684 276 ﬁeri
704 256 758 276 non
779 257 861 284 posse
875 249 964 281 docet,
987 254 1017 276 ut

228 294 291 327 quis
302 293 335 320 ad
351 301 411 320 eam
430 298 505 321 certo
520 294 600 328 quasi
614 295 718 321 ambitu
732 294 871 321 deﬁnitam
887 295 1016 321 mutatio-

229 347 302 370 nem.
315 347 377 374 qua:
390 347 438 374 per
453 343 570 367 mortem
586 340 625 371 tit,
642 340 782 374 perveniat
795 349 802 366 ε
822 345 850 367 et
864 345 1016 367 extremum

229 392 261 412 ac
289 393 428 413 summum
455 386 588 420 temporis
611 390 779 412 momentum
804 386 931 420 attingat,
955 389 1018 420 post

229 431 302 465 quod
323 431 397 459 nulla
413 439 478 467 pars
501 432 562 466 ejus
578 432 681 467 reliqua
695 436 749 464 est,
774 431 828 459 nisi
844 431 920 466 prius
939 431 1016 464 tuba,

215 470 291 511 lqum
308 477 534 504 resurrectionem
553 485 586 504 ex
604 478 720 505 mortuis
739 477 886 512 praecedet,
904 477 1016 511 clango-

212 554 214 559 ι
231 528 288 547 rem
306 528 386 547 suum
403 520 477 552 edat,
496 527 550 555 quo
566 528 628 555 pars
647 522 759 548 humani
781 521 890 555 generis
909 524 1017 548 mortua

230 568 309 602 quasi
328 568 361 595 de
378 575 474 595 somno
489 568 623 595 excitetur
637 577 644 595 :
667 575 698 595 ea
711 571 784 595 'vcro
796 575 863 602 quae
883 567 972 594 adhuc
990 567 1017 594 in

231 615 300 641 vivis
314 614 378 641 erit.
395 612 504 646 perinde
515 613 640 640 utcaeteri
661 621 710 648 per
724 613 966 646 resurrectionem,
981 612 1017 639 ita

231 665 258 687 et
278 661 337 695 ipsa
352 660 446 687 subito
463 659 497 686 ad
522 659 756 686 immortalitatem
770 661 968 690 commutetnr,
989 660 1018 684 ut

230 714 290 732 eam
309 706 439 740 deinceps
462 706 554 733 carnis
571 705 679 740 pondus
704 705 832 732 deorsum
859 712 942 732 onere
969 711 1018 732 suo

231 758 285 778 non
301 751 445 786 deprimat,
460 750 579 777 humove
600 755 712 778 terrena
735 750 820 776 moles
843 749 943 784 alligat,
970 748 1018 776 sed

230 798 301 825 elata
317 797 344 824 in
359 797 475 824 sublime
492 797 582 832 ipsum
598 804 689 824 aerem
708 800 842 831 penetret.
860 795 924 822 Haec
945 795 1017 822 enim

1069 205 1115 232 τὸν
1134 203 1202 232 εἶναι
1217 205 1255 241 τῷ
1269 205 1339 232 κατά
1355 206 1386 232 τὸ
1407 205 1519 241 ἔσχατόν
1532 213 1563 232 τε
1585 205 1632 232 καὶ
1645 205 1794 240 ἀκρότατον
1809 204 1859 240 τῆς

1069 252 1162 287 ἀκμῆς
1181 251 1303 279 ἐπιϐάντι
1321 251 1368 278 τοῦ
1388 251 1496 287 χρόνου,
1512 251 1556 277 διὰ
1573 250 1603 277 τὸ
1620 250 1702 285 μηδὲν
1719 251 1866 278 ὑπολείπευ

1071 297 1132 324 σθαι
1143 298 1175 332 τῇ
1188 297 1317 332 ἀκρότητι
1333 297 1428 332 μέρος,
1454 296 1504 331 τὴν
1523 296 1680 332 περιοδικὴν
1699 295 1801 332 ταύτην
1817 297 1861 326 διὰ

1072 341 1187 368 θανάτου
1212 341 1361 376 μεταϐολὴν
1381 342 1531 376 κτήσασθαι
1545 361 1552 372 ,
1576 340 1633 367 ἀλλ’
1653 342 1676 367 εί
1696 341 1775 376 μόνον
1797 342 1859 376 ἠχή-

1072 397 1146 415 σειεν
1176 389 1193 424 ὴ
1218 388 1269 423 τῆς
1292 387 1465 419 ἀναστάσεως
1482 386 1615 420 σάλπιγξ,
1633 387 1650 421 ἡ
1673 386 1703 413 τδ
1731 387 1860 422 τεθνηκὸς

1070 433 1277 468 ἀφυπνίζουσα,
1299 433 1346 459 καὶ
1365 433 1429 464 τοὺς
1450 433 1478 458 ἐν
1497 434 1531 467 τῇ
1549 432 1605 468 ζωῇ
1631 433 1861 467 καταλειφθέντας

1069 479 1131 506 καθ’
1140 478 1285 514 ὁμοιότητα
1295 478 1350 504 τῶν
1360 477 1389 510 ἐξ
1399 478 1573 509 ἀναστάσεως
1583 477 1689 504 ἀλλοιου
1694 478 1781 513 μένων
1793 478 1860 514 πρὸς

1071 523 1225 559 ἀφθαρσίαν
1235 523 1341 558 ἀθρόως
1356 522 1614 558 μεταϐάλλουσα,ὡς
1628 523 1726 558 μηκέτι
1739 523 1769 550 τδ
1781 523 1862 559 βάρος

1070 570 1120 605 τῆς
1133 569 1233 605 σαρκὸς
1247 569 1292 596 ἐπὶ
1302 570 1333 596 τὸ
1347 570 1423 596 κάτω
1434 569 1547 605 βρίθειν,
1562 570 1610 596 καὶ
1623 571 1656 604 τῇ
1672 571 1706 604 γῇ
1719 577 1862 604 παρακατ-

1072 615 1144 650 έχειν
1164 616 1209 642 τὸν
1228 615 1326 649 δγκον’
1351 615 1419 642 ἀλλά
1440 615 1585 651 μετάρσιον
1605 615 1638 641 δι’
1660 615 1740 650 ἀέρος
1757 616 1861 650 φοιτᾷν.

1075 670 1085 685 ι
1097 661 1327 696 Ἀρπαγησύμεθα
1340 661 1410 696 γὰρ,
1429 661 1520 696 φησιν,
1535 662 1564 688 ὲν
1583 661 1708 695 νεφέλαις
1724 661 1764 692 εἰς
1777 661 1862 688 ἀπάν-

1071 715 1150 742 τησιν
1165 707 1211 733 τοῦ
1222 707 1326 743 Κυρίου
1341 708 1380 738 είς
1401 707 1487 742 ἀέρα,
1508 707 1554 733 καῖ
1572 705 1659 738 οὕτως
1674 706 1788 733 πᾰντοτε
1814 707 1863 733 σῦν

1072 751 1167 786 Κυρίῳ
1184 751 1311 786 ἐσόμεθα,
1328 762 1338 777 ι
1367 751 1472 778 Οὐκοῦν
1494 751 1667 786 ἀναμεινάτω
1695 751 1740 778 τδν
1766 752 1863 788 χρόνον

1072 795 1118 821 τὸν
1130 795 1286 828 ἀναγκαίως
1309 797 1342 830 τῇ
1358 795 1515 832 ἀνθρωπίνῃ
1536 795 1648 830 αὐξήσει
1674 797 1862 831 συμπαρατεί-

231 843 379 877 Apostolus
410 842 544 876 subjecit:
577 850 587 866 ι
623 841 774 876 Rapiemur
799 849 849 875 per
879 840 968 868 nubes
993 840 1021 866 in

1074 849 1161 867 νοντα.
1177 841 1232 866 Καὶ
1253 840 1308 876 γὰρ
1331 841 1356 866 οἱ
1378 841 1441 874 περὶ
1464 840 1509 866 τόν
1540 840 1665 876 Ἀϐραὰμ
1683 841 1864 878 πατριάρχαι,

232 897 334 921 acrem,
356 893 385 916 ut
403 888 519 916 Domino
535 895 725 921 occurramus,
747 892 829 922 atque
842 895 875 914 ex
895 894 928 914 eo
949 890 1019 913 tem-

231 942 296 969 pore
307 936 438 968 perpetuo
445 940 508 960 cum
517 932 632 960 Domino
646 932 790 960 erimus".
808 941 818 958 ›
833 931 1018 964 Quamobrem

232 979 422 1014 unusquisque
437 979 568 1014 temporis
591 979 731 1005 hominum
749 978 920 1005 incremento
935 977 1020 1005 desti-

231 1025 290 1052 nati
304 1032 406 1052 moram
429 1024 564 1059 patienter
593 1024 671 1051 lerat.
688 1024 755 1050 Nam
781 1027 808 1051 et
832 1023 1018 1054 Ahrahamus,

232 1071 332 1106 aliique
356 1074 448 1105 patres
472 1070 510 1097 illi
532 1070 681 1104 principes,
704 1076 860 1104 quanquam
883 1068 1020 1096 desiderio

231 1116 340 1144 videndi
364 1116 458 1143 isthmc
485 1116 554 1142 bona
582 1118 760 1146 tenerentur,
788 1121 876 1149 neque
899 1121 1019 1148 unquam

1071 884 1118 911 τοῦ
1137 885 1185 919 μὲν
1203 885 1268 911 ἰδεῖν
1284 885 1318 912 τὰ
1332 885 1421 919 ἀγαθὰ
1434 885 1483 920 τὴν
1496 885 1642 920 ἐπιθυμίαν
1655 886 1742 920 ἔσχον,
1755 887 1802 913 καὶ
1812 887 1863 914 οὐκ

1072 931 1176 965 ἀνῆκαν
1192 930 1384 965 ἐπιζητοῦντες
1400 931 1449 966 τὴν
1461 931 1620 966 ἐπουράνιον
1633 932 1758 966 πατρίδα,
1772 932 1863 964 καθώς

1072 985 1154 1011 φησιν
1177 977 1191 1002 ὁ
1214 976 1388 1008 ’Δπόστολος-
1406 976 1464 1003 ἀλλ’
1483 976 1558 1012 ὅμως
1579 977 1609 1003 ὲν
1629 977 1668 1012 τῷ
1689 977 1809 1010 ἐλπίζειν
1822 978 1864 1005 ἔτι

1073 1021 1121 1057 τὴν
1136 1022 1216 1057 χάριν
1232 1022 1297 1052 eici.
1307 1021 1353 1048 τοῦ
1367 1022 1435 1048 Θεοῦ
1447 1022 1570 1057 κρεῖττόν
1583 1031 1609 1048 τι
1624 1024 1687 1058 περὶ
1702 1023 1781 1058 ἡμῶν
1796 1031 1864 1059 προ-

1073 1067 1252 1102 ϐλεψαμένου,
1268 1067 1340 1094 κατὰ
1347 1067 1395 1103 τὴν
1405 1067 1452 1094 τοῦ
1463 1068 1568 1095 Παύλου
1582 1069 1684 1104 φωνήν⁸
1699 1078 1708 1093 ι
1720 1069 1779 1096 Ἷνα
1795 1069 1864 1104 μὴ,ι

1074 1113 1150 1147 φησὶ,
1165 1113 1266 1148 «χωρὶς
1279 1112 1358 1148 ἡμῶν
1368 1113 1555 1141 τελειωθῶσιν.
1568 1123 1578 1140 ι

232 1165 369 1192 caelestem
399 1163 514 1198 patriam
537 1170 660 1198 quaerere
690 1162 857 1192 desinerent,
883 1165 913 1188 ut
940 1161 1086 1202 Apostolus
1119 1161 1249 1195 loquitur.
1283 1164 1375 1188 tamen
1406 1161 1496 1189 adhuc
1521 1162 1602 1189 etiam
1630 1170 1743 1191 necesse
1764 1163 1868 1191 habent

230 1209 352 1237 divinum
368 1208 434 1236 illud
449 1216 549 1236 munus
570 1212 728 1242 exspectare
743 1206 798 1234 Deo
815 1206 968 1234 commodis
991 1206 1092 1233 nostris
1115 1206 1143 1232 in
1162 1207 1212 1234 hoc
1235 1207 1351 1242 benigne
1367 1208 1563 1243 prospiciente,
1589 1213 1619 1236 ut
1635 1208 1737 1238 Paulus
1752 1209 1864 1244 quidem

233 1255 280 1287 ait,
295 1263 305 1280 ι
323 1261 358 1282 ne
375 1254 434 1281 sine
447 1253 526 1281 nobis
536 1253 732 1288 perfectionem
747 1252 934 1287 apiscerentur
951 1261 962 1277 ι

272 1337 299 1363 Si
318 1336 400 1372 igitur
423 1336 461 1364 illi
479 1344 583 1365 moram
606 1337 677 1365 hanc
704 1338 820 1366 libenter
845 1337 947 1371 ferunt,
976 1337 1022 1372 qui

236 1384 328 1411 multis
341 1385 422 1410 etiam
439 1384 546 1412 szeculis
569 1392 620 1412 nos
642 1388 852 1419 praecesserunt,
875 1388 957 1419 atque
977 1385 1022 1412 illa

235 1431 304 1456 bona
318 1430 376 1458 sola
394 1429 446 1457 tide
459 1438 491 1458 ac
505 1438 554 1465 spe
572 1431 724 1461 intuentur.
737 1430 819 1465 inque
836 1430 877 1458 eis
896 1431 1015 1466 acquies-

1111 1338 1142 1364 El
1158 1335 1204 1364 οὖν
1218 1337 1317 1364 ἐκεῖνοι
1330 1337 1442 1372 φέρουσι
1455 1337 1505 1373 τὴν
1513 1337 1655 1379 ἐναὸολὴν
1670 1338 1694 1364 οἱ
1714 1337 1866 1373 πόρρωθεν,

1074 1382 1119 1409 διὰ
1133 1383 1215 1418 μόνης
1230 1382 1347 1414 πίστεως
1363 1383 1409 1408 καὶ
1420 1382 1470 1417 τῆς
1488 1382 1595 1414 ἐλπίδος
1609 1382 1706 1414 ἰδόντες
1717 1383 1752 1409 τὰ
1765 1383 1866 1416 ἀγαθὰ,

1075 1428 1122 1454 καὶ
1139 1428 1338 1462 ἀσπασάμενοι.
1361 1427 1452 1459 καθὼς
1469 1429 1602 1464 μαρτυρεῖ
1613 1429 1627 1454 ὁ
1648 1428 1816 1459 ’Δπόστολος,
1836 1428 1867 1455 τὸ

235 1479 316 1504 cunt.
334 1475 466 1510 Apostolo
489 1480 558 1503 teste
578 1485 585 1503 ι
607 1480 684 1504 certo
706 1476 757 1503 sibi
773 1476 932 1510 pollicentes
954 1476 1021 1507 fore,

1075 1475 1195 1509 ἀσφαλὲς
1207 1476 1254 1510 τῆς
1269 1474 1323 1501 τῶν
1335 1475 1514 1502 ἐλπισθέντων
1531 1475 1707 1506 ἀπολαύσεως
1723 1475 1752 1501 ὲν
1767 1474 1807 1508 τῷ

235 1527 265 1551 ut
285 1523 403 1558 speratis
424 1523 505 1551 bonis
523 1523 662 1555 fruantur,
679 1531 740 1550 cum
769 1523 850 1549 lidum
871 1523 946 1550 illum
962 1530 1024 1550 esse

235 1573 368 1600 statuant,
382 1569 429 1604 qui
447 1577 478 1596 ea
492 1569 618 1604 promisit
635 1578 640 1596 :
656 1569 721 1604 quid
741 1577 790 1596 nos
807 1568 917 1595 tandem
934 1568 1024 1595 facere

235 1622 342 1649 aequum
361 1618 411 1644 est.
434 1622 551 1649 quorum
568 1615 691 1641 nonnulli
710 1614 749 1641 sic
767 1614 904 1644 vixerunt,
923 1617 953 1640 ul
968 1621 1024 1640 mc-

236 1660 304 1686 liora
320 1660 370 1687 sibi
388 1667 436 1694 spe
454 1659 577 1694 polliceri
593 1660 638 1687 vix
655 1659 793 1686 habeant?
812 1659 898 1686 Etiam
915 1658 1024 1686 Davida!

236 1706 306 1732 vatis
319 1706 428 1732 animus
445 1713 478 1732 ex
505 1705 608 1740 ingenti
631 1705 782 1740 cupiditate
801 1704 911 1732 defecit.
930 1704 1025 1739 Itaque

236 1752 307 1778 hane
329 1752 432 1779 amoris
455 1756 482 1779 et
495 1751 624 1779 desiderii
646 1752 816 1781 all'ectionem
839 1751 897 1786 ipse
919 1751 977 1778 suis
996 1751 1024 1778 in

236 1796 345 1831 hymnis
360 1796 470 1828 fatetur,
484 1804 547 1823 cum
564 1796 653 1831 inquit
666 1796 700 1828 κ’,
713 1803 812 1831 magno
828 1803 857 1823 se
870 1796 957 1823 teneri
977 1795 1025 1823 de-

236 1841 349 1873 siderio,
363 1845 444 1876 atque
461 1842 543 1868 etiam
569 1839 691 1868 animum
713 1849 769 1876 pra:
789 1841 881 1869 studio
897 1841 1023 1871 deﬁcere.

236 1894 291 1922 quo
306 1894 367 1914 esse
384 1886 411 1912 in
433 1886 542 1920 palatiis
558 1885 664 1912 Domini
690 1885 783 1920 cupiat
799 1894 806 1911 :
825 1885 932 1913 etiamsi
951 1885 1025 1912 futu-

236 1939 298 1958 rum
312 1932 348 1958 sit
362 1935 392 1958 ut
408 1931 434 1957 in
451 1931 580 1958 extremis
594 1931 752 1965 abjiciatur.
770 1931 862 1965 Longe
876 1932 948 1958 enim
966 1939 1024 1958 ma-

235 1977 281 2012 jus
293 1981 374 2011 atque
388 1976 538 2010 optabilius
556 1984 628 2008 esse,
645 1977 706 2004 istic
722 1977 748 2004 in
765 1977 895 2005 extremis
906 1978 1023 2009 censeri,

236 2029 319 2056 quam
337 2022 363 2048 in
383 2022 489 2048 vitiosis
505 2022 586 2055 hujus
597 2022 659 2048 vita:
678 2022 803 2049 tentoriis
817 2023 859 2049 vel
874 2023 1024 2058 principem

237 2067 326 2095 locum
348 2066 480 2094 obtinere.
496 2067 680 2094 Nihilominus
698 2075 803 2094 moram
828 2067 942 2099 ferebat,
962 2076 1023 2095 eum

235 2112 320 2139 vitam
332 2112 441 2147 quidem
460 2112 534 2139 illam
551 2116 580 2139 ut
598 2113 703 2139 beatam
722 2112 894 2147 praedicaret,
911 2113 1025 2147 ejusque

1076 1521 1136 1547 στὸν
1156 1521 1310 1556 ἡγήσασθαι
1325 1521 1370 1547 τδν
1385 1521 1617 1555 ἐπαγγειλάμενον
1635 1520 1755 1555 Θέμενοι·
1773 1519 1799 1546 τί
1814 1519 1866 1554 χρῆ

1075 1566 1205 1601 πράττειν
1219 1566 1282 1597 τοὺς
1293 1566 1407 1597 πολλοὺς
1418 1567 1501 1601 ἡμᾶς,
1513 1563 1553 1598 οἷς
1568 1567 1648 1601 τυχὸν
1661 1566 1720 1592 οὐδὲ
1731 1566 1746 1600 ἡ
1758 1564 1826 1600 πρὸς
1836 1564 1866 1591 τδ

1075 1613 1198 1646 κρεῖττον
1213 1611 1290 1643 ἐλπὶς
1309 1612 1340 1638 ἐκ
1361 1611 1414 1638 τῶν
1435 1611 1609 1647 βεϐιωμένων
1632 1611 1722 1643 ὲττίν;
1744 1610 1865 1642 Ἑξέλιπε

1075 1657 1108 1683 δι’
1122 1656 1268 1692 ἐπιθυμίας
1290 1657 1361 1692 καὶὴ
1373 1657 1417 1685 τοῦ
1430 1658 1574 1693 Προφήτω
1586 1657 1669 1692 ψυχὴ.
1685 1657 1732 1684 καὶ
1742 1656 1870 1691 ὁμολογεῖ

1075 1701 1120 1728 διὰ
1133 1701 1183 1736 τῆς
1194 1701 1353 1737 ψαλμῳδίας
1371 1701 1401 1727 τὺ
1415 1702 1545 1737 ἐρωτικὸν
1563 1702 1642 1729 τοῦτο
1657 1702 1754 1733 πάθος.
1769 1703 1866 1728 ἐπιπο-

1076 1745 1133 1772 θεῖν
1149 1746 1236 1780 λέγων
1249 1747 1296 1773 καὶ
1314 1746 1450 1774 ἐκλείπειν
1474 1747 1556 1774 αὑτοῦ
1578 1748 1628 1783 τὴν
1643 1747 1732 1782 ψυχὴν
1742 1767 1749 1779 ,
1767 1748 1795 1774 ἒν
1807 1748 1867 1779 ταῖς

1076 1791 1171 1823 αὐλαῖς
1180 1791 1226 1818 τοῦ
1240 1792 1342 1827 Κυρίου
1357 1791 1491 1825 γενέσθαι,
1508 1792 1560 1818 κᾶν
1570 1792 1599 1818 ὲν
1610 1793 1666 1824 τοῖς
1681 1792 1806 1827 ἐσχάτοις
1819 1792 1866 1828 δέῃ

1076 1838 1336 1873 παραῤῥιπτεῑσθαι,
1352 1837 1390 1869 ὼς
1409 1837 1498 1872 μεῖζον
1520 1837 1549 1864 ὃν
1563 1837 1609 1864 καὶ
1629 1838 1824 1873 προτιμότερον
1836 1838 1867 1864 τὸ

1076 1884 1106 1909 ὲν
1131 1883 1246 1915 ἐκείνοις
1268 1883 1383 1918 ἔσχατον
1409 1881 1494 1915 εἶναι,
1516 1883 1564 1910 τοῦ
1588 1883 1737 1919 πρωτεύειν
1757 1884 1786 1909 ὲν
1811 1885 1867 1915 τοῖς

1076 1929 1248 1964 ἁμαρτωλοῖς
1267 1929 1314 1956 τοῦ
1332 1929 1388 1964 βίου
1407 1929 1594 1965 σκηνώμασιν.
1621 1930 1692 1956 Ἀλλ’
1708 1930 1781 1965 ὅμως
1793 1930 1864 1964 ἠνεί-

1076 1983 1138 2010 χετο
1147 1976 1195 2010 τῆς
1209 1976 1353 2011 αδαϐολῆς,
1365 1970 1523 2012 μακαρίζων
1533 1976 1582 2011 μὲν
1592 1976 1641 2011 τὴν
1652 1977 1711 2003 ἐκεῖ
1719 1976 1866 2011 διαγωγὴν,

1077 2021 1124 2046 καὶ
1142 2020 1191 2055 τὴν
1210 2021 1239 2047 ὲν
1251 2021 1347 2056 βραχεῖ
1363 2022 1507 2057 μετουσίαν
1521 2022 1646 2057 χιλιάδων
1659 2023 1754 2058 χρόνου
1771 2032 1865 2058 προτι-

1079 2065 1195 2100 μοτέραν
1205 2066 1374 2101 ποιούμενος·
1391 2076 1399 2092 t
1413 2067 1574 2102 Κρεῑσσον,ι
1586 2068 1678 2103 φησιν,
1693 2068 1802 2103 «ἡμέρα
1817 2069 1867 2103 μία

1077 2112 1106 2137 ὲν
1120 2113 1180 2142 ταῖς
1193 2111 1289 2143 αὐλαῖς
1306 2120 1352 2138 σου
1367 2113 1436 2147 ὑπὲρ
1450 2113 1586 2147 χιλιάδας’
1598 2123 1607 2139 ι
1623 2113 1679 2140 ἀλλ’
1696 2114 1745 2141 οὐκ
1758 2114 1867 2149 ἐδυσχέ-

236 2158 278 2186 vel
292 2158 485 2185 brevissimum
507 2157 625 2184 fructum
650 2159 765 2193 tempori
784 2158 882 2186 millies
898 2159 1022 2193 ampliori

1078 2165 1150 2192 ραινε
1166 2158 1198 2192 τῇ
1212 2158 1350 2193 ἀναγκαίᾳ
1368 2159 1431 2193 περὶ
1443 2159 1496 2185 τῶν
1508 2159 1593 2186 ὅντων
1606 2160 1757 2195 οίκονομίᾳ,
1775 2160 1868 2186 ἱκανόν

237 2204 385 2232 anteferret
409 2204 460 2239 (sic
482 2203 554 2230 enim
578 2203 700 2238 loquitur
722 2212 729 2230 :
750 2213 760 2228 ‹
783 2202 877 2230 Potior
902 2208 943 2230 est
965 2203 1023 2232 dies

238 2258 310 2277 unus
325 2250 350 2276 in
362 2250 533 2285 palatiistuis
543 2257 623 2283 quam
635 2249 719 2276 multa
727 2249 842 2276 aliorum
858 2250 942 2276 millia
954 2249 977 2265 "
988 2250 1022 2284 ι),

237 2294 349 2322 minime
371 2298 461 2320 tamen
484 2293 508 2321 ei
535 2294 678 2320 molestum
697 2297 786 2323 esset.
811 2300 856 2320 res
881 2293 1024 2320 universas

236 2344 312 2366 certo
332 2338 377 2366 Dei
394 2339 509 2366 consilio
524 2338 720 2366 administrari.
742 2338 872 2374 Adeoque
890 2339 957 2366 satis
973 2339 1023 2365 hoc

236 2393 298 2413 esse
319 2384 353 2412 ad
372 2385 529 2412 beatitatem
548 2384 705 2411 hominibus
725 2384 912 2416 existimabat,
933 2385 955 2411 si
975 2384 1024 2411 bo-

236 2431 281 2459 nis
301 2431 363 2458 istis
375 2430 416 2458 vel
434 2429 517 2457 animi
531 2437 579 2464 spe
594 2430 691 2457 saltem
707 2429 846 2460 incubent,
860 2434 1025 2465 quapropter

237 2478 266 2505 in
279 2481 401 2504 extremo
417 2476 454 2503 ait
467 2484 474 2502 :
492 2485 501 2501 ‹
516 2475 640 2506 Domine.
656 2475 701 2510 Qui
718 2475 787 2503 Deus
799 2483 828 2503 es
840 2476 1023 2508 exercituum,

237 2530 317 2558 quam
329 2522 424 2549 beatus
434 2521 528 2555 estqui
542 2528 616 2555 spem
627 2521 653 2547 in
662 2525 687 2548 te
696 2529 771 2548 suam
783 2521 914 2549 collocat!
931 2530 940 2546 ›
955 2520 1024 2555 Ergo

238 2577 272 2595 ne
288 2575 339 2595 nos
355 2567 464 2602 quidem
479 2570 587 2594 nosmet
603 2565 762 2594 alllictemus
775 2566 810 2594 ob
825 2567 949 2602 exiguam
965 2574 1024 2592 mo-

236 2621 307 2645 ram,
327 2620 381 2647 qua
399 2613 515 2648 speratis
543 2612 597 2640 illis
616 2611 695 2639 bonis
717 2611 866 2638 carendum
886 2615 928 2638 est
945 2620 952 2638 :
975 2618 1024 2645 po-

236 2660 347 2695 tiusque
360 2659 433 2686 omni
450 2659 542 2686 studio
557 2658 653 2686 demus
668 2665 790 2692 operam.
810 2665 845 2684 ne
861 2662 955 2684 nostra
968 2657 1024 2684 cul-

236 2714 268 2740 pa
282 2713 375 2732 eorum
395 2713 443 2741 spe
458 2705 627 2733 excidemus.
645 2703 880 2737 Quemadmodum
895 2703 979 2737 enim,
997 2705 1021 2731 si

1074 2210 1103 2228 τε
1121 2203 1160 2234 είς
1177 2203 1350 2238 μακαρισμὸν
1373 2202 1440 2238 ᾤετο
1456 2205 1512 2236 τοῖς
1538 2205 1692 2240 ἀνθρώποις
1714 2205 1761 2232 καὶ
1783 2206 1813 2232 τὸ
1832 2206 1867 2232 δι’

1075 2248 1182 2280 ἐλπίδος
1207 2248 1278 2283 ἔχειν
1301 2249 1336 2276 τὰ
1360 2249 1460 2283 ἀγαθά.
1488 2250 1532 2276 Διό
1561 2259 1644 2285 φησιν
1665 2251 1710 2277 ἐπὶ
1727 2251 1797 2278 τέλει
1817 2251 1867 2286 τῆς

1074 2294 1232 2329 ψαλμῳδίας
1242 2303 1249 2310 ·
1270 2305 1279 2320 ι
1294 2295 1379 2331 Κύριε
1391 2296 1405 2322 ὁ
1419 2296 1484 2328 Θεὸς
1494 2296 1548 2323 τῶν
1562 2297 1713 2332 δυνάμεων,
1732 2297 1868 2333 μακάριος

1075 2339 1219 2375 ἄνθρωπος
1241 2341 1256 2366 ὁ
1274 2340 1392 2372 ἐλπίζων
1407 2341 1454 2368 ἐπὶ
1469 2342 1508 2368 σέ.
1523 2352 1531 2367 ι
1550 2343 1587 2369 Οὐ
1609 2343 1698 2369 τοίνυν
1717 2343 1777 2370 οὐδὲ
1792 2345 1868 2378 ἡμᾶς

1076 2385 1300 2420 στενοχωρεῖσθαι
1320 2386 1373 2422 χρὴ
1389 2387 1452 2422 περὶ
1465 2387 1516 2423 τῆς
1536 2389 1564 2414 ὲν
1580 2388 1675 2422 βραχεῖ
1689 2388 1743 2414 τῶν
1758 2389 1868 2420 ἐλπιζο-

1076 2431 1166 2466 μένων
1191 2431 1341 2467 ἀναϐολῆς,
1359 2433 1416 2460 ἀλλ’
1431 2433 1504 2465 ὅπως
1524 2434 1555 2460 ἂν
1583 2433 1620 2469 μὴ
1645 2433 1792 2468 ἀπόϐλητοι
1811 2435 1869 2461 τῶν

1076 2477 1260 2512 ἐλπιζομένων
1273 2479 1420 2515 γενοίμεθα.
1430 2500 1437 2511 ,
1461 2480 1511 2515 τὴν
1526 2480 1643 2515 σπουδὴν
1659 2479 1740 2515 ἔχειν.
1759 2481 1867 2517 Ὥσπερ

1076 2523 1130 2558 γὰρ
1140 2523 1166 2549 εί
1178 2532 1221 2555 τις
1240 2524 1365 2560 προείποι
1384 2525 1436 2551 τινὶ
1450 2525 1504 2552 τῶν
1520 2525 1721 2561 ἀπειροτέρων,
1738 2527 1778 2552 ὅτι
1797 2527 1867 2554 κατά

1075 2569 1120 2596 τον
1132 2569 1228 2605 καιρὸν
1243 2570 1291 2596 τοῦ
1309 2570 1404 2605 θέρους
1413 2571 1430 2606 ἡ
1443 2570 1498 2597 τῶν
1516 2571 1630 2606 καρπῶν
1643 2572 1785 2606 γενήσεται
1804 2572 1859 2598 συλ-

1075 2613 1157 2649 λογὴ,
1174 2615 1222 2641 καὶ
1235 2615 1348 2650 πλήρεις
1372 2615 1422 2650 μὲν
1442 2615 1470 2642 al
1497 2616 1634 2650 ἀποθῆκαι
1645 2635 1653 2648 ,
1671 2617 1757 2652 μεστὴ
1771 2617 1799 2643 δὲ
1811 2617 1867 2642 τῶν

1075 2659 1214 2695 ἐδωδίμων
1230 2661 1247 2696 ἡ
1270 2661 1395 2696 τράπεζα
1411 2661 1449 2696 τῷ
1466 2663 1515 2698 τῆς
1527 2661 1654 2697 εὐθηνίας
1668 2662 1744 2689 ἔσται
1761 2662 1847 2698 καιρῷ
1858 2671 1867 2680 ο

1078 2706 1191 2740 μάταιος
1206 2706 1238 2733 ἂν
1251 2707 1295 2742 εἴη
1311 2708 1325 2733 ὁ
1339 2708 1510 2735 ἐπισπεύδων
1527 2708 1574 2736 τοῦ
1590 2708 1686 2744 καιροῦ
1702 2709 1751 2744 τὴν
1766 2717 1868 2745 παρου-

270 2792 292 2811 ⁶¹
310 2793 318 2820 Ι
338 2793 434 2822 Thess.
453 2801 490 2824 Iv.
506 2792 547 2819 16.
587 2793 608 2808 ³¹
624 2791 696 2818 Psal.
716 2800 828 2825 Lxxxlu,
843 2793 870 2821 ‘2.
909 2793 932 2808 "
947 2793 1014 2821 ibid.
1031 2793 1075 2821 Η.
