1977 3071
139 130 191 160 209

778 137 821 165 DE
843 138 985 167 llOMINlS
1004 140 1168 168 OPlFltLIO.

1712 144 1765 171 2H)

139 189 211 222 σξαν,
225 189 284 216 δέον
297 189 443 226 σπέρματα
461 192 640 220 καταϐάλλειν
662 194 708 221 καὶ
725 195 758 221 δι’
771 197 921 231 ἐπιμελείας

980 199 1042 233 quis
1066 198 1168 225 homini
1191 196 1319 232 praedicat
1345 197 1489 233 imperito,
1517 202 1622 227 testans
1646 203 1766 235 tempore

139 236 229 271 ἑαυτῷ
248 236 308 268 τοὺς
323 238 445 272 καρποὺς
461 238 662 273 ἑτοιμάζεσθαι.
681 240 711 266 '0
730 240 779 275 μὲν
796 242 850 277 γὰρ
865 251 927 269 και-

141 282 186 317 ρὸς
212 282 257 308 καὶ
272 281 435 317 βουλομένου
445 303 451 315 ,
467 285 515 310 καὶ
535 285 571 320 μὴ
585 306 592 318 ,
612 286 718 317 πάντως
735 287 805 314 κατὰ
820 288 865 315 τὸν
885 297 929 315 τε·

137 329 272 364 ταγμένον
285 330 461 365 ἐπιστήσεται
484 331 590 367 χρόνον.
606 332 661 367 Οὐχ
681 333 782 367 ὁμοίως
798 334 826 360 δὲ
846 334 927 360 αὑτὸν

137 374 258 407 ὄψονται,
273 376 287 402 ὅ
303 383 332 401 τε
352 376 553 410 προετοιμάσας
572 377 660 412 ἐαυτῷ
676 378 726 413 τὴν
748 378 800 404 τῶν
815 380 929 413 καρπῶν

137 419 268 453 ἀφθονίαν
280 441 287 452 ,
305 420 351 446 καὶ
374 422 391 447 ὁ
417 421 508 456 πάσης
527 423 704 458 παρασκευῆς
726 424 826 459 ἕρημος
845 433 929 452 κατα-

138 465 255 499 λειφθεὶς
273 466 326 492 ὑπὸ
341 467 390 501 τῆς
409 466 492 502 ὧρας.
509 467 601 500 Οὕτως
615 467 690 504 οἶμαι
702 470 756 497 δεῖν
768 490 775 502 ,
795 471 926 506 προδήλου

138 510 204 536 πᾶσι
219 510 263 536 διὰ
273 510 320 537 τοῦ
336 511 595 547 θείου’κηρύγματος
609 513 696 546 ὄντος,
712 514 753 540 ὅτι
767 515 926 550 ἐνστήσεται

137 554 188 587 τῆς
203 555 352 590 ἐναλλαγῆς
369 557 384 582 ό
407 556 501 591 καιρὸς
512 577 520 588 ,
538 558 578 592 μὴ.
594 558 706 592 χρόνους
728 559 925 595 πολυπραγμο-

138 602 194 626 νεῖν
213 600 288 634 (οὺδὲ
304 601 358 636 γὰρ
379 601 457 636 ήμῶν
474 600 550 629 εἶπεν
565 600 634 629 εἶναι
652 604 682 630 τὸ
696 605 807 640 καιροὺς
823 606 924 639 γνῶναι

138 646 185 672 καὶ
200 646 333 681 χρόνους),
346 647 413 682 μηδὲ
425 647 571 683 λογισμούς
587 657 663 680 τινας
674 650 829 685 ἀναζητεῖν,
840 651 873 677 δι’
887 647 925 678 ὦν

139 689 274 724 ϐαθρώσει
293 700 334 722 τις
347 691 397 726 τὴν
414 691 502 727 ψυχὴν
523 693 587 727 περὶ
608 693 657 728 τὴν
679 693 774 720 ἐλπίδα
792 695 841 730 τῆς
857 695 925 721 ἀνα-

137 736 257 768 στάσεως
269 745 277 751 ·
298 736 367 762 ἀλλὰ
388 738 420 772 τῇ
446 737 536 764 πίστει
552 738 606 765 τῶν
628 731 860 775 προσδοκωμένων
875 741 924 767 ἑπ-

133 780 314 817 ερειδόμενον)
329 780 373 807 διὰ
385 781 434 816 τῆς
447 782 553 818 ἀγαθῆς
571 783 706 816 πολιτείας
717 784 764 819 τὴν
777 785 924 820 μέλλουσαν

136 825 214 859 χάριν
229 826 493 862 προεμπορεύεσθαι.

982 243 1086 270 fructus
1107 243 1274 278 colligendos
1298 251 1370 275 esse,
1397 251 1428 271 ac
1449 245 1547 273 deinde
1580 254 1642 272 cum
1668 246 1764 274 horrea

980 288 1069 322 plena,
1084 293 1140 315 tum
1157 289 1226 316 cibis
1243 296 1364 315 mensam
1382 289 1464 316 ubere
1480 290 1526 317 illo
1543 294 1664 326 tempore
1681 291 1765 319 refer-

980 339 1036 360 tam
1052 333 1126 367 fore;
1150 334 1255 361 fatuum
1275 341 1338 361 esse
1356 341 1469 361 necesse
1493 335 1538 365 sit.
1558 336 1604 370 qui
1623 337 1713 363 statim
1739 337 1766 364 id

980 383 1087 414 tempus
1106 383 1225 414 exoptet,
1246 387 1308 406 cum
1331 386 1444 406 necesse
1466 379 1502 406 sit
1526 380 1601 414 prius
1617 385 1765 409 sementem

979 424 1080 456 facere,
1104 432 1255 460 magnaque
1272 425 1408 452 industria
1434 425 1542 452 fructus
1566 426 1639 460 ipsos
1658 435 1764 461 parare.

978 469 1099 505 Tempus
1112 470 1223 505 quidem
1237 475 1264 498 te
1279 471 1320 498 vel
1336 471 1453 503 volente,
1468 471 1509 498 vel
1525 471 1622 505 invito,
1632 480 1701 499 cum
1724 481 1767 499 re-

977 523 1038 543 rum
1055 517 1123 544 ordo
1147 516 1305 551 postulabit,
1328 516 1426 544 aderit.
1453 516 1516 543 Pari
1544 522 1635 544 autem
1661 518 1767 545 ratione

977 561 1122 588 adventum
1138 562 1199 596 ejus
1223 569 1277 588 non
1293 561 1443 596 excipient,
1471 569 1534 588 cum
1552 562 1576 589 is
1597 562 1644 596 qui
1659 562 1767 589 uberri~

976 615 1048 634 mam
1074 607 1127 635 sibi
1151 607 1291 634 fructuum
1316 607 1422 642 copiam
1446 607 1539 634 studio
1571 616 1621 635 suo
1648 609 1766 643 paravit,

975 657 1032 679 tum
1057 652 1136 686 quia
1157 659 1249 678 rerum
1269 651 1488 678 necessariarum
1506 655 1637 685 apparatu
1661 651 1764 677 instru-

974 701 1036 725 ctus
1059 705 1112 724 non
1136 701 1188 724 est.
1208 696 1253 724 Sic
1273 688 1401 731 equidem
1430 700 1530 728 statuo,
1553 703 1615 723 cum
1639 696 1766 723 omnibus

974 747 1068 770 notum
1092 743 1128 769 sit
1145 750 1179 770 ex
1193 742 1294 770 divinis
1317 742 1448 774 oraculis,
1473 741 1532 769 fore
1554 745 1661 776 tempus
1677 742 1766 776 quod-

974 787 1047 820 dam,
1066 795 1120 823 quo
1135 795 1180 814 res
1195 795 1294 815 omnes
1307 787 1551 814 commutabuntur
1566 797 1572 814 :
1590 795 1645 814 non
1656 788 1765 814 curiose

974 834 1002 860 in
1018 839 1157 861 momenta
1172 838 1327 869 temporum
1351 840 1411 861 esse
1429 833 1623 869 inquirendum
1642 833 1764 868 (quando

134 871 318 906 cognitionem
335 873 432 900 horum
455 873 586 902 Dominus
607 876 665 911 ipse
681 877 761 917 nobis
776 879 886 914 ademit)
910 888 998 915 neque
1017 881 1273 909 ratiocinationibus
1288 888 1399 916 operam
1413 888 1474 908 esse
1486 881 1615 914 dandam,
1631 889 1680 916 per
1696 889 1766 917 quas

134 919 243 946 animus
261 920 289 947 iu
305 928 352 955 spe
367 923 578 949 resurrectionis
592 913 762 957 debilitetur,
782 927 832 954 sed
843 913 942 955 debere
954 913 1180 964 unumquemque
1194 929 1307 956 ﬁrmiter
1320 929 1481 955 innitentem
1496 928 1568 960 lidei,
1578 936 1631 963 qua
1645 936 1689 956 res
1704 928 1765 956 illas

133 969 305 999 exspectatas
321 967 504 1001 amplectitur,
520 972 593 995 recta
608 969 717 998 vivendi
731 971 838 1000 ratione
854 973 977 1001 divinum
993 974 1061 1001 illud
1076 974 1177 1002 donum
1194 974 1274 1009 quasi
1293 978 1465 1008 antecapere.

388 1025 585 1053 ΚΕΦΑΛΑῙΟΝ
604 1028 668 1054 KF'.

134 1078 195 1118 Ὅτι
219 1079 243 1118 ὀμ
258 1078 315 1118 τὴν
331 1079 429 1118 ἀρχὴν
453 1080 507 1118 τῇς
529 1082 582 1118 τοῦ
605 1083 721 1117 κόσμου
745 1085 923 1118 συστάσεως

168 1114 332 1174 iugalia-(Br,
345 1115 512 1150 ἀναγκαίως
525 1116 574 1142 καὶ
588 1114 720 1151 περὶτοῦ
731 1119 838 1152 τέλους
853 1114 925 1147 σι)ιᾶ

190 1157 206 1182 ιι
284 1157 303 1176 ι.

167 1193 198 1220 Εἰ
212 1194 241 1220 δέ
263 1203 303 1226 τις
319 1195 368 1231 τὴν
384 1196 431 1222 νῦν
455 1197 501 1223 τοῦ
527 1197 628 1233 κόσμου
654 1200 740 1235 φορὰν
762 1200 851 1236 εἱρμῷ
870 1209 922 1227 τινι

132 1236 326 1273 ὁιεξαγομένην
341 1239 456 1274 βλέπων,
478 1240 511 1266 δι’
533 1238 566 1276 ἦς
584 1242 614 1267 τὸ
636 1244 760 1278 χρονικὺν
781 1244 923 1280 θεωρεῖται

132 1283 277 1318 διάστημα,
298 1285 334 1320 μὴ
355 1286 511 1321 ἐνδέχεσθαι
533 1287 606 1321 λέγοι
624 1288 674 1323 τὴν
691 1290 922 1324 προαγγελθεῖσαν

132 1330 186 1357 τῶν
201 1333 365 1366 κινουμένων
382 1333 476 1359 στάσιν
489 1334 651 1370 γενήσεσθαι
662 1344 668 1350 ·
684 1336 762 1371 δῆλος
777 1337 790 1362 ό
802 1331 922 1370 τοιοῖῖτός

132 1377 200 1409 ἐστι,
221 1377 288 1412 μηδὲ
307 1379 335 1403 ἐν
356 1378 426 1414 ἀρχῇ
451 1380 615 1414 γεγενῆσθαι
633 1382 708 1416 παρὰ
726 1381 772 1408 τοῦ
791 1382 858 1408 Θεοῦ
877 1383 922 1410 τὸν

131 1420 244 1454 οὐρανὸν
263 1421 310 1448 καὶ
334 1421 383 1457 τὴν
409 1422 460 1457 γῆν
489 1424 631 1452 πιστεύων.
648 1425 680 1452 ’0
701 1426 753 1462 γὰρ
777 1427 862 1462 ἀρχὴν
887 1429 921 1462 τῇ

132 1465 235 1500 κινήσει
250 1466 347 1498 διδοὺς,
369 1468 418 1494 οὺκ
436 1468 599 1503 ἀμφιϐάλλει
613 1470 723 1503 πάντως
737 1472 784 1498 καὶ
800 1473 863 1508 περὶ
877 1473 923 1499 τέ-

131 1510 210 1538 λους’
232 1508 278 1534 καὶ
293 1510 306 1535 ό
324 1509 354 1536 τὸ
374 1510 450 1542 τέλος
479 1512 515 1547 μὴ
541 1514 766 1549 προσδεχόμενος,
790 1516 851 1542 οὐδὲ
872 1516 921 1552 τὴν

131 1552 217 1588 ἀρχὴν
240 1555 414 1589 παρεδέξατο.
441 1557 509 1583 Ἀλλ’
537 1558 630 1595 ὥσπερ
659 1561 838 1596 κατηρτίσθαι
858 1562 922 1594 τοὺς

130 1599 230 1630 αίώνας
252 1600 291 1636 τῷ
307 1602 410 1637 ῥήματι
435 1603 548 1639 νοοῦμεν
573 1606 620 1632 τοῦ
642 1606 719 1639 Θεοῦ,
737 1607 920 1641 πιστεύοντες,

131 1643 221 1676 καθώς
243 1654 324 1681 φησιν
342 1648 356 1674 ὀ
377 1648 546 1681 Ἀπόστολος,
567 1652 599 1678 ὲκ
614 1652 667 1678 τῶν
692 1653 729 1688 μὴ
752 1653 920 1689 φαινομένων

1255 1030 1368 1059 CAPUT
1390 1029 1485 1057 XXIII.

977 1087 1029 1121 Qui
1045 1088 1137 1115 viandi
1157 1087 1283 1122 originem
1303 1087 1493 1122 aliquonresse
1506 1086 1633 1120 fateatur,
1659 1096 1718 1115 eum
1738 1094 1773 1116 et,

1009 1123 1089 1183 (finem
1111 1123 1168 1157 ejus
1187 1119 1245 1157 [ore
1263 1119 1490 1156 aliqua—"dorum
1505 1119 1579 1156 posse
1598 1130 1651 1149 non
1672 1131 1762 1150 conce~

1028 1166 1080 1183 ere.

1028 1166 1080 1185 ere.

1011 1203 1040 1230 Si
1055 1203 1118 1238 quis
1135 1207 1226 1230 autem
1248 1203 1359 1230 intuens
1381 1202 1408 1229 in
1426 1202 1521 1230 mundi
1545 1207 1648 1230 motum
1665 1203 1763 1230 ordine

973 1249 1093 1284 quodam
1111 1248 1340 1283 progredientem,
1359 1256 1413 1283 quo
1438 1252 1592 1283 temporum
1615 1248 1760 1276 interralla

974 1299 1120 1323 notantur:
1133 1295 1190 1322 lieri
1201 1301 1375 1329 nequaquam
1389 1301 1470 1328 posse
1478 1294 1563 1327 dicat,
1575 1298 1604 1321 ut
1615 1294 1761 1329 aliquando

973 1348 1017 1368 res
1035 1340 1186 1368 secundum
1207 1339 1318 1366 oracula
1343 1339 1433 1366 divina
1449 1339 1554 1366 moveri
1571 1339 1719 1367 desinant:
1736 1340 1760 1366 is

973 1395 1007 1414 ne
1017 1384 1117 1414 coelum
1130 1385 1241 1420 quidem
1257 1392 1288 1412 ac
1301 1389 1401 1412 terram
1414 1385 1491 1412 initio
1506 1385 1661 1413 condidisse
1676 1385 1760 1412 Deum

973 1432 1069 1460 credit.
1083 1430 1150 1458 Nam
1163 1430 1209 1465 qui
1226 1430 1333 1457 initium
1352 1429 1489 1464 quoddam
1508 1430 1534 1456 in
1551 1433 1625 1457 motu
1650 1431 1755 1462 statuit,

973 1478 1053 1505 ﬁnem
1064 1476 1124 1511 ejus
1141 1476 1257 1510 aliquem
1272 1475 1330 1502 fore
1342 1483 1395 1502 non
1408 1475 1516 1502 dubitat
1532 1484 1537 1501 :
1553 1476 1664 1510 perinde
1679 1481 1761 1511 atque

972 1523 1082 1550 initium
1096 1522 1202 1548 nullum
1218 1521 1345 1555 admittit,
1362 1521 1408 1556 qui
1426 1520 1506 1547 tinem
1518 1529 1573 1547 non
1586 1521 1692 1548 statuit.
1705 1521 1760 1549 Nos

973 1574 1075 1602 autem,
1101 1561 1334 1604 quemadmodum
1359 1567 1459 1595 smcula
1482 1566 1529 1594 Dei
1546 1568 1629 1595 verbo
1649 1568 1760 1596 condita

973 1625 1035 1645 esse
1050 1617 1240 1652 intelligimus,
1262 1620 1345 1651 atque
1368 1615 1401 1644 dc
1421 1616 1502 1644 rebus
1522 1624 1656 1651 nusquam
1677 1624 1760 1652 appa-

972 1663 1108 1696 rentibus,
1133 1667 1162 1690 ut
1188 1660 1336 1698 Apostolus
1355 1662 1392 1688 ait
1416 1662 1448 1694 “,
1471 1670 1503 1689 ea
1525 1670 1586 1697 qua:
1610 1667 1761 1690 cernuntur

131 1689 163 1716 τὰ
177 1689 328 1742 ξλεττύμενα
347 1695 502 1727 γεγονέναι·
520 1697 552 1732 τῇ
569 1697 637 1732 αὐτῇ
658 1698 747 1724 πίστει
764 1700 921 1735 χρησόμεθα

974 1709 1044 1736 facta
1058 1710 1127 1736 'esse
1147 1708 1284 1736 credimus
1296 1718 1302 1736 :
1314 1708 1407 1735 eadem
1422 1709 1600 1742 persuasione
1616 1709 1666 1736 hoc
1677 1710 1758 1736 etiam

131 1736 194 1770 περὶ
215 1736 246 1762 τὸ
271 1737 345 1773 ῥῆμα
371 1740 418 1765 τοῦ
440 1740 518 1773 Θεοῦ,
545 1741 592 1768 τοῦ
614 1743 663 1778 τὴν
690 1745 841 1778 ἀναγκαίαν
867 1746 921 1773 τῶν

131 1780 213 1807 Ιἐντων
227 1783 320 1809 στάσιν
340 1786 602 1821 προαγορεύσαντος.
626 1789 663 1814 Τὸ
681 1789 709 1815 δὲ
730 1789 797 1821 πῶς,
817 1791 922 1826 ἐξαιρε-

131 1826 189 1852 τέον
207 1827 257 1862 τῆς
275 1829 557 1866 πολυπραγμοσύνηςο
585 1833 631 1859 καὶ
655 1834 710 1869 γὰρ
733 1836 814 1861 κάκεῖ
831 1837 921 1864 πίστει

131 1873 310 1907 κατηρτίσθαι
329 1874 359 1900 τὸ
381 1875 546 1911 βλεπόμενον
567 1878 600 1904 ἐκ
621 1879 676 1906 τῶν
699 1881 810 1915 μηδέπω
829 1890 920 1915 φαινο-

132 1917 220 1952 μένων
234 1919 446 1955 κατεδεξάμεθα,
463 1923 687 1958 παραδραμόντες
702 1925 756 1952 τῶν
768 1927 920 1961 ἁνεφίκτων

133 1963 178 1998 τὴν
195 1964 315 2000 ζήτησιν.
333 1966 426 1993 Καίτοι
446 1969 511 2004 περὶ
526 1969 630 1995 πολλῶν
644 1972 710 2006 ἡμῖν
727 1973 741 1997 ὸ
762 1971 839 2006 λόγος
854 1973 920 1999 ἀπο-

131 2010 188 2044 ρεῖν
213 2010 362 2044 ὑπετίθετο,
386 2013 416 2038 οὺ
445 2015 544 2050 μικρὰς
563 2016 692 2051 παρέχων
710 2018 836 2053 ἀφορμὰς
853 2019 920 2053 πρὸς

130 2053 178 2088 τὴν
193 2054 244 2080 τῶν
267 2057 488 2092 πεπιστευμένων
506 2059 680 2094 ἀμφιϐολίαν.
702 2062 780 2097 Ἐξῆν
799 2062 852 2098 γὰρ
871 2064 920 2089 κὰ-

130 2099 173 2125 κεῖ
186 2100 242 2130 τοῖς
256 2100 401 2134 ἐριστικοῖς
416 2103 448 2129 ἐκ
462 2103 515 2130 τῶν
530 2104 647 2139 εὐλόγων
666 2106 736 2133 κατὰ
757 2106 788 2133 τὸ
808 2107 920 2134 ἀκόλου-

131 2142 175 2168 θον
199 2144 359 2180 ἀνατρέπειν
383 2146 431 2182 τὴν
459 2148 559 2181 πίστιν,
588 2151 656 2186 πρὸς
681 2151 711 2178 τὸ
736 2152 773 2188 μὴ
799 2154 919 2188 νομίζειν

129 2189 216 2224 ἀληθῆ
230 2191 275 2217 τὸν
292 2193 354 2228 περὶ
373 2194 422 2229 τῆς
436 2194 531 2231 ὑλικῆς
558 2197 673 2229 κτίσεως
691 2196 761 2225 εἶναι
784 2199 871 2234 λόγον,
890 2200 919 2226 ὃν

130 2236 146 2270 ἡ
163 2236 226 2269 ἁγία
243 2238 388 2271 πρεσόεύει
407 2239 512 2276 Γραφὴ.
532 2242 640 2269 πάντων
653 2244 706 2270 τῶν
729 2244 813 2271 ὄντων
827 2246 858 2272 ἐκ
873 2245 918 2272 τοῦ

129 2281 194 2307 θεοῦ
217 2280 286 2309 εἶναι
309 2283 533 2322 διαϐεϐαιουμένη
557 2288 607 2324 τὴν
629 2290 744 2323 γένεσιν.
763 2291 794 2317 Οἱ
811 2291 864 2327 γὰρ
880 2292 918 2327 τῷ

129 2327 241 2362 ἐναντίῳ
262 2331 459 2365 παριστάμενοι
470 2331 550 2367 λόγῳ,
566 2335 697 2362 ωναῖδιον
717 2334 786 2363 εἶναι
803 2336 842 2372 τῷ
860 2337 918 2373 Θεῷ

974 1754 1021 1782 Dei
1046 1755 1160 1782 verbum
1185 1754 1393 1788 amplectentur,
1418 1761 1473 1788 quo
1503 1761 1547 1781 res
1574 1754 1717 1781 universas
1744 1763 1758 1781 a

973 1805 1047 1827 motu
1066 1804 1223 1827 cessaturas
1240 1799 1400 1826 necessario
1413 1797 1549 1832 praedixit.
1564 1797 1758 1825 Curiositatem

972 1846 1080 1880 quidem
1101 1850 1234 1877 nostram,
1250 1844 1434 1879 inquirentem
1455 1844 1502 1877 qui
1518 1844 1570 1871 hoc
1584 1843 1643 1871 ficri
1659 1844 1757 1878 possit,

972 1891 1028 1917 tolli
1046 1893 1165 1925 oportet.
1182 1889 1248 1916 Nam
1265 1893 1291 1915 et
1308 1889 1370 1916 istic
1388 1888 1490 1916 omissa
1507 1896 1610 1920 rerum,
1627 1896 1696 1924 quas
1715 1888 1758 1915 in-

972 1934 1096 1969 dagando
1121 1933 1354 1968 comprehendere
1375 1940 1430 1960 non
1455 1941 1614 1968 possumus,
1641 1933 1758 1969 inquisi-

972 1982 1046 2007 tione
1064 1989 1071 2007 :
1089 1979 1245 2006 indubitata
1265 1979 1444 2014 persuasione
1461 1987 1505 2007 res
1523 1987 1659 2015 nusquam
1675 1987 1758 2015 appa-

972 2031 1063 2054 rentes
1086 2026 1212 2053 conditas
1234 2026 1393 2058 statuimus,
1412 2030 1443 2053 ut
1455 2026 1554 2054 deinde
1566 2031 1756 2055 cernerentur.

970 2073 1052 2107 Atqui
1065 2079 1119 2099 non
1135 2079 1222 2108 pauca
1238 2077 1302 2099 sunt
1316 2080 1376 2107 qua:
1397 2072 1477 2100 nobis
1489 2072 1662 2100 occasionem
1678 2072 1758 2100 dubi<

972 2119 1046 2146 tandi
1066 2119 1185 2153 praebere
1207 2118 1330 2153 possint,
1353 2118 1441 2153 deque
1463 2118 1497 2145 iis
1521 2119 1601 2145 etiam
1620 2127 1680 2155 qua:
1693 2127 1757 2147 vera

971 2164 1110 2192 credimus
1131 2164 1298 2199 ambigendi.
1318 2163 1385 2190 Nam
1403 2169 1429 2191 et
1446 2164 1472 2190 in
1491 2163 1615 2191 doctrina
1637 2165 1671 2192 dc
1694 2171 1755 2193 ortu

971 2217 1062 2236 rerum
1089 2208 1270 2236 contentiosis
1295 2208 1411 2243 ingeniis
1435 2208 1560 2234 nonnihil
1592 2214 1676 2241 esset,
1700 2219 1755 2246 quo

970 2254 1011 2282 eis
1035 2255 1193 2281 subvertere
1207 2254 1240 2280 de
1260 2253 1423 2280 collectione
1437 2253 1628 2280 verisimilium
1643 2262 1756 2290 persua-

970 2298 1075 2325 sionem
1091 2301 1214 2324 nostram
1237 2297 1340 2329 liceret,
1358 2300 1386 2323 ut
1408 2304 1462 2324 non
1479 2297 1561 2332 plane
1580 2307 1674 2326 rerum
1694 2309 1756 2329 esse

969 2343 1143 2369 crederemus
1169 2341 1195 2368 id
1218 2342 1290 2376 quod
1315 2346 1358 2369 est
1375 2341 1408 2368 dc
1436 2342 1577 2370 creatione
1599 2352 1691 2372 rerum
1722 2355 1755 2374 cx

128 2371 178 2406 τὴν
201 2371 267 2407 ὕλην
290 2377 543 2411 κατασκευάζουσι,
568 2380 697 2412 τοιούτοις
723 2371 917 2418 ἐπιχειρήμασι

974 2387 1082 2414 materie
1105 2386 1291 2413 constantium
1308 2385 1392 2413 divini
1416 2386 1580 2414 auctoritate
1599 2389 1676 2416 verbi
1699 2394 1754 2417 tra-

129 2417 197 2452 πρδς
209 2418 239 2444 τὸ
252 2419 341 2455 δόγμα
354 2421 504 2457 χρώμενοι·
521 2424 553 2450 El
566 2425 667 2457 ἁπλοῦς
682 2427 696 2453 ὀ
707 2427 774 2459 Θεὸς
784 2429 816 2464 τῇ
828 2417 918 2462 φύσει,

132 2463 177 2489 καὶ
188 2464 278 2496 ᾶῠλος.
301 2466 394 2498 ᾶποιός
417 2476 447 2494 τε
466 2470 513 2496 καὶ
535 2471 681 2507 ἀμεγέθης,
697 2473 743 2500 καὶ
761 2474 917 2508 ἁσύνθετος,

131 2509 178 2556 καὶ
191 2510 240 2556 τῆς
256 2511 324 2538 κατὰ
340 2512 370 2538 τὸ
385 2515 477 2549 σχῆμα
492 2518 664 2553 περιγραφῆς
679 2519 824 2556 ἀλλοτρίως
839 2520 916 2556 ἔχων·

129 2554 204 2580 πᾶσα.
220 2555 247 2582 δὲ
260 2556 309 2591 ὕλη
322 2557 351 2584 ὲν
360 2558 560 2597 ὃιαστηματικῇ
573 2564 724 2598 παρατάσει
739 2554 919 2601 καταλαμϐά-

128 2609 213 2648 νεται,
223 2602 328 2635 καὶτὰς
339 2604 381 2631 διὰ
388 2605 443 2632 τῶν
454 2607 636 2644 αἰσθητηρίων
647 2611 813 2648 καταλήψεις
824 2613 853 2639 οὺ
865 2613 917 2640 δια-

130 2646 275 2694 πέφευγεν,
285 2650 313 2675 ὲν
321 2651 456 2687 χρώματι,
467 2654 514 2680 καὶ
525 2655 574 2690 σχή
580 2646 704 2690 ματι,καὶ
713 2646 798 2693 ὄγκῳ,
807 2659 854 2686 καὶ
865 2668 917 2694 πη-

128 2691 258 2740 λικότητι,
268 2695 314 2722 καὶ
324 2696 479 2734 ἀντιτυπία,
491 2701 537 2726 καὶ
549 2703 603 2733 τοῖς
614 2701 716 2736 λοιποῖς
726 2691 781 2736 τοῖς
791 2706 854 2740 περὶ
869 2691 917 2732 ai;-

129 2738 176 2775 τὴν
194 2739 390 2776 θεωρουμένοις
405 2746 604 2781 γινωσκομένη,
626 2744 663 2775 ὧν
678 2749 753 2776 οὐδὲν
766 2751 795 2777 ὲν
811 2738 842 2786 τῇ
857 2751 916 2786 θείᾳ

184 2827 208 2842 ⁵⁵
230 2829 312 2857 Hebr.
330 2838 361 2865 II,
381 2833 408 2860 8.

971 2431 1069 2464 ditum,
1087 2431 1220 2466 originem
1236 2431 1356 2458 omnium
1369 2430 1403 2457 ad
1419 2430 1502 2458 Deum
1515 2430 1671 2461 referentis.
1685 2433 1755 2462 Huic

969 2479 1042 2506 enim
1061 2478 1193 2505 doctrinae
1212 2478 1258 2512 qui
1286 2477 1478 2509 adversantur,
1502 2482 1666 2506 coaeternam
1693 2487 1755 2508 esse

969 2532 1031 2552 cum
1049 2524 1104 2552 Deo
1118 2531 1210 2551 rerum
1228 2523 1370 2550 materiem
1386 2523 1503 2558 probare
1527 2529 1671 2558 conantur,
1690 2534 1754 2554 sen-

968 2570 1135 2605 tentiamque
1162 2577 1240 2597 suam
1265 2573 1294 2596 ut
1321 2568 1493 2601 confirment,
1515 2572 1682 2606 argumentis
1703 2573 1754 2599 hu-

967 2616 1087 2651 iusmodi
1097 2620 1224 2643 utuntur:
1238 2614 1267 2641 Si
1276 2614 1359 2647 Deus,
1372 2615 1509 2650 inquiunt,
1519 2620 1616 2644 natura
1626 2617 1751 2653 simplex,

969 2669 1066 2696 expers
1087 2661 1177 2689 omnis
1191 2661 1325 2693 materiei,
1349 2661 1524 2696 qualitatum,
1546 2663 1752 2698 magnitudinis,

969 2708 1044 2734 nulla
1056 2715 1089 2735 ex
1103 2714 1132 2734 re
1147 2705 1326 2741 compositus,
1339 2706 1441 2734 nullius
1458 2706 1552 2734 formae
1563 2708 1687 2735 terminis
1698 2709 1753 2735 cir-

969 2753 1154 2788 cumscriptus
1170 2761 1176 2778 :
1191 2758 1300 2780 omnem
1317 2758 1381 2779 vero
1395 2752 1539 2779 materiam
1554 2752 1649 2787 spatiis
1670 2754 1752 2782 certis
