1977 3071
233 101 279 126 2H
861 101 890 129 S.
912 102 1074 130 GREGOIIII
1095 102 1238 129 NYSSENI
1800 100 1851 127 2i?

232 155 426 188 comprehendi
445 163 558 184 necesse
580 162 632 188 est,
657 162 685 185 et
708 167 722 186 a
746 167 876 187 sensuum
901 163 1011 196 organis

1069 161 1140 195 ρύσει
1155 160 1264 187 δυνατόν
1285 161 1341 185 ὲστι
1365 159 1544 194 κατανοῆσαι·
1563 158 1605 190 τίς
1626 159 1733 194 μηχανὴ
1757 160 1786 186 ἐκ
1803 161 1849 187 τοῦ

233 200 345 234 percipi,
361 201 418 228 sive
432 209 464 228 ex
482 203 584 235 colore,
597 204 655 230 sive
670 204 767 237 forma,
785 207 842 234 sive
859 207 940 238 mole,
955 208 1013 236 sive

1069 206 1144 232 Ξιΰλου
1159 206 1208 241 τὴν
1223 205 1288 240 ὓλην
1304 204 1500 239 ἀττοτεχθῆναι;
1517 206 1548 231 ὲκ
1561 205 1607 230 τοῦ
1620 205 1781 232 ἀδιαστάτου
1801 207 1849 241 τὴν

232 246 420 279 magnitudine
434 255 466 274 ac
481 248 629 280 soliditate,
645 250 786 278 attributis
802 252 919 286 denique
933 258 1012 280 caete-

1067 251 1276 287 Ξιαστηματικὴν
1302 251 1402 285 φύσιν;
1431 251 1462 276 lii
1493 251 1546 285 γὰρ
1575 251 1677 277 ἐκεῖθεν
1703 251 1847 286 ὑποστῆναι

231 290 270 317 ris
290 291 435 325 cognitam,
459 300 522 319 cum
544 293 612 320 nihil
629 294 726 322 horum
749 296 841 324 divina
861 297 887 324 in
915 303 1011 325 natura

1069 296 1148 323 ταῦτα
1163 296 1349 327 πεπὶστευται,
1367 295 1486 330 δηλονότι
1498 296 1526 321 ἐν
1542 295 1616 330 αὐτῷ
1631 296 1695 322 ὄντα
1720 296 1788 322 κατὰ
1805 297 1849 323 τὸν

230 335 344 362 exsistat
361 347 367 363 :
390 337 437 371 qui
456 337 512 364 ﬁeri
529 339 627 372 potuit,
646 343 674 366 ut
693 347 707 366 a
724 342 844 369 materiei
859 344 950 371 oumis
964 352 1010 371 ex-

1069 342 1180 377 ἱρῤητον
1200 341 1277 374 λόγον
1294 340 1364 366 οὕτω
1385 340 1518 375 προῆλθεν
1535 342 1574 371 εἰς
1597 341 1713 374 γένεσιν.
1731 341 1761 367 Εἰ
1777 342 1804 368 δὲ
1821 343 1849 368 ἐν

230 386 306 415 perte
319 383 448 410 materies
466 384 648 412 conderetur?
661 390 686 412 et
702 386 736 413 ab
755 395 798 420 eo,
816 388 842 414 in
862 397 916 423 quo
931 390 1010 417 nulla:

1069 387 1156 422 εκείνῳ
1168 386 1198 412 τὸ
1212 386 1311 417 ὑλῶδες
1329 384 1373 419 ἦν,
1388 386 1446 417 πῶς
1466 386 1544 418 ἅῡλος
1558 387 1572 412 ὁ
1589 387 1616 412 ἐν
1636 386 1709 421 αὐτῷ
1723 387 1770 422 τὴν
1784 387 1849 422 ὕλην

229 430 293 452 sunt
313 426 509 462 dimensiones,
531 434 627 457 natura
641 439 701 465 qua:
725 433 774 460 has
791 441 889 463 omnes
906 434 1009 462 habet?

1067 432 1148 467 Ξχων;
1167 432 1302 463 Ὡσαύτως
1322 432 1349 458 δὲ
1375 433 1421 458 καὶ
1447 432 1480 459 τὰ
1501 432 1567 458 ἄλλα
1595 432 1693 464 πάντα,
1720 433 1759 459 δι’
1773 430 1810 460 ὦν
1832 435 1847 466 ἡ

228 471 296 498 Nam
316 473 339 500 si
358 482 373 499 a
389 473 444 501 Deo
462 475 583 509 profecta
600 485 661 504 esse
675 479 766 506 omnia
778 479 942 507 credendum
956 487 1008 514 est,

1062 477 1140 513 ὑλικὴ
1158 478 1236 511 φύσις
1254 478 1493 512 χαρακτηρίζεται·
1513 478 1536 503 εὶ
1555 479 1584 504 ἐν
1604 477 1643 512 τῷ
1662 477 1750 513 Θεῷή
1769 479 1842 505 ποσά

227 516 356 544 nimirum
371 519 450 545 modo
467 520 584 553 quodam
597 521 777 556 inexplicabili
792 528 852 550 orta
864 530 937 556 sunt,
947 533 1007 552 cum

1066 532 1119 558 της,
1137 523 1196 554 πῶς
1212 523 1312 554 tineae;
1327 523 1342 548 ὁ
1358 523 1441 554 636;;
1461 523 1485 548 εἰ
1506 524 1534 549 ἐν
1549 523 1644 558 ἐκείνῳ
1663 524 1693 549 τὸ
1710 523 1846 555 σύνθετον,

229 562 255 587 in
272 562 330 596 ipso
345 562 399 590 Deo
410 569 502 591 essent
520 575 526 592 :
540 566 561 593 si
583 574 666 600 porro
681 568 809 602 quiddam
828 569 855 596 in
870 569 929 604 ipso
939 578 1009 598 cras-

1065 569 1119 599 πώς
1144 568 1245 600 ἁπλοῦς
1271 569 1318 595 καὶ
1343 569 1447 603 ἀμερὴς
1474 569 1519 594 καὶ
1546 569 1707 601 ἁσύνθετοςς
1735 568 1805 595 ὥστε
1829 570 1845 604 ἢ

227 615 287 633 sum
309 613 377 639 erat,
397 617 451 643 qtto
476 617 554 644 pacto
578 620 674 646 expers
700 614 751 640 fuit.
771 615 905 645 materiei,
928 623 1007 650 quant

1066 614 1151 641 ὖλικὸν
1179 612 1246 641 εἶναι
1269 615 1327 641 κατ’
1347 614 1469 649 ἀνάγκην
1497 615 1588 646 αὑτὸν,
1615 614 1658 641 διὰ
1685 615 1716 641 τὸ
1743 615 1846 642 ἐκεῖθεν

226 653 284 686 ipse
302 655 554 689 complectebatur?
568 657 699 686 Similiter
714 660 766 686 dici
780 660 813 688 de
826 661 933 688 (ueteris
948 662 1006 688 uni-

1066 661 1206 695 ὕποπτῆναι
1231 660 1280 695 τὴν
1301 659 1376 694 ὓλην,
1401 661 1414 686 ὁ
1436 659 1512 693 λόγος
1531 658 1666 693 βιάζεται·
1685 659 1702 694 ἦ
1722 660 1746 686 εἰ
1769 659 1846 685 τοῦτό

226 699 312 726 versis
329 705 427 734 potest,
450 709 510 736 quae
527 710 570 730 res
589 705 629 737 (ut
648 704 683 730 ita
707 704 835 739 dixerim)
852 707 1006 734 materiatas

1066 716 1101 738 τις
1122 706 1227 741 φεύγοι,
1248 706 1346 739 ἔξωθεν
1368 705 1586 740 ὲπεισενεχθῆναι
1611 705 1659 740 τὴν
1685 705 1749 740 ὕλην
1773 705 1846 739 αὐτῷ

225 744 404 771 constituunt.
429 745 457 772 Si
484 751 526 773 est
547 747 573 774 in
600 747 653 775 Deo
681 749 848 783 magnitudo,
871 752 1005 785 quomodo

1065 752 1128 787 πρὸς
1160 751 1209 787 τὴν
1239 750 1409 786 κατασκευὴν
1445 750 1491 776 τοῦ
1521 750 1620 781 παντὸς
1648 750 1845 787 ὺτιολαμὸάνειν

225 789 296 815 ident
319 791 515 825 magnitudinis
530 797 572 820 est
589 794 704 827 expers?
723 795 746 822 si
764 796 828 830 quid
854 801 896 823 est
909 797 937 823 in
950 797 1005 831 ipse

1065 799 1221 831 ἐπάναγκες.
1240 797 1272 824 Εἰ
1288 795 1334 823 οὖν
1351 796 1402 829 ἔξω
1424 795 1471 822 τοῦ
1495 795 1561 822 Θεοῦ
1581 793 1625 830 ἦν.
1642 795 1704 822 ἄλλο
1721 804 1748 821 τι
1770 796 1845 830 παρὰ

224 833 415 867 compmitutn,
443 836 579 870 quomodo
603 837 717 872 sintplex
739 843 790 871 est,
812 845 840 867 et
869 830 1004 868 nullisiex

1064 844 1105 870 τὸν
1121 843 1185 869 Θεὸν
1206 843 1313 873 πάντως
1333 840 1367 877 ἦν
1389 841 1627 876 συνεπινοούμενον
1648 841 1718 868 κατὰ
1734 841 1779 867 τὸν
1795 841 1844 875 τῆς

225 878 346 911 partibus
370 881 496 907 constat?
519 881 637 917 Denique
667 885 738 920 cogit
764 893 814 913 nos
841 885 897 913 hmo
926 887 1005 919 ratio,

1063 888 1210 922 ἁῐόιότητος
1232 888 1310 922 λόγον
1331 888 1371 922 τῷ
1393 888 1546 922 ἁγεννήτως
1560 887 1631 913 δντι“
1648 886 1716 912 ὥστε
1737 886 1782 912 δύο
1799 886 1843 912 ἄν·

224 923 266 950 vel
295 929 324 950 ut
349 933 383 951 ex
410 927 524 953 materia
547 927 629 955 Deum
657 934 784 958 constare
811 931 955 965 fateantur,
983 933 1004 961 si

1063 942 1131 969 αρχα
1151 933 1199 959 καὶ
1218 933 1354 967 ἀγέννητα
1377 932 1446 958 κατὰ
1467 932 1563 958 ταύτὸν
1587 931 1708 966 ἀλλήλοις
1722 931 1843 966 τῷλόγῳ

224 968 333 1002 quidem
354 977 386 996 ex
413 971 471 1005 ipso
494 980 585 1000 rerum
603 975 730 1003 materies
747 980 806 1003 orta
833 981 876 1004 est
895 986 901 1004 :
920 978 961 1005 vel
983 978 1004 1005 si

1063 968 1374 1013 συγκαταλαμϐάνεσθαι,
1390 977 1436 1003 τοῦ
1448 977 1576 1012 τεχνικῶς
1593 977 1776 1012 ἐνεργοῦντος,
1796 978 1843 1003 καὶ

223 1013 274 1040 hoc
299 1015 361 1049 quis
384 1021 535 1049 aversetur,
554 1022 630 1045 extra
645 1027 674 1046 se
686 1019 768 1047 Deum
781 1022 924 1048 materiam
940 1029 1003 1049 con-

1060 1024 1105 1050 τοῦ
1125 1024 1268 1058 δεχομένου
1283 1023 1332 1058 τὴν
1347 1022 1558 1058 ἐπιστημονικὴν
1579 1022 1679 1057 ταύτην
1693 1022 1840 1057 ἐνέργειαν.

222 1058 335 1092 didisse,
354 1061 387 1088 de
401 1069 454 1096 qua
470 1063 674 1091 universitatem
688 1066 759 1092 hanc
771 1066 928 1097 fabricaret,
947 1073 1002 1094 sta-

1063 1070 1113 1096 Καὶ
1129 1070 1156 1096 εἴ
1175 1078 1216 1100 τις
1231 1071 1262 1095 ἐκ
1281 1069 1328 1104 τῆς
1343 1068 1464 1103 ἀνάγκης
1479 1068 1580 1103 ταύτης
1592 1068 1674 1095 ἀΐδιον
1691 1069 1843 1096 ὑποτίθοιτο

221 1108 332 1132 luamus
355 1114 467 1134 necesse
484 1113 537 1135 est.
555 1109 626 1145 Ergo
642 1110 666 1137 si
684 1111 811 1139 materies
828 1117 905 1139 extra
921 1113 1001 1142 Deum

1061 1115 1096 1150 τῷ
1119 1114 1282 1150 Δημιουργῷ
1301 1115 1354 1141 τῶν
1381 1114 1506 1140 ἁπάντων
1524 1114 1682 1141 ὑποκεῖσθαι
1700 1115 1749 1150 τὴν
1766 1115 1841 1149 ὓλην,

221 1154 298 1183 erat,
328 1151 398 1178 haud
427 1152 509 1181 dubie
533 1154 662 1189 quiddam
686 1156 789 1184 exstitit
815 1158 889 1185 aliud
906 1166 921 1185 a
939 1159 1001 1193 Deol

1062 1162 1122 1196 ὅσην
1144 1162 1158 1187 ὁ
1180 1161 1327 1195 Μανιχαῐος
1348 1161 1458 1195 εὑρήσει
1478 1161 1532 1187 τῶν
1550 1161 1621 1187 ἰδίων
1638 1161 1778 1196 δογμάτων
1793 1161 1842 1196 τὴν

221 1195 293 1230 quod
306 1204 367 1223 cum
380 1197 427 1224 illo
441 1203 520 1226 ortus
532 1205 643 1234 experte
659 1207 823 1229 comternum
837 1202 897 1231 fuit.
916 1204 1001 1231 Adeo-

1063 1195 1230 1241 συνηγορίαν.
1244 1206 1272 1237 ὃς
1284 1206 1332 1241 τὴν
1348 1205 1442 1241 ὑλικὴν
1453 1206 1541 1232 αἰτίαν
1565 1206 1635 1232 κατὰ
1651 1206 1681 1232 τὺ
1697 1195 1843 1241 ἀγέννητον

220 1250 273 1276 que
288 1242 342 1269 duo
360 1244 567 1272 constituuntur
587 1246 668 1272 simul
690 1251 717 1273 et
741 1248 868 1282 principii
883 1253 910 1275 et
927 1253 1000 1276 ortus

1062 1250 1266 1286 ᾰντιπαρεξάγει
1288 1251 1321 1286 τῇ
1346 1249 1434 1285 ἀγαθῇ
1451 1250 1547 1284 φύσειὲ
1568 1250 1647 1276 Ἀλλὰ
1669 1250 1721 1286 μὴν
1741 1251 1786 1277 καὶ
1810 1251 1842 1278 ἐκ

220 1288 355 1322 expertia,
376 1297 491 1323 quorum
506 1291 624 1317 alterum
640 1292 727 1318 instar
739 1293 852 1321 artiﬁcis
865 1298 1000 1328 operetur,

1062 1296 1104 1323 τοῦ
1119 1296 1185 1323 Θεοῦ
1204 1297 1237 1322 τὰ
1255 1296 1354 1328 πάντα,
1374 1296 1424 1330 τῆς
1444 1295 1554 1331 Γραφῆς
1581 1296 1712 1331 λεγούσης
1731 1296 1842 1322 ἀκούον-

219 1333 338 1360 alterum
366 1334 440 1362 illius
459 1335 616 1364 retractiones
639 1337 763 1371 recipiat.
789 1337 829 1365 Ex
848 1339 899 1366 hac
923 1348 999 1374 porro

1062 1351 1111 1374 τες,
1130 1341 1366 1376 πεπιστεύκαμεν·
1382 1342 1428 1367 καὶ
1443 1341 1474 1367 τὸ
1490 1342 1562 1372 ὅπως
1582 1339 1615 1376 ἧν
1631 1342 1658 1368 ἐν
1672 1341 1710 1376 τῷ
1729 1342 1797 1376 Θεῷ,
1812 1343 1842 1368 τὸ

219 1381 396 1414 necessitate,
423 1382 447 1409 si
469 1383 532 1417 quis
556 1388 658 1410 statuat
675 1384 798 1412 Creatori
818 1386 999 1415 universitatis

1062 1388 1126 1423 ὅπερ
1149 1387 1193 1414 τὸν
1215 1387 1347 1422 ἡμέτερον
1362 1387 1449 1420 λόγον,
1464 1388 1513 1412 οὐκ
1529 1387 1655 1420 ἀξιοῦμεν
1669 1386 1842 1422 περιεργάζε-

218 1427 302 1461 hujus
316 1431 445 1455 aeternam
460 1429 616 1464 adjunctam
633 1429 718 1458 fuisse
735 1433 877 1459 materiem
893 1442 899 1460 :
917 1442 998 1468 quan-

1059 1432 1129 1463 σθαι,
1146 1433 1232 1459 πάντα
1247 1433 1279 1467 τῇ
1295 1431 1354 1467 θείᾳ
1369 1431 1479 1466 δυνάμει
1492 1431 1603 1466 χωρητὰ
1621 1432 1839 1463 πεπιστευκότες·

218 1477 273 1499 tam
291 1472 465 1501 decretorum
483 1483 597 1502 suorum
616 1477 844 1511 approbationem
864 1478 998 1506 inventuri

1060 1478 1103 1504 καὶ
1121 1477 1152 1504 τὸ
1170 1477 1207 1512 μὴ
1230 1477 1259 1503 ὂν
1280 1477 1492 1511 ὑποστήσασθαι,
1516 1477 1562 1502 καὶ
1583 1476 1622 1511 τῷ
1643 1477 1699 1503 δντι
1723 1476 1791 1512 πρὸς
1810 1477 1840 1502 τὸ

219 1521 284 1544 sunt
298 1517 449 1551 Manichaei,
460 1520 507 1554 qui
525 1521 691 1556 principium
705 1514 877 1550 materiatum
890 1524 999 1558 perinde

1059 1523 1146 1549 Ξοκοῦν
1161 1522 1299 1549 ἐπιϐαλεῖν
1318 1523 1366 1554 τὰς
1381 1522 1536 1556 ποιότητας.
1554 1521 1657 1548 Οὐκοῦν
1678 1521 1839 1554 ἀκολούθως.

218 1566 350 1590 attentum
368 1565 549 1597 constituunt,
561 1570 644 1601 atque
655 1571 697 1594 est.
711 1567 793 1600 Deus,
807 1577 887 1604 quem
903 1573 998 1596 vocant

1060 1569 1090 1600 in;
1105 1569 1198 1604 ἀρκεῖν
1217 1568 1357 1603 ἡγούμεθα
1384 1569 1438 1599 τοῖς
1457 1566 1515 1595 οὔτι
1542 1567 1610 1602 πρὸς
1626 1568 1674 1602 τὴν
1694 1568 1726 1594 ἐκ
1740 1567 1786 1594 τοῦ
1804 1567 1840 1602 μὴ

217 1614 345 1636 naturam
357 1609 456 1637 bonam
472 1610 565 1638 tEnim
582 1620 647 1639 vero
663 1621 713 1640 nos
725 1614 797 1648 quod
812 1622 905 1642 sacras
919 1614 997 1643 Litte-

1058 1614 1128 1646 5vro;
1142 1614 1298 1647 ὑπόστασιν,
1311 1614 1360 1648 τὴν
1380 1613 1426 1640 τοῦ
1448 1613 1519 1639 θείου
1541 1613 1691 1648 θελήματος
1709 1613 1838 1647 δύναμιν·

217 1661 263 1681 ras
278 1653 443 1682 afﬁrmantes
458 1655 593 1690 audimus,
607 1665 668 1685 esse
682 1659 811 1685 nimirum
829 1659 956 1687 universa
968 1668 997 1687 ex

1067 1659 1125 1686 ηὓτω
1144 1660 1190 1686 καὶ
1213 1660 1261 1695 τὴν
1289 1660 1509 1694 ἀναστοιχείωσιν
1531 1659 1585 1685 τῶν
1610 1658 1781 1686 συνεστώτων
1801 1660 1847 1690 εἰς.

216 1698 273 1726 Deo
298 1699 453 1733 credimus,
476 1703 613 1736 quomodo
638 1708 729 1730 autem
751 1704 778 1731 in
806 1705 861 1732 Deo
887 1705 996 1738 fuerint,

1059 1705 1102 1741 τὴν
1120 1705 1202 1741 αὐτὴν
1220 1706 1364 1738 ἀνάγοντες
1382 1704 1505 1739 δύναμιν,
1529 1705 1569 1735 εἰς
1587 1704 1661 1731 οὐδὲν
1677 1705 1728 1737 ἔξω
1742 1703 1788 1731 τοῦ
1801 1705 1839 1730 εἰ-

218 1752 280 1771 cum
311 1746 426 1774 rationis
452 1752 554 1774 nostrae
576 1748 782 1784 intelligentiam
803 1751 928 1782 excedat,
959 1753 998 1779 in-

1060 1752 1132 1783 κότος
1154 1751 1201 1784 τὴν
1224 1751 1314 1777 πίστιν
1331 1749 1555 1785 παραληψόμεθα.
1572 1749 1667 1775 Καίτοι
1686 1757 1716 1782 γε
1730 1749 1840 1775 δυνατὸν

217 1790 381 1824 quirendum
404 1800 466 1820 esse
482 1801 536 1820 non
552 1798 690 1828 putamus,
704 1796 827 1829 persuasi
844 1795 927 1823 Deum
942 1805 997 1823 om-

1055 1798 1118 1828 ῐσως
1132 1795 1176 1832 ἦν,
1197 1795 1367 1831 εὑρεσιλογίᾳ
1382 1796 1434 1822 τινὶ
1457 1795 1518 1826 τοὺς
1538 1795 1602 1830 περὶ
1625 1794 1673 1829 τῆς
1695 1794 1761 1829 ὕλης
1781 1795 1835 1829 έρε-

217 1835 263 1862 nia
279 1844 360 1871 posse
377 1846 383 1864 :
404 1842 431 1865 et
445 1838 564 1866 condere
581 1839 684 1874 aliquid
696 1840 728 1867 de
737 1841 835 1874 nihilo,
848 1846 874 1868 et
889 1842 997 1870 condito

1060 1842 1215 1878 τχελοῦντας
1238 1843 1340 1873 πεῖσαι,
1365 1841 1402 1876 μὴ
1421 1841 1507 1867 δοκεῖν
1534 1840 1639 1875 ἐρήμην
1662 1839 1840 1874 κατατρέχειν

217 1882 365 1915 qualitates
387 1882 482 1925 indere
503 1884 573 1911 tales
590 1885 684 1919 quales
704 1886 740 1913 sit
764 1887 816 1921 ipsi
843 1888 941 1914 visum.
963 1887 1000 1915 De
1053 1887 1204 1922 τοῦλόγου.

218 1936 272 1962 quo
297 1929 348 1956 hoc
369 1930 449 1956 etiam
470 1931 546 1966 sequi
570 1940 681 1960 necesse
700 1937 752 1965 est,
776 1935 888 1969 perinde
910 1940 992 1971 atque
1021 1936 1167 1963 statuimus
1194 1935 1226 1962 ad
1248 1935 1287 1962 rei
1316 1941 1370 1962 non
1393 1932 1550 1960 exsistentis
1569 1931 1733 1959 creatiOnem
1754 1930 1840 1959 solius

217 1971 316 1999 divinae
329 1973 476 2001 voluntatis
494 1979 653 2010 potestatem
674 1977 796 2005 sutlicere
813 1988 819 2006 :
843 1979 879 2006 ita
905 1980 928 2007 si
955 1988 1046 2007 rerum
1061 1981 1117 2015 jam
1133 1980 1305 2007 eonditarmn
1326 1978 1552 2006 instaurationem
1567 1977 1687 2012 ejusdem
1713 1978 1839 2011 potestati

218 2017 414 2052 relinquamus,
445 2019 512 2046 nihil
538 2029 587 2048 nos
614 2022 687 2056 quod
702 2030 716 2049 a
744 2031 808 2050 vero
833 2025 988 2058 abhorreat,
1011 2026 1166 2054 credituros
1185 2034 1256 2054 esse.
1275 2027 1435 2059 Quanquam
1451 2024 1533 2051 etiam
1557 2023 1672 2051 fortasse
1689 2023 1810 2058 praestari
1824 2031 1840 2048 a

217 2063 296 2090 nobis
317 2068 415 2098 potest,
440 2069 469 2091 ut
491 2065 662 2100 indagatione
679 2069 858 2101 quarumdam
884 2070 1020 2097 rationum
1045 2071 1085 2099 eis
1106 2072 1152 2106 qui
1176 2071 1209 2098 de
1228 2070 1340 2098 materie
1362 2070 1413 2097 hoc
1434 2072 1513 2103 pacto
1533 2068 1712 2099 contendunt,
1731 2066 1835 2095 satisfa-

217 2110 331 2142 ciatuus,
361 2117 394 2137 ne
410 2118 524 2145 prorsus
547 2111 579 2138 de
603 2112 647 2139 illa
674 2113 742 2140 nihil
762 2114 854 2142 dicere
879 2115 999 2143 voluisse
1015 2117 1100 2144 videri
1120 2116 1267 2152 possimus.

1026 410 1035 435 γ

493 2166 606 2195 CAPUT
635 2168 727 2196 XXIV.
1018 2173 1038 2200 Ι)
1306 2171 1503 2198 ΚΕΦΑΛΔΙΟΝ
1524 2169 1586 2197 ΚΔ’.

218 2211 352 2246 Refutatio
371 2212 479 2239 illorum
494 2214 538 2248 qui
553 2214 638 2244 aiunt,
650 2215 786 2242 materiem
802 2219 827 2242 et
839 2214 924 2242 Deum
933 2224 998 2243 cow-

1060 2218 1244 2252 ἈντΙρῤησις
1264 2216 1338 2251 πρὸς
1353 2217 1441 2252 κτοὺςῖ
1454 2215 1608 2252 λέγοντας.
1632 2217 1788 2244 συναΐὸιον
1801 2217 1840 2245 εἷ-

528 2253 603 2275 tenm
622 2257 686 2276 esse.
1136 2251 1158 2252 ⁷⁷
1188 2251 1191 2252 ⁷
1261 2261 1308 2279 ναι

1136 2251 1141 2252 ⁷
1155 2251 1158 2252 ⁷
1188 2251 1191 2252 ⁷
1261 2261 1310 2279 ναι
1328 2251 1367 2283 τῷ
1384 2251 1445 2283 Θεῴ
1461 2251 1517 2284 τὴν
1536 2251 1625 2284 ὕλην.

251 2291 310 2319 Non
340 2293 412 2320 enim
437 2301 471 2320 ex
488 2301 580 2320 earnm
611 2302 701 2321 rerum
723 2303 847 2328 numero,
871 2304 933 2332 qua:
957 2304 1001 2324 res

1086 2299 1153 2325 Οὐδὲ
1169 2298 1223 2334 γὰρ
1237 2298 1289 2330 ἔξω
1307 2298 1361 2324 τῶν
1386 2297 1457 2324 κατὰ
1475 2297 1503 2323 τὸ
1518 2297 1663 2324 ἀκόλουθον
1680 2299 1840 2333 εὐρισκομέ--

216 2341 324 2367 ratione
348 2344 413 2368 sunt
434 2341 613 2376 investigata,
633 2343 751 2370 tollenda
767 2348 809 2371 est
826 2343 884 2371 haec
899 2344 932 2372 de
943 2352 996 2372 ma-

1059 2353 1103 2370 ρων
1120 2345 1136 2379 ἡ
1158 2344 1222 2379 περὶ
1242 2343 1292 2378 τῆς
1307 2343 1372 2377 ὖλης
1395 2343 1528 2377 ὑπόληψις
1549 2343 1684 2376 φαίνεται,
1704 2344 1720 2377 ἡ
1740 2344 1772 2369 ἐκ
1791 2344 1839 2370 τοῦ

217 2386 286 2413 terie
321 2386 469 2420 sententia,
493 2394 554 2421 quae
576 2387 650 2414 illam
671 2395 685 2414 a
708 2392 805 2416 natura
835 2395 940 2417 secreta
967 2391 997 2418 alt

1059 2390 1145 2425 νοητοῦ
1158 2398 1187 2416 τε
1199 2390 1245 2416 καὶ
1257 2389 1338 2416 ἀΰλου
1359 2389 1460 2423 ταύτην
1474 2389 1622 2422 ὑποστῆναι
1637 2388 1839 2422 πρεσϐεύουσα·

216 2432 291 2458 omni
304 2432 426 2463 materie,
440 2435 467 2459 et
483 2440 542 2467 quae
556 2433 613 2460 sola
628 2435 725 2462 mentis
735 2433 913 2470 intelligentia
924 2443 996 2463 com-

1062 2437 1141 2463 πᾶσαν
1154 2435 1207 2471 γὰρ
1222 2436 1372 2470 εὑρήσομεν
1397 2435 1428 2460 ἐκ
1449 2435 1596 2469 ποιοτήτων
1618 2434 1697 2461 τινῶν
1713 2434 1842 2460 συνεστῶ-

217 2477 406 2511 prehenditur,
422 2483 510 2506 ortam
521 2486 581 2507 esse
594 2480 688 2506 tradit.
702 2479 798 2508 Omnis
812 2489 929 2516 namque
941 2488 997 2508 ma-

1061 2491 1101 2509 rav
1126 2481 1176 2517 τὴν
1200 2480 1276 2516 ὓλην,
1292 2477 1329 2507 ὧν
1351 2480 1375 2506 εἰ
1404 2479 1558 2514 γυμνωθείη
1583 2479 1641 2505 καθ’
1663 2478 1771 2514 ἑαυτὴν,
1795 2479 1841 2505 οὺ-

218 2523 300 2551 teries
324 2524 502 2558 qualitatibus
524 2525 688 2560 quibusdam
706 2525 873 2559 prazditaest,
883 2525 961 2560 queis
976 2526 998 2554 si

1062 2527 1135 2563 ἱειμοῦ
1151 2527 1189 2562 τῷ
1211 2527 1282 2562 λόγῳ
1299 2526 1546 2561 καταληφθήσεται.
1566 2525 1644 2552 Ἀλλὰ
1660 2525 1842 2561 μῆν’ἒκαστον

217 2570 308 2604 reipsa
327 2570 460 2604 privetur,
477 2578 530 2597 non
542 2571 598 2605 jam
619 2572 735 2606 amplius
754 2571 859 2599 ratione
872 2578 997 2607 compre—

1059 2572 1192 2608 ποιότητος
1217 2570 1285 2603 εἶδος
1309 2571 1380 2606 λόγῳ
1405 2571 1452 2596 τοῦ
1478 2569 1656 2604 ὑποκειμένου
1684 2570 1839 2605 χωρίζεται.

217 2615 300 2642 hendi
313 2616 421 2650 poterit.
434 2615 514 2643 Ratio
525 2617 633 2651 quidem
644 2617 748 2651 species
763 2617 904 2652 qualitatis
917 2625 997 2652 quas-

1061 2619 1089 2645 '0
1103 2618 1131 2644 δὲ
1143 2617 1220 2651 λόγος
1237 2618 1316 2652 νοητή
1331 2617 1373 2648 τίς
1390 2617 1457 2648 ἐστι,
1476 2616 1522 2642 καὶ
1540 2615 1599 2650 οὐχὶ
1616 2615 1757 2650 σωματικὴ
1774 2615 1841 2642 θεω-

219 2661 284 2689 libet
313 2669 440 2696 separare
462 2670 478 2689 a
500 2663 614 2690 materie
636 2663 758 2697 subjecta
781 2667 870 2698 potest
895 2673 900 2690 :
932 2664 999 2690 ratio

1061 2663 1110 2697 ρῐα.
1129 2660 1200 2694 Οἷον,
1215 2663 1394 2698 προκειμένου
1410 2661 1478 2694 ζώου
1499 2661 1568 2692 τινὸς
1593 2661 1609 2695 ἢ
1635 2661 1712 2693 ξύλου
1727 2663 1759 2697 τῇ
1774 2660 1841 2687 θεω-

218 2712 307 2735 autem
333 2708 432 2736 mentis
455 2712 497 2735 est
517 2709 627 2744 propria
649 2709 772 2740 qumdam
794 2710 998 2744 contemplatio,

1059 2709 1112 2744 ρίᾳ,
1125 2709 1142 2744 ἡ
1158 2717 1230 2740 τινος
1242 2707 1321 2734 ἄλλου
1337 2707 1391 2733 τῶν
1405 2706 1498 2742 ὑλικὴν
1511 2706 1626 2741 ἑχόντων
1640 2706 1688 2741 τὴν
1702 2706 1839 2737 σύστασιν,

219 2761 273 2780 non
299 2755 432 2788 corporis.
454 2754 529 2786 Esto,
551 2754 671 2788 exempli
702 2754 798 2789 gratia,
830 2756 999 2789 propositum

1059 2755 1139 2781 πολλὰ
1154 2755 1217 2790 περὶ
1230 2754 1259 2780 τὸ
1272 2753 1449 2788 ὑποκείμενον
1459 2754 1491 2787 τῇ
1504 2753 1563 2779 κατ’
1579 2753 1699 2779 ἐπίνοιαν
1711 2751 1839 2787 διαιρέσει

220 2799 432 2827 considerationi
449 2803 550 2827 nostra:
565 2800 606 2827 vel
623 2799 723 2826 animal
745 2800 893 2834 quoddam,
916 2801 956 2828 vel
969 2801 999 2827 li-

1059 2799 1264 2835 κατενοήταμεν,
1287 2795 1323 2826 ὦν
1345 2798 1459 2824 ἑκάστου
1472 2797 1540 2832 πρδς
1562 2798 1592 2824 τὸ
1609 2797 1839 2834 συνθεωρούμενον
