1977 3071
119 116 172 141 Ξζδ

748 124 791 151 [ιιι
812 124 952 153 nonms
971 126 1128 156 omnem.

1696 131 1759 158 Eii

121 179 242 213 ἀμίκτοις
258 180 272 205 ό
284 179 360 213 λόγος
377 179 443 214 ἔχει.
457 179 569 216 ’Έτερος
587 180 640 216 γὰρ
663 182 677 207 ὁ
693 170 740 208 τοῦ
754 182 907 218 χρώματος,

961 192 1062 219 gnum,
1089 185 1130 212 vel
1152 185 1218 220 quid
1241 185 1315 212 aliud
1341 186 1413 220 quod
1438 191 1475 213 ex
1497 186 1609 214 materie
1630 193 1744 215 constet.

120 224 166 248 καὶ
180 222 271 257 ἔτερος
291 224 337 249 τοῦ
354 223 452 260 βάρους
468 226 482 251 ὁ
497 225 584 258 λόγος,
604 227 618 252 ὁ
634 226 681 260 τῆς
697 227 843 262 ποσότητος
858 229 910 254 πά-

117 275 169 300 λιν,
182 270 229 295 καὶ
249 270 262 296 ὁ
279 269 329 304 τῆς
343 271 422 302 ποιᾶς
438 272 508 298 κατὰ
519 272 567 306 τὴν
583 272 652 307 ἁφὴν
671 273 808 308 ἰδιότητος.
826 274 862 300 "ll
881 282 909 300 τε

116 314 170 350 γὰρ
194 316 348 350 μαλακότης
374 317 421 343 καὶ
442 317 473 343 τὸ
495 317 605 352 δίπηχυ,
628 319 672 344 καὶ
697 318 732 344 τὰ
754 318 834 345 λοιπὰ
857 319 910 345 τῶν

117 362 279 397 εἰρημένων,
296 362 357 388 οὔτε
372 362 507 397 ἀλλήλοις,
520 363 582 388 οὔτε
602 363 640 398 τῷ
658 363 762 398 σώματι
780 364 848 390 κατὰ
866 365 910 390 τὸν

118 408 195 442 λόγον
214 409 390 444 συμφέρεται,
411 409 542 435 Ἑκάστου
557 408 610 444 γὰρ
628 409 729 436 τούτων
753 410 828 441 ἴδιος,
850 410 911 437 καθ’

118 455 132 480 ὃ
146 456 229 486 ἐστιν,
243 455 256 480 6
273 455 467 489 ὲρμηνευτικὸς
490 455 551 490 ὄρος
578 455 735 488 ἐπινοεῖται,
758 456 833 482 οὐδὲν
855 457 911 482 ἐπι-

120 499 254 526 κοινωνῶν
268 499 334 536 ἄλλῃ
347 500 399 526 τινὶ
411 499 463 526 τῶν
476 509 509 526 πε
515 500 540 534 pl.
550 500 580 526 τὸ
597 500 774 536 ὑποκείμενον
795 501 909 536 θεωρου-

122 544 210 579 μένων
230 543 361 579 ποιότητι.
388 545 418 570 ΕΞ
445 545 535 571 τοίνυν
558 545 652 580 νοητὸν
678 545 727 580 μὲν
749 545 778 572 τὸ
800 546 908 581 χρῶμα,

118 588 201 624 νοητὴ
226 588 253 614 δὲ
278 590 324 615 καὶ
344 589 360 624 ὴ
383 589 538 620 ἀντιτυπία,
562 590 609 616 καὶ
625 590 641 625 ὴ
660 590 785 625 ποσότης,
807 591 854 617 καὶ
876 590 909 617 τὰ

118 633 200 660 λοιπὰ
215 633 269 660 τῶν
279 633 406 660 τοιούτων
430 634 592 669 ἰδιωμάτων,
605 634 720 661 ἕκαστον
731 635 760 661 δὲ
770 635 870 662 τούτων
886 636 908 662 εί

118 679 275 715 ὑφαιρεθείη
302 679 348 706 τοῦ
378 680 576 715 ὑποκειμένου,
602 682 656 712 πᾶς
676 682 690 707 ὁ
713 681 760 707 τοῦ
784 679 908 716 σώματος

118 725 302 752 συνδιαλύεται
323 725 419 759 λόγος·
444 726 590 752 ἀκόλουθον
607 726 640 753 ἂν
658 726 711 761 εἴη,
733 723 771 753 ὧν
791 727 839 762 τὴν
854 728 907 754 ἁπ-

117 770 210 796 ουσὶαν
220 770 269 806 τῆς
280 771 327 797 τοῦ
345 770 469 806 σώματος
488 771 590 803 λύσεως
604 771 692 798 αἰτίαν
710 771 836 807 εὕρομεν,
849 771 908 798 τού-

117 824 171 842 των
197 816 246 851 τὴν
270 816 421 852 συνδρομὴν
451 817 606 845 ἀποτίκτειν
633 817 682 853 τὴν
708 817 803 852 ὑλικὴν
827 817 907 852 φύσιν

963 230 1045 257 Multa
1067 231 1097 258 in
1126 230 1178 258 hoc
1201 231 1368 266 cogitatione
1395 235 1502 259 secreta
1525 232 1745 261 consideramus.

961 283 1078 310 quorum
1090 276 1261 312 singulorum
1279 277 1349 305 ratio
1365 285 1539 313 nequaquam
1552 279 1624 307 inter
1640 288 1669 308 se
1683 288 1746 308 con~

961 320 1094 349 funditur.
1122 322 1181 349 Alia
1209 323 1282 350 enim
1309 323 1422 355 coloris,
1449 324 1502 350 alia
1526 325 1666 359 ponderis.
1694 325 1745 352 alia

961 367 1124 401 quantitatis
1144 368 1171 394 in
1189 372 1318 395 contactu
1341 373 1383 396 est
1404 369 1482 396 ratio.
1502 368 1569 397 Nam
1589 371 1745 402 mollitudo,

961 413 1076 440 duorum
1090 413 1242 441 cubitorum
1258 414 1531 449 magnitudomaztera
1544 423 1605 450 qua:
1617 416 1746 443 diximus.

964 467 1052 493 neque
1068 459 1140 486 inter
1154 467 1184 486 se
1202 463 1308 492 mutuo,
1327 468 1416 495 neque
1436 468 1498 488 cum
1512 468 1626 496 corpore
1645 469 1692 495 per
1709 468 1744 487 ra

961 504 1064 531 tionem
1073 503 1263 532 conferuntur.
1281 505 1392 540 Singula
1406 506 1490 537 enim,
1509 506 1545 532 ita
1560 510 1588 532 ut
1599 506 1746 536 exsistunt.

961 550 1072 585 propria
1087 550 1204 585 quadam
1217 551 1342 578 ﬁnitione
1358 551 1531 578 considerata
1546 551 1746 586 intelliguntur,

959 596 1005 623 cui
1022 596 1092 623 nihil
1109 600 1150 624 est
1174 604 1237 623 cum
1261 596 1441 631 qualitatibus
1458 597 1484 623 in
1502 604 1532 624 rc
1552 597 1673 631 subjecta
1695 605 1746 624 ca:-

959 642 1026 670 tcris
1041 649 1197 670 commune.
1219 641 1289 678 Ergo
1312 643 1335 671 si
1361 642 1603 678 comprehenditur
1622 650 1636 669 a
1659 647 1746 670 mente

960 688 1053 721 color,
1078 688 1218 722 soliditas,
1246 689 1402 724 quantitas,
1428 690 1560 716 attributa
1590 689 1745 724 hujusmodi

960 738 1069 767 caetera,
1095 741 1155 769 quae
1179 735 1286 769 singula
1312 735 1335 762 si
1364 735 1402 762 rei
1425 735 1558 770 subjecta:
1578 735 1745 767 adimantur.

960 782 1017 806 tota
1037 779 1161 814 corporis
1180 781 1250 806 ratio
1262 780 1435 813 dissolvitur;
1455 788 1520 807 vero
1533 780 1665 807 nimirum
1677 788 1746 808 con-

960 828 1120 852 sentaneum
1137 825 1200 856 erit,
1216 832 1310 852 earum
1328 833 1420 852 rerum
1437 832 1602 853 concursum
1620 829 1747 853 naturam

119 862 328 897 ὑπολαμϐάνειν.
349 863 391 894 Ὠς
409 863 464 898 γὰρ
477 863 525 890 οὐκ
541 863 597 889 ἔστι
612 863 702 898 σῶμα,
718 861 740 897 ᾧ
756 864 786 890 τὸ
798 863 907 899 χρῶμα,

961 877 992 898 ex
1008 870 1121 897 materia
1136 874 1306 898 constantem
1320 870 1427 898 ellicere
1438 880 1444 898 ι
1457 879 1518 906 qua:
1534 879 1579 899 res
1599 871 1622 899 si
1641 871 1744 902 absint,

119 907 208 934 καὶτὸ
222 907 322 942 σχῆμα,
339 907 385 933 καὶ
401 908 417 942 ἡ
434 907 577 934 ἀντιτυπία
592 907 639 934 καὶ
660 907 676 942 ἡ
697 907 847 938 διάστασις,
863 907 910 933 καλ⁸

119 953 147 979 τὸ
165 952 255 987 βάρος,
268 953 314 980 καὶ
327 953 360 979 τὰ
370 952 451 979 λοιπὰ
470 953 523 979 τῶν
542 953 693 988 ἰδιωμάτων
706 953 736 978 οὐ
754 953 910 987 πρόσεστιν,

118 998 232 1025 ἕκαστον
246 998 274 1025 δὲ
292 998 392 1025 τούτων
417 998 495 1034 σῶμα
521 999 570 1024 οὐκ
593 998 676 1029 ἔστιν,
697 998 754 1032 αλλ’
778 998 869 1033 ἕτερόν
884 1006 910 1024 τι

119 1043 196 1078 παρὰ
218 1043 248 1070 τὸ
271 1043 359 1078 σῶμα,
385 1044 454 1070 κατὰ
475 1043 505 1070 τὺ
528 1043 627 1076 ἰδιάζον
651 1043 824 1079 εὑρίσκεται·
842 1043 911 1070 οὕτω

120 1089 190 1116 κατὰ
213 1089 243 1115 τὸ
262 1089 446 1124 ἀντίστροφον,
462 1089 527 1116 ὅπου
542 1089 564 1115 δ’
586 1090 618 1116 ἂν
633 1089 772 1124 συνδράμῃ
791 1089 825 1115 τὰ
837 1089 911 1124 εἰρη-

120 1135 198 1170 μένα,
214 1135 263 1166 τὴν
280 1135 435 1170 σωματικὴν
449 1135 597 1162 ὑπόστασιν
613 1134 808 1169 ἀπεργάζεται,
831 1133 910 1160 Ἀλλὰ

121 1180 173 1215 μὴν
190 1181 214 1206 εἰ
233 1179 314 1215 νοητὴ
327 1179 380 1206 τῶν
399 1179 549 1214 ἰδιωμάτων
573 1179 674 1206 τούτων
696 1180 713 1214 ἡ
737 1180 908 1214 κατανόησις,

118 1225 212 1260 νοητὸν
221 1225 248 1251 δὲ
263 1227 296 1260 τῇ
311 1225 389 1260 φύσει
404 1226 433 1252 τὸ
452 1226 545 1252 Θεῖον¹
568 1225 643 1252 οὐδὲν
666 1225 788 1257 ἀπεικὸς,
811 1226 843 1251 ἐκ
862 1225 910 1259 τῆς

117 1271 262 1306 ἀσωμάτου
281 1271 387 1306 φύσεως
404 1271 453 1302 τὰς
469 1271 565 1306 νοερὰς
589 1271 688 1302 ταύτας
703 1271 829 1306 ἀφορμὰς
843 1270 910 1305 πρὸς

117 1316 166 1351 τὴν
181 1316 234 1342 τῶν
254 1317 386 1352 σωμάτων
406 1317 510 1351 γένεσιν
528 1317 688 1351 ὑποστῆναι,
708 1317 757 1350 τῆς
780 1316 828 1350 μὲν
849 1324 911 1351 νοη-

117 1363 166 1396 τῆς
185 1362 290 1397 φύσεως
306 1363 355 1394 τὰς
369 1364 465 1398 νοητὰς
485 1362 640 1397 ὕψιστώσης
661 1362 799 1397 δυνάμεις,
815 1362 864 1396 τῆς
881 1361 909 1387 δὲ

117 1407 218 1433 τούτων
232 1407 298 1442 πρὸς
309 1407 410 1441 ἄλληλα
424 1408 574 1443 συνδρομῆς
588 1408 636 1443 τὴν
648 1407 734 1442 ὑλώδη
748 1407 828 1442 φύσιν
840 1416 909 1442 παρ-

118 1454 237 1489 αγούσης
255 1454 295 1485 εἰς
308 1454 424 1487 γένεσιν.
439 1453 518 1480 Ἀλλὰ
537 1452 622 1480 ταῦτα
642 1453 690 1488 μὲν
706 1452 775 1479 κατὰ
790 1453 820 1479 τὺ
837 1453 907 1488 παρ-

116 1507 198 1535 εργον
217 1500 282 1534 ἡμῖν
305 1498 517 1534 παρεξετάσοω·
542 1500 607 1534 ἡμῖν
629 1499 657 1525 δὲ
680 1498 761 1526 πάλιν
786 1498 832 1525 ἐπὶ
859 1498 908 1533 τὴν

87 1558 93 1561 -
116 1545 207 1571 πίστιν
230 1545 396 1572 ὲπανακτέον
415 1544 459 1570 τὸν
479 1544 567 1579 λόγον,
588 1545 621 1571 δι’
641 1541 674 1580 ἧς
696 1544 727 1570 ἔκ
754 1552 781 1570 τε
800 1545 847 1571 τοῦ
869 1545 905 1580 μὴ
920 1542 940 1570 C

115 1593 192 1624 ὄντος
212 1593 361 1628 ὑποστῆναι
387 1592 416 1619 τὸ
442 1593 495 1619 πᾶν
517 1592 678 1627 ἐδεξάμεθα,
697 1593 743 1619 καὶ
768 1592 848 1619 πάλιν
866 1592 906 1623 εἰς

116 1638 200 1673 ἄλλην
220 1637 280 1664 τινὰ
302 1637 568 1673 μεταστοιχειοῦσθαι
588 1639 753 1666 κατάστασιν
769 1637 843 1674 παρὰ
856 1637 906 1673 τῆς

117 1685 227 1720 Γραψῆς
244 1684 419 1720 διδαχθέντες,
436 1685 486 1712 οὐχ
499 1685 713 1720 ἀμφιϐάλλομεν.
885 1680 893 1686 ’

961 923 1061 951 corpus
1079 916 1193 943 interire
1208 917 1357 945 videamus.
1376 916 1449 944 Nam‘
1466 921 1494 944 ut
1511 925 1611 952 corpus
1623 925 1677 944 non
1693 922 1745 949 est.

961 962 1033 997 quod
1054 963 1156 995 colore,
1182 962 1280 995 forma,
1304 963 1452 996 soliditate,
1478 964 1576 998 spatio,
1599 964 1744 998 gravitate,

961 1008 1101 1035 attributis
1122 1008 1231 1036 caeteris
1251 1009 1393 1043 praeditum
1418 1016 1473 1035 non
1490 1015 1542 1040 est,
1557 1009 1630 1036 sicut
1646 1013 1673 1036 et
1690 1010 1746 1036 haec

961 1054 1068 1088 singula
1083 1061 1186 1089 corpus
1201 1061 1255 1082 non
1273 1058 1347 1087 sunt,
1368 1062 1430 1082 cum
1454 1062 1469 1081 ιι
1490 1062 1604 1089 corpore
1622 1062 1746 1083 εοοτειιιιι

961 1099 1134 1127 considerata
1148 1100 1281 1135 distingui
1298 1101 1406 1134 possint
1421 1110 1426 1128 :
1445 1101 1486 1128 sic
1501 1108 1516 1128 e
1536 1100 1689 1134 contrario,
1702 1102 1746 1128 ubi

960 1153 992 1173 ca
1012 1153 1073 1180 qua:
1092 1146 1284 1174 recensuimus
1297 1149 1409 1178 coeunt,
1432 1153 1531 1180 corpus
1547 1147 1676 1173 constitui
1699 1154 1747 1175 ne-

960 1199 1038 1218 cesse
1048 1196 1100 1218 est.
1114 1190 1218 1218 Horum
1228 1195 1318 1219 autem
1334 1192 1460 1227 corporis
1475 1192 1671 1220 attributorum
1681 1200 1749 1220 con-

960 1238 1093 1266 sideratio
1103 1238 1126 1265 si
1142 1239 1243 1265 mentis
1255 1237 1387 1266 facultate
1400 1239 1440 1270 lit,
1451 1246 1482 1266 ac
1494 1238 1541 1266 Dei
1554 1239 1637 1266 etiam
1649 1243 1748 1266 natura

961 1287 1052 1311 mente
1071 1287 1176 1311 tantum
1201 1283 1442 1319 comprehenditur
1461 1294 1467 1312 :
1487 1293 1542 1312 non
1563 1285 1713 1312 abhorrens
1733 1293 1748 1311 ιι

960 1338 1025 1358 vero
1049 1330 1219 1358 censendum
1231 1335 1284 1363 est,
1301 1330 1323 1358 si
1340 1330 1464 1359 dicamus
1480 1338 1495 1358 a
1512 1335 1609 1358 natura
1624 1331 1748 1366 corporis

959 1379 1072 1410 experte
1094 1375 1160 1402 oriri
1184 1375 1320 1410 principia
1344 1375 1430 1402 menti
1449 1379 1632 1403 consentanea
1656 1383 1748 1410 posse.

959 1421 993 1448 de
1013 1421 1114 1456 quibus
1139 1420 1237 1447 deinde
1259 1427 1376 1455 corpora
1394 1421 1598 1448 constituantur
1620 1430 1626 1448 :
1650 1424 1748 1447 natura

959 1474 1020 1502 quae
1045 1471 1136 1494 mente
1158 1466 1320 1501 percipitur,
1348 1467 1492 1494 facultates
1514 1467 1565 1494 sibi
1590 1467 1749 1494 consimiles

958 1512 1098 1540 excitante
1128 1521 1135 1540 :
1160 1519 1277 1547 quarum
1300 1512 1399 1540 deinde
1417 1519 1553 1540 concursu
1581 1518 1676 1540 mutuo
1693 1520 1748 1543 res,

957 1567 1017 1594 quae
1037 1567 1070 1586 ex
1087 1558 1201 1586 materie
1220 1562 1340 1592 constat,
1358 1559 1456 1587 oritur.
1480 1558 1578 1587 Verum
1597 1559 1653 1586 haec
1665 1559 1748 1586 animi

956 1612 1041 1633 causa
1063 1608 1143 1632 extra
1158 1605 1314 1639 institutum
1338 1612 1353 1632 ιι
1373 1605 1453 1633 nobis
1470 1605 1634 1640 investigata
1658 1605 1749 1640 putari

956 1651 1067 1678 debent.
1082 1650 1189 1678 Idcirco
1207 1650 1264 1686 jam
1278 1651 1432 1679 revocanda
1449 1651 1524 1678 illam
1541 1651 1574 1678 ad
1593 1650 1749 1685 persuasio-

958 1703 1020 1723 nem
1039 1700 1082 1724 est
1107 1696 1206 1728 oratio,
1230 1704 1284 1732 qua
1304 1697 1338 1724 de
1359 1696 1446 1724 nihilo
1467 1696 1566 1724 factam
1581 1704 1642 1724 esse
1658 1703 1748 1724 rerum

117 1742 332 1774 universitatem,
343 1746 372 1770 et
383 1750 442 1770 eam
465 1742 584 1769 vicissim
598 1742 625 1769 in
638 1742 721 1769 alium
737 1746 839 1770 statum
850 1741 1074 1770 commutandam
1090 1750 1162 1776 esse,
1179 1746 1208 1770 ut
1228 1750 1261 1770 ex
1287 1743 1411 1770 doctrina
1428 1749 1567 1771 sacrarum
1585 1741 1749 1770 Litterarum

117 1791 284 1825 accepimus,
297 1791 335 1818 ita
343 1797 451 1818 omnem
467 1793 543 1817 extra
556 1789 752 1817 dubitationem
768 1790 907 1824 ponimus.

371 1844 569 1873 ΚΕΦᾹΛΔΙΟΝ
585 1846 650 1872 KE'.

120 1904 183 1936 Πῶς
199 1903 237 1929 ἄν
251 1911 296 1935 τις
308 1902 356 1929 καὶ
378 1901 436 1928 τῶν
455 1902 565 1936 ἔξωθεν
586 1902 769 1935 προσαχθείσῃ
784 1902 907 1928 πιστεῦ-

153 1935 205 1964 άαι
227 1937 270 1981 ⁹τῇ
294 1936 401 1972 Γραφῇ
428 1937 494 1971 περὶ
523 1935 578 1970 τῆς
607 1935 801 1969 ἀναστάσεως
826 1936 906 1963 διδα-

155 1981 287 2006 (meum.

165 2018 234 2044 Ἀλλ’
254 2018 318 2049 ἴσως
337 2026 379 2049 τις
400 2017 468 2053 πρὸς
485 2017 520 2043 τὰ
541 2017 698 2044 διαλυθέντα
722 2017 834 2054 σώματα
852 2017 910 2053 βλέ-

120 2073 189 2097 πων,
203 2065 249 2091 καὶ
265 2063 331 2099 πρὺς
344 2063 374 2090 τὸ
389 2063 486 2100 μέτρον
496 2063 545 2099 τῆς
557 2063 622 2096 ἰδίας
643 2063 781 2098 δυνάμεως
792 2063 823 2090 τὺ
834 2063 909 2090 Θεῖον

118 2109 229 2146 κρίνων,
247 2109 292 2136 τὸν
315 2109 365 2143 τῆς
383 2109 555 2140 ἀναστάσεως
577 2109 655 2143 λόγον
681 2109 810 2136 ἀδύνατον
832 2109 901 2137 εἶναί

117 2163 195 2189 φησι,
207 2154 254 2180 καὶ
269 2153 413 2189 στήσεσθαι
427 2153 462 2179 τὰ
472 2153 519 2180 νῦν
531 2153 686 2188 κινούμενα,
699 2154 746 2181 καὶ
758 2154 905 2188 ἀναστήσε-

118 2201 190 2227 σθαι·
203 2199 291 2226 τὰνῦν
305 2199 341 2234 μὴ
353 2199 498 2234 κινούμενα
513 2198 549 2234 μὴ
563 2198 716 2234 ἐνδέχεσθαι
727 2199 823 2233 λέγων·
832 2199 909 2225 ἀλλ’ό

116 2246 238 2277 τοιοῦτος
254 2245 361 2280 πρῶτον
379 2244 428 2279 μὲν
447 2245 493 2271 καὶ
515 2244 642 2279 μέγιστον
665 2243 792 2271 ποιείσθω
806 2244 910 2279 τεκμή-

119 2300 177 2326 ριον
190 2291 240 2324 τῆς
257 2290 327 2317 κατὰ
341 2290 389 2326 τὴν
403 2290 549 2317 ἀνάστασιν
563 2289 701 2324 ἀληθείας,
714 2289 745 2315 τὸ
760 2289 807 2316 τοῦ
823 2289 908 2324 χηρύ-
924 2300 946 2327 D

117 2344 222 2370 γματος
246 2336 330 2371 αὐτῆς
348 2335 519 2367 ἀξιόπιστον
537 2335 554 2370 ἡ
571 2335 600 2361 δὲ
625 2334 676 2361 τῶν
698 2335 849 2369 λεγομένων
866 2334 908 2361 πί-

118 2389 177 2413 στις
192 2382 224 2408 ὲκ
237 2381 286 2416 τῆς
302 2381 356 2408 τῶν
369 2381 468 2408 λοιπῶν
482 2381 534 2408 τῶν
547 2381 755 2417 προρρηθέντων
770 2381 907 2412 ἐκϐάσεως

117 2427 149 2453 τὸ
160 2427 278 2462 ἀσφαλὲς
293 2427 359 2462 ἔχει.
378 2427 484 2463 Ἐπειδὴ
500 2427 554 2462 γὰρ
576 2427 687 2458 πολλοὺς
706 2436 733 2453 τε
749 2428 796 2454 καὶ
811 2435 906 2453 παντο‹

117 2473 219 2504 δαποὺς
234 2473 366 2508 παρέθετο
378 2473 472 2507 λόγους
486 2474 501 2508 ἡ
518 2473 576 2500 θεία
591 2473 695 2508 Γραφὴ,
711 2472 819 2499 δυνατόν
834 2473 907 2499 ἐστιν

116 2519 192 2550 ὅπως
202 2518 235 2545 ἂν
248 2519 296 2554 ἔχῃ
307 2518 420 2553 ψεύδους
430 2519 446 2555 ἦ
457 2519 584 2554 ἀληθείας
592 2519 625 2546 τὰ
636 2519 715 2546 λοιπὰ
729 2519 782 2546 τῶν
797 2518 907 2553 εἰρημέ-

118 2572 172 2591 νων
183 2563 376 2599 θεασαμένους,
388 2564 421 2591 δι’
431 2565 541 2591 ἐκείνων
553 2565 640 2592 καὶτὸ
654 2565 717 2600 περὶ
730 2564 779 2599 τῆς
788 2564 906 2591 ἀναστά-

119 2617 189 2640 σεως
207 2609 293 2644 δόγμα
314 2610 490 2644 κατανοῆσαι.
513 2611 544 2637 Εί
562 2611 611 2645 μὲν
625 2611 678 2646 γὰρ
699 2611 727 2637 ἐν
747 2611 802 2641 τοῖς
817 2609 906 2640 ἄλλοις

116 2654 226 2688 ψευδεῖς
239 2656 263 2681 οἱ
277 2655 361 2689 λόγοι,
376 2656 422 2682 καὶ
431 2656 621 2690 διεσφαλμένοι
632 2657 680 2690 τῆς
696 2654 823 2690 ἀληθείας
833 2655 908 2688 ἐλέγ-

117 2708 222 2734 χονται,
232 2699 381 2726 οὐδὲτοῦτο
398 2700 504 2732 πάντως
520 2700 598 2732 ἐκτὸς
613 2700 726 2735 ψεύδους
741 2700 824 2727 ἐστίν.
834 2700 865 2726 Εἰ
879 2700 908 2726 δὲ

117 2745 152 2772 τα
162 2745 230 2772 tilia.
245 2745 332 2772 πάντα
347 2745 537 2780 μαρτυροῦσαν
548 2746 604 2781 ἔχει
615 2747 648 2781 τῇ
661 2745 774 2782 ἀληθείᾳ
788 2746 837 2781 τὴν
851 2747 909 2772 πεῖ-

121 2799 181 2825 ραν,
193 2790 339 2816 ἀκόλουθον
361 2789 394 2816 ἃν
411 2790 452 2826 εἴη
465 2791 498 2817 δι’
514 2791 625 2818 ἐκείνων
646 2793 692 2818 καὶ
706 2793 755 2827 τὴν
781 2792 844 2825 περὶ
859 2792 907 2827 τῆς

119 2835 294 2868 ἀναστάσεως
310 2835 461 2871 πρόρρησιν
482 2835 568 2872 ἀληθῆ
586 2837 710 2872 νομίσαι.
726 2836 830 2865 Οὐκοῦν
847 2838 906 2863 ἐπι-

1241 1835 1357 1863 CAPUT
1379 1835 1462 1863 XXV.

961 1897 1020 1931 Quo
1040 1902 1117 1931 pacto
1136 1898 1194 1932 quis
1209 1898 1287 1924 etiam
1305 1898 1408 1925 alienus
1430 1906 1447 1924 α
1467 1897 1588 1925 doctrina
1613 1897 1747 1931 lfccleaiaa,

996 1933 1081 1963 possit
1104 1932 1211 1963 adduci.
1234 1938 1263 1959 ut
1285 1933 1392 1960 Litteris
1413 1934 1512 1966 sacris,
1533 1934 1749 1961 resurrectionem

994 1976 1029 1995 ea;
1050 1968 1162 1996 mortuis
1186 1969 1243 2002 fore
1261 1968 1465 2003 adﬁrmantibus,
1487 1969 1566 2004 ﬁdem
1590 1968 1694 1996 habeat.

995 2014 1097 2042 Verum
1118 2014 1202 2042 fuerit
1230 2014 1330 2049 aliquis
1347 2014 1476 2047 fortasse,
1500 2015 1547 2050 qui
1568 2023 1683 2050 corpora
1700 2023 1749 2050 per

960 2058 1104 2087 interitum
1127 2059 1259 2094 dissipata
1273 2059 1466 2093 considerans,
1483 2064 1510 2088 et
1528 2068 1584 2088 suae
1605 2061 1750 2096 potestatis

960 2105 1072 2132 modulo
1087 2105 1207 2132 divinam
1224 2106 1350 2137 metiens,
1371 2105 1429 2133 ﬁeri
1446 2114 1502 2133 non
1519 2114 1600 2141 posse
1616 2110 1702 2141 putet,
1720 2111 1749 2133 ut

959 2158 993 2178 ex
1005 2152 1120 2178 mortuis
1131 2158 1319 2187 resurgamus,
1336 2159 1368 2178 ac
1382 2160 1426 2180 res
1437 2160 1498 2187 qua:
1515 2157 1658 2180 moventur
1671 2153 1749 2188 quic-

962 2200 1054 2228 scant,
1065 2205 1180 2232 qumque
1197 2205 1271 2224 nunc
1288 2201 1362 2225 motu
1375 2202 1479 2230 carent,
1495 2198 1662 2226 excitentur.
1679 2198 1748 2226 lluic

961 2242 988 2269 id
1003 2243 1121 2276 primum
1138 2247 1301 2278 argumento
1317 2243 1366 2276 sit,
1383 2244 1496 2271 omnino
1514 2243 1636 2271 futuram
1656 2252 1749 2272 resur-

961 2288 1110 2315 rectionem
1128 2297 1133 2314 :
1157 2288 1231 2324 quod
1251 2289 1417 2317 certissimis
1438 2293 1481 2318 est
1495 2290 1616 2318 oraculis
1633 2298 1663 2318 ea
1681 2299 1749 2325 pra:-

959 2332 1043 2367 dicta,
1064 2341 1124 2368 quae
1144 2342 1206 2362 vera
1221 2343 1283 2364 esse
1299 2335 1333 2363 de
1347 2335 1400 2363 hoc
1416 2337 1498 2364 statui
1513 2340 1615 2371 potest,
1633 2337 1706 2372 quod
1722 2342 1749 2364 et

961 2383 1060 2406 caetera
1095 2379 1141 2406 Dei
1167 2380 1294 2408 vaticinia
1321 2385 1437 2409 eventus
1465 2381 1524 2417 ipse
1549 2383 1746 2418 comprobavit.

960 2422 1028 2450 Nam
1046 2431 1107 2451 cum
1130 2425 1213 2452 multa
1230 2426 1286 2454 sint
1310 2433 1342 2454 ac
1363 2426 1438 2454 varia
1457 2427 1544 2455 sacris
1558 2427 1670 2455 Litteris
1685 2435 1748 2462 pro-

961 2469 1027 2500 dita,
1044 2470 1066 2496 si
1082 2478 1112 2498 ea
1122 2471 1165 2498 vel
1179 2471 1247 2498 falsa
1262 2472 1304 2499 vel
1320 2480 1383 2499 vera
1394 2480 1455 2500 esse
1466 2473 1726 2508 deprehenderimns
1739 2483 1745 2500 :

959 2515 1053 2543 licebit
1069 2520 1096 2544 ct
1110 2515 1144 2544 de
1160 2517 1371 2546 resurrectionis
1391 2519 1516 2546 doctrina
1541 2519 1653 2554 perinde
1666 2524 1747 2554 atque

960 2561 1041 2589 decis
1057 2562 1227 2590 existimare.
1244 2563 1311 2590 Nam
1336 2563 1359 2591 si
1380 2568 1476 2591 caetera
1493 2564 1560 2591 falsa
1571 2570 1644 2597 sunt,
1667 2570 1747 2599 atque

960 2614 976 2633 ιι
996 2608 1112 2635 veritate
1131 2608 1307 2636 abhorrentia
1325 2618 1331 2636 :
1347 2609 1429 2636 etiam
1446 2609 1503 2636 ham
1524 2609 1667 2636 mendacio
1692 2618 1746 2637 non

959 2652 1072 2679 carebit.
1099 2652 1149 2680 Sin
1176 2654 1268 2680 omnia
1295 2661 1359 2681 vera
1389 2661 1460 2686 esse,
1491 2654 1549 2688 ipsa
1578 2654 1746 2688 experientia

959 2700 1148 2728 testimonium
1171 2701 1349 2736 perhibente,
1374 2706 1506 2729 conslat:
1530 2705 1745 2729 consentaneum

960 2746 1067 2774 veritati
1085 2747 1169 2774 etiam
1185 2747 1238 2774 hoc
1252 2747 1287 2774 de
1303 2749 1504 2774 resurrectione
1520 2746 1680 2775 vaticinium
1697 2754 1746 2781 pu-

961 2791 1072 2818 tandum
1088 2791 1150 2819 erit.
1172 2791 1342 2819 Revocemus
1355 2799 1420 2827 ergo
1441 2793 1520 2820 nobis
1536 2792 1565 2819 in
1585 2791 1746 2819 memoriam

962 2845 1045 2865 unum
1066 2842 1147 2874 atque
1166 2838 1283 2866 alterum
1306 2845 1341 2866 ex
1357 2838 1403 2873 iis,
1427 2846 1487 2874 qua:
1512 2842 1574 2867 ante
1592 2842 1657 2866 sunt
1679 2835 1746 2864 divi<
