1977 3071
249 136 302 164 ςιει

871 137 900 165 S.
915 137 1077 167 GREGORII
1105 138 1252 166 NYSSENI

1814 135 1868 163 216

249 194 325 220 nitus
352 193 526 226 denuntiata,
557 197 584 221 et
609 197 706 221 eventa
729 202 791 222 cum
810 195 1030 230 prmdictionibus

1085 197 1248 232 μνησθῶμεν
1265 196 1323 226 ἐνὸς
1337 195 1354 229 ἦ
1370 195 1439 221 δυοῖν
1450 193 1509 228 ,τῶν
1521 191 1811 229 προκατηγγελμένων,
1821 193 1870 218 καὶ

249 239 432 270 conferamus,
449 244 478 265 ut
492 247 525 266 ex
548 239 603 267 illis
623 247 832 275 cognoscamus,
848 249 964 270 verusne
979 243 1031 269 hac

250 285 330 311 etiam
357 285 386 311 in
411 289 488 319 parte
510 285 620 314 divinus
641 294 732 314 sermo
758 288 792 314 sit
819 288 1029 316 existimandus.

248 330 315 362 Quis
329 335 370 357 est
382 331 428 365 qui
440 331 554 364 nesciat,
569 339 650 366 quam
665 332 730 358 olim
747 332 959 359 lsraeliticorum
978 340 1030 359 na-

248 375 286 401 tio
314 383 404 402 rerum
431 377 553 402 omnium
578 377 663 411 copiis
691 377 832 411 ﬂoruerit,
858 385 919 404 cum
949 378 1031 405 etiam

248 421 380 448 adversus
397 422 470 449 orbis
494 422 607 457 imperia
622 427 719 449 caetera
734 423 934 457 consurgeret?
949 431 1031 457 quam

248 468 378 500 praaclara
402 467 597 502 Hierosolymis
612 473 690 495 erant
706 468 824 502 palatia?
838 469 958 495 muenia?
973 474 1031 495 tur-

249 521 293 539 res
303 513 313 538 ?
323 521 384 547 quae
399 515 490 547 templi
504 513 704 547 magniﬁcentia
714 514 725 539 ?
736 514 810 548 ipsos
826 513 933 540 Domini
953 514 1032 540 disci-

248 559 326 592 pulos
358 560 412 586 luec
441 560 620 586 admiratione
645 559 725 594 digna
747 560 890 586 censuisse
911 564 1029 587 constat.

247 602 314 629 Nam
340 605 457 638 quodam
480 604 567 631 all'erti
598 609 709 638 stupore
736 604 770 632 de
798 605 895 632 horum
917 605 1029 639 intuitu,

247 648 392 675 Dominum
422 649 503 676 etiam
525 650 567 676 his
591 650 682 677 verbis
709 651 743 677 ad
773 651 1029 685 contemplationem

247 695 408 727 iuvitarunt,
433 695 659 729 quemadmodum
677 700 718 723 est
738 704 815 723 sacro
841 696 867 722 in
885 696 1031 732 Evangelio

247 740 381 772 proditum
403 750 410 767 :
432 749 440 764 ί
457 741 562 772 Quanta
582 741 639 767 lnec
652 749 733 775 opera
747 745 820 773 sunt,
833 747 943 775 quantm
955 749 1030 769 stru-

246 788 331 810 ειμι-ω
351 784 373 799 ⁸⁵
386 784 549 812 ίιυοιιιίιιυε
567 790 656 812 autem
678 789 705 812 et
723 785 780 812 fore
795 786 842 812 illo
856 786 884 812 in
908 786 969 813 loco
983 794 1030 812 va-

247 833 316 854 stam
327 828 501 855 solitudinem
513 829 693 863 demonstrat,
703 835 729 858 et
737 831 899 865 elegantiam
910 835 1031 859 structu-

1082 242 1310 278 ἀντιπαραθῶμεν
1323 243 1379 272 τοῖς
1393 240 1570 276 προρῤηθεῖσι
1590 241 1638 274 τὴν
1653 239 1763 266 ἔκϐασιν
1774 259 1781 272 ,
1797 238 1869 265 ὥστε

1082 288 1181 323 γνῶναι
1196 289 1229 315 δι’
1244 288 1342 320 αὐτῶν,
1357 288 1381 314 εἰ
1393 288 1460 322 πρὸς
1478 287 1526 322 τὴν
1539 286 1665 321 ἀλήθειαν
1679 286 1694 311 ὁ
1709 285 1787 319 λόγος
1805 285 1868 319 βλέ-

1082 343 1136 361 πει.
1158 334 1206 366 Τίς
1231 334 1280 360 οὐκ
1304 333 1373 360 οἶδεν
1392 334 1465 364 ὅπως
1481 332 1555 367 mea
1573 331 1642 358 κατὰ
1664 331 1695 357 τὸ
1717 332 1829 366 ἀρχαῖον
1854 331 1871 357 ὁ

1087 380 1256 415 Ἰσραηλίτης
1268 378 1342 410 λαὸς,
1361 378 1461 409 πάσαις
1477 378 1537 409 ταῖς
1551 377 1622 403 κατὰ
1644 375 1693 411 τὴν
1706 377 1870 410 οἰκουμένην

1080 426 1248 456 δυναστείαις
1260 424 1499 460 ἀντεγειρόμενος;
1513 420 1556 449 οἷα
1567 420 1600 458 ἦν
1612 422 1646 448 τὰ
1661 421 1782 457 βασίλεια
1798 421 1870 448 κατὰ

1081 471 1129 507 τὴν
1139 471 1194 497 τῶν
1207 471 1240 497 Ίε
1245 469 1400 506 ροσολὺμων
1411 469 1487 496 πόλιν
1496 477 1502 501 ;
1512 466 1555 495 οἷα
1570 468 1604 494 τὰ
1613 468 1689 503 τείχη
1699 468 1740 501 ;,οἱ
1750 467 1849 502 πύργοι
1859 475 1868 499 ;

1081 519 1097 552 ἡ
1114 516 1160 543 τοῦ
1182 515 1256 552 ἱεροῦ
1283 515 1482 552 μεγαλουργία;
1507 515 1577 550 ἅπερ
1597 514 1715 544 καὶτοῖς
1733 513 1869 548 μαθηταῖς

1080 561 1126 587 τοῦ
1145 561 1246 596 Κυρίου
1268 561 1330 593 ἄξια
1347 559 1485 595 θαύματος
1503 558 1642 594 ἐνομίσθη,
1665 557 1712 584 καὶ
1727 558 1868 583 κατανοεῖν

1082 606 1189 639 ἀξιοῦσι
1203 606 1249 632 τὸν
1262 606 1375 640 Κύριον,
1389 603 1582 639 θαυμαστικῶς
1597 603 1703 639 περὶτὰ
1718 602 1869 637 φαινόμενα

1080 651 1246 682 διατεθέντες
1256 672 1263 684 ,
1279 651 1316 682 ὡς
1330 651 1346 686 ὴ
1365 649 1411 676 τοῦ
1426 649 1590 683 Εὑαγγελίου
1605 648 1707 684 ίστορία
1721 647 1810 683 δηλοῖ,
1825 647 1868 673 λέ-

1081 705 1175 731 γοντες
1189 697 1255 732 πρὸς
1271 696 1351 723 αὐτόν
1364 704 1370 712 ·
1389 705 1398 721 ί
1423 695 1537 722 Ποταπὰ
1550 695 1584 721 τὰ
1599 694 1666 730 ἔργα
1688 693 1735 720 καὶ
1749 692 1870 720 ποταπαὶ

1081 744 1109 770 αἱ
1125 743 1284 777 οἱκοδομαίί
1303 752 1312 768 ι
1335 742 1348 768 ὁ
1370 741 1398 768 δὲ
1418 740 1466 776 τὴν
1484 741 1616 775 ἐσομένην
1638 739 1702 774 περὶ
1721 738 1766 765 τὸν
1787 739 1868 764 τόπον

1081 788 1236 822 ἐρήμωσιν,
1254 787 1300 812 καί
1325 786 1368 812 τὸν
1388 785 1539 820 ἀφανισμὸν
1559 784 1606 811 τοῦ
1632 783 1745 814 κάλλους
1763 783 1868 809 ἐκείνου

1081 832 1149 866 πρὸς
1161 833 1224 863 τοὺς
1237 831 1268 857 τὺ
1284 831 1369 866 παρὸν
1385 829 1574 865 θαυμάζοντας
1586 828 1765 861 ὑποδείκνυσι,
1781 828 1868 861 λέγων

247 882 284 901 rae
307 875 462 902 universam
479 876 519 902 sic
539 875 709 902 interituram
733 884 804 908 esse,
824 881 853 903 ut
869 884 923 904 non
944 878 1030 905 multo

1082 877 1165 912 μηδὲν
1181 877 1235 903 τῶν
1249 877 1419 911 φαινομένων
1436 876 1493 911 μετ’
1507 875 1594 909 ὀλίγον
1612 873 1868 908 ὑπολειφθήσεσθαι.

247 924 309 954 post
324 920 357 946 de
368 920 400 946 iis
414 928 475 954 qua:
491 925 546 946 tum
561 922 797 955 conspicerentur,
811 922 877 948 nihil
894 923 1029 957 reliquum

247 967 305 992 fore
323 967 488 1000 praediceret.
512 967 584 994 ldem
601 968 725 1001 supplicii
752 969 795 995 sui
820 972 951 1003 tempore,
967 976 1029 996 cum

246 1011 375 1038 mulieres
398 1012 536 1038 nonnullae
560 1017 706 1046 sequentes
727 1013 835 1047 ipsum,
863 1010 924 1041 esse
947 1014 1030 1041 latam

246 1056 378 1090 injustam
401 1057 531 1084 adversus
551 1057 723 1085 innocentem
748 1059 910 1086 sententiam
926 1059 1030 1086 lamen-

246 1102 330 1128 tando
357 1107 538 1136 quererentur
557 1112 563 1129 ε
587 1103 686 1138 quippe
707 1104 780 1138 quod
802 1104 919 1131 necdum
945 1105 1030 1131 divini

247 1148 365 1177 consilii.
387 1155 442 1182 quo
461 1148 558 1175 isthmc
574 1147 683 1180 ﬁebant,
703 1157 801 1176 causas
818 1150 1005 1184 perspicerent
1021 1159 1027 1176 :

246 1201 323 1220 suam
338 1194 446 1228 quidem
459 1198 559 1221 sortem
575 1200 602 1221 ut
616 1194 727 1221 minime
738 1194 911 1229 deplorarem
927 1199 1028 1228 monet,

246 1246 326 1273 quam
346 1239 482 1273 deplorari
507 1240 547 1266 ias
561 1248 616 1266 non
635 1248 696 1267 esse
715 1249 722 1266 :
738 1240 863 1274 querelas
882 1244 972 1266 autem
991 1241 1029 1267 la-

246 1289 391 1319 mentaque
403 1285 542 1312 differrent
552 1286 579 1312 in
595 1286 660 1312 illud
673 1290 779 1320 tempus
795 1286 869 1321 quod
882 1291 955 1314 esset
967 1295 1030 1315 vere

245 1331 376 1366 lacrymis
388 1331 565 1363 destinatum,
580 1339 634 1366 quo
648 1332 741 1359 urbem
758 1332 902 1359 obsidione
913 1333 1029 1360 cincturi

245 1375 348 1408 hostes,
375 1380 402 1403 et
422 1378 603 1411 oppugnaturi
622 1382 712 1404 essent
729 1377 752 1393 "
769 1387 775 1404 :
790 1378 924 1412 ejusmodi
948 1379 1029 1407 mise-

245 1422 295 1448 riis
307 1423 442 1448 nationcm
456 1423 667 1450 lsraelitirorum
681 1424 750 1451 serie
760 1425 1030 1459 continuaexcipien-

246 1467 331 1498 tibus,
349 1470 378 1492 ut
394 1466 485 1494 felices
504 1469 676 1502 praedicaturi
697 1470 751 1497 sint
771 1478 817 1497 eos
839 1471 886 1504 qui
908 1471 1028 1497 sobolem

246 1512 347 1538 nullam
360 1519 559 1546 procreassent.
574 1514 612 1541 Ac
628 1515 717 1542 verbis
730 1515 838 1549 quidem
851 1516 914 1548 illis,
928 1516 1028 1550 quibus

246 1558 304 1585 fore
319 1559 495 1590 vaticinatur,
517 1564 546 1587 ut
563 1568 596 1587 eo
611 1565 733 1596 tempore
747 1561 866 1589 sterilem
883 1563 974 1589 alvum
988 1561 1027 1589 fe—
1041 1553 1062 1580 (λ

246 1604 326 1630 licem
351 1605 405 1630 sint
427 1606 609 1633 existimaturi
631 1617 637 1633 :
662 1608 787 1642 equidem
806 1607 921 1634 indicari
937 1612 1028 1635 statuo

245 1649 342 1683 ingens
363 1650 427 1676 illud
454 1651 577 1678 mulieris
602 1652 751 1687 piaculum,
771 1660 832 1687 quae
857 1653 904 1680 ﬁlii
930 1653 973 1681 sui
999 1661 1029 1681 se

245 1696 377 1723 carnibus
396 1701 571 1724 exsaturasse
589 1698 714 1725 traditur.
734 1698 784 1726 Ubi
806 1706 873 1734 ergo
890 1707 964 1726 nunc
984 1699 1029 1726 illa

244 1742 374 1775 prieclnra
400 1743 515 1776 palatia?
539 1744 583 1771 ubi
601 1745 812 1779 templum?ubi
836 1745 956 1772 moenia?
982 1745 1029 1772 ubi

245 1786 363 1813 turrium
378 1787 654 1822 propugnacula?ubi
681 1784 865 1812 lsraelitarum
894 1787 1029 1822 respubli-

244 1830 294 1857 ca?
310 1839 344 1858 an
359 1839 411 1858 non
427 1840 488 1861 esse
501 1833 563 1860 illos
579 1841 627 1868 per
640 1834 733 1861 orbem
749 1842 832 1869 prope
843 1834 957 1861 dixerim
970 1833 1030 1861 uni-

243 1882 353 1902 versum
378 1884 490 1911 sparsos
513 1878 655 1905 videmus?
677 1886 710 1905 an
733 1886 786 1906 non
802 1886 855 1905 una
878 1886 940 1905 cum
962 1878 1028 1913 ipsis

244 1928 339 1947 eversa
353 1922 450 1954 palatia
462 1923 543 1950 sunt?
560 1924 598 1950 Ac
613 1924 680 1950 mihi
697 1924 806 1958 quidem
825 1925 881 1951 haec
897 1923 1028 1951 Dominus

245 1973 299 1992 non
310 1966 429 2000 ipsarum
440 1975 528 1994 rerum
538 1977 619 1995 causa
628 1970 784 2003 praedixisse
792 1969 908 2002 videtur,
921 1970 1029 2004 quando

245 2011 313 2038 nihil
331 2012 449 2039 habituri
468 2013 608 2042 auditores
617 2015 923 2042 emolumentierantex
934 2016 1029 2050 praedi-

1088 923 1166 948 Ἀλλὰ
1180 923 1228 949 καὶ
1245 922 1319 957 παρὰ
1333 922 1379 948 τὸν
1393 921 1439 947 τοῦ
1457 920 1559 952 πάθους
1578 919 1671 955 καιρὸν
1683 939 1690 951 ,
1707 920 1735 945 αἱ
1752 919 1801 954 μὲν
1819 927 1868 951 γυ-

1080 970 1172 1000 ναῖκες
1187 967 1384 1003 ἐπηκολούθουν
1401 966 1547 1002 θρηνοῦσαι
1565 966 1613 1001 τὴν
1630 965 1720 992 ἄδικον
1735 965 1779 990 ἐπ’
1794 962 1868 998 αὐτῷ

1079 1015 1188 1050 ψῆφον-
1209 1014 1285 1040 οῦπω
1310 1014 1364 1050 γὰρ
1383 1014 1422 1044 είς
1446 1013 1495 1048 τὴν
1517 1012 1571 1039 τῶν
1598 1011 1747 1046 γινομένων
1766 1011 1867 1036 οἰκονο-

1082 1060 1144 1096 μίαν
1161 1059 1358 1086 ἀπέϐλεπον-Ὃ
1371 1059 1400 1085 δὲ
1421 1058 1597 1093 συμῦουλεὺει
1618 1056 1653 1083 τὰ
1671 1056 1718 1091 μὲν
1742 1056 1805 1090 περὶ
1819 1055 1866 1082 αὒ-

1079 1106 1125 1132 τὺν
1141 1106 1269 1140 γινόμενα
1284 1105 1388 1140 σιωπᾷν
1402 1112 1409 1119 '
1424 1104 1490 1140 μηδὲ
1504 1103 1556 1138 γὰρ
1570 1100 1638 1129 εἷναι
1652 1101 1777 1136 δακρύων
1793 1100 1866 1132 ἄξια·

1081 1150 1244 1185 ὑπερθέσθαι
1263 1150 1292 1176 δὲ
1310 1150 1354 1176 τὸν
1374 1149 1489 1184 ὁδυρμὸν
1510 1148 1556 1175 καὶ
1582 1147 1626 1173 τὸν
1644 1147 1741 1183 θρῆνον
1763 1146 1803 1176 εἰς
1821 1145 1868 1171 τὸν

1081 1196 1168 1231 ἀληθῆ
1189 1196 1242 1222 τῶν
1269 1195 1393 1230 δακρύων
1415 1194 1528 1229 καιρὸν,
1549 1194 1613 1219 ὅταν
1637 1190 1785 1226 περισχεθῇ
1812 1191 1867 1221 τοῖς

1081 1241 1269 1277 πολιορκοῦσιν
1283 1242 1299 1276 ἡ
1317 1241 1403 1272 πόλις,
1417 1241 1464 1267 καὶ
1478 1240 1517 1271 είς
1533 1237 1658 1265 τοσοῦτον
1674 1236 1787 1271 συνοχῆς
1802 1235 1866 1270 ἔλθῃ

1079 1287 1114 1314 τὰ
1131 1287 1215 1321 πάθη,
1234 1287 1271 1318 ὡς
1289 1287 1454 1322 μακαριστον
1473 1284 1595 1320 ἡγεῖσθαι
1616 1283 1661 1310 τὸν
1684 1281 1720 1317 μὴ
1732 1281 1869 1315 γεννώμε-

1079 1341 1133 1360 νον.
1155 1333 1199 1359 Ἐν
1213 1331 1253 1363 οἷς
1270 1332 1316 1358 καὶ
1331 1332 1360 1357 τὸ
1381 1331 1444 1366 περὶ
1463 1331 1511 1366 τὴν
1532 1328 1698 1363 τεκνοῳάγον
1714 1327 1868 1362 προεμήνυ-

1081 1387 1126 1404 σεν
1145 1377 1220 1411 ἄγος,
1237 1377 1321 1403 εἰπὼν
1340 1374 1590 1411 μακαρισθήσεσθαι
1609 1372 1680 1400 κατὰ
1696 1372 1744 1403 τὰς
1762 1371 1869 1406 ἡμέρας

1079 1423 1186 1454 ἐκείνας
1207 1423 1256 1458 τὴν
1271 1423 1392 1457 γαστέρα
1409 1422 1458 1456 τὴν
1468 1421 1578 1454 ἄγονον.
1595 1419 1651 1446 Ποῦ
1670 1417 1759 1444 τοίνυν
1776 1418 1869 1442 ἐκεῖνα

1079 1469 1114 1495 τὰ
1130 1469 1268 1503 patellam;
1286 1467 1337 1494 ποῦ
1352 1467 1381 1493 τὸ
1398 1467 1487 1502 ίερόν;
1503 1465 1554 1491 τιοῦ
1577 1464 1612 1490 τὰ
1633 1463 1728 1498 Isim;
1749 1461 1800 1488 ποῦ
1815 1461 1869 1487 τῶν

1080 1514 1192 1548 πύργων
1207 1513 1235 1539 αἱ
1246 1512 1374 1548 προϐολαί
1385 1520 1391 1544 ;
1407 1511 1456 1537 ποῦ
1469 1511 1497 1537 δὲ
1507 1511 1524 1545 ἡ
1535 1510 1587 1536 τῶν
1605 1507 1776 1544 Ἰσραηλιτῶν
1789 1507 1868 1533 δυνα-

1081 1560 1172 1591 στείας
1195 1559 1243 1594 οὐχ
1268 1559 1356 1594 οἱμὲν
1379 1557 1448 1584 κατὰ
1471 1557 1559 1583 πᾶσαν
1582 1554 1678 1590 μικροῦ
1694 1553 1747 1579 δεῖν
1761 1553 1809 1587 τὴν
1830 1552 1870 1577 οἱ-

1081 1605 1217 1640 κουμένην
1232 1604 1310 1635 ἄλλος
1327 1603 1429 1638 ἀλλαχῆ
1445 1601 1643 1636 διεσπάρησανς
1663 1600 1696 1634 τῇ
1719 1598 1747 1624 δὲ
1767 1597 1870 1624 τούτων

1081 1652 1257 1686 καταστροφῇ
1271 1649 1459 1685 συνηρειπώθη
1475 1649 1521 1674 καὶ
1531 1647 1565 1673 τὰ
1576 1646 1712 1681 βασίλεια;
1727 1644 1804 1670 Δοκεῖ
1815 1643 1869 1677 γάρ

1082 1706 1127 1733 μοι
1142 1697 1228 1723 ταῦτα
1242 1695 1289 1722 καὶ
1307 1695 1341 1721 τὰ
1354 1694 1465 1721 τοιαῦτα
1479 1692 1652 1729 προμηνῦσαι
1673 1691 1686 1716 ὁ
1706 1690 1823 1733 Κύριος,
1838 1688 1867 1714 οἱ

1080 1732 1134 1766 τῶν
1161 1739 1329 1775 πραγμάτων
1351 1738 1429 1774 χάριν
1459 1737 1505 1773 (τί
1526 1736 1584 1772 γὰρ’
1603 1735 1729 1762 τοσοῦτον
1754 1732 1786 1769 ἦν
1813 1734 1869 1763 τοῖς

1081 1785 1207 1813 ἀκούουσι
1229 1779 1322 1820 κέρδος
1336 1784 1389 1810 τῶν
1411 1783 1519 1814 πάντως
1539 1780 1731 1816 ἐκϐησομένων
1750 1779 1767 1814 ή
1784 1777 1869 1813 7:963.-

1081 1833 1175 1867 ῥησιςς
1193 1831 1312 1865 ἔγνωσαν
1328 1830 1381 1864 γὰρ
1395 1829 1427 1856 ἂν
1442 1830 1474 1864 τῇ
1492 1828 1584 1863 πείρᾳ,
1599 1826 1646 1853 καὶ
1662 1826 1698 1861 μὴ
1714 1823 1870 1860 προμαθόν-

1079 1887 1124 1909 τες
1150 1878 1180 1904 τὸ
1199 1876 1410 1913 γενησόμενον),
1428 1875 1484 1902 ἀλλ’
1504 1874 1572 1900 ὥστε
1589 1873 1633 1900 διὰ
1653 1871 1755 1897 τούτων
1778 1869 1869 1900 αὐτοῖς

1082 1924 1129 1950 καὶ
1147 1923 1194 1958 τὴν
1217 1923 1282 1958 περὶ
1300 1922 1353 1949 τῶν
1374 1921 1503 1957 μειζόνων
1530 1919 1619 1946 πίστιν
1641 1919 1680 1949 εἰς
1706 1914 1868 1943 ἀκολουθίαν

1082 1969 1177 1996 ἐλθεῖν.
1200 1969 1231 1995 Ἡ
1243 1968 1297 2004 γὰρ
1314 1969 1342 1994 ὲν
1358 1967 1462 1998 τούτοις
1477 1965 1521 1992 διὰ
1539 1965 1593 1991 τῶν
1610 1963 1697 1998 11ἔργων
1715 1960 1867 1997 μαρτυρία.

1081 2016 1127 2042 καὶ
1142 2015 1191 2050 τῆς
1205 2015 1233 2041 ὲν
1249 2014 1361 2045 ἐκείνοις
1376 2013 1502 2048 ἀληθείας
1514 2013 1586 2039 ἐστὶν
1599 2010 1742 2043 ἀπόδειξις.

243 2057 353 2084 catione
368 2065 468 2088 rerum,
478 2066 546 2092 quas
555 2063 700 2086 eventuras
719 2063 793 2086 certo
809 2060 851 2086 vel
868 2060 926 2094 ipsa
933 2059 1098 2094 experientia
1119 2059 1256 2095 cognituri
1270 2058 1417 2093 aliquando
1429 2061 1532 2088 essent,
1544 2057 1624 2084 etiam
1646 2063 1699 2082 non
1710 2053 1868 2089 prmdictas,

244 2103 293 2130 sed
311 2108 339 2130 ut
357 2111 388 2131 ex
404 2104 445 2131 his
467 2112 549 2139 porro
563 2106 767 2139 persuasionem
782 2107 927 2141 quamdam
955 2106 1054 2134 animis

1075 2114 1169 2134 eorum
1179 2107 1212 2134 de
1219 2106 1300 2134 rebus
1309 2106 1395 2133 multo
1403 2105 1582 2141 amplioribus
1590 2103 1704 2131 inderet.
1712 2101 1779 2128 Nam
1792 2101 1867 2136 quod

244 2149 341 2176 horum
353 2150 442 2177 exitus
453 2150 622 2185 pratdictioni
632 2152 783 2186 respondit,
793 2153 875 2180 etiam
885 2154 987 2188 reliqua
998 2158 1073 2182 certo
1086 2154 1144 2182 fore
1158 2154 1340 2181 demonstrat.

279 2194 513 2227 Quemadmodum
537 2197 620 2228 enim,
638 2198 661 2224 si
686 2197 813 2232 agricola;
835 2200 968 2226 seminum
987 2200 1027 2228 l‘a-
1043 2202 1064 2229 D

244 2240 374 2266 cultati-m
386 2242 543 2275 explicanti,
556 2242 628 2270 forte
642 2243 751 2270 rusticae
762 2244 800 2271 rei
814 2244 876 2279 quis
886 2246 1028 2280 imperitus

244 2286 326 2313 ﬁdem
344 2294 397 2314 non
419 2287 518 2315 habeat
534 2299 540 2316 :
563 2290 630 2316 satis
643 2290 688 2317 ille
701 2290 752 2318 sibi
768 2296 845 2326 putat
859 2292 893 2319 ad
906 2293 1029 2322 veritatis

244 2331 448 2365 iudicationem,
467 2342 522 2361 uno
538 2335 564 2361 in
583 2342 667 2369 grano
688 2336 877 2364 universorum
892 2346 953 2373 quae
970 2347 1028 2366 mo-

244 2377 306 2404 dius
333 2379 464 2411 continet,
486 2379 540 2405 vim
567 2379 781 2415 facultatemque
802 2383 950 2410 ostendere
973 2393 980 2411 :
998 2391 1030 2411 ac

243 2422 316 2457 quod
332 2423 366 2450 de
386 2431 441 2450 uno
467 2424 593 2456 allirmet,
614 2425 685 2453 idem
703 2427 786 2454 etiam
813 2428 840 2455 in
858 2429 963 2456 caeteris
986 2438 1028 2457 vc-

243 2477 304 2496 rum
324 2477 385 2497 esse
401 2470 534 2504 polliceri.
554 2470 620 2498 Nam
638 2472 685 2507 qui
702 2472 736 2500 de
752 2481 808 2500 uno
825 2474 917 2509 aliquo
932 2475 1027 2508 tritici,

243 2515 285 2542 vel
297 2515 401 2547 hordei,
420 2516 462 2543 vel
483 2516 596 2544 alterius
607 2516 736 2545 lrumenti
753 2519 833 2554 pleno
848 2521 938 2548 modio
953 2528 1027 2548 com-

244 2561 371 2595 prehensi
389 2569 485 2596 grano,
510 2562 536 2589 in
550 2563 657 2597 glebam
675 2564 810 2598 conjecto,
832 2566 936 2600 spicam
951 2566 1026 2593 nasci

243 2605 353 2636 viderit,
365 2606 438 2633 hunc
449 2607 530 2634 etiam
543 2608 576 2635 de
587 2609 692 2635 caeteris
707 2617 879 2645 nequaquam
901 2610 1027 2638 dubitare

244 2659 358 2679 necesse
378 2657 429 2679 est.
451 2654 491 2679 Ita
513 2653 581 2680 nihil
596 2654 697 2682 veritas
711 2656 830 2690 reliquis
845 2656 946 2684 divinis
963 2664 1026 2684 ora-

246 2697 314 2724 culis
332 2697 512 2732 respondcns.
534 2698 617 2725 etiam
641 2698 705 2726 huic
717 2699 751 2727 de
767 2701 971 2728 resurrectione
984 2709 1028 2729 ar—

243 2750 318 2771 canis
326 2743 457 2771 dominae
470 2743 550 2772 tidem
565 2745 713 2773 conciliare
731 2746 847 2774 videtur.
865 2747 1026 2783 Quanquam

280 2831 302 2846 *⁵
319 2829 400 2858 Maio.
424 2839 483 2865 xm,
505 2833 528 2860 1.
569 2833 591 2848 ⁸⁵
609 2832 674 2860 Luc.
695 2842 750 2868 nx,
768 2834 813 2860 43.

1115 2201 1218 2235 Ὥσπερ
1229 2200 1284 2235 γὰρ
1296 2200 1322 2226 ετ
1333 2208 1404 2231 τινος
1420 2198 1542 2234 γεωργοῦ
1566 2197 1614 2233 τὴν
1631 2197 1683 2223 τῶν
1703 2195 1868 2230 σπερμάτων

1079 2247 1267 2283 ὑφηγουμένου
1283 2246 1407 2281 δύναμιν,
1422 2246 1546 2272 ἀπιστεῖν
1561 2243 1649 2279 συμϐῇ
1662 2242 1705 2268 τὸν
1718 2242 1767 2275 τῆς
1780 2249 1867 2275 γεωρ-,

1081 2293 1143 2327 γίας
1157 2293 1313 2328 ἀπείρατον,
1330 2291 1471 2327 αὐτάρκης
1482 2291 1515 2318 ἂν
1531 2291 1570 2322 είς
1585 2288 1721 2321 ἀπόδειξιν
1735 2287 1783 2322 τῆς
1800 2286 1868 2321 άλη-

1082 2338 1156 2370 θείας
1169 2336 1203 2374 ἦν
1216 2338 1255 2374 τῷ
1270 2338 1395 2373 γεηπόνῳ
1408 2338 1436 2364 ὲν
1451 2337 1492 2363 ἑνὶ
1508 2336 1643 2371 σπέρματι
1657 2334 1710 2360 τῶν
1721 2334 1748 2359 ἐν
1764 2331 1802 2366 τῷ
1820 2340 1869 2366 p.5-

1079 2383 1165 2418 δίμνῳ
1179 2383 1310 2418 κειμένων
1327 2381 1443 2414 δείξαντι
1459 2381 1508 2416 τὴν
1527 2380 1650 2414 δύναμιν,
1664 2379 1710 2405 καὶ
1733 2377 1796 2411 περὶ
1812 2375 1868 2402 τῶν

1081 2429 1180 2455 λοιπῶν
1195 2427 1353 2462 ἐγγυᾶσθαι.
1375 2428 1404 2453 '0
1415 2427 1470 2462 γὰρ
1485 2426 1545 2453 ἰδὼν
1558 2425 1602 2452 τὸν
1614 2425 1660 2450 ἕνα
1672 2423 1767 2458 πυρὸν,
1785 2421 1801 2456 ἢ
1817 2420 1867 2456 τὴν

1083 2475 1147 2509 μίαν
1159 2474 1265 2510 κριθὴν,
1279 2474 1295 2509 ἦ
1308 2474 1321 2500 ὅ
1335 2482 1359 2500 τι
1373 2481 1426 2508 περ
1443 2473 1475 2499 ἂν
1487 2472 1516 2498 ἐν
1530 2471 1568 2505 τῷ
1582 2467 1801 2505 πληρώματιτοῦ
1818 2475 1868 2502 με-

1080 2521 1173 2556 δίμνου
1185 2520 1264 2556 τύχῃ,
1279 2519 1347 2555 μετὰ
1361 2519 1391 2545 τὺ
1410 2516 1644 2552 ὲγκαταδληθῆναι
1661 2516 1693 2550 τῇ
1708 2513 1785 2549 βώλῳ
1800 2513 1867 2540 στά-

1080 2575 1129 2601 χυν
1144 2566 1299 2600 γενόμενον,
1315 2564 1404 2591 οὐκέτι
1416 2563 1449 2591 ἂν
1462 2563 1506 2590 διὰ
1517 2561 1564 2588 τοῦ
1577 2561 1646 2593 ἑνὸς,
1662 2559 1721 2586 οὐδὲ
1735 2558 1799 2594 περὶ
1811 2557 1866 2584 τῶν

1081 2610 1180 2638 λοιπῶν
1203 2610 1388 2645 ἀπιστήσειεν.
1411 2607 1505 2639 Οὕτως
1529 2607 1608 2641 ἱκανή
1634 2613 1678 2641 μοι
1700 2604 1774 2631 δοκεῖ
1797 2603 1866 2638 πρὸς

1083 2656 1234 2692 μαρτυρίαν
1249 2655 1317 2683 εἶναι
1330 2655 1377 2682 τοῦ
1391 2655 1462 2682 κατὰ
1477 2654 1526 2690 τὴν
1543 2653 1688 2680 ἀνάστασιν
1704 2649 1864 2686 μυστηρίου,

1081 2705 1098 2739 ἡ
1122 2705 1178 2735 τοῖς
1210 2703 1313 2734 λοιποῖς
1342 2701 1396 2729 τῶν
1427 2701 1581 2736 εἰρημένων
1615 2695 1865 2732 συνομολογουμένη

1081 2749 1202 2784 ἀλήθεια.
1218 2748 1333 2785 ,Μᾶλλον
1355 2747 1383 2774 δὲ
1409 2746 1457 2774 καὶ
1474 2745 1558 2780 αὐτῆς
1581 2745 1631 2779 τῆς
1652 2742 1823 2772 anxium;
1848 2741 1864 2774 ἡ
