1977 3071
113 146 166 174 217

741 148 785 177 DE
805 147 946 177 HUMlNlS
965 148 1121 177 OPlFlCIO.

1685 141 1737 170 218

113 213 205 249 πεῖρα,
218 212 250 247 ἥν
265 211 294 238 οὐ
314 210 359 237 διὰ
379 210 464 245 λόγων
476 209 613 242 τοσοῦτον,
627 210 687 237 ὅσον
700 210 733 236 δι’
748 210 838 237 αὐτῶν
850 209 905 236 τῶν

967 211 1042 245 uagis
1065 211 1117 238 hoc
1141 210 1199 237 lieri
1224 208 1351 244 equidem
1371 207 1454 235 credo
1472 214 1520 242 per
1541 205 1629 240 ipsam
1646 211 1737 230 rerum

113 259 200 295 ἔργων
217 256 402 292 ἐδιδάχθημεν.
426 256 535 291 Ἐπειδὴ
549 256 603 291 γὰρ
623 255 693 291 μέγα
709 256 756 281 καὶ
769 255 838 290 ὑπὲρ
854 255 900 281 πί⁵

113 313 171 330 στιν
184 301 217 339 ἦν
231 303 261 329 τὸ
278 301 348 329 κατὰ
368 301 417 337 τὴν
430 301 578 328 ἀνάστασιν
600 300 703 336 θαῦμα,
725 300 768 327 διὰ
785 300 838 327 τῶν
853 309 903 327 κα-

114 349 236 384 τωτέρων
257 348 307 383 τῆς
321 346 536 383 θαυματοποιίας
553 346 715 382 ἀρξάμενος,
730 346 823 381 ἠρέμα
844 354 902 377 πως

113 396 161 431 τὴν
179 395 268 421 πίστιν
286 393 365 429 ήμῶν
387 389 543 429 προσεθίζει
557 393 613 423 τοῖς
634 391 748 426 μείζοσι.
770 392 903 427 Καθάπερ

113 441 168 476 γάρ
187 449 229 472 τις
247 440 339 475 μήτηρ
358 438 534 473 καταλλήλως
549 437 728 473 τιθηνουμένη
745 437 775 463 τὸ
795 438 902 472 νήπιον,

113 486 182 518 τέως
211 486 260 521 μὲν
282 484 379 519 ἁπαλῷ
400 493 429 510 τε
446 483 494 510 καὶ
511 480 587 518 ὑγρῷ
603 482 641 518 τῷ
656 482 770 517 στόματι
789 482 819 508 τὸ
833 481 904 516 γάλα

114 532 158 559 διὰ
172 532 222 567 τῆς
243 531 329 566 θηλῆς
350 529 503 564 ἐντίθησιν·
529 528 732 563 ὀδοντοφυοῦντι
750 528 778 554 δὲ
793 527 844 563 ’ήδη
860 528 906 554 καὶ

115 577 293 612 αὐξανομένῳ
313 576 448 611 προσάγει
466 574 512 601 τὸν
530 574 622 609 ἄρτον,
640 575 669 600 οὐ
691 573 793 609 τραχύν
814 582 844 599 τε
860 573 907 599 καὶ

104 623 330 658 ’ἀκατέργαστον,
346 622 382 652 ὼς
397 621 429 647 ἂν
446 621 483 656 μὴ
498 619 672 655 περιξανθείη
684 619 723 654 τῷ
737 618 846 654 σκληρῴ
858 619 907 653 τῆς

116 668 220 703 τροφῆς
231 667 261 694 τὺ
271 667 324 692 τῶν
337 665 422 692 οὔλων
435 664 537 691 ἁπαλόν
546 671 575 689 τε
588 663 635 689 καὶ
646 662 828 698 ἀγύμναστον,
840 661 908 687 ἀλλὰ

118 715 173 746 τοῖς
187 713 260 744 ἰδίοις
272 712 359 739 ὀδοῦσι
372 711 569 742 καταλεάνασα,
583 708 737 744 σύμμετρόν
747 716 776 734 τε
791 708 838 734 καὶ
847 715 908 733 κατ-

120 759 232 794 άλληλον
255 758 288 793 τῇ
314 755 426 790 δυνάμει
445 754 491 780 τοῦ
517 753 738 789 προσφερομένου
762 751 908 786 ἐποίησεν*

119 802 178 830 εἶτα
207 802 278 830 κατὰ
303 800 460 840 προσθήκην
487 799 537 834 τῆς
561 797 702 833 δυνάμεως
726 795 908 831 ὲπιδιδούσης,

119 847 298 885 προσεθισθὲν
330 847 385 877 τοῖς
414 843 600 878 ἁπαλωτέροις
632 842 724 878 ἠρέμα
750 842 781 868 τὺ
814 842 910 876 νήπιον

120 883 253 930 προσάγει
269 894 302 928 τῇ
324 890 492 926 στερεωτέρᾳ
510 889 606 924 τροφῇ·
622 887 692 914 οὕτω
705 887 754 922 τὴν
773 886 909 922 ἁνθρωπί-
927 883 948 910 Β

121 950 170 975 νην
186 937 366 975 μικροψυχίαν
381 937 395 962 ὁ
408 936 520 971 Κύριος,
537 933 592 961 οἷόν
606 943 632 961 τι
647 935 744 969 νήπιον
764 932 856 964 ἀτελὲς
868 931 911 958 διὰ

121 986 176 1012 τῶν
192 985 337 1018 θαυμάτων
349 982 454 1017 τρέφων
469 981 514 1007 καὶ
524 980 726 1015 τιθηνούμενος,
738 979 846 1015 πρῶτον
862 978 911 1014 μὲν

123 1033 152 1058 ὲν
174 1029 372 1064 ἀπεγνωσμένη
394 1027 464 1062 νόσῳ
486 1026 534 1062 τὴν
552 1027 601 1061 τῆς
624 1025 798 1056 ἀναστάσεως
817 1032 912 1060 προοι-

125 1077 251 1112 μιάζεται
268 1074 390 1108 δύναμιν⁷
412 1072 426 1098 ὃ
448 1072 520 1107 μέγα
539 1071 588 1106 μὲν
600 1068 634 1106 ἦν
652 1070 690 1106 τῷ
707 1069 910 1105 κατορθώματι,

123 1123 153 1149 οὐ
170 1122 222 1158 μὴν
236 1119 366 1151 τοιοῦτον,
379 1116 433 1145 οἷον
448 1117 621 1145 ἀπιστεῖσθαι
632 1116 788 1151 λεγόμενον.
807 1115 911 1141 Ἐπιτι-

126 1169 216 1204 μήσας
236 1166 291 1201 γὰρ
306 1165 344 1201 τῷ
367 1164 474 1200 πυρετῷ
492 1162 615 1197 σφοδρῶς
639 1162 688 1196 τὴν
709 1160 843 1196 πενθερὰν
864 1159 911 1186 τυῦ

124 1215 245 1249 Σίμωνος
264 1211 471 1245 καταφλέγοντι,
487 1208 619 1243 τοσαύτην
635 1206 745 1241 ἐποίησε
762 1205 807 1232 τοῦ
827 1205 912 1232 κακοῦ

124 1261 173 1295 τὴν
189 1258 363 1294 μετάστασιν,
381 1256 418 1287 ὡς
432 1256 501 1290 πρὸς
514 1254 544 1280 τὺ
562 1254 693 1280 διακονεῖν
710 1253 765 1283 τοῖς
780 1251 913 1286 παροῦσιν

126 1304 264 1339 ἐνισχύσαι
278 1301 326 1337 τὴν
337 1301 387 1336 ήδη
404 1298 630 1335 προσδοκωμένην
643 1296 827 1332 τεθνήξεσθαι.
846 1295 913 1322 Εἶτα

128 1350 224 1385 μικρόν
242 1357 268 1375 τι
280 1349 313 1383 τῇ
328 1346 440 1381 δυνάμει
456 1343 627 1380 προστίθησι,
643 1343 690 1368 καὶ
708 1340 755 1367 τοῦ
773 1340 912 1376 βασιλικοῦ

126 1383 295 1423 τὸννυίὸνὲν
316 1383 524 1429 ὁμολογουμένη)
546 1389 660 1424 κινδύνῳ
679 1388 802 1423 κείμενον
824 1386 914 1421 (οὕτω

127 1443 181 1476 γάρ
197 1449 279 1476 φησιν
292 1440 309 1474 ή
327 1438 442 1473 ἱστορία,
457 1438 497 1463 ὅτι
520 1435 616 1471 ἔμελλε
632 1434 777 1469 τελευτᾷν,
793 1432 839 1459 τοῦ
863 1441 915 1459 πα-

127 1487 190 1522 τρὺς
214 1485 339 1521 βοῶντος
364 1493 373 1509 ‹
394 1481 536 1517 Κατάϐηθι
551 1481 615 1516 πρὶν
629 1479 773 1506 ἀποθανεῖν
798 1477 829 1504 τδ
849 1486 914 1504 παι-

127 1533 234 1568 δίον-ι)
251 1532 358 1567 ἐνεργεῖ
372 1530 452 1557 πάλιν
470 1528 517 1555 τοῦ
534 1526 707 1562 τεθνήξεσθαι
729 1523 914 1559 πεπιστευμέ-

131 1589 174 1607 νου
190 1580 239 1614 τὴν
258 1578 422 1607 ἀνάστασιν,
432 1576 460 1602 ὲν
480 1573 582 1610 μείζονι
600 1574 633 1608 τῇ
648 1572 761 1606 δυνάμει
778 1571 809 1596 τὺ
824 1569 916 1605 θαῦμα

129 1624 381 1661 κατεργασάμενος,
395 1621 434 1656 τῷ
449 1620 517 1655 μηδὲ
529 1619 677 1654 πλησιάσαι
692 1617 730 1651 τῷ
745 1616 835 1651 τόπῳ,
851 1615 917 1641 ἀλλὰ

130 1670 271 1707 πόρρωθεν
285 1670 318 1704 τῇ
334 1667 380 1695 τοῦ
395 1666 603 1702 προστάγματος
619 1663 689 1698 ίσχύῖ
701 1662 751 1697 τὴν
766 1661 838 1696 ζωὴν
852 1661 919 1687 ἀπο-

132 1717 244 1743 στεῖλαι.
276 1715 360 1741 Πάλιν
393 1713 426 1739 δι’
462 1709 621 1740 ἀκολουθίας
651 1710 708 1740 τοῖς
743 1706 918 1742 ὑψηλοτέροις

132 1761 307 1796 ἐπαναϐαίνει
322 1759 453 1794 θαύμασι.
474 1757 546 1792 Πρὸς
565 1755 619 1790 γὰρ
638 1754 686 1789 τήν
704 1753 786 1780 παῖδα
805 1751 852 1778 τοῦ
870 1752 918 1786 ἀρ-

131 1805 320 1843 χισυναγώγου
332 1804 466 1840 ὁρμήσας,
479 1801 549 1827 ἑκὼν
563 1800 646 1826 ἔδωκε
658 1800 691 1834 τῇ
705 1796 843 1832 ὁδοιπορίᾳ
859 1804 920 1831 σχο-

131 1853 190 1888 λὴν,
205 1852 254 1887 τὴν
266 1852 337 1877 ῐασιν
355 1849 405 1884 τῆς
418 1846 580 1882 αἱμορροἳας
591 1843 760 1879 δημοσιεύων
774 1842 919 1873 λαθοῦσαν,

134 1899 172 1929 ὡς
188 1897 221 1923 ἂν
238 1897 266 1921 ὲν
277 1894 316 1929 τῷ
332 1893 419 1929 χρόνῳ
432 1891 520 1925 τούτῳ
536 1889 753 1924 κατακρατήσειε
766 1887 815 1922 τῆς
829 1886 922 1913 νοσού-

134 1951 185 1977 σης
204 1943 219 1968 ὁ
232 1940 357 1970 θάνατος.
376 1939 455 1973 ’Ἄρτι
470 1936 558 1963 τοίνυν
576 1935 626 1970 τῆς
639 1934 728 1969 ψυχῆς
741 1932 922 1969 χωρισθεὶσης

133 1988 181 2016 τοῦ
197 1986 333 2022 σώματος,
349 1984 396 2010 καὶ
411 1981 615 2018 θορυϐουμένων
630 1981 658 2006 ἐν
669 1980 701 2015 τῇ
716 1979 801 2014 γοερᾷ
815 1978 921 2014 κραυγῇ

134 2035 189 2062 τῶν
204 2031 412 2060 ὲπικωκιιὸντων
429 2030 468 2065 τῷ
484 2029 565 2056 πάθει
575 2051 582 2062 ,
596 2028 721 2063 καθάπερ
737 2026 766 2058 eg
783 2025 868 2052 ὕπνου
883 2024 922 2060 τῷ

135 2078 328 2117 προστακτικῷ
346 2078 418 2113 λόγῳ
432 2076 579 2110 διανίστησι
599 2074 679 2101 πάλιν
695 2073 763 2108 πρὸς
785 2073 834 2108 τὴν
850 2072 923 2106 ζωὴν

135 2127 166 2154 τὺ
180 2126 308 2162 κοράσιον
318 2145 325 2157 ,
341 2123 393 2159 ὀδῴ
407 2131 459 2149 τινι
475 2122 522 2148 καὶ
537 2119 682 2154 ἀκολουθίᾳ.
698 2119 766 2154 πρὸς
780 2118 811 2144 τὸ
831 2117 923 2153 μεῖζον

136 2170 333 2206 ἀναλαμὸἀνων
347 2169 395 2203 τὴν
412 2166 583 2203 ἀνθρωπίνην
598 2164 749 2192 ἀσθένειαν.

952 256 1161 291 experientiam.
1182 254 1242 282 Non
1259 254 1333 281 enim
1352 258 1410 280 tam
1432 254 1520 281 verbis
1533 259 1616 288 quam
1627 259 1656 279 re
1679 251 1737 284 ipsa

953 301 1183 329 resurrectionem
1209 300 1268 327 lore
1289 299 1449 326 didicimus.
1470 297 1507 323 Ea
1528 304 1593 324 vero
1615 303 1678 323 cmn
1695 302 1739 322 res

954 347 991 374 sit
1010 346 1107 379 ardua,
1131 350 1160 373 et
1186 353 1270 380 prope
1288 344 1404 371 dixerim
1420 347 1496 370 extra
1516 343 1594 369 iidem
1621 341 1712 376 posita
1731 349 1740 368 :

955 393 1058 420 idcirco
1070 391 1204 419 Dominus
1226 398 1239 417 a
1265 389 1406 417 miraculis
1421 387 1600 415 inferioribus
1614 392 1740 418 exorsus,
1770 393 1772 395 '

955 438 1087 472 paulatim
1103 445 1154 465 nos
1169 435 1369 467 condocefacit,
1387 438 1417 461 ut
1439 434 1466 460 in
1483 433 1564 460 rebus
1586 433 1667 459 etiam
1683 438 1739 457 ma-

953 482 1061 517 joribus
1082 482 1160 509 [idem
1175 481 1227 517 ipsi
1253 481 1414 508 habeamus.
1429 478 1519 512 Atque
1533 476 1572 503 uti
1596 479 1683 502 mater
1699 483 1743 502 ra-

956 528 1033 556 tione
1047 527 1167 562 quadam
1190 530 1375 554 consentanea
1396 524 1437 552 sic
1453 523 1540 550 nutrit
1554 521 1697 551 infantem,
1715 524 1744 546 ut

957 574 1037 601 initio
1059 573 1168 608 quidem
1193 578 1287 600 tenero
1312 571 1400 606 ipsius
1422 569 1462 596 ori
1486 576 1518 595 ac
1537 567 1611 594 molli
1635 566 1676 592 lac
1697 572 1746 599 per
1794 585 1798 587 .

958 618 1107 646 mamillam
1127 618 1252 650 instillet,
1274 616 1374 644 deinde
1396 615 1442 642 ubi
1461 614 1517 648 jam
1534 612 1663 640 dentibus
1677 617 1746 646 prae-

958 665 1043 697 ditus,
1059 671 1091 690 ac
1105 663 1275 698 majusculus
1287 669 1347 689 esse
1362 661 1456 695 coepit,
1479 657 1610 690 Ρίιιιειιιοῖ
1621 656 1744 692 ροτνὶείί-

959 718 1014 737 non
1031 710 1108 737 illum
1126 709 1236 744 quidem
1255 715 1394 742 asperum,
1419 710 1445 732 et
1471 705 1517 739 qui
1535 703 1622 738 digeri
1647 702 1681 728 ah
1705 701 1746 728 iu-

960 757 1033 783 l'ante
1045 759 1171 789 nequeat,
1189 759 1218 781 ut
1235 754 1330 780 molles
1342 757 1368 780 et
1379 751 1563 779 inexercitatae
1582 749 1696 784 gingiva:
1712 747 1746 773 ab

959 802 1019 837 ejus
1036 801 1135 828 duritie
1151 807 1205 827 non
1220 799 1362 830 laedantur,
1382 797 1428 825 sed
1448 796 1506 824 suis
1521 795 1654 829 .dentibus
1668 800 1746 819 man-

961 855 1033 878 sum,
1043 846 1225 881 elfectumque
1239 845 1318 871 talem
1335 848 1363 870 ut
1377 843 1481 870 viribus
1492 841 1569 876 pueri
1582 839 1727 867 conveniat
1740 847 1746 865 :

962 893 995 920 ad
1004 897 1156 920 extremum
1169 894 1258 918 autem
1272 889 1434 917 conﬁrmato
1442 888 1498 922 jam
1508 881 1572 921 ejus
1583 882 1691 916 robore,
1708 887 1748 910 te-

962 939 1119 967 nerioribus
1129 937 1316 965 assuefactum
1332 934 1457 965 antehac,
1471 933 1504 960 ad
1517 932 1660 960 solidiores
1671 936 1750 964 quos-

962 983 1024 1010 dam
1040 983 1117 1010 cibos
1129 981 1238 1010 deducit
1248 990 1255 1008 :
1265 982 1305 1008 sic
1316 980 1446 1007 Dominus
1457 978 1606 1005 animouos
1616 974 1751 1002 imbecillo

963 1029 1103 1064 praeditos,
1128 1026 1208 1062 quasi
1230 1025 1375 1061 quemdam
1397 1023 1528 1051 infantem
1553 1029 1601 1056 per
1619 1019 1750 1047 miracula

963 1073 1067 1105 nutrit;
1077 1076 1159 1105 atque
1169 1071 1247 1097 initio
1256 1070 1364 1104 quidem
1377 1069 1403 1095 in
1414 1065 1660 1097 curationcmorbi,
1672 1071 1752 1099 quem

963 1126 1045 1154 posse
1062 1117 1153 1145 curari
1173 1116 1217 1143 vix
1240 1115 1438 1145 existimasses,
1457 1112 1535 1147 quasi
1560 1110 1697 1146 quoddam
1719 1109 1753 1136 de

963 1163 1166 1192 resurrectione
1176 1161 1338 1197 prooemium
1353 1159 1417 1191 edit.
1432 1166 1493 1185 cum
1507 1166 1563 1184 rem
1575 1155 1683 1192 quidem
1697 1155 1753 1181 exi-

963 1210 1045 1237 miam
1053 1209 1178 1240 elliceret,
1186 1215 1246 1242 qua:
1253 1211 1343 1232 tamen
1353 1205 1415 1232 hum
1421 1202 1584 1237 anamlidem
1592 1204 1752 1228 mereretur.

963 1256 1031 1284 Nam
1046 1263 1108 1283 cum
1118 1252 1271 1282 vehementi
1287 1251 1362 1279 febre
1371 1250 1491 1277 Simonis
1506 1255 1602 1276 socrus
1617 1249 1754 1277 ureretur,

963 1307 1065 1329 tantam
1077 1301 1140 1327 mali
1151 1299 1329 1326 mutationem
1341 1303 1397 1323 uno
1408 1295 1543 1323 sermonis
1559 1293 1672 1328 imperio
1693 1291 1754 1318 eﬂ‘e-

964 1349 1012 1378 cit.
1027 1351 1056 1374 ut
1070 1345 1202 1373 continuo
1219 1344 1253 1371 ad
1272 1341 1487 1370 ministrandum
1506 1339 1616 1367 Christo
1631 1343 1657 1365 et
1674 1337 1756 1364 disci-

965 1393 1036 1428 pulis
1050 1396 1123 1420 esset
1135 1391 1159 1418 ei
1175 1390 1242 1418 satis
1257 1389 1366 1420 virium,
1382 1394 1443 1422 qua:
1457 1386 1536 1421 paulo
1549 1389 1612 1411 ante
1624 1383 1755 1410 moritura

966 1438 1111 1473 putabatur
1122 1436 1166 1462 ⁸⁸⁸.
1182 1434 1283 1462 Deinde
1296 1433 1422 1468 potestati
1437 1431 1519 1466 priori
1532 1429 1653 1457 nonnihil
1669 1428 1757 1459 addit,

966 1493 1027 1513 cum
1045 1484 1117 1519 regis
1137 1481 1280 1517 cujusdam
1304 1481 1388 1507 lilium
1406 1479 1433 1506 in
1458 1476 1672 1514 prmsentissimo
1698 1475 1759 1501 vita)

967 1530 1125 1558 discrimine
1136 1528 1341 1556 decumheutem
1353 1524 1513 1553 exsuscitat.
1525 1522 1642 1549 Narrant
1652 1521 1674 1536 "
1687 1520 1759 1547 enim

967 1576 1077 1603 Litterae
1093 1565 1179 1602 sacrm
1193 1572 1306 1608 jamjam
1317 1571 1402 1598 fuisse
1418 1569 1593 1600 moriturum,
1605 1574 1666 1594 cum
1684 1569 1760 1601 pater

967 1622 1142 1652 occlamaret,
1159 1623 1189 1646 ut
1211 1618 1370 1653 priusquam
1382 1616 1455 1643 Illius
1467 1614 1519 1650 ipsi
1531 1613 1758 1648 exstingueretur,

969 1666 1100 1694 Dominus
1117 1664 1305 1696 descenderet,
1317 1670 1379 1690 nam
1392 1661 1538 1689 momentis
1550 1659 1664 1694 singulis
1678 1658 1760 1684 vitam

967 1720 1029 1739 cum
1054 1715 1141 1738 morte
1158 1712 1376 1737 commutaturus
1399 1714 1461 1734 esse
1486 1705 1658 1733 credebatur.
1684 1701 1762 1735 Quod

970 1758 1025 1792 jam
1035 1755 1195 1783 miraculum
1205 1762 1266 1781 esse
1277 1753 1377 1780 factum
1388 1754 1522 1787 potestate
1531 1749 1647 1784 quadam
1660 1747 1763 1781 majore

972 1801 1122 1837 putandum
1137 1803 1343 1834 est,propterea
1361 1796 1432 1831 quod
1451 1795 1484 1822 ad
1502 1795 1590 1822 locum
1606 1794 1633 1819 in
1647 1800 1701 1826 quo
1716 1792 1763 1818 dc-

974 1846 1128 1878 cumhehat,
1143 1853 1197 1872 non
1214 1843 1349 1870 accessit:
1367 1841 1413 1869 sed
1428 1840 1506 1875 quasi
1525 1847 1540 1865 a
1555 1838 1705 1872 longinquo
1721 1836 1763 1862 vi-

974 1897 1030 1920 tam
1041 1891 1066 1919 ei
1080 1891 1165 1919 solius
1181 1889 1287 1924 imperii
1303 1888 1328 1914 vi
1342 1887 1426 1915 misit.
1440 1886 1506 1913 Post
1518 1886 1574 1912 hrcc
1585 1883 1619 1910 ad
1633 1882 1764 1910 miracula

973 1938 1096 1974 quaedam
1116 1936 1201 1963 ardua
1221 1935 1308 1970 magis
1325 1933 1440 1961 accedit.
1460 1932 1528 1959 Nam
1547 1939 1608 1959 eum
1627 1929 1660 1956 ad
1681 1929 1763 1956 tiliam

972 1985 1023 2012 viri
1039 1983 1148 2019 publico
1165 1982 1193 2009 in
1211 1981 1327 2008 concilio
1348 1979 1479 2015 principis
1494 1981 1625 2013 pergeret,
1641 1972 1762 2003 nonnihil

973 2029 1064 2057 itineri
1079 2035 1161 2055 morze
1172 2027 1265 2054 volcns
1279 2025 1384 2060 injecit,
1396 2025 1459 2052 dum
1471 2027 1594 2051 curatum
1610 2022 1644 2049 ab
1656 2029 1685 2048 se
1701 2027 1761 2055 pro-

974 2075 1086 2102 ﬂuvium
1104 2072 1246 2108 sanguinis
1262 2072 1351 2106 palam
1370 2070 1481 2102 faceret,
1504 2076 1536 2095 ac
1556 2067 1635 2095 morti
1659 2071 1766 2100 tempus

979 2120 1141 2148 concederet
1164 2127 1218 2154 quo
1235 2118 1353 2153 puellam
1370 2123 1469 2151 aegram
1492 2117 1649 2148 occuparet.
1674 2111 1768 2145 Itaque

980 2173 1042 2193 cum
1061 2165 1094 2192 ad
1111 2172 1170 2192 eam
1188 2163 1321 2194 vertisset,
1341 2170 1355 2188 a
1378 2161 1458 2196 cujus
1480 2166 1596 2194 corpore
1612 2165 1666 2184 non
1683 2156 1768 2183 multo

137 2221 200 2244 ante
223 2217 374 2251 diremptus
398 2217 457 2241 erat
480 2213 599 2244 animus,
617 2219 649 2238 ac
670 2210 777 2246 lugubri
802 2210 922 2237 clamore
944 2211 1067 2238 homines
1089 2210 1328 2241 tumultuarentur,
1353 2206 1532 2240 lamentisque
1551 2204 1670 2230 dolorem
1685 2204 1769 2227 testa-

137 2268 252 2292 rentur:
269 2263 327 2290 solo
342 2261 478 2289 sermonis
495 2260 609 2294 imperio
626 2259 743 2293 puellam
765 2258 843 2293 quasi
867 2258 1014 2286 excitatam
1036 2259 1070 2286 de
1087 2265 1184 2285 somno
1206 2257 1267 2284 vitae
1280 2254 1409 2287 restituit,
1431 2255 1536 2280 ratione
1555 2250 1670 2287 quadam
1685 2253 1712 2276 et
1726 2248 1768 2276 via

137 2310 348 2338 imbecillitatem
371 2308 510 2336 hominum
528 2307 562 2334 ad
583 2306 687 2340 majora
707 2306 845 2333 deducens
860 2305 893 2331 ³⁸.

173 2356 229 2385 Εἶτ’
245 2357 291 2383 ἐπὶ
312 2356 416 2387 τούτοις
435 2353 593 2389 ὑπερϐαίνει
610 2351 649 2387 τῷ
672 2351 809 2386 θαύματι,
829 2352 876 2378 καὶ
895 2352 915 2378 δι

1016 2349 1123 2376 Rursus
1137 2347 1189 2375 hoc
1205 2347 1285 2375 etiam
1301 2346 1356 2373 alio
1373 2343 1489 2380 quodam
1506 2342 1637 2370 miraculo
1648 2348 1768 2377 superat,

138 2403 305 2439 ὑψηλοτέρας
313 2402 453 2437 δυνάμεως
461 2400 576 2427 ὁδοποιεῖ
583 2400 639 2430 τοῖς
647 2397 799 2433 ἀνθρώποις
806 2397 855 2432 τὴν
865 2406 898 2423 πε
902 2397 929 2432 ρ).

137 2450 188 2484 τῆς
196 2449 368 2479 ἀναστάσεως
382 2447 481 2473 πίστιν.
494 2445 562 2472 Νάῖν
573 2444 633 2471 τινὰ
644 2444 719 2470 πόλιν
730 2443 800 2470 κατὰ
809 2444 858 2479 τὴν
865 2443 930 2470 Ἰου-

139 2495 217 2522 δαίαν
233 2495 333 2529 ἱστορεῖ
349 2495 365 2528 ἡ
378 2492 483 2528 Γραφή.
509 2491 575 2522 Παῖς
590 2488 624 2526 ἦν
638 2490 665 2516 ὲν
683 2489 769 2524 ταύτῃ
785 2488 930 2525 μονογενὴς

140 2541 212 2576 χήρᾳ
229 2541 291 2572 τινὶ,
307 2539 399 2566 οὐκέτι
414 2537 533 2569 τοιοῦτος
555 2537 633 2567 παῖς,
651 2533 705 2567 οἷος
728 2536 756 2561 ὲν
780 2534 930 2571 μειρακίοις

141 2585 219 2616 εἶναι,
237 2586 293 2612 ἀλλ’
308 2585 358 2621 ήδη
373 2585 405 2610 ὲκ
419 2583 520 2610 παίδων
535 2582 575 2614 είς
588 2581 686 2617 ἄνδρας
702 2580 796 2606 τελῶν.
813 2579 930 2607 Νεανίαν

141 2631 222 2658 αὑτὸν
238 2631 364 2666 ὀνομάζει
379 2631 393 2655 ό
404 2629 491 2663 λόγος·
508 2627 591 2654 πολλὰ
606 2627 638 2654 δι’
653 2627 749 2660 ὀλίγων
767 2625 898 2661 διηγεῖται
914 2625 930 2659 ἡ

143 2676 266 2712 ἱστορίαο
288 2675 386 2710 θρῆνος
409 2673 539 2710 ἄντικρύς
557 2674 614 2700 ἐστι
638 2673 668 2699 τὺ
685 2673 816 2708 διήγημα.
839 2672 930 2707 Χήρα,

143 2723 235 2758 φησιν,
245 2719 279 2757 ἦν
287 2720 333 2748 τοῦ
344 2720 502 2755 τεθνηκότος
513 2720 530 2754 ἡ
545 2720 644 2754 μήτηρ.
653 2719 734 2753 Ὁρᾷς
747 2718 778 2744 τὸ
792 2717 874 2752 βάρος
883 2717 932 2753 τῆς

144 2768 296 2803 συμφορᾶς,
310 2766 367 2798 πῶς
382 2766 411 2792 ὲν
432 2765 514 2800 ὀλίγῳ
531 2765 560 2791 τὺ
574 2765 658 2796 πάθος
673 2765 686 2791 ὁ
700 2765 777 2798 λόγος
799 2764 929 2799 ἐξετραγ-

178 2856 211 2873 ⁸⁸⁶
235 2854 299 2882 Luc.
314 2863 351 2888 iv,
364 2854 399 2882 38
410 2862 469 2889 sqq.
510 2853 532 2870 ⁸⁷
548 2853 626 2881 Joan.
643 2860 677 2885 tr,
691 2852 724 2880 ‘l6
739 2859 800 2887 sqq.

839 2850 860 2866 ⁸⁸
879 2850 962 2878 Marc.
983 2859 1009 2883 v,
1024 2849 1059 2877 2?.
1075 2857 1134 2885 sqq.

982 2399 1009 2422 et
1018 2398 1152 2429 potestate
1160 2392 1307 2420 excelsiore
1315 2391 1385 2418 viam
1397 2388 1553 2417 hominibus
1568 2387 1659 2415 struit.
1672 2393 1700 2414 ut
1715 2386 1771 2415 fore

982 2448 1016 2468 ex
1032 2440 1146 2467 mortuis
1162 2437 1390 2466 resurrectionem
1408 2435 1559 2463 crederent.
1573 2433 1713 2460 Proditum
1729 2437 1771 2460 est

982 2487 1054 2515 enim
1066 2486 1152 2514 sacris
1163 2485 1313 2518 Litteris",
1336 2482 1413 2510 Naim
1424 2482 1551 2516 oppidum
1569 2479 1669 2507 Iudaea:
1683 2478 1770 2514 quod-

982 2531 1044 2558 dam
1060 2531 1154 2559 fuisse.
1175 2529 1203 2557 In
1216 2537 1248 2557 eo
1264 2529 1352 2556 vidua:
1367 2526 1475 2554 mulieri
1495 2526 1566 2552 (ilius
1582 2530 1641 2552 erat
1657 2524 1770 2555 unicus,

984 2586 1037 2605 non
1047 2578 1102 2613 jam
1118 2577 1235 2611 amplius
1250 2578 1329 2602 attate
1342 2582 1419 2609 puer,
1435 2572 1481 2600 sed
1499 2572 1545 2607 qui
1558 2580 1590 2599 cx
1603 2571 1713 2606 ephebis
1725 2578 1772 2596 ex-

984 2623 1122 2654 cessisset,
1133 2626 1160 2650 et
1171 2622 1290 2648 virorqu
1306 2620 1332 2647 in
1342 2627 1463 2647 ‘numero
1473 2622 1640 2646 censeretur.
1652 2615 1771 2643 Historia

984 2668 1091 2705 quidem
1113 2675 1190 2695 sacra
1214 2667 1339 2701 juvenem
1364 2665 1499 2700 appellat:
1523 2667 1605 2698 atque
1626 2661 1719 2697 paucis
1740 2668 1772 2687 ea

985 2715 1107 2751 profecto
1127 2714 1215 2741 verbis
1232 2713 1314 2739 multa
1337 2710 1547 2746 complectitur:
1573 2709 1630 2743 ipsa
1652 2705 1774 2733 narratio

985 2750 1088 2800 tantum
1106 2768 1159 2788 non
1176 2758 1332 2786 lamentatio
1348 2760 1399 2785 est.
1418 2755 1492 2787 Erat,
1510 2753 1597 2789 inquit
1624 2756 1708 2780 mater
1724 2750 1775 2778 ho-
1813 2788 1814 2794 γ

1174 2848 1194 2864 υ
1214 2847 1279 2874 Luc.
1297 2854 1345 2880 vn,
1365 2846 1391 2872 ll
1409 2852 1469 2879 sqq.
