1977 3071
214 109 267 136 919

843 102 872 128 S.
887 101 1050 128 GltEGUlill
1069 100 1212 126 NYSSL‘NI

1797 98 1865 124 220'

215 164 296 191 minis
314 163 366 190 vita
395 161 490 193 functi,
508 159 604 186 mulier
626 158 716 185 vidua.
739 156 820 184 Vides
843 164 924 191 quatit
947 164 1007 191 επις

1067 156 1163 190 ρδησες
1182 155 1214 181 Τί
1232 155 1284 190 γάρ
1304 156 1360 181 ἐστι
1378 154 1407 180 τὸ
1427 154 1587 189 λεγόμενον;
1610 154 1650 180 ὅτι
1672 153 1721 179 οὐκ
1733 150 1766 188 ἦν
1779 155 1856 189 αὐτῇ

213 212 256 237 vis
278 209 321 236 illa
340 215 462 235 (erumna
486 205 587 233 luerit?
604 212 685 240 quam
710 203 811 239 tragice
829 211 884 229 rem
906 202 1007 230 tristis-

214 256 311 282 simam
336 253 417 280 verba
441 258 556 279 numero
579 258 633 277 non
658 250 743 276 multa
768 247 923 276 declarent?
945 255 1007 274 nam

213 300 277 335 quid
297 299 350 326 dici
367 297 438 325 aliud
460 297 611 327 existimas,
626 303 706 330 quam
721 294 821 321 nullam
839 293 862 321 ei
880 301 956 329 spem
977 293 1008 319 li-

213 347 341 373 berorum
365 343 596 379 procreandorum
618 341 752 375 reliquam
777 339 878 371 fuisse,
893 347 946 374 qua
961 346 1006 366 so—

178 383 183 389 ’
213 391 261 417 lari
289 390 395 417 tristem
421 389 492 415 hunc
515 395 608 415 casum
631 386 786 422 potuisset?
805 390 863 413 erat
880 386 1009 413 nimirum

213 437 313 469 vidua;
331 443 384 462 non
398 439 456 461 erat
473 434 505 461 ad
530 441 610 468 quem
636 426 784 467 respiceret
805 436 903 466 praeter
920 431 1007 462 illum,

214 481 259 515 qui
276 481 331 515 jam
347 481 417 507 diem
442 480 469 506 in
487 479 565 506 terris
581 485 738 512 supremum
755 476 929 506 obiveratzis
944 483 1008 502 vero

214 525 295 551 etiam
313 527 371 550 erat
386 524 502 558 unigena
521 526 671 557 ;quantum
691 521 718 548 in
740 528 773 548 eo
795 521 857 547 mali
876 520 927 551 sit,
950 520 1010 554 qui-

215 571 281 597 libet
306 569 441 603 intelligit,
458 569 504 603 qui
529 576 583 595 non
605 568 632 594 in
658 571 755 594 natura
782 571 910 601 tauquam
934 566 1011 601 igno-

215 622 259 643 tus
274 616 373 650 hospes
391 615 587 650 peregrinatur.
599 614 692 640 Solum
708 614 779 640 hunc
794 613 820 639 in
837 613 924 639 lucem
949 619 1010 639 eum

215 663 324 694 ederet,
348 666 441 696 partus
458 661 567 688 dolores
586 664 645 687 erat
664 664 790 694 experta,
810 658 860 686 soli
880 665 1012 684 mammas

218 707 372 742 praebuerat
391 716 397 732 ι
419 706 493 733 solus
512 711 625 732 matrem
652 705 678 732 in
699 712 793 732 mensa
816 703 985 731 exhilarabat
1003 713 1010 730 :

216 754 292 781 solus
308 752 396 780 omnis
413 756 471 779 erat
489 752 516 778 in
533 752 637 778 a:dihus
654 751 754 778 laetitiae
769 750 847 785 quasi
863 750 1008 781 materies,

216 799 274 826 sive
289 798 402 828 luderet,
417 798 473 824 sive
491 801 621 823 tractaret
636 797 719 827 seria,
738 797 796 823 sive
811 804 911 830 corpus
926 803 1007 821 exer-

218 848 302 876 ceret,
321 843 378 870 sive
396 842 526 869 ltilaritati
546 842 654 868 deditus
673 846 758 873 esset,
777 841 833 867 sive
851 839 971 874 prcdiret
985 840 1012 865 in

217 889 373 924 publicum,
398 889 454 915 sive
481 895 542 914 cum
569 887 661 922 aliquo
687 887 760 913 lucta
788 886 1011 921 congrederetur,

217 927 274 962 sive
286 935 312 961 in
323 935 450 969 juvenum
470 938 540 960 metu
554 937 627 960 esset
642 944 647 960 ;
660 932 729 959 nihil
743 939 802 959 esse
814 936 911 966 pra-ter
924 931 1012 965 ipsum

217 978 304 1005 solum
321 977 416 1004 matris
427 976 678 1011 oculisjueundum
691 976 733 1003 vel
747 976 877 1002 eximium
893 980 1009 1010 poterat.

215 1024 275 1051 Iam
293 1025 371 1051 uxori
392 1024 524 1050 ducendte
545 1028 612 1050 tetas
630 1025 690 1049 erat
715 1022 828 1051 idonea,
854 1029 915 1048 cum
940 1025 1013 1048 esset

217 1069 361 1104 cmteroqui
383 1069 466 1096 totius
483 1069 591 1095 [annilius
609 1068 704 1102 stirps,
724 1075 818 1094 ramus
835 1068 881 1102 qui
899 1068 1014 1102 posteri-

217 1119 300 1142 tatem
323 1119 494 1149 propagaret,
521 1119 637 1142 senecta:
662 1113 790 1141 fulcrum.
815 1113 901 1140 Etiam
925 1115 1013 1141 artatis

217 1161 347 1188 iudicatio
365 1162 467 1188 luctum
484 1165 574 1196 auget.
591 1160 657 1187 Nam
673 1161 732 1195 ipse
748 1160 798 1188 llos
815 1160 908 1187 furtum
923 1168 1012 1187 emar-

217 1207 308 1234 cuisse
331 1206 510 1241 signiﬁcatur.
529 1215 590 1234 eum
608 1206 734 1240 juvenem
752 1206 918 1233 exstinctum
944 1206 1013 1233 dici-

217 1262 289 1285 Inus,
304 1253 349 1280 cui
366 1252 398 1278 ad
410 1252 512 1287 justam
529 1252 684 1279 crassiticm
701 1251 785 1278 barba
800 1251 916 1278 necdum
933 1255 1013 1278 aucta

219 1300 316 1330 fuerit,
338 1300 384 1326 sed
405 1298 491 1332 pritna
511 1303 615 1324 tantum
634 1298 733 1332 lanugo
748 1298 826 1332 quasi
842 1297 1013 1325 etl‘lorescere

219 1345 343 1380 cmperit,
362 1353 491 1380 genarum
511 1343 713 1378 pulchritudine
728 1343 877 1369 etiamnum
896 1343 1011 1370 nitorem

220 1399 299 1419 suum
314 1395 481 1418 ostentante.
498 1390 567 1423 Quid
584 1395 640 1416 tum
654 1389 735 1416 animi
752 1389 837 1416 fuisse
852 1389 890 1416 illi
907 1391 1013 1416 misera:

218 1442 310 1471 putas,
327 1445 388 1471 qua:
405 1436 489 1463 lilium
509 1436 588 1462 talem
607 1435 764 1462 amitteret?
786 1435 915 1462 nimirum
940 1435 1013 1461 velut

219 1482 253 1509 ab
264 1482 326 1516 igne
341 1481 459 1516 quodam
473 1481 578 1508 viscera
591 1480 676 1514 ipsius
690 1480 803 1515 depasta
821 1479 905 1507 fuisse
921 1487 1013 1508 neces-
1027 1492 1049 1522 ο

219 1534 249 1554 se
273 1530 325 1553 est.
347 1527 441 1560 Itaque
465 1526 562 1552 acerbe
582 1525 755 1552 lamentando
776 1533 804 1553 se
824 1525 928 1557 alllixit.
950 1534 1012 1553 cum

220 1572 319 1599 mortui
341 1571 457 1599 cadaver
477 1571 690 1606 amplexaretur,
711 1575 737 1598 et
757 1579 837 1606 quam
858 1572 1014 1599 diutissime

220 1617 247 1643 in
263 1617 336 1644 luctu
352 1616 532 1651 perduraret:
553 1615 664 1642 minime
681 1616 726 1641 illa
741 1615 849 1649 quidem
865 1623 1014 1650 properans

220 1663 340 1690 extincto
358 1662 432 1697 justa
453 1662 556 1694 facere,
577 1661 625 1689 sed
646 1661 739 1688 satiari
767 1661 862 1688 dolore
887 1662 1013 1696 cupiens.

221 1707 324 1734 Deinde
337 1707 502 1741 subjicitur:
543 1707 652 1738 Jesum,
671 1714 732 1734 eum
751 1706 824 1733 illam
843 1711 915 1734 esset
933 1707 1016 1734 intui-

220 1757 276 1784 tus,
291 1753 387 1780 intimo
398 1753 534 1780 viscerum
550 1758 625 1779 motu
642 1760 706 1787 erga
727 1752 813 1787 ipsam
828 1757 857 1779 ut
871 1753 1016 1781 commise-

221 1802 326 1829 ratione
339 1805 508 1836 tangerrtur,
521 1801 670 1828 adductum
684 1800 778 1828 fuisse.
792 1799 881 1833 Quare
895 1808 957 1828 eum
969 1809 1016 1829 ac-

1059 201 1230 233 παιδοποιίας
1245 201 1333 232 ἐλπὶς,
1353 201 1401 235 τὴν
1419 201 1464 226 ἐπὶ
1477 200 1514 235 τῷ
1535 199 1686 226 ἐκλείποντι
1706 201 1858 235 συμφορὰ-1

1060 246 1247 281 θεραπεύουσα
1261 254 1266 260 ·
1283 247 1355 282 χήρα
1371 246 1426 281 γὰρ
1442 247 1458 282 ἡ
1477 247 1554 282 γυνή.
1572 247 1629 273 Οὔκ
1643 244 1700 282 εἶχε
1715 247 1781 282 πρὸς
1795 248 1857 274 ἕτε-

1061 301 1105 327 ρον
1121 293 1180 318 ἀντὶ
1196 292 1242 318 τοῦ
1265 292 1460 328 κατοιχομένου
1483 292 1592 327 βλέπειν
1605 301 1611 307 ·
1630 293 1777 328 μονογενὴς
1798 293 1859 329 γὰρ

1059 339 1073 364 ὁ
1094 338 1182 369 τόκος.
1201 339 1281 364 Ὅσον
1294 338 1320 364 δὲ
1335 338 1365 364 τὸ
1383 338 1429 364 ἐπὶ
1445 338 1531 373 τούτῳ
1552 338 1646 371 κακὸν,
1661 339 1742 365 παντὶ
1761 339 1859 374 ῥᾴδιον

1062 385 1176 410 συνιδεῖν
1192 383 1230 419 τῷ
1251 384 1287 419 μὴ
1307 384 1506 419 ἀπεξενωμένῳ
1521 384 1568 419 τῆς
1587 385 1703 418 φύσεως.
1720 386 1810 412 Μόνον
1827 386 1862 410 ἐν

1060 430 1154 456 ὠδῖσιν
1165 431 1267 457 ἐκεῖνον
1281 429 1424 465 ἐγνώρισε,
1443 430 1522 465 μόνον
1539 432 1600 462 ταῖς
1615 430 1709 465 ϐηλαῖς
1727 431 1862 465 ἐτιθηνή-

1062 484 1139 502 σατο·
1165 476 1244 510 μόνος
1269 475 1337 511 αὐτῇ
1368 475 1483 511 φαιδρὰν
1509 476 1595 502 ἐποίει
1619 476 1669 511 τὴν
1692 476 1835 511 τράπεζαν
1850 485 1858 491 ·

1063 521 1141 556 μόνος
1156 519 1190 557 ἦν
1203 521 1252 555 τῆς
1263 521 1332 548 κατὰ.
1345 521 1389 548 τὸν
1401 520 1474 548 οἶκον
1486 521 1663 557 φαιδρότητος
1678 522 1694 556 ή
1709 522 1854 553 ὑπόθεσις·

1063 566 1178 598 παίζων,
1196 567 1368 599 σπουδάζων.
1386 567 1564 602 ἀσκούμενος,
1584 567 1805 602 φαιδρυνάμενος,
1824 569 1858 594 ἐν

1063 611 1203 646 προόδοις,
1228 613 1257 638 ἐν
1280 612 1477 648 παλαίστραις,
1497 613 1526 638 ὲν
1549 613 1688 647 συλλόγοις
1711 614 1855 647 νεότητος·

1064 659 1116 685 πᾶν
1136 659 1149 684 ὃ
1175 666 1201 684 τι
1224 658 1325 694 μητρὸς
1350 658 1498 694 ὀφθαλμοῖν
1521 658 1607 692 γλυκύ
1629 668 1658 685 τε
1684 659 1729 685 καὶ
1750 659 1856 694 τίμιον,

1065 705 1145 739 μόνος
1164 705 1267 736 ἐκεῖνος
1283 702 1326 740 ἦν.
1350 700 1420 739 Ἤδη
1435 704 1482 731 τοῦ
1501 704 1589 740 γάμου
1606 704 1654 740 τὴν
1674 704 1749 740 ὤραν
1765 705 1856 738 ἄγων,

1063 751 1077 776 ὁ
1090 750 1136 776 τοῦ
1153 750 1248 784 γένους
1266 750 1364 785 ὅρπηξ,
1379 751 1392 776 ὁ
1404 750 1453 784 τῆς
1465 750 1589 785 διαδοχῆς
1603 750 1707 782 κλάδος,
1719 751 1735 785 ἡ
1750 750 1858 785 βακτη-

1066 796 1110 831 ρία
1124 795 1170 822 τοῦ
1183 797 1295 831 γήρους.
1318 795 1397 822 Ἀλλὰ
1414 795 1461 821 καὶ
1477 797 1493 830 ἡ
1510 796 1559 830 τῆς
1575 795 1680 830 ἡλικίας
1698 795 1856 831 προσθήκη,

1065 842 1143 873 ἄλλος
1164 842 1261 877 θρῆνος
1281 839 1323 877 ἦν.
1353 841 1381 868 Ὀ
1403 841 1457 876 γὰρ
1478 841 1585 868 νεανίαν
1605 841 1705 874 εἰπὼν,
1724 841 1753 867 τὸ
1773 842 1861 873 ἄνθος

1065 885 1124 914 εἶπε
1146 887 1195 921 τῆς
1209 887 1394 922 μαρανθείσης
1412 887 1495 922 ὥρας,
1516 887 1578 922 ἄρτι
1597 889 1652 918 τοῖς
1674 887 1769 918 ἰούλοις
1789 888 1858 914 ὑπο-

1064 932 1220 968 χλοάζοντα,
1242 931 1317 958 οὔπω
1336 932 1382 958 τοῦ
1406 932 1534 966 πώγωνος
1551 932 1594 959 διὰ
1611 933 1708 968 βάθους
1730 934 1856 968 ὑποπιμ-

1065 977 1212 1012 πλάμενοι),
1229 977 1269 1003 ἔτι
1283 977 1322 1013 τῷ
1334 978 1425 1004 κάλλει
1443 978 1496 1004 τῶν
1509 979 1627 1014 παρειῶν
1641 979 1852 1007 ὖποστίλϐοντα.

1065 1023 1096 1049 Τί
1115 1023 1205 1049 τοίνυν
1225 1023 1340 1058 πάσχειν
1357 1023 1429 1055 εἰκὸς
1445 1021 1478 1058 ἦν
1502 1024 1545 1050 ἐπ’
1563 1023 1636 1059 αὐτῴ
1651 1024 1699 1059 τὴν
1726 1025 1854 1060 μητέρα;

1063 1069 1144 1094 οἱονεὶ
1167 1068 1232 1103 πυρὶ
1258 1069 1313 1099 τοῖς
1336 1068 1500 1102 σπλάγχνοις
1525 1068 1792 1102 ὲγκαταφλέγεσθαι,
1816 1068 1862 1100 ὡς

1065 1114 1170 1150 πικρῶς
1190 1115 1232 1140 ἐπ’
1248 1115 1322 1150 αὐτῷ
1342 1114 1515 1151 παρατείνειν
1530 1115 1575 1140 τὸν
1594 1114 1701 1149 θρῆνον,
1722 1114 1856 1150 περιπλε-

1064 1160 1183 1195 κομένην
1207 1160 1381 1196 προκειμένῳ
1404 1160 1443 1196 τῷ
1465 1160 1606 1195 πτώματι,
1624 1161 1661 1191 ὡς
1683 1160 1720 1194 μὴ
1741 1160 1773 1187 ἂν
1795 1162 1858 1187 tm-

1064 1206 1181 1233 σπεῦσαι
1201 1205 1239 1241 τῷ
1263 1206 1352 1242 νεκρῷ
1373 1206 1423 1242 τὴν
1445 1206 1573 1241 κηδείαν,
1592 1205 1648 1232 ἀλλ’
1676 1206 1857 1241 ἐμφορεῖσθαι

1063 1252 1109 1278 τοῦ
1125 1252 1237 1284 πάθους,
1253 1252 1425 1279 ὲπιπλεῖστον
1442 1251 1516 1287 αὑτῷ
1532 1253 1594 1284 τοὺς
1608 1252 1743 1287 ὀδυρμοὺς
1765 1261 1857 1287 παρα.-

1063 1297 1212 1324 τείνουσαν·
1227 1297 1289 1324 οὐδὲ
1306 1297 1384 1324 τοῦτο
1402 1298 1524 1333 παρῆκεν
1543 1299 1557 1324 ὁ
1570 1297 1657 1331 λόγος’
1679 1307 1687 1323 ι
1716 1297 1786 1324 Ἰδὼν
1802 1298 1862 1331 γὰρ

1063 1343 1147 1379 αὐτὴν
1165 1344 1179 1369 ὁ
1200 1343 1312 1378 Ἰησοῦς,
1327 1353 1336 1369 ι
1354 1344 1445 1378 φησὶν,
1464 1354 1473 1369 ι
1490 1342 1700 1378 ἐσπλαγχνίσθη.
1719 1343 1765 1369 καὶ
1775 1351 1859 1378 προσ-

1063 1390 1147 1417 ελθὼν
1161 1390 1249 1424 ἥψατο
1263 1389 1312 1424 τῆς
1333 1389 1424 1425 σοροῦ,
1439 1390 1462 1415 ot
1477 1389 1504 1416 δὲ
1525 1389 1709 1424 βαστάσαντες
1729 1390 1855 1424 ἔστησαν.

1063 1436 1118 1462 Καὶ
1133 1435 1205 1470 λέγει
1224 1435 1263 1470 τῷ
1285 1435 1374 1470 νεκρῷ
1386 1443 1392 1450 ·
1407 1435 1510 1462 Naevia
1520 1456 1526 1466 ,
1543 1435 1583 1461 σοὶ
1606 1435 1686 1468 λέγω,
1710 1435 1837 1470 ἐγέρθητι
1849 1443 1857 1450 '

1065 1481 1111 1508 καὶ
1127 1481 1285 1516 παρέδωκεν
1298 1481 1378 1507 αὐτὸν
1391 1482 1423 1516 τῇ
1447 1482 1530 1516 μητρὶ
1544 1481 1625 1507 αὑτοῦ
1640 1481 1738 1513 ζῶντα.
1758 1490 1766 1506 ι
1786 1481 1857 1514 Ἤδη

1065 1526 1154 1552 τοίνυν
1171 1526 1220 1552 οὐκ
1239 1527 1267 1552 ἐν
1281 1525 1364 1561 ὀλίγῳ
1383 1525 1545 1561 διαστήματι
1566 1525 1613 1552 τοῦ
1630 1526 1726 1561 νεκροῦ
1745 1534 1858 1560 γεγενη-

1071 1571 1164 1606 μένου,
1191 1571 1237 1597 καὶ
1256 1571 1317 1598 ὅσον
1341 1571 1447 1597 οὐδέπω
1473 1570 1681 1601 ἐναποτεθέντος
1704 1571 1742 1606 τῷ
1768 1571 1856 1605 τάιρῳ,

1067 1617 1171 1651 γίνεται
1194 1618 1258 1651 παρ’
1275 1616 1357 1643 αὐτοῦ
1381 1616 1485 1652 Κυρίου
1512 1617 1542 1643 τὸ
1566 1617 1613 1652 μὲν
1637 1616 1730 1652 θαῦμα
1754 1617 1857 1652 μεῖζον,

1067 1663 1097 1689 τὸ
1117 1663 1145 1690 δὲ
1169 1663 1332 1698 πρόσταγμα
1355 1661 1423 1690 ἴσον.
1443 1663 1502 1690 Ἔτι
1523 1663 1590 1698 πρὸς
1609 1663 1638 1689 τὸ
1661 1663 1824 1698 ὑψηλότερον
1840 1664 1856 1697 ἡ

1069 1709 1269 1745 θαυματοποιία
1293 1709 1472 1745 προέρχεται,
1495 1709 1533 1741 ὼς
1560 1709 1593 1736 ἂν
1621 1709 1721 1744 μᾶλλον
1740 1717 1857 1745 προσεγ-

1069 1755 1155 1789 γίσειε
1186 1755 1220 1781 τὰ
1248 1755 1398 1789 φαινόμενα
1428 1755 1468 1790 τῷ
1496 1752 1698 1792 ἀπιστουμένω¹
1720 1755 1783 1790 περὶ
1809 1755 1858 1791 τὴν

1069 1801 1219 1829 ἀνάστασιν
1239 1800 1370 1836 θαύματι.

219 1850 360 1881 cessisset,
383 1848 551 1884 sandapilam
580 1849 689 1882 attigit:
706 1852 732 1876 et
762 1849 892 1875 continuo
912 1849 958 1883 qui
989 1857 1049 1876 eam
1073 1849 1229 1885 portabant,
1250 1849 1441 1877 substiterunt.
1470 1849 1508 1877 lbi
1529 1852 1585 1876 tum
1605 1852 1727 1880 mortuo,
1746 1848 1858 1876 Iuvenis

220 1895 279 1930 (ait)
298 1894 344 1921 tibi
366 1893 438 1926 dico,
458 1894 658 1929 expergiscere.
680 1895 769 1930 Atque
788 1895 840 1922 hoc
859 1901 939 1931 pacto
958 1895 1019 1922 vita:
1041 1896 1197 1923 restitutum
1219 1895 1299 1922 matri
1321 1895 1414 1922 donat.
1436 1895 1507 1930 Ergo
1526 1894 1590 1922 huic
1606 1902 1661 1921 non
1683 1895 1780 1929 exiguo
1800 1894 1855 1928 jam

221 1941 257 1968 al.
275 1940 418 1967 intervallo
436 1946 545 1967 mortuo
564 1941 647 1968 vitam
667 1941 798 1973 restituit,
822 1949 883 1968 cum
904 1946 1009 1968 tantum
1031 1950 1084 1969 non
1096 1942 1220 1977 sepultus
1243 1945 1327 1969 esset.
1355 1941 1500 1976 Quodjam
1514 1941 1675 1968 miraculum
1695 1941 1784 1976 priore
1802 1947 1856 1966 nta-

220 1985 266 2020 jus
280 1988 332 2014 est,
349 1992 505 2019 quanquam
521 1985 616 2012 eodem
637 1986 775 2013 sermonis
792 1985 906 2020 imperio
934 1987 970 2014 sit
995 1985 1135 2015 effectum.
1155 1987 1299 2015 Enimvero
1325 1986 1457 2014 Dominus
1485 1986 1519 2013 ad
1544 1986 1679 2014 exceisius
1696 1985 1776 2013 etiam
1794 1991 1856 2019 pro-

218 2031 323 2066 digium
342 2031 523 2065 progreditur,
553 2035 581 2057 ut
602 2032 692 2066 potius
721 2041 768 2066 per
788 2033 948 2061 manifestas
967 2033 1125 2063 atl‘eetioncs
1150 2034 1183 2062 ad
1212 2033 1432 2062 resuscitationis
1460 2033 1622 2060 miraculum
1650 2033 1855 2063 accederemus,

224 2076 297 2111 quod
314 2077 462 2110 catteruqui
479 2076 589 2103 ditlicile
603 2076 708 2104 creditu
723 2082 774 2104 est.

257 2124 363 2152 Alllieta
376 2125 487 2160 quidam
496 2124 650 2152 valetudine
663 2124 777 2152 Domino
790 2124 932 2155 familiaris
944 2131 970 2154 et
983 2135 1011 2153 a-
1029 2130 1050 2156 Ι)

223 2171 312 2198 micas
323 2175 389 2203 erat,
398 2170 441 2198 cui
455 2178 554 2198 nomen
564 2170 694 2198 Lazarus.
705 2170 783 2198 lluuc
793 2179 949 2207 quanquam
963 2173 1015 2200 sibi

223 2224 329 2250 earum,
340 2217 457 2244 invisere
470 2221 558 2244 tamen
573 2216 702 2244 Dominus
715 2217 833 2250 nolebat,
847 2226 908 2245 cum
922 2220 1014 2254 procul

224 2263 258 2290 ab
275 2262 335 2297 ipso
349 2263 476 2290 abesset:
496 2268 525 2290 ut
540 2263 608 2290 satis
623 2268 649 2290 et
666 2263 720 2290 loci
738 2269 764 2291 et
780 2264 918 2292 facultatis
936 2266 1016 2293 morti

224 2313 298 2338 essot
314 2309 340 2336 in
357 2309 480 2336 absentia
492 2309 607 2341 vitre,ad
621 2308 791 2337 efﬁciendum
806 2310 831 2338 id
849 2312 938 2339 morbi
951 2320 1014 2346 ope,

224 2355 299 2390 quod
312 2355 362 2389 ipsi
373 2359 415 2382 est
427 2355 577 2389 proprium.
589 2354 693 2382 Lazaro
706 2355 814 2390 quidem
826 2357 890 2391 quid
902 2357 1018 2385 accidis~

226 2404 267 2427 set
281 2407 342 2426 cum
358 2404 451 2426 essent
464 2399 490 2425 in
506 2398 627 2431 Galilma,
645 2398 788 2435 discipulis
802 2401 920 2429 indicat:
935 2407 1017 2437 atque

224 2446 305 2472 etiam
318 2445 513 2479 profectionem
523 2445 556 2472 ad
566 2445 640 2472 illum
655 2453 742 2478 suam,
761 2447 935 2481 utjacentem
947 2448 1018 2476 exei-

227 2495 307 2517 taret.
319 2489 515 2517 Sedillirerum
531 2498 643 2518 suarum
657 2492 754 2526 trepidi
772 2497 882 2527 propter
894 2493 1017 2520 immani-

227 2540 310 2563 tatem
331 2536 502 2568 Judmorum,
529 2544 611 2572 grave
630 2545 662 2564 ac
683 2537 866 2573 p'ericulosum
887 2539 938 2566 sibi
959 2539 1017 2566 fore

226 2582 395 2615 statuebant,
417 2583 440 2610 si
456 2582 502 2609 tali
517 2588 637 2618 tempore
659 2583 686 2610 in
700 2583 820 2611 Iudaeam
834 2585 967 2616 redirent,
984 2592 1016 2611 ae

227 2632 314 2657 semet
320 2628 464 2656 homicidis
475 2629 634 2656 mactandos
643 2629 901 2664 prmberentJtaque
910 2638 1015 2657 moram

227 2682 261 2702 ex
272 2683 346 2702 rnora
359 2679 509 2707 nectentes,
527 2682 588 2702 sero
605 2675 712 2702 tandem
726 2683 742 2702 e
754 2674 863 2702 Galilaea
877 2679 1016 2702 revertun-

228 2720 352 2748 tur.Nam
363 2720 468 2748 Domini
479 2725 610 2756 potestas,
620 2721 740 2755 ipsorum
750 2726 809 2748 erat
818 2721 955 2748 voluntate
971 2729 1018 2749 su-

229 2766 431 2802 perior.ltaque
445 2767 614 2794 ducebantur
623 2767 725 2802 abipso
744 2767 880 2802 discipuli,
903 2773 931 2795 ut
947 2768 1018 2803 apud

230 2813 386 2842 Bethaniam
402 2814 478 2842 initia
492 2813 613 2849 mysterii
629 2814 661 2841 de
674 2814 885 2848 resurrectione,
897 2822 950 2850 qua
967 2815 1017 2842 ho—

1107 2127 1228 2154 Ἠσθένει
1248 2135 1289 2158 τις
1302 2125 1356 2153 τῶν
1376 2124 1499 2160 συνήθων
1519 2125 1558 2160 τῷ
1581 2125 1675 2160 Κυρίῳ
1691 2125 1737 2151 καὶ
1763 2124 1854 2159 φίλων·

1067 2173 1191 2208 Λάζαρος
1200 2172 1285 2207 ὄνομα
1295 2171 1334 2206 τῷ
1343 2170 1510 2198 ἀσθενοῦντι.
1522 2170 1576 2197 Καὶ
1591 2171 1762 2206 παραιτεῖται
1776 2171 1790 2196 ὁ
1805 2170 1856 2196 Κύ-

1069 2225 1126 2252 ριος
1139 2217 1188 2251 τὴν
1209 2216 1255 2242 τοῦ
1269 2215 1345 2250 φίλου
1369 2215 1522 2249 ἐπίσκεψιν,
1536 2215 1630 2251 πόρρω
1651 2215 1697 2241 τοῦ
1718 2215 1856 2247 νοσοῦντος

1068 2263 1224 2297 γενόμενος,
1238 2263 1276 2293 ὡς
1290 2262 1321 2288 ἂν
1337 2261 1411 2297 εὖροι
1427 2261 1519 2296 χώραν
1535 2262 1581 2288 καὶ
1595 2261 1708 2296 δύναμιν
1719 2261 1748 2287 ἐν
1762 2263 1793 2296 τῇ
1809 2262 1856 2296 τῆς

1070 2309 1142 2343 ζωῆς
1154 2308 1273 2343 ἀπουσίᾳ
1282 2308 1312 2334 τὺ
1327 2308 1391 2334 ἴδιον
1404 2307 1568 2343 ἐργάζεσθαι
1578 2307 1621 2334 διὰ
1632 2307 1680 2342 τῆς
1692 2308 1769 2334 νόσου
1784 2309 1798 2333 ὁ
1812 2307 1856 2334 θά-

1070 2364 1160 2387 νατος.
1176 2354 1281 2390 Μηνύει
1293 2356 1347 2386 τοῖς
1360 2355 1493 2390 μαθηταῖς
1504 2356 1517 2381 ὁ
1531 2354 1631 2389 Κύριος
1643 2355 1713 2380 κατὰ
1723 2354 1771 2389 τὴν
1783 2354 1856 2380 Γαλι-

1070 2401 1148 2428 λαίαν
1161 2401 1191 2427 τὸ
1201 2401 1264 2436 περὶ
1275 2400 1320 2427 τὸν
1332 2401 1456 2436 Λάζαρον
1467 2400 1567 2433 πάθος·
1584 2400 1652 2427 ἀλλὰ
1665 2400 1712 2426 καὶ
1727 2400 1776 2435 τὴν
1791 2401 1855 2435 πρὸς

1070 2446 1151 2474 αὐτὶν
1163 2446 1260 2482 ὁρμὴν,
1270 2447 1311 2480 ἐφ’
1353 2454 1381 2471 ἰε
1392 2446 1568 2481 διαναστῆσαι
1580 2446 1624 2472 τὸν
1636 2446 1768 2481 κείμενον.
1781 2447 1856 2481 Περι-

1069 2494 1138 2524 δεετς
1155 2493 1183 2519 δὲ
1194 2490 1263 2528 ἦσαν
1275 2493 1371 2518 ἐκεῖνοι
1385 2492 1428 2519 διὰ
1440 2492 1488 2528 τὴν
1501 2492 1554 2518 τῶν
1576 2492 1709 2519 Ἰουδαίων
1720 2492 1854 2527 ὠμότητι,

1070 2539 1187 2574 χαλεπὸν
1201 2539 1246 2565 καὶ
1263 2538 1421 2569 κινδυνῶδες
1439 2537 1593 2573 ποιούμενοι
1608 2537 1638 2564 τὸ
1654 2538 1733 2565 πάλιν
1750 2539 1796 2564 ἐπὶ
1809 2538 1855 2573 τῆς

1076 2584 1204 2615 ἰουδαίας
1223 2585 1251 2610 ἐν
1267 2584 1342 2619 μέσῳ
1354 2584 1408 2611 τῶν
1430 2584 1570 2618 φονώντων
1592 2583 1728 2617 γενέσθαι.
1743 2584 1798 2611 Καὶ
1815 2584 1855 2610 διὰ

1070 2630 1148 2657 τοῦτο
1165 2630 1304 2664 μέλλοντες
1321 2630 1367 2657 καὶ
1383 2629 1600 2664 ἀναϐαλλόμενοι,
1617 2629 1705 2664 χρόνῳ
1721 2628 1854 2656 ποιοῦνται

1071 2675 1118 2710 τὴν
1127 2675 1180 2701 ἀπὸ
1191 2676 1239 2710 τῆς
1251 2674 1394 2706 Γαλιλαίας
1405 2674 1542 2702 ἐπάνοδον.
1552 2674 1716 2709 Κατεκράθη
1725 2674 1803 2709 γὰρὴ
1815 2674 1855 2707 ἐξ·

1071 2721 1158 2753 ουσία,
1173 2721 1218 2747 καὶ
1230 2721 1328 2756 ἤγοντο
1344 2721 1418 2755 παρὰ
1429 2720 1475 2747 τοῦ
1489 2720 1589 2755 Κυρίου
1601 2720 1624 2746 οἱ
1637 2719 1765 2755 μαθηταὶ,
1780 2719 1854 2746 οἱονεὶ

1071 2767 1105 2793 τὰ
1121 2766 1264 2802 προτέλεια
1283 2768 1331 2800 τῆς
1349 2765 1494 2800 καθολικῆς
1509 2766 1680 2796 ἀναστάσεως
1695 2766 1723 2791 ὲν
1740 2764 1853 2799 Βηθανίᾳ

1075 2813 1282 2851 μυηθησόμενοι.
1300 2812 1437 2848 Τέσσαρες
1450 2810 1518 2848 ἦσαν
1531 2812 1581 2848 ήδη
1599 2811 1668 2848 μετὰ
1687 2811 1718 2838 τι
1732 2810 1815 2842 πάθος
1828 2812 1852 2837 αὶ
