1977 3071
100 133 152 160 221

733 132 777 160 DE
799 131 940 159 HOMINJS
957 130 1113 158 OPIFICIO.

1681 127 1733 155 ατε

102 188 216 224 ἡμέραι·
229 188 317 214 πάντα
330 187 508 223 ἐπεπλήρωτο
521 187 559 224 τῷ
571 188 755 223 κατοιχομένῳ
766 187 800 214 τὰ
815 196 890 222 νομι-

943 187 1047 213 minum
1063 184 1209 219 aliquando
1229 192 1314 219 genus
1333 185 1496 213 excitabitur
1515 185 1650 215 universe,
1670 193 1731 219 per-

102 234 215 270 ζὸμενα,
235 233 312 268 τάφῳ
326 233 482 269 κατεκρύὸη
499 234 529 260 τὸ
551 234 640 269 σῶμα.
663 233 806 268 Ἐξῳδήκει
822 234 893 260 κατά

101 280 133 306 τὸ
144 278 217 311 εἰκὸς
231 279 293 315 ἤδη.
309 279 356 306 καὶ
367 280 435 315 πρὸς
449 280 597 315 διαφθορὰν
613 279 740 312 διελύετο,
758 279 892 314 μυδῶντος

102 325 130 350 ἐν
145 324 184 359 τῷ
203 324 302 360 εύρῶτι
318 324 369 357 τῆς
379 325 440 359 γῆς,
453 325 500 351 καὶ
510 324 700 355 διαπίπτοντος
712 324 757 350 ὑπ’
769 324 892 360 ἀνάγκης

101 370 148 395 τοῦ
162 369 297 404 σώματος.
308 369 424 396 Φευκτὺν
437 367 470 405 ἦν
484 370 514 396 τὺ
528 371 652 405 πρᾶγμα,
665 370 828 405 βιαζομένης
841 370 891 405 τῆς

102 415 210 448 φύσεως
230 414 261 441 τὸ
277 414 401 441 διαλυθὲν
422 416 461 445 εἰς
484 415 616 442 δυσωδίαν
640 415 792 442 ἀποδιδόναι
809 416 890 442 πάλιν

101 460 140 494 τῷ
155 460 214 495 ζῇν.
238 459 305 486 Τότε
327 459 359 486 τὸ
374 459 572 494 ἀπιστούμενον
592 461 641 495 τῆς
663 460 810 496 καθολικῆς
825 462 891 488 ἀνα-

102 505 225 536 στάσεως
251 505 331 540 ἔργον
353 504 385 530 δι’
403 505 598 540 ἐναργεστέρου
619 505 666 532 τοῦ
691 506 829 541 Θαύματος
851 507 890 538 εἰς

101 551 238 584 ἀπόδειξιν
252 551 355 584 ἄγεται.
381 551 449 577 υὺδὲ
465 550 519 587 γὰρ
542 553 574 578 ὲκ
594 552 671 578 νόσου
687 561 729 584 τις
750 552 889 579 ἀνίσταται

101 597 233 632 χαλεπῆς,
254 597 314 623 οὐδὲ
332 597 400 632 πρὸς
419 598 479 628 ταῖς
501 597 669 629 τελευταίαις
685 597 722 624 ὢν
745 599 890 630 ἀναπνοαῖς

101 644 142 674 εἰς
163 643 212 677 τὴν
238 642 309 678 ζωὴν
334 641 509 676 ἐπανάγεται,
536 643 596 669 οὐδὲ
621 643 729 670 παιδίον
746 643 889 678 ἀρτιθανὲς

101 689 281 720 ζωοποιεῖται,
292 687 352 714 οὐδὲ
366 688 469 723 μέλλων
483 688 521 723 τῷ
535 689 612 724 τάφῳ
625 689 809 724 προσάγεεθαι
825 698 889 716 νεα-

101 734 161 764 νίας
177 733 258 760 πάλιν
277 734 309 760 ὲκ
333 734 382 768 τῆς
404 734 483 769 σοροῦ
503 734 663 761 ἀναλύεται⁸
679 735 737 761 ἀλλ’
752 735 822 771 ἀνὴρ
835 735 888 761 τῶν

101 779 220 815 ἐξώρων,
240 779 346 815 νεκρὸς,
365 779 457 811 ἕωλος,
475 779 617 816 ἐξῳδηκὼς
631 780 691 815 ήδη,
708 781 754 807 καὶ
773 780 888 815 λελυμέ-

101 835 156 857 νος,
167 827 205 857 ὠς
223 826 289 861 μηδὲ
305 827 361 857 τοῖς
379 825 543 860 ἐπιτηδείοις
556 826 668 853 ἀνεκτὸν
685 824 754 853 εἶναι
770 835 887 862 προσεγ-

100 871 176 905 γίσαι
200 871 239 906 τῷ
260 872 339 906 τάφῳ
363 871 407 898 τὸν
436 872 554 907 Κύριον,
580 872 624 898 διὰ
651 872 700 907 τὴν
726 873 887 908 ὲγκειμένην

101 917 197 952 ἀηδίαν
224 917 271 944 τοῦ
301 918 520 949 διαπεπτωκότος
545 919 686 953 σώματος,
717 920 767 954 μιᾷ
793 920 888 954 κλήσει

101 960 280 996 ζωοποιηθεὶς
291 961 433 989 πιστοῦται
448 962 478 988 τὸ
492 963 622 997 κήρυγμα
636 963 685 998 τῆς
703 963 887 996 ἀναστάσεως,

100 1007 173 1034 τοῦτ’
195 1007 262 1038 ἐστι,
276 1008 305 1034 τὸ
321 1007 367 1034 ἐπὶ
387 1007 433 1034 τοῦ
457 1008 546 1034 κοινοῦ
564 1007 797 1043 προσδοκώμενον,
814 1009 828 1035 ὃ
843 1009 888 1036 ἐπὶ

103 1052 202 1087 μέρους
216 1053 247 1088 τῇ
267 1052 349 1087 πείρα
366 1052 514 1087 ἐμάθομεν.
531 1053 665 1087 Καθάπερ
681 1053 734 1088 γὰρ
750 1054 779 1080 ὲν
793 1055 825 1088 τῇ
841 1054 888 1080 τοῦ

101 1099 202 1130 παντὸς
225 1098 452 1133 ἁναστοιχειώσει,
467 1098 548 1134 φησὶν
576 1099 591 1124 ὸ
609 1099 779 1131 ’Λπόστολος,
807 1099 887 1125 αὑτὸν

101 1144 306 1180 καταδήσεσθαι
330 1144 375 1170 τὸν
391 1143 492 1179 Κύριον
516 1145 544 1170 ὲν
566 1143 741 1178 κελεύσματι.
766 1145 794 1170 ἐν
812 1146 886 1179 φωνῇ

100 1190 281 1225 ἀρχαγγέλου,
298 1189 344 1216 καὶ
362 1190 406 1216 διὰ
424 1190 572 1223 σάλπιγγος
597 1190 636 1221 εις
657 1190 809 1225 ἀφθαρσίαν
825 1191 887 1222 τοὺς

101 1235 214 1270 νεκροὺς
233 1235 421 1270 διαναστήσειν
430 1243 436 1249 ·
456 1234 527 1261 οὕτω
539 1235 585 1261 καὶ
606 1234 653 1261 νῦν
666 1233 720 1262 οἷόν
733 1244 791 1262 τινα
803 1235 887 1263 ὕπνον

100 1279 148 1306 τὸν
172 1280 295 1314 θάνατον,
317 1281 350 1315 τῇ
368 1282 443 1316 φωνῇ
468 1280 515 1306 τοῦ
542 1280 751 1315 προστάγματος
773 1281 786 1306 ὁ
805 1282 834 1306 ὲν
850 1281 889 1316 τῷ

101 1325 179 1359 τάφῳ
207 1325 433 1360 ἀποσεισάμενος,
458 1326 506 1351 καὶ
531 1325 694 1357 ἀποτινάξας
722 1326 818 1353 ἑαυτοῦ
839 1326 889 1361 τὴν

102 1370 294 1406 ὲπιγινομένην
319 1371 468 1406 διαφθοράν
489 1372 522 1406 τῇ
546 1372 700 1406 νεκρότητι,
721 1372 812 1407 ἄρτιος
843 1372 889 1398 καὶ

103 1416 171 1448 σῶος
190 1416 236 1442 τοῦ
253 1417 338 1451 τάφου
355 1416 505 1449 ἐξάλλεται,
525 1417 592 1452 μηδὲ
606 1417 644 1452 τῷ
655 1417 746 1452 δεσμῷ
757 1417 810 1444 τῶν
825 1417 889 1452 περὶ

101 1462 165 1492 τοὺς
179 1461 261 1493 πόδας
286 1461 398 1493 καὶτὰς
419 1463 513 1499 χεῖρας
536 1462 647 1497 κειριῶν
663 1461 794 1493 κωλυθεὶς
820 1462 889 1497 πρὸς

102 1507 152 1542 τὴν
166 1507 264 1539 ἔξοδον.

943 231 1075 266 ciperem.
1090 229 1152 256 Toti
1163 230 1221 262 jam
1237 229 1297 257 dies
1314 233 1392 257 erant
1404 230 1488 265 elapsi
1500 233 1638 265 quatuor:
1655 230 1730 264 jusla

942 281 1053 304 mortuo
1067 276 1122 310 jam
1142 275 1247 310 pridem
1267 274 1354 308 facta;
1373 283 1473 310 corpus
1490 276 1616 310 sepulcro
1632 276 1730 302 condi-

942 325 1009 349 tum.
1032 322 1060 349 id
1076 329 1142 349 vero
1157 321 1246 349 simile
1262 325 1304 349 est
1316 321 1372 355 jam
1390 325 1448 348 tum
1466 322 1639 353 intumuisse,
1656 330 1732 350 com-

942 371 1125 402 paratumque
1144 368 1177 394 ad
1198 367 1338 394 interitum
1357 366 1452 397 fuisse,
1472 368 1605 395 cadavere
1625 368 1684 402 ipso
1702 368 1730 394 in

942 412 1035 439 illuvie
1050 415 1129 439 terrae
1148 412 1304 438 necessario
1322 411 1470 438 ditlluente.
1493 411 1545 438 Res
1565 412 1623 445 ipsa
1641 412 1729 440 fmda.

942 461 1102 491 tantumque
1113 465 1166 484 non
1183 457 1376 488 abominanda,
1388 457 1447 491 cogi
1462 456 1590 482 nimirum
1603 461 1729 483 naturam

940 503 967 530 id
982 503 1055 538 quod
1070 503 1126 538 jam
1143 504 1180 531 ita
1197 503 1378 535 dissolvisset,
1396 506 1424 529 ut
1442 502 1520 536 plane
1539 502 1652 533 feteret,
1671 502 1731 528 vitm

940 549 1094 577 restituere.
1111 549 1206 584 Itaque
1221 553 1277 576 tum
1290 549 1362 575 haud
1375 548 1458 576 dubie
1472 547 1597 582 prodigio
1609 548 1728 581 quodam

940 596 1097 627 illustriori,
1115 603 1201 630 genus
1218 596 1369 622 humanum
1387 595 1515 622 universe
1533 594 1679 629 aliquando
1697 601 1729 620 ex

940 646 1026 670 morte
1036 641 1210 669 excitandum
1222 649 1293 672 esse,
1304 641 1519 668 demonstratum
1528 644 1580 667 est.
1591 639 1648 666 Non
1658 639 1731 666 enim

940 689 1013 724 gravi
1033 688 1096 723 quis
1115 689 1210 715 morbo
1229 688 1344 719 levatur,
1364 695 1453 722 neque
1473 687 1496 714 is
1515 686 1561 721 qui
1578 691 1731 713 exlrernum

939 735 1058 762 ducebat
1074 734 1213 769 spiritum,
1227 735 1289 761 vitae
1297 734 1466 766 restituitur,
1479 741 1567 767 neque
1584 733 1671 767 puella
1689 740 1730 758 re-

939 787 1006 808 cens
1019 783 1124 806 mortua
1138 780 1221 806 vitam
1235 785 1390 814 recuperat,
1405 778 1730 814 nequcjuvenisjamjam

940 825 1114 860 sepeliendus
1130 824 1163 851 de
1177 825 1318 860 sandapila
1339 825 1476 856 eximitur,
1494 823 1540 851 sed
1559 825 1640 850 homo
1654 827 1732 850 :etate

940 871 1092 907 provectior
1100 871 1262 905 jampridem
1272 875 1405 903 mortuus,
1416 870 1563 902 marcidus,
1573 875 1732 904 putrescens

940 925 974 945 ac
985 917 1122 949 diluuens,
1136 917 1216 952 cujus
1230 916 1263 944 ad
1280 917 1428 949 tumulum,
1444 921 1555 951 propter
1567 916 1668 943 ﬁndunt
1686 923 1732 941 ca-

940 963 1048 991 daveris
1064 962 1188 994 halitum,
1206 962 1235 989 ut
1251 962 1382 989 Dominus
1393 962 1546 994 accederet,
1559 961 1604 988 vix
1617 961 1668 996 ipsi
1682 968 1732 987 ne-

940 1008 1053 1037 cessarii
1067 1008 1208 1036 ferendum
1225 1008 1428 1036 existimabant.
1446 1007 1496 1034 llic
1513 1015 1578 1042 ergo
1595 1014 1648 1033 una
1665 1014 1732 1033 voce

941 1055 1024 1081 vitam
1040 1061 1218 1088 recuperatis,
1232 1053 1311 1081 [idem
1329 1054 1461 1081 doctrinae
1480 1054 1514 1081 de
1530 1054 1733 1080 resurrectione

943 1100 1082 1132 conciliat,
1102 1104 1131 1126 ut
1144 1099 1201 1133 jam
1217 1099 1253 1126 sit
1269 1099 1482 1133 exspectandum
1503 1099 1641 1128 universe,
1659 1098 1731 1132 quod

942 1146 1024 1173 certis
1051 1145 1078 1172 in
1103 1145 1227 1180 partibus
1246 1143 1413 1179 experientia
1434 1151 1527 1170 verum
1546 1150 1607 1170 esse
1626 1142 1730 1170 docuit.

941 1190 1021 1223 Nam,
1040 1194 1069 1217 ut
1083 1190 1232 1225 Apostolus
1245 1189 1383 1216 memoriae
1398 1188 1527 1223 prodidit,
1548 1195 1580 1214 eo
1597 1193 1730 1222 tempore.

940 1245 995 1272 quo
1012 1237 1209 1264 instaurabitur
1224 1235 1390 1262 universitas
1407 1242 1510 1266 rerum,
1531 1233 1674 1260 Dominum
1692 1233 1732 1268 ip-

940 1290 1000 1309 sum
1017 1281 1133 1316 quadam
1149 1281 1228 1315 quasi
1238 1287 1300 1307 cum
1312 1279 1425 1306 militari
1440 1279 1666 1306 conclamatione.
1685 1286 1733 1313 per

940 1335 1033 1355 vocem
1061 1327 1216 1354 divinorum
1243 1326 1401 1353 nuntiorum
1427 1325 1574 1360 principis,
1601 1333 1633 1352 ac
1659 1325 1733 1352 tuba:

939 1375 1094 1408 clangorem
1112 1377 1235 1400 mortuos
1251 1373 1283 1400 ad
1297 1371 1482 1399 conditionem
1497 1372 1625 1399 interitus
1637 1379 1733 1406 cxpcr-

939 1423 992 1447 tem
1006 1417 1202 1447 suscitaturum
1211 1419 1234 1434 ⁹⁰
1246 1428 1253 1445 :
1270 1418 1310 1445 sic
1321 1425 1393 1444 nunc
1405 1417 1485 1444 etiam
1497 1417 1616 1444 Lazarus
1628 1417 1733 1443 tumulo

941 1465 1086 1496 conditus,
1110 1464 1143 1491 ad
1165 1472 1258 1491 vocem
1277 1464 1476 1498 imperiumque
1495 1463 1600 1490 Domini
1619 1467 1733 1489 mortem

941 1509 1029 1537 instar
1048 1509 1137 1536 somni
1156 1507 1563 1543 excutiens,etputrefactione,
1581 1515 1642 1542 qua:
1661 1515 1734 1533 mor-

103 1560 187 1584 tuum
199 1555 328 1584 continuo
346 1560 537 1591 occupaverat,
557 1555 660 1591 abjecta
676 1565 682 1582 :
700 1556 804 1590 integer
814 1559 841 1583 et
851 1556 997 1584 incolumis
1012 1557 1046 1584 de
1061 1557 1187 1591 sepulcro
1197 1555 1314 1592 prosilit,
1329 1563 1363 1583 ne
1376 1555 1493 1583 vinculis
1507 1555 1617 1589 quidem
1632 1554 1733 1588 ipsum,

104 1603 204 1638 quibus
225 1611 287 1632 cum
299 1603 548 1639 manustnmpedcs
563 1609 641 1631 erant
657 1604 812 1636 constricti,
830 1604 1055 1639 impedientibus.

139 1648 211 1685 Ἀρα
233 1650 318 1685 μικρά
336 1649 422 1676 ταῦτα.
446 1651 514 1685 πρὸς
531 1651 621 1678 πίστιν
640 1652 690 1687 τῆς
709 1652 764 1678 τῶν
787 1651 891 1686 νεκρῶν

979 1652 1081 1686 Ecquid
1092 1651 1150 1678 hate
1157 1651 1190 1677 ad
1200 1649 1413 1678 connrmandam
1422 1649 1455 1676 de
1465 1648 1662 1676 resurrectione
1673 1654 1734 1681 per-

103 1695 292 1726 ἀναστάσεωςς
320 1694 350 1720 Et
372 1694 463 1729 ζητεῖς
488 1695 533 1721 καλ⁸
556 1695 590 1722 δι’
618 1696 719 1731 ἐτέρων
741 1695 892 1730 βεϐαιωθῆ-

104 1738 160 1764 ναί-
175 1746 215 1764 σοι
240 1738 289 1772 τὴν
316 1738 380 1772 περὶ
403 1737 499 1764 τούτου
531 1738 637 1773 κρίσιν;
662 1739 729 1765 ἀλλά
754 1747 799 1774 μοι
821 1738 895 1765 δοκεῖ

106 1782 144 1817 μὴ
171 1782 259 1816 μάτην
281 1783 344 1812 ’τοῖς
373 1781 443 1809 κατὰ
469 1783 655 1818 Καφαρναοὺμ
675 1783 824 1818 εἰρηκέναι,
857 1782 894 1814 ὼς

104 1827 138 1852 ἐκ
159 1825 304 1860 προσώπου
327 1825 380 1852 τῶν
399 1824 551 1860 ἀνθρώπων
567 1826 581 1851 ὁ
604 1825 705 1861 Κύριος
725 1825 804 1852 τοῦτο
826 1825 894 1860 πρὸς

105 1871 200 1897 ἑαυτὸν
218 1869 321 1903 λέγων’
338 1879 346 1894 ι
366 1863 478 1900 Πάντως
497 1869 586 1910 ἐρεῖτέ
608 1878 653 1904 μοι
667 1869 715 1904 τὴν
738 1869 894 1905 παραδολὴν

104 1914 216 1948 ταύτην·
244 1913 341 1947 ἰα-τρε,
363 1912 530 1947 θεράπευσον
543 1912 666 1939 σεαυτόν.
679 1921 687 1937 ι
698 1913 770 1939 Ἔδει
785 1913 839 1949 γὰρ
866 1914 894 1940 ὲν

105 1957 209 1992 ἑτέροις
234 1956 342 1991 σώμασι
368 1956 566 1992 προσεθὼαντα
588 1957 651 1988 τοὺς
674 1957 833 1993 ἀνθρώπους
855 1957 894 1993 τῷ

106 2000 177 2027 κατὰ
192 2001 241 2035 τὴν
256 2000 403 2027 ἀνάστασιν
416 2000 544 2036 θαύματι,
560 2002 588 2027 ὲν
604 2001 641 2036 τῷ
662 2001 722 2027 καθ’
740 2001 834 2028 ἑαυτὸν
847 2003 894 2029 ἀν-

105 2044 208 2079 ῦρώπῳ
225 2043 371 2079 βεϐαιῶσαι
395 2045 440 2071 τὸν
454 2036 542 2079 λόγον.
560 2043 635 2076 Εἶδες
655 2045 682 2071 ἐν
704 2045 806 2081 ἑτέροις
818 2047 894 2082 ἐνερ-

105 2089 153 2122 γὸν
175 2087 204 2114 τὸ
221 2089 361 2123 κήρυγμα.
391 2088 460 2120 Τοὺς
485 2088 658 2124 τεθνήξεσθαι
686 2089 842 2124 μέλλοντας,
864 2090 894 2116 τὸ

105 2131 211 2158 παιδίον
234 2131 264 2157 τὸ
288 2131 335 2157 τοῦ
351 2131 400 2167 ζῇν
421 2132 482 2167 ἄρτι
501 2133 685 2168 παυσάμενον,
702 2135 749 2160 τὸν
768 2133 835 2168 πρὸς
856 2133 894 2169 τῷ

105 2175 184 2210 τάφῳ
203 2175 320 2206 νεανίαν,
338 2175 384 2201 τὸν
400 2175 558 2212 διεφθορότα
581 2176 686 2212 νεκρὸν,
705 2177 810 2208 πάντας
825 2177 895 2204 κατά

105 2218 136 2244 τὸ
152 2216 209 2244 ἴσον
222 2219 261 2244 ἑνὶ
276 2219 467 2260 προστάγματι
485 2219 551 2254 πρὸς
566 2219 614 2255 τὴν
634 2220 705 2255 ζωὴν
719 2219 893 2253 ἀναλύοντας.

108 2263 201 2296 κητεῖς
218 2263 264 2288 καὶ
283 2263 345 2294 τοὺς
361 2262 406 2289 διὰ
427 2264 592 2298 τραυμάτων
609 2264 656 2290 καὶ
672 2264 785 2299 αἳματος
803 2265 832 2291 ἐν
855 2265 894 2299 τῷ

107 2305 214 2340 θανάτῳ
235 2306 391 2340 γεγονότας,
409 2308 446 2341 μή
468 2316 510 2338 τις
535 2308 581 2333 ἐπὶ
606 2308 707 2334 τούτων
727 2308 818 2334 ἀτονία
845 2308 894 2343 τῆς

107 2349 239 2380 ζωοποιοῦ
251 2349 391 2384 δυνάμεως
405 2349 455 2386 λύῃ
472 2350 520 2385 τὴν
533 2351 630 2386 χάρμη
645 2349 705 2377 Εἷδε
719 2352 765 2378 τὸν
781 2352 810 2377 ὲν
820 2352 893 2386 ἥλοις

105 2386 336 2428 ὃιαπερονηθένιξα
353 2392 402 2424 τὰς
429 2395 532 2428 χεῖρας.
557 2392 617 2420 Εῐδε
642 2394 687 2420 τὸν
712 2394 760 2430 τὴν
778 2394 897 2430 πλευρὰν

107 2435 191 2471 λίγχῃ
204 2436 383 2471 διαπαρέντα.
399 2436 526 2470 Διένεγκε
541 2437 604 2469 τοὺς
623 2437 769 2469 δακτύλους
789 2447 834 2464 σου
854 2438 896 2464 διὰ

106 2479 161 2506 τῶν
172 2480 263 2507 τύπων
279 2481 333 2507 τῶν
345 2481 427 2515 ἥλων.
444 2482 565 2516 Ἐμϐαλε
580 2482 630 2518 τὴν
647 2482 725 2517 χεῖρα
746 2491 791 2509 σου
807 2482 845 2517 τῷ
865 2484 896 2509 ἐκ

107 2523 158 2558 τῆς
173 2523 273 2558 λόγχης
297 2524 444 2560 τραύματι.
461 2525 582 2560 Στοχάζῃ
605 2526 712 2558 πάντως
735 2527 781 2552 ἐπὶ
804 2527 895 2553 πόσων

107 2567 180 2598 εἰκὸς
199 2565 232 2602 ἦν
252 2568 291 2599 εἰς
307 2568 337 2594 τὸ
353 2568 429 2600 ἐντὸς
449 2569 498 2604 τὴν
513 2570 615 2604 αἰχμὴν
631 2570 762 2601 διαδῦναι.
782 2571 826 2597 διὰ
848 2571 895 2598 τοῦ

108 2610 226 2642 πλάτους
244 2611 294 2646 τῆς
309 2611 434 2646 ὠτειλῆς,
448 2613 498 2648 τὴν
513 2613 558 2639 ἐπὶ
576 2613 605 2639 τὸ
624 2613 678 2640 ἔσω
693 2614 809 2650 πάροδον
825 2615 896 2648 λογι-

109 2654 230 2689 ζόμενος.
251 2655 281 2681 Ἡ
298 2655 352 2690 γὰρ
377 2655 477 2682 εἴσοδον
502 2656 593 2692 χειρὸς
615 2657 788 2692 ἀνθρωπίνης
805 2659 896 2692 χωρή-

110 2707 180 2724 σασα
194 2698 296 2734 πληγὴ,
312 2700 394 2726 πόσον
409 2700 485 2732 ἐντος
497 2700 546 2727 τοῦ
564 2700 661 2735 βάθους
677 2701 840 2736 γεγενῆσθαι
851 2702 896 2728 τὸν

110 2742 218 2779 σίδηρον
244 2743 446 2777 ύποδείκνυσινς
462 2745 492 2771 El
518 2743 564 2771 οὖν
585 2742 662 2776 οὗτος
681 2746 837 2782 ἐγήγερται,
851 2746 894 2772 εὕ-

145 2835 166 2850 "
183 2835 192 2861 Ι
209 2834 306 2863 Thess.
324 2843 359 2868 l\‘,
376 2836 408 2864 lt)
425 2844 483 2872 sqq.
522 2837 542 2853 οι
563 2837 629 2865 LW“
647 2845 683 2870 ιν,
703 2837 748 2866 ολδ.

944 1697 1099 1724 suasionem
1114 1696 1183 1723 levia
1200 1695 1248 1723 tibi
1263 1695 1409 1722 videntur?
1421 1695 1539 1721 etiamne
1551 1693 1616 1728 quid
1632 1693 1666 1720 de
1684 1692 1735 1719 hac

944 1742 1047 1770 certius
1062 1741 1225 1769 desideras?
1246 1740 1306 1769 Non
1324 1745 1427 1767 temere
1445 1740 1511 1766 mihi
1533 1739 1663 1766 Dominus
1683 1738 1735 1765 hoc

944 1787 1015 1822 apud
1029 1787 1291 1822 Capharnaumanos
1306 1787 1390 1818 cives,
1411 1791 1538 1819 tanquam
1563 1791 1596 1811 cx
1613 1785 1734 1818 ipsorum

943 1841 1059 1868 persona
1073 1833 1176 1861 dixisse
1189 1833 1313 1860 videtur:
1326 1843 1334 1858 ι
1346 1832 1463 1859 Omnino
1478 1831 1543 1857 mihi
1559 1831 1651 1857 tritum
1668 1829 1735 1856 illud

944 1878 1084 1905 hominum
1099 1879 1277 1912 usurpatione
1297 1877 1407 1904 verbum
1423 1875 1551 1910 objicitis,
1567 1874 1679 1907 Mcdice,
1694 1877 1735 1901 te-

944 1923 1033 1958 ipsum
1047 1924 1181 1950 curato".
1195 1932 1205 1949 ι
1220 1922 1287 1950 Nam
1301 1930 1350 1957 par
1361 1926 1429 1954 erat,
1441 1925 1471 1948 ut
1487 1921 1532 1955 qui
1549 1920 1672 1947 homines
1688 1927 1736 1954 per

943 1968 1017 1996 edita
1031 1969 1059 1995 in
1075 1968 1171 1996 alienis
1191 1968 1353 2003 corporibus
1374 1967 1505 1994 miracula
1528 1965 1735 1993 condocefacie-

944 2014 1005 2047 bat,
1024 2018 1054 2042 ut
1072 2014 1300 2042 resurrectionem
1321 2013 1379 2041 fore
1398 2013 1551 2044 crederent,
1563 2012 1632 2038 idem
1653 2011 1734 2038 etiam

945 2061 992 2089 illo
1005 2061 1032 2089 in
1043 2068 1155 2096 corpore
1167 2061 1238 2096 quod
1250 2068 1264 2087 a
1278 2061 1356 2088 nobis
1370 2063 1524 2094 sumpserat
1534 2057 1734 2093 comprobaret.

944 2106 973 2134 In
991 2107 1053 2134 aliis
1071 2107 1223 2135 doctrinam
1239 2107 1309 2134 hanc
1324 2105 1471 2134 eﬂicaciter
1485 2105 1651 2132 declaratam
1668 2110 1735 2129 con-

946 2154 1134 2189 ﬁrmatamque
1144 2153 1248 2181 vidisti.
1259 2152 1339 2179 Morti
1352 2152 1501 2186 proximos,
1510 2150 1626 2185 puellam
1639 2156 1736 2176 recens

945 2203 1091 2230 mortuam,
1104 2198 1231 2233 juvenem
1246 2197 1365 2224 delatum
1381 2196 1462 2223 etiam
1475 2195 1507 2221 ad
1526 2195 1670 2225 tumulum,
1687 2200 1734 2219 ca-

945 2245 1029 2272 daver
1042 2244 1330 2278 denique'putrescens
1340 2250 1347 2268 :
1359 2248 1455 2270 omnes
1462 2241 1512 2268 bos
1523 2240 1556 2267 ad
1569 2239 1649 2266 unius
1661 2239 1736 2266 vocis

947 2291 1089 2326 imperium
1110 2293 1198 2316 morte
1214 2289 1324 2322 relicta,
1346 2295 1443 2316 rursus
1468 2288 1495 2314 in
1515 2287 1597 2313 vitam
1619 2285 1735 2312 commi-

914 2331 935 2357 D
949 2339 1059 2372 grantes
1072 2335 1175 2363 vidisti.
1189 2334 1286 2362 iamne
1302 2338 1328 2362 et
1346 2334 1407 2361 illos
1425 2333 1517 2360 videre
1539 2332 1613 2359 lubet
1632 2329 1736 2358 culcita-

950 2387 1006 2413 tos,
1026 2382 1071 2416 qui
1089 2381 1116 2407 in
1134 2381 1291 2408 vulneribus
1314 2384 1342 2407 et
1360 2379 1492 2414 sanguine
1511 2382 1624 2405 mortem
1644 2377 1736 2403 obivc-

947 2432 1022 2462 ruut,
1037 2436 1072 2455 ne
1085 2428 1147 2463 quis
1159 2427 1186 2454 in
1203 2428 1246 2455 his
1260 2427 1329 2455 forte
1343 2430 1505 2461 potestatem
1517 2425 1647 2456 divinam,
1662 2431 1736 2450 mor-

947 2480 1010 2502 tuos
1026 2474 1053 2502 in
1070 2475 1154 2501 vitam
1174 2478 1359 2506 revocantem,
1376 2480 1436 2500 esse
1456 2472 1620 2499 imbecillam
1639 2470 1736 2505 putet?

947 2521 975 2547 ln
995 2520 1071 2546 illum
1091 2519 1198 2546 intuere
1217 2519 1296 2553 cujus
1312 2517 1457 2553 perforatae
1476 2517 1560 2544 clavus
1581 2522 1678 2542 manus
1695 2514 1736 2540 fu-

947 2569 1048 2592 erunt:
1071 2565 1098 2591 in
1117 2564 1204 2596 illum,
1227 2564 1347 2598 inquam,
1369 2563 1413 2590 cui
1432 2563 1503 2589 latus
1521 2561 1636 2587 alterum
1658 2560 1735 2586 hasta

950 2611 1101 2646 perfossum
1122 2610 1182 2637 fuit.
1201 2609 1371 2645 Age,digitos
1389 2613 1451 2636 tuos
1470 2616 1516 2643 per
1534 2608 1673 2634 clavorum
1691 2613 1734 2632 ve-

950 2656 1028 2691 stigia
1043 2655 1207 2682 circumfer:
1222 2655 1312 2682 iusch
1323 2663 1433 2682 utauum
1452 2655 1477 2680 in
1492 2653 1592 2680 vulnus
1603 2651 1735 2678 lullictmn

950 2702 984 2728 ab
1000 2702 1087 2729 hasta.
1109 2701 1279 2728 existimabis
1299 2701 1438 2732 facillime,
1457 2706 1598 2735 quousque
1614 2697 1736 2731 cuspidis

951 2747 1023 2775 acies
1031 2747 1222 2782 pcnetraverit,
1235 2746 1258 2774 si
1274 2746 1307 2775 dc
1320 2746 1439 2774 vulneris
1454 2744 1640 2780 amplitudine,
1654 2746 1735 2777 quam
