1977 3071
238 117 294 145 223

836 142 839 145 .
862 118 891 146 8.
909 116 1072 147 GREGORII
1091 115 1238 148 NYSSEN!

1815 109 1876 138 εει

241 174 386 201 vehemens
402 173 486 201 hastae
500 173 582 201 fuerit
604 174 758 208 impressio,
781 174 968 209 conjecturam
986 175 1026 202 fa-

1085 174 1156 202 ιιολον
1177 174 1211 200 ἂν
1234 173 1278 208 εῐη
1300 171 1331 198 τὸ
1345 170 1519 198 ἀποστολικὸν
1535 167 1765 204 ἐπιφθέγξασθαιν
1783 177 1794 193 ι
1806 168 1875 199 Πῶς

239 219 308 246 cias.
318 218 402 251 Quam
417 219 490 246 enim
504 219 557 246 alte
569 218 670 246 ferrum
685 222 843 254 penetrasse
852 226 965 247 necesse
973 224 1025 252 est,

241 271 302 290 cum
317 264 417 291 vulnus
433 264 523 298 ipsum
541 264 659 291 hominis
675 271 785 291 manum
802 264 933 292 incertam
949 271 1028 299 cape-

241 316 270 336 re
285 310 418 343 potuerit!
433 308 482 335 Hic
497 316 561 343 ergo
572 317 633 335 cum
646 309 781 336 excitatus
793 317 807 336 a
822 313 909 337 morte
921 310 967 341 sit,
982 317 1029 337 ne-

240 353 329 385 mine,
345 354 456 388 opinor.
472 353 692 385 contradicente,
718 354 808 381 verbis
830 353 884 381 illis
906 354 1029 388 Apostoli

240 398 319 426 nobis
332 399 371 426 uti
387 399 493 426 licebit:
509 399 568 432 Quo
582 403 662 434 pacto
676 399 767 427 dicere
779 400 904 426 nonnulli
917 400 1027 432 audent,

241 445 467 472 resurrectionem
481 451 649 472 mortuorum
663 454 716 472 non
733 445 790 472 tore
798 445 962 478 "?Qnando
980 445 1029 480 igi-

240 495 285 517 tur
301 490 406 517 Domini
424 491 551 518 valicinia
571 491 604 518 de
622 490 674 518 hoc
687 499 751 518 vera
767 499 828 519 esse
850 496 934 526 patet,
957 490 1031 526 quod

240 539 267 562 et
283 537 390 562 caeteris
406 528 466 569 ejus
481 537 602 564 oraculis
623 543 737 565 eventus
761 537 951 572 responderit:
974 536 1032 564 fore

240 585 331 608 autem
345 583 572 609 resurrectionem
588 590 643 610 non
652 583 744 611 verbis
765 583 856 615 modo,
871 584 917 610 sed
931 583 989 618 ipsa
1003 592 1032 609 e-

243 627 306 653 tiam
321 635 348 654 re
363 628 552 660 declaraverit,
566 629 706 656 nonnullis
721 629 838 656 invitam
854 636 900 663 per
910 636 1032 656 resurre-

241 673 359 699 ctionem
372 673 510 700 reductis:
526 675 591 708 quid
605 674 735 709 deinceps
745 679 891 708 prmtexent
904 674 1033 701 adversa-

242 719 275 745 rii
297 727 396 750 cansze,
415 727 469 754 quo
490 721 580 747 minus
595 720 674 747 nobis
690 720 895 747 assentiamur?
910 719 966 747 Cur
979 727 1033 746 non

241 764 331 791 valere
343 765 428 799 jussis
441 767 578 797 onmibus,
592 766 638 800 qui
655 773 702 801 per
718 766 915 800 philosophiam
925 765 1034 792 inanes-

242 817 295 843 que
316 808 426 837 fraudes
448 812 529 846 capti,
552 812 703 846 simplicem
725 816 752 838 et
767 812 919 838 inornatam
932 811 1034 837 verita-

1078 219 1187 254 λέγουσί
1200 227 1284 250 τινες,
1308 218 1348 244 ὃτι
1371 216 1517 246 ἀνάστασις
1545 215 1650 251 νεκρῶν
1673 214 1724 240 οὐκ
1750 213 1843 246 ἐστιν;
1863 224 1873 239 1

1085 263 1194 300 Ἐπειδὴ
1206 264 1295 290 τοίνυν
1317 263 1393 289 πᾶσα
1411 262 1460 298 μὲν
1474 261 1629 296 πρόρρησις
1641 259 1688 285 τοῦ
1703 259 1807 293 Κυρίου
1828 259 1879 285 διὰ

1079 311 1128 345 τῆς
1142 310 1196 337 τῶν
1217 309 1366 343 γεγονότων
1384 307 1538 343 μαρτυρίας
1557 305 1660 341 ἀληθὴς
1676 304 1876 336 ἐπιδείκνυται,

1079 356 1158 382 τοῦτο
1169 356 1198 382 δὲ
1208 356 1239 382 οὐ
1253 355 1323 390 λόγῳ
1336 355 1535 390 μεμαθήκαμεν
1545 353 1634 388 μόνον,
1646 350 1714 378 ἀλλὰ
1723 350 1771 376 καὶ
1782 349 1813 382 ἐξ
1823 350 1879 376 αὺ-

1079 402 1135 428 τῶν
1147 401 1200 428 τῶν
1215 401 1261 426 ἐπὶ
1274 400 1322 435 τὴν
1333 400 1405 434 ζωὴν
1421 399 1450 432 ἐξ
1463 398 1644 428 ἀναστάσεως
1659 396 1877 427 ἐπανελθόντων,

1081 447 1153 482 ἔργῳ
1169 445 1218 480 τὴν
1243 444 1379 477 ἀπόδειξιν
1402 445 1452 479 τῆς
1477 442 1642 477 ἐπαγγελίας
1664 441 1815 475 ἐλάϐομεν·
1831 442 1879 472 τίς

1082 491 1256 518 ὑπολείπεται
1270 490 1325 521 τοῖς
1338 489 1374 524 μὴ
1390 488 1562 515 πιστεύουσιν
1576 487 1705 522 ἀφορμή;
1726 487 1796 519 οὐκ,
1810 487 1879 522 Ἐῤ-

1084 536 1182 572 ῥωσθε,
1200 536 1351 571 φράσαντες
1368 536 1423 565 τοίς
1437 534 1480 560 διὰ
1497 534 1546 568 τῆς
1563 532 1721 567 φιλοσοφίας
1734 532 1780 558 καὶ
1792 532 1879 566 κενῆς

1082 583 1190 617 ἀπάτης
1211 580 1464 616 παρακρουομένοις
1488 579 1536 613 τὴν
1556 577 1743 605 ἀκατάσκευον
1769 577 1876 608 πίστιν,

1082 627 1163 662 ψιλῆς
1189 626 1306 662 ἑξόμεθα
1328 627 1376 661 τῆς
1397 625 1558 660 ὁμολογίας;
1585 623 1717 659 μαθόντες
1739 624 1768 649 ὲν
1790 623 1878 658 ὀλίγῳ

1083 673 1126 700 διὰ
1147 671 1193 698 τοῦ
1223 673 1366 708 Προφήτου
1380 670 1424 698 τὸν
1442 670 1543 705 τρόπον
1567 670 1616 705 τῆς
1643 669 1762 704 χάριτος,
1782 669 1815 694 δι’
1837 666 1878 696 ὧν

1084 725 1181 752 φησιν·
1205 726 1215 742 ι
1238 716 1404 748 ’Δντανελεῐς
1424 716 1455 742 τὸ
1475 715 1584 750 πνεῦμα
1599 715 1699 746 αὐτῶν,
1720 715 1766 741 καὶ
1786 715 1879 740 ἐκλεί-

1083 763 1173 797 ψουσι,
1193 763 1239 788 καὶ
1259 763 1299 794 εἰς
1318 762 1364 788 τὸν
1380 762 1444 797 χοῦν
1465 761 1555 788 αὑτῶν
1572 761 1788 797 ἐπιστρέφουσιν.
1817 761 1880 793 ‘EE:

1085 807 1244 838 αποστελεῐς
1276 807 1307 834 τὸ
1340 806 1453 842 Πνεῦμά
1485 816 1547 839 σου,
1581 808 1629 833 καὶ¹
1646 808 1650 812 ”
1666 807 1877 842 κτισθήσονται,

243 857 278 883 tis
303 856 508 890 persuasionem
532 862 703 890 aversantur,
722 858 800 884 nuda
816 857 907 892 potius
922 856 1028 892 profes—

1085 853 1126 880 καὶ
1147 853 1313 885 ὰνακαινιεῖς
1335 853 1366 879 τὸ
1386 853 1531 888 πρόσωπον
1556 852 1606 887 τῆς
1627 852 1689 887 γῆς.
1709 862 1717 877 ι
1738 852 1803 880 Ὅτε
1828 853 1879 879 καὶ

242 902 315 929 sioni
325 903 408 936 hujus
420 902 638 931 adhzerebimus?
653 904 804 939 praesertim
819 912 881 930 cum
895 903 928 930 de
943 903 1032 930 verbis

243 946 324 977 vatis,
341 954 455 974 numero
472 949 576 982 paucis,
592 956 646 982 quo
663 953 742 982 pacto
759 951 935 975 revocaturus
951 947 979 974 in
993 947 1033 974 vi-

243 994 298 1017 tam
314 992 349 1018 sit
364 992 436 1020 Deus
450 993 583 1024 homines,
601 993 751 1028 intelligere
767 994 857 1020 liccat.
869 992 1009 1023 (Auferes,
1021 1003 1031 1019 ι

243 1035 373 1070 inquit",
386 1038 420 1064 ab
436 1039 475 1064 eis
489 1038 615 1072 spiritum
632 1037 765 1072 ipsorum,
782 1041 809 1065 et
826 1038 927 1065 amissa
946 1037 1033 1064 conti-

1084 898 1278 934 εὐφραίνεσθαι
1298 899 1344 925 τὸν
1361 899 1463 934 Κύριον
1481 899 1527 924 ἐπὶ
1549 899 1606 929 τοῖς
1627 897 1717 932 ἔργοις
1737 896 1818 923 αὐτοῦ
1836 897 1880 923 λέ-

1085 953 1139 978 γει,
1171 944 1350 971 ἐκλειπόντων
1374 944 1428 971 τῶν
1454 943 1624 979 ἁμαρτωλῶν
1649 943 1703 969 ἀπὸ
1735 943 1785 978 τῆς
1811 943 1876 978 γῆς.

1086 991 1148 1022 Πῶς
1162 991 1215 1026 γάρ
1228 999 1271 1022 τις
1287 990 1317 1022 ἐξ
1329 991 1467 1026 ἁμαρτίας
1480 989 1705 1025 όνομασθήσεται,
1721 989 1771 1023 τῆς
1785 989 1878 1023 ἁμαρ-

1086 1038 1146 1068 τίας
1165 1037 1216 1063 οὐκ
1224 1036 1322 1072 οὖσης;

244 1092 298 1110 nuo
320 1084 375 1110 vita
399 1085 424 1110 in
442 1085 578 1119 pulverem
600 1085 743 1119 pristinum
766 1085 934 1120 redigentur.
959 1084 1059 1111 Emitte
1075 1084 1208 1120 Spiritum
1229 1089 1318 1117 tuum,
1339 1089 1366 1112 et
1378 1084 1411 1112 de
1425 1084 1531 1120 integro
1546 1085 1722 1118 creabuntnr,
1748 1085 1878 1112 innovata

243 1131 329 1163 ipsius
345 1131 425 1156 etiam
442 1134 522 1158 terra:
537 1131 617 1158 faeie.
634 1129 814 1165 nllloquidem
823 1134 945 1165 tempore
959 1135 1033 1158 vates
1049 1131 1134 1162 addit,
1151 1131 1207 1159 fore
1227 1135 1257 1158 ut
1280 1131 1338 1158 suis
1356 1138 1389 1158 ex
1410 1131 1539 1166 operibus
1559 1130 1690 1158 Dominus
1710 1131 1878 1165 voluptatem

244 1174 347 1208 capiat,
369 1175 485 1203 sublatis
508 1175 541 1203 de
561 1180 633 1203 terra
649 1176 790 1203 sceleratis
809 1175 977 1204 hominibus.
1007 1175 1066 1207 Quo
1086 1176 1158 1203 enim
1175 1181 1256 1212 pacto
1270 1176 1331 1211 quis
1354 1183 1386 1203 eo
1408 1175 1520 1203 nomine
1541 1179 1599 1202 tum
1622 1175 1752 1210 appellari
1767 1174 1878 1209 poterit-

244 1224 302 1257 ipsa
316 1230 345 1250 re
360 1223 442 1257 plane
455 1223 563 1251 sublata
577 1229 604 1251 et
619 1224 743 1251 abolita?

517 1270 632 1298 CAPUT
655 1269 752 1298 XXVI.

263 1313 490 1342 Resurreclionem
505 1315 571 1349 fore,
584 1315 726 1343 abhorrens
747 1325 763 1343 α
778 1324 837 1343 vero
854 1325 904 1343 non
920 1316 1012 1344 videri.

279 1356 379 1384 Verum
397 1360 520 1386 nonnulli
535 1364 610 1392 sunt,
632 1361 679 1395 qui
696 1361 732 1387 ob
751 1360 932 1388 humanarum
953 1361 1030 1396 cogi-

244 1403 380 1430 tationum
400 1405 615 1433 imbecillitatem
637 1414 671 1434 eo
686 1409 822 1438 teruntur.
846 1411 875 1433 ut
894 1407 940 1434 Dei
957 1412 1033 1442 pote—

1328 1268 1528 1295 ΚΕΨΑΛΑΙΟΝ
1552 1269 1625 1302 KG".

1157 1310 1225 1341 "Ott
1237 1315 1292 1341 οὐκ
1306 1314 1364 1346 ἔξω
1381 1315 1433 1341 τοῦ
1449 1315 1564 1347 εἰκότος
1578 1314 1597 1347 ὴ
1613 1314 1793 1348 ἀνάστασις.

1122 1360 1191 1386 Ἀλλ’
1208 1360 1261 1387 εἰσί
1282 1369 1365 1392 τινες,
1383 1360 1407 1387 οἳ
1428 1361 1471 1388 διὰ
1488 1360 1537 1395 τὴν
1554 1359 1607 1386 τῶν
1634 1359 1789 1395 ὰνθρωπίνιι
1801 1370 1811 1387 ι
1829 1360 1876 1387 λσ-

1080 1406 1188 1442 γισμῶν
1203 1406 1323 1438 ἀτονίαν,
1347 1406 1414 1440 πρὸς
1431 1405 1464 1432 τὰ
1483 1405 1606 1441 ἡμέτερα
1632 1405 1718 1441 μέτρα
1733 1405 1780 1440 τὴν
1797 1405 1877 1432 θείαν

246 1452 344 1474 etatem
363 1448 396 1475 ad
423 1449 524 1476 virium
551 1454 709 1478 nostrarum
732 1451 873 1478 modulum
896 1452 1028 1487 exigant:

1085 1453 1195 1488 δύναμιν
1213 1453 1363 1488 κρίνοντες,
1380 1453 1411 1478 τὸ
1433 1453 1498 1488 ἡμῖν
1519 1451 1660 1486 ἀχώρητον
1675 1450 1736 1477 οὐδὲ
1749 1451 1809 1486 Θεῴ
1829 1452 1877 1478 δυ-

245 1497 273 1520 et
288 1493 360 1527 quod
382 1494 484 1529 ingenii
501 1497 589 1523 nostri
615 1497 732 1526 facultas
749 1507 804 1526 non
818 1499 902 1534 capit,
925 1507 959 1526 ne
972 1499 1032 1534 qui—

246 1538 308 1565 dem
321 1546 336 1565 a
351 1538 405 1567 Deo
417 1542 540 1574 praestari
556 1550 636 1576 posse
652 1543 795 1571 alﬁrment.
807 1543 875 1571 Nam
892 1545 1030 1579 respicere

247 1591 299 1611 nos
315 1585 349 1611 ad
363 1593 411 1612 eos
429 1586 538 1620 jubent,
558 1589 605 1622 qui
623 1589 688 1615 olim
705 1591 817 1622 mortui,
848 1591 937 1626 adque
961 1592 1034 1619 nihi-

247 1629 304 1656 lum
319 1636 382 1658 sunt
396 1631 518 1659 redacti:
536 1638 592 1660 tum
611 1642 728 1668 quorum
748 1643 864 1671 corpora
890 1637 964 1672 rogis
984 1637 1034 1664 im-

248 1676 337 1711 posita
359 1681 386 1704 et
411 1683 585 1707 concremata
609 1685 683 1708 sunt.
705 1681 805 1717 Objicit
829 1691 925 1710 eorum
951 1683 1034 1712 nobis

247 1723 335 1749 oratio
351 1724 510 1752 carnivoras
526 1726 642 1758 belluas,
655 1732 737 1762 atque
754 1728 838 1755 etiam
860 1729 960 1763 pisces,
979 1730 1028 1765 qui

247 1767 389 1796 hominum
416 1771 569 1807 naufragiis
593 1773 745 1807 ejectorum
761 1782 858 1802 carnes
882 1775 1033 1810 deglutive-

247 1818 321 1841 runt.
337 1815 451 1844 Addunt
480 1818 638 1851 usuvenire,
655 1823 685 1846 ut
717 1820 751 1847 iis
769 1821 891 1849 vicissim
909 1822 1034 1851 homines

251 1865 399 1888 vescantur
415 1865 442 1889 et
463 1868 611 1892 concoctos
634 1873 712 1892 suam
736 1865 763 1892 in
785 1873 896 1894 carnem
920 1875 1035 1895 conver-

247 1909 316 1933 tant.
345 1906 509 1941 Hujusmodi
536 1910 622 1936 multa
653 1916 809 1944 recensent,
839 1920 887 1947 per
909 1913 1035 1948 profecto

247 1952 328 1983 levia,
350 1959 377 1979 et
388 1954 487 1981 eximia
504 1955 550 1982 Dei
566 1962 699 1990 potestate
715 1958 840 1993 indigna,
868 1964 898 1986 ut
913 1964 1034 1988 nostram

248 1995 283 2022 de
307 1998 508 2026 resurrectione
529 1999 685 2028 doctrinam
708 2007 844 2030 evertant.
867 2004 952 2037 Quasi
971 2013 1036 2033 vero

248 2047 366 2075 nequeat
385 2041 458 2071 Deus
483 2045 555 2078 quod
576 2046 679 2073 homini
696 2053 741 2075 est
768 2049 868 2083 cuique
893 2051 1035 2085 proprium

247 2088 404 2120 restituere.
422 2090 566 2124 pristinum
580 2092 614 2119 ad
639 2097 741 2120 statum
758 2102 806 2128 per
819 2095 928 2123 easdem
949 2098 1033 2125 veluti

1083 1499 1163 1526 νατὺν
1191 1497 1259 1525 εἶναι
1288 1498 1533 1528 κατασκευάζουσι.
1561 1496 1718 1523 Δεικνὺουσι
1745 1497 1798 1532 γὰρ
1821 1497 1876 1523 τῶν

1083 1553 1113 1571 τε
1129 1543 1249 1578 ἀρχαίων
1262 1543 1367 1578 νεκρῶν
1386 1543 1432 1569 τὸν
1442 1542 1604 1577 ἀφανισμὸν,
1619 1541 1674 1568 τῶν
1688 1550 1718 1567 τε
1731 1541 1775 1568 διὰ
1789 1541 1876 1577 πυρὸς

1084 1589 1333 1625 ἀποτεφρωθέντων
1348 1589 1383 1615 τὰ
1406 1588 1530 1623 λείψανα,
1554 1588 1602 1615 καὶ
1618 1587 1658 1614 ἔτι
1682 1587 1749 1623 πρὸς
1772 1587 1875 1618 τούτοις

1083 1636 1118 1662 τὰ
1140 1635 1294 1671 σαρκοϐόρα
1314 1635 1368 1661 τῶν
1389 1634 1465 1667 ζώων
1483 1634 1522 1669 τῷ
1537 1634 1608 1669 λόγῳ
1631 1634 1810 1669 προφέρουσι,
1827 1634 1875 1660 καὶ

1084 1682 1129 1708 τδν
1146 1681 1221 1717 ἰχθὺν
1245 1681 1284 1716 τῷ
1304 1681 1361 1716 ἰδίῳ
1382 1680 1488 1716 σώματι
1507 1680 1556 1715 τὴν
1581 1681 1670 1715 σάρκα
1691 1679 1738 1706 τοῦ
1754 1680 1876 1714 ναυαγή-

1085 1734 1180 1758 σαντος
1194 1726 1370 1759 ἀναλαϐόντα,
1387 1727 1435 1752 καὶ
1448 1726 1541 1752 τοῦτον
1555 1725 1634 1752 πάλιν
1651 1725 1754 1760 τροφὴν
1770 1724 1875 1760 ἀνθρώ-

1085 1780 1143 1798 πων
1167 1772 1324 1806 γενόμενον,
1346 1771 1393 1797 καὶ
1414 1772 1454 1802 εἰς
1467 1770 1514 1796 τὸν
1533 1769 1579 1796 τοῦ
1604 1769 1773 1805 βεϐρωκότος
1793 1769 1876 1803 ὄγκον

1087 1817 1335 1853 μετακεχωρηκότα
1347 1816 1391 1843 διὰ
1405 1817 1454 1852 τῆς
1465 1816 1585 1851 πέψεως.
1601 1816 1656 1841 Καὶ
1669 1815 1753 1842 πολλὰ
1764 1815 1876 1842 τοιαῦτα

1087 1864 1276 1899 μικροπρεπῆ,
1297 1863 1345 1889 καὶ
1363 1864 1413 1898 τῆς
1437 1862 1558 1898 μεγάλης
1581 1861 1628 1888 τοῦ
1648 1861 1715 1888 Θεοῦ
1736 1862 1876 1897 δυνάμεως

1087 1909 1134 1935 καί⁵
1145 1909 1269 1941 ἐξουσίας
1287 1909 1395 1941 ἀνάξια,
1409 1908 1451 1934 ἐπ’
1465 1909 1604 1944 ἀνατροπῇ
1624 1907 1672 1934 τοῦ
1691 1908 1823 1943 δόγματος
1839 1908 1875 1934 δι-

1087 1954 1257 1991 εξέρχονται·
1275 1955 1313 1987 ὡς
1327 1956 1357 1981 οὐ
1372 1955 1520 1989 δυναμένου
1531 1954 1577 1981 τοῦ
1589 1955 1657 1981 Θεοῦ
1673 1954 1753 1994 πάλιν
1767 1954 1810 1980 διὰ
1823 1955 1876 1981 τῶν

1088 2000 1177 2028 αὐτῶν
1199 2000 1278 2033 ὁδῶν,
1293 2000 1326 2026 δι’
1346 2000 1502 2032 ἀναλύσεως
1523 1999 1804 2035 ἀποκαταστῆσαιτῷ
1828 2001 1874 2027 ἀν-

1088 2046 1189 2082 θρώπῳ
1199 2046 1229 2073 τὸ
1241 2047 1315 2074 ἴδιον.
1334 2046 1402 2072 Ἀλλ’
1417 2047 1497 2082 ἡμεῖς
1510 2048 1538 2074 ἐν
1548 2047 1632 2082 ὀλίγῳ
1645 2047 1696 2078 τὰς
1713 2046 1820 2082 μακρὰς
1831 2046 1879 2073 αὐ-

1088 2093 1142 2120 τῶν
1155 2093 1205 2128 τῆς
1219 2093 1330 2128 λογικῆς
1347 2093 1525 2128 ματαιότητος
1541 2095 1704 2130 περιδρομὰς
1720 2091 1876 2128 ὑποτεμνιῦ-

247 2132 306 2160 \ias
319 2134 457 2163 redeunti.
475 2135 529 2164 Sed
546 2145 596 2165 nos
608 2139 729 2173 prolixas
744 2140 878 2175 ipsorum,
900 2141 994 2177 inepte
1004 2151 1032 2170 ac

1091 2138 1171 2174 μεθα,
1195 2138 1390 2173 ὁμολογοῦντες
1404 2137 1453 2174 τὴν
1476 2138 1526 2174 μὲν
1546 2137 1667 2164 διάλυσιν
1681 2136 1728 2163 τοῦ
1753 2137 1876 2171 σώματος

250 2184 400 2219 sopbistice
421 2184 671 2216 declamitantium,
690 2185 817 2220 ambages
838 2188 1033 2222 praecidanrus;

249 2229 441 2264 fateamurque
453 2230 553 2258 resolvi
567 2238 668 2266 corpus
684 2231 802 2259 hominis
818 2232 879 2260 illas
894 2233 921 2260 in
931 2239 1032 2269 partes,

249 2275 350 2310 quibus
371 2283 403 2303 ex
424 2275 548 2309 partibus
572 2279 697 2309 constet;
718 2284 808 2311 neque
831 2282 932 2306 terram
954 2281 1034 2308 modo

248 2319 480 2354 quemadmodum
496 2327 587 2347 sermo
601 2320 712 2348 divinus
731 2322 861 2356 loquitur,
880 2324 914 2351 ad
933 2329 1032 2353 terram

247 2364 354 2395 reduci.
377 2363 425 2391 sed
437 2369 464 2392 et
473 2372 563 2392 aerem
574 2369 601 2392 et
614 2365 754 2393 humorem
769 2367 802 2394 ad
813 2375 844 2395 ea
857 2376 917 2403 quae
925 2371 1033 2404 generis

247 2406 370 2441 ejusdem
383 2413 458 2442 sunt,
477 2418 507 2438 se
524 2411 650 2440 conferre
668 2423 675 2440 τ
691 2414 820 2443 omnibus
839 2416 867 2442 in
880 2416 960 2444 nobis
973 2424 1038 2451 par-

247 2451 323 2479 tibus
341 2453 375 2480 ad
389 2461 434 2481 res
458 2454 510 2482 sibi
532 2462 665 2491 cognatas
681 2458 870 2492 tendentibus,
893 2461 952 2488 sive
968 2461 1038 2489 adeo

248 2503 349 2531 corpus
365 2497 516 2526 humanum
532 2508 547 2527 a
563 2503 717 2531 carnivoris
732 2505 841 2536 avibus,
865 2506 924 2533 sive
941 2506 1038 2534 imma-

247 2542 330 2570 nibus
354 2543 463 2577 belluis,
486 2546 545 2574 sive
561 2547 684 2582 piscibus
703 2549 859 2584 devoretur,
883 2551 942 2579 sive
959 2552 1038 2580 deni-

247 2596 301 2636 que
315 2596 381 2624 rogo
399 2590 556 2626 impositura
571 2593 597 2621 in
611 2593 702 2623 fumos
716 2603 749 2623 ac
764 2596 871 2624 cineres
886 2597 1036 2636 redigatur.

248 2633 417 2671 Quocunque
429 2642 521 2665 autem
546 2639 607 2667 loco
621 2648 684 2668 esse
707 2641 827 2669 hominis
850 2633 955 2676 corpus
979 2647 1037 2670 sta-

247 2685 368 2715 tuamus,
383 2683 411 2711 id
424 2684 534 2719 quidem
545 2687 811 2722 constabit,opinor,
828 2688 880 2714 hoc
890 2688 918 2715 in
931 2689 1034 2716 mundo

248 2727 316 2756 illud
337 2728 410 2756 baud
431 2730 514 2759 dubie
537 2732 683 2761 contineri.
710 2732 840 2761 Mundum
869 2741 952 2768 porro
985 2734 1033 2763 Dei

283 2817 304 2833 "
325 2817 333 2844 l
349 2819 411 2844 (lor.
430 2827 474 2852 xv,
493 2819 523 2846 l2
540 2828 599 2855 sqq.
639 2820 662 2836 ”
683 2820 752 2853 l’sal.
771 2829 829 2854 cm,
849 2821 893 2854 ‘29,
911 2822 955 2848 50.

1090 2185 1130 2216 εἰς
1145 2183 1179 2210 τὰ
1196 2183 1226 2216 ἐξ
1238 2181 1275 2210 ὧν
1291 2183 1450 2218 συνέστηκε,
1474 2183 1609 2218 γίνεσθαι,
1626 2182 1673 2209 καὶ
1686 2182 1716 2209 οὗ
1733 2182 1813 2217 μόνον
1829 2181 1876 2216 τὴς»

1089 2230 1141 2264 γῆν
1157 2229 1228 2256 κατὰ
1249 2229 1295 2256 τὸν
1315 2229 1385 2256 θεῖον
1406 2228 1483 2263 λόγον
1505 2230 1544 2260 εἰς
1558 2229 1607 2263 τὴν
1632 2227 1683 2262 γῆν
1697 2227 1874 2254 ἀναλύεσθαι·

1088 2275 1157 2302 ἀλλὰ
1168 2275 1215 2301 καὶ
1230 2274 1275 2301 τὸν
1287 2275 1366 2310 ἀέρα,
1379 2274 1425 2301 καὶ
1441 2274 1469 2300 τὸ
1484 2274 1567 2309 ὑγρὸν
1580 2274 1751 2309 προσχωρεῖν
1764 2272 1802 2307 τῷ
1817 2273 1879 2306 ὁμο-

1086 2321 1172 2357 φύλῳ,
1190 2322 1238 2348 καὶ
1247 2321 1363 2348 ἑκάστου
1373 2321 1428 2347 τῶν
1439 2322 1468 2347 ἐν
1482 2322 1547 2356 ἡμῖν
1561 2320 1628 2355 πρὸς
1640 2320 1670 2346 τὸ
1688 2319 1817 2353 συγγενὲς
1829 2318 1875 2353 τὴν

1088 2365 1280 2402 μεταχώρησιν
1289 2365 1441 2400 γίγνεσθαι,
1453 2365 1503 2392 κᾶν
1511 2366 1568 2396 τοῖς
1579 2364 1756 2400 σαρκοϐόροις
1764 2363 1875 2398 ὀρνέοις,

1086 2413 1138 2440 κᾶν
1152 2414 1209 2444 τοῖς
1225 2412 1376 2447 ὼμοτάτοις
1391 2411 1497 2447 Θηρίοις
1513 2409 1650 2446 ἀναμιχθῇ
1666 2409 1697 2436 τὸ
1710 2407 1876 2443 ἀνθρώπινον

1088 2459 1169 2494 σῶμα
1193 2458 1236 2485 διὰ
1256 2458 1308 2493 τῆς
1331 2457 1469 2493 βρώσεως,
1486 2456 1538 2483 κᾶν
1559 2455 1611 2482 ὑπὸ
1637 2455 1684 2482 τὸν
1708 2454 1801 2481 ὀδόντα
1823 2452 1875 2479 τῶν

1090 2503 1188 2540 ἰχθύων
1202 2504 1278 2540 ἔλθῃ,
1299 2504 1351 2530 κᾶν
1375 2504 1414 2535 εἰς
1430 2503 1535 2538 ἀτμοὺς
1552 2502 1599 2529 καὶ
1622 2501 1696 2527 κόνιν
1722 2499 1872 2534 μεταῧληθῇ

1087 2549 1126 2585 τῷ
1141 2549 1218 2584 πυρί.
1238 2549 1325 2575 Ὅπου
1340 2547 1362 2574 δ’
1383 2546 1416 2574 ἄν
1432 2554 1474 2578 τις
1492 2545 1553 2572 καθ’
1568 2544 1696 2571 ὑπόθεσιν
1713 2542 1873 2578 περιενέγκῃ

1086 2597 1126 2632 τῷ
1141 2597 1213 2632 λόγῳ
1233 2595 1278 2623 τὸν
1297 2595 1450 2630 ἄνθρωπον,
1467 2593 1544 2625 ὲντδς
1570 2591 1616 2619 τοῦ
1640 2589 1873 2632 κόσμου’-πάντως

1087 2624 1160 2670 ἐστί·
1175 2624 1269 2669 τόῦτον
1281 2642 1310 2668 δὲ
1324 2624 1357 2676 cii
1372 2624 1448 2676 χειρὶ.
1461 2639 1508 2666 τοῦ
1528 2637 1596 2665 Θεοῦ
1612 2624 1844 2673 περικρατίεᾟθαι,
1858 2635 1872 2668 ἠ

1087 2690 1264 2721 θεόπνευστος
1284 2689 1403 2715 διδάσκει
1425 2687 1512 2723 φωνή.
1530 2686 1562 2712 Et
1577 2683 1622 2712 οὖν
1639 2684 1670 2712 σύ
1691 2693 1717 2710 τι
1732 2682 1787 2710 τῶν
1800 2683 1827 2707 ὲν
1841 2682 1872 2716 τῇ

1089 2737 1121 2771 σῇ
1136 2735 1249 2772 παλάμῃ
1262 2735 1310 2762 οὐκ
1326 2735 1443 2770 ἀγνοεῖς,
1460 2731 1504 2769 ἆρ’
1519 2732 1572 2760 οίει
1591 2731 1642 2767 τῆς
1666 2730 1716 2765 σῆς
1737 2728 1872 2763 δυνάμεως

1317 2832 1323 2846 1
