1977 3071
111 117 164 147 225

731 119 775 146 DE
794 118 936 147 HOMINIS
953 119 1112 148 OPIFICIO.

1684 125 1738 154 228

113 178 280 214 ἀτονωτέραν
299 175 369 204 εἶναι
391 177 440 213 τὴν
464 177 512 204 τοῦ
537 176 605 203 Θεοῦ
627 177 735 212 γνῶσιν,
756 177 793 209 ὡς
815 177 852 213 μὴ
868 178 901 205 ἂν

957 179 1072 213 positum
1093 186 1152 207 esse
1169 179 1195 206 in
1222 187 1316 212 manu,
1341 180 1450 208 Litterae
1475 180 1607 209 divinitus
1632 183 1739 210 tradita

111 225 232 259 ἐξευρεῖν
249 223 305 250 τῶν
321 223 563 259 ὶμπεριεχομένων
579 222 631 250 ὑπὸ
646 222 696 258 τῆς
716 222 790 254 θείας
806 223 904 249 σπιθα-

111 269 166 306 μῆς
184 269 233 304 τὴν
250 267 410 304 ἀκρίϐειαν;

952 225 1091 252 docent”.
1115 224 1194 258 Quod
1212 226 1235 253 si
1250 230 1279 253 tu
1305 234 1337 254 ea
1354 235 1408 254 non
1430 227 1551 262 ignoras,
1576 235 1640 262 quae.
1655 235 1738 255 manu

950 273 997 297 tua
1017 272 1194 299 continentur
1209 280 1217 298 :
1235 280 1285 299 cur
1302 271 1387 299 Deum
1408 274 1499 301 minus
1515 281 1576 301 esse
1597 275 1740 309 perspica-

111 323 178 346 cem,
197 322 278 350 quam
294 318 324 342 tu
338 314 388 347 sis,
408 313 551 342 existimas
564 323 570 341 :
586 314 666 350 quasi
679 321 735 342 non
750 305 877 342 accurate
891 316 983 344 omnia
999 325 1060 352 qua:
1076 319 1166 353 palma
1179 327 1229 347 sua
1244 320 1446 354 complectitur,
1464 325 1527 348 nota
1542 326 1739 358 perspectaque

111 360 228 388 habeat!

365 416 565 445 ΚΕΦΑΛΔΙΟΝ
583 418 647 445 KZ'.

115 477 176 502 Ὀτι
189 475 320 502 δυνατόν
338 475 433 507 ἐστιν,
448 476 492 508 είς
513 475 550 502 τὰ
567 475 621 502 τοῦ
642 476 754 509 παντὸς
767 475 901 509 στοιχεῖα

146 511 200 537 τοῦ
215 511 403 544 ἀνθρωπίνου
422 509 558 544 σώματος
573 511 785 543 ἀναλυθέντος,
809 509 901 538 πάλιν

146 546 180 572 ἐκ
194 546 247 572 τοῦ
265 545 369 572 κοινοῦ
384 544 502 576 ἑκάστῳ
517 545 551 571 τὸ
571 545 648 571 ἴδιον
660 545 864 579 ἀποσωθῆναι.

154 589 233 616 Ἀλλὰ
249 589 329 623 τυχὸν
347 588 415 624 πρὸς
426 587 461 615 τὰ
474 590 592 623 στοιχεῖα
605 588 652 615 τοῦ
670 590 768 621 παντὸς
784 589 900 624 βλέπων.

112 635 241 662 δύσκολον
263 635 316 661 οἴει
329 634 378 660 τοῦ
405 634 435 660 ὲν
453 634 519 669 ¹ἡμῖν
538 635 620 670 ἀέρος
635 635 704 670 πρὸς
726 636 757 662 τὸ
777 635 906 669 συγγενὲς

114 683 244 716 στοιχεῖον
258 680 446 715 ἀναχεθέντος,
462 679 567 707 καὶτοῦ
583 681 685 716 θερμοῦ
704 689 734 707 τε
748 681 795 708 καὶ
810 680 904 716 ὑγροῦ,

113 727 161 754 καὶ
183 726 230 753 τού
248 725 366 761 γεώδους
391 725 522 758 ὡσαύτως
547 727 603 758 τοῖς
619 726 764 761 ὁμοφύλοις
786 727 904 761 ἐγκατα-

1221 417 1338 448 CAPUT
1359 419 1466 448 XXVII.

954 472 1029 500 Fieri
1043 482 1127 508 posse,
1143 480 1172 501 ut
1185 484 1278 510 sparsa
1295 477 1322 503 in
1343 477 1470 504 elementa
1493 479 1672 506 univcrsitatis
1691 480 1741 507 Itu-

990 517 1068 549 mano
1084 518 1201 544 corpore,
1218 512 1286 549 quod
1303 513 1440 549 proprium
1454 517 1539 540 tamen
1553 515 1691 549 unicuique
1701 521 1738 542 est

988 551 1021 570 ex
1032 545 1081 571 illa
1094 547 1281 572 communitate
1292 548 1456 574 restituatur.

990 589 1025 616 At
1038 591 1122 623 enim,
1145 591 1210 618 dum
1237 592 1371 619 elementa
1396 594 1585 623 universitatis
1610 595 1737 626 intueris.

955 634 1015 662 fore
1026 636 1168 664 existimas
1191 637 1361 672 perdiliicile,
1387 642 1417 665 ut
1442 647 1475 666 ex
1494 642 1692 669 communitate
1710 642 1737 669 id

954 680 1027 714 quod
1041 688 1187 715 corporum
1195 682 1365 717 singulorum
1376 685 1516 719 proprium
1529 690 1581 717 est,
1592 687 1740 721 aliquando

952 731 1052 752 rursus
1067 725 1198 760 conﬂuat,
1220 730 1364 761 postquam
1373 729 1458 756 semel
1469 733 1496 756 et
1511 730 1624 764 spiritus
1641 731 1667 757 in
1689 739 1738 758 noo

117 772 277 808 μιχθέντων,
297 771 378 798 πάλιν
398 772 430 798 ἐκ
447 771 493 798 τοῦ
519 771 609 799 κοινοῦ
637 772 668 799 τὸ
686 774 784 800 οἰκεῖον
804 774 851 800 ἐπὶ
873 773 904 800 τὸ

957 770 996 798 bis
1011 776 1155 807 cognatum
1180 772 1208 799 in
1227 772 1391 801 elementum
1420 774 1561 809 dispersus
1577 779 1628 808 est,
1653 781 1679 803 et
1692 784 1739 803 ca—

115 819 181 845 ῐδιον
199 817 375 853 ἀναδραμεῖν.
396 815 463 844 Εἶτα
476 818 506 844 οὐ
525 817 619 854 λογίζῃ
633 818 676 845 διὰ
695 819 749 845 τῶν
771 819 905 855 ἀνθρωπί-

957 815 1007 848 lor,
1019 820 1045 843 et
1059 816 1167 848 humor.
1184 821 1211 845 et
1225 822 1318 853 partes
1330 823 1435 851 terrete,
1459 821 1543 848 rebus
1568 821 1611 848 sui
1631 822 1739 849 scilicet

116 872 169 890 νων
186 863 406 898 ὑποδειγμάτων,
426 863 456 888 τὸ
475 860 543 898 μηδὲ
563 863 642 889 τοῦτο
657 863 707 898 τῆς
731 864 805 895 θείας
824 864 904 891 δυνά-

117 918 189 945 μεως
205 908 381 944 ὑπερὸαίνειν
396 908 460 940 τοὺς
475 909 570 944 ὂρους;
591 906 668 941 Εἶδες
684 918 736 936 που
751 910 859 942 πάντως
874 911 904 937 ὲν

115 956 173 986 ταῖς
189 954 371 989 ἀνθρωπίναις
395 954 518 989 οἰκήσεσι
538 954 632 988 κοινὴν
654 955 754 990 ἀγέλην
772 955 849 987 ζώων
864 964 904 982 τι-

115 1001 178 1034 νῶν,
197 1001 229 1026 ὲκ
241 1000 330 1026 κοινοῦ
349 1000 557 1036 συνισταμένην.
577 1001 646 1027 Ἀλλ’
665 1002 728 1028 ὅταν
743 1002 823 1028 πάλιν
837 1002 904 1037 πρὸς

116 1045 180 1077 τοὺς
196 1045 381 1080 κεκτημένους
406 1045 474 1080 αὐτὴ
501 1046 728 1082 καταμερίζηται,
745 1047 763 1082 ἦ
788 1056 818 1073 τε
835 1047 903 1082 πρὸς

117 1091 181 1122 τοὺς
198 1090 290 1122 οἴκους
309 1090 449 1125 συνήθεια,
465 1090 513 1116 καὶ
529 1089 563 1117 τὰ
579 1091 740 1126 ἐπικείμενα
760 1093 859 1127 σημεῖα
873 1092 904 1118 τὸ

117 1136 182 1163 ἴδιον
207 1136 315 1170 ἑκάστῳ
338 1134 548 1170 ἀποκαθίστησι.
575 1135 701 1162 Τοιοῦτόν
723 1145 749 1162 τι
776 1136 904 1171 καὶπερὶ

117 1182 229 1209 σεαυτὸν
256 1181 364 1213 ἐννοῶν,
394 1182 442 1216 οὐχ
470 1182 639 1217 ἀμαρτήσεις
664 1181 712 1208 τοῦ
741 1182 901 1218 πρέποντος.

116 1228 217 1263 1Ινυσικῇ
231 1227 286 1263 γάρ
300 1236 353 1254 τινι
370 1227 460 1262 σχέσει
472 1227 520 1253 καὶ
532 1228 633 1262 στοργῇ
652 1227 718 1262 πρὸς
734 1227 765 1254 τὸ
779 1229 904 1263 συνοικῆ-

117 1283 166 1301 σαν
186 1274 266 1309 σῶμα
278 1274 328 1308 τῆς
342 1274 431 1308 ψυχῆς
448 1273 630 1308 διακειμένης,
645 1273 702 1300 ἐστι
721 1282 763 1305 τις
789 1274 858 1301 κατὰ
873 1275 904 1301 τὸ

115 1319 225 1355 λεληθὸς
246 1320 314 1355 αὐτῇ
341 1319 385 1346 διὰ
410 1319 461 1354 τῆς
486 1319 712 1354 συνανακράσεως
730 1319 777 1346 τοῦ
803 1321 903 1346 οἰκείου

116 1366 207 1401 σχέσις
236 1374 266 1392 τε
300 1365 348 1392 καὶ⁵
378 1364 545 1398 ὲπίγνωσις,
583 1362 639 1391 οἷον
671 1366 791 1400 σημείων
823 1366 903 1393 τινῶν

114 1411 190 1447 παρὰ
215 1411 266 1445 τῆς
291 1410 398 1444 φύσεως
427 1410 619 1444 ἐπικειμένων,
647 1410 680 1436 δι’
707 1407 744 1437 ὧν
770 1412 787 1446 ἡ
817 1412 904 1437 κοινό-

954 862 1062 896 generis
1086 863 1193 898 singula
1216 865 1346 898 permista
1373 869 1448 892 sunt.
1469 866 1535 897 Cur,
1559 867 1684 900 obsecro.
1705 868 1740 896 de

954 906 1083 935 humanis
1100 908 1181 935 etiam
1197 910 1331 944 exemplis
1348 918 1402 938 non
1413 912 1519 947 colligis
1534 913 1737 945 ratiocinando,

954 953 1053 981 divinae
1067 955 1210 988 potestatis
1226 956 1276 982 hoc
1296 957 1428 985 terminos
1445 965 1498 985 non
1512 959 1665 986 excedere?
1678 959 1738 986 Non

954 1003 1033 1033 potes
1047 1007 1101 1027 non
1119 1000 1267 1035 aliquando
1287 1001 1320 1028 iis
1336 1002 1363 1028 in
1388 1002 1466 1035 locis,
1485 1003 1585 1038 quibus
1613 1004 1741 1031 homines

954 1044 1117 1077 habitarent,
1132 1053 1305 1073 communem
1321 1048 1478 1074 animalium
1496 1057 1604 1084 gregem
1621 1050 1737 1081 vidisse.

954 1092 1001 1127 qui
1017 1092 1138 1126 plurium
1152 1097 1235 1120 esset.
1261 1092 1310 1120 Hic
1323 1094 1347 1120 si
1362 1102 1427 1121 suos
1441 1095 1474 1121 ad
1488 1095 1616 1122 dominos
1639 1095 1740 1124 deinde

954 1137 1151 1170 remitteretur,
1168 1138 1386 1166 animadvertere
1401 1140 1515 1174 potuisti
1539 1142 1662 1175 singulos
1677 1142 1739 1169 ani-

953 1182 1035 1209 malia
1052 1190 1102 1210 sua
1124 1190 1297 1217 recuperare,
1323 1187 1379 1210 tum
1404 1185 1477 1218 quod
1501 1192 1533 1211 ea
1563 1185 1738 1213 dominorum

955 1229 1062 1257 tedihus
1073 1229 1271 1262 assuevissent,
1288 1233 1345 1256 tum
1372 1230 1445 1264 quod
1462 1231 1532 1258 notis
1560 1235 1653 1259 essent
1680 1233 1740 1267 qui-

954 1274 1069 1302 busdam
1082 1276 1200 1309 signata.
1223 1275 1297 1302 ldem
1323 1275 1395 1303 side
1419 1277 1565 1310 temetipso
1590 1278 1736 1312 cogitabis.

954 1318 1165 1353 haudquaquam
1182 1326 1196 1345 a
1212 1325 1276 1346 vero
1297 1319 1480 1346 aberravcris.
1507 1320 1576 1347 Nam
1595 1329 1656 1348 cum
1677 1323 1739 1349 ani--

955 1373 1015 1391 mus
1031 1364 1173 1392 affectione
1193 1369 1220 1392 et
1232 1373 1326 1392 amore
1342 1373 1356 1392 a
1369 1370 1466 1393 natura
1474 1367 1605 1401 singulari
1624 1375 1736 1402 corpus,

955 1410 981 1437 in
1009 1411 1090 1445 cujus
1118 1411 1197 1445 quasi
1230 1412 1412 1438 contubernio
1444 1412 1505 1443 fuit,
1536 1420 1739 1448 prosequatur:

115 1465 165 1492 της
205 1455 358 1490 ἀσύγχυτος
399 1454 473 1489 μένει
511 1455 701 1491 διακρινομένη
741 1457 799 1487 τοῖς
837 1456 903 1483 ιδιά-

957 1456 1059 1483 idcirco
1075 1457 1099 1484 ei
1124 1456 1158 1484 de
1177 1457 1370 1491 conjunctione
1393 1458 1510 1491 pristina
1528 1458 1650 1492 quaedam
1667 1459 1740 1486 inest

116 1502 204 1533 ζουσι.
237 1501 292 1536 Τῆς
327 1500 418 1526 τοίνυν
452 1499 542 1536 ψυχῆς
578 1501 608 1528 τὸ
639 1502 768 1535 συγγενές
795 1510 824 1528 τε
857 1503 905 1528 καὶ

116 1546 182 1574 [διον
211 1547 253 1582 ἐφ’
274 1546 372 1582 ἑαυτὴν
393 1547 474 1573 πάλιν
498 1546 639 1582 ἑλκούσης,
665 1547 707 1578 τίς
730 1547 820 1579 πόνος,
844 1548 905 1574 είπέ

118 1603 172 1629 μοι,
188 1595 221 1628 τῇ
239 1593 299 1628 θείᾳ
313 1593 427 1628 δυνάμει
444 1590 564 1620 κωὶῦσαι
583 1592 637 1618 τῶν
652 1592 760 1619 οἰκείων
778 1593 826 1628 τὴν
841 1602 905 1620 συν-

115 1641 228 1676 δρομὴν,
244 1641 357 1676 ἀρρήτῳ
380 1640 433 1667 τινὶ
451 1641 483 1675 τῇ
500 1641 550 1676 τῆς
575 1640 682 1675 φύσεως
702 1641 767 1677 ὁλκῇ
784 1642 852 1675 πρὸς
874 1643 905 1669 τὺ

116 1687 181 1713 ἴδιον
189 1686 388 1721 ὲπειγομὲνωνς
401 1685 437 1712 Τὸ
449 1686 502 1722 γὰρ
513 1687 694 1721 ἐπιδιαμένειν
706 1688 767 1715 τινὰ
778 1690 809 1724 τῇ
821 1688 904 1724 ψυχῇ,

115 1733 164 1759 καὶ
187 1732 255 1767 μετὰ
273 1732 321 1768 τὴν
343 1732 474 1764 διάλυσιν,
495 1733 594 1767 σημεῖα
611 1733 656 1759 τοῦ
679 1733 812 1769 ἡμετέρου
839 1743 904 1768 συγ-

117 1777 260 1813 κρίματος,
274 1777 408 1803 δείκνυσιν
423 1778 437 1803 ὀ
461 1778 531 1803 κατὰ
554 1777 599 1803 τὸν
615 1777 680 1812 ᾅδην
698 1778 831 1812 διάλογος,
851 1779 906 1805 τῶν

119 1824 168 1858 μὲν
187 1823 320 1859 σωμάτων
338 1822 377 1857 τῷ
389 1823 466 1857 τάφῳ
482 1822 697 1858 παραδοθέντων,
717 1824 906 1860 γνωρίσματος

117 1870 147 1896 δέ
164 1878 236 1901 τινος
257 1868 413 1903 σωματικοῦ
435 1869 494 1899 ταῖς
509 1868 610 1902 ψυχαῖς
630 1870 856 1903 παραμείναντος,
873 1870 906 1896 δι’

118 1912 149 1942 οὗ
164 1915 211 1942 καὶ
235 1916 250 1941 ὀ
276 1914 400 1948 Λάζαρος
423 1913 593 1948 ἐγνωρίζετο¹
612 1914 660 1939 καὶ
678 1914 728 1941 οὐκ
750 1915 872 1949 ἠγνοεῖτο
892 1916 906 1942 ὁ

119 1960 255 1991 πλούσιος.
280 1959 384 1986 οὐκοῦν
397 1958 472 1985 οὐδὲν
489 1958 540 1991 ἔξω
555 1958 601 1984 τοῦ
622 1959 725 1991 εἰκότος
739 1960 808 1992 ἐστὶ,
826 1961 907 1988 πάλιν

117 2005 256 2033 πιστεύειν
275 2006 306 2031 ὲκ
326 2004 373 2031 τοῦ
389 2003 477 2031 κοινοῦ
496 2004 565 2039 πρὸς
580 2004 609 2030 τὸ
634 2005 696 2032 ἴδιον
711 2005 763 2041 ’τὴν
778 2006 906 2034 ἀνάλυσιν

116 2052 238 2087 γίνεσθαι
252 2051 306 2077 τῶν
320 2050 507 2085 ἀνισταμένων
527 2050 672 2085 σωμάτων,
686 2052 733 2077 καὶ
747 2052 863 2087 μάλιστὰ
874 2062 905 2087 γε

116 2099 156 2134 τῷ
179 2097 391 2133 φιλοπονώτερον
420 2097 468 2132 τὴν
490 2097 569 2131 φύσιν
588 2097 667 2132 ἡμῶν
691 2098 904 2131 κατεξετάζοντι.

955 1509 1020 1537 erga
1040 1502 1183 1536 proprium
1210 1509 1310 1536 corpus
1331 1503 1438 1529 occulta
1468 1504 1526 1530 sive
1549 1503 1657 1531 ali'ectio
1683 1504 1740 1531 sive

955 1548 1069 1582 agnitio.
1096 1552 1192 1574 natura
1209 1548 1287 1582 quasi
1313 1553 1392 1575 notas
1413 1550 1528 1583 singulis
1554 1550 1738 1584 iniprimcnte,

955 1601 989 1620 ne
1007 1593 1064 1624 illa,
1079 1601 1160 1627 quam
1181 1593 1310 1624 dicimus,
1324 1594 1350 1620 in
1366 1595 1560 1621 communitate
1576 1595 1667 1621 omnia
1678 1602 1742 1622 con-

956 1638 1146 1668 funderentur.
1165 1637 1211 1665 sed
1228 1637 1365 1672 quoddam
1394 1639 1564 1672 singulorum
1591 1639 1740 1666 discrimen

955 1689 1119 1714 remaneret.
1135 1685 1307 1720 Quapropter
1324 1693 1385 1712 cum
1401 1685 1509 1713 animus
1528 1686 1586 1720 ipse
1607 1686 1740 1721 quidquid

956 1732 1008 1760 sibi
1024 1735 1170 1766 cognatum
1184 1736 1211 1758 et
1228 1732 1369 1766 proprium
1384 1734 1437 1763 est,
1454 1732 1585 1766 colligat;
1603 1733 1675 1766 quis,
1693 1733 1742 1759 01)-

956 1786 1046 1810 secro,
1067 1778 1144 1805 labor
1161 1777 1289 1811 potestati
1308 1776 1406 1804 divinae
1424 1776 1517 1808 fuerit,
1539 1776 1681 1811 impedire.
1710 1782 1741 1804 ut

956 1832 990 1852 ne
1002 1828 1117 1860 cognata
1135 1831 1231 1850 rursus
1245 1824 1422 1856 concurrant,
1447 1829 1508 1856 quae
1534 1821 1618 1848 ductu
1635 1826 1741 1848 natum

956 1870 1073 1904 quodam
1088 1867 1218 1895 inellahili
1232 1868 1265 1894 ad
1280 1875 1309 1895 se
1324 1871 1420 1894 mutuo
1443 1866 1570 1894 feruntur
1580 1866 1592 1892 ?
1604 1865 1632 1893 In
1648 1867 1740 1892 animo

956 1915 1078 1951 quidem,
1100 1914 1183 1941 etiam
1198 1916 1260 1947 post
1282 1912 1448 1946 diremptum
1476 1911 1557 1946 hujus
1585 1919 1600 1938 a
1615 1919 1739 1945 corpore,

957 1961 1034 1995 signa
1044 1960 1167 1994 qumdam
1184 1966 1340 1993 superesse,
1349 1957 1383 1985 de
1395 1958 1495 1992 quibus
1505 1965 1604 1992 corpus
1615 1961 1741 1985 nostrum

958 2010 1097 2041 agnoscat.
1111 2005 1232 2032 declarat
1249 2005 1281 2036 is,
1301 2004 1346 2039 qui
1362 2003 1472 2031 habitus
1487 2007 1529 2031 est
1544 2011 1558 2030 ιι
1572 2003 1654 2030 divite
1670 2003 1742 2037 apud

958 2054 1061 2080 inferos
1079 2053 1111 2079 ad
1127 2051 1309 2079 Abrahamum
1322 2057 1413 2078 sermo
1422 2050 1455 2076 9'.
1468 2049 1536 2076 Nam
1555 2050 1682 2084 quamvis
1699 2057 1743 2077 es-

958 2097 1141 2126 senttumulis
1154 2096 1281 2123 mandata
1297 2103 1422 2130 corpora,
1433 2099 1523 2122 tamen
1540 2100 1602 2122 nota
1617 2095 1741 2129 quzedam

116 2144 187 2172 Οὔτε
202 2143 255 2179 γὰρ
266 2143 299 2169 δι’
309 2142 369 2168 ὅλου
379 2142 408 2168 ὲν
422 2142 498 2176 ῥύσει
510 2142 556 2168 καὶ
569 2142 702 2178 μεταϐολῇ
720 2143 751 2169 τὺ
761 2144 903 2180 ἡμέτερον.

958 2151 1089 2178 corporea
1114 2142 1263 2170 inhaerebat
1287 2142 1389 2173 animo,
1413 2141 1446 2168 de
1471 2149 1524 2175 qua
1550 2141 1588 2166 uti
1621 2140 1742 2167 Lazarus

117 2189 157 2216 Ἦ
172 2189 225 2224 γὰρ
239 2189 271 2215 ἃν
285 2189 404 2223 ἄληπτον
416 2186 450 2223 ἦν
468 2187 580 2214 καθόλου
603 2187 641 2222 τῷ
659 2189 792 2222 μηδεμίαν
814 2191 906 2218 στάσιν

118 2235 189 2270 ἔχειν
203 2232 355 2267 ἐκφύσεως
368 2240 375 2247 ·
392 2231 459 2258 ἀλλὰ
473 2232 544 2258 κατὰ
555 2232 600 2258 τὸν
614 2232 807 2268 ἀκριϐέστερον
817 2234 904 2268 λόγον,

118 2280 150 2306 τδ
168 2279 214 2315 μέν
236 2288 262 2305 τι
280 2279 378 2313 ἔστηκε
403 2277 458 2304 τῶν
479 2278 508 2303 ὲν
533 2278 616 2312 ἡμῖν;
643 2277 674 2303 τὸ
692 2278 720 2303 δὲ
740 2278 774 2304 δι’
792 2279 906 2306 ἀλλοιώ-

120 2334 188 2356 σεως
200 2325 331 2360 πρόεισιν.
353 2323 518 2350 Ἀλλοιοῦται
535 2323 583 2358 μὲν
602 2323 656 2358 γὰρ
673 2323 706 2349 δι’
722 2323 861 2359 αὑξήσεώς
877 2335 906 2352 τε

119 2371 167 2397 καὶ
194 2370 330 2405 μειώσεως
348 2369 378 2395 τὸ
394 2369 484 2404 σῶμα,
502 2366 557 2394 οἷον
579 2368 673 2403 ἱμάτιὰ
693 2377 761 2401 τινα,
780 2370 829 2402 τὰς
845 2371 910 2398 καθ-

119 2416 182 2451 εξῆς
196 2415 303 2451 ἡλικίας
322 2414 540 2450 μετενδυόμενον.
566 2413 685 2449 ’Ἑστηκε
707 2414 735 2440 δὲ
756 2415 800 2442 διὰ
820 2417 910 2452 πάσης

119 2462 222 2497 τροπῆς
237 2461 424 2496 ἀμετάϐλητον
444 2460 486 2494 ἐφ’
502 2458 599 2486 ἑαυτοῦ
614 2460 644 2486 τὸ
663 2458 741 2492 εἶδος,
758 2461 812 2488 τῶν
836 2463 909 2497 ἅπαξ

119 2507 317 2542 ἐπιϐληθέντων
332 2505 405 2540 αὐτῷ
421 2505 497 2540 παρὰ
516 2505 565 2539 τῆς
591 2505 697 2539 φύσεως
721 2507 841 2542 σημείων
860 2510 909 2535 οὐκ

119 2553 302 2588 ἐξιστάμενον,
318 2552 386 2578 ἀλλά
395 2552 496 2583 πάσαις
509 2551 569 2582 ταῖς
580 2550 650 2577 κατὰ
663 2552 693 2577 τὸ
704 2552 783 2587 σῶμα
793 2542 909 2588 τροπαῖς

120 2598 191 2634 μετὰ
204 2599 257 2625 τῶν
274 2598 346 2624 ἰδίων
366 2598 565 2633 ἐμφαινόμενον
579 2597 784 2632 γνωρισμάτων.
812 2599 909 2632 ’Υπεξ-

119 2643 249 2679 αιρείσθω
263 2643 292 2670 δὲ
305 2643 351 2670 τοῦ
371 2643 451 2677 λόγου
468 2644 483 2678 ἡ
500 2644 531 2669 ἐκ
550 2642 652 2674 πάθους
666 2643 816 2676 ἀλλοίωσις,
833 2645 848 2679 ἡ
869 2645 908 2679 τῷ

119 2688 183 2714 εῖδει
197 2687 446 2722 ἐπισυμϐαίνουσα·
465 2685 520 2713 οἷον
539 2687 594 2721 γάρ
609 2695 634 2713 τι
648 2689 818 2722 προσωπεῖον
832 2688 909 2716 ἀλλό-

119 2742 194 2769 τριον
206 2734 222 2768 ή
232 2734 303 2760 κατὰ
318 2733 367 2768 τὴν
380 2733 456 2759 νόσον
467 2732 589 2768 ἀμορφία
599 2731 774 2767 διαλαμϐάνει
784 2733 815 2760 τὸ
827 2731 906 2768 εἶδος,

156 2824 178 2840 ’⁸
197 2823 268 2851 Psal.
289 2830 361 2855 χειν,
383 2823 409 2849 4.
447 2823 469 2839 ’⁵
495 2822 560 2850 Luc.
577 2830 633 2854 xvr,
650 2822 682 2850 19
697 2830 757 2858 sqq.

958 2189 1167 2224 agnoscebatur,
1198 2187 1234 2214 ita
1250 2195 1298 2221 per
1313 2186 1436 2213 eamdem
1456 2186 1565 2220 ignotus
1581 2193 1643 2212 esse
1664 2185 1742 2212 dives

958 2235 1004 2263 ille
1021 2242 1074 2262 non
1086 2236 1203 2268 poterat.
1221 2232 1397 2266 Nequaquam
1412 2231 1496 2266 igitur
1509 2231 1639 2257 abhorret
1649 2238 1664 2256 a
1675 2238 1742 2257 vero

949 2281 1016 2310 .luec
1043 2279 1196 2315 persuasio.
1223 2286 1276 2313 qua
1297 2286 1330 2305 ex
1350 2282 1437 2304 morte
1458 2277 1592 2304 suscitata
1614 2283 1742 2310 corpora,

959 2326 1156 2354 communitate
1188 2325 1294 2353 relicta.
1320 2323 1465 2358 pristinam
1490 2323 1523 2349 ad
1548 2322 1742 2357 proprietatem

959 2377 1103 2398 reversum
1127 2369 1285 2396 statuimus.
1304 2367 1454 2403 Apparebit
1477 2367 1528 2393 hoc
1545 2367 1571 2393 in
1594 2366 1701 2401 primis.
1722 2367 1745 2394 si

959 2417 1023 2452 quis
1042 2416 1214 2444 accuratiore
1233 2415 1326 2442 studio
1349 2413 1547 2448 Cognoscendze
1571 2418 1675 2439 natura:
1696 2420 1747 2439 no-

960 2471 1023 2491 strre
1042 2470 1072 2490 se
1088 2462 1187 2489 tradat.
1217 2461 1283 2487 Nam
1312 2459 1465 2487 existimari
1494 2467 1548 2486 non
1564 2458 1656 2490 debet,
1685 2465 1747 2485 esse

959 2517 1010 2536 nos
1025 2509 1151 2535 universe
1167 2515 1228 2534 cum
1242 2506 1339 2536 ﬂuxos.
1356 2511 1411 2532 tum
1428 2504 1572 2531 mutationi
1595 2503 1744 2530 obnoxios.

959 2554 1017 2581 Non
1034 2554 1106 2581 enim
1124 2553 1177 2579 ulla
1194 2553 1302 2579 ratione
1319 2550 1512 2585 comprehendi
1533 2553 1632 2576 natura
1653 2551 1746 2576 nostra

960 2603 1069 2634 posset,
1096 2598 1119 2626 si
1150 2598 1224 2625 nulla
1248 2598 1272 2624 ei
1305 2597 1407 2624 tributa
1429 2596 1507 2631 quies
1532 2603 1546 2621 a
1566 2598 1642 2623 motu
1666 2593 1746 2621 foret.

960 2646 1054 2680 Itaque
1071 2653 1100 2673 re
1118 2645 1275 2680 diligentius
1293 2644 1431 2678 indagata.
1452 2642 1622 2677 reperiemus
1647 2640 1746 2675 partim

960 2691 1058 2719 s'abile
1071 2690 1201 2726 quiddam
1227 2690 1253 2716 in
1270 2690 1350 2717 nobis
1375 2697 1446 2720 esse,
1469 2687 1569 2722 partim
1594 2685 1747 2713 mutatione

961 2737 1076 2769 varium,
1096 2736 1168 2772 quod
1189 2743 1328 2770 nunquam
1353 2742 1406 2762 non
1426 2733 1544 2761 lluxione
1559 2738 1608 2758 sua
1635 2737 1746 2765 progre-
