1977 3071
234 107 286 133 2‘27

850 104 879 132 S.
900 102 1062 131 GREGORII
1084 101 1230 130 NYSSENI

1813 97 1869 124 228

237 164 339 192 diatur.
352 163 417 190 Nam
434 169 534 196 corpus
547 161 633 189 altera
649 161 840 189 vicissitudine
857 169 904 196 per
924 169 1020 189 acere.

1076 160 1103 197 ῆς
1120 161 1158 195 τῷ
1170 161 1240 194 λόγῳ
1255 157 1484 194 περιαιρεθείσης,
1497 155 1623 190 καθάπερ
1636 156 1681 184 ἐπὶ
1695 154 1804 191 Νεεμάν
1816 155 1867 182 τοῦ

234 210 336 236 tionem
351 215 382 234 ac
403 207 612 234 diminutionem
635 211 768 239 mutatur,
790 212 816 235 et
832 211 926 234 aetates
955 208 1021 234 vita:

235 252 416 282 succedentes
430 253 482 279 sibi
501 254 580 287 quasi
594 257 683 280 vestes
699 254 832 288 quasdam
846 253 944 280 induit.
958 252 1020 280 Idea

233 307 298 326 \'Cl‘0
321 299 415 326 eadem
435 307 543 334 semper
564 303 665 331 manet,
693 303 771 326 extra
794 306 903 326 omnem
929 303 1019 326 muta-

1075 208 1172 242 Σύρου,
1189 207 1204 241 ἣ
1222 205 1332 232 ἐπὶτῶν
1353 203 1423 230 κατὰ
1439 203 1468 228 τὸ
1481 201 1646 236 Εὑαγγέλιον
1658 201 1867 236 ἱστορηθέντων,

1075 253 1156 279 πάλιν
1170 251 1201 278 τὸ
1214 249 1403 285 κεκρυμμένον
1418 247 1470 274 ὑπὸ
1485 247 1532 273 τοῦ
1547 246 1648 278 πάθους
1663 244 1741 277 εἶδος,
1759 245 1801 272 διὰ
1817 245 1869 280 τῆς

1074 297 1166 332 ὑγείας
1180 297 1210 322 ὲν
1224 296 1280 326 τοῖς
1295 294 1370 325 ἰδίοις
1381 293 1503 327 ἀνεφάνη
1515 291 1697 326 γνωρίσμασι.

232 345 486 379 bililatcm-posita.
509 352 598 380 neque
623 349 703 372 notas
732 345 834 372 inditas
860 353 874 372 a
898 351 995 373 natura
1013 345 1065 372 sibi
1082 342 1181 370 amittit
1199 351 1205 368 :
1225 341 1272 368 sed
1288 347 1459 375 quwcunque
1483 337 1591 372 corpori
1611 336 1776 363 mutationes
1790 336 1868 362 acci-

231 391 307 422 dant,
335 391 392 431 lucc
418 392 597 418 nihilominus
626 392 702 427 signa
731 400 790 424 sua,
818 393 851 420 de
871 393 973 427 quibus
995 395 1170 427 agnoscatur,
1195 386 1490 422 retiuet.-Excipieuda
1508 390 1598 415 tamen
1611 388 1686 415 venit
1699 384 1867 415 eamutatio,

232 445 292 470 qua:
311 438 405 463 morbo
430 437 521 470 aliquo
547 437 613 463 idem
639 437 782 471 contingit.
815 437 882 464 Nam
906 441 963 464 tum
994 440 1053 464 orta
1080 443 1112 463 ex
1145 434 1241 462 morbo
1271 432 1432 460 deformitas
1463 432 1551 459 ideam
1578 437 1705 468 occupat,
1735 435 1867 466 tanquam

233 483 305 508 larva
327 482 462 516 quaedam,
487 490 567 517 quam
594 482 615 509 si
639 482 664 509 ei
685 483 830 518 cogitando
853 482 1017 516 adimamus,
1038 482 1110 510 sicut
1128 480 1162 508 ab
1180 487 1210 507 ea
1239 479 1325 514 Syrus
1353 479 1398 506 ille
1427 477 1592 510 Neemanus,
1609 483 1636 506 et
1656 483 1749 505 decem
1770 476 1866 504 infecti

233 530 317 562 lepra.
339 529 371 555 de
396 529 497 563 quibus
515 535 594 555 sacro
612 528 639 555 in
655 528 804 563 Evangelia
823 528 962 556 memoria:
981 528 1117 563 proditum
1131 530 1174 554 est
1187 526 1222 558 ",
1245 524 1353 560 liberati
1374 523 1496 556 fuerunt,
1522 523 1610 551 ideam
1635 524 1750 552 antehac
1775 523 1866 551 morbi

233 577 258 603 vi
274 576 450 608 occultatam,
470 581 630 610 recuperata
658 576 776 603 sanitate
796 577 915 611 propriis
941 577 1013 604 notis
1027 575 1202 610 conspicuam
1218 580 1315 600 rursus
1329 573 1438 600 elucere
1455 579 1567 600 necesse
1582 577 1634 601 est.

267 621 450 654 Quamobrem
467 622 566 648 divinae
580 622 606 648 in
627 622 706 649 nobis
721 623 805 649 animi
826 623 1021 657 praestantissi-

234 676 339 702 maeque
359 668 429 702 parti
455 675 511 695 non
539 668 606 695 illud
625 667 728 694 fluxum
755 675 787 695 ac
810 668 950 707 mutabile,
972 667 1020 695 sed

1110 621 1155 656 Τῷ
1170 620 1260 647 τοίνυν
1272 619 1384 646 θεοειδεῖ
1397 618 1447 654 τῆς
1462 618 1552 653 ψυχῆς
1567 619 1596 644 οὐ
1614 618 1643 645 τὸ
1655 619 1714 653 ρέον
1731 619 1760 645 ἐν
1771 620 1803 654 τῇ
1817 619 1866 646 ὰλ-

1073 667 1179 694 λοιώσει
1191 666 1237 693 καὶ
1251 664 1457 700 μεθιστάμενον,
1470 664 1538 691 ἀλλὰ
1547 664 1577 690 τὸ
1591 664 1703 700 μόνιμόν
1713 673 1743 690 τε
1756 665 1802 691 καὶ
1811 665 1866 691 ώσ-

234 715 308 750 quod
324 715 350 741 in
366 721 498 749 compage
512 719 606 741 nostra
629 718 672 741 est
690 718 850 748 perpetuum
870 717 896 741 et
913 720 1021 748 semper

1076 712 1162 744 αύτως
1177 713 1237 747 ἕχον
1249 713 1278 738 ἐν
1289 710 1328 745 τῷ
1342 710 1402 737 καθ’
1413 710 1486 745 ἡμᾶς
1495 710 1670 745 συγκρίματι,
1680 710 1766 745 τούτῳ
1779 719 1865 745 προσ-

234 761 317 791 idem,
335 759 410 787 velut
425 759 540 786 insitum
561 758 821 794 adluerctﬁumque
836 759 945 786 diversa
953 763 1022 786 tem-

233 809 391 841 peramenta
413 805 535 832 diversas
549 806 630 832 etiam
652 805 729 832 ideas
750 805 879 838 eﬂiciant,
903 813 935 832 ac
952 811 1022 833 tem-

235 855 395 885 peramento
409 850 476 876 nihil
492 850 547 876 sint
567 849 643 876 aliud
661 856 741 884 quam
763 849 960 877 elementorum
978 848 1022 875 in-

233 901 275 923 ter
289 903 318 923 se
343 896 508 926 commistio,
533 895 567 922 de
590 895 691 929 quibus
711 902 772 921 cum
795 895 848 921 alia
871 895 898 921 in
927 901 1021 921 rerum

234 941 420 972 universitate,
439 945 496 967 tum
514 940 634 966 hominis
657 940 738 967 etiam
762 947 864 974 corpus
889 943 1020 972 constat;

234 993 347 1014 necesse
358 990 410 1018 est,
439 990 615 1020 permanente
631 986 657 1012 in
673 985 765 1013 animo
785 985 845 1013 idea
871 985 951 1019 quasi
975 992 1023 1019 per

234 1032 441 1066 expressionem
456 1031 550 1066 sigilli,
573 1038 628 1058 non
643 1031 733 1066 ignota
758 1031 783 1058 ei
809 1038 870 1058 esse
883 1038 945 1065 qua:
966 1030 1019 1057 for-

235 1084 306 1102 mam
333 1076 417 1109 ipsam
443 1075 533 1110 sigillo
555 1076 766 1109 impresserunt,
788 1075 956 1109 omninoque
977 1075 1023 1101 illa

235 1127 357 1156 tempore
373 1121 584 1148 instaurationis
608 1121 730 1148 utnnium
748 1128 844 1147 rursus
861 1120 945 1147 veluti
962 1119 1021 1146 col-

234 1167 298 1201 liget
312 1166 346 1193 ad
358 1174 430 1200 sese,
452 1174 622 1201 quaecunque
642 1166 676 1192 ad
688 1165 754 1193 idea:
774 1165 889 1193 formam
915 1172 1024 1199 expres-

235 1219 293 1239 sam
311 1216 478 1246 congruent;
490 1216 642 1245 congruent
654 1215 744 1238 autem
759 1210 830 1237 haud
847 1210 938 1242 dubie,
949 1217 1023 1244 quaa-

233 1264 342 1292 eunque
370 1257 404 1283 ab
428 1257 507 1283 initio
535 1257 602 1283 idea:
630 1256 732 1283 fuerint
762 1257 905 1290 impressa.
937 1255 1023 1290 Igitur

236 1302 384 1329 absurdum
401 1309 455 1328 non
469 1305 520 1332 est,
534 1301 560 1327 id
577 1301 650 1335 quod
659 1306 702 1328 est
717 1301 850 1335 cujusque
869 1301 1020 1335 proprium,

237 1347 333 1373 relicta
349 1346 546 1373 communitate
564 1347 596 1372 ad
614 1345 736 1380 singulos
750 1346 909 1372 rediturum.
925 1344 1021 1372 Vivum

1073 758 1178 792 φύεται.
1191 757 1245 784 Καὶ
1253 756 1346 791 ἐπειδὴ
1357 755 1406 787 τὰς
1415 755 1485 783 κατὰ
1497 756 1527 782 τὸ
1535 754 1604 787 εἶδος
1613 755 1743 792 διαφορὰς
1752 757 1780 783 αἱ
1788 759 1864 783 ποιαὶ

1072 804 1122 839 τῆς
1131 803 1256 838 κράσεως
1270 802 1444 838 παραλλαγαὶ
1455 801 1684 837 μεταμοριροῠσιν,
1696 802 1750 837 ἠδὲ
1766 803 1864 838 κρᾶσις

1072 849 1122 875 οὐκ
1133 848 1199 883 ἄλλη
1209 857 1252 879 τις
1261 848 1336 883 παρὰ
1350 847 1399 882 τὴν
1410 847 1463 874 τῶν
1478 847 1616 882 στοιχείων
1628 847 1701 882 μίξιν
1714 847 1781 879 ἐστὶ,
1792 856 1865 874 στοι-

1073 895 1133 929 χεῖα
1143 893 1172 920 δά
1184 902 1274 929 φαμεν
1292 893 1326 920 τὰ
1349 895 1382 928 τῇ
1402 894 1558 928 κατασκευῇ
1573 893 1620 919 τοῦ
1637 894 1735 925 παντὸς
1753 894 1864 920 ὑποκεί-

1075 948 1150 974 μενα,
1163 939 1196 966 δι’
1202 938 1239 966 ὧν
1247 939 1329 966 καὶτὸ
1338 938 1507 974 ἀνθρώπινον
1523 939 1667 974 συνέστηκε
1680 940 1767 974 σῶμα,
1779 940 1864 974 ἀναγ-

1073 985 1158 1016 καίως
1167 983 1214 1011 τοῦ
1230 984 1315 1015 εἴδους
1332 982 1387 1011 οἷον
1407 984 1546 1019 ἐκμαγείῳ
1570 985 1716 1020 σφραγίδος
1734 986 1767 1020 τῇ
1789 985 1862 1020 ψυχῇ

1074 1031 1302 1066 παραμείναντος,
1316 1029 1375 1056 οὐδὲ
1389 1030 1424 1056 τὰ
1438 1030 1667 1065 ὲναπομαξάμενα
1684 1032 1716 1066 τῇ
1735 1031 1863 1065 σφραγῖδι

1073 1077 1118 1104 τὸν
1133 1077 1216 1103 τύπον
1232 1076 1277 1102 ὑπ’
1294 1076 1379 1110 αὐτῆς
1393 1076 1538 1109 ἀγνοεῖται,
1555 1076 1611 1102 ἀλλ’
1623 1077 1651 1102 ὲν
1665 1077 1704 1111 τῷ
1715 1076 1801 1111 καιρῷ
1813 1077 1863 1112 τῆς

1073 1122 1321 1157 ἁναστοιχειώσεως
1343 1122 1432 1147 ἐκεῖνα
1447 1122 1553 1156 δέχεται
1570 1123 1649 1149 πάλιν
1669 1123 1736 1157 πρὸς
1749 1123 1861 1158 ἑαυτὴν,

1075 1166 1146 1202 ἇπερ
1160 1166 1193 1192 ἂν
1206 1165 1342 1200 ἐναρμόσῃ
1359 1165 1398 1200 τῷ
1417 1165 1495 1200 τύπῳ
1508 1166 1554 1192 τοῦ
1577 1167 1662 1198 εἴδους
1672 1175 1679 1182 ⁸
1703 1168 1863 1202 ἐναρμόσειε

1073 1210 1101 1236 δὲ
1118 1210 1226 1241 πάντως
1240 1210 1342 1241 ἐκεῖνα,
1361 1209 1410 1236 ὅσα
1425 1210 1482 1235 κατ’
1500 1210 1587 1245 ἀρχὰς
1603 1211 1759 1246 ἐνετυπώθη
1773 1211 1812 1246 τῷ
1824 1211 1864 1237 εἲ-

1072 1255 1122 1282 δει.
1140 1255 1243 1282 Οὐκοῦν
1257 1255 1332 1281 οὐδὲν
1349 1254 1401 1287 ἔξω
1415 1255 1462 1281 τοῦ
1476 1256 1579 1287 εἰκότος
1591 1257 1659 1289 ἐστὶ,
1673 1257 1753 1284 πάλιν
1768 1258 1800 1282 ὲκ
1812 1256 1862 1283 τοῦ

1073 1299 1163 1326 κοινοῦ
1175 1299 1243 1334 πρὸς
1261 1300 1291 1325 τὺ
1312 1300 1479 1326 καθέκαστον
1489 1300 1656 1327 ”ἐπαναλύειν
1669 1301 1700 1327 τὸ
1716 1300 1790 1329 ἴδιον.
1808 1301 1862 1327 Λέ-

1073 1353 1150 1379 γεται
1167 1344 1195 1370 δὲ
1213 1345 1260 1371 καὶ
1275 1345 1324 1380 τὴν
1337 1345 1505 1381 ὑδράργυρον
1518 1346 1694 1381 προχεθεῖσαν
1715 1346 1761 1373 τοῦ
1786 1354 1864 1381 περι-

235 1391 307 1426 quod
323 1395 422 1417 vocant
438 1394 593 1425 argentum,
608 1390 685 1416 aiunt
707 1389 822 1418 effusum
852 1398 934 1424 capsa
962 1390 1022 1416 loco

1076 1391 1190 1425 ἐχοντος,
1207 1390 1267 1416 καθ’
1282 1391 1378 1416 ὑπτίου
1398 1390 1469 1422 τινὸς
1485 1391 1532 1417 καὶ
1544 1391 1734 1426 κονιορτὼόους
1750 1390 1862 1426 χωρίου,

235 1437 336 1472 supino
358 1437 525 1471 pulvereqne
548 1436 669 1471 oppleta,
695 1436 815 1463 minutos
841 1436 868 1463 in
896 1436 1021 1471 globulos

234 1482 433 1509 conformatum
441 1482 541 1516 passim
556 1481 592 1507 ita
609 1489 655 1515 per
665 1485 763 1507 terram
774 1481 902 1516 dispergi,
913 1482 1022 1508 utnulla

235 1535 297 1553 cum
308 1534 347 1559 re,
362 1527 388 1553 in
401 1534 481 1560 quam
491 1526 596 1558 incidit,
612 1526 833 1553 commisceamr.
843 1525 919 1558 Quod
930 1525 952 1553 si
961 1526 1022 1560 quis

235 1571 334 1599 deinde
360 1571 548 1605 multipliciter
575 1571 731 1605 dispersum
756 1570 876 1598 vicissim
901 1571 1022 1605 colligat,

234 1618 374 1646 conﬂuere
388 1625 438 1645 sua
453 1622 552 1652 sponte
566 1617 675 1652 singula
695 1625 756 1652 qua:
769 1618 878 1652 generis
899 1618 1022 1652 ejusdem

236 1670 310 1699 sunt,
321 1666 477 1700 nullamque
492 1665 609 1700 interjici
620 1673 676 1693 rem
690 1673 771 1699 posse
785 1673 845 1699 qua:
854 1665 1023 1692 commistio-

235 1720 298 1740 nem
314 1712 384 1739 hanc
398 1711 531 1746 impedire
552 1714 645 1746 queat.
664 1710 828 1745 llujnsmodi
853 1711 982 1745 quiddam
995 1715 1024 1738 et

236 1758 264 1785 in
277 1757 389 1785 humani
407 1757 531 1792 corporis
543 1764 674 1791 compage
692 1756 869 1784 statuendum
884 1756 1022 1784 existimo.

236 1803 443 1838 Quamprimum
455 1803 587 1830 divinitus
604 1803 683 1837 signo
699 1802 777 1837 quasi
803 1802 866 1829 dato
892 1809 1024 1829 concessa

237 1849 353 1876 facultas
369 1849 414 1880 sit.
439 1853 531 1883 partes
547 1848 600 1875 sibi
620 1848 816 1875 convenientes
842 1851 869 1874 et
894 1853 1025 1882 cognatas

236 1895 345 1922 misceri
364 1899 462 1928 sponte
477 1902 537 1926 sua,
553 1901 641 1929 neque
654 1894 805 1929 quidquam
825 1901 859 1920 cx
878 1893 931 1920 hoc
947 1893 1024 1920 labo-

235 1939 280 1965 ris'
293 1939 457 1966 molestiaeve
470 1939 648 1966 instauratori
663 1944 769 1965 naturre
787 1939 886 1966 creari.
908 1939 976 1964 Nam
992 1945 1026 1965 ne

236 1984 265 2011 in
280 1984 314 2012 iis
344 1985 453 2018 quidem
479 1992 540 2019 qua:
565 1988 639 2011 terra
663 1985 839 2019 proveniunt,
861 1991 1025 2019 magnopere

235 2034 362 2057 naturam
382 2030 513 2063 occupari
544 2031 680 2062 videmus,
713 2034 742 2057 ut
761 2030 802 2056 vel
828 2030 961 2062 triticum,
983 2029 1024 2056 vel

237 2075 352 2106 milium,
368 2074 411 2101 vel
422 2075 494 2101 aliud
509 2075 625 2109 quodvis
645 2083 748 2106 semen,
779 2075 812 2102 de
826 2083 881 2111 quo
906 2075 1024 2101 frumen-

237 2125 294 2147 tum
307 2124 354 2148 aut
367 2121 502 2156 legumina
517 2126 681 2155 nascuntur,
708 2123 733 2149 in
751 2123 884 2154 culmum,
911 2123 1022 2156 aristas,

237 2171 264 2194 et
274 2167 364 2202 spicas
379 2171 567 2195 convertatur.
586 2167 641 2195 Sua
659 2169 731 2196 enim
755 2173 852 2202 sponte
873 2169 1024 2195 nutrimen-

238 2216 294 2239 tum
312 2213 409 2247 cuique
431 2213 529 2240 semini
546 2214 724 2245 conveniens,
750 2214 826 2241 nullo
852 2218 956 2240 natura).
974 2222 1023 2241 ue-

238 2257 311 2291 gotio
323 2257 355 2283 de
374 2257 513 2283 communi
539 2257 571 2284 ad
596 2258 767 2293 singulorum
789 2267 868 2286 usum
891 2258 1023 2286 transfer-

239 2305 293 2328 tur.
312 2300 382 2335 Ergo
399 2302 422 2329 si
439 2303 576 2330 universis
595 2307 668 2330 terra
684 2304 862 2331 nascentibus
885 2305 1023 2331 communi

238 2347 355 2382 quodam
373 2356 456 2375 succo
471 2349 624 2383 proposito.
641 2350 775 2385 quidquid
797 2358 830 2378 eo
855 2351 954 2378 nutriri
978 2359 1025 2378 ne-

238 2401 317 2420 cesse
332 2397 384 2425 est,
412 2393 438 2420 id
455 2394 570 2420 attrahit
591 2395 681 2422 alendi
701 2397 743 2423 sui
763 2404 857 2429 causa,
881 2397 953 2432 quod
973 2396 1023 2431 ipsi

238 2439 390 2471 convenit;
419 2440 486 2474 quid
503 2440 665 2472 absurdum,
699 2442 721 2469 si
748 2442 800 2470 hac
819 2444 900 2470 etiam
928 2444 954 2470 in
975 2444 1024 2469 do-

238 2484 328 2511 ctrina
353 2485 386 2511 de
411 2486 615 2513 resurrectione
638 2487 774 2521 dicamus,
797 2489 909 2523 perinde
933 2493 961 2515 ut
982 2497 1024 2516 sc-

239 2530 313 2556 miua
343 2531 550 2558 convenientem
589 2540 716 2565 succum,
757 2535 797 2561 sic
823 2535 960 2569 quoslibet
990 2541 1023 2561 ex

239 2574 354 2602 mortuis
370 2581 546 2610 resurgentes
562 2580 672 2613 propria
698 2587 794 2608 rursus
814 2580 968 2607 attrahere?
988 2579 1024 2607 lie

239 2619 283 2646 his
294 2621 420 2649 omnibus
432 2622 499 2650 adeo
526 2624 589 2651 licet
616 2625 780 2659 intelligere,
811 2625 917 2652 nihilin
935 2632 1025 2652 resur-

239 2666 371 2694 rectionis
383 2668 563 2702 prmdictione
587 2671 735 2702 contineri,
750 2670 822 2706 quod
838 2670 1023 2705 separamle

239 2710 274 2739 iis
288 2720 303 2740 a
320 2713 403 2740 rebus
421 2715 466 2746 sit,
481 2723 550 2750 quas
566 2723 610 2743 res
632 2724 679 2750 per
706 2716 903 2750 experientiam
929 2717 1026 2751 cogni-

277 2803 300 2818 "
317 2803 349 2830 iV
366 2803 429 2839 l‘u-g.
446 2813 470 2835 ι’,
494 2805 500 2830 |
523 2814 551 2839 sq
565 2813 584 2839 μ

637 2805 700 2831 Luc.
718 2813 751 2837 Iv,
769 2805 807 2831 ΞΤ.

1075 1439 1113 1469 εἰς
1126 1437 1211 1464 λεπτὰ
1226 1437 1435 1472 σφαιρωθεῖσαν,
1451 1437 1521 1464 κατὰ
1532 1438 1581 1473 τὴν
1591 1438 1641 1473 γῆν
1649 1437 1861 1470 διασκίδνασθαι,

1075 1484 1141 1519 πρὸς
1168 1483 1245 1510 οὐδὲν
1270 1484 1324 1510 τῶν
1348 1484 1526 1518 ἐπιτυχόντων
1552 1484 1766 1518 ἐμμιγνυμένην.
1789 1484 1820 1510 Εἰ
1834 1483 1863 1510 δέ

1073 1539 1114 1561 τις
1132 1531 1211 1556 πάλιν
1224 1530 1253 1556 τὸ
1271 1529 1389 1565 πολλαχῆ
1401 1530 1625 1565 κατεσπαρμένον
1636 1531 1676 1562 εἰς
1694 1530 1722 1555 ἐν
1739 1530 1864 1564 συναγεί-

1076 1583 1156 1610 ρειεν,
1167 1575 1327 1610 αὐτομάτως
1337 1574 1494 1610 ἀναχεῖσθαι
1506 1575 1574 1610 πρὸς
1583 1575 1613 1601 τὸ
1623 1575 1765 1609 ὁμόφυλον,
1775 1575 1862 1602 οὐδενὶ

1076 1620 1150 1655 μέσῳ
1163 1620 1230 1654 πρὸς
1241 1620 1289 1655 τὴν
1305 1620 1407 1646 οἰκείαν
1427 1620 1499 1655 μίξιν
1515 1620 1712 1655 διειργομένην.
1738 1620 1863 1647 Τοιοῦτόν

1074 1675 1100 1692 τι
1114 1667 1212 1702 χρῆναι
1227 1666 1328 1701 νομίζω
1345 1666 1393 1693 καὶ
1413 1666 1477 1702 περὶ
1493 1666 1522 1692 τὸ
1539 1665 1706 1702 ἀνθρώπινον
1723 1666 1863 1701 σύγκριμα

1073 1711 1254 1738 διανοεῖσθαι·
1282 1713 1306 1738 εἰ
1323 1712 1403 1746 μόνον
1420 1712 1524 1746 γένοιτο
1539 1711 1613 1747 παρὰ
1632 1711 1678 1737 τοῦ
1693 1711 1759 1737 Θεοῦ
1775 1712 1805 1737 τὸ
1821 1713 1864 1738 ὲν-

1075 1758 1194 1792 δόσιμον,
1208 1757 1368 1792 αὐτομάτως
1382 1758 1415 1784 τά
1431 1757 1586 1792 κατάλληλα
1600 1757 1670 1792 μέρη
1682 1758 1738 1788 τοῖς
1753 1758 1862 1788 οἰκείοις

1075 1804 1322 1840 ἑπανακίρνασθαι,
1354 1804 1489 1839 μηδεμιᾶς
1513 1803 1644 1838 ὲργωόιας
1669 1802 1708 1837 τῷ
1740 1803 1863 1829 ἀναστοι-

1076 1849 1191 1885 χειοῦντι
1207 1850 1256 1885 τὴν
1273 1849 1353 1884 φύσιν
1367 1850 1410 1876 διὰ
1426 1849 1527 1875 τούτων
1542 1848 1728 1883 ἐγγινομένης.
1741 1848 1795 1874 Καὶ
1809 1847 1863 1882 γὰρ

1076 1896 1122 1922 ἐπὶ
1138 1896 1191 1922 τῶν
1208 1897 1238 1922 ὲν
1262 1897 1295 1931 τῇ
1312 1897 1347 1930 γῇ
1364 1895 1518 1929 φυομένων,
1539 1894 1633 1920 οὐδένα
1655 1893 1734 1919 πόνον
1755 1893 1862 1927 ὁρῶμεν

1076 1942 1125 1976 τῆς
1139 1941 1246 1976 φύσεως
1261 1941 1306 1968 ἐπὶ
1323 1941 1368 1967 τὸν
1382 1941 1477 1976 πυρὸν,
1491 1941 1507 1975 ἢ
1525 1940 1573 1975 τὴν
1589 1940 1714 1974 κέγχρον,
1730 1939 1746 1974 ἢ
1765 1938 1826 1966 ἄλλο
1838 1947 1863 1964 τι

1076 1987 1129 2014 τῶν
1155 1987 1273 2023 σιτηρῶν
1290 1987 1306 2022 ἥ
1330 1987 1468 2023 χεδροπῶν
1490 1987 1662 2022 σπερμάτων,
1679 1986 1708 2011 ὲν
1725 1985 1763 2020 τῷ
1779 1993 1862 2020 μετα-

1078 2033 1184 2060 ϐάλλειν
1208 2034 1248 2065 εἰς
1267 2033 1393 2068 καλάμην
1420 2032 1466 2059 καὶ
1491 2032 1620 2067 ἀθέρικας
1645 2031 1691 2058 καὶ
1715 2031 1862 2065 ἀστάχυας.

1085 2079 1335 2115 ’Λπραγματεύτως
1354 2078 1407 2114 γὰρ
1427 2078 1497 2104 κατὰ
1517 2078 1546 2104 τὸ
1562 2077 1711 2111 αὐτόματον
1731 2078 1747 2111 ἡ
1763 2076 1864 2102 κατάλ-

1077 2125 1156 2160 ληλος
1177 2124 1263 2160 τροφὴ
1284 2125 1316 2150 ὲκ
1337 2124 1384 2150 τοῦ
1401 2123 1490 2150 κοινοῦ
1517 2123 1584 2159 πρὸς
1605 2123 1652 2158 τὴν
1679 2122 1792 2148 ἑκάστου
1809 2122 1863 2148 τῶν

1079 2171 1242 2206 σπερμάτων
1262 2170 1380 2204 ἰδιότητα
1395 2169 1560 2204 μεταδαίνει.
1578 2169 1610 2195 Εἰ
1627 2167 1782 2202 οὖν,κοινῆ;
1797 2169 1863 2194 πᾶσι

1079 2218 1132 2247 τοῖς
1161 2215 1304 2251 φυομένοις
1327 2216 1376 2250 τῆς
1403 2215 1514 2250 ἰκμάδος
1537 2215 1733 2249 ὑποκειμένης,
1751 2215 1863 2241 ἕκαστον

1078 2263 1131 2288 τῶν
1146 2262 1179 2288 δι’
1204 2261 1288 2295 αὐτῆς
1312 2261 1484 2296 τρεφομένων
1506 2261 1536 2286 τὸ
1553 2261 1718 2295 κατάλληλον
1748 2259 1864 2286 ἔσπασεν

1077 2309 1116 2339 εἰς
1127 2308 1175 2343 τὴν
1191 2307 1237 2334 τοῦ
1253 2307 1352 2333 οἰκείου
1370 2307 1527 2342 προσθήκην
1538 2315 1544 2320 ·
1569 2307 1594 2332 τί
1609 2306 1712 2336 καινὸν.
1735 2307 1759 2332 εἰ
1776 2306 1822 2332 καὶ
1836 2306 1864 2332 ἐν

1077 2352 1115 2386 τῷ
1126 2353 1174 2387 τῆς
1197 2351 1370 2382 ἀναστάσεως
1385 2351 1455 2386 λόγῳ
1473 2352 1536 2385 παρ’
1554 2351 1668 2377 ἑκάστου
1689 2350 1742 2376 τῶν
1756 2350 1864 2376 ἀνιστα-

1079 2398 1175 2433 μένων,
1191 2397 1280 2428 καθὼς
1297 2397 1341 2423 ἐπὶ
1359 2396 1412 2423 τῶν
1427 2397 1602 2432 σπερμάτων,
1621 2396 1764 2431 συμϐαίνει
1779 2395 1863 2427 οὕτως

1078 2442 1198 2476 γίνεσθαι
1216 2443 1264 2477 τὴν
1286 2442 1331 2468 τοῦ
1346 2442 1446 2468 οἰκείου
1466 2442 1566 2476 ὁλκὴν;
1596 2442 1674 2468 Ὥστε
1689 2441 1719 2473 ἐξ
1737 2441 1863 2467 ἁπάντων

1077 2488 1189 2514 δυνατὸν
1203 2485 1272 2514 εἶναι
1287 2488 1390 2523 μαθεῖν,
1402 2488 1485 2523 μηδὲν
1499 2487 1551 2519 ἔξω
1565 2487 1618 2514 τῶν
1630 2489 1662 2523 τῇ
1673 2488 1755 2522 πείρᾳ
1767 2495 1864 2522 γνωρι-

1078 2531 1197 2567 ζομένων
1212 2532 1241 2558 τὸ
1257 2533 1386 2568 κήρυγμα
1401 2533 1534 2568 περιέχειν
1549 2533 1595 2568 τῆς
1609 2531 1864 2563 ἀναστάσεως.Καί·

1078 2586 1150 2611 τοιγε
1164 2578 1194 2603 τὸ
1207 2577 1416 2612 γνωριμώτατον
1435 2578 1487 2604 τῶν
1503 2578 1643 2613 ἡμετέρων
1659 2578 1861 2612 ὲσιωπήσαμεν,

1079 2623 1161 2658 αὐτὴν
1175 2623 1246 2657 λέγω
1258 2623 1306 2659 τὴν
1327 2623 1436 2659 πρώτην
1453 2624 1502 2658 τῆς
1517 2624 1670 2654 συστάσεως
1684 2622 1762 2658 ἡμῶν
1777 2623 1862 2656 ἀφορ·

1081 2671 1143 2705 μήν.
1158 2671 1204 2701 Τίς
1216 2671 1269 2706 γὰρ
1281 2671 1330 2697 οὐκ
1341 2668 1393 2696 οἶδε
1403 2669 1452 2704 τὴν
1464 2670 1675 2705 θαυματοποιίαν
1686 2669 1735 2703 τῆς
1748 2668 1863 2702 φύσεως,

1080 2715 1105 2742 τί
1129 2716 1278 2751 λαϐοὖπαή
1305 2716 1415 2750 μητρῷα
1435 2715 1531 2750 νηδὺς,
1558 2716 1584 2741 τί
1607 2714 1808 2752 ἁπεργάζεται;
1829 2713 1863 2740 Ἠ
