1977 3071
109 107 160 136 929

719 110 763 137 DE
782 110 924 138 llOMlNlS
942 109 1099 138 OPlFlCiO.

1683 113 1735 140 250

108 167 157 201 οὐχ
170 167 236 202 ὁρᾷς
251 167 326 198 ὅπως
350 165 451 192 ἁπλοῦν
472 165 571 201 τρόπον
586 166 645 193 τινὰ
656 187 662 199 ,
678 168 725 193 καὶ
739 168 894 203 ὁμοιομερές

951 171 993 196 tas
1009 168 1152 196 habemus.
1176 167 1338 202 Quanquam
1357 168 1479 202 profecto
1511 168 1584 203 quod
1607 167 1635 195 in
1655 169 1734 197 nobis

108 213 167 239 ἔστι
180 214 210 238 τὺ
225 213 264 242 εἰς
278 211 405 246 ἀφορμὴν
416 212 465 246 τῆς
478 212 633 243 συστάσεως
643 211 690 238 τοῦ
707 211 831 247 σώματος
840 215 897 245 τοῖς

108 257 272 292 σπλάγχνοις
299 256 553 291 καταϐαλλόμενονς
582 257 631 292 τὴν
649 258 678 284 δὲ
696 258 831 285 ποικιλίαν
849 259 896 285 τοῦ

107 301 380 337 κατασκευαζομένου
404 302 589 337 συγκρίματος
613 302 654 333 τίς
678 301 754 335 λόγος
773 303 897 339 ἐκδιηγή-

108 355 182 374 σεται
193 347 260 380 ;-Τίς
276 347 298 373 δ’
314 347 347 374 ἂν
366 347 403 382 μὴ
422 348 455 382 τῇ
474 348 550 382 κοινῇ
566 347 646 381 φύσει
666 348 696 374 τὸ
711 348 829 374 τοιοῦτον
844 357 895 383 μα-

107 393 171 425 θὼν,
188 393 300 420 δυνατὸν
312 394 443 428 ἡγήσαιτο
457 392 487 418 τὸ
499 393 650 428 γινόμενον,
665 393 705 419 ὄτι
719 394 749 419 τὸ
765 394 851 429 βραχύ
865 402 895 420 τε

107 440 154 466 καὶ
184 439 242 465 ἀντ’
268 439 373 470 οὐδενὸς
398 439 485 466 ἐκεῖνο
509 439 556 465 τοῦ
581 439 708 466 τοσούτου
736 440 896 476 πράγματός

106 484 181 510 ἐστιν
195 484 283 519 ἁρχή;
301 483 372 518 μέγα
387 483 414 509 δέ
430 491 510 517 φημι,
525 484 555 510 οὗ
572 484 652 519 μόνον
665 485 704 516 εἰς
718 486 766 519 τὴν
783 486 852 512 κατὰ
866 486 896 511 τὸ

108 529 187 564 σῶμα
200 529 306 564 βλέπων
319 529 535 560 διάπλασιν,ὰλλ“
550 529 563 555 ὂ
577 529 630 564 πρὸ
643 529 736 555 τούτου
747 530 894 566 θαυμάζειν

107 573 192 604 ἀξιον,
209 572 293 608 αὐτὴν
314 572 386 606 λέγω
411 572 460 607 τὴν
475 572 572 608 ψυχὴν,
599 574 645 600 καὶ
667 573 702 600 τὰ
727 575 790 610 περὶ
811 575 894 610 αὐτὴν

107 618 291 653 θεωρούμενα.

951 215 1167 242 illustrissimum
1201 218 1255 246 est,
1273 215 1383 242 silentio
1419 216 1619 250 prteteriimus;
1645 216 1734 251 ipsum

949 261 1055 288 scilicet
1071 261 1098 288 in
1116 261 1193 288 nobis
1206 261 1356 288 exsistcndi
1377 262 1554 295 principium.
1574 261 1642 288 Nam
1667 262 1730 296 quis

948 306 1121 334 affectionem
1130 310 1236 333 natura:
1245 306 1433 333 admirandam
1449 307 1568 341 ignorat.
1578 308 1644 342 quid
1654 308 1735 334 nimi-

947 357 1009 377 rum
1022 351 1099 378 alvus
1117 354 1239 378 materna
1264 351 1363 384 capiat,
1382 355 1410 378 et
1427 351 1490 385 quid
1515 351 1547 378 de
1566 359 1599 378 eo
1614 351 1736 379 elliciat‘l

947 395 988 422 An
1007 403 1062 422 non
1078 395 1153 423 rides
1169 404 1252 430 quam
1275 397 1309 423 sit
1325 396 1444 430 quodam
1462 395 1542 422 modo
1558 397 1683 430 simplex,
1709 403 1736 423 et

948 448 1031 476 quam
1049 442 1161 468 minime
1183 442 1308 473 mistum,
1335 442 1436 476 quippe
1461 441 1534 476 quod
1552 441 1735 468 dissimilibus

948 492 1045 514 natura
1062 487 1187 521 partibus
1204 496 1257 515 non
1273 491 1391 519 constet,
1411 488 1483 523 quod
1498 488 1631 514 maternis
1646 488 1672 514 in
1689 487 1735 514 vi-

932 533 1072 569 _sccribus
1091 533 1247 568 deponitur,
1267 537 1296 560 ut
1311 542 1342 561 ex
1357 541 1390 561 eo
1404 541 1504 567 corpus
1525 533 1644 560 hominis
1667 540 1734 560 con-

948 579 1090 605 stituatur?
1101 579 1134 605 At
1147 587 1206 613 qua:
1218 580 1325 606 tandem
1340 579 1428 606 oratio
1438 579 1601 613 explicando
1613 579 1734 606 varieta-

948 628 1002 650 tem
1019 625 1158 660 compagis
1174 625 1271 659 ipsius,
1291 633 1351 659 quae
1366 630 1490 660 paratur,
1506 624 1639 652 enarrat?
1655 624 1732 656 Quis.

105 665 233 696 obsecro,
249 665 306 691 lieri
318 671 398 699 posse
415 668 533 700 putaret,
549 665 573 692 si
593 665 649 692 haec
673 667 812 693 communi
837 671 942 696 natura:
957 670 1041 697 ductu
1060 676 1203 707 perspecta
1221 680 1274 699 non
1293 672 1416 704 haberet,
1433 676 1462 699 ut
1481 672 1608 707 exiguum
1623 671 1689 698 illud
1702 679 1734 697 ac

106 718 191 745 prope
214 710 317 737 nullius
332 711 474 743 momenti,
501 715 555 738 tam
569 712 662 738 eximii
687 713 777 747 operis
793 713 956 750 principium
973 716 1066 745 foret?
1089 719 1182 746 eximii
1208 719 1281 750 dico,
1306 726 1359 745 non
1377 719 1408 745 ad
1425 719 1548 753 corporis
1563 719 1649 745 solum
1666 724 1733 744 cou—

108 757 298 783 formationem
324 757 484 791 respiciens,
502 757 550 784 sed
564 758 597 785 ad
615 758 703 793 ipsum
718 759 799 786 etiam
814 760 894 788 animi

962 767 990 790 et
1006 771 1066 799 qua:
1083 765 1175 792 animo
1190 766 1378 797 continentur,
1390 765 1498 799 quando
1515 764 1558 791 hic
1573 765 1659 790 multo
1674 770 1735 790 ma-

106 803 147 837 gis
161 803 369 830 admirationem
386 808 516 831 meretur.

375 849 572 877 ΚΕΦᾹΛΑῙΟΝ
587 850 654 877 κη’.

105 895 180 932 Πρὸς
207 896 279 928 τοὺς
298 895 445 932 λέγοντας
469 896 692 932 προϋφεστάναι
715 897 769 930 τὰς
794 897 896 932 ψυχὰς

140 931 199 967 τῷν
226 930 388 967 σωμάτων,
421 930 440 964 ἢ
463 932 496 967 τὸ
517 931 648 967 ἔμπαλιν
675 932 736 967 πρὸ
750 930 818 967 μτῶῖν
838 930 897 967 igitr-

140 965 203 1000 χῶν
219 965 438 992 διαπεπλᾶσθαι
454 966 489 992 τὰ
513 964 642 1000 σώματα.
674 964 722 992 Ἐν
745 964 768 1000 ᾧ
790 976 833 1000 τις
842 964 896 994 καὶ

141 999 293 1061 ἆιιῆτροπὴ
312 1000 367 1034 τῆς
381 999 457 1026 κατὰ
471 1001 524 1032 τὰς
543 999 790 1036 μετεμψυχώσέις
802 999 896 1037 ,μυθο-

142 1043 190 1061 ποι
204 1044 250 1061 αι’.

142 1043 250 1068 ποιιας.

141 1082 218 1116 Τάχα
229 1080 283 1116 γὰρ
296 1081 345 1107 οὐκ
359 1080 410 1112 ἕξω
422 1080 471 1115 τῆς
487 1081 670 1116 προκειμένης
685 1083 750 1117 ἡμῖν
768 1090 896 1118 πραγμα-

104 1127 180 1158 τείας
194 1127 263 1158 toti,
288 1126 318 1153 τὸ
331 1125 482 1158 διεξετάσαι
495 1127 525 1152 τὸ
539 1127 772 1163 ἀμφιϐαλλόμενον
793 1129 821 1155 ὲν
836 1129 895 1159 ταῖς

104 1172 263 1207 ἐκκλησίαις
279 1172 342 1206 περὶ
356 1172 442 1207 ψυχῆς
457 1180 486 1198 τε
499 1172 545 1198 καὶ
559 1172 692 1207 σώματος.
704 1174 766 1204 Τοῖς
783 1173 831 1208 μὲν
841 1173 895 1208 γὰρ

107 1217 158 1244 τῶν
174 1217 226 1252 πρὺ
248 1217 327 1252 ἡμῶν
344 1217 426 1248 δοκεῖ,
449 1214 489 1248 οἷς
508 1216 522 1242 ὁ
538 1218 607 1250 Περὶ
625 1217 683 1244 τῶν
696 1217 796 1252 ἀρχῶν
809 1219 895 1253 ἐπρα-

105 1263 245 1299 γματεύθη
258 1263 346 1297 λόγος,
361 1263 483 1298 καθάπερ
492 1263 554 1289 τινὰ
567 1263 651 1298 δῆμον
661 1264 689 1289 ἐν
702 1263 839 1300 ίδιαζούσῃ
850 1273 896 1290 πο-

106 1310 193 1345 λιτείᾳ
216 1310 265 1341 τὰς
280 1310 368 1344 ψυχὰς
389 1309 591 1344 προῡςρεστὰναι
617 1309 715 1343 λέγειν.
735 1310 896 1346 Προκεῐσθαι

104 1355 133 1381 δὲ
147 1355 227 1381 κάκεῖ
236 1355 304 1382 τάτε
311 1356 360 1389 τῆς
366 1355 465 1387 κακίας
478 1356 582 1390 καὶτῆς
590 1356 690 1392 ἀρετῆς
699 1356 893 1390 ὑποδείγματα.

106 1401 162 1427 Καὶ
176 1401 383 1435 παραμένουσαν
400 1401 448 1436 μὲν
467 1402 495 1427 ὲν
518 1401 557 1436 τῷ
574 1401 647 1437 καλῷ
666 1402 715 1436 τὴν
734 1402 831 1436 ψυχὴν,
847 1401 896 1435 τῆς

106 1446 175 1481 πρὸς
197 1447 227 1473 τὺ
251 1447 329 1481 σῶμα
348 1447 507 1482 συμπλοκῆς
526 1448 614 1482 μένειν
631 1447 794 1482 ἀπείρατον·
823 1448 846 1473 εί
868 1447 895 1473 δὲ

106 1493 155 1518 καὶ
178 1492 302 1527 ἀπορρυῇ
326 1492 374 1527 τῆς
393 1492 439 1518 τοῦ
461 1493 562 1527 ἀγαθοῦ
591 1494 745 1528 μετουσίας,
761 1493 828 1528 πρὸς
849 1493 895 1519 τὸν

105 1538 169 1573 τῇδε
185 1537 242 1572 βίον
257 1538 478 1571 κατολισθαίνειν,
499 1539 544 1566 καὶ
555 1539 640 1571 οὕτως
653 1541 681 1565 ἐν
700 1539 806 1574 σώματι
821 1540 895 1573 γίνε-

107 1583 179 1610 σθαι.
192 1583 300 1619 Ἕτεροι
317 1584 344 1610 δὲ
358 1586 390 1619 τῇ
407 1585 475 1611 κατὰ
487 1585 532 1611 τὸν
547 1585 647 1611 Μωσέα
660 1584 734 1617 τάξει
751 1585 800 1619 τῆς
817 1594 897 1611 κατα-

107 1631 207 1664 σκευῆς
229 1630 276 1656 τοῦ
296 1630 440 1665 ἀνθρώπου
467 1632 654 1666 προσέχοντες,
674 1631 802 1665 δευτέραν
827 1629 895 1657 εἶναι

106 1675 154 1710 τὴν
179 1675 265 1711 ψυχὴν
292 1675 339 1702 τοῦ
361 1676 485 1710 σώματος
513 1677 582 1703 κατὰ
608 1676 654 1703 τὸν
683 1677 778 1712 χρόνον
802 1677 894 1709 φασίν.

115 1720 221 1755 Ἐπειδὴ
247 1720 354 1755 πρῶτον
379 1720 468 1747 λαϐὼν
494 1722 507 1747 ὁ
523 1721 589 1753 Θεὸς
613 1722 676 1756 χοῦν
694 1722 748 1748 ἀπὸ
769 1722 817 1756 τῆς
832 1722 894 1757 γῆς,

107 1766 207 1792 ἔπλασε
230 1766 275 1792 τὸν
296 1767 453 1802 ἄνθρωπον·
471 1764 520 1794 εἷθ’
543 1767 628 1799 οὕτως
643 1768 767 1803 ἐψύχωσε
792 1768 835 1794 διὰ
848 1769 895 1794 τοῦ

107 1813 312 1847 ἐμφυσήματος.
344 1813 399 1839 Καὶ
423 1813 510 1847 τούτῳ
537 1813 576 1848 τῷ
598 1813 670 1848 λόγῳ
698 1814 895 1848 προτιμοτέραν

107 1858 312 1885 ἀποδεικνύουσι
323 1859 372 1892 τῆς
385 1858 473 1893 ψυχῆς
485 1860 534 1894 τὴν
550 1860 650 1895 σάρκα,
664 1860 714 1894 τῆς
728 1862 896 1895 ὲπεισκρινο-

109 1904 193 1939 μένης
214 1903 263 1938 τὴν
281 1904 582 1938 προδιαπεπλασμένην.
600 1905 714 1939 Λέγουσι
733 1905 787 1940 γὰρ
809 1905 853 1932 διὰ
865 1907 896 1933 τὸ

109 1952 188 1986 σῶμα
202 1951 250 1985 τὴν
269 1950 357 1985 ψυχὴν
377 1951 513 1984 γενέσθαι,
537 1952 574 1983 ὡς
588 1951 621 1978 ἂν
638 1952 675 1987 μὴ
689 1952 789 1979 ἄπνουν
802 1961 831 1978 τε
849 1953 895 1980 καὶ

107 1997 234 2031 ἀκίνητον
251 1996 292 2032 εἴη
305 1996 334 2022 τὺ
349 1996 469 2031 πλάσμα.
488 1998 545 2024 Πᾶν
557 1998 584 2024 δὲ
598 1997 629 2024 τὸ
643 1997 685 2024 διά
702 2007 727 2024 τι
744 1999 893 2033 γινόμενον,

107 2043 269 2077 ἀτιμότερον
293 2042 400 2074 πάντως
417 2044 474 2069 ἐστὶ
490 2044 536 2069 τοῦ
553 2044 585 2070 δι’
599 2043 612 2070 ὃ
628 2044 742 2077 γίνεται.
760 2044 857 2077 Καθὼς
866 2045 895 2072 τὸ

108 2088 273 2123 Εὑαγγέλιον
300 2088 387 2123 λέγει,
415 2090 454 2116 ὅτι
480 2090 570 2116 πλεῖόν
596 2091 653 2116 ἐστι
677 2091 727 2125 τῆς
750 2092 852 2126 τροφῆς
878 2092 893 2127 ἡ

105 2133 194 2168 ψυχὴ,
223 2133 270 2160 καὶ
292 2133 323 2160 τὺ
350 2134 428 2168 σῶμα
451 2134 497 2160 τοῦ
515 2133 677 2169 ἐνδύματος,
700 2134 767 2160 διότι
792 2134 894 2160 τούτων

910 857 931 884 Β

909 1521 931 1551 C

1213 852 1326 881 CAPUT
1350 852 1469 879 XXVIII.

947 897 1078 925 Adversus
1094 906 1138 925 eos
1153 899 1198 934 qui
1215 900 1317 925 animos
1335 904 1395 925 ante
1412 906 1522 933 corpora
1540 899 1647 925 tradunt
1662 900 1733 925 exsi-

981 939 1065 966 stere,
1085 934 1123 960 t'el
1139 939 1246 964 contra.
1267 942 1378 968 corpora
1425 935 1577 968 priusquam
1616 935 1732 965 aninwa,

980 977 1036 995 esse
1051 969 1168 995 condita.
1187 968 1299 995 Fabulis
1323 969 1403 995 etiam
1426 973 1601 999 consentanea
1621 969 1652 996 de
1675 971 1735 995 ani-

982 1012 1085 1030 morum
1103 1004 1304 1038 migrationibzts
1321 1004 1443 1030 doctrina
1457 1004 1592 1030 evertitur.

981 1083 1120 1112 Fortassis
1134 1085 1205 1112 enim
1221 1085 1255 1113 ab
1269 1085 1394 1112 instituto
1409 1092 1535 1112 sermone
1547 1083 1663 1111 alienum
1679 1092 1733 1111 non

948 1131 1045 1163 fuerit,
1064 1131 1087 1159 si
1106 1131 1133 1158 in
1151 1131 1195 1163 id,
1214 1131 1285 1166 quod
1302 1131 1335 1158 de
1350 1131 1441 1157 animo
1456 1134 1483 1157 et
1500 1138 1615 1165 corpore
1633 1131 1733 1164 passim

948 1177 975 1203 in
999 1176 1124 1204 ecclesiis
1149 1177 1374 1208 controvertitur,
1403 1176 1586 1210 inquiramus.
1615 1175 1732 1208 Quidam

947 1222 1020 1250 enim
1042 1221 1192 1256 superioris
1213 1221 1350 1248 memoria:
1370 1221 1514 1250 doctores.
1533 1221 1580 1255 qui
1596 1228 1734 1247 commen—

946 1268 1030 1294 tarios
1047 1267 1234 1301 De'priucipiis
1255 1267 1439 1301 scripserunt.
1461 1267 1567 1293 animos
1592 1266 1733 1292 hominum

946 1311 1024 1346 quasi
1040 1311 1185 1346 quamdam
1204 1312 1341 1338 nationem
1353 1333 1360 1343 ,
1376 1319 1498 1338 seorsum
1516 1310 1633 1345 quadam
1651 1311 1677 1337 in
1694 1319 1736 1336 re-

947 1357 1057 1392 publica
1078 1357 1211 1384 exsistere
1230 1356 1309 1391 longe
1326 1361 1388 1383 ante
1406 1363 1522 1390 corpora
1540 1356 1662 1382 tradunt.
1680 1356 1735 1382 lbi—

946 1403 1007 1430 dein
1025 1402 1065 1429 eis
1082 1409 1143 1428 cum
1159 1402 1289 1428 vitiorum
1308 1405 1363 1428 tum
1389 1402 1498 1429 virtutis
1513 1409 1574 1428 esse
1592 1401 1734 1436 proposita

946 1448 1080 1483 exempla.
1100 1447 1133 1483 Et
1151 1448 1258 1474 animos
1275 1447 1383 1482 quidem
1403 1450 1562 1473 constanter
1581 1447 1692 1474 virtutis
1709 1452 1736 1474 et

948 1494 1056 1521 honesti
1074 1493 1166 1521 studio
1182 1493 1290 1520 deditos
1302 1512 1309 1524 ,
1328 1493 1407 1527 plane
1421 1500 1483 1519 cum
1502 1492 1664 1526 corporibus
1681 1499 1734 1518 non

948 1539 1080 1574 copulari.
1100 1538 1147 1566 Sin
1166 1543 1256 1566 autem
1283 1539 1348 1566 honi
1372 1539 1463 1565 fructu
1489 1541 1515 1565 et
1542 1537 1736 1572 conjunctione

946 1586 1090 1619 excidant,
1108 1590 1165 1612 tum
1188 1586 1293 1612 scilicet
1307 1593 1354 1613 eos
1370 1585 1396 1612 in
1414 1585 1485 1611 hanc
1502 1584 1585 1610 vitam
1608 1583 1710 1618 prolabi
1726 1604 1731 1613 ,

945 1637 972 1660 ct
990 1633 1016 1659 in
1033 1639 1148 1667 corpora
1166 1631 1218 1659 hoc
1237 1635 1317 1666 pacto
1334 1631 1452 1658 immitti.
1471 1630 1524 1656 Alii
1540 1634 1635 1657 contra
1654 1630 1734 1656 seriei

946 1678 1110 1708 t-reationis.
1138 1685 1190 1712 qua
1218 1676 1352 1703 formatus
1368 1680 1409 1703 est
1426 1676 1523 1706 homo,
1549 1682 1563 1700 a
1587 1674 1661 1701 Mose
1685 1674 1733 1700 de-

946 1723 1246 1758 scriptazinlnerendo,
1273 1723 1392 1748 aninnun
1418 1728 1534 1755 corpore
1559 1723 1619 1746 ortu
1645 1723 1735 1754 poslc-

947 1770 1046 1796 riorem
1077 1777 1138 1796 esse
1167 1768 1254 1795 aiunt.
1285 1768 1367 1794 Deum
1395 1774 1513 1800 namque
1539 1769 1734 1792 commemorat

946 1816 1035 1843 Moses
1053 1816 1169 1850 primum
1187 1815 1220 1841 de
1237 1818 1309 1840 terra
1327 1817 1437 1847 sumpto
1464 1812 1574 1846 pulvere
1597 1810 1733 1837 hominem

946 1862 1073 1892 ﬁnxisse,
1092 1860 1191 1887 deinde
1212 1867 1260 1893 per
1282 1857 1488 1892 inspirationein
1506 1856 1625 1883 animum
1642 1855 1666 1883 ci
1691 1855 1734 1882 in-

946 1907 1048 1934 didisse
1063 1907 1095 1932 ⁰⁷.
1113 1905 1169 1932 Ilac
1186 1906 1224 1932 illi
1241 1905 1348 1932 ratione
1363 1903 1577 1939 praestantiorem
1596 1910 1656 1930 esse
1671 1902 1734 1928 aui-

946 1961 991 1980 mo
1005 1959 1113 1979 carnem
1131 1952 1247 1986 probare
1264 1955 1409 1982 conantur,
1429 1949 1474 1984 qui
1492 1944 1572 1974 carni
1595 1947 1650 1982 jam
1671 1952 1734 1975 ante

946 2002 1044 2024 creata:
1059 1998 1094 2024 sit
1119 1997 1231 2023 inditus.
1253 1996 1336 2022 Aiunt
1359 1989 1448 2025 enim,
1472 1994 1592 2020 animum
1610 1993 1734 2027 corporis

946 2051 1028 2071 causa
1045 2043 1145 2069 factum
1162 2049 1222 2069 esse
1233 2061 1240 2073 ,
1257 2049 1289 2068 ne
1305 2048 1375 2076 opus
1390 2040 1442 2066 hoc
1457 2039 1503 2066 Dei
1519 2047 1534 2065 a
1550 2039 1731 2073 respiratione

945 2095 977 2115 ac
1002 2092 1077 2114 motu
1103 2087 1308 2114 destitueretur.
1334 2084 1471 2120 Quidquid
1502 2087 1593 2110 autem
1619 2083 1734 2110 alterius

946 2141 1029 2161 causa
1044 2133 1089 2159 fiat
1101 2152 1107 2164 ,
1124 2132 1170 2158 illo
1185 2139 1245 2159 esse
1260 2131 1330 2157 haud
1348 2130 1428 2157 dubie
1443 2129 1523 2156 vilius
1536 2148 1543 2159 ,
1560 2129 1638 2162 cujus
1651 2135 1733 2155 causa

105 2179 196 2205 ινεκεν
211 2180 311 2207 ἐκεῖνα.
341 2180 377 2205 Οὐ
397 2179 450 2215 γὰρ
467 2180 510 2206 διὰ
525 2180 573 2215 τὴν
589 2179 692 2215 τροφὴν
705 2181 721 2215 ἡ
736 2180 819 2216 ψυχὴ,
833 2181 892 2207 οὐδὲ

948 2179 1118 2205 instituatur.
1138 2177 1273 2203 Nimirum
1296 2180 1322 2203 et
1341 2176 1366 2201 in
1384 2174 1530 2208 Evangelia
1547 2174 1732 2200 ratiocinatio-

105 2223 151 2250 τοῦ
167 2224 312 2258 ἐνδύματος
322 2224 401 2260 χάριν
418 2225 619 2260 κατεσκευάσθη
639 2225 671 2251 τὰ
689 2225 812 2261 σώματα,
828 2226 896 2253 ἀλλὰ

105 2269 207 2296 τούτων
229 2270 322 2301 οντων,
336 2271 425 2296 ἐκεῖνα
444 2270 486 2296 διὰ
502 2271 549 2306 τὴν
569 2271 661 2306 χρείαν
678 2271 892 2307 προσεξηυρέθη.

113 2315 188 2341 Ἐπεὶ
209 2313 254 2341 οὖν
281 2317 309 2341 ὲν
334 2316 502 2351 ἀμσοτέραις
524 2317 583 2347 ταῖς
598 2316 765 2350 ὑπολήψεσιν
786 2318 800 2343 ὀ
817 2317 894 2351 λόγος

107 2361 240 2392 ὑπαίτιος,
257 2361 310 2387 τῶν
325 2370 352 2387 τε
366 2361 549 2396 προόιοτεύειν
562 2361 610 2392 τὰς
624 2361 713 2396 ψυχὰς
730 2363 758 2388 ἐν
778 2362 829 2398 ἰδίᾳ
841 2363 894 2388 τινί

106 2407 270 2433 καταστάσει
295 2406 530 2441 μυθολογούντων,
557 2407 671 2434 καὶτῶν
697 2407 812 2442 ὑστέρας
839 2408 893 2434 τῶν

107 2452 239 2487 σωμάτων
250 2452 498 2483 κατασκευάζεσθαι
511 2453 689 2488 νομιζόντων·
703 2454 848 2486 ἀναγκαῖον
860 2454 893 2480 ἂν

105 2497 149 2532 εἴη
166 2498 247 2532 μηδὲν
262 2498 316 2525 τῶν
339 2498 490 2533 λεγομένων
514 2500 542 2525 ἐν
560 2501 615 2530 τοῖς
632 2499 746 2533 δόγμασι
764 2499 893 2535 περιιδεῖν

105 2542 293 2574 ἀνεξέταστον.
316 2543 394 2570 Ἀλλὰ
407 2544 436 2570 τὸ
454 2545 501 2578 μὲν
514 2545 547 2570 δι’
564 2544 706 2579 ἀκριϐείας
721 2544 783 2575 τοὺς
801 2543 893 2570 ἑκατέι

107 2588 193 2623 ρωθεν
204 2589 352 2624 γυμνάζειν
363 2589 468 2624 λόγους,
483 2590 528 2616 καὶ
548 2590 636 2621 πασας
653 2589 832 2616 ἐκκαλύπτειν
845 2589 893 2620 τὰς

105 2634 267 2668 ὲγκειμένας
298 2635 412 2667 ἀτοπίας
437 2637 497 2666 ταῖς
521 2635 689 2670 ὑπολήψεσι,
723 2635 828 2671 μακροῦ
860 2636 893 2661 ἂν

105 2679 191 2705 δέοιτο
209 2679 256 2706 καὶ
271 2680 366 2716 χρόνου
387 2681 433 2707 καὶ
452 2680 541 2714 λόγον’
573 2681 606 2707 δι’
626 2681 724 2715 ὀλίγων
744 2681 781 2712 δὲ,
803 2681 894 2712 καθώς

105 2724 165 2751 ἐστι
180 2724 301 2757 δυνατὸν,
319 2725 447 2760 ἑκάτερον
466 2725 519 2752 τῶν
536 2726 688 2762 εἰρημένων
707 2726 892 2760 ἐπισκεψάμε-

159 2812 181 2827 ⁹⁷
201 2811 257 2838 (mn
285 2821 311 2840 ιι.
330 2813 353 2840 7.

946 2232 1008 2251 nem
1024 2222 1182 2258 hujusmodi
1199 2221 1343 2256 quamdam
1360 2227 1436 2250 esse,
1462 2226 1522 2246 cum
1547 2218 1655 2244 animus
1670 2218 1733 2244 ciho

944 2270 1035 2304 potior
1048 2276 1110 2296 esse
1124 2267 1236 2297 dicitur,
1251 2273 1352 2300 corpus
1366 2265 1529 2292 vestimento
1542 2273 1548 2290 :
1564 2263 1672 2298 quando
1687 2264 1732 2290 illa

945 2315 1042 2342 horum
1055 2321 1138 2340 causa
1153 2312 1224 2339 facta
1238 2312 1304 2339 sint.
1320 2310 1377 2337 Non
1392 2311 1464 2338 enim
1479 2311 1586 2337 animus
1600 2310 1731 2341 alimenti.

946 2367 1034 2394 neque
1048 2366 1149 2393 corpus
1166 2357 1252 2384 vestis
1269 2361 1310 2384 est
1328 2363 1411 2382 causa
1429 2354 1585 2388 conditum,
1603 2354 1650 2381 sed
1669 2362 1732 2381 cum

946 2406 1002 2432 lucc
1027 2405 1083 2439 jam
1107 2403 1289 2434 exsisterent,
1315 2402 1349 2429 ad
1377 2409 1456 2428 usum
1480 2408 1573 2428 eorum
1600 2399 1645 2426 illa
1668 2404 1733 2426 sunt

944 2454 1112 2486 comparata.
1137 2449 1257 2484 Utraque
1284 2447 1377 2483 opinio
1402 2454 1462 2474 cum
1489 2445 1731 2481 reprehensionem

944 2501 1093 2529 mereatur,
1117 2501 1171 2523 tam
1187 2502 1283 2522 eorum
1301 2494 1347 2528 qui
1363 2493 1472 2520 animos
1490 2491 1599 2527 proprio
1613 2490 1731 2526 quodam

945 2544 971 2570 in
989 2547 1063 2570 statu
1079 2546 1142 2569 ante
1159 2549 1275 2576 corpora
1293 2541 1382 2566 vivere
1406 2543 1553 2572 nugantur,
1578 2544 1659 2571 quam
1684 2536 1732 2570 qui

942 2597 990 2617 eos
1009 2593 1069 2624 post
1090 2596 1203 2622 corpora
1224 2586 1341 2622 primum
1355 2586 1435 2612 condi
1449 2584 1627 2612 existimant:
1643 2590 1732 2616 operae

942 2635 1059 2669 pretium
1084 2634 1167 2661 fuerit
1190 2633 1217 2660 in
1238 2632 1330 2659 omnia
1355 2631 1477 2658 sludiose
1499 2629 1654 2663 inquirere.
1671 2636 1734 2662 qua:

943 2681 970 2707 in
985 2679 1156 2715 explicandis
1172 2679 1317 2713 utriusque
1334 2677 1421 2713 partis
1434 2676 1552 2703 decretis
1569 2675 1594 2701 in
1611 2673 1732 2700 medium

943 2726 1100 2753 all‘eruntur.
1130 2725 1164 2750 At
1192 2723 1264 2751 enim
1294 2727 1421 2751 accurate
1449 2721 1583 2749 adversus
1609 2718 1732 2746 rationes
