1977 3071
228 86 277 114 2M

833 86 862 113 S.
878 84 1041 114 GREGORII
1058 85 1202 113 NYSSENl

1798 79 1854 107 25?.

229 145 357 179 utrinque
383 145 531 180 productas
555 145 633 180 quasi
654 145 801 181 pugnando
823 145 968 181 progredi,
986 149 1012 171 et

1074 154 1113 178 ιοι,
1134 145 1216 177 πάλιν
1239 144 1292 171 τῶν
1316 143 1503 179 προκειμένων
1525 140 1736 176 ἀντιληψόμεθα.
1759 140 1793 166 Ol.
1812 138 1852 173 τῷ

227 190 321 217 omnia
338 198 399 224 quae
414 192 443 217 in
459 191 502 218 his
521 191 697 226 opinionibus
714 191 830 218 absurda
855 195 918 218 sunt
942 194 1014 217 rete-

229 235 317 269 gendo
332 235 506 270 patefacere:
523 236 550 262 id
567 244 633 263 vero
647 240 675 263 et
689 237 840 263 orationem
857 236 990 271 prolixam
1005 255 1013 268 ,

229 285 256 307 et
272 281 402 316 temporis
415 289 468 308 nun
481 285 578 314 parum
590 280 749 314 requireret.
759 281 864 308 Idcirco
885 281 1014 313 breviter,

230 330 362 359 quantum
380 325 440 360 ejus
458 326 515 353 fieri
538 325 655 360 poterit,
672 325 853 353 consideratis
874 326 1016 359 utriusque

229 372 316 404 partis
332 371 516 406 argumentis,
535 371 573 397 ita
588 370 687 398 deinde
708 371 780 406 quod
803 371 913 406 proprie
937 370 1017 397 insti-

231 417 333 443 tuimus
344 435 351 447 ,
366 424 574 451 prosequemur.
591 415 643 449 Qui
658 422 761 451 partem
782 417 900 451 priorem
923 415 1017 443 defen—

231 462 315 492 dunt,
340 465 367 488 et
390 461 583 496 rempublicam
600 462 754 488 animorum
771 461 916 496 quamdam
944 461 1017 496 prio-

231 516 286 535 rem
306 508 360 534 vita
375 507 401 534 in
420 515 534 541 corpore
550 512 643 534 nostra
660 507 834 534 constituunt
850 528 859 543 ,
873 506 938 533 mihi
954 506 1015 543 qui-

230 553 290 579 dem
303 560 318 579 a
328 552 492 580 Graecanicis
505 553 558 580 illis
569 553 723 587 disciplinis
734 553 874 580 hominum
887 552 1018 579 doctrina;

230 598 354 624 veritatis
378 598 535 633 ignarorum
562 597 698 625 immunes
724 605 786 625 esse
806 605 859 624 non
880 597 1016 628 videntur,

231 643 276 677 qui
295 643 400 670 fabulas
416 644 549 677 quasdam
563 643 596 670 de
611 644 764 670 animorum
782 651 815 670 ex
836 643 895 670 aliis
917 643 943 669 in
965 643 1017 669 alia

231 695 345 722 corpora
361 688 569 722 migrationibus
583 689 729 715 commenti
745 694 817 716 sunt.
833 687 900 715 Nam
916 688 939 715 si
957 688 1018 722 quis

232 736 360 759 accurate
386 740 443 759 rem
470 733 626 764 existimet,
648 733 760 760 omnino
782 733 871 760 delabi
897 733 1018 767 ipsorum

233 778 386 804 orationem
403 778 437 804 ad
453 778 479 804 id
499 778 618 812 inveniet
629 798 635 810 ,
651 779 724 813 quod
748 778 884 813 proditum
905 783 947 805 est
962 785 1019 805 me-

1065 192 1189 226 προτέρῳ
1211 191 1406 226 παριστάμενοι
1429 189 1516 224 λόγῳ,
1536 188 1584 215 καὶ
1601 186 1789 222 πρεσϐυτέραν
1801 185 1851 219 τῆς

1065 238 1093 263 ὲν
1110 237 1192 272 σαρκὶ
1207 236 1279 271 ζωῆς
1292 236 1341 270 τὴν
1354 234 1490 262 πολιτείαν
1500 234 1554 260 τῶν
1568 232 1662 268 ψυχῶν
1674 230 1851 266 δογματίζον-

1065 290 1131 314 τες,
1161 281 1191 307 οὔ
1222 289 1266 316 μοι
1289 280 1397 307 δοκοῦσι
1422 280 1476 306 τῶν
1499 277 1663 313 Ἑλληνικῶν
1692 275 1852 312 καθαρεύειν

1065 327 1216 362 δογμάτων,
1240 326 1295 352 τῶν
1318 326 1382 360 περὶ
1405 326 1453 360 τῆς
1468 323 1737 360 μετενσωματὼσεως
1760 321 1852 352 αὐτοῖς

1068 371 1340 408 μεμυθολογημένων.
1350 372 1381 398 Et
1389 371 1443 405 γάρ
1450 379 1491 402 τις
1501 369 1621 404 ἀκριϐῶς
1631 368 1776 402 ἐξετάσειε,
1783 366 1854 402 πρὸς

1066 416 1145 444 τοῦτο
1154 417 1225 443 κατά
1243 417 1333 443 πᾶσαν
1347 416 1471 450 ἀνάγκην
1485 415 1531 441 τὸν
1547 415 1624 448 λόγον
1635 414 1726 444 αὐτοῖς
1741 412 1854 447 εὑρήσει

1068 462 1298 497 κατασυρόμενον,
1309 462 1338 488 ὃν
1349 462 1414 496 φασί
1424 470 1485 488 τινα
1497 460 1550 486 τῶν
1561 460 1625 495 παρ’
1636 458 1750 489 ἐκείνοις
1763 457 1853 491 σοφῶν

1067 508 1221 544 εἰρηκέναι,
1241 508 1281 534 ὅτι
1297 507 1365 542 ἀνὴρ
1381 507 1491 541 γέγονεν
1510 507 1523 532 ὁ
1539 505 1633 536 αὐτὸς,
1660 504 1707 530 καὶ
1722 502 1854 537 γυναικὸς

1070 553 1149 588 σῶμα
1164 552 1384 587 μετημφιάσατο,
1407 552 1454 577 καὶ
1470 551 1527 585 μετ’
1551 549 1650 584 ὀρνέων
1664 547 1783 581 ἀνέπτη,
1805 547 1854 573 καὶ

1068 598 1167 632 θάμνος
1184 597 1243 630 ἔφυ,
1265 597 1313 623 καὶ⁸
1333 597 1377 622 τὸν
1394 596 1502 630 ἔνυδρον
1519 595 1597 629 ἔλαχε
1615 594 1680 628 βίον.
1704 593 1741 619 Οὐ
1759 592 1853 627 πόρρω

1068 643 1117 677 τῆς
1133 642 1260 677 ἀληθείας
1274 642 1344 668 κατά
1359 651 1389 675 γε
1406 641 1453 676 τὴν
1465 640 1533 676 ἐμὴν
1554 640 1644 675 κρίσιν
1665 638 1823 674 φερόμενος,
1838 637 1854 663 6

1070 689 1132 723 περὶ
1142 688 1223 715 αὑτοῦ
1236 688 1320 714 ταῦτα
1331 687 1426 721 λέγων.
1440 685 1544 717 Ὄντως
1554 686 1607 720 γὰρ
1619 685 1760 721 βατράχων
1771 683 1854 709 τινῶν

1069 734 1086 768 ἢ
1101 733 1210 760 κολοιῶν
1223 733 1365 768 φλυαρίας,
1383 733 1399 767 ἢ
1414 731 1523 765 ἀλογίας
1540 730 1649 766 ἰχθύων,
1669 729 1685 764 ἢ
1702 727 1789 764 δρυῶν
1806 728 1855 754 ἅν·-

1071 779 1212 814 αισθησίας
1226 779 1288 811 ἄξια
1302 779 1336 804 τὰ
1350 777 1461 804 τοιαῦτα
1474 777 1604 811 δόγματα,
1631 775 1662 801 τὸ
1680 774 1743 809 μίαν
1765 772 1855 808 ψυχὴν

233 823 342 854 moriae,
368 822 513 858 quemdam
538 824 571 851 de
595 824 697 851 Graecis
714 824 883 858 sapientibus
905 823 1016 854 dixisse,

1074 825 1156 859 λέγειν
1169 825 1211 851 διὰ
1224 824 1357 850 τοσούτων
1370 823 1467 850 ἐλθεῖν.
1481 823 1541 858 Τῆς
1556 822 1585 848 δὲ
1598 820 1724 856 τοιαύτης
1739 818 1854 849 ἀτοπίας

235 867 331 895 Fuisse
344 868 473 895 nimirum
489 876 549 895 sese
562 869 708 904 aliquando
723 872 750 894 et
771 869 876 900 virum,
890 871 917 894 et.
941 867 1019 894 femi-

235 921 314 945 nam,
332 917 358 940 et
379 914 450 940 inter
464 914 528 941 ave's
544 914 690 944 volitasse.
715 917 742 940 et
767 913 868 939 factum
890 920 950 939 esse
972 912 1019 939 de-

236 959 298 985 inde
313 959 471 992 arbustum,
493 963 575 993 atque
590 959 672 986 etiam
689 959 770 985 vitam
788 959 814 984 in
830 958 908 992 aquis
921 958 1017 992 egisse.

235 1004 294 1031 Meo
309 1005 416 1038 quidem
440 1004 545 1039 judicio
567 1012 651 1040 prope
675 1005 769 1031 aberat
789 1011 803 1030 a
829 1004 943 1030 veritate
965 1003 1021 1030 haec

236 1050 321 1084 ipsius
338 1050 426 1076 oratio
437 1070 443 1081 ,
459 1051 504 1084 qui
525 1049 680 1084 ltujnsmodi
697 1049 827 1084 quiddam
846 1049 879 1075 de
896 1056 924 1075 se
940 1048 1021 1082 proﬁ-

236 1099 346 1122 teretur.
376 1094 502 1122 Profeclo
533 1095 606 1121 enim
637 1103 765 1121 ranarum
794 1095 1021 1129 graculorumque

236 1147 311 1167 more
330 1140 482 1175 garriebat,
505 1143 773 1174 consentaneumque
795 1141 882 1168 bruta:
905 1140 1022 1175 piscium

235 1191 338 1212 natura:
352 1191 378 1213 et
398 1193 549 1220 quercuum
574 1193 672 1213 sensus
694 1186 848 1220 expertium
868 1185 1021 1212 doctrinam

236 1230 405 1265 proferebat,
420 1230 466 1265 qui
482 1238 564 1256 unum
587 1230 767 1264 cumdemque
789 1229 910 1255 animum
932 1229 958 1255 in
979 1236 1022 1255 res

234 1276 303 1304 adeo
321 1277 421 1303 multas
436 1276 609 1310 immigrasse
623 1274 737 1301 diceret.
753 1274 801 1301 Est
815 1278 906 1301 autem
924 1274 1022 1301 absur-

234 1323 276 1350 dae
289 1323 369 1357 hujus
387 1322 524 1357 opinionis
546 1322 602 1348 haec
617 1328 701 1347 causa
713 1341 719 1351 ,
737 1321 810 1355 quod
829 1324 891 1347 ante
909 1327 1022 1355 corpora

234 1369 366 1396 exsistere
395 1368 500 1394 animos
526 1367 680 1394 credebant.
707 1365 772 1392 Nam
803 1366 849 1393 ubi
870 1366 953 1393 semel
973 1366 1024 1392 hoc

235 1414 385 1442 existimari
405 1418 523 1448 cmptum
551 1413 616 1444 fuit,
638 1421 745 1447 semper
767 1413 884 1439 ulterius
903 1412 935 1439 ad
960 1420 1024 1446 pro-

237 1461 307 1486 xima
321 1467 435 1494 qumque
452 1459 650 1494 progrediendo
661 1479 667 1490 ,
686 1462 712 1485 et
729 1459 883 1494 prodigiosa
901 1459 1022 1494 quamam

237 1503 417 1540 proferendo,
432 1503 539 1530 tandem
556 1503 607 1529 huc
626 1502 728 1537 delapsi
745 1508 819 1529 sunt.
837 1503 865 1529 Si
880 1503 951 1530 enim
970 1502 1024 1528 ani-
1037 1494 1058 1522 (ἶ

236 1558 298 1577 mus
313 1550 404 1584 aliquo
420 1557 448 1577 se
462 1550 528 1576 vitio
543 1550 684 1584 polluens,
702 1554 846 1585 postquam
864 1549 947 1576 semel
964 1549 1025 1575 vita:

237 1603 375 1630 corporea:
390 1601 498 1630 gustum
523 1597 661 1631 percepit,
686 1603 715 1622 ut
740 1596 790 1630 ipsi
813 1595 971 1629 loquuntur,
991 1594 1025 1621 de

237 1641 395 1668 conditione
411 1648 443 1667 ac
459 1645 529 1668 statu
546 1641 694 1668 excelsiore
713 1641 830 1675 quodam
847 1639 978 1674 dejectus,
997 1639 1024 1666 in

238 1688 374 1714 hominem
390 1687 527 1722 iuimigrat
540 1697 546 1713 :
562 1687 641 1721 cujus
653 1687 765 1713 omnino
781 1686 836 1712 vita
847 1705 853 1717 ,
868 1689 1025 1720 comparata

239 1740 299 1758 cum
320 1732 364 1758 illa
386 1736 486 1758 interna
510 1735 537 1758 et
553 1731 730 1766 incorporea,
753 1729 877 1764 pluribus
901 1734 943 1756 est
964 1737 1025 1764 per-

238 1777 440 1804 turbationibus
455 1777 572 1804 obnoxia
587 1786 593 1803 :
609 1784 722 1804 necesse
739 1780 781 1803 est
797 1775 874 1802 illum
892 1775 1027 1802 exsistcn—

238 1827 291 1850 tem
309 1823 337 1849 in
351 1823 406 1849 vita
417 1842 424 1854 ,
442 1830 503 1857 qua:
518 1822 610 1857 plures
626 1822 659 1848 ad
679 1821 847 1857 peccandum
864 1821 1026 1848 occasiones

239 1868 352 1900 habeat,
378 1868 504 1903 pluribus
531 1868 613 1894 etiam
631 1867 705 1894 vitiis
724 1875 753 1894 se
771 1867 937 1901 inquinare:
956 1865 1027 1892 mul-

239 1919 320 1950 toque
336 1914 439 1947 magis,
457 1921 537 1948 quam
557 1917 637 1944 ante.
654 1913 757 1940 morbis
783 1917 810 1939 et
833 1911 1025 1938 adiectionibus

1069 869 1137 904 αὕτη
1152 869 1225 894 ἐστὶν
1241 869 1256 903 ὴ
1274 867 1356 896 αἰτία,
1372 868 1403 894 τὺ
1423 866 1622 902 προϋφεστάναι
1636 864 1685 895 τὰς
1698 863 1785 898 ψυχὰς
1800 862 1856 888 οἷς·

1071 915 1142 942 σθαι,
1162 915 1199 940 Δι’
1215 914 1359 941 ἀκολούθου
1374 914 1425 949 γὰρ
1440 915 1456 947 ἡ
1474 912 1545 948 ἀρχὴ
1555 911 1601 938 τοῦ
1615 910 1737 937 τοιούτου
1751 909 1855 943 δόγμα-

1070 969 1114 992 τος
1131 961 1175 986 ἐπὶ
1192 961 1222 986 τὺ
1247 960 1376 996 προσεχές
1397 968 1426 985 τε
1444 959 1489 985 καὶ
1507 956 1705 992 παρακείμενον
1716 955 1760 981 τὸν
1774 953 1854 988 λόγον

1071 1006 1242 1041 προάγουσα,
1267 1005 1345 1040 μέχρι
1370 1004 1464 1031 τούτου
1495 1002 1693 1039 τερατευομένη
1717 1000 1854 1032 διέξεισιν.

1073 1051 1104 1078 Εἰ
1119 1052 1173 1087 γὰρ
1194 1051 1238 1078 διὰ
1259 1060 1331 1082 τινος
1353 1051 1451 1082 κακίας
1472 1048 1674 1076 ἀποσπασθεῖσα
1689 1047 1737 1082 τῆς
1757 1046 1858 1081 ὑψηλο-

1072 1097 1154 1132 τέρας
1177 1097 1193 1131 ἠ
1216 1097 1287 1132 ψυχὴ
1309 1096 1460 1127 πολιτείας,
1485 1087 1552 1130 μετά
1573 1094 1603 1120 τὸ
1628 1092 1735 1127 (καθώς
1756 1092 1856 1126 φασιν)

1073 1142 1146 1174 ἅπαξ
1159 1142 1308 1177 γεύσασθαι
1329 1140 1374 1168 τοῦ
1394 1139 1549 1176 σωματικοῦ
1566 1139 1622 1174 βίου
1633 1160 1640 1171 ,
1655 1138 1733 1165 πάλιν
1750 1136 1857 1172 ἄνθρω-

1074 1197 1123 1220 πος
1144 1189 1265 1223 γίνεται,
1291 1187 1493 1222 ἐμπαθέστερος
1517 1186 1546 1212 δὲ
1569 1185 1674 1216 πάντως
1692 1185 1705 1210 ὁ
1725 1185 1752 1210 ἐν
1776 1183 1857 1218 σαρκὶ

1076 1235 1130 1270 βίος
1158 1234 1327 1268 ὁμολογεῖται
1349 1232 1424 1268 παρά
1445 1231 1488 1258 τὸν
1513 1231 1595 1257 ἀΐδιον
1619 1230 1665 1256 καὶ
1693 1229 1856 1262 ἀσώματονο

1075 1280 1182 1314 ἀνάγκη
1198 1280 1272 1305 πᾶσα
1288 1278 1335 1313 τὴν
1353 1279 1380 1303 ἐν
1399 1276 1436 1311 τῷ
1454 1276 1565 1310 τοιούτῳ
1581 1275 1727 1310 γινομένην
1745 1273 1809 1308 βίῳ,
1827 1273 1857 1298 ὲν

1074 1322 1096 1359 ᾧ
1111 1325 1220 1356 πλείους
1234 1325 1261 1351 αι
1277 1323 1344 1359 πρὸς
1364 1323 1394 1348 τὸ
1410 1321 1575 1357 ἁμαρτάνειν
1589 1320 1656 1346 εἰσὶν
1671 1318 1792 1353 ἀφορμαὶ
1802 1338 1809 1348 ,
1827 1317 1858 1343 ἐν

1076 1370 1177 1396 πλείονί
1190 1378 1218 1395 τε
1233 1369 1315 1404 κακίᾳ
1328 1367 1452 1403 γενέσθαι
1462 1387 1469 1397 ,
1484 1368 1530 1394 καὶ
1544 1366 1746 1402 ἐμπαθέστερον
1760 1364 1776 1399 ἢ
1791 1362 1859 1398 πρό-

1075 1425 1152 1451 τερον
1171 1415 1336 1449 διατεθῆναι·
1358 1414 1531 1450 ἀνθρωπίνης
1550 1413 1579 1439 δὲ
1603 1411 1692 1446 ψυχῆς
1715 1410 1816 1441 πάθος.
1840 1409 1858 1443 ὴ

1077 1461 1143 1496 πρὸς
1165 1461 1194 1487 το
1214 1461 1308 1495 ἄλογόν
1330 1461 1402 1487 ἐστιν
1425 1459 1569 1494 ὁμοίωσις·
1591 1460 1677 1492 τούτῳ
1701 1457 1729 1483 δὲ
1746 1463 1858 1491 προσοιη

1076 1506 1234 1534 κειωθεῖσαν
1255 1506 1348 1541 αὐτὴν,
1363 1507 1402 1537 εἰς
1419 1504 1542 1540 κτηνώδη
1559 1503 1637 1538 φύσιν
1656 1502 1838 1538 μεταρρυἦναι
1849 1509 1858 1517 ο

1076 1553 1149 1585 ἅπαξ
1164 1552 1191 1578 δὲ
1210 1552 1253 1578 διὰ
1269 1553 1366 1583 κακίας
1381 1550 1540 1582 ὁδεύουσαν,
1557 1549 1623 1585 μηδὲ
1639 1550 1667 1574 ἐν
1682 1548 1770 1582 ἀλόγῳ
1783 1556 1860 1580 γενο-

1078 1598 1170 1633 μένην,
1185 1598 1234 1632 τῆς
1245 1597 1290 1623 ἐπὶ
1304 1597 1333 1623 τὺ
1345 1597 1427 1623 κακον
1443 1596 1552 1631 προόδου
1567 1594 1646 1630 λῆξαί
1662 1602 1737 1620 ποτε.
1757 1593 1789 1618 Ἦ
1804 1592 1860 1626 γὰρ

1076 1643 1122 1669 τοῦ
1150 1642 1235 1669 κακοῦ
1254 1642 1362 1674 στάσις,
1379 1642 1449 1677 ἀρχὴ
1468 1642 1515 1676 τῆς
1533 1640 1592 1667 κατ’
1608 1639 1708 1674 ἀρετήν
1723 1639 1794 1664 ἐστιν
1814 1638 1861 1672 ὁρ-

1079 1688 1131 1722 μῆς
1141 1696 1147 1702 ·
1164 1687 1247 1722 ἀρετὴ
1263 1687 1291 1714 δὲ
1303 1687 1331 1714 ἐν
1347 1687 1453 1721 ἀλόγοις
1464 1687 1514 1712 οὐκ
1527 1686 1607 1712 ἔστιν.
1621 1684 1724 1712 υῦκοῦν
1734 1684 1777 1709 ἀεὶ
1791 1683 1862 1718 πρὸς

1077 1733 1107 1758 τὸ
1123 1734 1212 1767 χεῖρον
1229 1733 1258 1765 ἐξ
1273 1733 1395 1767 ἀνάγκης
1409 1731 1635 1767 ἁλλοιωθήσεται,
1657 1731 1770 1757 πάντοτε
1792 1728 1862 1764 πρὸς

1075 1769 1112 1803 τί
1121 1778 1280 1812 ἀτιμότερον
1301 1777 1447 1813 προϊοῦσα,
1475 1778 1521 1804 καὶ
1545 1777 1587 1804 ἀεὶ
1609 1777 1638 1802 τὸ
1658 1777 1748 1811 χεῖρον
1760 1775 1808 1809 τῆς
1832 1775 1862 1799 ὲν

1077 1820 1093 1859 ᾖ
1109 1823 1166 1848 ἐστι
1189 1823 1295 1857 φύσεως
1311 1823 1515 1859 ὲξευρίσκουσα.
1531 1823 1635 1857 Ὥσπερ
1652 1822 1679 1848 δὲ
1692 1821 1737 1847 τοῦ
1751 1819 1860 1853 λογικοῦ

1076 1868 1106 1894 τὸ
1132 1868 1258 1902 αἰσθητὸν
1280 1869 1464 1904 ὐποὸέϐηκεν,
1480 1867 1551 1894 οὕτω
1576 1868 1622 1894 καὶ
1639 1867 1690 1893 ἀπὸ
1703 1866 1796 1892 τούτου
1815 1865 1862 1890 ἐπὶ

1077 1912 1107 1938 τὸ
1120 1913 1279 1948 ἀναίσθητον
1293 1915 1309 1949 ἡ
1327 1914 1499 1948 μετάπτωσις
1513 1913 1625 1947 γίνεται.

238 1968 298 1988 esse
316 1959 455 1987 deditum:
471 1960 517 1994 qui
534 1961 620 1987 morhi
643 1960 770 1986 humanis
793 1959 822 1986 in
843 1959 943 1986 animis
960 1959 1020 1994 ejus
1037 1959 1120 1994 :modi
1145 1967 1226 1994 sunt,
1252 1966 1282 1988 ut
1299 1963 1448 1989 secundum
1468 1962 1518 1989 hos
1530 1960 1713 1988 animantibus
1728 1967 1742 1985 a
1758 1957 1864 1985 ratione

239 2006 377 2034 destitutis
394 2007 552 2033 consimiles
575 2008 671 2034 simus.
695 2005 741 2033 Eis
770 2013 853 2041 porro
875 2007 897 2033 si
919 2011 1052 2041 cognatus
1076 2015 1136 2035 esse
1161 2009 1269 2037 animus
1287 2010 1400 2044 incipit,
1419 2010 1548 2037 nimirum
1565 2009 1597 2036 ad
1615 2008 1720 2035 brutam
1738 2013 1798 2033 sese
1813 2012 1865 2032 na-

239 2054 328 2078 turam
346 2050 474 2076 demittit.
499 2049 621 2084 Cumque
646 2050 714 2077 adeo
738 2050 822 2077 semel
845 2050 972 2076 vitiorum
994 2052 1073 2085 quasi
1095 2053 1220 2080 semitam
1237 2053 1341 2088 ingredi
1354 2054 1481 2088 coeperit,
1498 2062 1531 2081 ne
1551 2058 1608 2080 tum
1630 2053 1738 2087 quidem
1754 2051 1786 2077 ad
1804 2057 1865 2076 ma-

240 2095 294 2121 ium
312 2093 436 2128 progredi
464 2093 587 2126 desinet,
609 2101 671 2120 cum
694 2094 727 2120 ad
749 2098 875 2120 naturam
899 2094 1014 2121 rationis
1037 2101 1175 2130 expertem
1204 2099 1367 2132 pervenerit.
1394 2098 1461 2126 Nam
1486 2099 1508 2126 is
1531 2099 1640 2125 tandem
1656 2098 1720 2124 mali
1734 2097 1794 2124 ﬁnis
1806 2099 1866 2127 est.

238 2146 253 2165 a
268 2146 323 2173 quo
336 2138 445 2165 virtutis
461 2138 551 2166 cultus
567 2139 678 2174 incipit;
696 2146 727 2166 ea
745 2146 809 2165 vero
827 2139 924 2166 cadere
938 2140 965 2166 in
980 2139 1108 2168 animalia
1123 2143 1238 2171 rationis
1263 2146 1386 2179 expertia
1413 2145 1520 2179 nequit.
1541 2144 1645 2170 Idcirco
1672 2149 1780 2177 semper
1805 2141 1862 2167 ani-

239 2191 302 2211 mus
327 2183 354 2210 in
378 2183 455 2217 pejus
481 2186 542 2210 ruet
567 2183 755 2210 vicissitudine
776 2186 924 2218 perpetua,
946 2189 1126 2220 naturamque
1151 2187 1314 2216 deteriorem
1338 2197 1388 2222 ea,
1414 2197 1467 2224 qua
1484 2189 1648 2222 continetur,
1671 2188 1800 2223 inquiret.
1829 2185 1866 2214 Ut

238 2231 330 2255 autem
348 2231 451 2254 natura:
468 2228 583 2254 rationis
601 2232 705 2254 ornata:
724 2227 882 2263 pratstantia
902 2227 1027 2269 proxima
1052 2229 1098 2256 illa
1121 2236 1177 2264 est,
1203 2240 1264 2267 qua:
1293 2234 1395 2261 sentit:
1414 2234 1454 2261 sic
1478 2241 1493 2260 a
1519 2234 1652 2262 sentiente
1677 2232 1816 2268 prolapsio
1836 2232 1867 2258 fit

241 2272 274 2299 ad
291 2279 350 2298 eam
363 2292 370 2304 ,
389 2279 448 2305 qua:
464 2279 561 2298 sensus
579 2272 659 2298 etiam
677 2279 775 2307 expers
790 2276 842 2299 est.

275 2318 334 2345 lluc
347 2326 433 2353 usque
449 2326 592 2353 progressa
609 2320 729 2354 ipsorum
749 2320 846 2351 oratio,
867 2314 1019 2355 quanquam
1040 2322 1062 2348 Ι)

240 2367 316 2390 extra
344 2365 465 2393 veritatis
491 2364 589 2391 limites
621 2364 724 2392 feratur
749 2376 756 2392 :
778 2369 867 2393 tamen
898 2367 1026 2394 continua

240 2409 357 2445 quadam
384 2410 583 2437 cousecutionis
608 2411 679 2438 serie
706 2411 739 2438 de
757 2412 883 2439 absurdis
909 2412 1028 2438 absurda

240 2453 354 2490 colligit.
375 2454 506 2489 Deinceps
531 2463 594 2482 vero
617 2456 741 2482 dectrina
761 2457 794 2484 de
823 2457 922 2484 fabulis
946 2456 1029 2483 meris

241 2501 398 2532 constituta,
416 2501 499 2528 rebus
513 2502 587 2528 nullo
602 2502 680 2536 plane
694 2507 773 2537 pacto
788 2511 820 2530 ne
845 2503 896 2529 sibi
917 2502 1027 2538 quidem

241 2545 443 2572 cohaerentibus
469 2546 628 2580 pel'tcxitur.
646 2546 829 2582 Consequitur
841 2548 913 2574 enim
934 2554 1026 2581 porro,

243 2590 363 2617 anitnum
378 2598 491 2625 prorsus
513 2591 634 2619 interire.
658 2591 725 2618 Nam
741 2593 787 2626 qui
806 2593 888 2620 semel
904 2592 936 2618 de
956 2595 1028 2618 statu

244 2636 393 2662 excellente
405 2636 477 2663 velut
488 2637 598 2670 excidit,
613 2646 752 2673 nunquam
764 2639 890 2666 vitiorum
906 2640 932 2666 in
946 2647 1028 2666 cursu

243 2684 341 2707 metant
364 2681 398 2708 ad
418 2681 547 2716 aliquam,
566 2682 611 2709 ubi
625 2682 722 2710 deinde
739 2684 872 2718 quiescat,
888 2685 1027 2718 pervenire

243 2726 348 2753 scilicet
378 2728 474 2762 poterit
498 2736 504 2754 :
528 2727 575 2754 sed
604 2731 713 2763 propter
731 2729 818 2762 ipsius
847 2722 933 2755 animi
962 2736 1026 2763 erga

242 2771 352 2799 morbos
379 2776 406 2799 et
428 2773 644 2807 perturbationes
667 2772 849 2806 affectionem,
870 2775 903 2801 de
928 2779 1024 2801 natura

1118 2320 1198 2347 Ἀλλὰ
1219 2322 1298 2357 μέχρι
1313 2322 1407 2348 τούτου
1427 2322 1529 2358 προῖὼν
1543 2323 1557 2350 ὁ
1575 2322 1652 2357 λόγος
1667 2322 1768 2354 αὐτοῖς,
1779 2323 1803 2349 εἰ
1816 2324 1865 2351 καὶ

1077 2366 1129 2399 ἔξω
1143 2367 1191 2402 τῆς
1216 2367 1344 2404 ἀληθείας
1359 2368 1488 2404 φέρεται.
1512 2369 1579 2396 ἀλλά
1600 2377 1631 2403 γε
1646 2369 1690 2395 διά
1703 2377 1775 2400 τινος
1795 2369 1863 2395 ἀκο-

1077 2411 1186 2442 λουθίας
1208 2411 1237 2437 τὸ
1249 2403 1347 2438 ἄτοπον
1368 2413 1397 2446 ἐξ
1416 2413 1517 2439 ἀτόπου
1546 2413 1757 2448 μεταλαμϐάνει.
1781 2414 1816 2439 Τὸ
1835 2414 1864 2440 δὲ

1078 2455 1201 2482 ἐντεῦθεν
1216 2455 1266 2491 ἥδη
1280 2457 1323 2482 διὰ
1344 2457 1396 2483 τῶν
1410 2458 1603 2493 ἀσυναρτήτων
1623 2459 1713 2489 αὐτοῖς
1727 2458 1756 2484 τὸ
1775 2458 1864 2492 δόγμα

1080 2500 1277 2534 μυθοποιεῖται.
1304 2501 1336 2527 Ἠ
1352 2501 1401 2536 μὲν
1425 2502 1478 2537 γὰρ
1499 2502 1643 2528 ἀκολουθία
1668 2502 1786 2537 πάντελῆ
1807 2503 1866 2528 δια-

1082 2544 1183 2579 φθορὰν
1206 2546 1254 2580 τῆς
1277 2546 1366 2581 ψυχῆς
1388 2546 1584 2574 ὑποδείκνυσιν.
1604 2547 1637 2573 Ἡ
1650 2547 1703 2582 γὰρ
1723 2547 1795 2580 ἅπαξ
1816 2548 1866 2582 τῆς

1081 2590 1186 2625 ὑψηλῆς
1210 2592 1347 2623 πολιτείας
1369 2591 1587 2628 ἀπολισθήσασα,
1605 2594 1633 2619 ἐν
1657 2593 1744 2619 οὐδενὶ
1773 2593 1867 2627 μέτρῳ

1081 2637 1180 2668 κακίας
1191 2637 1287 2672 στῆναι
1299 2638 1449 2673 δυνήσεται,
1461 2639 1528 2666 ἀλλὰ
1541 2638 1586 2664 διὰ
1601 2639 1650 2674 τῆς
1666 2639 1733 2674 πρὸς
1745 2639 1779 2665 τὰ
1791 2639 1866 2674 πάθη

1084 2682 1216 2716 σχέσεως,
1230 2683 1284 2709 ἀπὸ
1302 2685 1350 2718 μὲν
1364 2683 1409 2710 τοῦ
1424 2684 1532 2718 λογικοῦ
1549 2684 1616 2719 πρὸς
1629 2684 1659 2710 τὸ
1673 2684 1767 2718 ἄλογον
1782 2693 1867 2719 μετα-

1081 2726 1191 2761 ϐήσεται
1202 2736 1209 2742 ·
1231 2729 1278 2754 ἀπ’
1295 2729 1397 2756 ἐκείνου
1412 2730 1441 2756 δὲ.
1457 2730 1525 2765 πρὸς
1544 2730 1593 2765 τὴν
1610 2729 1663 2756 τῶν
1679 2730 1769 2764 φυτῶν
1789 2729 1868 2756 ἀναι-

1082 2773 1194 2807 σθησίαν
1220 2775 1449 2809 μετατεθήοεται’
1474 2775 1512 2810 τῷ
1531 2775 1558 2802 δὲ
1584 2776 1736 2811 ἀναιτθήτῳ
1763 2775 1868 2810 γειτνιᾷ
