1977 3071
114 108 169 137 233

742 102 785 131 DE
804 101 945 142 HOQHNIS
959 101 1112 131 OPIFICIO.

1689 104 1742 132 235

113 176 172 198 πως
191 166 220 192 τὸ
241 163 359 200 ἄψυχον
381 164 467 200 τούτῳ
490 165 517 192 δὲ
540 164 570 191 τὺ
600 163 772 200 ἀνύπαρκτον
795 162 901 191 ⁸έιιιτεται.

956 166 1082 198 compote
1102 161 1228 194 rationis,
1247 158 1280 189 ad
1301 161 1381 190 aiiam
1395 161 1478 197 hujus
1492 166 1630 196 expertem
1652 164 1744 188 trans-

113 211 194 238 Ὥστε
221 210 333 238 καθόλου
361 210 404 238 διὰ
429 211 477 246 τῆς
504 210 663 242 ἀκολουθίας
680 210 747 245 πρὸς
766 209 796 236 τὸ
813 208 850 244 μὴ
869 208 899 235 ὃν

111 257 203 289 αὐτοῖς
219 259 234 292 ἡ
252 257 324 294 ψυχὴ
346 258 544 292 μεταχωρήσει.
559 257 662 283 Οὐκοῦν
676 256 816 291 ἀμήχανος
830 256 899 290 αὐτῇ

111 302 191 329 πάλιν
212 302 241 334 ἐξ
256 302 378 335 ἀνάγκης
395 301 470 327 ἔσται
491 302 508 335 ἡ
533 300 600 335 πρὸς
613 299 643 326 τὸ
661 301 782 334 κρεῖττον
803 299 902 326 ἐπάνο-

111 345 166 379 δος.
189 347 268 373 Ἀλλὰ
296 346 348 382 μὴν
372 347 405 373 ἐκ
426 346 529 381 θάμνου
553 345 598 372 ἐπὶ
614 345 660 372 τὸν
686 345 828 380 ἄνθρωπον
852 344 902 378 τὴν

111 393 199 428 ψυχὴν
223 392 416 426 ἐπανάγουσιν.
446 391 550 418 Οὐκοῦν
574 391 773 426 προτιμοτέραν
801 389 850 425 τὴν
873 391 902 416 ἐν

112 437 208 473 θάμνῳ
236 437 306 472 ζωὴν
336 438 385 472 τῆς
411 437 557 472 ἀσωμάτου
586 436 724 470 διαγωγῆς
747 437 779 462 ὲκ
800 435 902 461 τούτων

112 482 346 509 ἀποδεικνύουσιν.
365 482 502 512 Δέδεικται
516 481 581 516 γὰρ,
598 482 638 508 ὅτι
655 481 672 516 ἡ
688 481 755 516 πρὸς
771 480 800 507 τὸ
813 481 902 515 χεῖρον

113 529 245 564 γενομένη
269 528 381 563 πρόοδος
404 528 454 562 τῆς
478 528 585 562 ψυχῆς,
603 526 671 562 πρὸς
695 526 724 553 τὸ
748 526 902 564 κατώτερον

113 574 185 600 κατὰ
199 574 229 600 τὸ
243 573 317 604 εἰκὸς
334 573 511 607 ὑποϐήσεται.
532 571 704 607 Ὑποϐέϐηκε
718 571 746 598 δὲ
763 572 811 608 τὴν
826 571 903 598 ἀναί-

73 614 76 615 ν
114 619 212 654 εοητον
231 618 311 653 φύσιν
326 618 355 644 τὸ
370 618 480 653 ἄψυχον,
493 618 533 649 εἰς
545 617 559 643 ὃ
576 618 610 644 δι’
624 617 784 649 ἀκολουθίας
800 618 816 653 ὴ
832 617 903 652 ἁρχὴ

113 664 162 693 τῧῦ
189 664 322 698 δόγματος
344 663 432 690 αὐτῶν
455 663 506 699 τὴν
525 662 614 698 ψυχὴν
636 662 708 696 ἄγει.
728 662 797 689 Ἀλλ’
810 661 904 697 ἐπειδὴ

113 711 192 738 τοῦτο
203 711 233 737 οὐ
244 710 382 745 βούλονται
392 710 409 745 ἢ
427 709 466 744 τῷ
480 709 636 745 ἀναισθήτῳ
652 709 701 744 τὴν
713 708 802 744 ψυχὴν
817 709 904 742 ἐγκα-

113 756 299 787 τακλείουσιν,
316 756 332 785 ἢ
355 756 434 791 εἴπερ
458 755 581 782 ἐντεῦθεν
605 755 652 781 ἐπὶ
665 754 710 781 τὸν
733 754 904 789 ἀνθρώπινον

113 801 199 837 αὐτὴν
216 801 378 835 ὲπανάγοιεν
401 800 473 835 βίον,
496 800 692 836 προτιμότερον
707 799 813 833 (καθὼς
829 798 905 835 εἴρη-

951 209 1019 242 ibit;
1038 208 1072 236 de
1083 209 1134 236 hae
1150 216 1248 237 rursus
1266 209 1299 236 ad
1314 209 1431 244 plantas,
1448 216 1535 239 sensu
1551 208 1633 235 etiam
1647 215 1744 234 caren-

952 257 1005 286 tes,
1026 254 1126 289 quibus
1141 261 1172 282 ea
1194 258 1290 281 natura
1311 259 1353 281 est
1364 253 1499 290 proxima,
1517 253 1544 280 in
1557 260 1610 288 qua
1629 259 1744 287 prorsus

953 299 1043 326 anima
1067 299 1141 326 nulla
1163 302 1298 333 estpost
1316 306 1396 333 quam
1425 298 1493 324 nihil
1513 301 1554 325 est
1576 297 1649 324 aliud
1677 297 1742 324 reli-

951 352 1048 378 quum,
1075 344 1127 371 nisi
1154 345 1187 371 de
1209 344 1331 371 inanimo
1355 343 1383 370 in
1405 343 1518 370 nihilum
1541 339 1743 378 commigratio.

942 389 991 416 -De
1004 397 1059 424 quo
1073 390 1163 425 colligi
1181 395 1280 424 potest,
1294 390 1414 416 animum
1429 396 1476 423 per
1488 389 1610 424 ipsorum
1624 390 1744 416 rationes

953 435 1081 462 universe
1096 435 1205 462 tandem
1227 435 1393 462 exstinctum
1417 434 1449 460 iri
1465 443 1470 460 :
1487 434 1602 468 ideoque
1617 434 1674 461 licri
1689 442 1744 461 non

954 487 1035 515 posse
1053 481 1108 508 ullo
1125 485 1215 516 pacto,
1233 485 1263 508 ut
1279 481 1312 507 ad
1339 485 1439 508 statum
1463 480 1681 515 praestantiorem
1702 488 1745 507 re-

953 525 1024 552 deat.
1042 525 1076 552 At
1093 526 1165 552 enim
1187 526 1214 552 hi
1230 526 1350 553 animum
1367 534 1399 553 ex
1421 526 1532 553 arbusto
1557 525 1591 552 ad
1608 525 1744 553 hominem

954 571 1100 602 reducunt,
1114 571 1292 606 quamobrem
1308 571 1456 599 ostendunt
1471 578 1501 599 se
1518 574 1649 603 statuere,
1662 571 1745 598 vitam

954 616 982 644 in
1011 617 1126 644 arbusto
1150 617 1367 652 praestantiorem
1394 617 1438 644 illa
1458 624 1533 653 esse,
1561 624 1641 652 quam
1667 620 1746 653 extra

954 668 1059 696 corpus
1075 661 1185 690 animus
1207 661 1270 696 agit.
1293 661 1341 689 Est
1352 661 1424 689 enim
1447 655 1664 689 demonstratum
1690 668 1745 687 non

953 714 1036 742 posse
1066 707 1098 735 ad
1128 711 1229 735 statum
1255 707 1417 735 deteriorem
1445 707 1566 745 animum
1597 705 1743 742 progredi.

954 757 1031 781 extra
1048 760 1130 789 quam
1147 753 1169 781 si
1188 753 1221 780 ad
1243 753 1373 780 inferiora
1398 753 1564 788 prolabatur.
1588 745 1636 779 Est
1652 756 1745 779 autem

955 799 1079 833 proxime
1102 798 1174 826 infra
1201 804 1325 826 naturam
1349 806 1446 827 sensus
1471 796 1609 833 expertem
1631 807 1745 834 prorsus

113 849 176 882 ται)
193 847 237 873 τὸν
261 846 364 883 ξυλώδη
388 846 444 881 βίον
465 846 514 882 τῆς
534 846 645 882 πρώτης
661 846 830 879 ἀποδείξουσι
851 855 902 872 κα-

956 845 1086 877 inanima,
1103 845 1130 872 in
1147 852 1228 880 quam
1247 845 1378 875 continua
1390 845 1460 872 serie
1474 839 1605 885 doctrina:
1620 845 1744 884 ipsorum

112 894 286 926 ταστάσεως,
309 893 388 929 εἴπερ
410 892 513 919 ἐκεῖθεν
537 892 586 927 μὲν
607 893 622 928 ἡ
650 891 717 926 πρὸς
739 891 837 918 κακίαν
854 900 904 918 κα-

113 942 252 972 τάπτωσις
274 941 394 975 γέγονεν,
414 939 536 967 ἐντεῦθεν
551 940 579 966 δὲ
598 940 616 975 ἡ
631 939 699 975 πρὸς
718 939 818 974 ἀρετὴν
834 938 903 965 ἐπά-

113 987 187 1018 νοδος
211 985 324 1020 γίνεται.
355 985 458 1012 Οὐκοῦν
482 985 616 1019 ἀκέεξαλός
640 994 682 1017 τις
706 985 752 1011 καὶ
773 984 870 1019 ἀτελὴς
890 985 904 1009 ὁ

113 1033 232 1064 τοιοῦτος
247 1032 412 1067 διελέγχεται
435 1032 523 1066 λόγος,
541 1033 555 1058 ὀ
571 1031 621 1063 τὰς
632 1031 721 1067 ψυχὰς
738 1032 779 1066 ἐφ’
800 1031 904 1057 ἑαυτῶν

113 1079 168 1114 πρὸ
183 1079 232 1113 τῆς
254 1079 282 1105 ὲν
308 1078 389 1113 σαρκὶ
416 1077 488 1112 ζωῆς
515 1077 646 1112 βιοτεύειν
673 1076 903 1107 κατασκευάζων,

114 1121 162 1150 καὶ
181 1123 225 1149 διὰ
245 1123 343 1154 κακίας
365 1123 517 1150 συνδεῖσθαι
539 1123 596 1154 τοῖς
618 1123 735 1157 σώμασι.
757 1122 816 1148 Τῶν
829 1121 857 1148 δέ
873 1130 904 1155 γε

113 1168 251 1203 νεωτέραν
271 1167 318 1193 τοῦ
344 1167 468 1201 σώματος
494 1167 543 1202 τὴν
557 1166 646 1202 ψυχὴν
670 1163 738 1192 εἶναι
754 1166 903 1199 λεγόντων,

115 1212 378 1248 προκατεσκευάσθη
388 1212 432 1239 διὰ
446 1212 500 1238 τῶν
515 1212 628 1239 κατόπιν
643 1212 659 1247 ή
674 1211 784 1237 ἀτοπία.
801 1210 905 1237 Οὐκοῦν

114 1259 268 1294 ἀπὸὃλητος
291 1259 389 1294 ἐπίσης
412 1261 426 1285 ὸ
446 1259 509 1293 παρ’
533 1258 695 1294 ἀμφοτέρων
711 1257 798 1292 λόγος.
815 1257 863 1284 Διὰ
877 1257 905 1284 δὲ

113 1305 161 1332 τοῦ
185 1305 268 1340 μέσου
293 1305 348 1332 τῶν
368 1303 528 1339 ὑπολήψεων
551 1303 673 1330 εὐθύνειν
694 1301 770 1338 οἶμαι
795 1303 850 1330 δεῖν
877 1304 904 1329 ὲν

113 1351 226 1387 ἀληθείᾳ
241 1351 271 1377 τὸ
284 1351 416 1386 ἡμέτερον
432 1351 530 1385 δόγμα.
549 1351 626 1376 Ἔστι
644 1350 672 1376 δὲ
689 1349 779 1380 τοῦτο,
794 1349 823 1375 τδ
837 1349 905 1384 μήτε

114 1397 185 1422 κατὰ
203 1397 252 1432 τὴν
281 1396 438 1432 Ἑλληνικὴν
461 1395 568 1429 ἀπάτην
591 1396 620 1422 ὲν
646 1395 730 1431 κακίᾳ
749 1395 803 1421 τινὶ
821 1395 905 1430 βαρη-

113 1442 209 1474 θείσας
230 1442 280 1474 τὰς
297 1442 335 1477 τῷ
353 1442 435 1469 παντὶ
452 1441 707 1477 συμπεριπολούσας
729 1441 827 1476 ψυχὰς,
843 1442 906 1468 ἁδυ-

114 1487 201 1523 ναμίᾳ
222 1487 268 1514 τοῦ
294 1487 497 1524 συμπαραθέειν
513 1489 545 1522 τῇ
569 1487 677 1523 ὀξύτητι
694 1488 744 1522 τῆς
760 1487 807 1514 τοῦ
823 1488 904 1514 πόλου

115 1534 260 1566 κινήσεως,
281 1533 327 1559 ἐπὶ
340 1533 388 1568 τὴν
403 1532 455 1568 γῆν
468 1533 648 1559 καταπίπτειν
662 1533 780 1559 οἴεσθαί-
798 1532 857 1568 μηδ¹
871 1531 904 1559 αὖ

115 1578 197 1605 πάλιν
212 1579 293 1605 οἱονεὶ
310 1579 420 1614 πήλινον
443 1579 587 1615 ἀνδριάντα
600 1579 850 1613 προδιαπλασθέντα
867 1579 905 1614 τῷ

115 1624 187 1658 λόγῳ
202 1625 247 1651 τὸν
268 1625 426 1660 ἄνθρωπον,
440 1625 534 1652 τούτου
550 1625 630 1652 ἕνεκα
656 1625 704 1660 τὴν
723 1625 811 1660 ψυχὴν
831 1626 905 1660 γίνε-

117 1671 179 1697 σθαι
193 1671 290 1705 λέγειν.
306 1669 344 1698 Ἶὶ
359 1671 413 1707 γὰρ
429 1671 462 1698 ἂν
479 1672 627 1707 ἀτιμοτέρα
644 1671 699 1698 τοῦ-
710 1671 820 1707 πηλίνου
837 1671 905 1699 πλά-

117 1726 220 1752 σματος
232 1718 247 1752 ἡ
261 1718 340 1753 νοερὰ
357 1719 436 1752 φύσις
455 1718 637 1754 ἀποδειχθείη.

954 892 1119 929 principium
1135 892 1244 919 tandem
1270 892 1391 931 animum
1410 883 1530 918 deducit.
1547 883 1626 924 Quod
1647 891 1670 920 si
1693 892 1746 919 hoc

954 938 1023 965 velle
1056 946 1086 965 se
1113 941 1224 972 negant,
1261 937 1397 964 fateantur
1425 945 1539 964 necesse
1564 940 1615 969 est,
1642 937 1682 964 vel
1711 937 1745 964 ad

955 987 1107 1010 extrcinum
1126 990 1239 1017 prorsus
1257 983 1378 1009 animum
1397 987 1502 1010 natura:
1521 990 1618 1010 sensus
1640 983 1746 1018 experti

955 1036 1067 1055 manere
1091 1029 1238 1060 inclusum,
1255 1029 1296 1056 vel
1317 1029 1339 1055 si
1365 1029 1398 1055 de
1418 1029 1469 1056 hac
1490 1029 1523 1056 ad
1545 1029 1626 1056 vitam
1648 1029 1746 1056 huma-

955 1081 1018 1102 nam
1034 1079 1195 1106 revertatur,
1219 1074 1244 1101 id
1261 1082 1323 1102 esse
1345 1083 1436 1102 verum
1451 1075 1523 1109 quod
1547 1081 1609 1103 ante
1625 1075 1745 1103 diximus

955 1127 990 1147 ex
1010 1120 1061 1146 hoc.
1089 1120 1178 1154 sequi,
1197 1120 1413 1154 przestantiorem
1439 1121 1545 1148 scilicet
1566 1121 1599 1148 ab
1623 1122 1662 1148 eis
1685 1128 1745 1148 eam

955 1166 1038 1193 vitam
1055 1166 1149 1198 statui,
1171 1173 1232 1200 quae
1247 1166 1273 1192 in
1297 1165 1377 1200 lignis
1393 1167 1512 1200 exsistit,
1528 1166 1581 1193 vita
1603 1171 1630 1194 et
1650 1167 1746 1205 condi-

957 1214 1031 1240 tione
1052 1213 1175 1248 principe
1194 1223 1199 1240 :
1221 1212 1330 1248 quando
1348 1219 1362 1238 a
1388 1213 1513 1248 principe
1543 1213 1699 1241 conditione
1718 1214 1748 1240 tit

956 1259 989 1286 ad
1006 1259 1100 1286 vitium
1115 1259 1264 1294 prolapsio,
1278 1263 1305 1286 ct
1325 1267 1338 1285 ιι
1359 1264 1455 1285 natura
1475 1267 1573 1286 sensus
1587 1265 1696 1294 experte
1713 1259 1747 1286 ad

957 1306 1086 1333 virtutem
1102 1305 1217 1332 reditus.
1235 1304 1304 1340 Ergo
1315 1308 1380 1341 ~tota
1398 1305 1519 1339 ipsorum
1535 1305 1605 1331 ratio
1618 1308 1645 1332 et
1658 1302 1748 1340 capite

957 1355 1043 1383 caret,
1059 1354 1086 1378 et
1099 1350 1163 1382 line,
1185 1357 1237 1384 qua
1263 1349 1379 1384 probare
1392 1354 1528 1376 conantur
1543 1349 1650 1376 animos
1670 1354 1748 1377 autc-

956 1404 1038 1432 quam
1061 1396 1089 1423 in
1114 1403 1197 1423 carne
1215 1396 1317 1427 vivant,
1338 1396 1420 1422 .inter
1443 1403 1472 1423 se
1495 1395 1604 1431 degere,
1621 1396 1749 1431 vitiisque

955 1443 1073 1479 primum
1097 1443 1298 1470 contaminatos
1321 1443 1484 1477 corporibus
1508 1443 1624 1478 alligari.
1645 1442 1747 1470 Eorum

920 1507 941 1535 ο
957 1497 1023 1517 vero
1038 1489 1082 1524 qui
1103 1489 1180 1515 aiunt
1193 1492 1253 1515 ortu
1276 1489 1455 1523 posteriorem
1476 1496 1538 1516 esse
1554 1489 1675 1516 animum
1689 1496 1750 1515 eor-
1764 1493 1774 1498 ‘

960 1543 1036 1570 pore.
1060 1539 1194 1570 prmcopta
1211 1534 1266 1568 jam
1286 1534 1409 1569 quaedam
1430 1539 1473 1561 est
1493 1539 1583 1562 tuente
1609 1535 1747 1566 refutatio.

960 1589 1021 1616 qua:
1037 1580 1167 1614 deinceps
1189 1580 1215 1606 in
1235 1580 1269 1606 iis
1292 1587 1353 1614 quae
1378 1584 1541 1613 sequuntur,
1560 1588 1575 1607 a
1608 1581 1687 1607 nobis
1705 1590 1751 1608 ex-

960 1631 1086 1662 ponetur.
1115 1627 1208 1661 itaque
1232 1626 1272 1653 sic
1296 1627 1503 1657 concludamus.
1524 1631 1553 1653 ut
1576 1634 1637 1654 esse
1664 1629 1751 1662 partis

960 1674 1102 1707 utriusque
1122 1672 1275 1699 doctrinam
1297 1680 1374 1706 aeque
1395 1672 1577 1706 abjiciendam
1595 1674 1752 1707 pronunties

960 1727 1029 1746 ntus.
1047 1718 1146 1746 Nostra
1169 1726 1234 1746 vero
1252 1718 1304 1745 hac
1323 1723 1380 1745 tota
1403 1718 1429 1745 in
1447 1726 1475 1746 re
1497 1720 1642 1751 sententia,
1661 1721 1751 1747 media

117 1765 189 1792 inter
202 1765 358 1799 opinionem
385 1771 526 1800 utramque
543 1765 585 1792 via
602 1764 764 1798 incedendo,
783 1765 871 1800 ipsam
897 1766 929 1793 ad
948 1767 1090 1794 veritatem
1115 1775 1175 1794 sese
1202 1766 1309 1801 diriget,
1330 1769 1372 1793 est
1395 1767 1467 1792 enim
1494 1766 1750 1799 hujusmodi:Ani-

116 1815 177 1838 mos
203 1818 290 1845 neque
312 1810 463 1838 secundum
486 1810 586 1838 Graeca:
610 1811 750 1845 sapientia
779 1819 913 1843 errorem.
941 1820 995 1839 una
1018 1820 1081 1839 cum
1105 1812 1284 1839 universitate
1310 1811 1337 1837 in
1358 1811 1450 1837 orbem
1469 1811 1595 1845 agitatus,
1621 1812 1750 1840 redditos.

116 1863 170 1891 que
198 1862 246 1891 per
272 1856 399 1883 vitiorum
423 1856 684 1883 contaminationem
704 1857 854 1890 graviores,
869 1864 931 1884 cum
952 1864 1031 1892 pares
1062 1865 1123 1884 esse
1149 1865 1231 1884 cursu
1258 1856 1401 1883 celerrimo
1427 1856 1479 1890 poli
1500 1857 1584 1882 motui
1604 1863 1749 1891 nequeant.

117 1902 146 1929 in
172 1905 274 1929 terram
292 1902 380 1929 delabi
399 1911 405 1928 :
421 1910 509 1937 neque
524 1902 649 1937 corporis
669 1909 752 1929 causa
777 1904 833 1929 tum
857 1903 974 1938 primum
1007 1904 1085 1935 oriri,
1116 1911 1178 1930 cum
1206 1903 1261 1937 jam
1288 1902 1353 1929 illud
1391 1902 1478 1928 instar
1507 1902 1584 1930 lutea:
1605 1903 1749 1937 cujusdam

117 1953 216 1977 statua:
232 1949 268 1976 sit
282 1948 491 1976 conformatum.
506 1948 572 1975 Nam
595 1955 626 1975 ea
642 1948 747 1976 ratione
769 1953 866 1976 natura
882 1949 1059 1985 intelligentia
1075 1949 1199 1984 praedita,
1215 1949 1288 1976 luteo
1306 1948 1433 1982 ligmonto
1448 1947 1565 1975 deterior
1581 1949 1660 1977 l‘oret.

365 2002 556 2030 ΚΕΦΛᾹΛΙΟΝ
578 2004 641 2031 ΚΘ’.

117 2050 298 2083 Κατασκευὴ
313 2050 364 2076 τεῦ
376 2050 450 2084 μίαν
465 2050 513 2076 καὶ
529 2049 586 2085 τὴν
600 2050 697 2083 αὐτὴν
710 2051 797 2085 ψυχῇ
811 2060 842 2079 τε
857 2051 907 2079 καὶ

195 2086 308 2120 σώματι
323 2086 378 2118 τὴν
395 2085 492 2112 αἰτίαν
506 2084 560 2118 τῆς
570 2084 725 2120 ὐπάρξεωξ
740 2084 826 2114 εἶναι.

1236 2004 1353 2032 CAPUT
1374 2005 1470 2032 XXIX.

960 2047 1031 2081 Ῐιίέηι
1050 2048 1105 2081 esse
1122 2061 1180 2080 cum
1199 2050 1298 2084 animo,
1315 2057 1370 2079 tum
1387 2053 1500 2086 corpori,
1519 2053 1664 2080 assistendi
1678 2051 1750 2088 prii;-

1219 2089 1327 2123 tipium,
1351 2088 1487 2122 probatur.

160 2122 229 2157 ³Ᾱλλ¹
245 2130 304 2161 ἐνὸς
318 2130 393 2161 ὅντος
407 2130 455 2157 τοῦ
477 2130 629 2165 ἀνθρώπου,
647 2131 692 2158 τοῦ
706 2132 751 2158 διὰ
767 2132 856 2167 ψυχῆς
875 2138 904 2158 τε

993 2134 1046 2161 διιὰ
1061 2142 1122 2161 cum
1140 2141 1211 2161 unus
1228 2137 1254 2161 et
1276 2134 1346 2161 idem
1364 2134 1444 2161 homo
1467 2134 1511 2165 sit,
1528 2133 1575 2167 qui
1597 2141 1710 2168 corpore
1725 2139 1751 2161 et

118 2178 166 2205 καὶ
191 2177 316 2212 σώματος
336 2177 544 2212 συνεστηκότος,
564 2177 628 2212 μίαν
643 2177 725 2204 αὐτοῦ
750 2179 797 2204 καὶ
816 2178 908 2213 κοινὴν

118 2225 169 2260 τῆς
186 2225 339 2255 συστάσεως
364 2223 412 2259 τὴν
436 2224 522 2258 ἀρχὴν
546 2223 737 2254 ὑποτίθεσθαι,
761 2225 799 2256 ὼς
820 2224 854 2251 ἂν
871 2223 908 2259 μὴ

119 2270 199 2301 αὐτὸς
211 2268 306 2295 ἑαυτοῦ
323 2268 534 2305 προγενέστερός
544 2277 574 2294 τε
587 2269 634 2295 καὶ
646 2268 778 2304 νεώτερος
794 2269 907 2303 γένοιτο,

118 2316 166 2344 τοῦ
184 2316 233 2352 μὲν
251 2315 407 2351 σωματικοῦ
429 2315 639 2351 προτερεύοντος
659 2317 688 2342 ἐν
709 2316 798 2352 αὐτῷ,
815 2316 862 2343 τοῦ
879 2317 908 2343 δὲ

119 2360 212 2396 ἑτέρου
238 2360 469 2396 ἐφυστερίζοντος.
500 2360 580 2387 Ἀλλὰ
601 2363 633 2396 τῇ
654 2362 703 2397 μὲν
717 2364 906 2398 προγνωστικῇ

117 2407 165 2434 τοῦ
187 2407 254 2434 Θεοῦ
274 2407 386 2442 δυνάμει
397 2426 404 2438 ,
427 2407 498 2434 κατὰ
513 2403 558 2434 τὸν
572 2407 662 2444 μικρῷ
678 2407 794 2443 πρόσθεν
807 2409 907 2436 ἁποδο·

118 2453 199 2480 θέντα
210 2452 297 2486 λόγον,
311 2453 384 2479 ἅπαν
398 2453 602 2488 προϋφεστάναι
614 2453 644 2480 τὸ
657 2453 826 2489 ἀνθρώπινον
839 2455 907 2490 πλή-

119 2505 199 2534 ρωμα
213 2497 313 2531 λέγειν,
334 2498 583 2534 συμμαρτυρούσης
598 2499 639 2530 είς
651 2499 731 2526 τοῦτο
742 2499 790 2534 τῆς
800 2508 907 2536 προφη-

117 2543 208 2576 τείας,
223 2543 274 2578 τῆς
287 2543 418 2579 λεγούσης
437 2544 535 2571 εἰδέναι
551 2544 585 2571 τὰ
602 2545 689 2572 πάντα
701 2545 746 2572 τὶν
760 2545 826 2572 Θεὸν
842 2545 906 2580 πρὶν

117 2589 250 2623 γενέσεως
266 2590 364 2617 αὐτῶν.
387 2590 431 2616 Ἐν
450 2590 479 2616 δὲ
491 2592 523 2626 τῇ
541 2591 600 2618 καθ’
613 2591 727 2618 ἕκαστον
739 2592 905 2628 δημιουργίᾳ

121 2634 159 2670 μὴ
172 2635 328 2670 προτιθέναι
339 2635 386 2662 τοῦ
398 2636 491 2670 ἐτέρου
505 2637 535 2663 τὸ
544 2636 647 2673 ἕτερον,
656 2636 729 2673 μήτε
741 2638 792 2674 πρδ
799 2637 844 2664 τοῦ
857 2637 907 2664 σώ-

121 2689 204 2716 ματος
214 2681 262 2716 τὴν
269 2681 368 2717 ψυχὴν,
379 2683 447 2717 μήτε
460 2682 489 2709 τὸ
500 2682 617 2718 ἔμπαλιν
628 2693 634 2699 ·
648 2683 685 2715 ὡς
697 2683 729 2710 ἂν
744 2684 780 2720 μὴ
797 2684 906 2712 στασιά-

119 2727 160 2760 ζοι
176 2727 242 2763 πρὸς
257 2728 352 2754 ἑαυτὴν
368 2728 382 2754 ὁ
398 2729 581 2765 ἃνθρωπος,τῇ
599 2729 670 2756 κατὰ
681 2730 725 2756 τὸν
739 2730 832 2765 χρόνον
847 2731 906 2758 δια-

160 2817 181 2831 εε
201 2814 269 2841 Dan.
284 2823 343 2844 xtn.
360 2814 406 2843 ιεε

290 2861 426 2890 Puncta
451 2860 508 2889 Gtt.
534 2860 558 2889 Χ
566 2860 639 2891 ω’.

960 2180 1051 2207 animo
1070 2183 1177 2207 constat
1193 2187 1198 2205 :
1216 2187 1300 2206 unum
1321 2185 1383 2206 ease
1409 2186 1605 2213 communeque
1625 2180 1750 2206 trihuen-

960 2226 1023 2253 dum
1053 2226 1077 2253 ei
1104 2225 1222 2252 dicimus
1245 2225 1394 2251 (assistendi
1419 2225 1593 2258 principium,
1620 2232 1653 2251 ne
1674 2230 1751 2260 parte

960 2272 1010 2299 hac
1024 2272 1115 2306 seipse
1137 2272 1220 2305 prior,
1237 2269 1321 2296 altera
1338 2270 1430 2304 iunior
1445 2270 1481 2296 sit
1495 2273 1521 2296 ct
1540 2269 1685 2303 posterior.
1703 2269 1750 2298 Dei

961 2318 1065 2345 scilicet
1088 2317 1142 2343 vim
1164 2310 1263 2342 cuneta
1281 2315 1502 2350 prospicientem,
1529 2315 1608 2341 initio
1631 2315 1750 2350 speciem

961 2367 1044 2390 totam
1065 2362 1092 2389 in
1106 2361 1245 2389 creatione
1260 2361 1429 2396 complexam
1444 2368 1515 2392 esse.
1529 2365 1558 2387 ut
1575 2369 1605 2387 ea
1621 2361 1677 2395 jam
1691 2362 1750 2389 tum‘

959 2409 1118 2439 exsisteret,
1148 2407 1376 2443 quemadmodum
1407 2411 1449 2434 est
1473 2412 1535 2434 ante
1563 2407 1749 2439 declaratum,

959 2453 1019 2489 ipso
1032 2453 1113 2481 etiam
1133 2453 1199 2479 vatis
1214 2452 1381 2483 testimonio,
1399 2452 1445 2487 qui
1464 2452 1546 2480 Deum
1564 2460 1643 2480 nosse
1659 2453 1750 2480 omnia
1766 2484 1769 2488 ί

959 2500 1036 2535 prius
1053 2507 1133 2534 quam
1159 2500 1294 2531 oriantur,
1318 2498 1398 2526 ait“.
1419 2498 1552 2531 Quocirca
1575 2499 1689 2525 alterum
1709 2489 1767 2525 al-l

959 2544 1008 2574 teri
1025 2545 1144 2581 praeponi
1160 2552 1215 2571 non
1236 2543 1344 2575 debere,
1361 2544 1439 2578 Quasi
1460 2543 1629 2579 singularum
1645 2543 1672 2570 in
1687 2550 1749 2578 par—

962 2591 1029 2619 tium
1040 2589 1180 2618 creatione
1190 2588 1232 2616 Vel
1248 2587 1357 2615 animus
1369 2588 1405 2614 sit
1419 2592 1484 2615 ante
1495 2594 1596 2621 corpus
1608 2587 1748 2619 conditus,

960 2635 1003 2664 vel
1018 2643 1034 2662 e
1050 2634 1189 2662 contrario
1213 2640 1314 2667 corpus
1336 2637 1398 2660 ante
1417 2632 1550 2660 animum.
1570 2631 1654 2667 quue
1679 2631 1749 2658 hanc

961 2681 1133 2717 potissmium
1155 2680 1191 2707 ob
1213 2686 1336 2710 causam,
1359 2686 1393 2706 ne
1416 2685 1509 2706 secum
1532 2678 1593 2713 ipse
1617 2677 1750 2705 dissidere

959 2729 1084 2763 videatur
1109 2727 1202 2757 homo,
1227 2730 1356 2759 tanquam
1383 2724 1504 2752 diversas
1536 2724 1563 2751 in
1596 2729 1688 2759 partes
1714 2723 1750 2751 ob

1615 2857 1635 2887 8
