1977 3071
248 70 299 98 955

865 64 894 94 s.
915 55 1077 94 enrconn
1097 64 1241 93 xrsscxt

1824 68 1879 96 236

249 128 380 164 temporis
406 127 434 155 in
458 126 556 154 harum
577 129 638 153 ortu
658 123 806 152 discrimen
830 124 945 152 divisus.
970 124 1037 151 Nam

1092 125 1162 159 φορᾷ
1185 124 1370 160 μεριζόμενος.
1398 124 1500 160 Διπλῆς
1526 124 1580 161 γὰρ
1604 125 1653 160 τῆς
1675 125 1782 160 φύσεως
1798 126 1879 162 ἡμῶν

249 183 309 202 cum
330 174 363 201 de
380 172 503 208 Apostoli
519 171 667 202 sententia,
686 174 784 197 natura
805 174 898 197 nostra
915 168 1040 197 bifariam

249 220 425 254 intelligatur,
451 222 480 244 ut
506 217 556 244 alia
582 217 618 244 sit
643 216 702 251 ejus
727 215 847 243 hominis
871 218 968 242 natura
993 215 1041 250 qui

250 266 325 294 cerni
355 273 369 292 a
399 265 479 292 nohis
498 268 596 299 potest,
625 263 677 290 alia
699 262 821 295 hominis
837 261 950 289 interius
968 261 1042 288 velut

248 312 332 338 abditi
351 315 377 338 et
394 310 534 341 occultati,
559 309 581 336 si
603 312 786 336 statueremus
811 308 925 334 alterum
941 307 975 334 de
998 307 1041 334 his

247 357 389 392 aliquanto
419 355 496 390 prius
518 358 609 381 ortum
637 354 788 383 exstitisse,
815 360 896 387 quam
927 352 1041 379 alterum

247 409 308 429 esse
327 401 469 435 inciperet,
489 400 567 434 plane
588 399 639 426 hoc
666 398 767 425 indicio
783 397 863 428 foret,
887 396 1041 424 conditoris

240 451 409 482 'potcstatem
436 453 492 473 non
509 445 620 472 omnino
640 443 788 479 perfectam
804 443 952 479 quamdam
968 450 1039 473 esse.

248 497 390 528 propterea
413 491 486 527 quod
512 491 587 526 operi
613 490 742 517 universo
767 489 848 517 simul
876 489 1042 516 absolvendo

248 548 301 566 non
326 538 475 569 suffecerit,
502 537 620 571 ideoque
636 543 733 571 operas
754 536 832 571 quasi
854 534 1040 570 interruperit,

247 591 278 610 ac
306 583 428 611 vicissim
457 582 484 609 in
514 580 689 616 perficiendis
717 581 833 616 singulis
858 581 983 615 partibus
1008 587 1041 607 ex

248 629 364 655 semisse
390 628 466 663 prius
483 626 615 654 absolutis
631 630 763 660 occupata
787 625 878 652 fuerit.
905 624 1040 663 Nimirum

247 678 277 700 ut
304 674 332 700 in
353 673 436 700 tritici
462 679 547 707 grano
572 671 614 698 vel
638 671 734 705 quovis
754 670 808 697 alio
829 669 933 697 semine
956 673 1041 696 totam

248 720 330 754 spica:
353 719 393 745 vel
421 718 530 753 frugum
556 721 727 744 tnaturarum
754 716 872 751 speciem
892 719 1038 751 potestate,

248 766 328 793 sicuti
354 765 506 800 loquimur,
534 764 757 798 comprehensam
785 763 914 794 dicimus,
930 766 956 790 et
979 762 1042 790 her-

249 814 320 843 luun,
349 815 376 838 et
402 811 533 842 culmum,
557 813 584 837 et
613 809 777 842 internodia,
808 812 834 836 et
858 808 987 840 fructum,
1015 811 1041 834 et

248 858 347 883 aristas
369 866 375 884 :
399 863 460 883 cum
483 855 550 882 nihil
570 854 666 881 horum
692 855 778 881 altero
794 853 822 880 in
846 859 944 880 natura
966 852 1042 888 prius

248 903 336 936 rcipsa
362 901 493 933 exsistat,
520 900 561 927 vel
591 900 698 927 oriatur
728 900 820 930 citius,
854 898 900 926 sed
926 899 1042 926 naturali

249 948 344 974 ordine
360 947 467 973 tandem
484 945 566 972 insita
581 945 682 972 semini
699 943 814 971 facultas
826 943 884 978 ipsa
900 949 1042 978 appareat,

250 993 322 1020 nulla
347 993 373 1019 in
399 999 490 1019 semen
515 990 568 1017 alia
597 997 627 1017 se
649 993 747 1016 natura
772 989 944 1016 extrinsecus
967 988 1042 1015 velut

251 1039 422 1066 insinuante:
438 1037 478 1063 sic
495 1035 577 1064 etiam
595 1035 784 1062 existimamus
807 1034 927 1060 humano
950 1034 977 1060 in
999 1041 1042 1061 se-

254 1083 337 1114 mine,
360 1089 422 1108 emn
443 1081 524 1107 homo
544 1080 662 1114 primutn
678 1079 774 1114 incipit
789 1079 867 1111 oriri,
883 1077 1040 1105 facultatem

250 1127 402 1155 naturalem
429 1125 583 1158 contineri,
615 1122 696 1152 simul
719 1132 780 1151 cutn
807 1124 868 1159 ipso
895 1129 1040 1151 excretam.

253 1173 326 1200 lianc
343 1180 426 1207 porro
441 1171 559 1199 naturali
575 1170 691 1206 quadam
707 1170 910 1205 progressionis
924 1170 993 1197 serie
1011 1170 1044 1197 ad

252 1219 445 1255 perfectionem
462 1217 504 1244 sui
522 1216 744 1247 contemleutem,
765 1215 896 1250 paulatim
914 1223 943 1243 se
958 1215 1044 1250 expli-

252 1273 314 1292 care
335 1272 366 1290 ac
390 1262 553 1297 patefacere,
575 1269 628 1288 non
653 1260 726 1295 quod
749 1261 921 1288 extrinsecus
941 1260 1043 1295 aliquid

252 1311 376 1345 recipiat,
401 1309 480 1343 cujus
495 1315 545 1342 ope
568 1308 610 1334 sui
634 1306 830 1341 perfectionem
855 1305 1042 1341 adipiscatur;

252 1357 299 1385 sed
316 1355 425 1391 propria
443 1354 468 1381 vi
485 1353 518 1380 ad
535 1360 594 1380 eam
612 1352 747 1387 paulatim
769 1351 937 1387 proficieudo
950 1360 1045 1387 pervc-

250 1403 300 1430 nit.
319 1402 434 1428 Animus
447 1399 525 1431 adeo,
547 1397 776 1432 quemadmodum
795 1401 857 1425 ante
872 1405 970 1432 corpus
989 1405 1042 1425 non

1091 170 1248 205 νοουμένης,
1264 170 1334 197 κατὰ
1353 171 1401 206 τὴν
1413 170 1594 206 ἀποστολικὴν
1605 170 1841 204 διδασκαλίαν,τώ
1849 179 1879 199 τε

1094 217 1256 251 φαινομένου
1282 217 1443 253 ἀνθρώπου,
1469 217 1517 244 καὶ
1544 217 1592 244 τοῦ
1616 219 1825 253 κεκρυμμένον
1854 220 1879 246 εὶ

1091 263 1122 289 τὸ
1138 263 1187 298 μὲν
1207 263 1395 299 προϋπάρχοι,
1412 265 1443 291 τὸ
1460 264 1488 291 δὲ
1502 264 1670 298 ἐπιγένοιτο,
1687 265 1785 300 ἀτελής
1800 273 1841 297 τις
1861 265 1880 300 ἡ

1091 307 1138 333 τοῦ
1156 308 1384 343 δημιουργοῦντος
1405 308 1638 344 ἀπελεγχθήσεται
1651 309 1777 344 δύναμις,
1792 310 1822 336 οὐ
1839 309 1880 345 τῷ

1092 354 1173 379 παντὶ
1189 354 1258 380 κατὰ
1271 354 1301 380 τὸ
1321 354 1418 390 ἀθρόον
1439 354 1603 389 ὲξαρκοῦσα,
1616 354 1685 381 ἀλλὰ
1703 355 1878 391 διαιρουμένη

1092 398 1122 424 τὸ
1138 399 1217 434 ἔργον
1227 419 1234 431 ,
1250 400 1297 426 καὶ
1315 400 1365 426 ἀνὰ
1387 400 1468 436 μέρος
1482 401 1545 436 περὶ
1558 401 1686 436 ἑκάτερον
1699 401 1752 428 τῶν
1765 403 1880 436 ἡμισευ-

1094 444 1186 479 μάτων
1198 445 1391 480 ἀσχολουμένη.
1418 445 1486 472 Ἀλλ’
1499 445 1593 481 ὥσπερ
1611 447 1639 473 ὲν
1652 446 1689 481 τῷ
1706 447 1771 482 σίτῳ
1787 447 1879 482 φαμὲν

1092 489 1108 525 ἢ
1132 490 1161 516 ἐν
1185 491 1272 527 ἑτέρῳ
1293 491 1346 518 τινὶ
1370 491 1425 518 τῶν
1449 492 1622 526 σπερμάτων,
1642 492 1714 519 ἂπαν
1738 493 1878 528 ἐμπεριει-

1091 535 1191 571 λῆφθαι
1213 538 1245 572 τῇ
1270 536 1382 571 δυνάμει
1404 536 1433 562 τὸ
1448 536 1518 564 κατὰ
1539 537 1584 563 τὸν
1607 537 1706 573 στάχυν
1729 536 1814 570 εἶδος,
1833 538 1879 565 τὸν

1093 582 1198 617 χόρτον,
1211 583 1260 618 τὴν
1270 583 1405 618 καλάμην,
1420 583 1469 614 τὰς
1483 583 1527 610 διὰ
1543 583 1624 618 μέσου
1639 583 1735 616 ζώνας,
1747 585 1792 611 τὸν
1809 593 1878 621 καρ-

1093 627 1153 659 πὸν,
1175 628 1238 658 τοὺς
1263 628 1420 663 ἀνθέρικος,
1446 628 1492 654 καὶ
1516 629 1591 656 οὐδὲν
1608 629 1709 656 τούτων
1733 631 1761 657 ὲν
1775 630 1814 665 τῷ
1827 630 1878 665 τῆς

1093 670 1200 705 φύσεως
1219 671 1289 707 λόγῳ
1307 673 1503 708 προϋπάρχειν,
1521 673 1537 709 ἢ
1552 674 1727 708 προγίνεσθαί
1738 683 1827 710 φαμεν
1844 677 1877 711 τῇ

1093 717 1172 751 φύσει
1193 717 1240 744 τοῦ
1258 718 1427 753 σπέρματος,
1444 719 1511 745 ἀλλὰ
1530 719 1605 752 τάξει
1633 719 1681 755 μέν
1707 729 1759 747 τινι
1776 722 1878 756 φυσικῇ

1092 763 1140 798 τὴν
1160 764 1322 800 ὲγκειμένην
1338 765 1377 800 τῷ
1399 765 1536 800 σπέρματι
1552 765 1666 801 δύναμιν
1681 766 1879 801 φανεροῦσθαι,

1094 807 1124 832 οὑ
1139 807 1190 842 μὴν
1202 807 1296 843 ἑτέραν
1310 809 1527 844 ἐπεισκρίνεσθαι
1546 809 1626 844 φύσιν
1640 819 1647 826 ·
1659 810 1729 838 κατὰ
1743 811 1880 838 τὸν-αὺτὸν

1094 852 1171 886 λόγον
1198 853 1245 879 καὶ
1271 853 1321 888 τὴν
1348 853 1521 889 ἀνθρωπίνην
1553 855 1656 891 σπορὰν
1691 855 1881 892 ὑπειλήφαμεν

1094 898 1165 932 ἔχειν
1177 898 1205 924 ὲν
1219 899 1251 933 τῇ
1263 898 1356 934 πρώτῃ
1366 899 1414 934 τῆς
1430 900 1587 931 συστάσεως
1601 901 1711 936 ἀφορμῇ
1726 909 1881 937 συνεσπαρ-

1096 942 1178 978 μένην
1196 943 1243 977 τὴν
1268 943 1314 978 τῆς
1338 944 1444 978 φύσεως
1468 944 1593 980 δύναμιν.
1623 946 1818 978 Ἐξαπλοῦσθαι
1850 946 1880 973 δὲ

1095 989 1141 1015 καὶ
1157 989 1335 1025 φανεροῦσθαι
1359 990 1402 1018 διά
1415 1000 1488 1023 τινος
1509 992 1626 1026 φυσικῆς
1640 992 1798 1024 ἀκολουθίας
1812 992 1880 1028 πρὸς

1095 1033 1125 1059 τὸ
1150 1034 1250 1061 τέλειον
1275 1035 1438 1070 προϊοῦσαν,
1460 1037 1489 1063 οὺ
1508 1037 1767 1072 προσλαμϐάνουσάν
1785 1046 1811 1063 τι
1825 1036 1881 1064 τῶν

1095 1077 1192 1110 ἔξωθεν
1209 1080 1248 1110 εἰς
1267 1079 1393 1116 ἀφορμὴν
1408 1080 1571 1113 τελειώσεως
1581 1090 1587 1096 ·
1602 1082 1659 1108 ἀλλ’
1684 1082 1781 1117 ἑαυτὴν
1796 1083 1835 1113 είς
1850 1081 1881 1108 τὸ

1097 1124 1199 1151 τέλειον
1212 1124 1244 1152 δι’
1259 1125 1418 1157 ἀκολουθίας
1439 1127 1620 1161 προάγουσαν.
1647 1127 1689 1158 Ὠς
1706 1127 1773 1163 μήτε
1789 1127 1880 1162 ψυχὴν

1095 1170 1147 1205 πρὸ
1160 1170 1206 1197 τοῦ
1221 1171 1355 1206 σώματος,
1372 1172 1440 1207 μήτε
1451 1173 1535 1207 χωρὶς
1547 1172 1633 1208 ψυχῆς
1645 1172 1675 1199 τὸ
1691 1172 1769 1208 σῶμα
1781 1172 1880 1207 ἀληθὲς

1095 1213 1164 1241 εἶναι
1177 1215 1276 1250 λέγειν,
1290 1216 1358 1243 ἀλλὰ
1375 1217 1437 1252 μίαν
1451 1218 1612 1254 ἀμφοτέρων
1627 1218 1724 1253 ἀρχὴν,
1743 1219 1812 1244 κατᾶ
1830 1218 1881 1252 μὲν

1094 1261 1139 1287 τὸν
1153 1261 1316 1297 ὑψηλότερον
1329 1263 1416 1297 λόγον,
1430 1264 1459 1289 ὲν
1478 1263 1516 1298 τῷ
1533 1263 1631 1299 πρώτῳ
1645 1263 1691 1290 τοῦ
1705 1263 1771 1290 Θεοῦ
1785 1263 1881 1299 βουλή-

1096 1315 1160 1341 ματι
1184 1307 1416 1342 καταϐληθεῖσαν,
1443 1309 1514 1335 κατὰ
1531 1308 1559 1335 δὲ
1583 1308 1628 1335 τὸν
1644 1309 1754 1344 ἕτερον,
1770 1309 1799 1334 ἐν
1819 1309 1881 1339 ταῖς

1093 1351 1144 1386 τῆς
1167 1352 1298 1386 γενέσεως
1317 1353 1455 1388 ἀφορμαῖς
1472 1353 1678 1389 συνισταμένην.
1702 1354 1745 1384 Ὧς
1762 1353 1815 1388 γὰρ
1831 1353 1881 1379 οὑν

1094 1397 1151 1424 ἔστι
1167 1397 1216 1432 τὴν
1229 1398 1299 1425 κατὰ
1315 1398 1383 1434 μέλη
1405 1399 1567 1435 διάρθρωσιν
1591 1399 1686 1425 ἐνιδεῖν
1700 1399 1740 1434 τῷ
1753 1399 1820 1435 πρὸς
1831 1399 1881 1434 τὴν

251 1448 369 1478 exsistit,
387 1447 426 1473 sic
443 1445 561 1472 hominis
577 1444 655 1471 initio
679 1444 739 1471 sine
755 1444 848 1471 animo
864 1451 964 1479 corpus
982 1452 1040 1472 esse

1096 1443 1225 1478 σύλληψιν
1243 1444 1290 1470 τοῦ
1315 1444 1439 1480 σώματος
1457 1445 1618 1481 ὲντιθεμένῳ
1639 1446 1692 1482 πρὸ
1707 1447 1756 1482 τῆς
1769 1446 1880 1474 διαπλά-

251 1494 304 1520 dici
328 1499 390 1519 vere
411 1491 515 1526 nequit.
533 1489 621 1516 Unum
637 1493 678 1517 est
702 1489 846 1524 utriusque
865 1490 1039 1524 principium,

251 1535 324 1570 quod
331 1534 480 1561 secundum
490 1534 623 1560 rationem
635 1533 743 1567 quidem
756 1533 943 1561 sublimiorem
954 1534 1041 1568 prima

250 1582 278 1609 in
303 1580 444 1607 voluntate
468 1579 526 1611 Dei,
549 1583 677 1614 tanquam
704 1577 883 1605 fundamento
904 1579 1039 1611 innititur,

251 1625 357 1652 ratione
378 1627 468 1652 autem
491 1624 586 1655 altera,
605 1624 631 1650 in
656 1627 734 1650 ortus
752 1623 839 1650 nostri
861 1623 973 1651 exordio
993 1631 1041 1659 po-

253 1671 368 1698 nendum
388 1674 440 1697 est.
463 1669 530 1696 Nam
552 1674 581 1696 ut
598 1669 624 1695 in
646 1677 688 1701 eo,
703 1669 773 1703 quod
800 1674 921 1696 materna
935 1669 963 1697 in
981 1670 1041 1697 alvo

255 1717 290 1744 ad
315 1716 520 1751 conceptionem
560 1715 684 1750 corporis
714 1715 868 1749 deponitur,
895 1720 1040 1750 amequam

252 1761 393 1794 formetur,
409 1761 526 1797 perspici
542 1761 684 1788 articulate
699 1760 884 1788 membrorum
901 1761 1040 1788 colueren-

251 1809 318 1836 tium
335 1807 475 1835 distinctio
492 1808 596 1842 nequit,
618 1807 658 1834 sic
674 1814 761 1841 neque
775 1807 815 1834 vis
830 1806 914 1833 animi
930 1807 1040 1842 propria

251 1853 416 1888 deprehendi
441 1853 469 1880 in
493 1853 587 1880 eodem
615 1855 704 1888 potest
724 1855 797 1883 ante,
813 1859 895 1887 quam
922 1852 954 1879 ad
977 1852 1041 1880 eﬁ‘e-

251 1900 358 1926 ctinnes
378 1906 442 1926 suas
462 1898 507 1924 illa
530 1898 731 1932 progrediatur.
753 1897 786 1923 Et
810 1897 1040 1932 quemadmodum

252 1943 354 1971 nemini
376 1943 488 1970 dubium
512 1946 564 1974 est,
584 1942 655 1969 idem
677 1942 744 1969 illud
766 1942 792 1968 in
816 1942 940 1970 diversos
964 1946 1041 1971 artus

252 1990 415 2023 diversaque
437 1988 542 2015 Viscera
569 1987 746 2019 conformari,
773 1987 846 2014 nulla
871 1993 981 2015 externa
1000 1988 1040 2016 fa-

253 2036 362 2066 cultate,
389 2037 418 2062 ut
440 2034 491 2060 hoc
514 2032 646 2068 perficiat,
681 2032 871 2067 ingrediente:
891 2035 937 2061 sed
956 2030 1041 2062 facul-

254 2085 307 2108 tate
326 2080 376 2116 ipsi
398 2088 411 2107 a
429 2083 525 2106 natura
541 2079 634 2110 insita,
652 2086 735 2113 opera
753 2082 781 2106 et
795 2078 936 2107 effectione
951 2088 998 2108 sua
1013 2081 1040 2108 in

253 2126 304 2153 hoc
329 2125 502 2152 incumbente
520 2122 634 2151 :eadetn
657 2124 765 2150 ratione
790 2121 824 2149 de
847 2123 938 2150 animo
962 2123 1040 2151 uobis
1055 2123 1078 2151 D

252 2171 425 2206 cogitandum
445 2174 497 2201 est,
523 2169 630 2197 etiamsi
653 2176 702 2204 per
726 2168 857 2203 quasdam
882 2168 1038 2197 affectiones

254 2217 280 2242 in
299 2220 374 2250 parte
394 2214 513 2242 hominis
533 2217 644 2241 externa
667 2217 694 2240 et
719 2216 875 2248 apparente,
893 2214 992 2241 indicia
1006 2214 1039 2242 de

254 2270 283 2288 se
312 2262 384 2288 nulla
408 2261 543 2296 praebeat,
573 2259 750 2287 nihilominus
780 2263 940 2293 praesentem
968 2268 1038 2288 esse.

253 2306 320 2334 Nam
336 2311 360 2334 et
385 2306 468 2333 futuri
487 2305 605 2333 hominis
629 2304 715 2332 forma
730 2308 864 2339 potestate
885 2305 993 2334 exsistit
1012 2307 1040 2334 in

254 2352 358 2380 semine
375 2361 381 2378 :
397 2356 478 2386 atque
497 2351 601 2378 idcirco
620 2351 694 2382 latet,
721 2350 794 2385 quod
810 2351 883 2378 velut
907 2351 933 2378 in
952 2352 1039 2380 lucem

253 2397 385 2434 producta
401 2397 522 2432 conspici
541 2397 616 2431 prius
630 2400 757 2431 nequeat,
772 2403 854 2431 quam
869 2398 1040 2426 necessarius

254 2451 344 2472 rerum
365 2443 431 2470 ordo
455 2444 603 2478 permittat,
633 2442 673 2469 sic
696 2445 723 2469 et
747 2442 855 2471 animus
879 2447 921 2471 est
951 2444 977 2470 in
1005 2451 1038 2472 eo

239 2489 408 2526 quanquam
427 2497 480 2516 non
501 2492 638 2523 appareat.
659 2487 727 2515 Nam
743 2492 797 2515 tum
811 2489 919 2517 demum
936 2491 1038 2525 patebit

254 2544 316 2564 eum
339 2535 445 2566 adesse,
465 2543 526 2562 cum
545 2539 625 2562 aucto
641 2541 689 2570 per
706 2535 888 2563 accretionem
911 2543 1036 2572 corpore,

253 2589 303 2610 sua
317 2589 345 2609 se
356 2581 464 2616 propria
477 2585 502 2607 et
515 2589 528 2607 a
541 2584 637 2607 natura
653 2580 734 2609 insita
747 2580 889 2609 effectione
900 2584 1035 2612 ostendet.

1094 1496 1180 1520 σεως·
1200 1487 1286 1520 οὕτως
1304 1489 1364 1516 οὐδὲ
1382 1490 1432 1522 τὰς
1456 1491 1505 1526 τῆς
1525 1491 1613 1526 ψυχῆς
1641 1492 1772 1526 ἰδιότητας
1797 1493 1825 1519 ὲν
1841 1492 1882 1527 τῷ

1092 1533 1166 1569 αὐτῷ
1189 1534 1299 1562 δυνατόν
1321 1536 1378 1562 ἐστι
1399 1537 1580 1571 κατανοῆσαι,
1600 1537 1664 1572 πρὶν
1683 1537 1823 1572 προελθεῖν
1840 1539 1880 1570 είς

1092 1579 1243 1616 ἐνέργειαν.
1257 1581 1310 1607 Καὶ
1318 1580 1412 1617 ὥσπερ
1425 1582 1474 1608 οὐκ
1489 1583 1521 1609 ἄν
1531 1591 1572 1614 τις
1587 1582 1735 1617 ἀμφιϐάλοι
1747 1583 1815 1618 πρὸς
1829 1583 1880 1614 τὰς

1091 1626 1146 1653 τῶν
1166 1626 1274 1662 ἄρθρων
1297 1635 1327 1653 τε
1349 1628 1395 1654 καὶ
1413 1627 1573 1664 σπλάγχνων
1595 1629 1725 1664 διαφορὰς
1744 1630 1832 1656 ἐκεῖνο
1849 1629 1881 1656 τὸ

1092 1672 1199 1698 ὲντεθὲν
1221 1672 1450 1707 σχηματίζεσθαι,
1477 1675 1526 1701 οὐκ
1547 1675 1630 1710 ἄλλης
1651 1675 1722 1707 τινος
1740 1675 1881 1711 δυνάμεω;

1093 1719 1337 1753 ὲπεισερχομένης,
1359 1720 1426 1746 ἀλλὰ
1440 1721 1488 1755 τῆς
1504 1720 1665 1756 ἐγκειμένης
1679 1721 1800 1755 φυσικῶς
1812 1721 1881 1757 πρὸς

1091 1763 1140 1799 τὴν
1162 1764 1302 1799 ἐνέργειαν
1322 1765 1410 1800 αὐτῆς
1423 1765 1640 1802 μεθισταμένης·
1665 1766 1735 1793 οὕτω
1751 1767 1797 1793 καὶ
1815 1768 1879 1802 περὶ

1091 1809 1180 1845 ψυχῆς
1200 1810 1338 1845 ἀναλόγως
1353 1810 1410 1838 ἔστι
1424 1811 1454 1838 τὸ
1466 1809 1525 1838 ἶσον
1540 1813 1698 1847 ὑπονοῆσαι,
1715 1813 1755 1839 ὅτι
1775 1814 1826 1841 κᾶν
1840 1813 1878 1848 μὴ

1091 1855 1136 1883 διά
1154 1863 1234 1883 τινων
1248 1857 1393 1892 ἐνεργειῶν
1415 1859 1445 1884 ὲν
1465 1857 1503 1893 τῷ
1528 1860 1683 1894 φαινομένῳ
1700 1859 1877 1895 γνωρίςηται,

1091 1901 1166 1928 οὐδὲν
1188 1899 1268 1937 ἧττόν
1288 1904 1362 1929 ἐστιν
1383 1904 1412 1930 ὲν
1431 1904 1536 1939 ἐκείνῳ.
1555 1905 1609 1931 Καὶ
1622 1904 1676 1940 γὰρ
1694 1905 1741 1931 καὶ
1763 1905 1793 1931 τὸ
1807 1903 1878 1937 εἶδος

1091 1946 1138 1974 τοῦ
1157 1947 1297 1982 μέλλοντος
1311 1949 1485 1976 συνίστασθαι
1499 1949 1640 1986 ἀνθρώπου
1662 1951 1691 1976 ὲν
1706 1950 1801 1986 ἐκείνῳ
1820 1951 1880 1977 ἐστὶ

1090 1995 1124 2029 τῇ
1141 1993 1262 2029 δυνάμει,
1277 1994 1401 2022 λανθάνει
1412 1995 1440 2022 δὲ
1455 1995 1498 2022 διὰ
1511 1996 1541 2022 τὸ
1554 1997 1591 2032 μὴ
1605 1995 1673 2023 εἶναι
1687 1996 1798 2024 δυνατὸν
1810 1997 1880 2031 πρὸς

1091 2038 1142 2072 τῆς
1161 2039 1313 2072 ἀναγκαίας
1341 2039 1501 2070 ἀκολουθίας
1521 2040 1698 2074 ἀναφανῆναι.
1730 2039 1808 2066 Οὕτω
1831 2040 1878 2066 καὶ

1091 2084 1108 2118 ὴ
1129 2083 1202 2119 ψυχή
1215 2084 1272 2110 ἐστι
1289 2082 1337 2119 μὲν
1353 2085 1381 2110 ὲν
1398 2085 1493 2120 ἐκείνῳ
1508 2086 1554 2112 καὶ
1568 2086 1605 2121 μὴ
1621 2085 1778 2121 φαινομένη,
1792 2087 1880 2121 φανή-

1093 2137 1167 2156 σεται
1182 2129 1210 2156 δὲ
1219 2130 1263 2157 διὰ
1277 2131 1325 2165 τῆς
1339 2131 1441 2162 οἰκείας
1451 2130 1549 2166 ἑαυτῆς
1563 2132 1609 2158 καὶ
1623 2131 1692 2158 κατὰ
1705 2131 1784 2165 φύσιν
1799 2132 1878 2167 ἐνερ-

1092 2176 1186 2210 γείας,
1200 2177 1232 2212 τῇ
1252 2178 1394 2212 σωματικῇ
1410 2176 1523 2212 αὐξήσει
1544 2177 1741 2213 συμπροῖοῦσα.
1768 2178 1880 2214 Ἐπειδὴ

1091 2221 1145 2256 γὰρ
1159 2221 1209 2247 οὐκ
1222 2221 1276 2247 ἀπὸ
1290 2221 1386 2257 νεκροῦ
1408 2221 1531 2257 σώματος
1551 2223 1568 2257 ἡ
1587 2223 1655 2257 πρὸς
1676 2222 1725 2257 τὴν
1747 2222 1881 2258 σύλληψιν

1088 2266 1202 2302 δύναμις
1223 2267 1414 2302 ἀποκρίνεται,
1438 2267 1495 2295 ἀλλ’
1511 2267 1541 2300 ἐξ
1562 2267 1682 2303 ἐμψύχου
1700 2268 1747 2295 καὶ
1759 2268 1860 2300 ζῶντος
1871 2278 1877 2284 ·

1088 2313 1132 2340 διὰ
1142 2313 1218 2339 τοῦτό
1230 2321 1320 2348 φαμεν
1339 2313 1447 2348 εὔλογον
1461 2312 1530 2340 εἶναι
1549 2314 1587 2350 μὴ
1598 2314 1694 2349 νεκρὸν
1710 2315 1756 2340 καὶ
1773 2314 1880 2350 ἄψυχον

1089 2358 1190 2385 οἴεσθαι
1205 2359 1235 2385 τὸ
1247 2359 1300 2385 ἀπὸ
1311 2359 1410 2391 ζῶντος
1422 2360 1462 2391 είς
1472 2359 1542 2394 ζωῆς
1559 2360 1686 2396 ἀφορμὴν
1703 2360 1877 2395 προϊέμενον.

1089 2403 1126 2429 Τὸ
1139 2404 1192 2438 γὰρ
1212 2404 1241 2430 ὲν
1260 2403 1342 2439 σαρκὶ
1363 2403 1480 2439 ἄψυχον,
1501 2405 1548 2430 καὶ
1567 2405 1662 2440 νεκρόν
1677 2405 1733 2430 ἐστι
1756 2404 1875 2436 πάντως.

1097 2448 1128 2475 'H
1146 2448 1174 2474 δὲ
1199 2448 1327 2484 νεκρότης
1347 2450 1415 2476 κατὰ
1438 2449 1564 2485 στέρησιν
1579 2449 1668 2485 ψυχῆς
1680 2450 1793 2484 γίνεται.
1819 2450 1879 2476 Οὐκ

1092 2494 1125 2521 ἂν
1138 2493 1167 2520 δέ
1188 2502 1230 2526 τις
1249 2494 1295 2520 ἐπὶ
1314 2494 1407 2521 τούτου
1431 2495 1616 2530 πρεσϐυτέραν
1635 2495 1683 2529 τῆς
1700 2495 1782 2527 ἕξεως
1804 2494 1878 2522 εἴποι

1090 2539 1139 2575 τὴν
1150 2539 1275 2575 στέρησιν
1286 2559 1293 2572 ,
1311 2540 1388 2574 εἴπερ
1408 2541 1440 2566 τδ
1454 2541 1567 2575 ἄψυχον,
1579 2540 1648 2576 ὅπερ
1663 2541 1792 2575 νεκρότης
1805 2541 1878 2574 ἐστὶ,

1067 2610 1069 2612 ,
1089 2585 1140 2619 τῆς
1152 2585 1242 2620 ψυχῆς
1252 2583 1321 2612 εἴναί
1332 2594 1372 2617 τις
1385 2586 1582 2617 κατασκευάζει
1595 2586 1788 2622 πρεσϐύτερον.

253 2627 319 2655 Cum
339 2627 411 2655 enim
431 2635 446 2653 a
466 2632 574 2655 mortuo
597 2634 711 2662 corpore
734 2627 808 2654 nulla
832 2627 866 2654 ad
883 2630 1090 2664 conceptionem
1116 2631 1232 2658 facultas
1262 2637 1435 2663 excernatur,
1460 2631 1507 2658 scd
1534 2632 1568 2658 ab
1588 2632 1710 2658 animato
1738 2635 1765 2658 et
1793 2631 1876 2659 vivo:

252 2673 355 2700 idcirco
380 2680 444 2701 vero
468 2677 682 2701 consentaneum
702 2676 754 2704 est,
776 2680 809 2699 ne
828 2672 893 2700 illud
907 2675 1016 2708 quidem
1037 2679 1174 2704 mortuum
1201 2681 1228 2703 et
1252 2676 1402 2703 inanimum
1424 2677 1585 2709 putandum,
1612 2676 1684 2712 quod
1707 2677 1741 2705 de
1761 2683 1880 2712 corpore

253 2718 315 2745 viro
332 2718 365 2745 ad
378 2717 572 2753 procreandum
595 2724 652 2745 rem
673 2717 761 2744 vivam
785 2717 929 2745 emittitur.
950 2720 1066 2748 Carnem
1087 2725 1160 2748 certe
1182 2721 1256 2755 quod
1277 2722 1384 2754 attinet,
1402 2722 1513 2749 omnino
1533 2730 1563 2749 ea
1580 2726 1622 2749 est
1639 2727 1666 2750 et
1686 2723 1835 2750 inanimum
1848 2729 1879 2751 et

254 2767 389 2791 mortuum
414 2770 462 2799 per
483 2771 512 2791 se
535 2763 674 2798 quiddam.
700 2761 851 2790 Mortalitas
871 2769 960 2793 autem
982 2774 1035 2795 non
1062 2768 1114 2794 nisi
1138 2768 1219 2794 animi
1249 2767 1290 2795 est
1317 2769 1441 2803 privatio.
1466 2769 1500 2797 At
1525 2776 1604 2797 nemo
1631 2770 1738 2802 dixerit,
1765 2770 1875 2805 opinor,
