1977 3071
136 107 188 149 237

771 118 815 146 DE
835 117 974 146 HOMlMS
993 118 1148 146 OPIFICIO.

1714 122 1766 148 278

137 179 230 207 habittt
250 178 427 213 privationem
448 179 565 214 priorem
581 185 663 206 esse:
686 176 758 212 quod
781 178 858 212 sequi
879 185 1004 213 necesse
1018 180 1071 210 est,
1087 177 1110 205 si
1131 177 1193 212 quis
1216 183 1338 210 carnem,
1363 185 1423 213 quae
1448 177 1576 214 quiddam
1600 183 1642 207 est
1675 179 1764 207 inuri-

137 232 223 256 nlum,
247 225 298 251 hoc
316 229 359 252 est
379 230 530 255 mortuum,
545 223 584 250 ait
605 224 699 251 animo
717 223 836 258 priorem
854 231 925 252 esse;

171 271 203 297 Et
214 271 241 297 δέ
259 279 302 302 τις
319 270 366 297 καὶ
384 270 577 306 ἐναργέστερον
596 270 689 305 ζητοίη
711 270 859 305 τεκμήριον
872 269 918 296 τοῦ

1008 266 1086 299 Quod
1103 265 1126 293 si
1144 265 1206 300 quis
1229 270 1418 300 argumentum
1453 267 1590 296 desiderat
1616 260 1762 301 illustrius.

137 317 187 353 ζῇν
202 317 289 344 έκεῖνο
302 317 332 343 τὸ
350 317 448 352 μέρος,
460 317 529 352 ὅπερ
543 317 613 352 ἀρχὴ
631 315 676 342 τοῦ
688 315 925 351 κατασκευαζομέ-

136 370 181 388 νου
196 361 300 394 γίνεται
321 361 403 394 ζώου,
427 361 540 388 δυνατόν
559 362 616 388 ἐστι
638 361 686 388 καὶ
713 360 746 387 δι’
763 361 850 388 ἄλλων
876 369 926 396 ση-

138 405 231 440 μείων,
248 406 281 433 δι’
291 403 328 433 ὧν
343 406 373 433 τὸ
393 405 513 442 ἔμψυχον
528 407 560 432 ἐκ
577 405 623 432 τοῦ
636 405 734 441 νεκροῦ
748 405 925 441 διακρένεται,

136 451 184 478 καὶ
200 451 264 486 περὶ
279 451 373 478 τούτου
387 451 566 486 κατανοῆσαι.
582 451 737 486 Τεκμήριον
752 450 804 486 γὰρ
817 450 862 477 τοῦ
876 450 926 486 ζῇν

137 498 182 524 ἐπὶ
199 496 253 523 τῶν
269 496 419 532 ἀνθρώπων
436 496 597 532 ποιούμεθα,
612 495 643 522 τὸ
657 495 757 531 θερμὸν
778 494 847 522 εἷναί
865 505 926 522 τινα

137 543 185 570 καὶ
204 543 315 578 ἐνεργὸν
329 543 375 569 καὶ
390 542 558 578 κινούμενον.
575 542 611 568 Τὸ
631 542 659 569 δὲ
675 541 879 577 κατεψυγμένον
889 550 925 568 κτε

137 589 185 615 καὶ
198 588 325 624 ἀκίνητον
340 589 385 614 ἐπὶ
407 587 460 614 τῶν
485 588 628 622 σωμάτων,
643 588 718 614 οὐδὲν
733 587 825 623 ἕτερον
849 588 872 614 εἰ
888 588 925 623 μὴ

136 635 266 670 νεκρότης
278 634 361 660 ἐστίν.
379 633 488 669 Ἐπειδὴ
500 633 588 660 τοίνυν
601 633 729 668 ἔνθερμον
745 642 772 660 τε
788 634 834 660 καὶ
850 635 925 669 ἐνερ-

136 682 184 714 γὸν
200 679 354 714 θεωροῦμεν
366 678 453 711 τοῦτο,
471 678 534 714 περὶ
555 674 584 704 οὗ
606 678 651 704 τὸν
667 678 745 712 λόγον
755 675 924 713 ποιούμεθα,

136 724 166 751 τὺ
181 724 248 760 μηδὲ
265 724 366 760 ἄψυχον
383 716 452 750 εἶναι
468 723 511 750 διὰ
533 723 634 750 τούτων
660 723 923 764 συντεκμαιρόμεθα.

143 770 212 796 Ἀλλ’
236 770 331 805 ὥσπερ
359 769 428 796 κατὰ
446 769 476 796 τὸ
501 769 656 804 σωματικὸν
683 769 765 795 αὐτοῦ
791 770 873 805 μέρος
894 769 924 796 οὐ

137 814 226 850 σάρκα
241 815 329 849 φαμὲν
349 815 424 846 αὐτὸ,
441 814 489 840 καὶ
510 814 601 847 δστέα,
622 815 668 841 καὶ
687 815 793 850 τρίχας,
811 814 857 841 καὶ
875 814 925 842 ὅσα

136 861 201 896 περὶ
215 860 244 887 τὸ
255 860 422 895 ἀνθρώπινον
436 860 596 895 καθορᾶται,
615 859 682 886 ἀλλὰ
699 861 730 895 τῇ
745 860 858 895 δυνάμει
872 859 921 895 μὲν

136 907 236 932 τούτων
259 905 372 932 ἕκαστον
393 905 472 937 εἶναι,
491 904 567 932 οὔπω
590 900 618 932 et
638 905 708 932 κατὰ
731 905 762 932 τὸ
785 906 923 941 ὁρώμενον

976 313 1010 341 de
1028 320 1082 348 quo
1105 312 1260 346 colligatur,
1277 319 1338 339 esse
1361 316 1466 346 partem
1482 321 1552 346 eam,
1573 323 1634 350 qua:
1658 317 1778 350 princi-,
1807 320 1813 325 '

975 358 1051 393 pium
1067 362 1110 394 est
1131 357 1259 384 animalis
1280 357 1357 392 quod
1370 358 1502 394 gignitur.
1521 359 1575 386 vita
1600 361 1761 394 prmditam:

977 403 1016 430 uti
1031 403 1130 438 poterit
1153 402 1241 437 signis
1266 403 1348 430 etiam
1379 403 1495 436 caeteris,
1514 403 1547 431 de
1569 405 1670 439 quibus
1688 407 1762 435 inter

978 457 1023 476 res
1039 449 1174 475 animatas
1185 452 1212 475 et
1229 452 1353 475 mortuas
1368 449 1499 475 constitui
1515 449 1660 478 discrimen
1683 453 1761 481 solet.

976 493 1044 521 Nam
1060 494 1086 521 in
1101 493 1211 521 homine
1226 493 1277 520 hoc
1289 501 1349 521 esse
1362 498 1552 529 argumentum
1563 495 1760 530 vitasdicimus,

976 539 998 567 si
1016 543 1042 566 et
1071 539 1168 570 caleat,
1197 543 1224 566 et
1242 543 1393 574 occupetur
1411 539 1526 575 agendo,
1555 545 1581 568 et
1609 547 1760 575 moveatur.

976 586 1076 613 sicute
1096 585 1235 613 contrario
1262 585 1349 620 frigus
1378 586 1404 612 in
1432 587 1603 620 corporibus,
1629 591 1656 615 et
1671 593 1761 617 motus

976 630 1098 663 amissio,
1110 630 1178 657 nihil
1193 631 1264 658 aliud
1279 630 1534 666 significant,quam
1549 637 1685 660 mortuum
1699 641 1762 662 esse

975 676 1125 704 hominem.
1142 676 1210 704 Cum
1236 677 1317 712 igitur
1342 677 1403 705 hoc'
1419 685 1538 712 quoque,
1553 677 1587 706 de
1614 687 1668 714 quo
1688 688 1761 708 nunc

975 723 1151 755 diSserimus,
1168 727 1195 750 ct
1220 723 1311 750 calore
1340 723 1537 758 prmdituui,,et
1554 725 1664 753 minime
1689 727 1761 754 otio-

976 776 1035 796 sum
1049 770 1096 801 sit,
1109 769 1298 796 concludimus
1317 769 1399 796 etiam
1426 769 1576 796 inanimum
1605 778 1660 797 non
1687 779 1758 799 esse.

973 813 1013 841 Ac
1029 815 1258 849 quemadmodum
1277 822 1337 841 eam
1350 815 1437 849 ipsius
1453 820 1567 850 partem,
1582 816 1615 844 de
1634 824 1686 852 qua
1700 822 1761 844 cor-

974 866 1025 894 pus
1041 859 1228 891 constituitur,
1246 868 1300 887 non
1331 866 1442 888 carnem
1459 863 1520 889 esse
1549 862 1677 894 dicimus.
1705 866 1759 890 uo‘n

975 912 1049 937 ossa,
1064 912 1119 932 non
1137 912 1240 936 comas.
1257 913 1311 933 non
1332 905 1404 933 aliud
1421 907 1568 942 quidquam
1583 915 1676 934 eorum
1700 916 1760 943 qua:

136 951 277 986 φαίνεσθαι
289 959 295 965 ⁸
320 950 390 977 οὕτω
407 951 453 977 καὶ
468 951 515 977 ἐπὶ
537 950 583 976 τοῦ
600 950 714 985 ψυχικοῦ
729 950 828 986 μέρους
849 950 921 977 οὔπω

976 949 1004 976 in
1022 949 1131 977 homine
1142 951 1292 984 exsistunt,
1309 950 1356 978 scd
1374 952 1521 979 statuimus
1539 952 1612 978 illam
1625 956 1760 987 potestate

138 997 188 1032 μὲν
202 996 232 1022 τὸ
245 995 352 1030 λογικὸν
365 996 411 1023 καὶ
424 995 620 1032 ἐπιθυμητικὸν
637 996 684 1022 καὶ
699 995 850 1030 Θυμοειδὲς,
877 996 924 1022 καὶ

135 1042 186 1068 ὅσα
214 1042 277 1077 περὶ
292 1041 379 1077 ψυχὴν
405 1041 564 1077 καθορᾶται,
588 1042 635 1068 καὶ
659 1043 686 1068 ὲν
715 1042 810 1077 ἐκείνῳ
833 1041 923 1078 χώραν

136 1087 208 1123 ἔχειν
225 1087 325 1122 φαμὲν,
347 1087 484 1121 ἀναλόγως
505 1087 533 1114 δὲ
560 1087 608 1122 τῆς
624 1087 671 1113 τοῦ
701 1087 824 1122 σώματος
841 1095 924 1114 κατα-

137 1132 238 1167 σκευῆς
251 1141 281 1159 τε
298 1133 344 1159 καὶ
358 1131 534 1165 τελειώσεως,
555 1133 600 1158 καὶ
616 1132 665 1164 τὰς
682 1132 730 1167 τῆς
745 1133 832 1168 ψυχῆς
849 1134 924 1169 ἐνερ-

135 1178 212 1213 γείας
230 1177 268 1213 τῷ
289 1178 459 1213 ὑποκειμένῳ
478 1177 667 1210 συναύξεσθαι.
693 1178 796 1214 Ὥσπερ
811 1179 865 1214 γὰρ
879 1187 924 1205 τε-

82 1227 92 1233 ’
134 1223 255 1254 λειωοεὶς
271 1224 285 1250 ὁ
306 1223 448 1258 ἄνθρωπος
463 1224 492 1249 ἐν
507 1224 563 1254 τοῖς
587 1223 719 1258 μείζοσιν,
743 1223 798 1258 ἔχει
814 1224 922 1258 διαφαι-

135 1268 252 1303 νομένην
275 1268 323 1303 τῆς
342 1267 431 1302 ψυχῆς
454 1268 502 1302 τὴν
525 1267 664 1303 ἐνέργειαν
676 1276 683 1283 θ
703 1267 788 1299 οὕτως
806 1269 834 1294 ἐν
851 1269 921 1305 ἀρχῇ

135 1314 184 1349 τῆς
199 1314 354 1345 συστάσεως
366 1313 415 1348 τὴν
431 1312 596 1347 κατάλληλον
613 1321 642 1339 τε
659 1313 705 1340 καὶ
720 1313 874 1349 σύμμετρον
889 1316 922 1349 τῇ

135 1359 259 1396 παρούσῃ
284 1359 362 1394 χρεία
390 1358 547 1394 συνέργειαν
572 1359 622 1393 τῆς
645 1358 733 1393 ψυχῆς
760 1359 802 1393 ἐφ’
827 1358 922 1385 ἑαυτοῦ

134 1405 322 1436 διαδείκνυσιν,
343 1406 370 1431 ὲν
385 1404 423 1439 τῷ
443 1405 655 1436 κατασκευάζειν
670 1405 753 1440 αὐτὴν
778 1405 861 1440 ἑαυτῇ
877 1405 921 1432 διὰ

134 1451 186 1486 τῆς
207 1451 361 1486 ἑντεθείσης
385 1450 450 1485 ὖλης
473 1450 504 1476 τὸ
525 1451 662 1485 προσφυὲς
676 1451 841 1486 οἰκητήριον.
856 1450 922 1476 οὐδὲ

135 1498 189 1533 γὰρ
204 1495 273 1524 εἶναι
288 1497 399 1523 δυνατὸν
416 1495 588 1531 λογιζόμεθα,
600 1496 753 1532 ἀλλοτρίαις
768 1496 922 1531 οἰκοδομαῖς

135 1543 184 1579 τὴν
209 1543 298 1579 ψυχὴν
321 1543 529 1578 ἐναρμόζεσθαι,
552 1542 589 1574 ὡς
611 1543 661 1569 οὐκ
684 1542 742 1569 ἐστι
764 1543 813 1577 τὴν
836 1543 864 1568 ἐν
883 1541 922 1576 τῷ

135 1590 211 1626 κηρῷ
229 1589 363 1625 σφραγῖδα
381 1589 448 1623 πρὸς
465 1588 607 1624 ἀλλοτρίαν
622 1587 790 1623 ἁρμοσθῆναι
802 1587 918 1622 γλυφήικ

974 995 1113 1030 quodlibet
1127 995 1224 1024 horum
1238 1004 1309 1028 esse,
1341 997 1450 1024 tametsi
1477 997 1591 1025 necdum
1610 997 1758 1034 quidquam

975 1040 1096 1074 conspici
1118 1041 1171 1068 tale
1188 1041 1275 1075 possit
1293 1041 1350 1070 :sic
1363 1043 1461 1070 animae
1479 1050 1580 1078 partem
1599 1045 1670 1079 quod
1692 1047 1758 1072 atti-

975 1090 1031 1118 net,
1045 1094 1200 1120 quanquam
1213 1086 1240 1113 in
1253 1094 1284 1114 ea
1298 1087 1413 1114 necdum
1430 1087 1545 1116 facultas
1560 1091 1757 1122 ratiocinatrix.

974 1140 1034 1167 qtize
1049 1137 1091 1159 est
1109 1132 1140 1158 τὸ
1151 1132 1258 1165 λογικόν
1268 1152 1276 1165 ,
1296 1140 1385 1167 neque
1399 1137 1541 1167 appetens,
1559 1142 1638 1168 quam
1653 1136 1684 1161 τὸ
1700 1137 1758 1162 ἐπι-

974 1176 1122 1212 θυμητικόν
1136 1181 1245 1209 vocant,
1270 1186 1358 1212 neque
1374 1178 1404 1204 τὸ
1431 1178 1555 1213 θυμικόν,
1572 1181 1643 1214 quod
1674 1182 1758 1208 animi

975 1223 1132 1250 affectiones
1156 1223 1288 1256 continet,
1310 1227 1460 1258 appareat;
1486 1230 1575 1251 tamen
1609 1233 1640 1252 ea
1668 1226 1758 1254 inesse

975 1269 1040 1296 huic
1056 1269 1188 1296 dicimus:
1201 1272 1228 1296 et
1240 1270 1375 1296 consimili
1387 1271 1493 1296 ratione
1506 1274 1642 1305 quatenus
1659 1279 1758 1307 corpus

974 1313 1109 1342 formatur
1127 1321 1159 1342 ac
1175 1315 1326 1349 perficitur,
1342 1315 1423 1342 etiam
1436 1315 1691 1344 aﬂectiones'animi
1705 1325 1757 1345 una

973 1367 1034 1386 cum
1051 1368 1165 1394 corpore
1180 1368 1314 1388 crescere.
1334 1361 1402 1388 Nam
1418 1367 1445 1388 ut
1462 1362 1488 1388 in
1507 1363 1617 1390 homine
1628 1363 1675 1398 qui
1694 1366 1759 1390 aeta-~

973 1408 1027 1431 tem
1042 1405 1074 1432 ad
1096 1406 1228 1440 integram
1246 1406 1379 1440 pervenit,
1396 1411 1422 1433 et
1438 1407 1507 1434 inter
1520 1409 1679 1442 grandiores
1697 1416 1758 1436 cen-

973 1453 1061 1481 setur,
1080 1450 1237 1477 aﬂ‘eclioues
1253 1451 1336 1477 animi
1357 1451 1412 1486 jam
1441 1451 1588 1480 manifesto
1615 1459 1756 1488 apparent,

971 1490 1012 1524 sic
1030 1501 1107 1524 ortus
1124 1496 1211 1523 nostri
1227 1496 1315 1527 initio.
1333 1499 1412 1530 prout
1431 1500 1486 1523 tum
1503 1505 1546 1524 res
1564 1499 1692 1532 postulat,
1720 1499 1758 1526 ita

972 1550 1033 1570 sese
1052 1542 1246 1570 convenienter
1260 1542 1382 1569 actiones
1404 1543 1487 1568 animi
1503 1543 1651 1575 declarant,
1681 1545 1707 1571 in
1724 1552 1758 1572 eo

972 1587 1043 1621 quod
1059 1587 1116 1622 ipse
1129 1587 1181 1614 sibi
1197 1587 1230 1614 de
1247 1587 1359 1614 materie
1380 1587 1407 1614 in
1430 1588 1491 1614 alvo
1507 1588 1602 1616 matris
1633 1589 1756 1624 deposita

134 1636 303 1664 domicilium
326 1635 498 1670 aptissimum
521 1639 624 1662 natura:
649 1642 704 1662 sua:
721 1634 847 1662 fabricat.
868 1633 934 1660 Nam
957 1634 1015 1660 fieri
1032 1641 1084 1660 non
1103 1641 1192 1668 posse,
1209 1633 1242 1660 de
1257 1634 1408 1661 rationibus
1431 1636 1512 1662 certis
1538 1635 1701 1671 colligimus,
1727 1639 1758 1664 ut

135 1682 221 1710 aliena
242 1682 268 1709 in
293 1681 407 1708 aedilicia
431 1680 574 1708 commode
602 1680 709 1707 animus
739 1679 910 1714 commigret,
931 1678 1001 1705 sicut
1035 1679 1093 1706 fieri
1116 1687 1168 1706 non
1193 1683 1291 1713 potest,
1318 1683 1347 1705 ut
1369 1679 1476 1714 signqu
1502 1681 1664 1716 impressum
1689 1691 1758 1712 cera:

134 1729 267 1756 diversam
282 1727 315 1755 ad
328 1729 496 1763 sculptura'm
513 1732 631 1762 aptetur.

169 1775 302 1812 Καθάπερ
328 1776 380 1811 γὰρ
397 1775 427 1802 τὸ
454 1775 534 1811 σῶμα
554 1776 585 1801 ἐκ
609 1775 775 1810 βραχυτάτου
798 1774 865 1808 πρὸς
891 1773 921 1799 τὸ

1008 1771 1140 1799 Nimirum
1156 1771 1196 1798 uti
1207 1766 1309 1806 corpus
1321 1779 1448 1799 exorsum
1465 1779 1480 1799 a
1499 1773 1684 1808 magnitudine
1695 1782 1757 1810 per-

133 1822 235 1848 τέὶειον
261 1822 393 1857 πρόεισιν,
421 1821 492 1848 οὕτω
518 1821 564 1847 καὶ
590 1821 606 1855 ὴ
630 1821 679 1855 τῆς
693 1820 780 1855 ψυχῆς
798 1820 921 1854 ἐνέργεια

134 1867 309 1902 καταλλήλως
318 1866 474 1901 έμφυομένη
489 1865 527 1900 τῷ
543 1865 724 1900 ὑποκειμένῳ,
736 1863 921 1890 συνεπιδίδωσι

134 1914 182 1939 καὶ
195 1912 365 1944 συναύξεται.
391 1912 556 1946 ιιροηγεῖται
576 1910 625 1945 μὲν
653 1910 708 1944 γὰρ
731 1909 815 1944 αὐτῆς
837 1909 865 1935 ἐν
888 1910 921 1944 τῇ

136 1957 231 1992 πρώτῃ
255 1957 408 1991 κατασκευῇ
433 1953 488 1982 οἷον
507 1955 586 1991 ῥίζης
603 1955 674 1986 τινὸς
692 1955 720 1981 ἐν
730 1955 763 1990 τῇ
788 1956 823 1989 γῇ
839 1961 923 1980 κατα-

135 2003 300 2039 κρυφθείσης
324 2003 339 2037 ἡ
362 2002 493 2037 αὐξητικὴ
522 2010 551 2027 τε
578 2001 624 2028 καὶ
649 1999 781 2036 θρεπτικὴ
808 1999 922 2035 δύναμις

136 2048 218 2084 μόνη.
242 2048 279 2073 οὐ
293 2047 346 2082 γὰρ
362 2047 446 2081 χωρεῖ
461 2046 491 2072 τὺ
511 2045 704 2081 περισσότερον
719 2046 735 2080 ἡ
752 2045 798 2071 τοῦ
811 2044 922 2080 δεχομέο

134 2103 178 2120 νου
194 2092 339 2128 βραχύτης.
355 2089 422 2118 Εἶτα
444 2091 618 2128 προελθόντος
632 2092 671 2122 εὶς
685 2090 743 2125 φῶς
759 2090 806 2117 τοῦ
823 2089 920 2124 φυτοῦ,

135 2139 181 2165 καὶ
195 2138 261 2173 ἡλίῳ
283 2137 331 2172 τὴν
347 2137 464 2172 βλάστην
487 2136 632 2168 δείξαντος,
649 2136 665 2171 ἡ
682 2135 826 2170 αἰσθητικὴ
842 2135 921 2170 χάρις

134 2183 295 2219 ἐπήνοησεν.
324 2182 514 2218 ’Δδρυνοέντος
533 2181 561 2208 δὲ
574 2181 624 2217 ἤδη
641 2182 687 2208 καὶ
703 2182 743 2213 εἰς
766 2181 920 2216 σύμμετρον

135 2230 221 2264 μῆκος
232 2228 439 2263 ἀναδραμόντος,
451 2227 576 2261 καθάπερ
586 2235 627 2257 τις
638 2226 742 2261 καρπὸς
758 2226 921 2261 διαλάμπειν

133 2275 150 2310 ἠ
165 2275 259 2310 λογικὴ
275 2274 388 2308 δύναμις
404 2273 526 2308 ἄρχεται,
554 2272 584 2298 οὐ
608 2273 682 2298 πᾶσα
701 2271 805 2307 ἁθρόως
824 2273 919 2306 ἐκφαι-

134 2320 232 2355 νομένη
243 2328 250 2335 ·
276 2319 343 2346 ἀλλὰ
365 2320 398 2354 τῇ
422 2318 469 2345 τοῦ
489 2318 603 2353 ὀργάνου
620 2316 757 2343 τελειώσει
775 2317 809 2343 δι’
825 2318 921 2352 ἐπιμε-

132 2366 208 2398 λείας
224 2365 403 2398 συναύξουσα,
426 2363 552 2391 τοσοῦτον
568 2363 612 2390 ἀεὶ
623 2362 844 2398 καρποςςοροῦοα,
858 2363 919 2388 ὅσον

132 2412 217 2447 χῳρεῖ
230 2410 276 2437 τοῦ
303 2409 481 2445 ὑποκειμένου
507 2410 523 2445 ή
548 2409 670 2443 δύναμις.
692 2408 723 2434 Εἰ
738 2408 766 2434 δὲ
782 2407 872 2442 ζητεῖς
889 2408 918 2434 ἐν

131 2459 164 2493 τῇ
196 2456 243 2483 τοῦ
276 2455 400 2491 σώματος
425 2454 522 2482 πλάσει
546 2454 596 2486 τὰς
621 2453 737 2488 ψυχικὰς
767 2453 917 2489 ὶνεργείας,

132 2503 249 2538 πρόσεχε
266 2500 381 2535 σεαυτῷ,
398 2500 464 2536 φησὶ
483 2499 595 2535 Μωσῆς.
609 2499 655 2526 καὶ
675 2497 820 2534 ἀναγνώσῃ
834 2498 918 2525 καθὰ-

133 2557 185 2583 περ
213 2549 242 2574 ἐν
259 2547 342 2583 βίϐλῳ
368 2547 421 2573 τῶν
436 2545 483 2580 τῆς
506 2545 594 2581 ψυχῆς
613 2545 701 2581 ἐργων
715 2545 767 2580 τὴν
786 2544 916 2580 ἱστορίαν.

132 2593 206 2629 Αὐτὴ
221 2593 273 2629 γάρ
289 2601 330 2619 σοι
345 2592 478 2628 διηγεῖται
494 2592 510 2626 ὴ
525 2591 616 2625 φύσις,
629 2591 707 2624 λόγου
723 2590 822 2622 παντὸς
837 2591 917 2625 ἔναρ-

133 2638 269 2674 γέστερον,
292 2638 341 2670 τὰς
363 2637 486 2668 ποικίλας
511 2638 540 2664 ὲν
562 2636 601 2671 τῷ
626 2635 732 2672 σώματι
753 2636 803 2670 τῆς
829 2636 918 2671 ψυχῆς

132 2684 271 2720 ἀσχολίας,
289 2684 317 2710 ἐν
335 2692 365 2710 τε
381 2685 440 2714 ταῖς
458 2682 572 2709 καθόλου
594 2682 640 2709 καὶ
651 2683 680 2708 ἐν
691 2683 749 2713 ταῖς
757 2681 804 2708 ἐπὶ
819 2682 919 2717 μέρους

131 2731 298 2761 διασκευαῖς.
329 2728 407 2755 Ἀλλᾶ
438 2728 563 2763 περιττὸν
590 2726 666 2762 οἶμαι
690 2728 761 2762 λόγῳ
790 2728 824 2754 τὰ
857 2728 918 2755 καθ’

131 2777 211 2811 ἡμᾶς*
228 2775 326 2806 αὐτοὺς
351 2773 488 2805 διεξιέναι,
510 2772 636 2808 καθάπερ
651 2781 677 2799 τι
696 2773 749 2799 τῶν
765 2773 917 2808 ὑπερορίων

133 2821 324 2858 διηγουμένους
350 2820 505 2855 θαυμάτων.
531 2820 577 2850 Τίς
597 2820 650 2855 γὰρ
680 2819 774 2846 Eatur)»;
802 2819 915 2854 fﬁéﬁmv;

972 1819 1082 1854 ciigua,
1104 1825 1180 1846 suam
1212 1818 1245 1844 ad
1268 1817 1464 1853 perfectionem
1493 1819 1687 1854 progreditur:
1717 1823 1758 1850 sic

972 1865 1056 1892 animi
1076 1864 1193 1891 facultas
1208 1863 1289 1891 etiam
1306 1864 1413 1891 ratione
1427 1864 1606 1892 conveniente
1625 1874 1678 1893 una
1694 1875 1755 1894 cum

972 1917 1086 1944 corpore
1102 1909 1209 1944 proiicit
1221 1909 1414 1936 accrescendo.
1431 1909 1469 1937 Ac
1488 1910 1617 1946 princeps
1643 1913 1755 1947 quidem

972 1955 1080 1982 exsistit
1096 1954 1123 1981 in
1137 1961 1171 1981 eo
1187 1953 1303 1982 facultas
1316 1961 1478 1983 accrescens
1494 1959 1521 1982 et
1534 1957 1658 1985 nutriens
1686 1959 1756 1991 sola,

972 2000 1081 2034 quando
1093 2000 1198 2028 scilicet
1223 1999 1250 2026 in
1262 1997 1361 2033 opificii
1374 2001 1509 2035 principio
1533 2006 1661 2037 tanquam
1679 2004 1756 2032 radix

972 2044 1094 2080 quaedam
1121 2045 1209 2072 adhuc
1225 2044 1318 2072 abdita
1342 2045 1394 2073 sub
1413 2051 1484 2073 terra
1511 2047 1584 2074 latet.
1604 2047 1671 2074 Nam
1697 2051 1755 2076 tum

971 2099 1069 2126 capere
1094 2091 1159 2126 quid
1187 2091 1304 2126 amplitts
1334 2099 1383 2126 per
1408 2092 1624 2120 imbecillitatem
1651 2095 1755 2129 nequit.

972 2137 1074 2164 Deinde
1092 2137 1143 2164 hac
1170 2137 1249 2171 quasi
1275 2137 1396 2170 plantula
1423 2138 1450 2164 in
1475 2138 1560 2165 lucem
1587 2140 1755 2174 prodeunte,

971 2188 1136 2216 germenquc
1147 2189 1225 2208 suttm
1241 2181 1291 2208 soli
1305 2185 1473 2211 ostentante.
1488 2183 1624 2210 sentiendi
1636 2181 1755 2212 facultas

970 2227 1144 2254 efliorescens
1161 2234 1222 2253 cum
1237 2226 1329 2261 priore
1345 2226 1522 2261 coniungitur
1533 2227 1566 2254 ".
1594 2227 1692 2256 Verum
1709 2230 1755 2257 ubi

968 2271 1025 2307 jam
1040 2273 1109 2299 bene
1130 2279 1227 2307 magna
1257 2271 1329 2298 facta
1359 2275 1411 2303 est,
1433 2276 1460 2299 et
1488 2273 1678 2307 proceritatem
1703 2275 1755 2302 sibi

971 2317 1178 2343 convenientem
1196 2316 1315 2350 adepta:
1333 2320 1391 2342 tum
1415 2316 1526 2344 demum
1557 2317 1644 2345 instar
1668 2319 1756 2354 ipsius

972 2362 1078 2389 fructus
1106 2362 1219 2389 rationis
1245 2362 1380 2397 particeps
1395 2361 1510 2390 facultas
1535 2363 1673 2397 cluceseit,
1701 2373 1755 2393 non

971 2407 1016 2434 illa
1029 2406 1137 2443 quidem
1150 2407 1241 2435 subito
1254 2411 1310 2434 tota
1319 2408 1491 2442 splendorem
1506 2417 1585 2436 suum
1598 2410 1755 2444 ostendens,

971 2453 1020 2482 sed
1036 2460 1090 2481 una
1104 2461 1166 2481 cum
1180 2454 1357 2481 instrumenti
1380 2454 1422 2481 sui
1439 2453 1606 2488 perfectione
1631 2455 1757 2484 celeriter

971 2505 1144 2529 accrescens.
1158 2505 1261 2533 eosque
1273 2498 1380 2526 fructus
1394 2498 1548 2533 proferens,
1569 2499 1615 2534 qui
1632 2501 1756 2535 corporis

973 2543 1095 2571 facultati
1110 2543 1302 2576 respondeant.
1320 2543 1396 2576 Quod
1412 2543 1434 2570 si
1450 2544 1576 2578 corporis
1604 2544 1631 2571 in
1647 2545 1757 2573 confor-

972 2589 1090 2616 matione
1109 2589 1174 2624 quid
1192 2589 1302 2616 animus
1320 2589 1417 2616 eﬂiciat
1431 2589 1552 2624 quaeris:
1565 2590 1600 2617 ad
1614 2591 1640 2618 te
1654 2590 1755 2626 ipsum,-

971 2635 1009 2662 ait
1038 2634 1136 2668 Moses,
1165 2635 1281 2669 respice.
1313 2635 1340 2662 in
1366 2635 1609 2671 teipso.tanquam
1639 2637 1666 2665 in
1685 2638 1756 2665 libro

971 2680 1089 2716 quodam
1105 2683 1190 2708 totam
1213 2680 1298 2708 animi
1312 2688 1425 2716 operum
1450 2681 1595 2708 historiam
1621 2683 1755 2718 perleges.-

973 2725 1031 2762 Ipsa
1044 2727 1115 2753 enim
1140 2730 1239 2753 natura
1267 2726 1347 2762 longe
1370 2726 1443 2753 omni
1464 2726 1588 2753 oratione
1621 2726 1756 2755 illustrius

970 2774 1114 2809 explicabit
1131 2774 1180 2800 tibi
1200 2773 1375 2800 alfectiouum
1390 2772 1474 2799 animi
1493 2773 1519 2799 in
1536 2779 1651 2807 corpore
1668 2773 1756 2801 vario-

973 2824 1066 2851 tatem,
1082 2829 1142 2847 cum
1167 2821 1193 2847 in
1223 2818 1355 2856 universi,
1384 2822 1441 2846 tum
1467 2818 1586 2854 partium
1605 2822 1754 2848 structura.
