1977 3071
221 74 274 101 259

841 73 860 100 s
886 56 1226 104 utteuomtmssext

1794 71 1849 98 250

179 138 183 141 ‘
222 133 275 161 Sed
291 133 362 160 enim
376 131 469 160 nostra
484 132 727 161 commemorando
743 140 913 168 percensere,
927 135 1006 170 quasi

1065 135 1129 170 λόγῳ
1153 135 1237 161 δεῖται
1253 133 1300 168 τὴν
1318 133 1420 159 οἰκείαν
1439 132 1518 166 φύσιν
1533 131 1722 164 διδάσκεσθαις
1738 132 1850 159 δυνατὶν

221 174 343 214 quacdain
373 183 487 206 externa
516 178 660 213 miracula,
692 179 809 214 pretium
837 187 926 214 opera:
952 188 1007 208 non

222 224 313 251 fuerit.
330 223 397 255 Quis
425 223 498 250 enim
517 223 630 251 alterius
647 225 772 251 oratione
791 227 918 251 naturam
942 233 1008 260 pro-

221 271 307 306 priam
332 276 501 304 cognoscere
529 268 677 303 desideret,
693 277 754 297 cum
773 270 823 305 ipsi
856 271 935 298 liceat
962 278 1007 298 se-

221 316 310 350 lpsum
323 315 470 343 contueri?
491 315 558 342 Nam
584 316 630 350 qui
646 324 701 351 quo
722 321 801 351 pacto
827 317 950 346 vivamus
966 318 1008 345 in-

221 362 326 396 telligit,
344 365 370 388 et
384 369 465 396 quam
482 365 575 396 aptum
598 363 634 390 sit
647 370 746 397 corpus
774 363 807 389 ad
837 370 932 391 omnes
947 363 1009 391 vita:

221 406 346 440 proprias
363 407 487 434 actiones
503 405 610 439 didicit,
628 407 651 434 is
666 408 749 434 etiam
772 408 909 436 aestimare
932 409 1010 436 facil-

222 453 288 480 lime
317 457 418 488 potest,
445 453 472 479 in
502 460 556 487 quo
581 452 724 481 eﬂiciendo
758 454 844 481 animi
875 458 1010 490 occupata

221 497 308 531 prima
326 497 353 524 in
364 497 484 525 hominis
496 497 713 526 conformatione
723 506 804 534 opera
821 499 910 526 fuerit.
921 500 1010 527 Adeo-

221 552 274 578 que
296 544 330 570 de
350 544 401 570 hoc
422 545 481 578 ipso
495 547 567 578 patet
587 544 691 571 homini
713 553 767 572 non
779 546 891 572 omnino
907 545 1008 579 hebeti,

222 596 393 623 nequaquam
405 594 542 616 mortuum
555 593 582 616 et
593 589 743 616 inanimttm
759 590 893 618 exsistere
909 591 936 617 in
949 590 1010 618 otii-

221 634 282 660 eina
297 638 411 666 natura,
432 634 506 669 quod
530 635 564 661 ad
593 635 790 670 plantationem
820 635 900 670 quasi
914 643 1010 671 quam-

221 679 283 706 dam
300 680 427 708 animalis
442 681 476 707 de
493 681 554 708 vivo
568 681 692 708 avulsum
706 688 821 716 corpore
834 682 861 708 in
876 689 908 710 ea
925 682 1009 717 depo-

224 725 306 752 nitur.
322 725 390 752 Nam
406 729 432 753 et
443 725 580 754 fructuum
597 735 692 762 grana,
714 726 893 762 radicumque
913 736 1011 756 surcu-

223 771 264 798 los
280 775 357 798 tcrrae
370 779 425 799 non
453 773 627 805 mandamus,
655 777 799 808 postquam
830 774 912 801 insita
939 774 979 801 eis
995 781 1010 800 ιι

1062 181 1116 216 γάρ
1128 181 1185 207 εστι
1200 180 1243 206 τὸν
1258 179 1307 213 τῆς
1323 179 1394 212 ζωῆς
1408 177 1508 213 τρόπον
1521 178 1735 213 κατανοήσαντα,
1753 177 1800 204 καὶ
1811 177 1850 209 ὡς

1063 225 1131 260 πρὸς
1152 226 1240 251 πᾶσαν
1264 223 1381 258 ζωτικὴν
1406 223 1545 257 ἐνέργειαν
1561 222 1720 257 ἐπιτηδείως
1745 222 1800 257 ἔχει
1819 221 1851 248 τὺ

1064 271 1143 306 σῶμα
1161 269 1362 304 καταμαθόντα,
1379 268 1479 302 γνῶναι
1492 268 1555 303 περὶ
1567 267 1594 294 τί
1610 267 1800 303 κατησχολήθη
1820 267 1852 294 τὸ

1064 316 1179 350 φυσικὸν
1196 316 1244 351 τῆς
1258 315 1346 349 ψυχῆς
1361 313 1436 348 παρὰ
1450 313 1498 348 τὴν
1516 312 1626 348 πρώτην
1648 313 1694 339 τοῦ
1708 313 1850 348 γινομένου

1063 362 1216 388 διάπλασιν.
1236 361 1316 386 Ὥστε
1330 359 1376 386 καὶ
1392 359 1436 385 διὰ
1459 358 1553 385 τούτου
1571 359 1685 394 φανερὸν
1706 356 1776 385 εἶναι
1795 359 1850 391 τοῖς

1063 408 1112 434 οὐκ
1132 406 1354 437 ἀνεπισκέπτως,
1375 405 1405 431 τὸ
1422 404 1460 440 μὴ
1482 404 1577 440 νεκρόν
1593 413 1623 430 τε
1638 404 1683 431 καὶ
1705 404 1806 439 ἄψυχον
1822 405 1852 430 ὲν

1062 452 1100 488 τῷ
1125 451 1297 488 ἐργαστηρίῳ
1313 450 1437 484 γενέσθαι
1454 449 1502 485 τῆς
1523 449 1640 484 φύσεως,
1668 450 1682 476 ὃ
1709 449 1776 484 πρὸς
1799 450 1851 484 τὴν

1062 496 1109 524 τοῦ
1127 496 1196 528 ζώου
1221 495 1333 530 φυτείαν
1357 495 1390 520 ὲκ
1409 492 1456 520 τοῦ
1475 492 1575 524 ζῶντος
1591 493 1715 528 σώματος
1728 493 1852 519 ἀποσπα-

1064 543 1127 570 σθὲν
1143 542 1262 577 ἑνετέθη.
1288 540 1342 567 Καὶ
1357 539 1411 573 γὰρ
1431 539 1477 565 καὶ
1499 538 1553 565 τῶν
1574 539 1688 574 καρπῶν
1707 538 1755 569 τὰς
1778 539 1852 564 ἐντε-

1064 589 1173 626 ριώνας,
1185 587 1232 614 καὶ
1250 587 1299 618 τὰς
1315 585 1369 613 τῶν
1389 584 1472 620 ῥιζῶν
1485 583 1644 615 ἀποσπάδας
1657 584 1687 610 ού
1707 583 1853 619 νεκρωθεῖ-

1065 643 1113 665 σας
1133 634 1181 668 τῆς
1206 631 1368 666 ἐγκειμένης
1381 632 1413 666 τῇ
1435 629 1514 665 φύσει
1530 628 1647 663 ζωτικῆς
1662 627 1802 663 δυνάμεως
1816 628 1851 663 τῇ

1063 681 1098 714 γῇ
1114 677 1328 711 καταδάλλομεν,
1344 676 1412 702 ἀλλὰ
1430 674 1613 710 συντηρούσας
1637 675 1665 700 ὲν
1682 674 1788 706 ἑαυταῖς
1806 677 1852 701 κε-

1063 723 1225 760 κρυμμένην
1254 723 1313 759 μὲν,
1330 721 1421 754 ζῶσαν
1445 721 1473 747 δὲ
1489 721 1596 752 πάντως
1611 719 1657 746 τοῦ
1671 719 1849 755 πρωτοτύπου

1063 770 1113 805 τὴν
1131 769 1260 804 ἰδιότητα.
1279 767 1333 803 Τὴν
1349 768 1378 794 δὲ
1391 766 1518 801 τοιαύτην
1532 766 1645 801 δύναμιν
1670 767 1720 792 οὐκ
1744 765 1850 801 ἐντίθη-

222 822 321 844 natura
336 817 453 845 facultas
472 819 563 846 vitalis
593 824 718 846 emortua
747 819 847 848 fuerit:
878 819 926 847 sed
949 827 1010 847 cum

1066 825 1107 843 σιν
1125 817 1142 852 ὴ
1160 815 1324 850 περιέχουσα
1338 814 1372 849 γῆ
1391 813 1490 847 ἔξωθεν
1512 813 1576 848 παρ’
1590 812 1688 848 ἑαυτῆς
1708 811 1851 847 ὲπειοκρί-

222 864 310 890 adhuc
322 871 417 891 eorum
443 871 458 891 a
484 864 584 898 quibus
608 868 668 891 orta
689 868 765 897 sunt,
792 865 847 892 vim
873 865 1012 900 propriam

223 913 398 942 conservant,
414 910 542 937 latentem
558 910 669 945 quidem
684 911 758 938 illam
773 914 800 938 et
817 910 950 943 abditam,
965 911 1012 938 sed

223 959 312 982 tamen
338 956 435 983 vivam.
465 954 498 982 Et
519 956 559 984 vis
583 956 693 991 quidem
727 956 885 990 hujusmodi
907 964 960 984 non
979 957 1013 984 de

224 1005 297 1028 terra
309 1001 480 1029 extrinsecus
495 1002 621 1028 hauritur
639 1003 722 1036 (nam
734 1002 883 1036 caeteroqui
901 1009 1012 1029 necesse

224 1046 293 1073 foret
308 1047 390 1074 etiam
408 1047 479 1082 ligna
491 1052 614 1074 emortua
633 1047 792 1082 pullulando
809 1048 978 1075 elllorescere
989 1048 1011 1082 ),

224 1092 271 1119 sed
288 1092 368 1119 insita
386 1093 467 1120 rebus
486 1093 542 1127 jam
575 1097 649 1125 ante,
666 1100 714 1127 per
742 1098 842 1120 terram
874 1093 956 1120 modo
983 1093 1011 1120 in

224 1141 347 1172 apertum
363 1137 537 1171 producitur,
550 1137 770 1172 suppeditantem
784 1145 897 1164 succum
912 1144 1009 1164 suum:

222 1182 257 1210 de
273 1191 327 1218 quo
339 1183 430 1218 planta
442 1183 543 1215 radice,
558 1183 805 1216 cortice,medulla,
817 1189 1012 1217 ramorumque

223 1228 343 1255 surculis
354 1232 445 1260 aucta,
460 1228 543 1263 plane
560 1228 670 1255 tandem
691 1229 818 1255 omnibus
831 1228 872 1255 sui
886 1228 1010 1263 partibus

222 1274 384 1300 absolvitur.
415 1274 487 1301 Idem
504 1274 575 1301 enim
602 1274 661 1302 ﬁeri
677 1282 731 1302 non
758 1277 860 1309 posset,
880 1274 905 1301 si
935 1274 1010 1300 nulla

1060 869 1154 888 νουσα·
1167 858 1185 896 ἦ
1196 860 1250 896 γὰρ
1265 860 1298 886 ἂν
1311 859 1358 886 καὶ
1372 858 1405 885 τὰ
1419 857 1503 893 νεκρὰ
1515 857 1568 884 τῶν
1581 856 1666 890 ξύλων
1682 857 1721 888 είς
1734 856 1852 892 βλάστην

1061 908 1212 943 προήγετο·
1237 905 1305 933 ἀλλὰ
1328 905 1377 940 τὴν
1392 903 1571 939 ἐπικειμένην
1595 903 1704 938 ἔκδηλον
1727 902 1851 938 ἀπεργά-

1061 953 1146 985 ζεται,
1167 951 1210 978 διὰ
1234 951 1283 985 τῆς
1303 949 1405 980 οἰκείας
1423 949 1535 984 ἰκμάδος
1553 947 1732 984 τιθηνουμένη
1756 948 1795 978 είς
1811 947 1853 983 ρί-

1062 998 1122 1031 ζαν,
1144 998 1192 1024 καὶ
1207 996 1310 1030 φλοιὸν,
1337 995 1385 1022 καὶ
1400 994 1572 1030 ἐντεριώνην.
1588 994 1635 1020 καὶ
1656 993 1705 1025 τὰς
1719 993 1771 1020 τῶν
1785 992 1853 1019 κλάλ-

1062 1044 1113 1070 δων
1138 1041 1266 1076 ἐκφύσεις
1290 1040 1321 1067 τδ
1345 1040 1427 1075 φυτὸν
1449 1040 1599 1066 τελειοῦσα.
1616 1039 1704 1074 Ὅπερ
1725 1038 1774 1073 οὐχ
1796 1035 1853 1065 οἷόν

1062 1098 1092 1115 τε
1107 1086 1140 1124 ἦν
1157 1086 1289 1121 γίνεσθαι,
1317 1086 1352 1121 μή
1377 1094 1447 1117 τινος
1464 1085 1582 1121 φυσικῆς
1597 1084 1737 1120 δυνάμεως
1756 1092 1852 1110 συνεν-

1061 1134 1196 1167 τεοείσης,
1212 1132 1271 1166 ἥτις
1292 1130 1339 1166 τὴν
1362 1129 1480 1165 συγγενῆ
1496 1127 1542 1156 καὶ
1556 1127 1722 1163 κατάλληλον
1743 1127 1776 1153 ἐκ
1797 1126 1853 1153 τῶν

1063 1177 1271 1214 παρακειμένων
1292 1175 1394 1211 τροφὴν
1415 1176 1454 1207 είς
1471 1174 1568 1210 ἑαυτὴν
1583 1174 1708 1205 ἕλκουσα,
1733 1173 1846 1208 θάμνος,

1061 1224 1078 1259 ἢ
1092 1223 1208 1259 δένδρον,
1223 1221 1239 1256 ἢ
1257 1221 1367 1256 στάχυς,
1385 1221 1402 1256 ἡ
1422 1229 1447 1246 τι
1462 1220 1515 1247 τῶν
1536 1218 1712 1255 φρυγανικῶν
1731 1217 1849 1253 βλαστηέ

1065 1270 1157 1306 μάτων
1177 1267 1295 1302 ἐγένετο.

223 1321 340 1348 facultas
361 1320 386 1348 ei
402 1321 534 1348 naturalis
548 1321 633 1348 indita
657 1321 738 1355 foret,
758 1329 774 1348 a
789 1329 843 1356 qua
865 1325 982 1356 cognato
1004 1323 1031 1348 et
1050 1317 1230 1346 conveniente
1253 1314 1384 1341 alimento
1407 1313 1441 1341 de
1464 1313 1562 1340 vicinis
1583 1311 1706 1347 partibus
1724 1313 1854 1344 attracto,

227 1368 270 1395 vel
292 1368 444 1399 arbustum,
461 1367 503 1395 vel
521 1367 614 1400 arbor,
635 1367 678 1394 vel
705 1367 791 1402 spica,
822 1367 865 1395 vel
878 1366 995 1402 quodvis
1018 1364 1166 1400 virgultum
1181 1365 1351 1390 nasceretur.

507 1424 620 1452 CAPUT
642 1424 726 1452 XXX.

225 1470 343 1497 Humani
360 1471 477 1504 corporis
490 1475 631 1496 structura:
650 1470 771 1505 quaedam
802 1470 883 1498 altius
905 1479 938 1498 ex
953 1471 1010 1505 ipsa

331 1506 459 1532 medicina
473 1504 583 1532 breviter
593 1504 704 1540 repetita
718 1506 914 1538 contemplatio.

261 1551 315 1578 Sed
329 1550 401 1578 enim
424 1552 613 1586 unusquisque
629 1556 765 1584 nostrutn,
781 1555 878 1578 natura
902 1552 1012 1587 propria

223 1597 358 1630 magistra
375 1600 402 1623 et
418 1596 499 1628 duce,
515 1600 679 1623 structuram
693 1596 819 1631 corporis
837 1601 965 1624 accurate
979 1605 1012 1624 ex

225 1648 259 1668 eo
272 1641 345 1675 quod
359 1646 386 1668 et
398 1641 470 1668 videt
485 1641 589 1668 etvivit
609 1645 637 1668 et
653 1642 748 1674 sentit,
770 1649 938 1677 cognoscere
963 1636 1013 1677 po;

227 1686 300 1713 terit.
313 1687 384 1718 Quin
400 1691 427 1714 et
442 1695 457 1713 a
470 1687 538 1714 viris
557 1687 726 1716 doctissimis
742 1688 800 1715 haec
826 1688 949 1715 studiose
965 1696 1013 1716 ex-

227 1731 326 1766 plicata
342 1739 403 1758 cum
422 1732 486 1764 sint,
504 1732 567 1759 licet
587 1733 745 1760 universam
763 1738 791 1760 et
814 1733 948 1768 integram
966 1741 1013 1761 eo-

227 1785 287 1804 rum
305 1778 458 1805 doctrinam
481 1779 515 1806 de
540 1779 618 1807 libris
639 1780 736 1806 horum
756 1787 927 1814 expromere.
947 1780 1011 1814 Alii,

227 1831 288 1857 quae
317 1824 461 1851 collocatio
489 1824 524 1852 sit
551 1825 722 1860 singularum
749 1825 777 1852 in
795 1825 876 1853 nobis
895 1826 1012 1860 partium

228 1869 341 1896 scrutati
359 1874 432 1897 sunt.
446 1869 512 1904 Alii,
535 1878 614 1904 quem
631 1870 665 1897 ad
678 1879 759 1898 usum
780 1871 872 1898 omnia
890 1871 1013 1905 corporis

228 1917 349 1942 membra
363 1915 434 1942 facta
449 1917 514 1948 sint,
541 1917 715 1951 indagarunt,
742 1922 769 1944 et
788 1918 868 1945 nobis
893 1918 1014 1952 explica-

228 1964 306 1991 runt.
328 1964 357 1987 ut
371 1961 427 1994 jam
446 1961 479 1988 de
495 1962 593 1988 horum
610 1963 815 1990 commentariis
833 1970 932 1998 capere
954 1967 1014 1991 stu-

226 2007 297 2034 diosi
325 2007 421 2034 harum
451 2015 542 2035 rerum
567 2008 754 2045 cognitionem
772 2009 883 2036 humani
912 2008 1014 2044 opiﬁcii

228 2053 391 2088 locupletem
420 2057 447 2080 et
464 2054 539 2079 nulla
555 2054 598 2081 sui
615 2057 691 2088 parte
705 2053 876 2081 deﬁcientem
895 2055 1012 2089 possint.

229 2098 306 2131 Quod
332 2099 355 2126 si
384 2099 446 2133 quis
460 2099 542 2126 etiam
568 2100 626 2127 haec
658 2100 804 2131 universa,
827 2095 868 2127 ~de
888 2099 1014 2127 doctrina

229 2145 338 2179 propria
354 2151 418 2172 vero
433 2145 459 2171 iu
475 2145 555 2173 terris
571 2145 618 2172 Dei
634 2145 717 2172 οωῑυί
742 2144 849 2172 discere
864 2145 951 2178 malit,
980 2152 1014 2172 ne

231 2189 284 2215 ulla
305 2189 332 2215 in
347 2196 377 2216 re
391 2189 535 2224 disciplina
552 2193 645 2216 extera
665 2197 745 2225 egere
762 2189 849 2216 videri
874 2190 1011 2224 possimus

224 2235 239 2269 Δ(
251 2235 360 2268 quando
385 2235 427 2261 lex
453 2235 552 2262 ovibus
575 2235 766 2270 spiritualihus
790 2238 833 2275 est
853 2235 1014 2270 proposita,

231 2278 460 2312 quemadmodum
474 2279 512 2305 ait
529 2279 671 2311 Dominus,
687 2279 746 2306 Non
764 2287 824 2307 esse
837 2280 897 2307 voci
923 2280 993 2307 alius
1005 2300 1014 2314 ,

229 2328 306 2351 extra
321 2332 401 2359 quam
415 2325 542 2359 pastoris.
557 2332 637 2352 aures
649 2324 808 2360 praebendas
819 2326 842 2342 ”
854 2325 874 2360 ),
891 2333 941 2361 age
955 2325 1017 2353 bre«

231 2369 300 2394 vitcr
314 2368 403 2394 dehis
418 2376 527 2402 quoque
547 2369 725 2397 disseramus.
741 2370 812 2397 Sunt
825 2371 937 2397 omnino
954 2378 1016 2398 cor-

230 2414 342 2448 porisin
359 2417 468 2445 natura,
487 2414 538 2440 tria
559 2422 684 2447 numero,
711 2422 827 2449 quorum
851 2417 939 2451 gratia
957 2418 1015 2444 sin-

229 2459 291 2494 gula
308 2459 336 2485 in
354 2459 433 2486 nobis
461 2460 583 2487 membra
603 2464 669 2487 sunt
695 2459 777 2488 facta.
800 2461 868 2488 Nam
894 2462 956 2493 alia,
985 2465 1016 2488 ut

229 2505 381 2531 viveremus
403 2504 513 2531 condita
530 2509 614 2539 sunt;
639 2506 701 2539 alia,
719 2510 749 2533 ιιι
770 2506 892 2540 jucunde
910 2507 1011 2534 vivere-

229 2557 311 2581 mus;
335 2550 399 2581 alia,
416 2553 446 2576 ut
474 2555 547 2578 esset
575 2552 602 2578 in
624 2552 744 2579 humano
768 2559 868 2586 genere
885 2557 1015 2587 perpetua

225 2595 395 2630 posteritatis
411 2598 561 2624 successio.
582 2597 648 2630 Qua:
666 2604 748 2632 porro
772 2597 833 2631 ejus
849 2602 913 2624 sttnt
934 2605 1015 2632 gene-

228 2640 278 2671 ris,
294 2643 323 2666 ut
339 2639 361 2666 si
374 2640 477 2674 absque
494 2641 560 2675 ipsis
583 2641 664 2674 foret,
693 2642 775 2669 homo
802 2650 858 2669 non
885 2642 1012 2670 viveret:

231 2684 317 2712 tribus
332 2685 458 2713 membris
471 2687 751 2722 comprehenduntur,
780 2688 904 2722 cerebro,
919 2689 1012 2725 corde,

266 2765 286 2779 "
306 2763 383 2790 Jonn.
403 2773 429 2795 ς,
443 2764 469 2795 ι,
486 2764 512 2791 5.

1311 1417 1510 1446 ΚΕΦΑΛΑΙΟΝ
1530 1417 1570 1444 A’.

1066 1469 1176 1504 Θεωρία
1200 1476 1245 1504 τις
1261 1464 1450 1504 ίατρικωτὲμι
1475 1463 1548 1504 step!“
1560 1461 1695 1504 ‘riic‘fot‘;
1716 1461 1854 1496 σώματος

1210 1497 1510 1537 ἡμῶναατιιοίκευῆς
1530 1497 1566 1523 δι’
1586 1497 1705 1531 ὀλίγων.

1107 1550 1186 1577 Ἀλλὰ
1203 1548 1252 1584 τὴν
1267 1548 1315 1583 μὲν
1343 1545 1442 1581 ἀκριϐῆ
1470 1544 1516 1571 τοῦ
1542 1543 1666 1578 σώματος
1692 1542 1769 1578 ἡμῶν
1792 1542 1852 1568 δια-

1067 1596 1164 1632 σκευὴν
1186 1594 1305 1621 διδάσκει
1334 1592 1383 1627 μὲν
1408 1592 1523 1622 ἕκαστος
1553 1589 1659 1620 ἑαυτὸν,
1687 1589 1716 1620 ἐξ
1744 1586 1781 1615 ὦν
1801 1587 1854 1623 ὁρᾷ

1064 1651 1094 1670 τε
1120 1641 1167 1668 καὶ
1190 1640 1223 1676 ζῇ
1251 1639 1298 1666 καὶ
1324 1637 1491 1668 αἰσθάνεται,
1518 1636 1566 1671 τὴν
1591 1636 1658 1662 ἰδίαν
1684 1634 1780 1661 ἑαυτοῦ
1803 1632 1855 1668 φύ-

1067 1697 1108 1716 σιν
1140 1686 1299 1715 ὃιδάσκα).ον
1331 1685 1409 1719 ἔχων.
1441 1683 1550 1716 Ἔξεστι
1567 1682 1594 1708 δὲ
1622 1682 1669 1709 καὶ
1691 1682 1740 1716 τὴν
1759 1682 1787 1708 ἐν
1812 1681 1854 1716 βί-

1066 1735 1138 1765 ϐλοις
1160 1730 1382 1767 φιλοπονηθεῖσαν
1405 1730 1461 1760 τοῖς
1483 1728 1516 1754 τὰ
1537 1727 1648 1754 τοιαῦτα
1678 1727 1768 1761 σοφοῖς
1787 1725 1853 1761 περὶ

1066 1779 1167 1806 τούτων
1195 1776 1314 1813 ἱστορίαν
1337 1775 1513 1806 ἀναλαϐόντι,
1544 1774 1633 1800 πάντα
1656 1772 1689 1799 δι’
1711 1772 1855 1807 ἀκριϐείας

1068 1824 1172 1860 μαθεῖν.
1191 1821 1240 1849 Ὧν
1254 1823 1277 1848 οἱ
1294 1822 1343 1857 μὲν
1361 1821 1434 1851 ὅπως
1449 1820 1505 1855 ἔχει
1519 1819 1619 1850 θέσεως
1635 1819 1668 1845 τὰ
1685 1818 1854 1845 καθέκαστον

1066 1870 1120 1896 τῶν
1143 1870 1172 1895 ὲν
1186 1869 1263 1904 ἡμῖν,
1282 1867 1325 1893 διὰ.
1341 1867 1390 1901 τῆς
1409 1865 1545 1900 ἀνατομῆς
1563 1864 1753 1898 ἐδιδάχθησαν·
1775 1863 1798 1889 οἱ
1825 1862 1854 1889 δὲ

1067 1915 1114 1942 καὶ
1131 1913 1198 1949 πρὸς
1212 1914 1226 1939 ὅ
1245 1922 1270 1940 τι
1286 1912 1381 1946 γέγονε
1398 1911 1487 1937 πάντα
1503 1909 1538 1936 τὰ
1561 1909 1607 1935 τοῦ
1625 1908 1748 1943 σώματος
1772 1908 1854 1944 μόρια

1067 1959 1232 1993 κατενόησάν
1246 1967 1275 1985 τε
1286 1957 1334 1984 καὶ
1347 1957 1518 1992 διηγήσαντο,
1530 1955 1568 1987 ὡς
1580 1955 1716 1991 ἀρκοῦσαν
1730 1955 1855 1982 ἐντεῦθεν

1066 2007 1116 2041 τῆς
1129 2004 1301 2041 ἀνθρωπίνης
1317 2003 1488 2038 κατασκευῆς
1502 2001 1549 2038 τὴν
1561 2001 1660 2036 γνῶσιν
1675 2003 1730 2033 τοῖς
1745 2001 1856 2036 φιλοπό-

1067 2060 1122 2084 νοις
1136 2050 1273 2086 γενέσθαι.
1289 2050 1320 2076 Εἰ
1336 2048 1364 2075 δέ
1377 2057 1418 2080 τις
1432 2048 1572 2083 ὲπιζητοίη
1588 2048 1695 2074 ¹πάντων
1707 2047 1794 2074 αὐτῶν
1804 2047 1855 2082 τὴν

1068 2096 1215 2131 ἐκκλησίαν
1240 2092 1399 2121 διδάσκαλον
1414 2092 1548 2127 γίνεσθαι,
1566 2092 1603 2124 ὡς
1628 2093 1668 2124 εἰς
1695 2092 1777 2128 μηδὲν
1802 2088 1855 2127 τῆς

1067 2143 1166 2177 ἔξωθεν
1189 2142 1279 2177 φωνῆς
1298 2140 1448 2167 ἐπιδεῖσθαι
1468 2136 1555 2175 (οὗτος
1569 2139 1623 2175 γὰρ
1636 2139 1689 2166 τῶν
1708 2145 1856 2174 πνευματι-

1068 2189 1123 2215 κῶν
1145 2188 1287 2223 προϐάτων
1309 2188 1323 2214 ὁ
1343 2187 1433 2221 νόμος,
1454 2184 1544 2217 καθώς
1563 2194 1643 2221 φησιν
1657 2187 1670 2212 ὁ
1687 2184 1798 2221 Κύριος,
1821 2186 1854 2212 τὸ

1068 2235 1210 2270 ἀλλοτρίας
1234 2234 1271 2270 μὴ
1293 2233 1402 2260 ἀκούειν
1418 2233 1530 2267 φωνῆς),
1543 2232 1586 2258 διὰ
1607 2232 1728 2267 βραχέων
1746 2232 1793 2258 καὶ
1808 2227 1856 2258 τὶν

1060 2280 1133 2316 ’περὶ
1147 2279 1249 2306 τούτων
1266 2279 1344 2313 λόγον
1364 2278 1558 2313 διαληψόμεθα.
1580 2277 1648 2312 Τρία
1664 2277 1726 2313 περὶ
1743 2277 1790 2312 τὴν
1807 2277 1855 2303 τοῦ

1070 2326 1193 2360 σώματος
1205 2324 1354 2359 ὲνοήσαμεν
1370 2323 1460 2357 φύσιν,
1475 2320 1512 2349 ὧν
1525 2323 1604 2357 χάριν
1619 2322 1652 2348 τὰ
1664 2322 1722 2348 καθ’
1740 2323 1857 2349 ἕκαστον

1068 2370 1121 2397 τῶν
1132 2371 1160 2396 ἐν
1176 2370 1240 2405 ἡμῖν
1257 2369 1479 2396 κατεσκεύασται.
1498 2368 1537 2394 Τὰ
1553 2369 1602 2403 μὲν
1619 2368 1672 2404 γὰρ
1687 2368 1731 2395 διὰ
1749 2368 1779 2395 τὸ
1793 2368 1854 2402 ζῇν,

1068 2417 1103 2443 τὰ
1114 2417 1142 2442 δὲ
1153 2416 1195 2442 διὰ
1208 2415 1238 2441 τὸ
1255 2414 1345 2446 καλῶς
1358 2414 1418 2450 ζῇν,
1440 2412 1520 2450 ἔτερα
1534 2414 1561 2440 δὲ
1574 2414 1642 2449 πρὸς
1660 2415 1709 2450 τὴν
1729 2415 1855 2451 διαδοχὴν

1067 2462 1121 2488 τῶν
1136 2460 1333 2496 ἐπιγινομένων
1347 2460 1506 2494 ἐπιτηδείως
1521 2460 1586 2494 ἔχει.
1612 2458 1684 2487 Ὅσα
1704 2461 1752 2496 μὲν
1767 2459 1813 2488 οὖν
1826 2462 1855 2489 ὲν

1068 2509 1134 2543 ἡμῖν
1147 2506 1259 2534 τοιαῦτά
1282 2507 1366 2537 ἐστιν,
1389 2502 1426 2532 ὧν
1450 2506 1514 2532 ἄνευ
1530 2505 1660 2540 συστῆναι
1679 2507 1728 2541 τὴν
1748 2507 1854 2542 ἀνθρω-

1067 2553 1147 2587 πίνην
1163 2551 1234 2586 ζωὴν
1253 2551 1302 2577 οὐκ
1318 2551 1464 2586 ἐνδέχεται,
1483 2551 1513 2577 ὲν
1531 2551 1606 2585 τρισὶ
1620 2551 1724 2586 μορίοις
1743 2560 1855 2579 κατενο-

1065 2597 1172 2632 ήσαμεν
1183 2604 1189 2610 ·
1205 2596 1234 2622 ὲν
1247 2595 1400 2631 ἐγκεφάλῳ,
1416 2595 1462 2622 καὶ
1475 2596 1583 2632 καρδίᾳ,
1601 2597 1648 2622 καὶ
1666 2597 1761 2632 ἥπατι.
1783 2598 1854 2625 Ὅσα

1067 2642 1094 2669 δὲ
1104 2641 1245 2677 προσθήκη
1255 2642 1296 2673 τίς
1314 2642 1372 2668 ἐστι
1389 2642 1441 2668 τῶν
1454 2642 1573 2676 ἀγαθῶν,
1593 2643 1640 2669 καὶ
1656 2643 1794 2678 φιλοτιμία
1804 2644 1854 2679 τῆς

1067 2689 1184 2724 φύσεως,
1200 2688 1230 2714 τὸ
1246 2685 1275 2714 εὖ
1288 2687 1336 2723 ζῇν
1352 2688 1385 2714 δι’
1410 2688 1519 2715 ἐκείνων
1536 2688 1573 2723 τῷ
1588 2688 1723 2724 ἀνθρώπῳ
1742 2689 1854 2724 χαριζο-
