1977 3071
107 140 156 169 ιλιι

721 147 765 174 DE
785 146 926 175 HOMINIS
945 147 1103 176 OPIF‘IClO.

1536 124 1538 127 ’
1546 129 1558 144 l

1675 147 1729 175 242

113 203 206 238 μένης.
221 203 254 230 τὰ
270 204 332 240 περὶ
355 203 400 240 τὴν
420 204 544 240 αἴσθησίν
565 213 637 232 εστιν
652 205 765 240 ὄργανα.
783 205 823 234 Τὰ
842 207 896 242 γὰρ

961 198 1079 236 εοίιιονεῖ
1098 208 1162 241 Qua:
1179 208 1311 236 bonorum
1329 211 1390 235 sunt
1410 207 1482 235 velut
1503 205 1729 235 additamentum.

111 249 223 277 τοιαῦτα
236 249 286 285 τὴν
299 249 372 284 ζωὴν
387 249 437 285 μὲν
449 250 479 277 οὺ
496 250 660 286 συνίστησιν,
672 252 732 278 ἐπεὶ
746 251 792 279 καὶ
806 251 896 278 λιπόν-

110 302 165 320 των
178 294 258 324 τινῶν
282 294 421 326 πολλάκις,
432 295 507 322 οὐδὲν
520 292 600 331 ἦττον
616 296 644 322 ὲν
663 295 701 331 τῷ
722 295 771 332 ζῇν
788 297 861 332 ἐστιν
883 297 898 323 ὸ

111 339 264 376 ἄνθρωπος,
278 340 335 367 ἀλλ’
346 341 484 376 ἀμήχανον
498 330 557 376 δίχα
568 341 668 368 τούτων
678 341 731 368 τῶν
742 330 896 377 ἐνεργειῶν,

113 385 167 411 τῶν
195 385 265 412 κατὰ
286 385 334 420 τὴν
363 385 435 420 ζωὴν
461 387 546 421 ἡδέων
567 387 614 422 τὴν
637 387 780 423 μετουσίαν
815 387 896 423 ἔχειν.

118 430 148 456 ὐ
171 431 200 457 δὲ
222 430 311 466 τρίτος
337 431 437 462 σκοπὸς
458 431 526 467 πρὸς
547 432 577 458 τὸ
602 432 700 468 ἐφεξῆς
721 441 751 459 τε
777 434 825 460 καὶ
849 433 898 468 τὴν

113 474 237 510 διαδοχὴν
268 474 371 509 βλέπει.
409 476 485 502 Ἔστι
509 476 537 503 δὲ
562 477 609 503 καλ⁸
632 477 699 504 ἄλλα
726 478 785 505 τινὰ
825 479 898 514 παρὰ

115 521 209 552 ταῦτα,
225 520 243 546 ἃ
257 519 324 555 πρὸς
336 521 464 556 διαμονὴν
483 521 559 548 κοινὰ
571 524 627 554 τοῖς
643 524 726 549 πᾶσιν
746 523 897 556 ὑπόκειται,

116 565 165 597 τας
181 565 363 601 καταλλήλους
379 566 537 602 προσθήκας
551 567 584 594 δι’
598 568 701 595 ἑαυτῶν
711 569 899 603 ἐπεισάγοντα,

117 610 156 642 ὡς
166 611 252 637 κοιλία
264 611 310 637 καὶ
325 611 461 646 πνεύμων,
471 613 485 638 ό
499 612 548 647 μὲν
557 613 594 647 τῷ
608 614 741 648 πνεύματι
755 614 785 640 τὺ
802 615 902 650 ἐγκάρ-

117 655 173 682 διον
199 655 253 690 πῦρ
275 656 471 691 ἀναρριπίζων,
497 658 514 692 ἡ
537 657 565 684 δὲ
585 660 641 689 τοῖς
665 659 828 694 σπλάγχνοις
853 660 901 695 τὴν

117 701 219 737 τροφὴν
243 701 434 733 εἰσοικίζουσα.
452 702 530 729 Οὕτω
552 703 640 731 τοίνυν
665 706 714 738 τῆς
730 706 902 741 κατασκευῆς

116 745 164 780 τῆ,
181 746 210 772 ὲν
227 747 290 781 ἡμῖν
306 747 484 785 διῃρημένης,
500 749 573 775 ἔστιν
590 750 710 784 ἀκριϐῶς
725 751 901 786 κατανοῆσαι,

118 791 159 823 ὅτι
171 791 201 817 οὐ
220 793 362 827 μονοειδῶς
386 795 453 829 ἡμῖν
469 795 501 821 δι’
525 795 584 827 ἑνός
603 804 673 827 τινος
694 797 710 831 ἡ
727 796 794 832 πρὸς
807 797 837 823 τὸ
853 797 903 832 ζῇν

118 836 231 871 δύναμις
253 838 421 872 διεξάγεται·
444 840 511 867 ἀλλά
534 841 636 867 πλείοσι
655 842 758 877 μορίοις
781 843 797 878 ὴ
823 842 903 876 φύσις

949 252 1072 288 profecta
1088 253 1122 280 de
1134 253 1250 288 benigna
1263 252 1387 288 largitate
1404 255 1517 284 natura}.
1531 251 1671 279 efﬁcientis
1683 259 1732 287 per

948 298 1005 326 haec
1021 303 1049 325 ut
1062 299 1182 333 jucunde
1203 298 1283 325 homo
1297 298 1421 325 viveret:
1444 303 1508 325 sunt
1531 304 1661 325 sensuum
1688 297 1731 323 in-

939 347 1110 383 ‘strumenta.
1132 342 1199 370 Nam
1214 343 1242 370 in
1269 343 1312 370 his
1339 342 1392 370 vita
1414 342 1524 378 quidem
1554 346 1648 369 nostra
1676 349 1732 368 non

949 387 1085 418 consistit,
1103 387 1213 422 quando
1232 387 1324 414 vivere
1341 386 1445 414 homini
1460 386 1524 412 licet
1538 386 1619 412 etiam
1637 385 1734 420 pleris-

949 439 1003 466 que
1019 431 1114 458 horum
1133 431 1253 465 amissis;
1267 430 1314 458 sed
1332 431 1390 458 ﬁeri
1404 437 1456 457 non
1472 433 1561 464 potest
1577 432 1606 455 ut
1631 429 1735 463 absque

950 477 1048 505 horum
1065 477 1220 504 actionibus
1236 485 1326 504 rerum
1338 477 1366 504 in
1381 476 1501 503 hominis
1527 476 1582 501 vita
1600 474 1735 508 jucunda-
1751 482 1754 483 '

950 529 1012 549 rum
1028 522 1167 556 voluptate
1183 521 1315 548 fruamur.
1332 520 1454 548 Tertium
1471 520 1496 547 in
1511 519 1657 554 partitione
1674 526 1737 553 pro-

951 566 1040 601 posita
1059 567 1210 593 membrum
1225 566 1332 600 generis
1345 565 1378 593 ad
1395 564 1600 600 perpetuitatem
1619 566 1734 598 spectat.

951 611 1053 640 Praeter
1067 611 1126 639 haec
1139 611 1190 638 alia
1206 611 1327 638 membra
1342 615 1416 644 sunt,
1431 617 1490 645 quae
1507 615 1533 637 et
1559 609 1617 644 ipsa
1636 608 1738 643 pariter

953 665 1015 685 cum
1029 658 1135 686 caeteris
1156 657 1238 684 vitam
1253 657 1374 684 hominis
1387 659 1560 687 conservant,
1582 660 1607 682 et
1621 661 1738 682 consen-

953 707 1048 731 taneas
1078 707 1182 730 naturae
1211 710 1267 730 sua:
1295 702 1427 737 quasdam
1459 700 1537 736 quasi
1567 699 1739 727 accessiones

954 751 1094 783 praestant,
1110 749 1138 775 in
1169 748 1270 783 quibus
1298 751 1362 775 sunt
1393 746 1551 774 stomachus
1579 752 1610 772 ac
1634 745 1738 779 pulmo,

954 800 1071 828 quorum
1088 793 1132 821 hic
1151 794 1270 820 calorem
1291 792 1382 821 cordis
1400 791 1542 827 perﬂando
1556 790 1678 823 excitat;
1693 789 1739 816 ille

955 838 1106 865 visceribus
1119 838 1277 865 alimentum
1290 845 1369 865 suum
1386 837 1503 871 praebet.
1517 835 1574 862 Hoc
1589 834 1669 862 modo
1683 836 1740 860 tota

119 881 168 914 τὰς
182 883 250 918 πρὸς
266 883 314 919 τὴν
338 885 468 912 σύστασιν
484 885 562 921 ἡμῶν
579 886 705 921 ἀφορμὰς
729 887 902 922 ὲπινείμασα,

961 883 1078 918 :orporis
1090 884 1178 912 nostri
1192 887 1332 912 structura
1357 883 1456 914 divisa,
1487 881 1632 917 perspicue
1648 879 1742 907 videre

120 927 270 960 ἀναγκαίαν
286 930 359 954 ποιεῖ
374 929 442 964 πρὸς
458 930 488 956 τὸ
500 929 558 956 ὅλον
570 930 618 965 τὴν
634 931 698 965 ιιταρ1
714 931 829 958 ἑκάστου
845 940 905 957 συν-

120 972 259 1007 εισφοράν.
275 972 355 999 Ὥστε
371 974 417 1000 καὶ
438 975 488 1000 ὅσα
509 974 577 1010 πρὸς
592 975 742 1010 ἀσφάλειαν
768 976 818 1010 τῆς
833 975 905 1011 ζωῆς

121 1017 168 1043 καὶ
190 1017 286 1049 κάλλος
311 1019 328 1053 ἡ
352 1019 433 1052 φύσις
455 1020 665 1055 ὲπετεχνάσατο,
687 1021 772 1047 πλείω
795 1021 826 1048 τέ
847 1023 905 1048 ἐστι

123 1061 220 1093 ταῦτα,
234 1062 281 1088 καὶ
296 1063 394 1098 πολλὴν
411 1064 478 1099 πρὸς
501 1064 603 1100 ἄλληλα
624 1065 673 1101 τὴν
687 1065 819 1101 διαφορὰν
838 1066 904 1100 ἔχει.

127 1106 197 1132 Ἀλλ’
222 1106 298 1142 οἶμαι
325 1107 457 1135 διελέσθαι
485 1110 617 1145 πρότερον
641 1111 669 1138 ὲν
701 1111 782 1146 ὀλίγῳ
808 1112 906 1146 χρῆνᾳι

121 1151 176 1178 τῶν
191 1152 258 1187 πρὸς
271 1152 319 1188 τὴν
335 1153 462 1181 σύστασιν
477 1156 525 1190 τῆς
541 1155 615 1190 ζωῆς
631 1156 827 1184 συντελούντων
841 1158 907 1192 ἡμῖν

121 1197 171 1237 τὰς
185 1197 294 1233 πρώτας
311 1199 406 1234 ἀρχάς.
429 1199 460 1226 Ἣ
475 1200 525 1235 μὲν
543 1198 590 1227 οὖν
604 1201 650 1227 τοῦ
673 1201 771 1233 παντὸς
783 1201 907 1237 σώματος

122 1242 172 1279 ὕλη
185 1243 260 1277 κοινὴ
276 1244 331 1276 τοῖς
345 1244 405 1270 καθ’
421 1244 535 1272 ἕκαστον
549 1245 657 1280 μέλεσιν
672 1246 849 1282 ὑποκειμένη,
865 1256 907 1273 σι-

122 1289 216 1323 γὰσθω
239 1289 336 1317 τανῦν·
363 1291 439 1317 οὐδὲν
466 1291 520 1327 γὰρ
549 1292 616 1326 πρὸς
641 1292 687 1318 τὸν
718 1292 817 1319 σκοπὸν
843 1293 908 1328 ἡμῖν

125 1334 305 1370 συντελέσειὴ
323 1335 435 1362 καθόλου
453 1336 609 1371 φυσιολογία
633 1337 700 1371 πρὸς
720 1337 769 1372 τὴν
793 1338 908 1372 μερικὴν

125 1379 250 1415 θεωρίαν.
284 1381 514 1416 Ὀμολογουμένου
539 1381 630 1409 τοίνυν
662 1382 736 1418 παρὰ
766 1383 832 1409 πᾶσι
862 1383 908 1409 τοῦ

125 1425 232 1452 πάντων
247 1427 274 1452 ὲν
291 1427 356 1462 ἡμῖν
370 1425 438 1453 εῖναι
455 1427 509 1454 τῶν
524 1427 699 1463 στοιχειωδῶς
713 1429 742 1455 ὲν
761 1428 801 1463 τῷ
815 1428 910 1464 κόσμῳ

123 1471 318 1506 θεωρουμένων
338 1473 387 1508 τὴν
412 1475 517 1509 μοῖραν,
541 1474 588 1500 τοῦ
612 1483 642 1501 τε
669 1474 770 1510 θερμοῦ
795 1475 841 1501 καὶ
864 1475 910 1502 τοῦ

124 1517 263 1551 ψύχοντος,
291 1519 337 1545 καὶ
363 1518 411 1554 τῆς
436 1519 530 1555 ἑτέρας
555 1520 684 1554 συζυγίας
713 1521 762 1556 τῆς
786 1521 856 1548 κατὰ
881 1521 911 1548 τὸ

127 1563 210 1598 ὑγρόν
224 1572 253 1589 τε
273 1565 318 1591 καὶ
329 1564 410 1600 ξηρδν
422 1566 577 1602 νοουμένης,
592 1566 627 1593 τὰ
641 1567 700 1594 καθ’
713 1566 829 1599 ἔκαστον
845 1568 910 1603 ἡμῖν

126 1606 296 1643 διαληπτέον.

163 1743 266 1775 Οὐκοῦν
290 1746 396 1781 ὁρῶμεν
420 1747 494 1782 τρεῖς
509 1747 557 1779 τὰς
573 1747 740 1784 διοικητικάς
763 1749 812 1784 τῆς
838 1749 912 1785 ζωῆς

127 1789 263 1824 δυνάμεις,
287 1788 324 1817 ὧν
343 1792 360 1827 ή
377 1791 425 1826 μὲν
439 1792 578 1821 διαθάλπει
595 1793 624 1819 τδ
643 1794 697 1820 πᾶν
709 1795 742 1829 τῇ
754 1794 910 1829 θερμότητι,

127 1835 146 1869 ἡ
161 1835 189 1861 δὲ
209 1836 358 1869 ὑπονοτίζει
371 1839 404 1872 τῇ
423 1837 515 1873 ἰκμάδι
528 1838 557 1864 τὺ
573 1838 795 1874 θερμαινόμενον,
819 1839 856 1871 ὡς
879 1840 912 1867 ἂν

127 1882 162 1916 τῇ
180 1881 336 1918 ἱσοκρατείᾳ
352 1883 401 1918 τῆς
424 1876 478 1910 τῶν
495 1884 624 1910 ἐναντίων
641 1884 792 1920 ποιότητος,
804 1885 848 1911 ἐπὶ
867 1885 913 1913 τοῦ

130 1927 214 1963 μέσου
233 1928 390 1963 συντηροϊτο
409 1927 440 1954 τὺ
465 1927 543 1960 ζῶον,
574 1929 644 1963 μήτε
664 1928 711 1955 τοῦ
733 1930 815 1966 ὑγροῦ
831 1939 915 1958 κατα-

129 1973 301 2012 φρυγομὲνου
324 1973 363 2007 τῷ
390 1973 551 2009 πλεονασμῷ
574 1975 623 2009 τῆς
645 1975 819 2011 Θερμότητος,
846 1977 914 2012 μήτε

128 2017 176 2048 τοῦ
194 2016 296 2053 Θερμοῦ
319 2017 497 2053 σϐεννυμένου
518 2019 551 2054 τῇ
577 2019 736 2055 ἐπικρατείᾳ
759 2020 805 2047 τοῦ
832 2021 914 2048 καθυ-

129 2063 294 2102 γραίνοντος.
317 2063 349 2089 Ἣ
365 2063 393 2090 δὲ
407 2064 486 2100 τρίτη
501 2064 614 2099 δύναμις
637 2066 743 2101 συνέχει
762 2065 795 2092 δι’
817 2067 916 2102 ἑαυτῆς

129 2108 199 2134 κατά.
212 2116 271 2134 τινα
290 2108 426 2143 συμϐολήν
448 2117 478 2135 τε
494 2109 541 2136 καὶ
566 2109 699 2144 ἁρμονίαν
721 2110 755 2137 τὰ
776 2111 914 2146 διακεκρι-

132 2153 198 2189 μένα
213 2154 268 2180 τῶν
290 2154 398 2189 ἄρθρων
421 2156 476 2186 τοῖς
495 2154 560 2190 παρ’
578 2155 677 2190 ἑαυτῆς
692 2156 850 2191 συνδέσμοις
866 2158 916 2192 ἁρ-

954 932 1009 960 est,
1030 928 1187 956 facultatem
1212 936 1266 964 qua
1297 929 1354 956 vita
1378 927 1548 958 continetur,
1566 933 1622 953 non
1641 932 1696 952 uno
1724 931 1740 951 a

955 974 1078 1001 membro
1101 974 1256 1008 proficisci:
1277 974 1323 1001 sed
1340 976 1464 1000 naturam
1485 971 1607 1006 corporis
1630 977 1742 998 conser-

955 1019 1092 1046 vationem
1105 1019 1131 1046 in
1150 1019 1227 1054 plura
1237 1019 1367 1053 membra
1400 1019 1574 1053 partientcm,
1594 1015 1742 1050 unicuique

956 1064 1008 1091 hoc
1020 1064 1129 1092 dedisse
1150 1065 1260 1099 negotii,
1278 1068 1307 1091 ut
1319 1064 1425 1100 singula
1450 1063 1574 1091 nonnihil
1598 1062 1632 1090 ad
1661 1069 1741 1089 usum

957 1109 1077 1136 lmiversi
1097 1109 1264 1137 conferrent.
1280 1109 1345 1136 Eam
1376 1110 1412 1136 ob
1429 1117 1487 1136 rem
1507 1109 1648 1144 complura
1667 1112 1742 1140 sunt,

957 1154 1083 1189 interque
1093 1162 1121 1182 se
1138 1155 1309 1190 perprofecto
1324 1155 1443 1187 diversa,
1461 1162 1632 1189 quzecunque
1644 1157 1742 1180 natura

957 1199 1000 1226 vel
1019 1199 1052 1226 ad
1070 1207 1099 1227 se
1113 1199 1252 1231 tuendam,
1269 1200 1311 1227 vel
1328 1203 1443 1227 ornatus
1461 1206 1488 1226 et
1501 1199 1644 1233 elegantia:
1658 1205 1742 1225 causa

958 1245 1073 1273 solerter
1088 1245 1221 1272 fabricata
1244 1251 1296 1272 est.
1326 1244 1379 1271 Sed
1406 1245 1478 1271 enim
1495 1243 1628 1278 principia
1657 1243 1745 1278 prima

958 1298 1054 1318 eorum
1071 1297 1131 1325 quae
1151 1290 1233 1317 vitam
1257 1289 1439 1321 constituunt,
1455 1289 1535 1316 nobis
1550 1291 1694 1323 antequam
1711 1287 1744 1315 ad

959 1336 1012 1362 alia
1042 1335 1260 1370 progrediamur,
1291 1335 1410 1362 breviter
1438 1334 1584 1362 dividenda
1618 1333 1742 1361 veniunt.

960 1379 1056 1407 Totius
1070 1379 1180 1414 quidem
1201 1379 1324 1414 corporis
1341 1378 1470 1407 membris
1487 1378 1614 1406 materies
1629 1377 1745 1412 singulis

961 1426 1126 1458 communis,
1144 1426 1171 1453 in
1187 1425 1239 1453 hoc
1255 1430 1282 1454 et
1297 1429 1418 1460 tempore
1437 1429 1463 1452 et
1479 1425 1540 1452 loco
1569 1427 1746 1459 praetereatur

962 1471 1082 1499 silentio.
1101 1470 1169 1498 Nam
1186 1471 1219 1498 ad
1233 1471 1390 1499 institutum
1408 1475 1533 1500 nostrum
1548 1470 1616 1497 nihil
1639 1469 1745 1499 attinet,

963 1516 1091 1544 nimirum
1108 1516 1142 1544 ad
1156 1517 1403 1545 considerationem
1412 1517 1612 1552 particularem,
1624 1513 1746 1542 universi

962 1562 1148 1597 pertractatio.
1166 1561 1238 1598 Ergo
1251 1570 1315 1590 cum
1340 1563 1412 1599 apud
1425 1569 1522 1590 omnes
1533 1562 1585 1589 hoc
1599 1561 1679 1596 quasi
1695 1567 1746 1595 pro

963 1607 1091 1637 confesso
1105 1608 1152 1641 sit,
1168 1609 1301 1636 exsistam
1315 1609 1445 1644 quiddam
1459 1609 1488 1636 in
1515 1608 1596 1636 nobis
1610 1607 1644 1634 de
1658 1606 1748 1634 omni-

960 1652 1013 1693 bus
1033 1652 1129 1680 mundi
1140 1653 1294 1687 elementis,
1315 1653 1349 1681 de
1365 1651 1457 1682 calore
1470 1661 1502 1680 ac
1517 1653 1628 1689 frigore,
1650 1651 1684 1679 de
1696 1651 1748 1678 hu«

962 1705 1039 1726 more
1056 1703 1084 1726 et
1096 1699 1240 1727 siccitate:
1257 1699 1290 1727 de
1303 1699 1419 1735 singulis
1438 1706 1561 1735 agamus.

997 1753 1128 1781 Videmus
1139 1759 1230 1782 autem
1241 1757 1297 1782 tres
1310 1753 1444 1789 imprimis
1457 1753 1600 1781 facultates
1612 1759 1673 1780 esse
1685 1751 1748 1779 vitae

961 1803 1062 1828 nostrae
1077 1803 1208 1835 tanquam
1231 1799 1427 1828 administras:
1445 1806 1561 1834 quarum
1586 1806 1646 1833 quae
1660 1796 1748 1832 prima

962 1849 1016 1879 est,
1033 1846 1125 1873 calore
1137 1853 1187 1873 suo
1204 1849 1304 1873 cuncta
1323 1845 1416 1873 fovet:
1433 1845 1528 1877 altera,
1549 1844 1623 1879 quod
1649 1849 1748 1870 conca-

963 1891 1014 1918 luit
1032 1897 1116 1918 succo
1131 1897 1182 1918 suo
1199 1891 1347 1923 humectat,
1364 1893 1394 1917 ut
1411 1897 1458 1925 per
1471 1889 1632 1925 aequabilem
1660 1887 1749 1923 quali-

964 1935 1028 1964 tatis
1047 1935 1075 1962 in
1094 1935 1176 1963 rebus
1191 1935 1400 1963 adversantibus
1418 1934 1470 1963 sibi
1489 1933 1659 1970 temperiem,
1681 1940 1749 1968 qua-

964 1980 1026 2008 dam
1043 1980 1070 2007 in
1097 1980 1285 2008 mediocritate
1317 1981 1408 2016 ipsum
1438 1979 1540 2007 animal
1559 1983 1748 2010 conservetur,

965 2026 1080 2054 hutnore
1106 2033 1155 2061 per
1169 2026 1288 2054 calorem
1318 2026 1434 2054 nimium
1459 2033 1598 2060 nunquam
1623 2027 1749 2054 exsucto.

966 2079 1055 2107 neque
1074 2076 1171 2099 contra
1195 2067 1291 2104 ’θείω-ο
1319 2080 1368 2108 per
1381 2073 1435 2099 vim
1454 2072 1531 2099 nimii
1557 2070 1681 2098 humoris
1701 2076 1751 2104 op-

966 2124 1071 2152 presso.
1088 2116 1181 2144 Tertia
1206 2117 1332 2150 facultas,
1358 2116 1490 2144 articulos
1509 2123 1562 2143 non
1581 2115 1750 2154 cohaerentes

967 2167 993 2190 et
1008 2163 1198 2191 interstinctos
1216 2162 1372 2197 ligamentis
1389 2162 1448 2190 suis
1467 2168 1515 2196 per
1529 2159 1751 2192 commissionem.

132 2199 261 2236 ιιὸζουςα,
276 2200 322 2226 καὶ
338 2201 420 2227 πᾶσιν
432 2200 625 2235 ἐπιπέμπουσα
638 2201 687 2236 τὴν
698 2202 873 2237 αὐτοκίνητόν
886 2211 908 2229 τε

966 2211 993 2235 et
1005 2208 1174 2235 harmoniam
1188 2210 1311 2234 mutuam
1325 2206 1458 2238 continet,
1491 2205 1688 2240 aptissimeque
1705 2210 1750 2230 co—
1763 2238 1769 2242 ‘

131 2246 178 2272 καὶ
194 2246 383 2282 προαιρετικὴν
395 2246 508 2282 δύναμιν
517 2254 524 2261 ³
538 2244 572 2282 ἦς
584 2247 786 2284 ἐπιλειπούσης,
798 2247 915 2284 πέρατοιι

131 2291 245 2325 γίνεται,
263 2293 310 2318 καὶ
333 2291 465 2327 νεκρῶδες
485 2291 519 2323 τὸ,
536 2292 628 2327 μέρος,
653 2291 700 2320 τοῦ
723 2293 914 2329 προαιρετικοῦ

132 2336 285 2372 πνεύματος
302 2337 464 2372 ἀμοιρῆσαν.
487 2337 594 2364 Μᾶλλον
610 2338 638 2365 δὲ
653 2338 706 2374 πρὸ
720 2338 822 2365 τούτων
841 2339 915 2372 ἄξιον

131 2380 295 2417 κατανοῆσαι
317 2382 348 2409 τὸ
365 2383 488 2418 τεχνικὸν
505 2383 555 2418 τῆς
579 2383 685 2417 φύσεως
701 2384 780 2420 ἡμῶν
794 2385 823 2410 ὲν
846 2385 914 2420 αὐτῇ

131 2429 164 2464 τῇ
177 2428 340 2465 δημιουργίᾳ
353 2428 400 2455 τοῦ
410 2428 544 2464 σώματος.
568 2429 675 2466 Ἐπειδὴ
688 2429 741 2465 γὰρ
755 2430 785 2456 τὸ
800 2430 916 2465 σκληρόν

131 2481 161 2500 τε
172 2474 219 2500 καὶ
232 2474 376 2502 ἀντίτυπον
388 2474 438 2506 τὰς
450 2474 612 2510 αἰσθητικὰς
629 2475 768 2511 ἐνεργείας
780 2476 810 2502 οὐ
824 2484 917 2502 κατα-

131 2519 247 2554 δέχεται,
263 2519 300 2550 ὠς
316 2519 389 2546 ἔστιν
412 2520 474 2546 ίδείν
501 2519 547 2549 ὲπὶ
562 2528 591 2546 τε
613 2520 667 2547 τῶν
681 2521 710 2547 ἐν
727 2521 793 2555 ἡμῖν
805 2519 916 2552 ὀστέων,

133 2564 240 2591 καὶτῶν
249 2565 277 2591 ὲν
285 2566 317 2600 τῇ
325 2566 360 2600 γῇ
370 2564 471 2599 φυτῶν,
480 2566 509 2591 ἐν
516 2562 556 2597 οἷς
563 2565 635 2600 ζωῆς
643 2565 693 2599 μέν
701 2573 726 2592 τι
735 2565 918 2600 κατανοοῦμεν

133 2607 202 2640 εἶδος
215 2610 242 2636 ὲν
257 2609 295 2644 τῷ
307 2609 398 2642 αὔξειν
406 2609 452 2636 καὶ
467 2609 624 2644 τρέφεσθαι,
637 2609 667 2636 οὺ
684 2609 737 2644 μὴν
753 2609 918 2644 παρεδέξατο

131 2656 262 2688 ἂναντίως
277 2657 293 2691 ἠ
305 2655 447 2683 ἀντιτυπία
459 2655 504 2682 τοῦ
518 2653 696 2690 ὑποκειμένου
706 2655 755 2691 τὴν
774 2655 900 2691 αἴσθησιν
909 2664 916 2671 ο

133 2701 228 2728 τούτου
245 2701 323 2737 χάριν
341 2701 393 2727 ἔδει
402 2701 526 2736 καθάπερ
537 2701 664 2736 κηροειδῆ
677 2709 736 2727 τινα
748 2702 918 2736 κατασκευὴν

134 2745 296 2781 ὓποτεθῆναι
307 2746 366 2776 ταῖς
380 2745 439 2771 κατ’
457 2745 583 2779 αἴσθησιν
594 2744 754 2779 ἐνεργείαις,
768 2745 920 2780 δυναμένην

134 2793 190 2823 τοῖς
219 2791 421 2826 ἀπιληπτικοῖς
445 2790 540 2822 τύποις
565 2790 816 2825 ἐνσφραγισθῆναι,
849 2792 917 2826 μήτε

137 2837 320 2872 συγχεομένην
341 2837 373 2862 δι’
395 2835 616 2872 ὑπερϐαλλούσης
634 2836 797 2871 ὑγρότητος
820 2838 849 2863 οὐ
866 2837 918 2873 γὰρ

968 2253 1053 2288 pulat,
1069 2257 1096 2280 et
1109 2252 1235 2280 omnibus
1260 2251 1329 2279 indit
1344 2250 1399 2278 vim
1422 2250 1567 2285 quamdam
1592 2254 1688 2285 sponte
1702 2257 1752 2277 sua

969 2304 999 2324 se
1015 2296 1158 2324 movendi:
1182 2303 1243 2331 qum
1270 2296 1292 2324 si
1316 2295 1467 2328 amittatur,
1493 2295 1644 2322 membrum
1669 2294 1751 2321 etiam

969 2337 1042 2365 velut
1060 2341 1212 2364 emortuum
1229 2337 1362 2364 exsistere
1373 2344 1485 2364 necesse
1494 2339 1547 2368 est,
1562 2343 1577 2362 ιι
1596 2340 1692 2371 sponte
1703 2343 1752 2362 sua

970 2386 1097 2410 movente
1123 2382 1211 2417 ipsum
1226 2382 1324 2417 spiritu
1341 2381 1513 2409 destitutum.
1543 2380 1635 2408 Fuerit
1663 2387 1754 2415 opera:

969 2427 1087 2462 pretium
1113 2427 1165 2454 hoc
1190 2427 1251 2455 loco
1275 2432 1378 2455 natura:
1405 2426 1551 2454 artificium
1576 2426 1603 2453 in
1631 2426 1754 2461 corporis

970 2474 1108 2502 creatione
1121 2474 1305 2502 considerare.
1323 2474 1390 2502 Nam
1409 2482 1472 2501 cum
1487 2481 1518 2501 ea
1539 2481 1599 2508 quae
1610 2473 1678 2500 dura
1691 2473 1754 2500 soli-

971 2520 1058 2555 daque
1071 2525 1256 2553 sunt,sertsus
1270 2511 1394 2547 actiones
1423 2519 1512 2547 nullas
1542 2518 1696 2549 admittant,
1726 2522 1755 2544 ut

971 2571 1013 2594 est
1030 2566 1122 2594 videre
1135 2567 1163 2593 in
1174 2565 1297 2600 corporis
1312 2565 1399 2593 nostri
1413 2565 1567 2596 ossibus,et
1582 2568 1661 2591 terrae
1679 2564 1755 2599 plan-

972 2612 1016 2644 tis,
1033 2611 1060 2638 in
1077 2611 1177 2646 quibus
1193 2619 1255 2638 esse
1267 2611 1330 2638 vitae
1342 2611 1464 2646 quazdam
1479 2610 1584 2646 species
1595 2610 1660 2636 satis
1675 2608 1759 2636 intcl-‘

972 2657 1065 2691 ligitur
1079 2665 1110 2684 ex
1129 2664 1161 2684 eo
1177 2656 1248 2691 quod
1259 2660 1285 2683 et
1297 2659 1458 2684 accrescunt
1471 2659 1497 2682 et
1508 2655 1675 2684 nutriuntur,
1691 2661 1753 2680 cum

974 2701 1059 2729 solida
1076 2701 1197 2736 ipsorum
1220 2701 1335 2728 durities
1352 2707 1461 2728 sensum
1483 2707 1536 2726 non
1563 2699 1688 2734 recipiat,
1712 2697 1754 2724 id-

973 2747 1047 2774 circo
1058 2755 1169 2774 necesse
1183 2751 1242 2774 crat
1252 2746 1386 2780 quoddam
1402 2746 1479 2781 quasi
1495 2753 1604 2773 cereum
1616 2743 1754 2779 opificiqu

974 2801 1103 2821 sensuum
1120 2793 1272 2819 actionibus
1287 2789 1397 2826 subjici,
1415 2790 1487 2826 quod
1515 2794 1607 2824 posset
1632 2788 1755 2815 cedendo

975 2839 1046 2867 velut
1062 2840 1208 2874 impressas
1224 2841 1303 2866 notas
1320 2838 1451 2872 recipere,
1467 2836 1507 2862 sic
1531 2839 1561 2862 ut
1590 2835 1625 2861 ob
1642 2834 1754 2862 nimiam
