1977 3071
230 133 283 162 Ωιῦδ

856 132 886 162 S.
907 131 1071 160 GREGORII
1089 131 1235 170 NYSSENI

1799 131 1855 162 τις

232 190 356 220 humoris
371 191 478 227 copiam
502 198 558 224 non
572 190 787 219 confunderetur
818 191 949 227 (qtiando
963 191 1016 219 hu-

1070 191 1102 218 ἂν
1116 190 1290 226 διαμείιοιέν
1304 190 1341 225 τῷ
1358 189 1433 225 ὑγρῷ
1452 190 1481 216 τὺ
1500 189 1683 224 τυπούμενον·
1702 188 1768 223 μήτε
1784 187 1861 214 ἀντι-

232 237 311 266 uiidre
326 237 364 264 rei
380 237 452 272 quod
466 237 643 272 imprimitur,
657 236 753 272 nequit
781 236 900 273 durare)
928 241 956 265 et
982 237 1017 264 ob

232 281 407 317 immodicam
433 282 560 310 duritiem
578 289 632 309 non
652 282 772 309 resilirct
795 282 926 317 (quando
944 281 1016 316 quod

232 328 331 365 cedere
344 328 448 363 uequit,
463 331 543 355 notas
557 335 604 362 per
618 327 826 362 impressionem
842 327 931 355 nullas
948 327 1017 354 reci-

233 374 273 408 pit
286 372 305 406 ),
323 373 371 401 sed
386 373 560 400 mediocriter
574 377 647 400 esset
662 381 724 400 cum
740 373 821 400 molle
833 377 891 400 tum
907 373 1015 404 durum,

231 409 267 446 ne
283 418 385 445 animal
399 418 450 445 hac
467 417 597 445 facultate
617 418 688 446 inter
703 422 816 445 caeteras
835 417 1017 453 pulcherrima

232 467 347 495 careret,
362 470 461 491 sensus
486 463 614 490 nimirum
648 464 778 490 motione.
805 463 840 491 At
863 463 935 490 enim
955 469 1016 489 cum

232 514 312 534 omne
326 507 398 542 quod
415 507 532 542 propriae
547 508 728 536 mollitudinis
743 515 827 536 causa
844 508 924 545 facile
946 507 1017 534 cedit

233 560 264 580 ac
282 552 411 586 ﬂectitur,
431 554 454 581 si
470 561 525 583 non
537 554 618 582 etiam
634 554 726 589 aliqua
743 562 775 582 ex
805 558 882 589 parte
908 553 1017 581 duritiei

232 597 269 624 sit
286 599 432 633 particeps,
452 607 567 634 prorsus
581 607 643 627 esse
658 603 750 627 motus
770 608 868 635 expers
883 600 1017 628 solutum-

232 653 285 679 que
299 653 410 672 uecessc
424 647 470 678 sit,
492 645 580 673 instar
604 647 775 674 marinorum
807 653 1011 681 pneumonum:

199 716 202 719 ,
232 689 293 717 ideo
312 691 420 726 corpori
436 695 533 718 natura
549 692 636 720 solida
657 692 781 728 quaedam
809 700 872 720 ossa
900 693 1015 729 indidit,

231 743 318 771 eaque
332 740 427 764 mutuo
441 737 582 771 aptissima
599 738 742 765 harmonia
752 739 899 773 copulavit,
914 744 941 766 et
954 747 1016 767 ner-

231 789 327 809 vorum
343 783 460 811 vinculis
473 784 671 812 commissuras
686 784 785 812 borum
805 785 1015 820 constringens,

232 826 269 852 ita
287 826 395 853 demum
414 835 446 854 ea
461 835 546 855 carne
564 828 685 863 undique
696 828 820 861 obduxit,
834 837 894 864 quae
905 833 931 857 et
954 837 1015 857 sen-

232 879 313 899 suum
329 880 415 907 capax
435 873 516 905 foret,
543 878 569 900 ct
588 874 733 909 superﬁcie
758 877 875 910 quadam
895 875 1018 904 contine-

231 921 317 950 retur,
341 924 368 944 ιιι
388 918 479 946 minus
499 923 572 946 esset
597 919 716 946 obnoxia
744 920 859 953 morbis,
883 927 916 948 ac
935 921 1016 957 paulo

232 963 346 1000 tensior.

267 1008 367 1036 Solidis
385 1009 459 1037 hisce
476 1010 595 1043 ossibus,
611 1014 739 1046 tanquam
753 1011 900 1043 columnis.
916 1011 1016 1047 quibus

231 1061 301 1088 onus
312 1054 417 1081 aedificii
429 1058 513 1081 totum
529 1054 671 1088 incumbit,
683 1056 806 1091 corporis
820 1057 916 1084 molem
929 1057 1016 1092 impo-

231 1101 286 1128 suit
299 1101 465 1129 universam.
479 1101 572 1137 Neque
591 1109 674 1129 unum
697 1102 725 1129 in
740 1109 854 1137 corpore
867 1106 971 1129 tantum
985 1109 1016 1130 os

231 1153 292 1173 csse
309 1147 403 1178 voluit.
422 1151 565 1183 propterea
585 1148 658 1183 quod
677 1155 791 1177 necesse
807 1149 903 1176 fuisset
927 1148 1017 1176 homi-

230 1199 291 1223 nem
311 1192 400 1220 omnis
420 1197 447 1220 et
461 1197 551 1221 motus
566 1197 593 1220 et
617 1194 733 1221 actionis
750 1197 887 1229 expertem
902 1201 972 1226 esse,
993 1195 1016 1222 si

230 1243 262 1269 eo
281 1240 359 1271 pacto
379 1237 466 1272 ipsum
479 1238 679 1266 conformasset
694 1242 804 1271 natura,
819 1245 875 1274 quo
892 1238 1015 1273 arbores,

231 1289 285 1309 uno
313 1289 419 1316 semper
433 1283 613 1311 consistriites
628 1283 655 1310 in
675 1283 744 1310 loco.
760 1283 827 1310 Nam
841 1290 928 1318 neque
954 1291 1016 1318 pro-

229 1327 304 1361 gredi
321 1328 463 1361 potuisset,
474 1328 496 1355 si
513 1335 593 1357 crura
608 1336 662 1356 non
679 1329 800 1356 licuisset
815 1329 934 1356 vicissim
949 1324 1016 1357 sub;

230 1372 284 1398 lata
301 1372 414 1400 ulterius
442 1372 589 1408 collocare,
610 1381 699 1407 neque
713 1374 838 1401 manibus
869 1374 907 1401 uti
930 1374 1017 1401 admi-

231 1417 334 1444 nistris.
353 1416 429 1444 Nunc
456 1425 519 1445 vero
539 1418 670 1452 singulari
695 1423 800 1446 natura:
821 1419 937 1447 artiﬁcio
954 1427 1017 1448 cor-

230 1463 307 1502 poris
325 1470 456 1502 organum
464 1467 492 1490 et
502 1463 561 1491 loco
576 1467 710 1496 movetur,
721 1468 748 1495 et
762 1465 858 1500 agendi
878 1469 920 1494 est
933 1465 1016 1493 facul-

230 1499 286 1537 tate
306 1499 449 1544 praeditum
467 1527 474 1540 ,
497 1512 641 1544 postquam
662 1510 685 1536 ei
701 1517 748 1544 per
763 1499 876 1544 spiritus
898 1511 1013 1539 ultronei

231 1556 323 1585 motus
334 1557 470 1586 auctores,
497 1554 544 1588 qui
574 1562 621 1589 per
651 1563 749 1582 nervos
767 1555 908 1588 diduntur,
930 1556 971 1585 vis
990 1560 1018 1585 et

232 1599 349 1634 impetus
365 1598 474 1634 quidam
489 1599 521 1626 ad
536 1600 625 1627 varios
637 1604 728 1628 motus
738 1600 864 1629 accessit.
882 1600 949 1628 liinc
965 1605 1014 1633 est,

232 1644 305 1679 quod
322 1653 451 1673 manuum
470 1646 622 1674 ministerio
638 1650 664 1673 et
674 1653 755 1681 opera
769 1647 879 1679 utimur,
889 1647 1017 1675 variailla

232 1689 355 1724 profecto
369 1695 397 1722 et
415 1691 573 1725 multiplice.
591 1698 692 1725 perque
713 1698 793 1718 omne
811 1691 843 1718 ad
862 1691 1017 1718 institutum

232 1735 314 1762 animi
341 1735 422 1763 nobis
450 1736 555 1763 idonea.
582 1735 650 1763 llinc
673 1736 788 1764 cervicis
823 1739 866 1764 est
896 1736 1017 1769 inﬂexio,

231 1779 296 1808 hinc
321 1780 418 1816 capitis
445 1780 637 1808 inclinationes
652 1784 678 1808 et
693 1781 859 1814 erectiones;
883 1781 947 1808 hinc
962 1789 1018 1808 ma~

232 1826 358 1853 xillarum
379 1830 486 1859 motus;
516 1826 578 1854 hinc
596 1826 784 1862 palpebrarum
805 1827 936 1861 diductio,
957 1835 1018 1862 quae

232 1879 294 1899 cum
321 1876 388 1899 nutu
409 1871 455 1905 tit;
471 1872 534 1900 hinc
549 1877 708 1900 czeterorum
723 1873 902 1901 articulorum
925 1877 1017 1900 motus

232 1915 346 1951 profecti
374 1920 447 1949 sunt,
463 1917 508 1952 qui
537 1925 683 1945 nervorum
700 1919 741 1945 vel
760 1919 885 1946 tensione
908 1919 950 1947 vel
975 1926 1019 1946 re-

233 1962 376 1994 missione,
395 1963 473 1997 quasi
492 1963 636 1997 quamdam
649 1971 697 1998 per
708 1964 860 1994 machinam
876 1964 954 1992 fiunt.
972 1964 1020 2001 Vis

233 2007 342 2042 quidem
359 2008 460 2042 passim
474 2016 521 2042 per
532 2016 630 2036 nervos
643 2009 717 2044 ipsos
737 2017 797 2037 sese
808 2010 911 2039 dedens
925 2011 964 2038 sic
977 2015 1020 2039 est

233 2061 249 2079 a
263 2058 361 2080 natura
372 2059 576 2089 comparata,ut
587 2063 619 2083 ex
634 2055 721 2082 lubitu
730 2055 896 2091 arbitrioque
910 2057 1020 2091 proprio

233 2104 386 2131 moveatur,
415 2103 441 2127 et
458 2099 573 2135 singulis
601 2100 629 2127 in
655 2100 862 2136 membris.per
894 2101 1019 2136 spiritum

233 2147 330 2177 sponte
359 2149 408 2171 sua
435 2151 464 2172 se
482 2144 629 2179 agitantem
651 2143 807 2173 ctieetiones
820 2153 887 2173 suas
910 2146 1019 2175 habeat.

1069 235 1208 262 τυποῦσαν
1221 236 1250 263 ἐν
1262 236 1295 271 τῇ
1305 236 1422 271 ἀμετρίᾳ
1431 237 1479 270 τῆς
1492 231 1598 270 πήξεως
1607 243 1613 249 ·
1632 234 1787 268 ἀσήμαντον
1801 232 1857 267 γὰρ

1068 281 1135 316 πρὸς
1149 282 1210 312 τοὺς
1227 280 1328 312 τύπους
1356 280 1414 307 ἐστὶ
1428 280 1458 306 τὸ
1472 273 1632 306 άνύπεικτον
1645 286 1651 292 ·
1679 277 1747 304 ἀλλὰ
1768 277 1857 312 μέσως

1068 326 1181 361 ἔχουσαν
1200 324 1384 360 μαλακότητος
1399 333 1429 350 τε
1455 324 1502 351 καὶ
1519 323 1707 359 στερρότητος,
1721 322 1759 353 ὡς
1774 321 1806 347 ἂν
1819 321 1859 356 μὴ

1067 371 1114 404 τοῦ
1129 371 1270 398 καλλίστου
1285 370 1338 397 τῶν
1347 369 1417 396 κατὰ
1430 370 1478 405 τὴν
1495 368 1575 403 φύσιν
1590 366 1794 403 ἐνεργημάτων,
1806 366 1859 401 τῆς

1068 418 1228 453 αἱσθητικῆς
1241 418 1311 451 λέγω
1327 417 1468 451 κινήσεως,
1481 415 1607 451 ἀμοιροίη
1619 415 1648 441 τὸ
1661 414 1739 447 ζῶον.
1748 412 1859 448 Ἐπειδή

1067 463 1156 490 τοίνυν
1173 463 1203 490 τὸ
1221 462 1340 498 μαλακόν
1354 470 1383 488 τε
1404 462 1451 488 καὶ
1465 460 1585 488 εὕεικτον
1609 459 1743 495 μηδεμίαν
1761 458 1811 494 τὴν
1825 459 1859 484 ἐκ

1067 509 1121 536 τῶν
1134 509 1254 544 στερρῶν
1268 508 1328 543 ἕχον
1339 508 1492 543 ἐνέργειαν,
1507 506 1633 542 ἀκίνητον
1648 506 1680 532 ἂν
1689 503 1723 540 ἦν
1736 505 1856 536 πάντως,

1069 555 1116 581 καὶ
1138 554 1331 590 ἀδιάρθρωτον,
1350 553 1420 583 κατὰ
1437 553 1499 584 τοὺς
1514 552 1675 583 θαλασσίους
1685 550 1838 585 πνεύμονας
1848 559 1856 566 ·

1067 598 1112 625 διὰ
1132 599 1209 625 τοῦτο
1234 597 1429 633 καταμίγνυσιν
1445 598 1462 632 ἡ
1482 596 1560 631 φύσις
1572 595 1610 630 τῷ
1625 595 1729 630 σώματι
1741 595 1789 629 τὴν
1801 593 1858 620 τῶν

1067 644 1167 671 ὀστέων
1187 644 1363 680 στερρότητα,
1377 644 1424 669 καὶ
1445 642 1531 669 ταῦτα
1553 642 1621 677 πρὸς
1633 640 1736 675 ἄλληλα
1749 640 1792 666 διὰ
1806 639 1858 674 τῆς

1068 689 1224 726 προσφυοῦς
1235 690 1366 725 ἁρμονίας
1378 689 1512 719 ὲνώσασα,
1522 689 1578 719 τοῖς
1590 695 1619 713 τε
1632 686 1676 713 διὰ
1687 686 1739 713 τῶν
1753 685 1858 720 νεύρων

1068 735 1228 770 συνδέσμοις
1240 734 1289 766 τὰς
1305 733 1441 769 συμὸολὰς
1455 732 1545 759 αὐτῶν
1560 730 1755 766 ἐπισφίγξασα,
1769 729 1858 761 οὕτως

1067 781 1158 812 αὐτοῖς
1169 780 1218 815 τὴν
1228 779 1354 815 δεκτικὴν
1362 779 1415 806 τῶν
1427 778 1578 814 αἰσθήσεων
1589 777 1738 813 περιέφυσε
1755 776 1856 812 σάρκα,

1068 824 1290 860 δυσπαθεστέραν
1321 832 1352 851 τε
1378 824 1425 850 καὶ
1450 823 1632 858 εὐτονωτέραν
1655 823 1689 857 τῇ
1709 819 1858 857 ἐπιφανείᾳ.

1036 871 1057 899 Β
1071 870 1274 905 διειλημμένην.

1103 1009 1195 1046 Ταύτῃ
1214 1009 1304 1037 τοίνυν
1322 1010 1355 1044 τῇ
1384 1008 1484 1044 στερῤᾆ
1507 1007 1560 1034 τῶν
1580 1006 1681 1034 ὀστέων
1694 1006 1784 1042 φύσει,
1799 1004 1856 1039 οἷον

1067 1056 1172 1087 στύλοις
1185 1056 1253 1082 τισὶν
1266 1054 1436 1090 ἀχθοφόροις,
1453 1053 1512 1081 ὅλον
1527 1052 1574 1079 τοῦ
1588 1053 1712 1088 σώματος
1731 1052 1857 1093 ἐπιθεῖσα

1066 1102 1096 1129 τὸ
1114 1102 1205 1137 βάρος,
1221 1101 1270 1128 οὐκ
1279 1100 1430 1135 ἀδιαίρετον
1440 1100 1552 1134 ἐνέφυσε
1564 1098 1602 1134 τῷ
1616 1099 1695 1125 παντὶ
1710 1098 1739 1124 τὸ
1748 1098 1855 1124 ὀστέον.

1066 1145 1105 1174 Ἦ
1117 1147 1171 1182 γὰρ
1189 1146 1222 1173 ἂν
1238 1145 1364 1180 ἀκίνητός
1387 1153 1416 1171 τε
1434 1145 1480 1171 καὶ
1497 1144 1675 1179 ἁνενέργητος
1698 1143 1813 1178 ἔμεινεν,
1832 1144 1856 1170 εί

1066 1193 1136 1220 οὕτω
1163 1192 1336 1226 κατασκευῆς
1355 1188 1427 1225 εἶχεν
1450 1191 1464 1216 ὁ
1489 1189 1647 1225 ἄνθρωπος,
1673 1189 1798 1223 καθάπερ
1827 1197 1856 1214 τι

1066 1236 1172 1272 δένδρον
1203 1236 1245 1270 ἐφ’
1262 1235 1320 1267 ἐνὸς
1334 1235 1416 1260 τόπου
1434 1234 1523 1269 μένον,
1542 1234 1610 1269 μήτε
1627 1233 1676 1268 τῆς
1686 1234 1740 1260 τῶν
1755 1233 1858 1264 σκελῶν

1065 1282 1190 1317 διαδοχῆς
1205 1281 1250 1308 ἐπὶ
1260 1281 1291 1307 τὸ
1299 1281 1392 1316 πρόσω
1414 1279 1585 1314 προαγούσης
1595 1279 1644 1315 τὴν
1656 1280 1774 1314 κίνησιν,
1788 1282 1858 1314 μήτε

1065 1327 1116 1362 τῆς
1140 1328 1194 1354 τῶν
1219 1326 1318 1362 χειρῶν
1333 1326 1483 1361 ὑπουργίας
1502 1324 1721 1361 χρησιμευούο-ης
1742 1324 1779 1360 τῷ
1796 1324 1856 1359 βίῳ.

1066 1372 1134 1399 Νυνὶ
1148 1373 1176 1399 δέ
1192 1371 1372 1407 μεταὸατικὺν
1387 1369 1455 1398 εἶναι
1469 1371 1515 1397 καὶ
1531 1370 1681 1405 πρακτικὸν
1696 1370 1725 1396 τὸ
1741 1369 1857 1405 ὄργανον

1065 1418 1162 1453 διὰτῆς
1173 1418 1293 1449 ἐπινοίας
1301 1417 1402 1452 ταύτης
1411 1417 1612 1452 ἐμηχανήσατο,
1624 1415 1661 1451 τῷ
1673 1415 1858 1451 προαιρετικῷ

1066 1463 1201 1498 πνεύματι
1214 1462 1252 1498 τῷ
1269 1463 1312 1490 διὰ
1329 1462 1382 1489 τῶν
1399 1461 1502 1497 νεύρων
1515 1462 1644 1496 διήκοντι,
1658 1460 1708 1495 τὴν
1723 1461 1790 1496 πρὸς
1808 1459 1858 1491 τὰς

1067 1509 1187 1545 κινήσεις
1201 1509 1289 1544 ὁρμήν
1315 1516 1345 1534 τε
1361 1508 1408 1534 καὶ
1422 1506 1534 1542 δύναμιν
1554 1506 1661 1533 ἐνθεῖσα
1682 1506 1721 1541 τῷ
1739 1505 1856 1540 σώματι.

1030 1539 1051 1569 c
1075 1539 1243 1590 Ἐντεῦθενη
1254 1539 1307 1580 τῶν
1326 1553 1424 1595 χειρῶν
1441 1539 1586 1588 ὑπουργία,
1603 1553 1619 1588 ἡ
1634 1539 1743 1587 ποικίλη
1759 1539 1790 1578 τε
1810 1551 1859 1587 καὶ

1069 1600 1264 1636 πολύστροφος,
1295 1600 1342 1626 καὶ
1371 1600 1438 1635 πρὸς
1462 1600 1551 1626 πᾶσαν
1569 1599 1691 1626 ἐπίνοιαν
1707 1598 1857 1633 ἐπιτηδεία.

1075 1647 1213 1674 Ἐντεῦθεν
1234 1647 1261 1673 αἱ
1286 1645 1332 1673 τοῦ
1348 1646 1459 1681 αὐχένος
1477 1645 1668 1682 περιστροφαὶ,
1682 1645 1729 1672 καὶ
1745 1644 1793 1679 τῆς
1810 1653 1858 1671 κε-

1069 1693 1155 1728 φαλῆς
1170 1693 1320 1724 ἐπικλίσεις
1336 1701 1365 1718 τε
1381 1693 1428 1719 καὶ
1441 1691 1609 1724 ἀνανεύει-εις,
1627 1693 1674 1718 καὶ
1692 1692 1708 1727 ἡ
1724 1691 1795 1717 κατὰ.
1807 1690 1856 1726 τὴν

1068 1739 1150 1773 γένην
1165 1737 1298 1773 ἐνέργεια,
1318 1737 1364 1764 καὶ
1389 1738 1405 1772 ἡ
1425 1737 1478 1764 τῶν
1502 1736 1642 1772 βλεφάρων
1657 1736 1782 1772 διαστολὴ
1801 1737 1858 1772 ἅμα

1069 1783 1181 1819 νεύματι
1199 1783 1339 1818 γινομένη,
1357 1783 1404 1810 καὶ
1426 1783 1478 1810 τῶν
1495 1783 1598 1810 λοιπῶν
1612 1783 1721 1819 ἄρθρων
1739 1783 1767 1809 αι
1782 1783 1858 1818 κινή-

1071 1838 1126 1861 σεις
1140 1830 1168 1855 ἐν
1187 1828 1294 1864 νεύροις
1323 1829 1372 1864 μέν
1388 1837 1458 1856 τισιν
1476 1829 1684 1865 ἀνασπωμένοις
1698 1828 1715 1864 ἢ
1730 1828 1856 1864 χαλωμέ-

1069 1883 1136 1908 νοις,
1151 1874 1276 1910 καθάπερ
1295 1875 1326 1900 ἐκ
1343 1874 1466 1910 μηχανῆς
1476 1883 1558 1906 τινος,
1580 1873 1764 1910 ἐνεργοῦνται.
1784 1874 1815 1899 Ἠ
1829 1874 1858 1900 δὲ

1070 1921 1114 1947 διὰ
1121 1920 1221 1947 τούτων
1236 1919 1370 1952 διεξιοῦσα
1382 1919 1495 1955 δύναμις
1508 1919 1718 1946 αὐτοκέλευστον
1731 1918 1785 1954 ἔχει
1798 1918 1859 1945 τινὰ

1069 1966 1118 2001 τὴν
1132 1965 1229 2001 ὁρμὴν,
1246 1964 1429 2000 προαιρετικῴ
1446 1964 1580 2000 πνεύματι
1594 1964 1663 1991 κατά
1679 1972 1738 1990 τινα
1753 1963 1858 1998 φύσεως

1069 2011 1224 2046 οἰκονομίαν
1240 2011 1267 2036 ὲν
1276 2011 1330 2043 τοῖς
1340 2010 1506 2037 καθέκαστον
1522 2009 1714 2046 ἐνεργουμένη.
1736 2009 1812 2040 Ῥὶζα
1829 2009 1859 2035 δὲ

1071 2057 1180 2083 πάντων
1198 2055 1344 2091 ἀπεδείχθη
1365 2056 1411 2082 καὶ
1435 2056 1506 2091 ἀρχὴ
1523 2057 1577 2083 τῶν
1595 2056 1665 2083 κατὰ
1677 2056 1710 2082 τὰ
1724 2055 1806 2090 νεῦρα
1818 2063 1859 2081 κι-

1070 2102 1184 2137 νήσεων,
1202 2102 1215 2127 ὁ
1231 2100 1276 2127 τὸν
1302 2100 1451 2136 ἐγκέφαλον
1476 2100 1609 2136 περιέχων
1623 2099 1759 2136 νευρώδης
1775 2100 1858 2135 ὑμήν.

1071 2146 1169 2174 Οὐκέτι
1187 2144 1232 2173 οὖν
1253 2145 1394 2181 ἡγούμεθα
1420 2146 1475 2172 δεῖν
1498 2146 1734 2181 πολυπραγμονεῖν
1752 2145 1816 2180 περί
1829 2153 1859 2172 τε

232 2188 386 2217 lndicatum
414 2190 530 2218 antehac
562 2194 613 2223 est,
642 2189 762 2217 radicem
802 2190 1017 2227 principiumque

1071 2192 1126 2219 τῶν
1143 2191 1265 2224 ζωτικῷν
1295 2191 1406 2226 μορίων,
1436 2191 1466 2217 τὸ
1488 2191 1606 2217 τοιοῦτόν
1630 2192 1712 2224 ἐστιν,
1728 2191 1756 2217 ἐν
1773 2189 1860 2225 τούτῳ

233 2239 355 2267 motuum
371 2235 399 2269 in
422 2236 524 2268 nervis,
544 2243 605 2263 esse
620 2235 647 2262 in
673 2235 830 2262 membrana
855 2237 901 2264 illa
918 2245 1018 2267 nervea

1071 2238 1225 2274 δειχθείσης
1243 2237 1294 2272 τῆς
1310 2237 1452 2272 κινητικῆς
1471 2237 1622 2272 ἐνεργείας.

234 2281 375 2319 cerebrum
387 2281 519 2318 amplexa.
532 2281 713 2314 Quamobrem
735 2282 843 2310 curiose
865 2283 899 2311 de
921 2286 1052 2314 membris
1070 2284 1194 2320 singulis,
1211 2291 1272 2318 qua:
1295 2282 1422 2310 facultate
1440 2288 1563 2309 movente
1576 2281 1688 2316 prredita
1701 2285 1764 2309 sunt
1793 2290 1858 2317 per-

234 2327 396 2362 quirendum
421 2336 476 2362 non
493 2331 620 2362 putamus
638 2336 647 2361 ξ
662 2328 781 2362 quando,
794 2329 865 2357 unde
883 2332 1008 2359 movendi
1020 2332 1135 2362 facultas
1152 2330 1352 2365 proﬁciscatur,
1368 2333 1410 2356 est
1431 2328 1662 2355 demonstratum.

272 2372 404 2404 Cauerum
417 2374 549 2410 maximas
557 2373 590 2400 ad
604 2374 685 2402 vitam
703 2375 911 2404 commoditates
927 2377 993 2405 oriri
1005 2386 1020 2405 a

235 2418 359 2449 cerebro,
375 2417 525 2446 clarissime
550 2419 723 2454 perspicitur,
739 2427 800 2447 eum
813 2421 877 2457 quid
897 2421 961 2449 huic
973 2423 1021 2451 ad-

234 2463 305 2491 versi
323 2463 432 2491 accidit.
446 2462 513 2490 Nam
526 2464 549 2492 si
563 2465 718 2493 membrana
729 2466 818 2501 ipsum
830 2467 953 2495 ambiens
965 2469 1020 2495 vul-

233 2513 345 2537 neretur
370 2513 417 2537 aut
440 2516 592 2545 rumpatur,
619 2512 748 2545 continuo
774 2520 849 2541 mors
880 2513 1018 2541 hominem

235 2560 362 2591 occupat,
376 2560 472 2584 natura
495 2564 529 2584 ne
541 2557 575 2584 ad
589 2562 755 2591 momentum
780 2559 891 2594 quidem
913 2560 1021 2587 valente

234 2601 371 2635 resistere,
391 2602 502 2637 perinde
515 2608 596 2639 atque
612 2603 789 2634 fundamento
806 2605 932 2642 subruta,
952 2605 1017 2634 aedi—

235 2645 428 2683 iicium‘totum
444 2648 476 2676 ad
495 2651 700 2678 succussionem
720 2651 805 2685 partis
822 2658 874 2677 una
893 2652 1019 2686 quassari

234 2700 347 2722 necesse
359 2698 411 2722 est.
428 2694 487 2728 Quo
507 2696 590 2731 igitur
612 2696 734 2723 membro
747 2695 844 2724 affecto
862 2697 961 2724 animal
978 2701 1019 2724 to-

235 2741 292 2767 tum
315 2739 418 2774 interit,
434 2741 462 2769 id
480 2742 632 2770 membrum
652 2742 713 2769 vitae
736 2749 846 2770 causam
882 2743 1019 2778 praecipue

236 2786 375 2814 continere
389 2786 533 2814 fateamur.
549 2787 616 2814 Cum
628 2794 693 2814 vero
706 2787 734 2814 in
752 2787 787 2815 iis
799 2788 844 2823 qui
862 2787 895 2816 de
906 2789 959 2816 vita
973 2789 1020 2816 mi-

237 2836 350 2867 grarunt
362 2837 388 2859 et
406 2833 542 2868 exstingui
565 2833 680 2860 calorem
708 2840 722 2859 ιι
737 2837 831 2861 natura
863 2835 976 2862 inditum
994 2839 1019 2862 ct

1109 2376 1207 2403 Ὅτιδέ
1222 2374 1347 2411 μέγιστόν
1361 2383 1386 2401 τι
1402 2374 1523 2401 συντελεῖ
1544 2374 1612 2410 πρὸς
1623 2374 1673 2409 τὴν
1685 2373 1756 2410 ζωὴν
1775 2373 1789 2399 ὁ
1813 2373 1859 2407 ἐγ-

1072 2422 1199 2456 κέφαλος,
1220 2421 1343 2456 ἐναργῶς
1364 2420 1393 2447 τὺ
1419 2420 1449 2452 ἐξ
1469 2421 1591 2447 ἐναντίου
1607 2420 1755 2455 συμϐαῖνον
1775 2419 1859 2454 δηλοῖ.

1071 2469 1103 2494 Εἰ
1118 2467 1172 2503 γάρ
1181 2475 1242 2494 τινα
1257 2466 1382 2502 τρῶσινῆ
1401 2466 1475 2502 ῥῆξιν
1490 2467 1504 2493 ὁ
1514 2467 1576 2502 περὶ
1589 2466 1670 2493 αὐτὸν
1684 2466 1755 2501 ὑμὴν
1768 2465 1858 2498 πάθοι,

1073 2512 1155 2544 εὐθὺς
1172 2511 1373 2547 ἐπηκολούθησε
1388 2511 1427 2546 τῷ
1450 2511 1530 2539 πάθει
1545 2512 1559 2538 ὁ
1576 2511 1700 2543 θάνατος,
1719 2510 1779 2536 οὺδέ
1794 2509 1859 2545 πρὸς

1072 2558 1102 2585 τὸ
1115 2558 1216 2594 ἀκαρὲς
1230 2558 1279 2592 τῆς
1286 2557 1392 2591 φύσεως
1402 2557 1578 2592 ἀντισχούσης
1591 2558 1623 2592 τῇ
1639 2556 1750 2593 τρώσει,
1767 2555 1859 2592 ὥσπερ

1073 2602 1197 2637 θεμελίου
1229 2602 1301 2633 τινὸς
1331 2602 1552 2633 ὐποσπασθέντος
1573 2601 1632 2628 ὅλον
1645 2601 1675 2628 τὸ
1692 2600 1860 2636 οἰκοδόμημα

1073 2649 1286 2685 συγκατεσείσθη
1312 2648 1351 2684 τῷ
1366 2649 1457 2684 μέρει·
1489 2645 1519 2676 οὗ
1541 2648 1630 2674 τοίνυν
1647 2647 1778 2679 παθόντος
1795 2646 1859 2680 πρό-

1072 2694 1151 2729 δηλός
1163 2695 1236 2721 ἐστιν
1246 2694 1316 2730 ὴτοῦ
1326 2694 1424 2726 παντὸς
1434 2693 1503 2726 ζὼου
1515 2693 1658 2729 διαφθορὰ,
1668 2694 1747 2722 τοῦτο
1759 2693 1859 2729 κυρίως

1072 2738 1105 2765 ἂν
1132 2741 1181 2775 τῆς
1205 2740 1277 2775 ζωῆς
1296 2740 1344 2776 τὴν
1360 2741 1449 2767 αἰτίαν
1473 2739 1544 2775 ἔχειν
1564 2739 1728 2775 ὁμολογοῖτο.
1751 2737 1859 2773 Ἐπειδὴ

1072 2785 1099 2812 δὲ
1116 2786 1161 2812 καὶ
1180 2786 1233 2813 τῶν
1249 2786 1432 2822 παυσαμένων
1446 2786 1491 2813 τοῦ
1503 2786 1553 2822 ζῇν
1569 2784 1800 2819 κατασϐεσθεεσης
1811 2784 1859 2818 τῆς

1073 2834 1234 2870 ἐγκειμένης
1249 2835 1280 2868 τῇ
1294 2833 1372 2868 φύσει
1389 2833 1563 2870 θερμότητος,
1580 2831 1608 2859 τὸ
1625 2831 1758 2870 νεκρωθὲν
1777 2839 1858 2871 κατα-
