1977 3071
111 130 166 159 245

732 134 776 161 DE
796 134 939 162 HOMINIS
959 133 1115 163 OPlFlCIO.

1692 132 1746 162 οιϐ

111 187 237 224 ψύχεται,
254 187 298 214 διὰ
326 186 403 215 τοῦτο
429 188 475 215 καὶ
492 189 521 216 ὲν
547 188 586 225 τῷ
603 189 697 225 θερμῷ
718 191 766 226 τὴν
783 191 901 227 ζωτικὴν

956 191 1192 227 quodemortuum
1209 195 1261 224 est,
1286 189 1415 226 occupari
1430 190 1563 226 afrigore
1589 189 1744 221 videamus.

113 233 203 260 αἰτίαν
211 234 425 269 κατενοήσαμεν.
442 231 479 261 Οὖ
496 234 550 271 γὰρ
566 236 765 268 ἐπιλελοιπότος
783 238 904 273 ὴνεκρό-

112 288 164 315 της
181 279 409 315 ἐπηκολούθησεν,
425 281 531 317 ἀνάγκη
550 283 624 309 πᾶσα
637 284 670 317 τῇ
690 283 825 320 παρουσίᾳ
838 284 901 310 τούκ

111 334 160 352 του
170 325 329 352 συνεστάναι
345 326 374 352 τὸ
383 326 450 358 ζῶον
461 327 656 362 ὁμολογεῖσθαι,
674 330 730 365 Τῆς
737 329 765 356 δὲ
776 331 904 365 τοιαύτης

112 370 252 406 δυνάμεως
268 368 323 397 οἷον
338 372 430 407 πηγήν
456 381 516 399 τινα
544 374 590 400 καὶ
612 374 699 410 ἀρχὴν
720 374 768 411 τὴν
789 376 903 412 καρδίαν

113 417 327 451 κατενοήσαμεν,
348 417 395 451 ἀφ’
421 414 454 453 ἧς
477 418 623 451 αὺλοειδεῖς
641 419 720 455 πόροι
737 421 903 456 πολυσχιδῶς

113 461 193 493 ἀλλος
222 461 251 493 ἐξ
276 461 356 488 ἄλλου
381 462 563 498 διαιρυόμενοι,
588 465 670 491 παντὶ
691 465 730 501 τῷ
748 466 854 502 σώματι
874 467 904 494 τὸ

114 505 239 540 πδρῶδες
260 507 306 533 καὶ
331 507 431 542 θερμὺν
459 508 593 543 διαχέουσι
624 510 743 546 πνεῦμα.
775 512 852 539 Ἐπεὶ
876 513 905 540 δὲ

114 550 223 581 πάντως
239 551 285 577 καὶ
296 551 398 586 τροφὴν
411 551 463 578 ἔδει
478 553 537 579 τινὰ
556 553 594 588 τῷ
608 553 703 590 θερμῷ
722 558 904 592 συμπαρεῖναι

115 595 192 631 παρά
207 597 257 630 τῆς
277 596 383 630 φύσεως
395 606 401 612 ’
417 598 447 624 οὐ
461 598 513 634 γὰρ
527 599 663 634 ἐνδέχεται
682 600 711 626 τὸ
723 601 776 635 πῦρ
791 602 832 635 ἐφ’
843 602 905 628 ἑαυ-

114 640 165 666 τοῦ
192 641 293 676 μένειν,
322 642 358 677 μὴ
390 642 434 668 διὰ
453 642 499 669 τοῦ
526 644 693 680 καταλλήλου
715 647 902 682 τρεφόμενον·

113 684 159 712 διὰ
174 686 252 712 τοῦτο
267 687 291 713 οἱ
308 687 354 713 τοῦ
378 688 494 722 αἵματος
509 689 609 724 ὀχετοὶ,
624 690 748 727 καθάπερ
761 692 793 718 ὲκ
813 693 905 729 πηγῆς

113 739 187 763 τινος
197 731 244 758 τοῦ
258 732 362 767 ἥπατος
387 734 590 770 ἀφορμηθέντες
612 735 650 770 τῷ
665 736 757 772 θερμῷ
769 738 905 773 πνεύματι

114 778 239 813 πανταχῆ
262 777 331 804 κατὰ
343 778 372 804 τὸ
390 779 469 813 σῶμα
484 780 746 816 συμπαροδεύουσιν,
762 783 799 814 ὡς
818 783 850 810 ἂν
868 783 905 820 μὴ

116 821 236 855 μονωθὲν
251 821 296 847 τυῦ
312 821 405 857 ἑτέρου
424 823 453 849 τὸ
467 823 571 859 ἕτερον,
592 825 736 864 διαφθείρῃ
747 827 795 863 τὴν
811 828 903 862 φύσιν,

956 236 1058 265 idcirco
1068 237 1149 264 etiam
1176 236 1204 264 in
1219 237 1311 265 calore
1329 244 1441 264 causam
1457 235 1603 272 quamdam
1636 235 1745 263 vivendi

955 281 1093 316 ponimus.
1107 280 1168 314 Quo
1186 281 1259 308 enim
1271 281 1373 309 amisso
1385 281 1540 309 mortalitas
1555 281 1745 315 consequitur,

955 326 982 354 id
997 326 1117 361 quandiu
1130 327 1210 354 nobis
1227 326 1362 362 integrum
1377 331 1430 360 est,
1447 326 1515 353 nihil
1526 326 1651 353 accidere
1665 333 1747 360 posse

954 372 1016 400 vitae
1029 372 1196 404 detrimenti,
1212 372 1369 400 necessario
1386 372 1536 407 colligitur.
1550 370 1640 406 Hujus
1655 371 1745 398 facul-

955 418 1021 447 tatis
1042 425 1090 445 cor
1119 422 1162 446 est
1175 418 1254 453 quasi
1279 417 1390 453 quidam
1414 417 1476 446 fons
1495 421 1522 445 et
1539 416 1715 452 principium,
1731 424 1746 444 a

955 470 1009 498 quo
1022 469 1127 491 meatus
1138 463 1189 490 orti
1204 463 1360 490 consimiles
1376 462 1463 496 tibiis,
1479 461 1667 496 multipliciter
1682 462 1745 489 aliis

956 507 1024 536 alios
1040 509 1265 543 propagantibus,
1283 516 1331 544 per
1353 515 1454 543 corpus
1469 508 1627 535 universum
1652 506 1747 542 igneos

955 553 1114 589 calidusque
1124 554 1236 588 spiritus
1247 553 1413 582 ditl'undunt.
1425 553 1550 588 Cumque
1561 552 1747 580 necessarium

955 598 1024 627 foret
1038 604 1067 627 ut
1081 606 1241 635 perpetuum
1254 600 1340 628 calori
1353 600 1511 627 alimentum
1523 598 1719 634 adjungeretur
1733 605 1748 625 a

955 649 1063 678 natura,
1080 645 1190 680 quando
1205 645 1275 680 ignis
1286 653 1334 680 per
1351 653 1380 673 se
1390 645 1490 672 durare
1506 644 1612 680 nequit,
1629 644 1652 671 si
1669 651 1684 670 a
1695 651 1748 670 nu-

955 692 1082 719 trimento
1097 692 1149 719 sibi
1161 692 1341 721 conveniente
1361 691 1538 723 destituatur,
1562 690 1748 719 ideirco.san—

955 736 1045 770 guinis
1055 736 1107 763 rivi
1122 735 1155 763 de
1167 736 1289 771 jecinore
1299 735 1377 771 quasi
1390 735 1465 763 fonte
1483 734 1602 770 quodam
1618 733 1745 770 profecti.

956 785 1012 809 toto
1036 789 1148 817 corpore
1171 782 1260 809 calido
1290 782 1400 817 spiritui
1425 781 1540 809 comites
1572 784 1648 812 sunt,
1664 787 1698 807 ne
1724 780 1746 808 si

957 827 1071 855 alterum
1085 828 1119 855 ab
1133 829 1218 856 altero
1233 828 1417 860 desereretur,
1440 826 1537 854 morbo
1552 829 1681 861 correpta
1697 833 1747 853 na-

115 866 200 897 πάθος
214 867 367 901 γενόμενον.
387 868 540 895 Παιδευὲτω
551 870 629 897 τοῦτο
642 872 706 902 τοὺς
719 862 903 906 ἀτακτοῦντας

957 877 1016 900 tura
1033 873 1168 901 interiret.
1182 874 1219 901 De
1235 881 1289 910 quo
1305 873 1422 908 injustos
1438 873 1570 901 homines
1578 876 1604 900 et
1629 873 1748 907 inaequa-

115 910 179 944 περὶ
201 910 231 936 τὺ
254 908 322 941 ἴσον,
342 911 513 946 διδαχθέντας
530 914 604 949 παρὰ
628 916 678 950 τῆς
698 916 815 950 φύσεως,
836 919 903 954 ὄτιή

115 953 254 1002 πλεονεξία
279 956 438 990 φθοροποιόν
458 967 484 984 τι
511 959 596 991 πάθος
620 960 705 988 ἐστίν.
725 962 794 989 Ἀλλ’
810 953 904 1002 ἐπειδῆ

117 1000 195 1035 μόνον
212 1002 359 1037 ἀπροσδεές
375 1003 432 1030 ἐστι
447 1003 477 1030 τὸ
486 1003 578 1038 θεῖον,
589 1006 606 1041 ἡ
619 1006 648 1033 δὲ
657 1007 814 1045 ἀνθρωπίνη
831 1000 904 1038 ’πτωζ

115 1047 176 1081 χεία
191 1047 244 1074 τῶν
259 1048 357 1080 ἔξωθεν
368 1050 436 1085 πρὸς
458 1050 506 1086 τὴν
524 1051 593 1079 ίδίαν
610 1054 738 1081 σύστασιν
754 1056 902 1092 ἐπιδέεται,

114 1090 157 1117 διὰ
173 1091 250 1119 τοῦτο
264 1094 324 1125 ταῖς
335 1094 408 1128 τρισὶ
423 1094 536 1126 ταύταις
550 1095 690 1131 δυνάμεσι,
704 1099 736 1125 δι’
751 1097 788 1126 ὧν
801 1090 904 1136 ἔῳαμεν

115 1135 188 1169 ᾅπαν
216 1138 414 1173 οἰκονομεῖσθαι
442 1139 472 1165 τὸ
501 1140 581 1175 σῶμα
598 1161 605 1172 ,
635 1143 781 1178 ἐπίρρυτον
806 1135 905 1178 ἔξωθεν

115 1182 255 1216 ἐπεισάγει
269 1183 317 1218 τὴν
327 1183 403 1219 ὓλην,
420 1184 557 1221 διαφόροις
570 1188 683 1219 εἰσόδοις
699 1189 728 1216 τὸ
740 1191 904 1227 κατάλληλον

114 1227 210 1259 αὑταῖς
227 1229 418 1261 είσοικίζουσα.
437 1231 476 1266 Τῇ
495 1231 543 1266 μὲν
562 1232 616 1268 γὰρ
630 1235 705 1270 πηγῇ
716 1235 761 1261 τοῦ
778 1236 902 1271 αἵματος,

114 1273 131 1307 ἦ
147 1282 188 1305 τις
211 1275 241 1300 τὸ
262 1273 339 1311 ἧπάρ
349 1277 416 1308 ἐστι,
433 1277 482 1312 τὴν
500 1277 545 1304 διὰ
569 1279 618 1313 τῆς
643 1281 748 1315 τροφῆς
773 1284 905 1318 χορηγίαν

115 1317 244 1354 ὑπέθηκε.
254 1320 290 1346 Τὸ
298 1321 350 1355 γὰρ
359 1321 569 1357 ἑπεισαγόμενον
582 1324 623 1350 ἀεὶ
631 1324 674 1352 διὰ
684 1326 792 1362 ταύτης,
858 1329 904 1355 τοῦ

114 1364 230 1400 αἵματος
240 1366 332 1401 πηγὰς
342 1366 433 1402 βρύειν
446 1367 489 1394 διὰ
497 1369 544 1395 τοῦ
565 1370 670 1404 ἥπατος
689 1373 904 1407 παρασκευάζει,

115 1409 240 1446 καθάπερ
257 1412 273 1447 ἡ
296 1412 342 1438 ἐπὶ
355 1413 401 1439 τοῦ
414 1414 494 1448 ὅρους
509 1414 575 1449 χιὼν
586 1416 629 1442 διὰ
644 1416 694 1451 τῆς
703 1418 803 1450 οἰκείας
822 1420 904 1455 ίκμά-

114 1455 159 1487 δος
168 1456 218 1488 τὰς
226 1458 295 1484 κατὰ
303 1458 350 1493 τὴν
360 1459 495 1494 ὑπώρειαν
504 1460 579 1493 αὔξει
587 1462 687 1497 πηγὰς,
699 1463 744 1490 διὰ
751 1464 797 1491 τοῦ
807 1464 906 1499 βάθους

115 1501 145 1526 τὸ
161 1502 260 1529 οἰκεῖον
285 1504 367 1539 ὑγρὸν
386 1505 431 1531 ἐπὶ
450 1505 498 1537 τὰς
512 1506 586 1533 κάτω
597 1507 699 1541 φλέϐας
717 1509 902 1539 συνθλίϐουσα.

147 1546 183 1572 Τὸ
207 1547 234 1573 δὲ
252 1547 395 1583 ἐγκάρδιον
417 1548 525 1585 πνεῦμα
553 1551 597 1578 διὰ
619 1551 666 1578 τοῦ
677 1552 797 1587 γείτονος
808 1553 904 1582 ἐπεισ-

113 1593 210 1626 άγεται
246 1594 401 1630 σπλάγχνου
433 1614 440 1627 ,
469 1594 484 1620 ὂ
519 1596 641 1623 καλεῖται
673 1597 722 1632 μὲν
765 1600 902 1636 πνεύμων,

115 1636 173 1685 sati
204 1636 231 1685 δὲ
260 1637 306 1685 τού
338 1638 419 1674 ἀέρος
444 1639 558 1674 δοχεῖον,
587 1641 632 1668 διὰ
668 1643 718 1678 τῆς
742 1644 904 1685 ἐγκειμένης

115 1682 248 1717 ἀρτηρίας
274 1683 325 1718 τῆς
353 1684 400 1711 ἐπὶ
423 1685 452 1711 τὸ
478 1686 564 1722 στόμα
581 1687 736 1725 διηκούσης,
756 1690 788 1716 τὸ
806 1682 904 1723 ἔξωθεν

116 1728 226 1763 πνεῦμα
244 1730 303 1761 ταῖς
331 1730 481 1763 ἀναπνοαῖς
510 1733 699 1768 ἐφελκόμενον.
721 1733 755 1770 ᾯ
779 1737 849 1764 κατά
875 1738 904 1764 τὸ

117 1773 200 1808 μέσον
215 1775 231 1810 ὴ
246 1776 343 1811 καρδία
359 1777 552 1814 ὲνειλημμένη,
573 1779 644 1806 κατά
662 1780 778 1816 μίμησιν
794 1782 841 1818 τῆς
856 1782 903 1809 τοῦ

115 1819 271 1856 ἁεικινήτου
294 1822 380 1856 πυρὸς
403 1824 552 1860 ἐνεργείας,
573 1825 750 1858 ἀδιαλείπτως
765 1829 811 1854 καὶ
835 1829 903 1865 αὑτὴ

117 1867 273 1901 κινουμένη,
282 1865 336 1894 οἷόν
346 1877 371 1895 τι
382 1869 458 1896 ποιοῦ
463 1878 503 1896 σιν
512 1871 540 1897 ὲν
553 1871 609 1902 τοῖς
619 1871 755 1906 χαλκείοις
767 1874 794 1900 αἰ
808 1874 902 1908 φύσαι,

116 1911 189 1938 ἕλκει
206 1921 236 1939 τε
256 1913 323 1949 πρὸς
338 1915 435 1949 ἑαυτὴν
453 1916 484 1941 ὲκ
499 1915 546 1942 τοῦ
562 1917 764 1952 παρακειμένου
783 1920 904 1955 πνεύμο-

116 1966 161 1989 νος
178 1958 319 1993 πληροῦσα
339 1962 371 1995 τῇ
402 1961 525 1998 διαστολῇ
551 1962 600 1994 τὰς
624 1963 793 2000 κοιλότητας,
816 1967 863 1993 κα)⁸
874 1967 904 1994 τὸ

117 2003 240 2038 πυρῶδες
255 2005 550 2042 ἑαυτῆςὲκριπίζουσα,
570 2010 630 2040 ταῖς
651 2010 796 2045 ἐχομέναις
824 2012 905 2049 ἀρτη-

118 2048 191 2084 ρίαις
215 2052 321 2085 ἐμπνεῖ.
345 2052 400 2078 Καὶ
418 2053 496 2080 τοῦτο
525 2053 639 2081 ποιοῦσα
664 2055 693 2081 οὐ
710 2055 853 2090 διαλείπει,
874 2059 904 2085 τδ

117 2095 168 2129 μὲν
180 2094 278 2130 ἔξωθεν
287 2097 330 2123 διὰ
351 2098 400 2133 ’τῆς
416 2098 559 2134 διαστολῆς
576 2100 615 2132 εἰς
629 2100 678 2132 τὰς
695 2101 762 2134 ιδίας
778 2103 903 2140 κοιλότη-

115 2148 164 2172 τας
178 2141 303 2175 ἕλκουσα,
321 2142 350 2170 τὸ
366 2143 393 2170 δὲ
406 2144 470 2178 παρ’
484 2145 583 2180 ἑαυτῆς
598 2145 642 2172 διὰ
655 2146 704 2182 τῆς
717 2148 904 2183 συμπτώσεως

115 2187 176 2218 ταῖς
197 2188 342 2224 ἀρτηρίαις
365 2190 547 2225 είσκρίνουσα.
565 2191 599 2218 ’Ὀ
627 2200 672 2227 μοι
687 2192 761 2220 δοκεῖ
783 2195 830 2221 καὶ
853 2196 902 2231 τῆς

116 2232 272 2273 αὐτομάτου
293 2233 396 2269 ταύτης
418 2235 554 2270 ἀναπνοῆς
576 2235 661 2262 αῐτιον
681 2237 747 2272 ἡμῖν
769 2238 901 2273 γίνεσθαι.

116 2276 249 2310 Πολλάκις
263 2278 317 2314 γὰρ
332 2280 346 2306 ό
366 2280 415 2315 μὲν
425 2280 615 2315 νοῦςνᾶσχολός
631 2282 688 2308 ἐστι
706 2283 775 2318 πρὸς
793 2284 903 2320 ἐτέρους

115 2323 132 2358 ἢ
149 2324 196 2350 καὶ
216 2325 389 2352 παντάπασιν
406 2327 516 2362 ἠρεμεῖ,
531 2326 656 2359 λυθέντος
669 2329 697 2355 ὲν
710 2327 748 2363 τῷ
764 2329 839 2366 ὕπνῳ
854 2331 902 2358 τοῦ

117 2367 251 2404 σώματος,
263 2372 279 2405 ἡ
291 2371 319 2397 δὲ
336 2372 457 2407 ἀναπνοὴ
479 2372 527 2398 τοῦ
548 2373 628 2408 ἀέρος
641 2373 672 2399 οὺ
683 2373 827 2409 διαλείπει,
841 2377 902 2412 μηδ’

115 2414 205 2442 ὁτιοῦν
221 2416 405 2452 συνεργούσης
417 2418 456 2449 εἰς
466 2417 545 2444 τοῦτο
557 2418 607 2453 τῆς
617 2421 813 2455 προαιρέσεως.

953 917 1056 946 litatem
1098 919 1301 946 committentes
1323 919 1376 946 hoc
1411 926 1510 954 capere
1550 917 1746 946 admonitionis

953 968 1071 998 oportet.
1092 968 1121 991 ut
1145 972 1161 992 a
1186 968 1283 992 natura
1312 964 1419 991 discant
1453 963 1596 991 avaritiam
1620 963 1745 990 morbum

953 1016 1024 1041 esse,
1039 1010 1085 1044 qui
1101 1009 1164 1038 aliis
1179 1009 1317 1037 interitum
1329 1009 1432 1037 aﬁcrat.
1451 1009 1504 1037 Sed
1526 1009 1675 1049 enim‘sola
1696 1008 1746 1036 Bei

954 1059 1050 1081 natura
1073 1063 1135 1082 cum
1161 1055 1234 1082 nulla
1248 1063 1277 1082 re
1290 1055 1421 1090 indigeat,
1436 1055 1574 1083 hominum
1593 1054 1685 1090 inopia
1701 1062 1746 1082 res

954 1105 1082 1128 externas
1110 1101 1143 1128 ad
1171 1109 1200 1128 se
1221 1101 1430 1129 sustentandum
1455 1101 1611 1128 necessario
1639 1099 1747 1128 deside-

955 1150 1033 1173 rante
1056 1155 1062 1172 :
1081 1145 1185 1173 idcimo
1201 1146 1290 1173 tribus
1310 1146 1386 1173 hisce
1409 1145 1587 1174 facultatibus
1605 1146 1694 1174 locum
1718 1146 1746 1176 in

955 1192 1132 1226 gubernando
1145 1199 1261 1227 corpore
1277 1192 1428 1227 principem
1437 1192 1632 1225 obtinentibus,
1647 1191 1747 1227 extrin-

955 1244 1035 1264 secus
1061 1238 1190 1265 materies
1204 1237 1408 1265 accommodata
1427 1237 1540 1272 singulis
1564 1245 1613 1273 per
1623 1237 1746 1264 diversos

955 1283 1045 1310 aditus
1069 1284 1228 1312 arcessitur.
1256 1283 1323 1310 Nam
1350 1283 1479 1317 jecinori,
1506 1284 1578 1319 quod
1604 1283 1745 1318 sanguinis

956 1337 1017 1357 esse
1045 1328 1146 1356 fontem
1167 1330 1300 1359 diximus.
1314 1330 1435 1357 alimenti
1451 1332 1493 1357 est
1515 1329 1643 1356 mandata
1660 1328 1747 1355 admi-

955 1375 1095 1402 nistratio.
1114 1375 1192 1408 Quod
1218 1376 1290 1412 enim
1318 1375 1457 1402 nulriendi
1479 1375 1566 1403 nostri
1584 1382 1666 1402 causa
1683 1383 1745 1409 per-

955 1423 1036 1454 petuo
1054 1421 1196 1455 ingeritur,
1211 1421 1344 1456 jecinoris
1362 1421 1520 1455 adjumento
1538 1420 1613 1454 facit,
1632 1425 1661 1448 ut
1679 1429 1746 1449 con-

955 1466 1032 1493 tinuo
1047 1467 1187 1502 sanguinis
1211 1468 1262 1494 rivi
1290 1467 1385 1494 ﬂuant.
1402 1467 1638 1500 Quemadmodum
1656 1467 1744 1494 nivem

918 1528 939 1558 ο
956 1516 1113 1539 montanam
1144 1512 1267 1540 videmus
1295 1513 1407 1540 humore
1430 1520 1480 1540 suo
1495 1513 1634 1549 subjectos
1658 1512 1745 1540 fontes

954 1565 1064 1592 augere,
1091 1562 1249 1594 penetrante
1270 1559 1316 1587 illo
1342 1559 1471 1587 deorsum
1497 1559 1530 1586 ad
1560 1559 1634 1593 ipsas
1660 1566 1746 1594 usque

954 1601 1073 1629 fontium
1089 1611 1181 1630 venas.

990 1647 1091 1675 Deinde
1106 1656 1152 1675 aer
1168 1648 1249 1676 etiam
1267 1648 1342 1676 cordi
1357 1649 1438 1677 vicini
1453 1649 1566 1678 visceris
1582 1657 1633 1685 ope
1648 1656 1746 1684 sugge-

954 1693 1037 1726 ritur;
1053 1694 1077 1721 ei
1094 1702 1193 1722 nomen
1211 1698 1253 1723 est
1265 1696 1358 1730 pulmo
1375 1705 1380 1722 :
1407 1697 1558 1724 membrum
1574 1696 1662 1731 ipsum
1674 1696 1746 1724 aeris

954 1743 997 1767 est
1012 1741 1224 1775 receptaculum,
1236 1742 1309 1776 quod
1325 1749 1372 1776 per
1387 1743 1517 1770 insertam
1532 1742 1585 1770 sibi
1603 1742 1743 1773 arteriam.

955 1785 988 1812 ad
1005 1793 1036 1813 os
1056 1786 1246 1821 pertinentem,
1275 1787 1401 1821 spiritum
1428 1790 1571 1814 externum
1588 1793 1637 1821 per
1657 1786 1745 1820 respi~

954 1832 1072 1860 rationes
1092 1833 1236 1860 continuas
1255 1833 1353 1866 liaurit.
1384 1832 1471 1868 llujus
1502 1833 1530 1860 in
1550 1835 1627 1867 parte
1657 1831 1745 1859 media

954 1885 1002 1904 cor
1014 1879 1178 1912 continetur,
1195 1878 1267 1913 quod
1292 1879 1381 1914 ipsum
1403 1886 1511 1914 quoque
1527 1879 1586 1907 sine
1603 1877 1745 1905 intermis-

955 1922 1033 1950 sione
1047 1927 1184 1956 movetur,
1202 1923 1285 1959 inque
1297 1924 1348 1951 hoc
1372 1924 1442 1960 ignis
1459 1931 1597 1959 nunquam
1615 1930 1670 1950 non
1686 1929 1745 1950 mo-

954 1969 1018 1997 bilis
1034 1974 1159 1997 naturam
1186 1971 1318 1998 imitatur.
1336 1970 1403 1997 Nam
1419 1971 1506 1998 instar
1520 1971 1623 1998 tollium
1643 1970 1743 2006 quibus

955 2016 984 2043 in
999 2015 1114 2044 olIicinis
1128 2017 1186 2044 suis
1201 2021 1315 2045 utuntur
1334 2016 1415 2049 fabri,
1433 2024 1541 2052 semper
1555 2024 1645 2044 aerem
1659 2020 1744 2044 attra-

956 2061 995 2088 hit
1013 2069 1029 2089 e
1056 2062 1148 2090 vicino
1172 2064 1310 2098 pulmone,
1336 2068 1482 2098 partesque
1508 2070 1651 2090 concavas
1661 2061 1743 2089 didu-

954 2108 1044 2136 ctione
1074 2110 1170 2144 replet,
1189 2117 1221 2136 ac
1234 2109 1307 2144 quod
1335 2110 1443 2145 igneum
1469 2113 1511 2136 est
1531 2109 1558 2136 in
1577 2109 1636 2144 ipso
1660 2107 1741 2140 eﬂlat,

955 2153 1037 2189 inque
1049 2154 1194 2190 adiunctas
1217 2156 1332 2183 arterias
1347 2156 1479 2183 excernit.
1495 2154 1552 2182 Hoc
1581 2154 1648 2181 adeo
1668 2162 1741 2181 nun-

918 2208 940 2236 ι)
954 2207 1035 2234 quam
1052 2208 1107 2233 non
1132 2201 1196 2235 agit,
1215 2201 1286 2229 aliud
1305 2200 1477 2228 extrinsecus
1494 2207 1542 2235 per
1558 2199 1743 2226 diductionem

957 2243 999 2271 sui
1012 2245 1136 2279 proprias
1149 2245 1176 2271 in
1190 2244 1336 2280 capedines
1347 2244 1521 2277 attrahendo,
1535 2243 1609 2270 aliud
1622 2251 1637 2270 a
1651 2251 1680 2271 se
1695 2251 1744 2278 per

956 2290 1189 2324 compressionem
1220 2290 1245 2317 in
1273 2290 1388 2318 arterias
1414 2289 1596 2318 excernendo.
1625 2288 1656 2316 in
1689 2297 1743 2324 quo

955 2334 1019 2361 milii
1036 2335 1145 2370 quidem
1160 2335 1350 2372 respirationis
1369 2336 1450 2363 etiam
1467 2336 1604 2363 continuas
1618 2334 1646 2362 in
1663 2334 1743 2362 nobis

955 2388 1017 2408 esse
1038 2382 1126 2416 posita
1154 2390 1237 2410 causa
1262 2383 1378 2410 videtur.
1407 2381 1474 2408 Nam
1509 2388 1587 2409 mens
1613 2388 1684 2415 saepe
1697 2379 1745 2407 dat

956 2427 1018 2455 aliis
1047 2428 1125 2463 quasi
1154 2436 1276 2464 operam,
1304 2429 1346 2456 vel
1368 2435 1481 2464 prorsus
1502 2428 1584 2455 etiam
1614 2426 1742 2462 quiescit,

115 2467 213 2487 somno
239 2468 340 2496 corpus
351 2465 512 2497 occupante,
539 2464 730 2494 cumminime
744 2466 889 2501 respiratio

956 2472 1106 2505 :rmittitur,
1123 2473 1230 2501 etiamsi
1251 2481 1302 2501 nos
1328 2474 1398 2501 hanc
1429 2473 1504 2501 nullo
1529 2476 1609 2508 pacto
1638 2471 1744 2499 ellicerc

115 2505 328 2533 decreverimus.

152 2549 235 2586 οἶμαι
255 2552 321 2588 γὰρ,
342 2551 436 2588 ἐπειδὴ
460 2554 650 2590 περιείληπται
677 2554 717 2590 τῷ
736 2556 866 2591 πνεύμονι
885 2559 902 2594 ὴ

115 2597 225 2632 καρδία,
245 2599 292 2625 καὶ
307 2599 500 2634 προσπέφυκεν
528 2601 603 2637 αὐτῷ
632 2603 703 2630 κατὰ
728 2604 757 2630 τὸ
780 2605 904 2633 ὀπίσθιον

115 2644 214 2680 ἑαυτῆς
226 2644 317 2681 μέρος,
329 2647 389 2677 ταῖς
407 2646 486 2678 ἰδίαις
498 2647 650 2680 διαστολαῖς
664 2650 711 2676 καὶ
726 2650 903 2686 συμπτώσεσι

116 2691 282 2725 συγκινοῦσα
307 2692 338 2718 τὸ
367 2693 530 2728 σπλάγχνον,
551 2695 600 2730 τὴν
612 2695 658 2722 τοῦ
680 2696 758 2732 ἀέρος
778 2696 860 2733 ὁλκήν
873 2706 902 2724 τε

115 2738 162 2764 καὶ
187 2737 308 2773 ὲμπνοὴν
334 2738 540 2773 ὲκμηχανᾶσθαι
562 2741 601 2776 τῷ
632 2741 772 2777 πνεύμονι.
796 2743 903 2779 Ἀραιὸς

114 2783 169 2818 γάρ
197 2791 239 2814 τις
262 2783 298 2810 ὣν
315 2783 361 2810 καὶ
377 2784 540 2820 πολύπορος,
552 2787 597 2813 καὶ
619 2787 708 2818 πάσας
719 2787 768 2819 τὰς
782 2789 810 2814 ἐν
828 2789 902 2824 αὐτῷ

116 2828 274 2863 κοιλότητας
282 2829 348 2865 πρὸς
361 2829 404 2856 τὸν
417 2830 540 2865 πυθμένα
547 2831 596 2867 τῆς
606 2832 739 2868 ἀρτηρίας
748 2835 793 2861 sive
799 2843 902 2870 στομίο-

987 2559 1043 2595 Ego
1068 2561 1108 2588 sic
1129 2561 1258 2595 arbitror,
1282 2570 1330 2590 cor
1344 2562 1445 2598 ipsum,
1463 2563 1535 2599 quod
1558 2564 1651 2599 pulmo
1668 2571 1743 2592 com-

952 2605 1079 2640 plectitur
1094 2614 1230 2634 annexum
1239 2607 1291 2637 sibi
1306 2609 1456 2643 posteriore
1471 2609 1513 2636 sui
1529 2613 1615 2644 parte,
1632 2610 1740 2644 quoties

952 2652 1112 2686 explicatur,
1136 2654 1177 2681 vel
1207 2653 1329 2682 vicissim
1361 2654 1561 2689 comprimitur,
1582 2662 1635 2682 una
1646 2662 1740 2682 secum

953 2699 1107 2732 pulmonem
1123 2707 1242 2732 movere,
1259 2703 1341 2734 atque
1363 2700 1414 2727 hoc
1431 2704 1511 2735 pacto
1530 2700 1645 2733 eﬂicere,
1671 2705 1701 2728 ut
1717 2700 1740 2728 is

956 2751 1044 2771 aerem
1071 2745 1205 2777 attrahat,
1226 2745 1408 2780 continuoque
1431 2745 1556 2780 spiritum
1583 2745 1675 2772 ducat.
1691 2744 1741 2772 Est

956 2789 1027 2817 enim
1041 2790 1093 2817 hoc
1111 2791 1202 2818 viscus
1216 2798 1318 2823 rarum,
1336 2795 1362 2818 et
1377 2794 1483 2818 meatus
1497 2790 1661 2825 multiplices
1688 2790 1739 2817 lia-

955 2835 1009 2867 bct,
1029 2835 1142 2872 ejusque
1157 2836 1301 2872 capedincs
1326 2843 1420 2863 omnes
1447 2836 1524 2870 quasi
1547 2835 1667 2872 qumdam
1690 2844 1739 2872 per
