1977 3071
396 122 407 129 ν.
431 128 435 130 .

233 118 286 149 247

232 224 346 256 arctius,
357 223 495 258 spiritum,
511 224 556 258 qui
573 225 719 258 superatin
737 223 823 260 ipsius
831 225 1022 261 eapcdinibus,

231 269 411 304 exprimendo
428 271 506 305 quasi
521 271 618 298 emittit
629 278 660 302 ;c
686 272 827 298 contrario
838 272 860 299 si
877 272 984 299 laxetur
997 276 1024 300 et

232 316 382 349 aperiatur,
399 316 438 347 tit,
455 316 493 343 uti
506 321 597 351 partes
614 317 702 352 ipsius
717 325 820 348 vacuae.
839 325 854 344 a
865 325 894 345 se
908 318 1023 346 invicem

233 361 359 389 distentae
375 365 490 389 attracto
505 370 567 391 aere
586 363 785 397 compleantur.
803 363 864 390 llaec
880 369 919 391 est
938 364 1024 399 respi-

235 408 350 435 rationis
365 415 380 434 a
396 408 472 435 nullo
486 409 628 443 pendentis
642 409 808 436 velconsilio
826 410 866 436 vel
885 409 1025 436 voluntate

233 457 338 485 nostra,
359 460 452 484 causa,
469 454 598 480 nimirum
619 455 691 489 quod
706 456 812 489 igneam
840 458 964 481 naturam
983 454 1026 481 fas

233 506 287 526 non
298 504 339 526 est
355 499 507 534 quiescere.
523 499 598 532 Quod
614 507 676 526 eum
690 500 725 527 ita
739 500 785 532 sit,
803 500 957 534 calorisque
968 499 1024 535 jam

234 547 296 570 ante
312 543 442 578 originem
459 544 485 571 in
502 545 585 570 corde
596 544 728 572 exsistere
740 545 969 580 perspexerimus.
985 545 1026 572 id-

233 589 307 615 circo
323 582 472 624 perpetuus
488 591 539 616 hoc
565 590 591 616 in
607 591 729 618 membro
743 596 841 619 motus.
868 597 1025 626 perpetuam

235 635 316 662 simul
340 635 366 661 in
396 636 524 670 pulmone
550 638 758 672 respirationem
781 637 874 664 eilicit.
908 637 972 664 liam
992 637 1027 664 ob

233 688 345 708 causam
363 680 414 708 hoc
431 682 513 709 etiam
531 684 668 717 usuvenit,
687 687 715 710 ut
729 691 791 710 cum
818 684 942 711 intonsus
960 691 1027 720 pne-

235 731 276 753 ter
292 732 417 754 naturam
434 729 508 756 calor
531 731 649 758 accrevit
665 730 746 765 (quod
764 731 791 758 in
815 731 848 758 iis
877 730 924 766 qui
953 725 1028 758 febre

234 772 368 805 laborant,
388 774 534 809 videmus),
551 776 689 803 anhelatio
706 785 815 812 quoque
841 774 965 804 el'ebrior
980 777 1027 808 sit,

235 818 318 846 corde
345 819 424 854 quasi
461 819 608 848 festinante
637 822 774 849 internum
800 826 896 849 aestum
923 821 1024 849 recenti

235 871 298 892 aere
323 867 508 901 exstinguere.
534 867 680 895 Enimvero
715 873 813 896 natura
843 874 937 896 nostra
963 876 1025 895 cum

235 911 357 938 omnium
372 919 456 946 egena
482 913 528 946 sit,
544 917 570 940 et
585 914 619 941 ab
633 914 666 941 iis
692 915 784 947 rebus,
799 922 859 949 quae
884 922 928 942 res
944 915 1025 941 vitam

236 958 385 991 continent,
399 959 478 993 plane
495 967 548 986 non
563 961 709 992 instructa,
729 969 782 988 non
800 969 862 988 aera
879 962 959 988 modo
973 961 1028 996 spi-

236 1003 376 1038 ritumque
402 1004 506 1031 nnllum
547 1007 686 1040 proprium
713 1006 804 1039 habet,
830 1007 877 1041 qui
909 1006 1027 1034 calorem

237 1050 348 1081 excitet,
362 1051 553 1085 quandohune
564 1053 734 1079 extrinsecus
750 1052 781 1079 ad
794 1053 1027 1080 conservationem

237 1091 325 1124 nostri
338 1105 445 1133 semper
464 1090 624 1126 hauriamus
637 1103 753 1134 oportet,
772 1108 864 1126 verum
880 1100 960 1126 etiam
979 1108 1027 1126 nu-

236 1136 589 1183 trimentum‘sustinendze
622 1147 746 1181 corporis
764 1147 827 1173 moli
846 1146 954 1182 aliunde
982 1154 1029 1173 ne-

236 1199 315 1220 cesse
343 1192 422 1220 habet
443 1199 593 1220 arcessere.
625 1193 770 1228 Propterea
798 1201 914 1228 vacuum
929 1200 1029 1227 corpus

236 1239 359 1276 vicissim
377 1244 440 1274 potu
458 1239 573 1273 ciboque
600 1239 695 1273 replet,
711 1247 829 1273 cumque
849 1238 881 1265 ad
897 1245 975 1266 usum
989 1238 1029 1278 in-

237 1284 294 1318 dita
322 1284 402 1311 nobis
429 1289 471 1311 est
497 1283 615 1311 facultas
632 1285 772 1312 attrahens
801 1284 827 1311 id
855 1284 928 1319 quod
953 1283 1028 1315 deﬁt,

238 1333 366 1368 quodque
378 1336 490 1368 superat
509 1333 660 1368 expellens,
675 1332 765 1359 cordis
779 1332 870 1359 calore
885 1331 934 1358 hac
947 1332 1029 1358 etiam

239 1376 266 1406 in
285 1383 361 1413 parte
375 1384 499 1406 naturam
519 1386 573 1405 non
589 1386 684 1413 parum
706 1378 862 1413 adjuvante.
880 1377 946 1404 Nam
967 1385 1028 1404 cum

239 1425 311 1452 inter
327 1423 447 1451 membra
458 1423 551 1450 vitalia
567 1430 623 1455 cor,
639 1427 668 1450 ut
681 1426 723 1450 est
752 1423 900 1450 indicatum
912 1442 918 1454 ,
936 1423 1030 1457 pra-ci-

239 1477 323 1505 puum
335 1470 371 1497 sit
384 1475 411 1497 et
423 1470 566 1502 eximium,
586 1470 686 1505 quippe
699 1470 773 1505 quod
783 1470 903 1497 membra
922 1470 1029 1505 singula

240 1510 386 1551 spirituum
401 1510 493 1543 calore
515 1515 597 1549 fovet,
620 1516 722 1543 idcirco
747 1516 835 1543 nostri
859 1516 960 1551 opificii
980 1523 1030 1543 au-

240 1567 301 1590 ctor
312 1563 378 1590 illud
395 1570 442 1597 per
471 1562 562 1589 omnia
590 1562 683 1589 eﬂicax
701 1569 763 1590 esse
792 1562 921 1589 facultate
936 1567 1031 1597 vegeta

242 1609 339 1648 voluit.
360 1616 393 1636 ne
407 1616 470 1643 pars
486 1609 574 1643 ipsius
590 1609 644 1638 ulla
661 1608 729 1636 foret
745 1609 845 1648 otiosa,
861 1609 902 1636 vel
917 1609 984 1636 nihil
999 1609 1033 1637 ad

239 1646 366 1689 corporis
376 1654 496 1682 universi
511 1654 656 1682 utilitatem
670 1655 900 1682 subministraret.
914 1654 1034 1690 Eamque

239 1700 276 1727 ob
290 1707 346 1726 rem
363 1699 518 1735 pulmonem
535 1700 687 1735 posteriore
704 1700 746 1728 sui
761 1704 837 1738 parte
860 1702 1033 1736 contingens,

240 1743 371 1780 perpetuo
395 1745 486 1773 viscus
514 1746 565 1773 hoc
594 1751 669 1774 motu
696 1747 817 1786 attrahit,
851 1755 882 1774 ac
911 1747 1033 1782 vicissim

240 1797 347 1819 meatus
371 1799 467 1820 omnes
494 1792 577 1826 hujus
601 1793 642 1820 vel
663 1786 762 1821 hausto
784 1801 846 1821 aere
861 1794 967 1826 dilatat,
992 1794 1034 1822 vel

239 1839 405 1867 remittendo
429 1830 604 1874 quod‘antea
636 1845 777 1876 receperat
798 1840 918 1874 expellit.
953 1839 1035 1873 Parte

241 1887 333 1911 autem
349 1884 488 1911 anteriore
502 1884 656 1925 stomacho,
669 1892 727 1925 qua,
737 1884 760 1912 is
770 1884 891 1919 assurgit
906 1884 1033 1917 maxime,

242 1932 394 1961 cohaerens,
412 1935 438 1958 et
455 1931 528 1958 fovet
549 1931 633 1962 hunc,
650 1935 677 1959 et
693 1931 810 1969 habilem
827 1932 861 1958 ad
878 1931 1035 1963 eﬁectiones

242 1984 308 2004 snas
325 1977 412 2004 reddit
432 1987 437 2003 :
464 1985 518 2004 non
541 1985 596 2012 quo
620 1977 747 2012 spiritum
773 1977 819 2004 ille
838 1977 968 2009 attrahat,
988 1977 1036 2015 sed

243 2024 439 2052 nuzrimentum
459 2024 583 2058 corporis
615 2023 738 2058 recipiat.
763 2023 830 2051 Nam
846 2023 942 2060 vicina:
957 2023 1034 2060 quasi

245 2071 320 2099 fores
350 2074 425 2102 sunt,
444 2078 492 2105 per
517 2078 585 2105 quas
600 2074 627 2097 et
655 2070 768 2106 spiritus
790 2073 817 2096 et
835 2066 1038 2105 nutrimentum

243 2117 364 2145 hominis
379 2124 478 2152 corpus
505 2116 704 2151 ingrediuntur.
718 2114 869 2150 Utrumque
883 2115 1035 2148 membrum

244 2164 279 2191 ab
296 2164 351 2190 izno
364 2163 541 2198 conjunctum
554 2163 643 2195 alteri,
662 2161 811 2189 secundum
836 2160 1033 2195 longitudinem

244 2199 354 2237 sursum
373 2208 460 2237 tendit
479 2219 485 2236 :
513 2213 646 2244 parteque
670 2215 796 2241 suprema
814 2206 856 2234 sui
881 2214 977 2234 rursus
992 2214 1035 2234 eo-

244 2254 305 2281 dem
324 2255 384 2282 loco
397 2254 437 2281 sic
451 2257 664 2285 connectuntur,
675 2253 790 2280 utetiam
804 2252 924 2287 ipsorum
940 2252 1034 2279 oscula

244 2300 419 2332 conveniant,
439 2299 630 2328 desinentibus
659 2299 686 2326 in
704 2306 751 2325 ore
773 2303 869 2326 nostro
893 2299 1034 2326 amborum

243 2345 489 2383 veluticanalibus,
506 2352 625 2383 quorum
643 2344 712 2371 alter
727 2344 886 2371 alimentum
899 2345 1034 2380 corporis,

245 2391 312 2418 alter
325 2391 450 2426 spiritum
467 2390 633 2417 intromittit.
648 2391 702 2417 lina
717 2390 825 2425 quidem
840 2390 867 2417 in
884 2394 959 2426 parte
973 2395 1035 2418 tan-

244 2436 305 2463 dem
316 2436 374 2464 h:ec
387 2440 525 2463 meatuum
538 2435 876 2475 conjunctiodissolvitur.
891 2437 945 2464 Cor
960 2437 1033 2464 enim

244 2483 305 2510 loco
324 2483 394 2509 inter
410 2481 591 2509 ventriculum
619 2482 831 2517 puimonemque
850 2483 941 2510 medio
965 2483 1033 2510 insi-

245 2527 322 2558 dens,
338 2527 403 2554 huic
422 2527 531 2562 quidem
546 2528 710 2562 respirandi,
727 2528 765 2560 illi
790 2535 855 2566 vero
873 2528 1033 2556 nutrimenti

245 2573 408 2601 conficiendi
426 2573 583 2601 facultatem
603 2573 729 2608 largitur.
753 2573 818 2600 Nam
836 2574 944 2609 igneum
962 2574 1034 2608 quod

245 2624 298 2653 est,
316 2620 356 2647 sic
372 2627 387 2646 ο
416 2624 514 2646 natura
538 2623 581 2646 est
608 2623 807 2656 comparatum,
838 2624 867 2646 ut
894 2620 1035 2647 materiem

245 2666 324 2701 quasi
342 2664 493 2693 fomentum
509 2669 612 2700 quaerat
631 2675 637 2692 :
655 2657 683 2692 id
694 2665 766 2700 quod
784 2665 865 2703 etiam
881 2665 934 2692 cibi
959 2673 1036 2692 recc-

245 2705 355 2747 ptaculo
374 2714 517 2741 usuveniat
536 2720 647 2740 necesse
663 2717 715 2739 est.
728 2712 836 2745 Quanto
863 2712 934 2739 enim
950 2713 1036 2748 magis

245 2757 281 2784 ob
295 2757 396 2786 cnim-is
419 2759 585 2785 vicinitatem
608 2757 734 2791 ignescit.
759 2761 836 2784 tanto
859 2757 965 2795 avidius
1003 2765 1034 2785 ea

249 2809 309 2837 quae
327 2803 411 2830 calori
437 2803 583 2830 nutriendo
600 2806 674 2832 sunt.
704 2801 826 2833 attrahit,
856 2808 950 2836 estque
972 2803 1035 2830 huic

225 2875 227 2877 .
250 2845 355 2875 natura:
370 2848 512 2882 cupiditati
529 2855 625 2875 nomen
646 2846 759 2873 inditum
777 2847 922 2882 appetitus.

1042 852 1064 879 B

1044 1525 1068 1555 Β

1051 2192 1074 2222 D

983 2915 999 2930 Ι

861 121 891 149 S.
913 121 1079 150 GREGORII
1098 121 1246 162 NYSSENl

232 177 324 205 oscula
344 176 370 204 in
383 178 488 205 arterize
498 176 609 205 fundum
623 183 731 206 exeunt.
749 179 842 216 itaque
853 187 1027 215 compressus

1083 180 1164 215 μένας
1178 181 1256 217 ἔχων,
1285 184 1496 219 συστελλόμενος
1517 186 1567 222 μὲν
1590 187 1638 214 καί⁸
1653 189 1824 224 συμπίπτων
1845 191 1883 219 τὸ

1815 133 1880 163 2Ζ3

1075 227 1270 263 ἑναπολειφθὲν
1299 231 1356 262 τοῖς
1387 232 1488 264 κοίλοις
1516 233 1627 270 πνεῦμα
1653 236 1714 262 κατ’
1744 236 1881 274 ἀνάγκην

1075 273 1209 305 ἐκπιέζων
1223 276 1359 310 προΐεται.
1381 277 1547 314 ’Υποχωρῶν
1569 280 1597 307 δὲ
1616 282 1664 308 καὶ
1679 282 1878 318 ἀνοιγόμενος,

1075 321 1225 347 ἐπισπᾶται
1236 322 1269 357 τῇ
1282 322 1423 349 διαστάσει
1448 324 1516 360 πρὸς
1536 325 1565 351 τὸ
1587 326 1748 362 κενούμενον
1762 328 1809 355 διὰ
1823 330 1880 362 τῆς

1075 366 1158 402 ὁλκῆς
1172 367 1218 395 τὸν
1234 368 1312 404 ἀέρα.
1330 369 1386 396 Καὶ
1396 369 1465 405 αὕτη
1480 371 1538 397 ἐστὶ
1548 371 1598 406 τῆς
1609 372 1789 410 ἀπροαιρέτου
1805 375 1879 402 ταύ-

1075 422 1125 448 της
1140 415 1278 450 ἀναπνοῆς
1296 415 1381 449 αίτία,
1393 417 1409 451 ή
1424 417 1471 443 τοῦ
1482 417 1612 453 ἀτρεμεῖν
1625 419 1655 445 τὸ
1669 420 1877 456 πυρῶδεςηάδυ-

1076 460 1287 496 ναμία.“Επειδὴ
1301 461 1355 497 γὰρ
1368 462 1432 489 ἴδιόν
1449 463 1507 489 ἐστι
1525 463 1570 490 τοῦ
1586 464 1687 500 θερμοῦ
1703 467 1718 501 ὴ
1734 467 1805 493 κατὰ
1824 467 1880 501 τὴν

1077 506 1183 541 κίνησιν
1201 507 1336 542 ἐνέργεια,
1349 507 1444 534 τούτου
1460 508 1489 535 δὲ
1504 509 1553 541 τὰς
1568 510 1655 545 ἀρχὰς
1669 511 1698 537 ὲν
1713 512 1746 546 τῇ
1772 511 1880 547 καρδίᾳ

1077 553 1290 588 κατενοήσαμεν,
1310 553 1340 579 τὺ
1365 553 1488 589 διηνεκὲς
1513 556 1562 590 τῆς
1582 556 1611 582 ὲν
1631 555 1670 591 τῷ
1683 556 1761 592 μέρει
1780 557 1877 592 τούτῳ

1077 599 1210 634 κινήσεως
1246 599 1295 634 τὴν
1321 599 1491 628 ἀδιάλειπτον
1509 600 1554 627 τοῦ
1573 601 1653 636 ἀέρος
1664 603 1753 637 ὁρμήν
1772 611 1802 629 τε
1825 603 1879 630 καὶ

1078 644 1199 680 έμπνοὴν
1228 644 1272 671 διὰ
1299 644 1346 671 τοῦ
1362 645 1516 681 πνεύματος
1540 646 1735 682 ἀπεργάζεται.
1760 649 1806 674 Διὸ
1826 649 1878 674 καὶ

1079 691 1155 726 παρᾶ
1185 691 1265 729 φύσιν
1290 692 1464 724 ἐπιταθέντος
1482 692 1527 719 τοῦ
1561 693 1710 728 πυρώδους,
1728 694 1759 720 τὸ
1779 692 1879 729 ἆσθμα

1078 738 1132 765 τῶν
1150 737 1348 773 διακαιομένων
1362 738 1400 773 τῷ
1422 738 1529 774 πυρετῷ
1545 739 1737 774 συνεχέστερον
1752 739 1874 774 γίνεται,

1079 782 1174 818 ὥσπερ
1189 775 1371 819 ἐπειγομένης
1390 784 1439 819 τῆς
1468 784 1580 818 καρδίας
1597 783 1641 810 τὸν
1661 785 1821 820 ἐγκείμενον
1845 785 1878 811 ἐν

1080 830 1148 865 αὐτῇ
1182 829 1301 864 φλογμὸν
1321 829 1360 865 τῷ
1385 830 1544 866 νεαρωτέρῳ
1566 830 1699 866 πνεύματι
1721 830 1878 858 κατασϐεν-

1080 876 1163 903 νύειν.
1187 876 1254 902 Ἀλλ’
1272 876 1365 912 ἐπειδὴ
1382 876 1499 912 πενιχρᾴ
1513 876 1553 908 τίς
1568 877 1640 904 ἐστιν
1654 877 1731 912 ἡμῶν
1745 878 1762 912 ὴ
1778 877 1877 912 φύσις,

1081 924 1127 950 καὶ
1139 922 1192 949 τῶν
1213 923 1279 958 πρὸς
1289 923 1339 956 τὴν
1351 923 1419 949 ἰδίαν
1433 923 1561 949 σύστασιν
1576 923 1621 950 διὰ
1634 923 1742 952 πάντων
1751 924 1876 959 ἐπιδεὴς,

1081 970 1130 996 οὐκ
1143 969 1222 1004 ἀέρος
1233 969 1312 1004 μόνον
1329 969 1393 996 ἰδίου
1406 969 1549 1004 πτωχεύει,
1560 970 1605 995 καὶ
1617 968 1880 1003 medea-cognito

1082 1014 1181 1050 θερμὸν
1194 1013 1382 1049 διεγείροντος,
1399 1013 1466 1048 ὅπερ
1479 1012 1576 1044 ἔξωθεν
1591 1012 1658 1048 πρὸς
1674 1011 1723 1047 τὴν
1738 1011 1783 1038 τοῦ
1796 1011 1869 1044 ζὼου

1083 1060 1248 1095 συντήρησιν
1280 1059 1411 1094 διηνεκῶς
1443 1058 1634 1092 ἐπεισάγεται·
1657 1057 1724 1084 ἀλλὰ
1746 1057 1793 1083 καὶ
1825 1057 1876 1092 τὴν

1083 1106 1274 1141 ὑπερείδουσαν
1287 1105 1332 1132 τὸν
1347 1105 1394 1131 τοῦ
1407 1104 1531 1140 σώματος
1544 1104 1625 1138 ὄγκον
1641 1103 1743 1138 τροφὴν
1761 1102 1877 1137 ἐπίκτη-

1082 1161 1127 1178 τον
1142 1152 1208 1187 ἔχει.
1225 1152 1275 1178 Διὰ
1301 1151 1380 1178 τοῦτο
1398 1151 1492 1183 σιτίοις
1504 1158 1538 1177 τε·
1549 1150 1596 1177 καὶ
1617 1151 1707 1181 ποτοῖς
1725 1149 1879 1184 ἁναπληροξ

1082 1198 1113 1224 τὸ
1136 1198 1234 1229 ἐνδέον,
1257 1198 1385 1232 ἑλκτικήν
1402 1206 1463 1224 τινα
1485 1196 1531 1223 τοῦ
1545 1196 1683 1227 λείποντος
1697 1194 1811 1229 δύναμιν
1827 1193 1877 1221 καὶ

1083 1244 1243 1280 ἀπωστικὴν
1268 1244 1315 1278 τοῦ
1339 1244 1543 1279 περιττεύυντος
1573 1242 1678 1269 ἐνθεῖσα
1695 1241 1734 1276 τῷ
1756 1240 1874 1276 σώματι,

1083 1283 1143 1317 οὐδὲ
1159 1291 1227 1326 πρὸς
1242 1290 1319 1327 τοῦτο
1330 1290 1376 1316 τοῦ
1387 1289 1530 1325 ὲγκαρδίου
1541 1288 1626 1324 πυρὸς
1640 1287 1741 1323 μικρὰν
1757 1295 1877 1322 παρεχο-

1085 1336 1165 1371 μένου
1177 1338 1209 1371 τῇ
1226 1335 1305 1370 φύσει
1320 1335 1488 1372 συνέργειαν.
1511 1334 1619 1370 Ἐπειδὴ
1643 1334 1697 1369 γὰρ
1718 1333 1748 1359 τὸ
1772 1333 1875 1369 κυριώ-

1044 1402 1058 1409 ς,
1083 1391 1162 1409 τατον
1178 1382 1231 1408 τῶν
1246 1381 1368 1414 ζωτικῶν
1382 1381 1484 1418 μορίων
1505 1380 1577 1408 κατὰ
1591 1380 1636 1407 τὸν
1651 1378 1818 1407 ἁποδοθέντα
1831 1378 1876 1405 λό-

1083 1436 1131 1462 γον
1144 1428 1159 1462 ἡ
1173 1427 1270 1463 καρδία
1284 1427 1368 1458 ἐστὶν,
1381 1428 1398 1462 ἡ
1409 1426 1447 1462 τῷ
1456 1426 1550 1462 θερμῷ
1565 1426 1702 1464 πνεύματι
1711 1424 1877 1460 ζωπυροῦοα

1083 1473 1118 1499 τὰ
1135 1472 1301 1499 καθέκιιστον
1312 1472 1393 1508 μέρη,
1405 1471 1573 1507 πανταχόθεν
1587 1472 1672 1508 αὐτὴν
1681 1471 1790 1508 ἐνεργὸν
1804 1468 1875 1497 εἶναι

1083 1518 1121 1554 τῷ
1129 1518 1264 1554 δραστικῷ
1275 1517 1325 1552 τῆς
1335 1517 1485 1552 δυνάμεως.
1494 1518 1508 1544 ὁ
1521 1517 1641 1553 πλάστης
1649 1519 1665 1554 ἡ
1670 1518 1727 1553 μῶν
1736 1516 1875 1552 ἐποίησεν,

1082 1564 1120 1596 ὡς
1137 1564 1169 1591 ἂν
1185 1564 1267 1599 μηδὲν
1279 1563 1365 1598 αὐτῆς
1384 1563 1467 1599 μέρος
1488 1564 1627 1598 ἄπρακτόν
1638 1572 1667 1590 τε
1683 1564 1730 1591 καὶ
1744 1563 1875 1597 ἀνόνητον

1084 1610 1152 1645 πρὸς
1166 1610 1213 1645 τὴν
1226 1609 1272 1636 τοῦ
1304 1609 1405 1641 παντὸς
1437 1609 1593 1644 οἰκονομίαν
1610 1609 1812 1644 καταλειφθείη.
1826 1607 1875 1635 Διὰ

1083 1655 1163 1682 τοῦτο
1177 1656 1290 1682 κατόπιν
1316 1655 1364 1690 μὲν
1382 1655 1507 1682 ὑποῦἇσσ.
1527 1655 1573 1682 τὸν
1593 1655 1748 1691 πνεύμονα,
1766 1655 1810 1681 διὰ
1825 1654 1875 1689 τῆς

1084 1701 1222 1737 διηνεκοῦς
1245 1702 1388 1737 κινήσεως,
1410 1701 1580 1733 καθέλκουσά
1599 1710 1628 1728 τε
1654 1702 1720 1736 πρὸς
1734 1701 1831 1736 ἑαυτὴν
1845 1700 1875 1727 τὺ

1086 1748 1248 1785 σπλάγχνον,
1265 1747 1405 1783 ἀνευρύνει
1421 1748 1488 1782 πρὸς
1499 1747 1547 1782 τὴν
1562 1747 1644 1783 ὁλκὴν
1657 1747 1704 1773 τοῦ
1718 1747 1798 1782 ἀέρος
1813 1746 1875 1774 τοὺς

1085 1794 1196 1829 πόρους,
1208 1791 1386 1828 ἁνοχλίζουσά
1400 1801 1429 1818 τε
1444 1791 1525 1819 πάλιν
1537 1793 1696 1819 ἐκπνεῖσθαι
1714 1792 1744 1818 τὸ
1767 1792 1873 1818 ἐναπετ-

1085 1839 1221 1875 λημμένον
1233 1838 1448 1874 παρασκευάζει.
1474 1837 1517 1865 Ἐν
1533 1838 1561 1864 δέ
1574 1839 1630 1869 τοῖς
1639 1837 1794 1873 ἔμπροσθεν
1808 1837 1872 1863 ἐαυ-

1086 1886 1135 1920 τῆς
1153 1886 1321 1920 προσφυεῖσα
1335 1884 1373 1919 τῷ
1390 1883 1534 1919 χωρήματι
1551 1884 1599 1918 τῆς
1613 1883 1669 1910 ἄνω
1688 1883 1815 1918 γαστρὸς,
1830 1882 1872 1908 ἕν-

1087 1931 1187 1967 οερμον
1200 1931 1295 1966 αὐτὴν,
1311 1929 1436 1964 καὶπρὸς
1449 1928 1497 1960 τὰς
1511 1928 1577 1960 ιδίας
1598 1929 1735 1964 ἐνεργείας
1751 1927 1874 1962 κινουμέ-

1087 1985 1135 2012 νην
1148 1977 1220 2003 ποιεῖ
1229 1982 1236 1989 '
1252 1976 1301 2002 οὐκ
1315 1976 1353 2007 είς
1369 1976 1523 2011 πνεύματος
1532 1975 1613 2011 ὁλκὴν
1621 1972 1872 2010 ἁνεγείρουσα,ἁλλ¹

1087 2025 1127 2055 εἰς
1155 2022 1288 2060 ὑποδοχὴν
1311 2022 1359 2057 τῆς
1379 2022 1548 2057 καταλλήλου
1563 2021 1676 2057 τροφῆς.
1696 2020 1812 2056 Πλησίον
1826 2019 1872 2055 μὲν

1087 2069 1141 2104 γὰρ
1156 2068 1310 2106 πεφύκασιν
1321 2067 1443 2103 ἀλλήλων
1459 2068 1487 2094 αἱ
1503 2067 1600 2094 εἴσοδοι
1619 2067 1665 2094 τοῦ
1678 2066 1829 2101 πνεύματός
1843 2074 1872 2092 τε

1088 2116 1134 2149 καὶ
1162 2115 1211 2150 τῆς
1239 2115 1356 2149 τροφῆς·
1373 2113 1652 2149 ἁντιπαρεξιοῦσιιδὲ
1671 2112 1740 2139 κατὰ
1756 2111 1786 2137 το
1806 2111 1872 2146 πρό-

1090 2169 1175 2199 μηκες
1192 2161 1208 2196 ὴ
1222 2161 1302 2196 ἑτέρα
1328 2160 1396 2196 πρὸς
1411 2160 1460 2195 τὴν
1482 2159 1588 2195 ἑτέραν,
1602 2159 1648 2186 καὶ
1663 2158 1702 2193 τῷ
1722 2157 1772 2192 [σῳ
1786 2156 1872 2192 μέτρῳ

1088 2207 1159 2233 κατὰ
1173 2206 1203 2233 τὺ
1218 2206 1273 2233 ἄνω
1290 2206 1544 2241 συναπαρτίζονται,
1557 2205 1626 2231 ὥστε
1639 2204 1686 2230 καὶ
1705 2201 1872 2236 συνεστομώ-

1088 2252 1149 2278 σθαι
1161 2251 1228 2287 πρὸς
1238 2251 1363 2286 ᾁλλήλας,
1373 2252 1420 2278 καὶ
1428 2253 1470 2281 ἑνὶ
1478 2251 1591 2286 στόματι
1600 2251 1661 2281 τοὺς
1670 2250 1769 2284 πόρους
1780 2249 1872 2274 ἐναπο-

1087 2298 1190 2332 λὴγειν,
1199 2297 1259 2323 ὅθεν
1271 2296 1310 2332 τῷ
1319 2297 1367 2331 μὲν
1374 2297 1422 2331 τῆς
1430 2296 1543 2332 τροφῆς,
1551 2295 1591 2331 τῷ
1599 2296 1626 2321 δὲ
1638 2294 1685 2321 τοῦ
1693 2293 1842 2328 πνεύματος
1854 2293 1869 2327 ἡ

1087 2343 1188 2374 εἴσοδος
1200 2343 1313 2377 γίνεται.
1337 2342 1405 2376 Ἀλλ’
1417 2343 1462 2368 ἐπὶ
1478 2342 1509 2368 τὸ
1529 2341 1610 2377 βάθος
1625 2341 1716 2369 οὐκέτι
1731 2339 1869 2370 διαπαντὸς

1086 2390 1117 2416 τὸ
1134 2389 1269 2424 προσφυὲς
1296 2389 1447 2425 παραμένει
1462 2389 1511 2422 τῆς
1541 2387 1672 2421 συζυγίας
1697 2386 1752 2413 τῶν
1774 2385 1868 2420 πόρων.

1090 2435 1166 2470 Μέση
1181 2435 1233 2470 γὰρ
1254 2435 1304 2469 τῆς
1320 2434 1458 2469 ἑκατέρων
1473 2433 1553 2468 ἕδρας
1573 2433 1588 2467 ἡ
1610 2432 1708 2467 καρδία
1735 2439 1869 2466 παρεμπε-

1090 2482 1183 2514 σοῦσα,
1197 2481 1236 2516 τῷ
1257 2481 1304 2516 μὲν
1321 2481 1388 2516 πρὸς
1402 2479 1555 2514 ἀναπνοὴν,
1572 2478 1611 2513 τῷ
1633 2478 1661 2504 δὲ
1676 2478 1744 2513 πρὸς
1763 2476 1867 2512 τροφὴν,

1088 2527 1137 2559 τὰς
1159 2527 1285 2562 δυνάμεις
1308 2525 1454 2560 ἐντίθησιν.
1483 2524 1591 2558 Πέφυκε
1620 2523 1674 2557 γὰρ
1700 2522 1730 2549 τὸ
1754 2521 1868 2556 πυρῶδες

1090 2573 1228 2609 ἐπιζητεῖν
1244 2572 1292 2607 τὴν
1313 2571 1513 2598 ὑπεκκαίουσαν
1529 2569 1604 2605 ὓλην,
1628 2569 1641 2595 ὂ
1656 2569 1688 2603 δὴ
1706 2569 1752 2594 καὶ
1767 2567 1827 2602 περὶ
1840 2567 1869 2593 τὸ

1090 2620 1190 2653 δοχεῖον
1210 2619 1259 2653 τῆς
1282 2617 1383 2652 τροφῆς
1400 2616 1460 2643 κατ’
1483 2616 1605 2650 ἀνάγκην
1628 2613 1781 2649 συμϐαίνει.
1801 2613 1869 2648 ’Ὁσῳ

1091 2666 1144 2700 γὰρ
1163 2664 1284 2699 ἔμπυρον
1308 2662 1352 2689 διὰ
1373 2662 1422 2696 τῆς
1447 2661 1565 2695 γείτονος
1589 2661 1690 2695 γίνεται
1708 2659 1868 2696 θερμασίας,

1091 2710 1210 2745 τοσούτῳ
1234 2709 1333 2744 μᾶλλον
1359 2708 1503 2742 ὲιρέλκεται
1527 2707 1562 2733 τὰ
1593 2707 1624 2733 τὸ
1642 2705 1742 2742 θερμὸν
1767 2703 1871 2739 ὑποτρέ-

1091 2765 1182 2791 φοντα·
1196 2756 1243 2790 τὴν
1257 2756 1283 2782 δὲ
1301 2755 1426 2790 τοιαύτην
1443 2754 1541 2790 ὁρμὴν,
1558 2753 1647 2789 ὄρεξιν
1662 2750 1834 2787 ὀνομάζομεν.
