1977 3071
138 121 192 149 249

736 125 778 153 DE
795 125 937 154 HOMINIS
954 124 1100 154 OPlPiCIO

1703 136 1759 164 256

171 181 202 208 Et
219 181 247 208 δὲ
267 182 458 218 περιδράξαιτο
471 183 520 218 τῆς
532 184 669 221 ἀρκούσης
686 185 752 221 ὕλης
767 186 798 212 τὸ
809 194 919 221 περιεκ-

1003 186 1080 218 Quod
1101 185 1123 212 si
1145 185 1295 225 membrum
1313 193 1368 220 quo
1387 185 1465 213 cibus
1480 185 1650 218 ,contiaetur,
1668 190 1755 214 mate-

133 227 210 254 τικὺν
233 228 281 262 τῆς
301 229 413 264 τροφῆς,
430 230 490 256 οὐδὲ
505 230 591 263 οὕτως
610 232 708 267 ἠρεμεῖ
725 231 772 258 τοῦ
800 232 884 267 πυρὸς
903 233 920 267 ἡ

132 272 269 306 ἐνέργεια.
300 274 379 300 Ἀλλὰ
402 275 528 311 καθάπερ
545 277 574 302 ὲν
595 277 771 312 χωνευτηρίῳ
795 277 920 312 σύντηξιν

132 326 193 344 τινα
213 320 263 354 τῆς
281 319 347 355 ὕλης
367 323 457 354 ποιεῖ,
473 323 520 348 καὶ
544 323 697 349 διαλύσασα
715 323 749 350 τὰ
767 323 920 350 συνεστῶτα

132 364 181 390 καὶ
192 365 338 399 ᾁναχέασα,
349 366 476 403 καθάπερ
490 369 522 394 ὲκ
536 369 636 404 χοάνης
648 369 719 401 τινὸς
728 370 841 404 μεταχεῖ
853 369 921 404 πρὸς

132 410 197 440 τοὺς
221 410 319 446 ἐφεξῆς
339 412 447 448 πόρους.
471 411 536 440 Εἶτα
556 413 586 440 τὸ
610 414 849 449 παχυμερέστερον
873 413 919 439 τοῦ

133 454 297 489 εἰλικρινοῦς
320 456 497 491 διακρίνασα,
523 457 554 483 τὸ
575 457 624 491 μὲν
648 458 745 484 λεπτὸν
769 457 801 483 δι’
819 456 920 492 ὀχετῶν

131 511 215 530 τινων
229 504 274 529 ἐπὶ
288 503 336 535 τὰς
351 504 397 530 τοῦ
412 504 515 538 ἥπατος
529 503 589 538 ἄγει
602 504 689 535 πύλας
699 512 706 518 ·
724 502 773 538 τὴν
789 502 817 529 δὲ
832 501 920 536 ὑλώδη

133 548 185 583 τῆς
201 549 303 584 τροφῆς
327 549 515 584 ὑποστάθμην,
535 550 575 581 εἰς
596 549 657 581 τοὺς
683 547 920 584 εὑρυχωροτέρους

133 594 189 620 τῶν
205 594 322 628 ἐντέρων
340 594 438 629 πόρους
452 593 590 627 ἀπώσατο,
608 594 654 620 καί
671 594 727 625 τοῖς
742 592 920 627 πολυτρόποις

134 639 225 665 αὐτῶν
240 639 361 674 ἑλιγμοῖς
381 639 586 674 ἀναστρέφουσα
605 639 693 674 χρόνῳ
706 659 713 670 ,
734 637 919 673 παρακατέχει

133 684 183 718 τὴν
200 685 303 719 τροφὴν
317 685 372 715 τοῖς
393 684 565 719 σπλάγχνοις,
581 685 618 716 ὡς
632 684 665 711 ἂν
680 684 716 719 μὴ
736 684 769 710 δι’
786 683 919 717 εὐθύτητα

132 729 180 755 τοῦ
194 729 277 764 πόρου
297 729 394 764 ῥᾳδίως
414 729 627 764 ἀποϐαλόμενον,
641 729 722 761 εὐθὺς
735 728 873 763 ἀνακινοίη
889 727 920 754 τὸ

135 774 205 806 ζῶον
221 775 288 809 πρὸς
309 774 407 810 ὖρεξιν,
423 775 470 801 καὶ
487 774 621 810 μηδέποτε
638 774 751 801 παύοιτο
766 774 815 809 τῆς
832 772 918 800 τοιαύ-

132 829 183 856 της
201 821 328 856 ἀσχολίας
348 821 418 848 κατὰ
431 821 480 856 τὴν
500 820 555 848 τῶν
568 821 671 856 ἀλόγων
686 820 766 855 φύσιν
781 822 794 847 ὁ
812 820 918 855 ἄνθρω-

971 232 1020 259 riei
1034 231 1102 259 satis
1114 231 1170 266 jam
1189 231 1381 266 prehenderit,
1407 239 1462 258 non
1477 236 1566 259 tamen
1584 231 1654 267 ignis
1669 231 1754 258 vicini

971 277 1089 304 cessabit
1106 277 1189 303 actio.
1212 275 1280 303 Nam
1306 276 1508 311 colliqucfaciet
1530 277 1670 304 materiem
1692 281 1753 308 tan-

971 329 1051 357 quam
1069 322 1096 349 in
1112 330 1177 350 vase
1194 322 1331 356 liquandis
1350 322 1429 349 rebus
1446 327 1518 357 apto,
1539 330 1654 356 cumque
1667 322 1751 348 cruda

970 372 998 395 et
1019 368 1182 395 coli-:erentia
1202 366 1355 402 digesserit,
1372 367 1498 402 interque
1518 374 1549 395 se
1568 375 1751 395 comnuscuc-

971 413 1016 446 rit,
1040 413 1180 448 proximos
1212 413 1239 440 in
1256 416 1360 439 meatus
1385 420 1416 439 ea
1436 412 1515 447 quasi
1540 420 1589 447 per
1613 412 1751 447 quoddam

971 458 1172 486 infundibulum
1199 458 1320 492 dejiciet.
1350 457 1452 486 Deinde
1483 457 1597 485 secretis
1627 458 1752 492 utrinque

969 505 1101 540 partibus,
1122 512 1183 531 cum
1206 504 1239 532 iis
1259 512 1318 539 qua:
1331 505 1490 535 crassiores.
1509 507 1566 530 tum
1579 510 1639 537 qua:
1659 503 1753 538 purio-

970 558 1015 578 res
1033 553 1108 582 sunt,
1125 553 1222 578 tenues
1243 550 1325 577 hasce
1341 557 1388 584 per
1400 549 1531 584 quosdam
1545 549 1624 584 quasi
1642 548 1752 576 canales

970 597 1002 623 ad
1025 595 1159 631 jecinoris
1176 596 1246 623 ostia
1265 595 1386 623 deducit.
1408 595 1589 625 Subsidentes
1608 597 1698 621 autem
1724 597 1752 620 ct

969 649 1078 670 crassas
1091 641 1120 668 in
1135 641 1301 669 nutrimento
1319 641 1399 669 faeces
1419 641 1447 669 in
1461 641 1607 675 capaciore
1622 639 1753 668 intestina

969 686 1100 718 detrudit,
1128 693 1160 713 ac
1179 694 1227 721 per
1243 685 1403 720 multiplicia
1419 686 1515 713 horum
1530 685 1668 712 volumina
1691 692 1752 712 ver-

969 737 1044 761 satas
1087 731 1242 767 aliquandiu
1258 729 1356 758 retinet
1380 751 1387 764 ,
1408 731 1508 766 partim
1535 734 1564 758 ut
1584 731 1618 758 de
1635 731 1676 758 his
1693 730 1751 764 ipsa

969 780 1050 808 etiam
1066 779 1173 808 viscera
1187 778 1312 805 nonnihil
1325 777 1483 804 nutrimenti
1499 776 1637 808 hauriant,
1653 776 1751 810 partim

969 832 1013 858 ne,
1027 825 1049 852 si
1064 832 1111 859 per
1128 827 1235 851 meatus
1246 827 1334 849 rectos
1351 821 1525 856 dejiciantur,
1541 820 1672 848 continuo
1691 828 1752 847 mo-

133 875 194 898 πος.
215 867 290 893 Ἐπεὶ
306 867 333 893 δὲ
346 867 392 893 καὶ
404 867 443 902 τῷ
459 867 543 902 ἥπατι
561 867 678 902 μάλιστα
694 867 743 901 τῆς
756 866 802 892 τοῦ
817 865 918 900 θερμοῦ

970 871 1038 898 testa
1060 870 1139 897 nobis
1155 868 1285 904 appetitio
1307 868 1467 896 nutrimenti
1493 867 1538 900 sit,
1568 870 1594 894 et
1611 873 1751 901 nunquam

135 913 279 947 συνεργίας
306 910 340 948 ἧν
359 913 438 948 χρεία
461 913 529 948 πρὸς
545 912 594 947 τὴν
618 912 672 938 τῶν
693 911 783 947 ὑγρῶν
807 910 920 944 ἐξαιμά-

133 966 226 988 τωσιν,
241 958 378 993 ἀφέστηκε
394 958 422 984 δὲ
439 957 518 984 τοῦτο
534 958 583 991 τῆς
597 957 709 993 καρδίας
725 957 795 983 κατὰ
811 956 859 991 τὴν
876 955 920 982 Θέ-

136 1012 177 1030 σιν
195 1004 243 1038 (οὐ
258 1004 312 1038 γὰρ
323 1001 367 1039 ἦν,
387 1002 472 1039 οἶμαι,
486 1004 596 1030 δυνατὸν
609 1003 694 1039 ἀρχήν
708 1011 768 1029 τινα
781 1003 827 1029 καὶ
840 1001 918 1037 ῥίζαν

135 1049 253 1083 ζωτικῆς
271 1047 353 1075 οὖσαν
375 1049 535 1084 δυνάμεως,
560 1049 623 1084 περὶ
647 1049 696 1083 τὴν
718 1048 812 1083 ἑτέραν
833 1047 919 1083 ἀρχὴν
939 1045 947 1057 “

135 1095 382 1131 στενοχωρεῖσθαι),
394 1095 431 1126 ὡς
447 1095 480 1121 ἂν
498 1095 534 1129 μή
556 1104 582 1120 τι
601 1094 651 1129 τῆς
672 1093 825 1128 οἰκονομίας
841 1093 870 1118 ὲν
886 1093 918 1127 τῇ

134 1141 283 1168 ἀποστάσει
301 1140 351 1175 τῆς
378 1140 563 1176 θερμαντικῆς
590 1139 683 1170 οὐσίας
705 1137 895 1173 παραϐλαὸείη
908 1145 915 1152 ·

135 1186 217 1220 πόρος
236 1185 371 1221 νευρὼδης
385 1187 394 1219 (
402 1185 520 1221 ἀρτηρία
534 1184 562 1210 δὲ.
576 1184 653 1210 τοῦτο
675 1183 749 1218 παρὰ
762 1183 816 1208 τῶν
830 1182 918 1208 ταῦτα

136 1232 225 1266 σοφῶν
249 1230 426 1266 ὀνομάζεται)
449 1230 646 1264 ἀναδεξάμενος
671 1229 720 1264 τῆς
750 1227 861 1264 καρδίας
887 1226 919 1253 τὸ

135 1276 256 1311 ἔμπορον
273 1276 380 1311 πνεῦμα
392 1295 399 1307 ,
417 1275 494 1311 φέρει
513 1274 588 1310 παρὰ
605 1274 635 1300 τὸ
652 1272 744 1310 ἦπαρ,
763 1272 844 1299 αὑτοῦ
867 1281 918 1299 που

134 1321 210 1356 παρὰ
224 1321 272 1356 τὴν
292 1321 394 1348 εἴσοδον
415 1320 468 1347 τῶν
484 1320 582 1355 ὑγρῶν
596 1319 851 1353 συνεστομωμένος,
871 1316 919 1344 καὶ

134 1367 269 1398 ἁναζέσας
282 1367 326 1393 διὰ
344 1367 393 1401 τῆς
416 1366 581 1401 θερμότητος
597 1364 646 1399 τὴν
660 1363 802 1398 ὑγρασίαν,
821 1364 918 1389 ἐναπο-

134 1411 238 1438 τίθεταί
260 1419 286 1438 τι
304 1411 342 1446 τῷ
359 1411 434 1446 ὑγρῷ
452 1411 501 1446 τῆς
521 1410 567 1437 τοῦ
585 1410 670 1445 πυρὸς
687 1408 861 1443 συγγενείας,
885 1409 917 1443 τῇ

137 1456 274 1492 πυροειδεῖ
297 1456 366 1491 χρόᾳ
385 1456 416 1481 τὺ
430 1454 477 1481 τοῦ
493 1455 607 1490 αἵματος
623 1454 691 1486 εἶδος
714 1453 916 1488 καταφοινίξας.

135 1501 202 1530 Εἶτα
219 1501 330 1528 ἐκεῖθεν
355 1501 558 1536 ἀφορμηθέντες
574 1500 678 1535 δίδυμοί
692 1508 764 1533 τινες
779 1499 876 1534 ὀχετοὶ,
889 1499 919 1525 τι

135 1549 235 1574 οἰκεῖον
256 1547 385 1582 ἑκάτερος
411 1546 592 1582 σωληνοειδῶς
619 1545 792 1581 περιέχοντες
811 1544 919 1589 πνεῦμά

135 1603 165 1620 τη
187 1594 233 1620 καὶ
258 1591 345 1628 αἷμα,
372 1592 409 1623 ὡς
432 1592 463 1618 ἂν
487 1591 652 1626 εὐπόρευτον
687 1591 750 1626 εἴη,
777 1590 806 1616 τὸ
834 1589 916 1625 ὑγρόν

135 1648 166 1666 τε
186 1639 233 1665 τοῦ
260 1638 360 1674 θερμοῦ
386 1639 491 1673 κινήσει
519 1636 723 1673 συμπαροδεῠον
746 1636 793 1662 καὶ
824 1644 919 1670 κουφιτ

137 1684 262 1719 ζόμενον,
295 1684 336 1717 ἐφ’
365 1682 437 1709 ἅπαν
465 1681 496 1708 τὸ
527 1682 606 1716 σῶμα
639 1680 805 1716 πολυσχιδῶς
840 1689 920 1706 κατα-

138 1729 304 1764 σπείρονται,
324 1729 364 1759 εἰς
382 1728 481 1763 μυρίας
497 1727 598 1762 ὀχετῶν
615 1727 702 1762 ἀρχάς
716 1735 745 1752 τε
766 1726 813 1752 καὶ
828 1726 921 1760 διαφύ-

137 1784 192 1806 σεις
218 1774 288 1801 κατὰ
310 1775 363 1801 πᾶν
391 1775 472 1808 μέρος
498 1773 704 1808 διασχιξόμενοι.
727 1772 872 1808 Μιχοεῖσαι
891 1773 920 1799 δὲ

137 1820 206 1856 πρὸς
222 1820 337 1854 ἀλλήλας
352 1819 406 1845 τῶν
421 1818 542 1851 ζωτικῶν
557 1819 697 1853 δυνάμεων
713 1819 740 1844 αἱ
756 1818 802 1845 δύο
821 1818 919 1853 ἁρχαὶ,

136 1866 154 1900 ἦ
169 1874 198 1891 τε
210 1866 239 1892 τὺ
258 1865 358 1900 θερμὸν
383 1865 506 1900 πανταχῆ
526 1865 596 1891 κατὰ
617 1865 648 1890 τὸ
666 1864 745 1899 σῶμα
757 1885 764 1897 ,
788 1865 835 1890 καὶ
854 1867 870 1900 ὴ
891 1865 921 1890 τὸ

138 1911 220 1945 ὑγρὸν
237 1910 431 1945 ἐπιπέμπουσα
441 1930 449 1942 ,
463 1910 588 1945 καθάπερ
606 1909 667 1936 τινὰ
684 1910 827 1945 δανεισμὸν
836 1911 920 1944 ἀναγ-

138 1956 214 1982 καῖον
230 1956 260 1982 ἐκ
274 1955 328 1981 τῶν
347 1955 453 1982 οἰκείων
468 1956 500 1990 τῇ
517 1956 727 1991 ἁρχιγγικωτέρξ.⁴
740 1956 790 1990 τῆς
803 1956 921 1991 ζωτικῆς

137 2001 290 2036 οἰκονομίας
313 2001 426 2036 δυνάμει
445 2001 657 2037 δωροφοροῦσιν.
682 2003 759 2029 Ἐστι
775 2003 797 2029 δ’
820 2002 920 2038 αὖτηή

137 2048 208 2074 κατὰ
222 2048 270 2079 τὰς
285 2048 420 2082 μήνιγγας
441 2048 487 2074 καὶ
501 2048 547 2076 τὸν
566 2048 716 2083 ἐγκέφαλον
733 2048 918 2084 θεωρουμένη,

137 2094 183 2127 ἀφ’
206 2091 240 2129 ἦς
260 2094 333 2120 πᾶσα
360 2094 408 2128 μὲν
429 2093 530 2129 ἄρθρου
553 2094 675 2130 κίνησις,
697 2095 772 2121 πᾶσα
793 2094 822 2121 δὲ
846 2094 920 2129 μυῶν

138 2139 250 2176 συνολκὴ
263 2161 269 2171 ,
291 2141 344 2166 πᾶν
360 2140 387 2167 δὲ
407 2141 597 2176 προαιρετικὸν
614 2141 722 2176 πνεῦμα,
736 2141 784 2172 καὶ
800 2142 855 2172 τοῖς
871 2147 920 2166 κα-

969 923 1023 942 non
1042 915 1068 942 in
1085 923 1117 942 eo
1141 914 1318 949 acquirendo,
1341 914 1500 941 animalium
1517 913 1632 940 rationis
1652 920 1750 947 exper-

969 963 1035 988 tium
1058 969 1143 993 more,
1163 960 1304 987 hominum
1330 963 1479 994 occupetur
1506 966 1599 993 opera.
1628 958 1751 992 Cumque

967 1007 1085 1042 jecinori
1103 1007 1185 1034 etiam
1210 1005 1384 1033 necessarius
1400 1005 1433 1031 ad
1456 1004 1680 1031 commutandum
1707 1011 1752 1030 res

969 1052 1097 1080 humidas
1107 1051 1135 1078 in
1150 1051 1323 1086 sanguinem,
1339 1051 1439 1078 caloris
1459 1058 1526 1077 usus
1544 1049 1622 1081 foret,
1643 1049 1752 1075 ahessct

969 1103 1058 1125 autem
1087 1097 1236 1123 membrum
1266 1095 1316 1122 hoc
1338 1094 1393 1122 situ
1422 1102 1472 1122 suo
1496 1095 1605 1128 longius
1625 1101 1639 1120 a
1657 1093 1751 1125 corde.

969 1146 1111 1178 propterea
1125 1141 1196 1175 quod
1209 1140 1319 1167 minime
1334 1140 1512 1167 conveniebat
1526 1147 1583 1172 cor,
1595 1139 1667 1173 quod
1682 1139 1754 1173 priu~

969 1189 1069 1223 cipium
1084 1192 1112 1214 et
1127 1187 1203 1213 radix
1218 1186 1356 1212 facultatis
1372 1185 1462 1213 vitalis
1475 1189 1556 1215 esset,
1570 1185 1688 1212 arctiom
1705 1192 1753 1219 per

969 1234 1136 1261 vicinitatem
1154 1232 1214 1258 loco
1230 1231 1308 1258 alteri
1323 1231 1385 1258 vitae
1408 1231 1542 1266 principio
1560 1230 1700 1265 conjungi,
1719 1238 1753 1258 ne

969 1278 1034 1314 quid
1050 1279 1086 1306 ob
1106 1277 1207 1304 caloris
1227 1277 1385 1304 distantiam
1404 1276 1558 1304 detrimenti
1576 1277 1655 1304 nobis
1680 1276 1753 1307 acci-

969 1325 1056 1356 deret,
1072 1328 1178 1352 meatus
1191 1331 1307 1350 nerveus
1321 1324 1411 1357 (quem
1429 1315 1509 1357 periti
1529 1322 1611 1356 hujus
1622 1322 1754 1349 doctrinm

969 1372 1097 1399 arteriam
1108 1372 1216 1404 vocant)
1229 1370 1357 1396 haustum
1368 1368 1401 1395 de
1411 1368 1493 1395 corde
1505 1367 1630 1402 spiritum
1643 1367 1752 1402 igneum

970 1418 1002 1444 ad
1024 1418 1106 1452 hcpar
1126 1415 1223 1448 defert,
1247 1418 1330 1449 atque
1357 1414 1414 1441 hac
1440 1413 1551 1448 quidem
1575 1413 1673 1440 arteria
1694 1412 1755 1439 loco

970 1470 1053 1498 prope
1073 1461 1180 1492 eodem,
1198 1467 1253 1494 quo
1268 1458 1379 1486 humida
1394 1457 1574 1492 recipiuntur,
1595 1457 1684 1492 hepati
1710 1457 1753 1483 in-

971 1508 1082 1538 seritur,
1097 1506 1188 1540 itaque
1205 1504 1297 1531 calorc
1311 1512 1361 1531 suo
1377 1503 1439 1530 lacit
1453 1506 1482 1529 ut
1497 1502 1608 1538 humida
1623 1503 1754 1536 ferveant,

970 1552 1097 1587 quiddam
1117 1559 1179 1578 cum
1206 1550 1247 1578 eis
1275 1550 1330 1584 igni
1357 1552 1504 1583 cognatum
1535 1548 1753 1579 communicaris.

970 1604 1024 1632 quo
1039 1596 1066 1623 fit
1081 1596 1118 1622 uti
1137 1595 1250 1630 sanguis
1265 1595 1346 1629 igneo
1364 1594 1455 1623 colore
1472 1601 1626 1628 respersus,
1650 1601 1754 1628 purpu-

971 1650 1032 1670 rcus
1054 1642 1175 1668 exsistat.
1196 1641 1260 1667 lude
1287 1647 1383 1667 rursus
1406 1639 1494 1666 exorti
1512 1640 1613 1674 gemini
1642 1639 1754 1674 quidam

970 1688 1050 1716 rivuli
1069 1687 1169 1714 tubulis
1192 1686 1361 1718 consimiles,
1384 1693 1501 1721 quorum
1521 1686 1592 1712 alius
1616 1685 1753 1720 spiritum,

971 1734 1130 1769 sanguinem
1142 1733 1212 1761 alius
1220 1733 1342 1760 continet
1354 1732 1571 1767 (coniunguntur
1581 1735 1670 1758 autem
1683 1730 1754 1762 ideo,

971 1784 1000 1806 ut
1020 1779 1118 1806 humor
1138 1786 1185 1813 per
1196 1777 1296 1804 caloris
1313 1776 1503 1806 mobilitatem,
1526 1776 1547 1801 si
1567 1775 1590 1801 is
1606 1783 1658 1800 una
1675 1774 1756 1801 vcha-

973 1829 1028 1857 tur,
1043 1825 1127 1852 levior
1144 1822 1282 1855 exsistat),
1303 1829 1351 1857 per
1368 1829 1467 1855 corpus
1483 1821 1639 1847 universum
1661 1819 1754 1845 multi-

971 1870 1067 1897 fariam
1095 1873 1269 1904 sparguntur,
1288 1871 1449 1902 tantumque
1474 1875 1527 1894 non
1543 1867 1648 1893 infinita
1666 1866 1693 1893 in
1711 1873 1756 1893 ca-

972 1915 1074 1942 nalium
1088 1913 1220 1949 principia
1233 1913 1367 1949 quasique
1379 1920 1470 1939 ramos
1482 1920 1510 1939 sc
1523 1912 1624 1947 passim
1639 1911 1754 1938 findunt.

971 1962 1059 1995 Atque
1072 1960 1126 1986 duo
1142 1959 1250 1994 quidem
1266 1959 1324 1986 hate
1337 1958 1495 1985 facultatum
1515 1958 1636 1987 vitalium
1653 1956 1756 1992 princi-

971 2005 1015 2040 pia
1036 2005 1105 2031 inter
1121 2012 1149 2031 se
1163 2004 1318 2036 commista,
1337 2011 1397 2030 cum
1414 2003 1438 2029 id
1458 2002 1530 2037 quod
1548 2003 1680 2033 calorem,
1698 2005 1755 2027 tum

971 2051 1044 2086 quod
1064 2051 1203 2077 humorem
1223 2050 1381 2076 universum
1407 2049 1434 2075 in
1455 2056 1555 2083 corpus
1571 2048 1650 2076 didit.
1669 2047 1756 2082 quod-

971 2097 1033 2123 dam
1054 2096 1137 2123 vcluti
1157 2095 1278 2122 debitum
1297 2095 1428 2122 tributum
1444 2095 1564 2120 facultati
1586 2101 1645 2128 quae
1667 2093 1693 2119 in
1709 2092 1757 2119 ad~

972 2142 1173 2168 ministratione
1193 2140 1255 2166 vitae
1274 2147 1382 2166 summo
1398 2147 1459 2165 cum
1478 2139 1593 2173 imperio
1611 2142 1652 2165 est
1667 2143 1693 2165 et
1706 2145 1756 2173 po-

138 2185 266 2213 θέκοῑστον
294 2186 397 2221 μορίοις
420 2186 653 2221 ὲπιπεμπόμενον,
680 2187 791 2222 ἐνεργόν
816 2195 846 2212 τε
873 2187 919 2213 καὶ

973 2193 1080 2220 testate,
1111 2188 1241 2222 pendunt.
1272 2185 1450 2220 lntelligimus
1473 2189 1562 2211 autem
1587 2184 1755 2216 facultatem,

138 2232 292 2267 κινούμενον
309 2233 352 2259 τὸν
373 2234 464 2267 γήϊνον
476 2233 554 2268 ἡμῶν
573 2232 730 2267 ἀνδριάντα,
750 2232 875 2267 καθάπερ
888 2233 920 2259 ἐκ

140 2279 261 2314 μηχανῆς
282 2287 354 2310 τινος
369 2279 551 2305 ἀποδείκνυσι.
571 2279 623 2305 Τοῦ
638 2287 669 2305 τε
693 2280 746 2314 γὰρ
767 2278 869 2314 θερμοῦ
890 2277 921 2304 τὸ

138 2321 339 2357 καθαρώτατον,
365 2323 411 2349 καὶ
432 2322 478 2348 τοῦ
501 2322 584 2357 ὑγροῦ
609 2323 639 2348 τὸ
664 2323 826 2350 λεπτότατον
855 2323 920 2358 παρ’

138 2367 268 2403 ἑκατέρας
279 2368 419 2403 δυνάμεως
430 2368 473 2394 διά
487 2377 559 2400 τινος
579 2368 678 2403 μίξεως
693 2377 721 2395 τε
740 2369 787 2396 καὶ
799 2369 921 2404 ἀνακρά-

140 2421 207 2444 σεως
232 2413 382 2444 ἐνωθέντα,
407 2413 501 2449 τρέφει
522 2422 551 2440 τε
568 2414 614 2440 καὶ
639 2414 778 2450 συνίστησι
802 2414 844 2440 διὰ
867 2414 921 2441 τῶν

139 2460 232 2495 ἀτμῶν
254 2460 298 2486 τδν
314 2460 476 2494 ἐγκέφαλον.
500 2461 560 2495 Ἀφ’
577 2457 608 2486 οὖ
626 2461 707 2487 πάλιν
731 2461 776 2487 ἐπὶ
792 2460 919 2496 καθαρώ-

139 2514 217 2532 τατον
231 2505 446 2542 ὲκλεπτυνομένη
468 2507 485 2541 ὴ
502 2507 547 2532 ἀπ’
568 2506 672 2533 ἐκείνου
688 2506 812 2538 ἀνάδοσις
824 2526 830 2538 ,
847 2506 920 2533 ὑπα-

138 2552 222 2586 λείφει
244 2552 289 2579 τὸν
309 2553 480 2587 περιεκτικὸν
508 2553 554 2579 τοῦ
580 2553 731 2587 ἐγκεφάλου
757 2552 862 2588 ὑμένα,
892 2553 922 2584 ὃς

139 2598 240 2625 ἄνωθεν
253 2598 300 2624 ἐπὶ
314 2598 344 2624 τὸ
360 2598 440 2632 βάθος
454 2598 597 2630 αὺλοειδῶς
609 2599 709 2633 διήκων
719 2620 726 2630 ,
743 2599 787 2625 διὰ
801 2599 854 2625 τῶν
872 2607 922 2625 κα-

140 2643 219 2678 θεξῆς
235 2643 397 2675 σπονδύλων,
410 2643 504 2670 ἑαυτὸν
519 2644 546 2670 δὲ
561 2645 608 2670 καὶ
618 2644 662 2671 τὸν
674 2645 830 2679 ἐγκείμενον
846 2644 920 2679 αὐτῷ

142 2689 238 2725 μυελὸν
254 2688 393 2723 διεξάγων,
408 2691 439 2724 τῇ
456 2690 533 2724 βάσει
550 2690 730 2725 συναπολήγει
745 2691 793 2725 τῆς
806 2691 918 2725 ῥάχεως·

140 2736 240 2766 πάσαις
256 2735 356 2762 ὀστέων
369 2744 397 2761 τε
408 2737 452 2762 καὶ
463 2736 600 2770 ἁρμονιῶν
612 2746 642 2762 συ
647 2737 767 2771 μῦο).αἰς,
782 2737 829 2763 καὶ
845 2736 921 2771 μυῶν

141 2783 238 2817 ἀρχαῖς
247 2780 301 2809 οἷόν
311 2790 353 2814 τις
362 2782 467 2817 ἡνίοχος
481 2783 560 2814 αὐτὸς
570 2783 684 2814 ἐνδιδοὺς
696 2783 744 2817 τῆς
754 2783 921 2810 καῡέκαστον

142 2826 273 2862 att/ﬁnd);
291 2835 319 2853 τε
338 2827 383 2853 καὶ
401 2827 520 2859 στάσεως
537 2827 584 2862 τὴν
599 2827 686 2862 ὁρμὴ-μ
708 2827 752 2853 καὶ
775 2827 821 2863 τὴν
842 2827 920 2854 δύνα-

971 2243 1032 2269 quze
1042 2234 1146 2261 cerebri
1156 2233 1332 2263 membranis,
1344 2233 1457 2267 ipsoque
1467 2231 1578 2258 cerebro
1589 2230 1756 2262 contini-tur,

972 2289 986 2307 a
1015 2287 1068 2314 qua
1096 2278 1235 2313 profectus
1255 2277 1345 2304 omnis
1367 2283 1511 2303 nervorum
1540 2279 1640 2306 motus,
1668 2276 1758 2303 omnis

972 2325 1158 2352 mus’culorum
1170 2323 1333 2353 contractio,
1351 2321 1442 2349 omnis
1461 2321 1585 2356 spiritus,
1604 2321 1650 2356 qui
1667 2324 1758 2348 motus

971 2376 1013 2399 cst
1029 2371 1144 2406 singulis
1165 2370 1192 2396 in
1208 2369 1336 2396 membris
1351 2368 1494 2403 spontanei
1508 2375 1602 2400 causa,
1626 2367 1756 2398 efﬁciunt,

972 2418 1010 2445 uti
1026 2416 1148 2452 corporis
1164 2415 1275 2443 humani
1292 2415 1426 2442 fabricata
1445 2413 1479 2441 de
1497 2419 1569 2441 terra
1585 2417 1676 2441 statua
1699 2412 1757 2439 suis

973 2463 1127 2490 actionibus
1150 2466 1177 2489 et
1192 2465 1268 2489 motu
1294 2462 1329 2488 sit
1351 2459 1475 2494 prmdita.
1496 2458 1525 2486 In
1539 2459 1630 2486 calore
1646 2457 1754 2491 quidem

973 2509 1045 2544 quod
1059 2511 1100 2536 est
1115 2508 1192 2542 longe
1208 2506 1396 2542 purissimum,
1413 2510 1440 2533 et
1453 2506 1481 2532 in
1495 2505 1609 2532 humore
1624 2503 1755 2530 tenuissi-

972 2563 1057 2588 mum,
1086 2558 1202 2588 utraque
1226 2553 1351 2580 mislione
1374 2551 1490 2587 quadam
1517 2558 1549 2577 ac
1573 2553 1755 2585 temperatura

972 2601 1061 2631 unita,
1073 2599 1147 2627 velut.
1158 2598 1311 2626 exhalando
1322 2598 1463 2625 cerebrum
1477 2597 1602 2624 nutriunt
1612 2601 1638 2623 et
1651 2595 1754 2622 fovent.

972 2647 1013 2674 Ab
1032 2647 1083 2673 hoc
1103 2645 1196 2672 eadem
1214 2644 1294 2679 longe
1314 2643 1460 2678 purissime
1481 2646 1620 2670 attenuata
1635 2640 1754 2668 reddun-

974 2697 1029 2724 tur,
1058 2696 1086 2718 ut
1111 2691 1296 2718 membranam
1326 2690 1414 2724 ipsum
1441 2688 1602 2715 ambientem
1630 2686 1754 2719 irrigent.

974 2738 1035 2765 Haec
1059 2736 1091 2763 de
1117 2742 1191 2770 parte
1215 2735 1333 2762 hominis
1355 2734 1497 2769 superiore
1512 2733 1545 2760 ad
1562 2733 1614 2759 ima
1630 2731 1753 2763 tendens,
1792 2758 1799 2767 '

975 2783 1124 2816 fistul-.cquc
1135 2782 1161 2808 in
1174 2781 1283 2808 modum
1296 2781 1439 2815 contiguas
1449 2779 1588 2806 vertebras
1599 2780 1754 2811 penetrans,

975 2836 1035 2856 cum
1052 2827 1179 2858 medulla,
1194 2833 1275 2860 quam
1293 2826 1423 2857 continet,
1436 2824 1469 2851 nd
1482 2824 1573 2852 basem
1590 2829 1673 2856 usque
1684 2821 1757 2849 dorsi
