1977 3071
218 122 268 150 25]

836 117 865 145 S.
886 116 1050 145 GREGORII
1069 116 1213 144 NYSSENI

1793 115 1854 149 ass

219 179 316 213 spinae,
330 185 411 212 quam
424 181 535 209 vocant,
547 177 638 204 delata
649 177 750 208 deﬁcit,
765 177 823 211 ipsa
833 177 916 204 etiam
927 177 1006 212 spina

1061 186 1116 212 μιν.
1132 177 1180 203 Διὰ
1197 176 1275 203 τοῦτό
1288 185 1332 212 μοι
1347 175 1420 203 δοκεῖ
1435 176 1482 202 καὶ
1493 175 1698 210 ἀσφαλεστέρας
1712 173 1847 211 ἠξιῶσθαι

219 232 253 252 eo
273 225 331 251 loco
343 223 496 251 desinente.
522 222 633 251 Ossium
648 223 758 257 quidem
776 227 802 250 et
814 223 1007 257 juncturarum

221 270 248 297 in
266 277 382 305 corpore
402 270 594 300 commissuris
610 269 748 301 omnibus,
764 269 882 303 itemque
900 276 1009 295 muscu-

221 316 310 343 lorum
328 316 469 351 principiis
486 316 521 342 ab
533 316 584 343 hac
605 315 772 347 membrana,
800 317 930 349 tanquam
949 322 1009 341 om-

220 361 297 387 nium
314 361 507 392 moderatrice,
524 361 556 388 ad
569 360 718 395 quemlibet
736 365 839 387 motum
858 368 891 388 ac
904 361 1012 396 requie-

221 409 276 432 tem
297 405 412 433 facultas
428 405 540 432 inditur.
564 405 630 432 Eam
649 404 684 431 ob
695 411 817 436 causam,
832 404 867 431 de
883 404 936 431 mei
950 404 1008 439 qui-

223 450 283 482 dem
298 451 382 479 animi
403 451 519 486 judicio,
541 451 640 478 muniri
655 450 726 478 hanc
750 450 833 478 etiam
848 451 934 485 ulagis
958 450 1007 477 ali--

1058 223 1188 258 φρουρᾶς,
1206 223 1254 249 καὶ
1270 221 1340 249 κατὰ
1357 221 1406 257 μὲν
1422 221 1471 258 τὴν
1494 221 1615 256 κεφαλὴν
1628 220 1733 252 διπλαῖς
1745 220 1855 248 ὀστέων,

1059 262 1214 304 περιϐολαῖς
1234 269 1263 294 ὲν
1280 267 1372 303 κύκλῳ
1385 267 1587 303 διειλημμένος,
1604 268 1633 294 ὲν
1650 266 1678 293 δὲ
1690 267 1746 298 τοῖς
1764 275 1848 292 σπον-

1059 314 1146 346 δύλοις
1160 315 1219 346 ταῖς
1237 322 1266 341 τε
1280 308 1337 342 τῶν
1349 313 1475 340 ἀκανθῶν
1494 313 1640 348 προϐολαῖς
1655 313 1702 339 καὶ
1716 314 1776 344 ταῖς
1795 321 1847 339 non

1060 359 1205 394 λυτρόποις
1219 359 1289 386 κατὰ
1302 359 1333 386 τὸ
1344 359 1437 394 σχῆμα
1450 358 1620 390 διαπλοκαῑς.
1633 358 1665 384 δι’
1675 354 1712 384 ὧν
1727 358 1756 384 ἐν
1776 358 1848 383 ἁπα-

1061 405 1121 440 οείᾳ
1148 405 1221 442 πάσῃ
1239 405 1419 439 φυλάττεται,
1436 404 1481 431 διὰ
1496 404 1546 440 τῆς
1564 403 1743 440 περιεχούσης
1766 403 1846 430 αὑτὸν

1060 452 1181 486 φρουρᾶς
1194 451 1224 477 τὸ
1235 451 1353 485 ἀσφαλὲς
1372 450 1451 486 ἔχων.

223 500 334 529 quanto,
350 503 431 532 quam
443 496 564 524 membra
578 500 687 528 caetera,
702 496 890 524 conveniebat.
907 495 1002 531 Itaque
1020 495 1047 523 in
1063 497 1153 532 capite
1166 496 1268 532 duplici
1281 497 1385 524 ossium
1400 497 1503 524 ambitu
1517 497 1590 524 omni
1612 504 1645 524 ex
1672 501 1750 532 parte
1772 502 1848 522 com-

223 541 408 577 prehenditur,
426 542 454 569 in
475 542 612 570 vertebris
634 550 719 577 quum
747 542 914 570 exstantium
946 541 1027 568 veluti
1046 542 1187 577 spinarum
1211 542 1436 578 propugnaculis,
1465 547 1522 569 tum
1546 542 1687 577 multiplici
1725 542 1848 577 ipsarum

223 580 408 614 vertebrarum
438 587 511 615 inter
541 595 601 616 sese
631 595 702 615 nexu
721 595 729 614 :
752 596 807 622 quo
826 588 870 619 lit,
899 591 930 615 ut
953 588 987 615 ab
1012 588 1057 614 illa
1078 596 1186 617 omnem
1213 589 1341 625 injuriam
1368 590 1436 624 hac,
1453 598 1507 626 qua
1527 590 1586 618 lasdi
1608 593 1712 625 posset,
1736 594 1849 617 arceant

222 631 343 666 adeoque
358 636 414 659 tuta
439 633 486 665 sit,
515 633 634 668 quodam
654 633 734 668 quasi
760 634 891 669 prasidio.
907 635 994 669 ipsam
1008 635 1128 671 undique
1137 637 1269 671 sapiente.

256 678 330 705 Idem
356 678 389 712 de
412 679 495 709 corde
518 679 580 706 licet
600 678 768 711 existimare,
793 686 855 706 esse
879 679 1008 707 nimirum

221 723 274 750 hoc
288 724 375 752 instar
390 725 502 752 munita;
522 724 621 754 domus
637 725 712 752 omni
730 732 762 753 ex
789 729 866 759 parte
884 732 1009 759 compre-

221 769 339 797 hensum
361 771 511 804 aptissime,
527 778 560 798 ac
572 771 773 798 circumdatum
788 770 822 797 ab
834 771 944 798 ossibus
958 770 1009 798 du-

221 816 351 844 rissimis.
369 816 436 843 Nam
453 824 469 843 a
487 821 565 852 tergo
582 817 660 852 spina
680 821 723 844 est
737 817 822 848 dorsi,
835 824 917 852 quam
934 822 1008 844 utra-

1099 681 1214 717 Ὁμοίως
1227 682 1249 708 δ’
1260 682 1292 709 ἄν
1307 691 1349 714 τις
1362 683 1410 709 καὶ
1420 684 1483 719 περὶ
1492 683 1541 718 τῆς
1554 683 1666 718 καρδίας
1678 683 1848 718 στοχάσαιτο,

1056 727 1097 753 ὅτι
1114 727 1237 763 καθάπερ
1251 737 1292 759 τις
1303 726 1375 760 οἶκος
1391 729 1513 763 ἀσφαλὴς
1529 729 1597 764 αὕτη
1615 729 1658 756 διὰ
1668 729 1721 755 τῶν
1737 730 1849 765 στερρο-

1057 771 1146 798 τάτων
1162 772 1353 808 περιηρμόσθη
1369 775 1430 805 ταῖς
1446 773 1500 800 τῶν
1516 774 1615 802 ὀστέων
1635 774 1664 800 ὲν
1688 774 1780 809 κύκλῳ
1799 783 1848 801 πε-

1059 819 1160 853 ριοχαῖς
1173 818 1350 854 ὠχυρωμένη.
1368 820 1489 847 Κατόπιν
1505 820 1553 855 μὲν
1567 820 1621 855 γάρ
1642 821 1714 847 ἐστιν
1729 822 1745 856 ἠ
1767 821 1848 856 ῥάχις

222 869 276 897 que
295 867 372 897 parte
399 866 485 891 tutam
510 863 630 898 scapulae.
655 863 783 890 reddunt.
809 862 894 892 Latus
917 867 1006 890 autem

1058 864 1117 895 ταῖς
1138 863 1316 898 ὠμοπλάταις
1343 865 1511 901 ἑκατέρωθεν
1539 866 1745 902 ἡσφαλισμὲνη.
1777 867 1847 893 Καθ’

224 912 369 942 utrumque
383 913 467 935 costae
480 910 640 945 complexae,
657 909 732 944 quod
756 910 827 936 inter
846 909 895 937 has
920 909 1009 937 medio

222 954 284 982 loco
300 954 468 988 continetur,
487 962 521 982 ne
537 954 602 989 quid
619 955 719 982 diversi
733 955 863 990 patiatur,
878 954 1007 983 cilicium.

222 999 302 1028 Parte
323 1000 440 1035 denique
461 1002 551 1028 antica
567 1004 663 1036 pectus
677 1004 705 1028 ct
724 1000 795 1030 binae
810 1000 951 1028 claviculas
962 1007 1010 1028 cor

223 1046 362 1078 muniunt,
381 1051 411 1073 ut
428 1047 479 1074 hoc
495 1046 575 1074 modo
591 1050 677 1074 tutum
692 1047 813 1081 undique
828 1046 898 1074 foret
911 1045 1010 1073 adver-

223 1100 272 1120 sus
298 1100 343 1120 res
362 1100 468 1124 omnes,
497 1100 557 1127 quae
582 1100 626 1120 res
652 1093 702 1127 ipsi
717 1093 758 1120 vel
784 1093 948 1124 molestiam,
967 1092 1010 1120 vel

222 1138 324 1167 malum
341 1139 423 1166 etiam
447 1146 543 1166 creare
565 1143 686 1173 possent.
704 1138 738 1165 Ut
755 1143 844 1166 autem
862 1139 890 1166 in
903 1139 1011 1174 agrico-

222 1183 323 1211 latione
336 1183 457 1211 videmus
469 1184 502 1211 ab
518 1183 604 1211 imbre
617 1183 659 1211 vel
670 1183 819 1210 rivulorum
841 1184 1012 1211 immissione

222 1234 323 1258 terram
348 1229 474 1265 irrigari:
499 1229 573 1263 (nam
600 1233 660 1256 esto
676 1229 787 1264 quidam
811 1229 892 1265 nobis
913 1230 1010 1257 hortus

222 1276 390 1310 propositus,
411 1275 437 1301 in
456 1283 510 1309 quo
526 1274 608 1302 variae
622 1274 678 1302 silit
700 1275 820 1302 maximo
837 1282 952 1302 numero
966 1283 1010 1302 ar-

221 1323 302 1349 bores
317 1322 438 1356 itemque
454 1328 544 1348 rerum
557 1321 647 1348 omnis
657 1320 765 1355 generis
781 1328 796 1348 e
812 1325 884 1348 terra
896 1328 1011 1348 nascen-

221 1368 288 1397 tium
297 1368 412 1403 species,
437 1374 497 1401 quae
514 1366 627 1401 singulae
642 1366 739 1398 forma,
763 1366 902 1402 qualitate,
919 1367 1011 1394 colore

220 1413 366 1449 plurimum
395 1412 541 1440 differant:
568 1416 607 1438 tot
637 1419 681 1438 res
713 1419 775 1438 cum
811 1411 933 1446 ejusdem
957 1413 1009 1439 loci

221 1459 378 1486 nutriantur
396 1458 520 1488 humore,
545 1457 585 1484 vis
602 1461 691 1484 tamen
715 1457 772 1484 haec
787 1465 871 1484 succo
887 1466 938 1485 suo
953 1458 1010 1486 sin-

221 1504 282 1538 gula
318 1503 425 1538 rigans,
454 1507 551 1529 natura
581 1509 630 1530 sua
660 1502 753 1529 eadem
784 1507 853 1530 est:
878 1511 938 1531 cum
965 1512 1009 1532 res

1060 909 1189 946 ἑκάτερον
1201 911 1230 938 δὲ
1245 911 1358 946 πλάγιον
1369 912 1386 947 ἡ
1399 911 1452 938 τῶν
1467 912 1590 949 πλευρῶν
1607 912 1680 944 θέσις
1695 912 1846 947 περιπτύσ-

1062 964 1145 983 σουσα
1162 956 1193 982 τὸ
1209 957 1290 992 μέσον
1306 957 1441 990 δυσπαοὲς
1462 959 1657 994 ἀπεργάζεται.
1688 958 1730 986 Ἐν
1746 959 1774 984 δὲ
1791 960 1847 990 τοῖς

1061 1002 1231 1039 ἔμπροσθεν,
1249 1003 1280 1030 τὸ
1304 1003 1415 1040 στέρνον
1435 1004 1483 1030 καὶ
1499 1005 1516 1039 ἡ
1533 1004 1583 1039 τῆς
1609 1003 1712 1036 κλειδδς
1732 1003 1848 1037 συζυγία

1061 1049 1254 1083 προϐέϐληται,
1270 1048 1308 1080 ὡς
1317 1049 1354 1078 ἂν
1362 1049 1527 1085 πανταχόθεν
1540 1050 1610 1085 αὐτῇ
1618 1050 1648 1076 τὺ
1661 1050 1779 1084 ἀσφαλὲς
1794 1051 1848 1077 ἀπὸ

1060 1093 1114 1120 τῶν
1131 1093 1229 1126 ἔξωθεν
1247 1093 1424 1129 διοχλούντων
1448 1094 1621 1129 φυλάσσοιτο.
1639 1091 1702 1121 Οἷον
1725 1094 1754 1121 δὲ
1777 1095 1848 1122 κατὰ

1061 1139 1109 1175 τὴν
1125 1140 1262 1176 γεωργίαν
1276 1140 1349 1167 ἐστιν
1370 1141 1434 1168 ἰδεῖν
1444 1161 1451 1172 ,
1464 1141 1514 1176 τῆς
1529 1142 1561 1168 ὲκ
1580 1141 1668 1176 νεφῶν
1683 1141 1845 1176 ὲωμὸρίας,

1061 1186 1077 1221 ἢ
1093 1185 1143 1220 τῆς
1155 1186 1209 1212 τῶν
1222 1186 1324 1221 ὀχετῶν
1347 1187 1479 1222 ἐπιρροῆς
1504 1186 1645 1222 διάϐροχον
1663 1186 1790 1220 ποιούσης
1817 1185 1848 1212 τὸ

1061 1230 1249 1264 ὑποκείμενον.
1266 1230 1362 1266 Κῆπος
1375 1231 1404 1257 δέ
1416 1240 1459 1263 τις
1472 1231 1626 1258 ὑποκείσθω
1638 1231 1677 1266 τῷ
1691 1231 1763 1266 λόγῳ
1772 1251 1783 1269 ,_
1794 1241 1847 1267 μυ-

1061 1276 1123 1311 ρίας
1147 1276 1196 1311 μὲν
1209 1276 1325 1312 δένδρων
1344 1276 1489 1313 διαφορὰς,
1507 1277 1680 1309 παντοδαπὰς
1695 1278 1724 1304 δὲ
1744 1278 1798 1303 τῶν
1815 1278 1848 1305 ἐκ

1060 1322 1112 1357 γῆς
1134 1323 1277 1358 φυομένων
1297 1323 1368 1356 ἰδέας
1391 1324 1420 1350 ὲν
1445 1324 1535 1359 ἑαυτῷ
1553 1324 1672 1360 τρέφων,
1690 1321 1728 1351 ὧν
1751 1324 1797 1351 καὶ
1818 1324 1850 1351 τὸ

1061 1368 1166 1403 σχῆμα,
1186 1368 1232 1394 καὶ
1251 1370 1268 1404 ἡ
1291 1369 1420 1404 ποιότης,
1436 1370 1483 1396 καὶ
1499 1371 1515 1405 ἡ
1533 1370 1584 1405 τῆς
1599 1370 1683 1406 χρόας
1704 1369 1802 1405 ἰδιότης
1818 1370 1848 1396 ὲν

1061 1414 1145 1450 πολλῇ
1162 1414 1278 1450 διαφορᾷ
1294 1417 1350 1447 τοῖς
1363 1415 1533 1443 καθέδιαστον
1550 1416 1734 1452 ὲνθεωρεῖται.
1748 1417 1849 1444 Τοσούο

1060 1469 1113 1487 των
1123 1461 1212 1487 τοίνυν
1223 1461 1293 1488 κατὰ
1306 1461 1352 1488 τὸν
1366 1461 1413 1488 ἕνα
1426 1461 1515 1497 χῶρον
1527 1461 1565 1497 τῷ
1573 1462 1650 1498 ὑγρῷ
1659 1462 1846 1498 τρεφομένων,

1060 1507 1077 1541 ἡ
1097 1507 1146 1542 μὲν
1161 1507 1355 1540 ὑπονοτίζουσα
1379 1507 1414 1534 τὰ
1435 1508 1496 1534 καθ’
1511 1508 1626 1535 ἕκαστον
1641 1508 1755 1544 δύναμις
1769 1529 1776 1542 ,
1797 1508 1847 1543 μία

221 1550 287 1584 ipsa:
312 1557 372 1584 qua:
405 1549 580 1580 nutriuntur,
615 1554 726 1576 succum
757 1549 883 1576 haustum
917 1550 1006 1578 diver-

1058 1561 1100 1585 τις
1124 1554 1194 1581 κατὰ
1217 1554 1268 1588 τὴν
1291 1554 1372 1588 φύσιν
1397 1554 1485 1581 ἐστίν·
1504 1555 1521 1590 ἠ
1545 1555 1573 1581 δὲ
1596 1555 1650 1582 τῶν
1671 1555 1847 1590 τρεφομένων

221 1604 266 1624 sas
292 1595 318 1622 iu
350 1595 496 1630 qualitates
524 1599 700 1621 commutent.
735 1595 807 1621 Idem
832 1603 949 1630 namque
981 1597 1006 1623 in

221 1641 358 1670 absinthio
376 1641 545 1667 convertitur
567 1641 594 1667 in
609 1647 759 1668 arnarorem
774 1649 780 1667 :
805 1641 831 1667 in
845 1641 934 1668 cicuta
951 1650 1009 1669 suc-

221 1695 271 1714 cus
296 1687 421 1719 edicitur,
447 1688 493 1722 qui
511 1687 650 1714 interitum
668 1686 762 1713 affert:
787 1687 813 1714 in
837 1688 897 1716 aliis
922 1688 1006 1722 aliud,

219 1733 294 1761 verbi
311 1734 407 1769 gratia,
425 1734 451 1760 in
469 1740 560 1764 croco,
578 1733 708 1764 balsamo,
727 1740 878 1767 papavere:
903 1742 964 1761 nam
980 1735 1007 1762 iu

220 1780 264 1808 his
279 1780 331 1807 vim
348 1780 462 1807 calidum
482 1779 608 1814 acquirit,
625 1779 652 1806 in
670 1779 723 1806 illis
738 1778 873 1814 frigidam,
899 1780 925 1807 in
945 1781 1007 1808 aliis

219 1829 409 1861 temperatam.
435 1824 464 1851 in
488 1825 576 1858 lauro,
597 1823 623 1850 in
642 1823 725 1858 junco
753 1825 876 1855 odorato,
903 1825 929 1851 in
946 1825 1007 1852 aliis

219 1871 376 1906 hujusmodi
393 1871 569 1907 fragrantiam
581 1870 662 1897 habet
676 1879 682 1896 :
695 1870 720 1896 in
735 1869 785 1896 fleo
800 1875 826 1897 et
841 1878 906 1905 pyro
918 1870 1007 1897 dulci-

219 1919 352 1950 tudinem.
373 1917 402 1944 ln
418 1918 472 1944 vite
487 1916 655 1944 convertitur
673 1915 701 1942 in
723 1916 830 1946 bouum
855 1924 886 1942 ae
902 1916 1004 1943 vinum.

220 1963 308 1990 l-Itiam
325 1966 508 1990 commutatur
533 1962 560 1991 in
576 1969 688 1993 succum
703 1961 776 1990 mali.
801 1961 828 1988 in
848 1961 1006 1989 rubedinem

221 2018 300 2041 rosm,
323 2009 350 2036 in
365 2007 537 2043 splendidum
561 2007 608 2034 lilii
633 2007 790 2038 candorem,
811 2007 838 2034 in
860 2008 1005 2034 czeruleum

220 2056 308 2088 viola),
329 2056 357 2082 in
378 2062 543 2090 purpureum
571 2053 710 2089 hyacinthi
729 2054 858 2081 colorem.
886 2054 1007 2090 Denique

219 2100 348 2128 universa
367 2107 426 2134 qua:
440 2105 512 2126 terra
532 2098 646 2133 profert,
669 2106 824 2133 quanquam
840 2099 874 2125 ab
891 2107 945 2126 uno
960 2107 1006 2127 e0-

220 2146 336 2180 demque
361 2145 475 2173 humore
503 2144 683 2178 proveniant:
702 2144 889 2171 diversissima
915 2149 1005 2173 tamen

219 2191 384 2221 eiliciuutur.
402 2191 459 2218 sive
476 2191 600 2226 ﬁguram,
621 2191 678 2218 sive
700 2189 828 2225 speciem,
845 2190 903 2218 sive
918 2191 1005 2225 quali-

219 2242 288 2271 tates
301 2237 470 2272 singulorum
484 2236 618 2271 spectes.)

255 2282 414 2317 llujusmodi
435 2282 570 2316 quoddam
587 2286 681 2309 nostro
703 2281 784 2308 etiam
806 2282 832 2308 iu
849 2290 925 2318 agro,
955 2283 1002 2310 illo

218 2329 330 2363 inquam
350 2329 479 2360 animato,
504 2327 692 2354 admirandum
715 2335 784 2362 opus
809 2333 912 2355 naturae
937 2337 1004 2356 con-

217 2375 347 2410 spicitur:
378 2378 483 2401 natura:
505 2373 588 2400 dico?
615 2373 669 2400 imo
695 2381 760 2401 vero
787 2374 874 2408 ipsius
899 2379 1003 2402 natura:

218 2421 335 2448 Domini.
360 2418 439 2452 Ossa,
465 2418 650 2453 cartilagines,
670 2426 754 2452 venae,
776 2420 893 2452 arterize,
914 2421 1000 2453 nervi,

216 2468 374 2503 ligamenta,
395 2473 503 2497 carnes,
525 2465 606 2498 cutis,
624 2465 796 2500 pinguitudo,
822 2466 924 2501 capilli,
943 2474 1003 2493 uiu.

216 2513 297 2542 sculi,
308 2520 423 2547 ungues,
435 2511 518 2543 oculi,
530 2519 621 2544 nares,
633 2519 725 2543 aures,
737 2511 893 2546 hujusmodi
905 2517 1001 2540 caetera

216 2566 331 2587 numero
345 2566 429 2594 prope
440 2557 556 2588 infinita,
571 2557 688 2585 diversis
701 2565 716 2584 a
731 2565 760 2585 se
772 2557 887 2584 invicem
904 2557 1002 2585 distin~

215 2610 259 2632 cta
279 2604 501 2640 proprietatibus,
516 2612 570 2634 una
588 2604 766 2631 nihilominus
788 2603 937 2637 eademque
951 2603 1001 2630 ali-

215 2651 299 2679 menli
311 2651 411 2686 specie,
425 2655 505 2686 prout
515 2651 634 2685 ipsorum
648 2655 744 2677 natura
755 2649 816 2681 fert,
827 2650 996 2676 nutriuntur:

215 2698 251 2724 ita
266 2700 295 2724 ut
314 2697 391 2724 cibus
410 2703 472 2723 cum
487 2703 502 2722 a
519 2696 649 2723 membris
672 2695 786 2730 singulis
810 2703 895 2729 prope
908 2695 996 2728 abest,

215 2742 274 2775 ejus
296 2741 322 2768 in
338 2745 464 2768 naturam
479 2745 666 2771 convertatur,
691 2739 734 2766 cui
755 2747 815 2766 sese
833 2740 1000 2774 adjunserit.

216 2787 244 2813 Si
259 2787 292 2814 ad
305 2788 414 2814 oculum
428 2786 578 2816 deferatur,
593 2785 665 2813 oculi
681 2785 713 2811 ad
728 2790 852 2812 naturam
867 2791 1001 2822 tempera-

217 2838 276 2858 tur:
295 2837 318 2860 cl
349 2838 427 2867 prout
450 2833 513 2867 ipsa:
532 2832 557 2859 iu
579 2831 657 2859 oculo
675 2831 775 2859 tunica)
798 2831 912 2860 diversae
937 2838 1001 2860 sunt

1061 1599 1159 1634 ἰδιότης
1169 1620 1176 1631 ,
1195 1602 1234 1632 είς
1248 1600 1391 1636 διαφόρους
1410 1600 1440 1627 τὸ
1455 1600 1538 1636 ὑγρὸν
1561 1601 1723 1636 μεταϐάλλει
1738 1602 1849 1636 ποιότης

1057 1654 1116 1678 τας.
1133 1646 1169 1672 Τὸ
1187 1646 1241 1682 γὰρ
1258 1647 1324 1673 αὐτὸ
1349 1647 1523 1683 πικραίνεται
1547 1647 1596 1682 μὲν
1617 1647 1646 1674 ὲν
1669 1649 1702 1683 τῇ
1724 1647 1845 1682 ἀψίνθῳ·

1058 1692 1098 1723 εἰς
1116 1691 1278 1727 φθοροποιὸν
1295 1692 1322 1718 δὲ
1340 1692 1425 1727 χυμὸν
1445 1693 1474 1720 ὲν
1488 1693 1528 1728 τῷ
1545 1693 1651 1728 κωνείῳ
1671 1692 1846 1728 μεθίσταται*

1058 1734 1105 1760 καὶ
1125 1734 1188 1761 ἄλλο
1203 1735 1232 1761 ὲν
1247 1735 1318 1771 ἄλλῳ
1339 1735 1453 1770 γίνεται,
1472 1737 1501 1763 ἐν
1516 1736 1607 1772 κρόκῳ
1617 1756 1625 1768 ,
1645 1737 1674 1764 ἐν
1695 1737 1826 1772 βαλσάμῳ
1838 1758 1845 1771 ,

1058 1778 1086 1803 ὲν
1113 1779 1232 1813 μήκωνι.
1253 1779 1298 1814 Τῷ
1316 1779 1364 1814 μὲν
1379 1781 1433 1816 γὰρ
1447 1780 1673 1816 ἐκθερμαίνεται,
1688 1781 1728 1816 τῷ
1746 1781 1773 1807 δὲ
1790 1791 1848 1808 κα-

1057 1824 1216 1859 ταψύχεται,
1225 1825 1264 1860 τῷ
1274 1826 1302 1852 δὲ
1315 1827 1400 1862 μέσην
1416 1827 1472 1862 ἔχει
1486 1827 1626 1863 ποιότητα.
1641 1827 1697 1854 Καὶ
1708 1829 1735 1854 ὲν
1747 1828 1846 1865 δάφνῃ,

1057 1870 1104 1896 καὶ
1118 1870 1148 1896 ὲν
1164 1871 1277 1906 σχοίνῳ,
1298 1873 1344 1898 καὶ
1359 1873 1414 1903 τοῖς
1430 1872 1560 1905 τοιούτοις
1580 1873 1696 1900 εὔπνουν
1711 1874 1784 1900 ἐστίν
1794 1882 1801 1889 ·
1817 1875 1846 1902 ὲν

1058 1916 1126 1949 συκῇ
1144 1914 1172 1941 δὲ
1185 1915 1232 1941 καὶ
1244 1915 1308 1951 ὄχνῃ
1325 1916 1539 1952 κατεγλυκάνθη.
1558 1917 1612 1943 Καὶ
1628 1916 1673 1943 διὰ
1687 1916 1738 1951 τῆς
1753 1917 1846 1951 ἀμπέο

1056 1959 1102 1987 λου
1119 1961 1215 1997 βότρυς
1227 1963 1274 1989 κα)⁸
1287 1959 1357 1993 οῐνος
1372 1962 1479 1996 ἐγένετο
1488 1971 1494 1977 ·
1512 1963 1558 1989 καὶ
1572 1963 1585 1989 ὁ
1595 1962 1641 1988 τοῦ
1656 1963 1741 1997 μήλου
1755 1963 1845 1997 χυλὸς,

1057 2008 1105 2035 καὶ
1121 2008 1151 2034 τὸ
1166 2008 1212 2034 τοῦ
1227 2008 1302 2043 ῥόδου
1321 2009 1475 2044 ἑρύθρημα,
1493 2009 1540 2036 καὶ
1555 2009 1586 2036 τὺ
1601 2008 1648 2036 τοῦ
1665 2009 1760 2045 κρίνου
1776 2009 1847 2045 λαμ-

1057 2054 1136 2090 πρὸν,
1154 2055 1201 2081 καὶ
1216 2055 1246 2081 τὸ
1270 2054 1396 2086 κυανίζον
1418 2055 1466 2081 τοῦ
1483 2055 1523 2081 ἴου
1534 2075 1541 2087 ,
1559 2056 1605 2082 καὶ
1628 2055 1659 2082 τὸ
1677 2057 1846 2091 πορφυραϊον

1055 2100 1106 2135 τῆς
1128 2099 1254 2126 ὑακίνθου
1274 2100 1362 2136 βαφῆς
1375 2121 1382 2132 ,
1399 2101 1446 2127 καὶ
1472 2101 1551 2127 πάνθ’
1572 2102 1622 2127 ὅσα
1642 2101 1713 2128 κατὰ
1727 2102 1776 2136 τὴν
1792 2101 1845 2136 γῆν

1056 2146 1130 2172 ἐστιν
1147 2146 1220 2179 ἰδεῖν,
1237 2147 1268 2172 ὲκ
1289 2147 1352 2180 μιᾶς
1367 2147 1414 2173 καὶ
1427 2147 1476 2181 τῆς
1491 2147 1576 2182 αὐτῆς
1598 2147 1712 2182 ίκμάδος
1724 2147 1845 2174 ἀναὸλα-

1059 2192 1189 2218 στάνοντα
1201 2211 1207 2223 ,
1221 2192 1260 2222 εἰς
1269 2190 1407 2222 τοσαύτας
1415 2190 1548 2226 διαφορὰς
1561 2191 1631 2217 κατά
1647 2199 1675 2216 τε
1688 2190 1719 2217 τδ
1732 2191 1825 2226 σχῆμα
1835 2210 1846 2223 ,

1059 2236 1105 2268 καὶ
1118 2236 1148 2262 τὺ
1165 2234 1244 2267 εἶδος,
1258 2236 1306 2262 καὶ
1322 2236 1370 2267 τὰς
1387 2236 1533 2272 ποιότητας
1548 2236 1727 2271 διακρίνεται.

1094 2280 1218 2308 Τοιοῦτόν
1233 2288 1259 2307 τι
1272 2281 1318 2308 καὶ
1337 2281 1407 2308 κατὰ
1424 2282 1473 2317 τὴν
1487 2281 1606 2316 ἔμψυχον
1630 2280 1708 2316 ἡμῶν
1724 2281 1845 2316 ἄρουραν

1058 2326 1297 2362 Θαυματοποιεῖται
1316 2327 1391 2362 παρὰ
1406 2327 1456 2361 τῆς
1473 2327 1595 2361 φύσεως,
1614 2326 1714 2361 μᾶλλον
1724 2326 1755 2352 δὲ
1768 2327 1844 2362 παρὰ

1056 2371 1102 2398 τοῦ
1124 2372 1258 2398 Δεσπότου
1277 2373 1393 2406 φύσεως.
1414 2372 1510 2399 Ὀστέα
1526 2372 1575 2399 καὶ
1593 2372 1713 2407 χόνδροι,
1727 2371 1841 2406 φλέϐες,

1054 2418 1201 2454 ἀρτηρίαι,
1215 2418 1315 2454 νεῦρα,
1330 2418 1481 2454 σύνδεσμοι,
1506 2419 1616 2454 σάρκες,
1637 2419 1734 2454 δέρμα,
1758 2426 1840 2453 πιμε-

1055 2463 1115 2496 λαὶ,
1132 2464 1239 2500 τρίχες,
1257 2465 1365 2496 ἀδένες,
1381 2465 1486 2500 δνυχες,
1515 2465 1665 2500 ὀφθαλμοὶ,
1684 2464 1838 2500 μυκτῆρες.

1053 2507 1126 2544 ὦτα,
1155 2511 1245 2538 πάντα
1273 2511 1308 2538 τὰ
1337 2511 1468 2543 τοιαῦτα,
1495 2512 1543 2538 κα)⁸
1578 2511 1662 2547 μυρία
1689 2511 1757 2546 πρὸς
1783 2511 1841 2538 τού-

1053 2566 1107 2589 τοις
1135 2556 1202 2584 ἄλλα
1228 2557 1367 2593 διαφόροις
1396 2557 1523 2591 ἰδιότησιν
1557 2557 1604 2584 ἀπ’
1643 2557 1765 2592 ἀλλήλων
1798 2565 1841 2582 κε-

1053 2602 1227 2637 χωρισμένα,
1256 2602 1307 2637 μιᾷ
1327 2604 1359 2637 τῇ
1385 2603 1433 2638 τῆς
1459 2603 1563 2638 τροφῆς
1583 2602 1639 2637 ἰδέᾳ.
1667 2602 1841 2637 καταλλήλως

1051 2649 1084 2682 τῇ
1108 2647 1212 2674 ἑαυτῶν
1237 2648 1368 2683 τρέφεται
1392 2647 1486 2682 φύσει,
1507 2647 1545 2679 ὡς
1567 2647 1674 2682 ἑκάστῳ
1702 2647 1756 2674 τῶν
1775 2648 1838 2673 ὑπο-

1049 2694 1181 2728 κειμένων
1209 2694 1259 2728 τὴν
1287 2695 1389 2729 τροφὴν
1420 2694 1667 2729 προσεγγίσασαν,
1697 2690 1772 2728 ᾧπερ
1805 2693 1839 2719 ἂν

1048 2739 1201 2776 ἐμπελάσῃ,
1217 2742 1276 2766 κατ’
1299 2741 1386 2766 ἐκεῖνο
1404 2741 1450 2766 καὶ
1470 2739 1653 2772 ἀλλοιοῦσθαι,
1673 2739 1776 2765 οἰκείαν
1792 2738 1839 2765 καὶ

1051 2784 1160 2819 συμφυῆ
1181 2786 1212 2819 τῇ
1239 2784 1286 2810 τοῦ
1306 2785 1405 2820 μέρους
1432 2785 1543 2820 ἰδιότητι
1562 2784 1719 2820 γινομένην.
1736 2784 1767 2811 Et
1783 2783 1838 2818 γὰρ

1051 2831 1120 2858 κατὰ
1135 2831 1179 2858 τὸν
1193 2830 1331 2865 ὀφθαλμὸν
1351 2832 1464 2866 γένοιτο,
1485 2831 1523 2866 τῷ
1536 2831 1655 2867 ὁρατικῷ
1672 2831 1758 2866 μορίῳ
1775 2837 1837 2864 συγσ
