1977 3071
113 136 168 164 2ἶῦ

711 131 753 158 DE
774 131 914 159 HOMINIS
931 131 1085 160 OPlFlClO.

1687 130 1741 163 956

114 189 284 226 κατεκράθη,
297 189 342 216 καὶ
353 189 487 224 τῶνπερὶ
500 188 546 215 τὸν
557 188 693 224 ὀφθαλμὸν
706 188 827 224 χιτώνων
840 190 900 220 ταῖς

952 189 1023 216 inter
1046 195 1086 219 se,
1116 187 1156 214 sic
1176 186 1259 214 etiam
1284 186 1481 213 nutrimentum
1501 178 1607 213 ratione
1622 185 1739 221 singulis

113 236 258 271 διαφοραῖς
279 235 385 266 οἰκείως
408 235 448 266 είς
471 231 588 261 ἕκαστον
608 234 803 270 κατεμερίσθη.
819 235 851 261 Εἰ
872 235 901 261 δὲ

113 284 171 313 τοῖς
187 281 257 308 κατά
271 280 319 316 τὴν
333 281 418 316 ἀκοὴν
435 281 546 316 μέρεσιν
561 281 689 315 ἐπιρρυῇ,
704 282 737 315 τῇ
752 281 900 316 ἀκουστικῇ

113 326 316 361 καταμίγνυται
336 325 434 360 φύσει·
461 325 508 352 καὶ
528 326 556 351 ὲν
572 325 654 360 χείλει
671 324 826 359 γενόμενον,
847 327 902 359 χεῖ-

113 371 160 402 λος
173 372 295 405 ἐγένετο·
309 371 356 398 καλι
370 371 399 396 ὲν
417 370 501 405 ὀστέῳ
519 371 670 404 πήγνυται,
690 370 737 396 καὶ
760 370 788 395 ὲν
809 369 900 405 μυελῷ

113 416 293 448 ἁπαλὺνεται,
309 416 356 443 καὶ
372 415 495 442 τονοῦται
515 415 584 450 μετὰ
606 414 651 441 τοῦ
674 414 769 450 νεύρου
782 436 789 447 ,
804 415 851 441 καὶ
867 417 900 451 τῇ

115 460 262 496 ἐπιφανείᾳ
275 460 523 496 συμπεριτείνεται,
536 459 583 486 καὶ
596 460 635 491 είς
649 459 746 495 ὄνυχας
759 459 902 492 διαϐαίνει,

115 507 164 533 καὶ
175 508 214 538 είς
229 507 330 542 τριχῶν
339 507 443 540 γένεσιν
456 506 654 532 λεπτοποιεῖται
662 507 716 537 τοῖς
728 506 903 541 καταλλήλοις

115 552 225 587 ᾄτμοῖς.
238 553 269 578 Εἰ
282 552 331 586 μὲν
345 551 388 578 διὰ
399 551 512 578 σκολιῶν
525 551 671 586 προάγοιτο
684 551 786 586 πόρων,
797 551 903 578 obtorti—

117 606 170 633 ρας
191 605 222 624 τε
235 598 283 624 καὶ
303 596 553 632 κατηγκυλωμένας
570 596 620 628 τὰς
634 596 729 632 τρίχας
743 596 882 631 ὲκφύουσα
895 616 902 629 ,

115 645 142 671 εἰ
165 643 195 670 δὲ
220 643 254 670 δι’
269 643 376 674 εὐθείας
392 642 408 677 ἡ
424 642 478 669 τῶν
501 642 664 677 τριχοποιῶν
687 643 781 678 ἀτμῶν
798 643 903 676 γένοιτο

115 688 240 724 πρόοδος,
251 688 403 724 τεταμένας
412 696 442 713 τε
457 688 503 714 καὶ
516 687 623 719 εὐθείας
636 689 801 724 προάγουσα.
823 688 904 714 Ἀλλὰ

116 735 185 762 πολὺ
199 735 254 761 τῶν
267 735 455 771 προκειμένων
469 735 482 760 ὁ
497 734 573 769 λόγος
587 735 652 769 ἡμῖν
667 734 902 769 ὰποπεπλᾴνηται,

115 782 173 813 τοῖς
185 781 275 816 ἔργοις
289 780 448 816 ἐμϐαθύνων
470 780 518 815 τῆς
538 779 654 814 φύσεως,
670 779 717 806 καὶ
732 779 903 814 ὑπογράφειν

117 826 274 862 ἐπιχειρῶν,
299 826 373 857 ὅπως
393 826 458 861 ἡμῖν
474 826 521 851 καὶ
543 823 572 857 ἐξ
590 824 690 851 ὁποίων
707 824 854 858 συνέστηκε
870 823 904 850 τὰ

117 874 297 904 καθέκαστον,
312 871 384 898 τάτε
403 871 470 906 πρὸς
491 871 521 897 τὸ
544 870 606 906 ζῇν,
628 870 722 897 καὶτὰ
740 870 807 904 πρὸς
824 869 854 896 τὸ
873 867 902 903 εὖ

117 919 179 955 ζῇν,
195 919 241 945 καὶ
255 918 282 944 ετ
293 926 319 945 τι
336 916 405 952 μετὰ
416 916 517 944 τούτων
532 916 624 951 ἕτερον
640 915 711 942 κατὰ
724 915 773 950 τὴν
790 915 902 950 πρώτην

116 964 246 999 διαίρεσιν
268 963 428 999 ἐνοήσαμεν.
444 963 481 988 Τὸ
500 961 554 997 γὰρ
575 961 753 997 προκείμενον
768 959 801 996 ἦν
818 961 903 994 δεῖξαι

117 1009 167 1044 τὴν
184 1009 373 1044 σπερματικὴν
384 1008 434 1043 τῆς
450 1007 606 1038 συστάσεως
626 1006 704 1043 ἡμῶν
720 1006 821 1036 αἰτίαν.
834 1007 902 1041 μήτε

117 1054 264 1088 ἀσώματον
284 1051 352 1080 εἶναι
368 1053 467 1089 ψυχὴν,
487 1053 555 1088 μήτε
569 1052 672 1087 ἄψυχον
695 1051 784 1087 σῶμα,
800 1044 857 1078 ἀλλ’
874 1051 904 1084 ἐξ

117 1098 248 1133 ἐμψύχων
262 1106 291 1124 τε
309 1097 356 1124 καὶ
376 1096 485 1129 ζώντων
506 1096 639 1131 σωμάτων
654 1095 707 1128 ζῶν
721 1096 768 1122 καὶ
783 1095 903 1130 ἔμψυχον

119 1144 196 1179 παρὰ
211 1143 259 1177 τὴν
275 1143 383 1179 πρώτην
401 1142 599 1177 ἀπογεννᾶσθαι
613 1141 681 1173 ζῶον
695 1150 702 1156 ·
721 1140 902 1176 ὲκδεξαμὲνην

118 1190 148 1222 δὲ
161 1190 210 1225 τὴν
225 1189 396 1224 ἀνθρωπίνην
409 1189 499 1223 φύσιν,
518 1187 643 1223 καθάπερ
656 1187 716 1213 τινὰ
731 1186 830 1222 τροφὸν
844 1187 903 1217 ταῖς

118 1235 232 1267 οίκείαις
245 1234 394 1269 δυνάμεσιν
413 1233 497 1268 αὐτὴν
511 1231 709 1268 τιθηνήσασθαι
720 1239 727 1246 '
742 1231 791 1266 τὴν
804 1231 831 1257 δὲ
844 1231 904 1266 τρέ-

117 1280 214 1316 φεσθαι
232 1281 290 1307 κατ’
306 1280 459 1315 ἀμφότερα,
483 1279 531 1306 καὶ
547 1278 721 1313 καταλλήλως
737 1278 766 1304 ὲν
782 1277 903 1312 ἑκατέρῳ

118 1325 197 1365 μέρει
218 1325 267 1361 τὴν
288 1324 401 1360 αΰξησιν
420 1323 546 1358 ἐπίδηλον
568 1323 650 1358 ἔχειν.
673 1322 761 1354 Εὐθὺς
782 1319 831 1358 μὲν
847 1322 902 1357 γὰρ

114 1370 160 1406 διὰ
171 1371 220 1406 τῆς
236 1370 362 1405 τεχνικῆς
380 1369 482 1404 ταύτης
500 1369 547 1396 καὶ
562 1369 775 1404 ὲπιστημονικῆς
789 1367 903 1394 διαπλά-

117 1425 188 1448 σεως
207 1415 255 1451 τὴν
271 1415 520 1450 συμπεπλεγμένην
545 1415 613 1450 αὐτῇ
638 1415 687 1449 τῆς
706 1413 795 1449 ψυχῆς
818 1414 902 1440 ἐνδεί-

118 1471 217 1490 κνυται
236 1462 360 1497 δύναμιν,
378 1461 562 1496 ἀμυδρότερον
577 1460 625 1495 μὲν
643 1459 713 1486 κατὰ
725 1459 773 1495 τὴν
791 1459 902 1495 πρώτην

119 1507 329 1542 ὲκφαινομένην,
348 1505 465 1540 καθεξῆς
478 1506 506 1532 δὲ
525 1506 557 1542 τῇ
573 1505 620 1532 τοῦ
635 1504 751 1541 ὀργάνου
763 1504 903 1531 τελειώσει
914 1519 936 1548 c

117 1552 389 1587 auvavalo'tprrouoav,
405 1549 466 1578 Οἷον
480 1550 508 1577 δὲ
523 1549 632 1576 ἐπὶτῶν
647 1549 814 1584 λιθογλύςςων
829 1549 901 1583 ἐστιν
916 1549 918 1551 ⁷

119 1598 192 1625 ἰδεῖν.
213 1597 360 1633 Πρόκειται
377 1596 426 1632 μὲν
440 1595 494 1631 γὰρ
513 1594 552 1630 τῷ
565 1595 675 1631 τεχνίτῃ
690 1594 758 1626 ζώου
773 1593 846 1626 τινὸς
861 1592 901 1620 εἷ-

115 1644 160 1675 δος
176 1643 204 1669 ἐν
216 1643 280 1679 λίθῳ
291 1642 385 1675 δεῖξαι·
401 1640 480 1668 τοῦτο
494 1640 522 1667 δὲ
538 1640 716 1676 προθέμενος,
734 1639 841 1674 πρῶτον
853 1639 901 1679 μὲν

116 1689 161 1716 τὸν
175 1688 246 1714 λίθον
261 1677 310 1722 τῆς
325 1686 465 1722 συμφυοῦς
481 1685 546 1720 ὕλης
559 1685 714 1725 ἀπέρρηξεν
728 1694 734 1700 ·
753 1683 813 1712 εἶτα
828 1677 903 1720 πέρι-

116 1734 201 1769 mea;
213 1733 294 1760 αὑτοῦ
306 1732 340 1759 τὰ
356 1732 480 1768 περιττὰ,
495 1732 634 1767 προήγαγέ
648 1740 706 1763 πως
717 1730 761 1757 διὰ
774 1729 820 1757 τοῦ
832 1729 903 1765 πρώ-

115 1787 162 1810 του
184 1779 323 1814 σχήματος
344 1779 378 1813 τῇ
395 1777 509 1813 μιμήσει
525 1777 558 1812 τῇ
574 1775 645 1802 κατὰ
667 1775 806 1811 πρόθεσιν,
830 1775 901 1802 ὥστε

115 1823 164 1851 καὶ
176 1823 221 1850 τὸν
237 1823 349 1858 ἄπειρον
360 1821 403 1848 διὰ
417 1821 472 1854 τῷν
484 1820 654 1855 φαινομένων
667 1819 713 1846 τοῦ
735 1819 836 1846 σκοποῦ
850 1820 901 1855 τῆς

115 1869 213 1905 τέχνης
237 1866 503 1902 καταοτοχάσασοαι.
538 1865 623 1891 Πάλιν
649 1866 875 1900 ὲπεργασάμενος
891 1885 898 1898 ,

115 1915 285 1950 προσήγγισε
303 1913 383 1939 πλέον
401 1913 434 1947 τῇ
448 1911 586 1946 ὁμοιότητι
601 1910 648 1937 τοῦ
671 1910 898 1947 σπουδαζομὲνου.

116 1959 182 1988 Εἶτα
192 1960 222 1986 τὺ
238 1959 338 1986 τέλειον
351 1959 396 1985 καὶ
407 1958 518 1993 ἀκριϐὲς
530 1957 599 1989 εἶδος
619 1958 850 1993 ἐγχειρουργήσας
866 1958 898 1994 τῇ

116 2006 176 2042 ὕλῃ,
192 2007 231 2037 είς
246 2005 332 2041 πέρας
343 2004 391 2040 τὴν
404 2005 501 2039 τέχνην
515 2004 655 2039 προήγαγε
669 2011 674 2018 ·
691 2003 738 2030 καὶ
752 2003 808 2030 ἔστι
820 2003 898 2038 λέων,

114 2053 130 2089 ῆ
146 2054 160 2080 ὃ
173 2061 200 2079 τι
212 2052 245 2079 ἂν
261 2051 329 2087 τύχῃ
346 2050 420 2086 παρὰ
434 2049 480 2076 τοῦ
500 2050 619 2084 τεχνίτου
635 2049 789 2084 γενόμενον,
813 2050 827 2076 ὁ
847 2051 899 2086 πρὸ

115 2096 228 2132 βραχέος
243 2096 348 2130 ἄσημος
372 2095 445 2126 λίθος
459 2103 466 2110 ·
482 2094 511 2121 οὐ
534 2095 583 2129 τῆς
600 2093 665 2129 ὕλης
683 2094 752 2129 πρὸς
780 2094 809 2120 τὺ
832 2093 900 2126 εἶδος

114 2141 330 2177 ὐπαμειφθείσης
342 2163 349 2174 ,
369 2141 436 2168 ἀλλὰ
457 2141 503 2167 τοῦ
525 2140 612 2175 εἰξδους
627 2140 846 2177 ὲπιτεχνηθέντος
865 2141 898 2176 τῇ

114 2188 174 2223 ὕλῃ.

953 234 1131 262 conveniente
1142 232 1327 260 distribuitttr.
1342 231 1370 259 Si
1383 232 1416 258 ad
1431 235 1524 266 partes
1535 231 1641 259 auditui
1656 232 1742 259 desti-

952 285 1031 307 natas
1045 278 1175 312 continuat,
1191 277 1349 305 earumdem
1372 282 1476 305 naturae
1491 279 1640 306 miscetur:
1670 279 1742 305 sicut

953 325 981 352 in
995 325 1090 357 labris,
1106 325 1253 352 labrorum.
1266 324 1296 350 ln
1311 323 1420 351 ossibus
1433 324 1567 357 durescit;
1581 324 1608 350 in
1624 322 1741 350 medulla

952 374 1076 398 tenerum
1096 370 1305 398 etlicitur:.cum
1319 377 1402 397 nervo
1420 370 1550 401 tenditur,
1566 376 1628 396 cum
1646 376 1742 404 supero

952 415 1012 443 ﬁcie
1025 416 1147 450 partibus
1160 416 1266 443 caeteris
1279 415 1467 443 circumdatur
1481 425 1486 442 :
1505 415 1579 450 ipsos
1596 415 1622 441 in
1637 422 1741 449 ungues

952 465 1088 496 penetrat,
1115 465 1142 489 et
1162 462 1190 488 in
1209 461 1309 488 halitus
1322 460 1389 488 adeo
1405 465 1499 488 tenues
1514 460 1695 491 convertitur,
1712 463 1742 486 ut

952 507 986 535 de
1004 507 1038 535 iis
1056 507 1147 534 crines
1160 498 1241 534 etiam
1257 508 1392 534 oriantur.
1413 505 1453 532 Ac
1467 506 1490 532 si
1505 506 1612 540 quidem
1624 513 1672 539 per
1687 509 1743 531 tor-

953 559 1048 581 tuosos
1074 558 1181 585 meatus
1199 552 1312 584 feratur,
1340 552 1445 586 crispos
1468 556 1494 579 et
1523 550 1637 578 inllexos
1652 550 1743 577 crines

953 603 1074 635 generat,
1092 600 1133 626 sin
1149 599 1231 627 iidem
1249 599 1361 630 halitus.
1385 599 1418 626 de
1438 598 1539 633 quibus
1560 597 1626 624 oriri
1650 603 1743 623 cotnas

953 645 1083 678 diximus,
1110 653 1158 680 per
1183 649 1274 672 rectos
1301 649 1408 672 meatus
1432 648 1539 675 exeant,
1558 644 1638 670 etiam
1657 649 1743 669 comae

953 695 1038 719 tensae
1057 696 1084 719 et
1101 697 1182 719 rectm
1199 694 1289 719 erunt.
1319 690 1371 718 Sed
1387 690 1459 717 enim
1479 689 1558 724 longe
1570 688 1603 715 ab
1619 688 1744 715 instituto

953 737 1075 772 digressa
1088 738 1177 764 oratio
1191 741 1243 768 est,
1263 737 1327 764 dum
1341 737 1423 764 altius
1439 739 1544 763 natum
1559 734 1687 769 operibus
1701 734 1744 760 in-

954 782 1047 814 ltaarct,
1063 785 1090 819 et
1102 782 1189 809 oculis
1204 782 1281 817 quasi
1299 782 1434 816 subjicere
1454 784 1579 813 conatur,
1597 787 1651 814 quo
1664 783 1744 814 pacto

954 831 979 853 et
993 827 1065 854 unde
1077 827 1183 862 singula
1196 828 1223 854 in
1239 827 1319 854 nobis
1332 827 1477 858 exsistant,
1498 833 1560 853 cum
1578 833 1638 861 qua:
1653 825 1686 852 ad
1702 825 1743 851 vi-

920 859 940 888 B
956 872 1083 905 vI-ndum,
1101 859 1158 900 tu-m
1171 881 1232 908 qua:
1246 873 1279 900 ad
1291 873 1413 908 jucunde
1425 873 1570 900 vivendum
1586 859 1744 906 comparata

955 922 1035 946 sunt:
1053 921 1079 945 et
1094 917 1118 945 si
1130 917 1195 952 quid
1214 918 1295 945 etiam
1316 923 1414 953 praeter
1427 918 1483 945 haec
1501 916 1529 944 in
1543 916 1623 943 nobis
1635 920 1688 947 est,
1715 915 1744 943 in

955 962 1100 996 ρπιίιίοιιο
1114 963 1256 997 superiore
1271 963 1510 998 comprehensum.
1530 961 1585 990 Nos
1598 966 1688 989 autem
1705 961 1745 988 in-

954 1008 1130 1037 stitueramus
1154 1009 1344 1037 demonstrare
1364 1017 1476 1036 causam
1500 1008 1558 1037 sive
1578 1007 1744 1043 principium

954 1057 1060 1080 natum
1086 1059 1197 1086 nostrae,
1226 1054 1299 1089 quod
1331 1054 1435 1081 semine
1463 1054 1630 1084 continetur,
1657 1059 1746 1087 neque

954 1099 1078 1127 animum
1094 1107 1154 1126 esse
1169 1100 1228 1126 sine
1245 1107 1370 1134 corpore,
1392 1106 1480 1134 neque
1495 1106 1595 1133 corpus
1611 1098 1671 1126 sine
1685 1098 1745 1124 ani-

954 1152 1015 1171 mo:
1033 1143 1081 1171 sed
1097 1151 1131 1171 ex
1152 1145 1313 1179 corporibus
1343 1145 1471 1171 animatis
1493 1151 1525 1171 ac
1546 1144 1626 1175 vivis,
1652 1144 1744 1170 virum

954 1193 981 1218 et
994 1190 1144 1217 anitnatum
1163 1191 1221 1224 ipso
1237 1190 1278 1217 sui
1294 1190 1373 1217 initio
1385 1190 1486 1217 animal
1501 1189 1653 1224 procreari,
1670 1188 1744 1223 quod

954 1235 1073 1262 humana
1096 1237 1195 1263 natura
1218 1236 1297 1271 quasi
1312 1236 1402 1263 nutrix
1427 1236 1578 1270 excipiens,
1609 1235 1667 1262 suis
1685 1235 1745 1269 ipsa

956 1280 1134 1309 facultatibus
1146 1281 1211 1313 alat,
1222 1282 1314 1316 itaque
1327 1281 1425 1308 nutriri
1438 1280 1587 1308 secundum
1600 1285 1745 1315 utramque

954 1329 1069 1360 partem,
1101 1333 1163 1353 cum
1194 1325 1303 1360 quidem
1331 1326 1451 1353 accretio
1466 1327 1536 1361 parti
1552 1326 1660 1360 utrique
1679 1332 1746 1352 con-

955 1374 1085 1398 sentanea
1106 1371 1252 1399 manifesto
1271 1371 1503 1406 deprehendatur.
1520 1371 1588 1398 Nam
1606 1371 1698 1399 statim
1710 1369 1746 1398 ab

953 1417 1032 1445 initio
1056 1425 1105 1452 per
1130 1417 1306 1444 artificiosam
1322 1421 1348 1444 et
1364 1418 1495 1452 singulari
1508 1417 1543 1445 ab
1564 1416 1745 1451 intelligentia

954 1462 1106 1497 profectam
1122 1463 1246 1496 corporis
1258 1462 1458 1494 formationem,
1476 1463 1566 1491 inesse
1582 1463 1645 1490 huic
1660 1462 1745 1489 faculs

955 1511 1036 1535 tatem
1054 1507 1138 1534 animi
1159 1507 1324 1539 ostenditur,
1349 1512 1525 1543 apparentem
1546 1508 1620 1534 illam
1635 1507 1745 1542 quidem

951 1553 1159 1581 obscuriuscule
1183 1554 1234 1581 sttb
1254 1554 1374 1586 initium,
1391 1554 1438 1582 sed
1453 1554 1550 1589 deinde
1566 1553 1690 1588 corporis
1705 1554 1744 1580 in-

950 1602 1104 1628 strumento
1118 1599 1197 1633 plane
1210 1599 1336 1626 absoluto
1348 1599 1501 1626 clarissime
1515 1597 1744 1633 resplendentcm.

950 1643 1025 1671 Licet
1042 1643 1133 1671 simile
1150 1643 1278 1678 quiddam
1297 1645 1493 1671 statuariorum
1519 1644 1546 1671 in
1568 1649 1626 1672 arte
1641 1643 1744 1679 perspi-

950 1697 1022 1718 cere.
1038 1689 1104 1717 Nam
1118 1694 1178 1717 esto
1193 1690 1318 1717 animalis
1334 1690 1476 1725 cujusdam
1489 1690 1585 1717 artilici
1598 1689 1740 1724 proposita

954 1736 1026 1767 idea,
1043 1743 1125 1770 quam
1139 1735 1183 1762 ille
1197 1735 1288 1769 cupiat
1304 1735 1330 1761 in
1344 1742 1411 1762 saxo
1421 1735 1583 1769 exprimere,
1601 1739 1744 1769 postquam

956 1782 1006 1808 hoc
1021 1781 1091 1815 apud
1105 1781 1225 1808 animum
1241 1779 1345 1813 statuit,
1375 1780 1492 1814 primum
1517 1777 1550 1805 de
1569 1779 1682 1807 materie
1697 1786 1742 1805 co-

957 1830 1038 1862 gnata
1060 1825 1176 1860 lapidem
1194 1822 1347 1851 abscindit:
1375 1823 1473 1850 deinde
1496 1822 1642 1857 superlluis
1667 1830 1746 1857 quast

956 1872 1114 1905 amputatis,
1131 1870 1248 1904 quodam
1262 1868 1342 1896 modo
1357 1868 1451 1895 rudem
1466 1868 1489 1895 ei
1506 1869 1618 1895 l'ormam
1633 1869 1666 1894 ad
1679 1868 1741 1896 idea!

961 1917 1138 1943 simulacrum
1151 1915 1242 1941 animo
1255 1918 1417 1948 conceptum
1430 1914 1550 1941 inducit:
1564 1914 1596 1940 de
1614 1915 1664 1940 liae
1686 1915 1742 1948 jam

952 1963 996 1990 vel
1012 1963 1124 1997 ignarus
1139 1961 1275 1996 quispiam
1292 1960 1400 1989 consilii
1413 1960 1537 1992 artificis,
1555 1960 1664 1994 assequi
1682 1968 1740 1987 con-

949 2008 1054 2044 jectura
1079 2011 1178 2042 potest,
1203 2006 1267 2041 quid
1293 2006 1383 2041 operis
1401 2005 1562 2033 instituerit.
1592 2005 1640 2032 Ille
1661 2013 1741 2040 porro

953 2052 1091 2086 prioribus
1105 2051 1206 2090 aliquid
1223 2050 1338 2082 addens,
1355 2051 1467 2085 propius
1482 2050 1562 2077 etiam
1577 2051 1610 2077 ad
1622 2051 1671 2082 rei,
1689 2058 1740 2085 qua

953 2098 979 2124 in
1009 2097 1184 2132 exprimenda
1224 2097 1340 2129 laborat,
1375 2095 1586 2123 similitudinem
1625 2095 1741 2125 accedit,

953 2142 1077 2178 Denique
1100 2142 1223 2169 inateriei
1249 2142 1363 2169 fortnam
1384 2145 1512 2168 accurate
1534 2141 1680 2175 perfectam
1701 2142 1739 2167 in-

939 2189 1090 2223 ,sculpens,
1106 2187 1185 2215 linem
1201 2189 1252 2215 arti
1269 2187 1393 2222 imponit,
1411 2191 1507 2221 estque
1522 2186 1578 2220 jam
1597 2186 1666 2221 lapis
1680 2186 1740 2220 ipse

113 2234 153 2265 vel
170 2233 222 2264 leo,
249 2233 289 2259 vel
313 2232 405 2263 homo,
430 2232 471 2258 vel
493 2230 623 2266 quidquid
638 2230 745 2258 tandem
761 2231 856 2258 artifex
873 2231 906 2259 de
925 2240 956 2260 eo
975 2232 1047 2265 fecit,
1063 2240 1125 2259 cutn
1149 2232 1229 2266 paulo
1246 2236 1308 2258 ante
1329 2232 1454 2258 informis
1479 2235 1572 2258 esset:
1595 2239 1649 2257 non
1669 2234 1741 2266 quod

113 2280 239 2308 materies
254 2286 299 2313 per
314 2278 428 2305 formam
452 2277 487 2304 sit
506 2280 682 2309 commutata,
710 2275 757 2303 sed
779 2277 851 2311 quod
867 2277 891 2304 ei
910 2277 996 2309 forma
1016 2277 1138 2311 qtuedatn
1155 2277 1291 2310 ejusmodi
1309 2277 1345 2303 sit
1361 2277 1510 2304 artificiose
1528 2276 1650 2304 inducta.

147 2324 269 2350 Τοιοῦτόν
285 2332 310 2349 τι
325 2323 370 2349 καὶ
393 2323 438 2349 ἐπὶ
458 2321 625 2356 τῆςψυχῆςὸ
647 2321 832 2357 λογισάμενος,
847 2322 894 2354 τοῦ
917 2325 938 2351 D

108 2369 214 2400 είκθιος
228 2370 277 2404 οὐχ
289 2369 485 2404 ἁμαρτήσεται.
495 2368 550 2402 Τὴν
561 2367 616 2402 γὰρ
629 2367 715 2393 πάντα
728 2376 757 2393 τε
760 2367 898 2401 χνιτεύου-

113 2424 163 2443 σαν
182 2415 262 2450 φύσιν
276 2417 307 2441 ἐκ
329 2416 377 2450 τῆς
390 2414 535 2450 ὁμογενοῦς
551 2413 616 2448 ὕλης
630 2412 761 2440 λαϐοῦσαν
776 2413 804 2439 ὲν
816 2414 898 2449 ἑαυτῇ

111 2460 141 2487 τὸ
153 2461 184 2487 ὲκ
207 2460 253 2486 τοῦ
272 2459 414 2495 ἀνθρώπου
438 2459 520 2493 μέρος
533 2478 539 2489 ,
558 2459 733 2493 δημιουργεῖν
752 2458 898 2494 ἀνδριάντα

112 2506 210 2541 φαμέν.
227 2505 330 2541 Ὠσπερ
345 2505 375 2531 δὲ
389 2506 422 2539 τῇ
443 2504 503 2531 κατ’
518 2504 607 2538 ὀλίγον
624 2503 740 2539 ἐργασίᾳ⁵
761 2503 807 2530 τοῦ
823 2503 896 2530 λίθου

111 2552 141 2579 τὸ
165 2549 233 2587 εἶδος
252 2550 478 2586 ἐπηκολούθησεν,
494 2549 675 2586 ᾁμυδρότερον
693 2549 741 2584 μὲν
760 2549 834 2583 παρὰ
848 2549 897 2583 τὴν

111 2597 232 2636 πρώτην,
245 2597 409 2632 τελειότερον
425 2596 453 2622 δὲ
469 2595 538 2631 μετὰ
550 2595 598 2630 τὴν
611 2595 657 2621 τοῦ
673 2594 752 2631 ἔργου
772 2595 897 2630 συμπλή-

113 2652 193 2678 ρωσιν
206 2653 212 2660 ·
230 2643 301 2670 οὕτω
326 2643 372 2671 καὶ
390 2643 417 2669 ὲν
443 2644 476 2678 τῇ
489 2642 536 2669 τοῦ
560 2642 675 2677 ὀργάνου
695 2642 783 2677 γλυφῇ
799 2642 829 2668 τὸ
848 2641 896 2677 τῆς

110 2689 198 2725 ψυχῆς
221 2687 290 2720 εἶδος
318 2689 387 2715 κατὰ
411 2689 458 2724 τὴν
487 2688 630 2722 ἀναλογίαν
646 2687 691 2713 τοῦ
716 2687 894 2722 ὑποκειμένου

112 2735 297 2770 προφαίνεται.
314 2734 407 2766 ἀτελὲς
425 2735 453 2760 ἐν
467 2734 504 2769 τῷ
522 2733 627 2765 ἀτελεῖ,
639 2733 686 2759 καὶ
702 2734 729 2759 ἐν
744 2733 782 2768 τῷ
801 2733 895 2769 τελείῳ

110 2780 221 2808 τέλειον.
241 2780 309 2806 Ἀλλ’
324 2779 353 2812 ἐξ
368 2780 456 2814 ἀρχῆς
473 2779 505 2806 ἂν
520 2779 621 2806 τέλειον
634 2777 679 2814 ἦν,
694 2779 718 2805 εί
736 2778 773 2814 μὴ
785 2778 828 2805 διὰ
845 2778 896 2813 τῆς

112 2826 208 2867 κακίας
231 2827 246 2862 ἡ
275 2826 355 2861 φύσις
374 2825 539 2861 ὲκολοὸώθη.
555 2825 603 2852 Διὰ
625 2825 734 2860 τοῦτοή
759 2825 826 2861 προς
847 2825 895 2860 τὴν

989 2322 1053 2349 Tale
1066 2323 1131 2357 quid
1148 2323 1170 2350 si
1184 2322 1266 2349 etiam
1280 2322 1313 2349 de
1327 2322 1419 2349 animo
1435 2323 1626 2357 cogitabimus,
1645 2330 1659 2349 a
1677 2330 1741 2350 vero

934 2375 1009 2396 'non
1037 2376 1151 2403 prorsus
1179 2369 1378 2395 aberrabimus.
1404 2368 1511 2402 Quippe
1532 2375 1622 2396 rerum
1650 2367 1739 2404 opifex

953 2418 1063 2449 sumpta
1081 2414 1190 2448 generis
1204 2414 1326 2448 ejusdem
1345 2415 1467 2445 materie,
1484 2422 1545 2449 qua:
1558 2421 1620 2448 pars
1635 2418 1677 2441 est
1691 2414 1739 2440 lto-

952 2460 1045 2491 minis,
1064 2459 1209 2494 quamdam
1229 2460 1306 2494 quasi
1328 2463 1444 2486 statuam
1461 2459 1585 2486 fabricat.
1599 2458 1632 2486 Ut
1649 2463 1741 2486 autem

951 2505 978 2532 in
991 2505 1194 2539 comparatione
1209 2505 1364 2539 proposita,
1382 2505 1433 2531 levi
1452 2505 1568 2538 primum
1586 2511 1669 2539 opera
1682 2503 1737 2530 for~

950 2559 994 2578 ma
1013 2551 1071 2578 saxi
1090 2550 1270 2584 exsculpitur,
1292 2558 1352 2584 qum
1365 2550 1574 2577 obscuriuscula
1591 2550 1669 2576 initio
1683 2553 1738 2585 est,

949 2596 1096 2632 perfettior
1118 2600 1207 2622 autem
1229 2603 1312 2629 opere
1332 2596 1390 2630 jam
1411 2596 1559 2623 absoluto:
1587 2595 1627 2623 sic
1653 2596 1738 2622 etiam

949 2642 1035 2670 nostri
1063 2642 1145 2676 hujus
1165 2642 1192 2668 in
1215 2642 1388 2668 instrumenti
1413 2642 1564 2676 sculptura,
1587 2641 1735 2668 secundum

949 2688 1152 2723 proportionem
1168 2689 1298 2722 subjecta:
1314 2689 1363 2719 rei,
1381 2692 1461 2722 prout
1479 2688 1535 2715 haec
1553 2688 1656 2715 scilicet
1674 2694 1734 2721 pur-

949 2733 1047 2763 llt‘lllll‘,
1072 2733 1180 2759 animus
1205 2733 1285 2759 etiam
1309 2733 1395 2767 magis
1423 2739 1454 2759 ac
1480 2732 1567 2767 magis
1590 2731 1732 2762 elucescit,

950 2779 1079 2806 nimirum
1097 2778 1286 2814 imperfectum
1307 2786 1346 2809 se,
1365 2777 1428 2804 dttm
1444 2777 1509 2804 illttd
1527 2777 1615 2804 adhttc
1630 2776 1731 2810 imper-

952 2824 1049 2852 fectum
1067 2828 1117 2857 est,
1135 2823 1234 2852 deinde
1254 2823 1405 2858 perfectum
1423 2823 1448 2850 in
1468 2823 1587 2858 perfecto
1602 2822 1734 2856 declarat.
