1977 3071
236 138 289 164 255

852 136 880 163 S.
898 135 1062 163 GliEGORll
1082 135 1225 164 NYSSENI

1803 134 1865 162 25G

237 198 276 225 Ac
292 197 388 225 fuisset
401 196 511 232 quidem
530 196 590 231 ipso
615 195 643 223 in
659 198 737 223 ortus
752 194 842 222 nostri
865 195 944 222 initio
958 203 1019 229 per—

1077 196 1180 231 ὲμπαθῆ
1196 196 1244 222 καὶ
1267 195 1360 231 ζωώδη
1376 195 1482 229 γένεσιν
1497 194 1633 227 κοινωνία,
1651 194 1700 220 οὐκ
1720 191 1800 223 εὐθὺς
1813 193 1868 219 ὲκ-

238 243 337 275 fectus,
353 243 375 270 si
388 251 436 278 per
454 246 596 277 peccatum
617 241 695 277 quasi
713 241 836 268 mutilata
851 245 947 268 natura
967 248 1023 268 non

238 293 323 316 esset.
341 288 418 316 Nunc
434 297 495 316 cum
513 289 649 324 particeps
669 291 767 314 natura
793 291 887 313 nostra
905 287 941 313 sit
962 286 1022 321 ejus

240 338 328 365 ortus.
346 335 393 370 qui
408 339 435 361 et
447 335 521 362 vitiis
536 334 682 365 obnoxius,
698 337 724 360 et
738 332 895 360 animalium
909 333 1023 360 rationis

240 381 390 414 expertium
403 380 474 406 ortui
492 379 579 407 affinis
601 383 642 406 est
657 388 663 406 :
682 379 739 406 fieri
755 379 848 414 nequit
863 383 891 406 ut
906 379 1024 406 hominis

240 424 268 460 in
285 425 411 458 figmento
427 425 518 452 statim
539 425 631 452 divina
657 425 746 458 imago
768 424 883 456 eluceat,
908 423 956 451 sed
980 423 1023 450 via

240 469 357 503 quadam
369 472 395 496 et
406 469 500 496 ordine
513 469 649 496 hominem
661 469 739 504 quasi
752 473 936 504 penetrantem
948 476 1024 496 cras-

240 522 285 550 sas
303 519 329 542 et
344 522 358 540 a
373 515 462 542 brutis
482 514 619 549 profectas
633 515 659 541 in
676 515 767 542 animo
780 515 973 549 proprietates,
989 513 1024 540 ad

241 560 434 594 perfectionem
468 560 609 594 pervenire
636 567 750 587 necesse
777 564 829 587 est.
862 559 1024 594 llujusmodi

241 604 368 640 quiddam
385 612 435 632 nos
451 613 566 640 magnus
583 605 664 632 etiam
687 605 833 639 Apostolus
849 604 905 635 ille,
921 604 948 630 in
968 603 1026 638 epi~

206 642 208 645 ’
240 651 310 678 stola
324 651 358 678 ad
375 650 531 677 Corinthios
546 651 647 685 scripta
666 650 745 678 docet
760 660 766 677 :
788 659 798 675 ί
813 650 879 676 Cum
894 657 971 684 puer,
985 650 1026 676 in-

240 695 310 730 quit,
331 703 430 727 essem,
446 703 591 730 puerorum
605 703 680 723 more
691 696 823 730 loquebar
834 699 861 722 et
875 695 1024 722 ratiocina-

240 740 300 767 bar.
312 739 360 767 Vir
374 736 471 773 factus,
482 741 596 776 puerilia
610 741 705 768 isthzec
726 740 830 768 abolevi
847 741 869 756 ⁸³
887 742 906 768 ⁸.
921 750 931 766 ›
944 739 1026 767 Nimi-

240 793 301 813 rum
318 787 497 822 cogitationes
511 787 603 822 pueris
622 790 814 813 consentaneae
829 793 883 813 non
899 793 932 813 eo
945 791 1025 820 pacto

241 831 382 858 abolentur
392 832 486 859 ascitis
495 832 628 864 virilibus,
640 837 669 858 ut
680 832 749 859 alius
762 831 870 859 animus
880 831 914 858 ab
927 839 970 862 eo,
979 831 1024 866 qui

1074 241 1190 276 λάμπειν
1205 242 1254 276 τὴν
1267 241 1340 268 θείαν
1356 242 1447 269 εἰκόνα
1468 242 1496 268 ἐν
1511 241 1550 275 τῷ
1568 240 1706 275 πλάσματι
1720 241 1865 275 ἐποίησεν,

1074 286 1130 313 ἀλλ’
1145 287 1196 321 ὁδῷ
1208 295 1259 313 τινι
1275 287 1322 313 καὶ
1338 286 1484 321 ἀκολουθίᾳ
1496 286 1540 312 διὰ
1551 286 1605 312 τῶν
1619 286 1717 312 ὑλικῶν
1728 286 1774 312 καὶ
1784 285 1865 317 ζωω-

1073 332 1204 368 δεστέρων
1216 333 1265 367 τῆς
1291 332 1380 366 ψυχῆς
1397 332 1550 366 ἰδιωμάτων
1563 332 1608 357 ἐπὶ
1627 332 1657 357 τὺ
1677 331 1778 358 τέλειον
1797 332 1864 365 ἄγει

1074 378 1118 404 τὸν
1144 377 1299 413 ἄνθρωπον.
1321 377 1357 403 Τὸ
1378 377 1406 413 δε
1422 376 1541 403 τοιοῦτον
1565 376 1651 410 δόγμα
1673 377 1718 402 καὶ
1737 377 1752 402 ὁ
1773 376 1865 411 μέγας

1081 411 1240 453 Ἀπόστολος
1253 423 1283 448 ἐν
1293 423 1325 456 τῇ
1341 411 1409 457 πρὸς
1423 422 1582 456 Κορινθίους
1603 421 1732 453 διδάσκει,
1748 422 1836 455 λέγων
1854 430 1863 437 ·

1077 475 1086 491 ι
1106 466 1170 492 Ὅτε
1198 467 1272 502 ἥμην
1288 468 1393 502 νήπιος,
1412 467 1523 494 ἐλάλουν
1542 467 1580 498 ὡς
1604 468 1716 503 νήπιος,
1741 466 1866 500 ὲλογιζό·

1076 521 1130 548 μην
1147 513 1185 544 ὡς
1204 514 1309 548 νήπιος.
1333 513 1395 539 Ὅτε
1426 513 1454 539 δὲ
1473 513 1572 547 γέγονα
1603 513 1680 548 ἀνὴρ,
1698 514 1865 548 κατήργησοι

1074 560 1109 586 τὰ
1123 558 1168 585 τοῦ
1186 560 1294 594 νηπίου.
1307 570 1315 585 ι
1334 560 1390 586 Οὐκ
1404 559 1486 595 ἄλλης
1512 561 1540 586 ὲν
1556 559 1593 594 τῷ
1610 560 1685 595 ἀνδρὶ
1708 561 1758 596 τῆς
1772 560 1866 595 ψυχῆς

1075 603 1294 639 ἐπεισελθούσης,
1312 605 1386 639 παρᾶ
1402 605 1451 640 τὴν
1474 605 1502 630 ἐν
1529 603 1568 639 τῷ
1588 605 1720 640 μειρακίῳ
1746 597 1864 639 νοουμέ-

1076 658 1135 684 νην,
1148 651 1164 684 ή
1178 650 1382 685 νηπιωδεστέρα
1395 652 1573 686 καταργεῖται
1592 650 1703 682 διάνοια,
1715 651 1760 676 καὶ
1779 651 1794 685 ἡ
1812 651 1864 676 άν-

1075 694 1178 729 δρώδης
1201 695 1352 729 ἐγγίνεται·
1371 695 1438 722 ἀλλὰ
1463 696 1511 730 τῆς
1534 695 1620 730 αὐτῆς
1643 696 1671 722 ὲν
1690 695 1786 730 ἐκείνῳ
1810 695 1865 729 μὲν

1075 740 1106 766 τὺ
1132 741 1234 773 ἀτελὲς,
1252 742 1281 767 ὲν
1304 731 1389 776 τούτῳ
1403 741 1430 767 δὲ
1451 741 1670 776 διαδεικνυούσης
1696 741 1726 767 τὸ
1747 740 1862 767 τέλειον.

1077 789 1181 823 Ὠσπερ
1191 788 1245 823 γὰρ
1259 788 1293 815 τὰ
1314 788 1436 824 φυόμενά
1447 797 1477 814 τε
1491 788 1538 815 καὶ
1552 788 1701 821 αὐξάνοντα
1717 787 1766 823 ζῇν
1784 787 1864 821 λέγο-

1078 843 1137 869 μεν,
1155 835 1243 861 πάντα
1261 843 1290 861 τε
1315 834 1348 861 τὰ
1367 835 1396 861 ἐν
1422 834 1550 870 μετουσίᾳ
1572 833 1643 868 ζωῆς
1671 833 1717 859 καὶ
1743 835 1865 868 φυσικῆς

240 882 298 905 erat
316 878 343 904 in
361 886 455 912 puero,
474 879 500 905 in
516 878 653 906 hominem
678 878 734 913 jam
755 878 842 905 virum
867 878 1026 914 immigret:

1077 877 1140 906 ὄντα
1159 881 1302 916 κινήσεως,
1324 881 1375 907 οὐκ
1396 881 1428 908 ἄν
1447 889 1489 912 τις
1507 879 1596 915 ἄψυχα
1618 879 1738 914 φήσειεν,
1759 880 1791 905 οὗ
1807 879 1864 914 μὴν

241 923 289 950 sed
304 931 358 950 uno
375 923 524 958 eodemque
540 924 632 950 animo
644 923 800 950 facultatem
817 923 845 950 in
861 930 946 958 puero
961 930 1027 950 nec-

242 967 306 995 dum
323 968 483 1003 perfectam,
503 969 532 996 in
560 970 619 996 viro
639 968 788 1004 perfectam
808 969 1026 996 demonstrante.

240 1009 476 1046 Quemadmodum
488 1015 560 1042 enim
576 1023 619 1042 res
630 1021 784 1046 nascentes,
801 1022 862 1050 qua:
876 1014 1029 1042 incremen-

241 1063 298 1093 tum
317 1063 438 1092 sumunt,
458 1060 548 1087 vivere
565 1059 674 1095 quidem
689 1060 749 1086 illas
766 1060 903 1088 dicimus:
919 1060 990 1088 sicut
1001 1065 1028 1088 et

241 1105 315 1140 quod
330 1105 391 1132 vitae
408 1105 594 1140 naturalisque
606 1109 697 1133 motus
715 1110 756 1133 est
770 1104 915 1141 particeps.
940 1106 1028 1133 inani-

242 1144 317 1177 mum
333 1151 388 1178 dici
411 1151 516 1186 nequit,
536 1159 591 1178 non
616 1155 708 1179 tamen
727 1151 847 1186 perfecta
871 1152 899 1178 in
927 1152 967 1179 eis
988 1152 1028 1180 sic

241 1196 398 1224 viventibus
427 1197 518 1223 anima
544 1197 627 1224 statui
657 1200 757 1231 potest.
784 1196 852 1222 Nam
878 1196 905 1223 in
928 1196 1028 1231 plantis

241 1249 404 1277 quamquam
415 1243 529 1270 exsistat
544 1242 642 1269 animae
649 1242 758 1277 propria
772 1241 895 1276 quaedam
911 1240 1027 1274 effectio,

241 1295 296 1315 non
314 1291 405 1315 tamen
421 1295 459 1315 eae
477 1295 607 1315 sensuum
623 1291 727 1314 motum
744 1286 854 1313 habent.
868 1285 970 1313 Deinde
983 1295 1029 1314 su—

241 1340 290 1368 pra
310 1333 371 1365 has,
393 1333 522 1360 animalia
542 1333 623 1360 bruta
647 1337 711 1360 sunt
727 1332 771 1359 illa
795 1331 906 1367 quidem
931 1332 1029 1359 anima:

241 1378 373 1407 facultate
392 1379 525 1414 praedita:
551 1378 632 1406 ﬁnem
649 1385 715 1406 vero
730 1378 855 1404 ultimum
871 1382 898 1406 et
923 1377 1027 1412 perfec-

242 1426 345 1453 tionem
361 1433 416 1452 non
434 1430 498 1453 sunt
508 1425 616 1460 adepta.
629 1424 735 1459 Quippe
748 1432 763 1451 a
775 1424 889 1452 rationis
901 1428 928 1451 et
946 1425 1028 1451 intel-

242 1470 363 1506 ligentia‘.
386 1470 616 1505 praestantissimo
631 1471 704 1498 dono
723 1477 779 1497 non
799 1473 863 1498 sunt
884 1470 1028 1503 instructa.

243 1515 291 1543 Sic
314 1523 406 1543 veram
421 1516 489 1543 adeo
504 1516 706 1550 perfectamque
723 1516 842 1542 animam
861 1515 946 1543 solam
968 1523 1029 1542 esse
1042 1533 1064 1561 ο

243 1561 390 1588 humanam
412 1561 571 1594 statuimus,
596 1560 822 1588 conﬁrmantibus
840 1560 867 1586 in
887 1559 940 1586 hoc
966 1567 1027 1586 sen-

244 1607 355 1640 tentiam
374 1612 496 1634 nostram
514 1606 702 1634 eﬂcctionibus
714 1606 774 1640 ejus
787 1606 932 1633 universis.
952 1605 1029 1638 Quod

244 1653 332 1687 siqua
351 1660 394 1680 res
410 1653 462 1679 alia
487 1653 625 1688 particeps
648 1652 729 1679 etiam
752 1651 814 1679 vita:
833 1655 886 1682 est,
912 1658 944 1678 ea
965 1657 1030 1678 vero

244 1699 364 1726 nimata
381 1699 482 1726 dicitur
501 1698 642 1726 hominum
658 1705 744 1729 more,
762 1704 855 1724 vocem
876 1697 946 1724 hanc
968 1704 1031 1731 pro-

243 1745 303 1781 pria
319 1745 519 1781 significatione
533 1753 588 1772 non
599 1745 801 1780 usurpantium.
816 1745 874 1772 Non
887 1744 959 1771 enim
977 1744 1029 1770 hoc

243 1783 274 1820 ea
296 1790 324 1818 fit
341 1791 458 1823 ratione,
476 1791 554 1826 quasi
570 1790 688 1826 perfecta
703 1790 739 1818 sit
754 1791 782 1818 in
797 1789 932 1825 ejusmodi
948 1789 1029 1816 rebus

244 1837 345 1870 anima,
360 1837 407 1865 sed
425 1837 497 1872 quod
520 1840 612 1872 partes
631 1836 764 1872 quasdam
787 1836 813 1863 in
832 1836 872 1864 eis
888 1835 1030 1863 videamus

244 1882 417 1910 eﬂ‘ectionum
432 1883 530 1910 anima:
548 1883 718 1918 propriarum
738 1882 882 1914 exsistere,
897 1889 966 1917 quas
985 1882 1028 1916 ip-

245 1936 291 1956 sas
311 1933 366 1955 tum
385 1929 502 1964 primum
520 1929 636 1963 coepisse
662 1928 781 1955 hominis
796 1927 822 1954 in
839 1931 936 1954 natura
952 1935 1030 1955 acce-

244 1974 346 2010 pimus,
375 1982 437 2001 cum
461 1974 494 2001 ad
510 1978 611 2002 statum
637 1973 888 2008 perturbationibus
907 1977 934 2000 et
953 1973 1028 2000 vitiis

1077 926 1136 962 οὐδὲ
1163 926 1268 957 τελείας
1291 926 1379 960 ψυχῆς
1407 926 1531 961 μετέχειν
1557 925 1606 960 τὴν
1630 923 1757 959 τοιαύτην
1788 924 1864 959 ζωὴν

1077 971 1150 998 ἐστιν
1167 973 1262 998 εἰπεῖν.
1276 971 1412 1009 Γενομένη
1424 972 1478 1006 γὰρ
1495 972 1524 1002 ἐν
1535 972 1590 1002 τοῖς
1603 972 1696 1005 φυτοῖς
1709 970 1809 1005 ψυχική
1820 978 1864 1001 τις

1077 1017 1209 1052 ἐνέργεια,
1232 1017 1311 1052 μέχρι
1334 1017 1388 1044 τῶν
1407 1017 1467 1044 κατ’
1488 1016 1613 1052 αἴσθησιν
1630 1016 1788 1052 κινημάτων
1811 1015 1865 1042 οὐκ

1078 1062 1192 1097 ἔφθασε.
1203 1063 1286 1089 Πάλιν
1309 1063 1337 1089 δὲ
1355 1063 1426 1089 κατὰ
1449 1062 1606 1098 προσθήκην
1628 1061 1742 1097 δύναμίς
1754 1069 1795 1092 τις
1811 1060 1865 1095 ψυ-

1077 1107 1141 1143 χικὴ
1161 1109 1216 1139 τοῖς
1241 1108 1347 1142 ἀλόγοις
1364 1108 1536 1143 ἐγγινομένη.
1554 1107 1613 1134 οὐδὲ
1628 1106 1696 1142 αὑτὴ
1707 1105 1754 1133 τοῦ
1770 1106 1865 1136 τέλους

1078 1148 1285 1188 ἐφίκετο,λόγου
1303 1163 1332 1180 τε
1357 1155 1404 1180 καὶ
1426 1154 1543 1185 διανοίας
1564 1153 1643 1188 χάριν
1663 1154 1690 1179 ὲν
1717 1153 1799 1187 ἑαυτῇ
1827 1151 1865 1187 μὴ

1078 1200 1237 1235 χωρήσασα.
1251 1200 1298 1226 Διὰ
1318 1199 1395 1226 τοῦτό
1410 1209 1499 1234 φαμεν
1511 1199 1560 1234 τὴν
1580 1199 1628 1234 μὲν
1642 1197 1728 1233 ἀληθῆ
1748 1198 1795 1224 καὶ
1818 1205 1865 1223 τε‹

1078 1245 1152 1272 λείαν
1171 1246 1259 1280 ψυχὴν
1277 1245 1447 1281 ἀνθρωπίνην
1461 1243 1546 1278 εἶναι,
1560 1244 1604 1271 διὰ
1620 1244 1709 1279 πάσης
1726 1242 1864 1278 ἐνεργείας

1078 1291 1291 1326 γνωριζομένην.
1307 1292 1338 1317 Εί
1354 1291 1382 1318 δέ
1395 1300 1420 1318 τι
1434 1291 1497 1318 ἄλλο
1510 1291 1616 1326 μετέχει
1634 1290 1717 1324 ζωῆς,
1737 1289 1765 1315 ὲν
1779 1296 1866 1314 κατα-

1078 1338 1174 1372 χρήσει
1187 1337 1241 1364 τινὶ
1255 1337 1399 1373 συνηθείας
1427 1337 1546 1372 ἔμψυχον
1568 1336 1693 1370 λέγομεν,
1713 1334 1749 1370 μὴ
1768 1334 1807 1361 ὃτι
1821 1342 1866 1361 τε·

1079 1382 1138 1415 λεία
1153 1384 1182 1409 ἐν
1202 1382 1307 1414 τούτοις
1324 1383 1397 1408 ἐστὶν
1416 1384 1433 1418 ὴ
1450 1381 1533 1418 ψυχὴ,
1545 1382 1612 1408 ἀλλά
1625 1389 1683 1407 τινα
1703 1381 1772 1415 μέρη
1784 1379 1866 1414 ψυχι-

1079 1427 1130 1462 κῆς
1141 1426 1287 1462 ἐνεργείας,
1299 1426 1316 1453 ἂ
1335 1426 1382 1453 καὶ
1399 1427 1427 1453 ἐν
1446 1426 1485 1462 τῷ
1502 1425 1636 1462 ἀνθρώπῳ
1652 1425 1722 1451 κατὰ
1747 1425 1795 1460 τὴν
1814 1433 1867 1460 μυ-

1080 1472 1174 1507 στικὴν
1186 1472 1231 1498 τοῦ
1247 1472 1385 1504 Μωῦσέως
1409 1471 1629 1507 ἀνθρωπογονίαν
1642 1470 1865 1506 ἑπιγεγενῆσθαι,

1079 1517 1123 1543 διὰ
1139 1517 1188 1551 τὴν
1203 1517 1270 1553 πρὸς
1285 1517 1315 1543 τὸ
1337 1516 1456 1552 ἐμπαθὲς
1473 1516 1628 1551 οίκειότητα
1654 1515 1865 1551 μεμαθήκαμεν.

1080 1563 1129 1589 Διὰ
1151 1562 1229 1589 τοῦτο
1253 1562 1442 1598 συμϐουλεύων
1456 1563 1470 1589 ὁ
1485 1562 1591 1597 Παῦλος
1606 1564 1661 1594 τοῖς
1679 1561 1788 1589 ἀκούειν
1801 1561 1866 1596 βου-

1080 1608 1203 1643 λομένοις
1229 1608 1279 1644 τῆς
1302 1608 1467 1643 τελειότητος
1480 1608 1604 1643 ἔχεσθαι.
1627 1609 1673 1635 καὶ
1699 1607 1744 1634 τὸν
1767 1606 1867 1642 τρόπον

1081 1654 1154 1685 ὅπως
1168 1653 1200 1680 ἂν
1213 1653 1260 1680 τοῦ
1287 1648 1509 1689 σπουδαζομένου’
1518 1654 1623 1688 τύχοιεν
1645 1649 1811 1684 ὑποτίθεται,
1822 1651 1867 1678 λέ-

1080 1709 1147 1734 γων,
1165 1699 1368 1732 ἀπεκδύσασθαι
1385 1700 1439 1726 δεῖν
1453 1700 1496 1726 τὸν
1519 1699 1632 1726 παλαιὸν
1646 1699 1803 1735 ἄνθρωπον,
1820 1698 1868 1724 καὶ

1081 1745 1242 1771 ἐνδύσασθαι
1257 1745 1302 1772 τὸν
1312 1745 1381 1778 νέον,
1398 1745 1443 1772 τον
1458 1745 1686 1781 ἀνακαινούμενον
1703 1745 1761 1771 κατ’
1775 1743 1868 1770 εἰκόνα

1081 1791 1128 1818 τοῦ
1152 1791 1302 1823 κτίσαντος.
1325 1791 1395 1817 Ἀλλ’
1412 1792 1603 1827 ἐπανέλθωμεν
1632 1792 1730 1823 πάντες
1755 1791 1801 1817 ἐπὶ
1817 1789 1868 1824 τὴν

1083 1837 1185 1872 θεοειδῆ
1197 1837 1277 1872 χάριν
1289 1838 1406 1872 ἐκείνην,
1425 1835 1480 1875 ὲνῇ
1494 1838 1585 1864 ἔκτισε
1599 1838 1628 1864 τὸ
1643 1838 1702 1864 κατ’
1718 1836 1802 1872 ἀρχάς
1821 1835 1867 1862 τὸν

1082 1881 1222 1917 ἄνθρωπον
1236 1884 1250 1909 ὀ
1267 1882 1342 1914 Θεὸς,
1359 1882 1443 1910 εἰπών
1454 1892 1460 1898 ·
1474 1883 1514 1909 ὅτι
1528 1893 1536 1908 ι
1553 1883 1711 1918 Ποιήσωμεν
1727 1880 1868 1915 ἄνθρωπον

1083 1927 1141 1954 κατ’
1158 1928 1249 1954 εἰκόνα
1264 1929 1310 1955 καὶ
1328 1928 1457 1963 ὁμοίωσιν
1473 1927 1636 1963 ἡμετέραν.»
1650 1924 1685 1962 ᾮ
1703 1927 1720 1961 ἡ
1735 1925 1798 1957 δόξα
1821 1923 1869 1950 καὶ

1081 1973 1111 1999 τὸ
1127 1974 1225 2009 κράτος
1242 1975 1281 2006 εἰς
1296 1975 1357 2005 τοὺς
1369 1974 1468 2005 αἰῶνας
1483 1973 1536 2000 τῶν
1552 1973 1668 2000 αίώνων.
1687 1973 1783 2007 Ἃμήν.

244 2020 392 2047 obnoxium
415 2028 467 2048 nos
487 2020 693 2047 demisissemus
709 2029 714 2046 :
733 2019 805 2046 sicut
820 2023 863 2046 est
877 2027 911 2046 ex
931 2026 1031 2046 arcana
1050 2018 1133 2047 Mosis
1163 2020 1196 2047 de
1216 2020 1336 2048 hominis
1363 2025 1424 2047 ortu
1448 2020 1606 2047 narratione
1627 2019 1803 2046 declaratum.
1823 2015 1865 2044 ld-

244 2067 319 2094 circo
337 2066 439 2094 Paulus
456 2075 488 2094 eo
510 2067 582 2098 loco,
598 2074 653 2101 quo
670 2066 788 2094 consulit
804 2066 931 2094 omnibus
958 2067 1004 2102 qui
1028 2074 1124 2101 parere
1156 2067 1272 2094 consilio
1292 2067 1380 2102 ipsius
1402 2067 1496 2100 velint,
1515 2072 1544 2094 ut
1566 2066 1725 2102 perfectioni
1744 2065 1799 2092 sint
1822 2063 1868 2090 ad~

244 2112 331 2146 dicti:
357 2113 466 2140 modum
486 2112 566 2144 etiam
587 2112 708 2148 subjicit,
734 2119 788 2147 quo
811 2112 869 2139 fieri
892 2117 1032 2147 compotes
1060 2114 1116 2140 voti
1143 2114 1186 2141 sui
1205 2113 1320 2148 possint,
1345 2120 1407 2140 cum
1435 2113 1494 2140 ait:
1517 2112 1678 2140 Exuendum
1697 2119 1758 2139 esse
1785 2109 1869 2136 horni-

245 2166 306 2186 nem
318 2163 448 2191 veterem.
463 2164 490 2187 et
521 2159 686 2187 induendum
712 2167 824 2191 novum,
838 2159 885 2194 qui
904 2159 938 2186 sit
967 2158 1000 2185 ad
1026 2159 1170 2194 imaginem
1189 2159 1328 2187 Creatoris
1349 2159 1529 2187 instauratus.
1554 2159 1610 2193 Age
1634 2158 1725 2194 igitur,
1748 2159 1868 2183 reverta-

244 2212 309 2240 ntur
324 2213 419 2233 omnes
442 2206 475 2233 ad
490 2205 610 2233 divinam
628 2205 702 2232 illam
722 2206 847 2240 gratiam,
866 2212 919 2240 qua
938 2212 1029 2232 rerum
1056 2205 1135 2232 initio
1161 2205 1232 2233 Deus
1262 2205 1400 2233 hominem
1417 2211 1538 2233 creatum
1564 2204 1681 2235 ornavit,
1708 2210 1768 2230 cum
1793 2201 1868 2228 dice-

244 2255 287 2278 ret
304 2259 310 2278 :
333 2260 342 2276 ι
361 2249 504 2281 Faciamus
525 2251 662 2285 hominem
678 2250 711 2278 ad
733 2252 877 2287 imaginem
896 2251 1159 2287 similitudinemque
1183 2255 1317 2280 nostram.
1336 2262 1346 2278 ι
1362 2252 1393 2280 Ei
1412 2252 1448 2280 sit
1464 2252 1550 2288 gloria
1571 2255 1598 2279 et
1621 2254 1741 2289 potestas
1762 2247 1868 2276 sacculis

246 2298 369 2331 infinitis.
385 2298 479 2327 Amen.

281 2375 316 2391 ¹⁹⁶
332 2376 394 2404 (lor.
415 2385 473 2410 xm,
495 2378 536 2404 ll.
