1977 3071
75 114 129 142 9.51

447 105 480 134 IN
500 106 621 138 VERBA,
643 101 834 130 FACMML'S
855 98 1051 131 HOMINEM,
1073 98 1161 130 ETC.,
1182 97 1284 125 ORAT.
1304 97 1324 126 l.

1635 98 1700 126 '253

91 173 1688 206 WE

623 252 692 283 ΤΟΥ
706 255 750 282 EN
767 253 879 282 ΑΙΊΟῘΣ
900 253 1035 281 ΠΑΤΡΟΣ
1057 252 1156 279 ΠΜΩΝ

503 350 936 416 ΓΡΗΓΟΡΙΟΥ
989 350 1279 406 ΝΥΣΣΗΣ

187 475 236 507 Et;
249 473 286 503 τὰ
303 472 352 508 τῆς
374 470 485 508 Γραφῆς
503 469 612 505 ῥήματα
627 455 647 483 ν’
659 465 835 501 Ποιήσωμεν
856 465 1013 500 ἄνθρωπον
1029 464 1092 491 κατ’
1108 464 1209 490 εἰκόνα
1222 462 1368 497 ἡμετέραν
1381 461 1429 489 καὶ
1447 462 1596 496 ὁμοίωσιν.

392 634 450 691 S.
494 633 556 688 P.
600 633 673 690 N.
717 628 1055 688 GBEGORII
1093 625 1400 684 NYSSENI

190 771 226 802 ln
242 768 414 808 Scriptum
431 764 538 802 verba,
554 763 720 794 Faciamus
735 761 888 792 hominem
903 759 943 790 ad
957 760 1121 798 imaginem
1142 763 1170 789 et
1195 759 1431 790 similitudinem
1447 760 1599 787 nostram;

659 867 735 891 Petro
745 863 873 890 Francisco
887 863 947 888 Zino
959 863 1108 892 interprete;

402 1040 511 1069 ΛΟΓΟΣ
528 1040 567 1068 Λ¹.

128 1099 251 1130 Παλαιοῦ
267 1098 364 1134 χρέους
395 1097 497 1124 ἔκτισιν
525 1093 732 1130 ἁποπληρὼσων
756 1093 825 1128 ἥκω,
848 1089 879 1120 οὗ

93 1147 144 1182 τὴν
159 1144 285 1172 ἀπόδοσιν
299 1142 478 1176 ἁνεὸαλόμην,
492 1139 541 1166 οὐκ
556 1138 736 1175 ἀγνωμοσύνῃ
752 1137 880 1174 προαιρέ-

95 1197 175 1220 σεως,
192 1187 247 1214 ἀλλ’
263 1186 387 1220 ἀσθενείᾳ
409 1183 543 1219 σώματος,
566 1183 647 1218 χρέος
667 1182 898 1216 ἀναγκαιότατον,

94 1235 143 1262 καὶ
152 1233 324 1267 ὀφειλόμενον
342 1230 418 1265 ὑμῶν
432 1230 465 1264 τῇ
483 1227 624 1263 ἀκροάσει.
646 1227 701 1253 Καὶ
715 1227 769 1262 γὰρ
789 1227 821 1253 ἂν
837 1226 879 1261 εἴη

94 1278 187 1305 ἄδικον
207 1276 241 1302 τὰ
256 1275 320 1310 περὶ
336 1273 436 1309 θηρίων
459 1272 506 1299 καὶ
522 1270 628 1307 νηκτῶν
648 1270 694 1296 καὶ
710 1269 815 1305 κτηνῶν
835 1270 882 1296 καὶ

98 1320 218 1356 πτηνῶν,
233 1317 348 1354 οὐρανοῦ
364 1325 394 1344 τε
416 1318 462 1343 καὶ
483 1315 536 1342 τῶν
557 1314 617 1341 κατ’
632 1314 757 1350 οὐρανὸν.
777 1313 840 1348 περί
852 1321 882 1339 τε

97 1366 145 1392 καὶ
161 1364 214 1390 τῶν
239 1364 298 1390 κατ’
322 1361 445 1398 οὐρανὸν,
458 1360 521 1396 περί
537 1368 567 1386 τε
590 1359 643 1395 γῆς
661 1360 708 1385 καὶ
731 1358 785 1385 τῶν
805 1359 834 1384 ὲν
848 1359 882 1393 τῇ

98 1412 134 1446 γῇ
150 1410 241 1445 φυτῶν
263 1407 434 1443 διδαχθέντας
458 1407 547 1442 ἡμᾶς,
567 1405 604 1440 μὴ
628 1405 674 1432 καὶ
697 1404 732 1431 τὰ
756 1403 885 1439 περὶτῆς

98 1456 237 1492 ἡμετέρας
247 1454 378 1488 γενέσεως
391 1454 423 1479 ὲκ
444 1452 493 1486 τῆς
507 1451 684 1478 Θεοπνεύστου
701 1449 812 1485 Γραφῆς
831 1457 886 1484 φω-

100 1501 235 1536 τισθῆναι.
255 1499 361 1533 Ὥσπερ
375 1498 428 1533 γὰρ
441 1497 464 1523 ol
477 1496 612 1532 ὀφθαλμοὶ
624 1496 702 1531 ἡμῶν
717 1495 750 1522 τὰ
763 1495 815 1528 ἔξω
829 1494 887 1529 βλέ-

102 1555 209 1578 ποντες,
223 1545 335 1575 ἑαυτοὺς
349 1544 397 1578 οὐχ
419 1542 532 1578 ὁρῶσιν·
546 1542 593 1568 ἐὰν
608 1542 698 1577 μήπου
714 1540 786 1571 τινος
801 1540 886 1575 ἅψων-

101 1597 148 1620 ται
168 1591 289 1627 στερεοῦ,
311 1589 438 1617 κάκεῖθεν
457 1587 654 1615 ἀνακλασθεῖσα
676 1588 693 1622 ἡ
710 1587 771 1621 ὁψις
795 1585 888 1622 ὥσπερ

103 1639 157 1668 ἀπὸ
176 1636 337 1673 παλιρροίας
349 1636 415 1671 ὁρᾷν
432 1635 530 1666 αὐτοὺς
549 1634 651 1670 ποιήσῃ
667 1632 702 1660 τὰ
723 1631 826 1658 ἑαυτῶν
841 1640 890 1658 κα-

1235 1032 1364 1061 οιιΑτιο
1382 1030 1403 1059 l.

963 1091 1089 1119 Debitam
1107 1089 1222 1118 auribus
1234 1089 1334 1116 vestris
1346 1088 1556 1124 expositionem,
1572 1087 1652 1122 cujus
1665 1089 1714 1115 no‘-'

930 1136 1004 1164 mine
1024 1139 1153 1170 tanquam
1171 1142 1223 1162 aere
1238 1134 1328 1161 alieno
1343 1133 1419 1160 vobis
1434 1132 1597 1167 jampridem
1611 1132 1715 1160 obstri-

931 1185 994 1209 ctus
1020 1188 1080 1208 sum
1102 1180 1271 1210 necessario,
1290 1179 1424 1213 cujusque
1445 1179 1606 1206 solutionem
1627 1178 1716 1206 adhuc

931 1235 987 1254 non
1004 1226 1104 1262 ingrati
1121 1225 1204 1252 animi
1218 1225 1295 1255 vitio.
1313 1224 1361 1252 sed
1379 1224 1485 1251 infirma
1503 1226 1627 1259 corporis
1644 1225 1717 1252 vale-

933 1273 1028 1300 tudine
1044 1272 1191 1306 impeditus
1204 1271 1309 1303 distuli,
1325 1271 1515 1306 persoluturus
1528 1270 1652 1297 advenio.
1664 1270 1717 1298 lni-

933 1325 1017 1354 quum
1032 1320 1105 1345 enim
1121 1321 1205 1350 esset,
1227 1325 1288 1344 cum
1307 1324 1349 1347 ea,
1371 1324 1431 1351 qua:
1444 1316 1477 1344 ad
1500 1315 1582 1347 feras,
1597 1321 1654 1343 tum
1673 1324 1718 1343 na-

934 1368 1035 1396 tantes,
1061 1368 1117 1391 tum
1133 1363 1298 1398 gradientes,
1321 1366 1377 1389 tum
1399 1362 1533 1394 volantes,
1551 1370 1665 1397 quaeque
1685 1362 1718 1389 ad

936 1409 1034 1436 malum
1051 1412 1077 1435 et
1089 1415 1120 1435 ea
1135 1415 1195 1442 quin
1212 1408 1237 1434 in
1256 1407 1326 1434 cmlo
1341 1410 1416 1440 sunt,
1429 1414 1544 1442 quaeque
1562 1407 1594 1434 ad
1607 1413 1720 1439 terram,

936 1458 963 1481 et
987 1454 1019 1480 ad
1043 1453 1088 1480 illa
1110 1460 1170 1488 qua:
1186 1456 1250 1480 sunt
1273 1452 1300 1479 in
1325 1457 1407 1484 terra,
1430 1453 1577 1487 pertinent,
1593 1452 1721 1480 didiceri-

937 1507 1016 1528 mus:
1041 1506 1072 1526 ea
1097 1499 1187 1529 nobis.
1204 1506 1264 1533 qua:
1286 1498 1318 1525 ad
1339 1502 1428 1524 ortum
1452 1498 1722 1532 procreationemque

938 1549 1060 1572 nostram
1071 1549 1205 1579 spectant,
1220 1552 1234 1570 a
1250 1544 1341 1571 divina
1361 1542 1504 1578 Scriptura
1521 1551 1574 1570 non
1588 1544 1721 1578 patelieri.

939 1589 1171 1622 Quemadmodum
1196 1589 1268 1615 enim
1297 1588 1368 1615 oculi
1399 1588 1496 1619 nostri,
1521 1596 1583 1615 eum
1611 1596 1642 1615 ea
1664 1595 1724 1624 quae

940 1639 1004 1663 sunt
1020 1639 1097 1662 extra
1115 1642 1145 1662 se
1167 1634 1287 1665 videant,
1312 1634 1418 1668 seipsos
1441 1641 1497 1661 non
1517 1636 1644 1664 cernunt.
1670 1634 1724 1661 nisi

103 1685 181 1712 τόπιν
193 1691 200 1699 ⁸
219 1682 348 1709 οὕτωκαὶ
361 1683 375 1708 6
390 1681 452 1712 νοῦς
467 1681 481 1706 6
495 1680 636 1715 ἡμέτερος,
654 1678 720 1705 ἄλλα
733 1678 813 1712 ὁρῶν,
828 1678 890 1704 ὲαυ-

944 1681 1162 1717 laevequippiam,
1175 1689 1206 1708 ac
1217 1681 1333 1708 solidum
1353 1681 1536 1715 inspexerint,
1556 1681 1628 1708 unde
1639 1680 1725 1708 refra-

103 1729 150 1757 τδν
163 1730 193 1756 οὐ
209 1728 313 1764 βλέπει,
326 1728 373 1754 ἐὰν
391 1727 428 1762 μὴ
447 1728 506 1758 ταῖς
521 1726 642 1762 Γραφαῖς
652 1725 768 1759 ἐγκύψῃ.
785 1724 822 1750 Τὸ
836 1723 891 1758 γὰρ

105 1775 221 1802 ἐνταῦθα
247 1774 304 1808 φῶς
323 1773 523 1807 ἀνακλώμενον,
537 1771 584 1798 τοῦ
600 1771 765 1807 καθορᾶσθαι
779 1771 892 1796 ἕκαστον

103 1821 184 1856 ἡμῶν
191 1820 276 1846 αἴτιον
290 1819 402 1853 γίνεται.
416 1819 493 1845 Ἐπεὶ
506 1817 630 1844 ἀσυνετοι
640 1818 722 1852 ὲσμεν
736 1817 782 1843 καὶ
795 1815 893 1851 ἀπερί-

105 1874 185 1893 οπτοι
217 1865 267 1900 τῆς
285 1864 388 1891 ἑαυτῶν
414 1862 599 1896 κατασκευῆς,
612 1863 681 1897 ὅπερ
705 1861 788 1896 ἐσμὲν
803 1861 851 1887 καὶ
866 1860 893 1887 τί

102 1912 189 1945 ἐσμεν
206 1909 377 1943 ἀγνοοῦντες.
401 1907 584 1942 Ἀμελέστατα
600 1906 655 1941 γὰρ
672 1905 775 1933 ἑαυτῶν
791 1905 893 1932 διακεί-

109 1955 189 1991 μεθα,
208 1954 263 1981 τῶν
278 1953 431 1989 προχείρων
454 1953 502 1988 τῆς
524 1951 650 1986 γνώσεως
666 1952 714 1979 καὶ⁸
728 1951 781 1978 τῶν
799 1960 893 1987 μικρο-

107 2000 197 2027 τάτων
213 1999 267 2025 τῶν
281 1999 310 2025 ὲν
326 2000 392 2034 ἡμῖν
407 1998 504 2032 γνῶσιν
518 1998 568 2025 οὐκ
582 1998 701 2034 ἔχοντες.
711 1997 810 2025 nam
824 2006 894 2033 πρα-

107 2046 239 2081 γματεῖαι
257 2045 321 2080 περὶ
343 2044 374 2070 τὸ
391 2044 471 2079 σῶμα
487 2044 517 2070 τὸ
535 2044 667 2080 ἡμέτερον
684 2044 714 2071 τὸ
727 2043 895 2080 ἀνθρώπινον

107 2092 158 2128 τὴν
177 2093 267 2118 πᾶσαν
284 2090 386 2117 ἑαυτῶν
400 2090 516 2126 σπουδὴν
529 2090 723 2126 κατηνάλωσαν
733 2099 740 2106 ·
752 2091 802 2118 κᾶν
814 2092 896 2126 ἰατρι-

110 2137 162 2173 κὴν
190 2137 318 2173 ἓπὲλθῃς,
332 2137 459 2172 εὑρήσεις
487 2136 557 2163 πόσα
582 2137 645 2170 περὶ
663 2136 712 2172 τῆς
727 2136 821 2172 χρείας
841 2136 895 2162 τῶν

111 2183 252 2219 ἡμετέρων
276 2184 340 2217 ἡμῖν
365 2182 507 2216 διηγεῖται,
524 2182 609 2214 πόσας
632 2183 696 2217 περὶ
718 2182 768 2217 τῆς
792 2182 897 2209 ἔνδοθεν

111 2231 177 2265 ἡμῖν
192 2229 362 2263 κατασκευῆς
378 2229 407 2254 ὲν
427 2229 488 2259 ταῖς
515 2229 692 2264 ἀνατομικοῖς
711 2229 897 2264 ἐγχειρήσεων

112 2275 206 2310 ὶξεῦρε
232 2273 424 2309 κεκρυμμένος
451 2273 528 2305 ὁδοὺς
555 2273 779 2308 συννπαρχούσας
808 2274 836 2299 ὲν
859 2272 898 2308 τῷ

112 2321 221 2355 ἀφανεῖ,
240 2320 305 2354 μίαν
322 2318 474 2353 σύμπνοιαν
492 2318 547 2345 ἀπὸ
562 2318 608 2345 τοῦ
632 2318 757 2353 σώματος
768 2337 774 2347 ,
789 2319 898 2354 ὀχετοὺς

941 1732 1002 1755 ctus
1016 1728 1127 1755 obtutus
1144 1735 1176 1754 ac
1190 1727 1306 1754 reﬂuens
1320 1726 1418 1754 efficiat
1434 1730 1464 1753 ut
1487 1734 1516 1754 se
1533 1727 1583 1761 ipsi
1601 1727 1726 1754 intuean-

942 1777 988 1800 tur
1005 1782 1012 1800 :
1029 1773 1068 1800 sic
1084 1773 1191 1800 animus
1207 1777 1300 1799 noster
1313 1772 1365 1798 alia
1381 1779 1507 1802 cernens.
1525 1780 1555 1799 se
1569 1772 1657 1806 ipsum
1670 1779 1726 1798 non

943 1819 1025 1851 videt,
1048 1818 1100 1845 nisi
1121 1817 1271 1852 Scripturis
1294 1818 1442 1849 inhaeserit,
1459 1822 1540 1853 atque
1562 1818 1727 1846 incubuerit.

943 1865 1020 1898 Quod
1037 1864 1110 1892 enim
1127 1864 1154 1891 in
1178 1864 1232 1891 illis
1246 1867 1287 1891 est
1311 1864 1413 1896 iumen,
1431 1864 1589 1897 reflectitur,
1610 1864 1729 1900 facitque

944 1914 974 1938 ut
989 1918 1043 1938 nos
1058 1909 1107 1945 ipsi
1126 1909 1325 1944 perspiciamus
1341 1913 1368 1936 et
1386 1916 1598 1944 cognoscamus.
1617 1908 1728 1942 Verum,

945 1955 1072 1990 quoniam
1085 1961 1131 1981 eas
1141 1953 1313 1988 negligimus,
1326 1961 1375 1980 nec
1386 1954 1458 1981 scire
1466 1961 1605 1986 curamus,
1619 1961 1730 1990 quomo-

945 2001 981 2028 do
991 2000 1054 2026 facti
1064 1999 1269 2034 constructique
1275 1999 1373 2029 simus,
1386 1999 1448 2026 inde
1456 1999 1494 2032 fit,
1508 2003 1536 2026 ut
1546 1999 1609 2034 quid
1621 2000 1731 2035 quales-

943 2053 976 2074 ve
993 2045 1090 2076 simus,
1106 2045 1272 2080 ignoremus,
1288 2048 1315 2071 et
1331 2052 1424 2072 eorum
1443 2052 1503 2080 qua;
1517 2045 1544 2072 in
1564 2046 1644 2073 nobis
1655 2049 1729 2076 sunt,

945 2092 1008 2119 licet
1031 2091 1155 2122 minima,
1181 2090 1354 2125 maximeque
1376 2098 1466 2117 rerum
1491 2092 1614 2118 omnium
1642 2091 1731 2118 facilia

946 2143 1026 2172 atque
1039 2137 1065 2164 in
1082 2141 1208 2172 promptu
1233 2137 1297 2167 sint,
1312 2137 1414 2163 nullam
1431 2137 1555 2164 notitiam
1572 2137 1730 2164 habeamus.

945 2184 984 2211 Ac
1012 2182 1121 2210 tametsi
1141 2182 1233 2209 multa:
1256 2181 1400 2208 facultates
1426 2181 1453 2208 in
1476 2188 1590 2216 corpore
1611 2181 1733 2208 humana

947 2227 1132 2264 dignoscendo
1155 2234 1236 2254 omne
1258 2234 1338 2259 suum
1359 2226 1478 2253 studium
1506 2227 1675 2253 collocarunt
1698 2227 1732 2262 (si

947 2274 1020 2302 enim
1037 2272 1170 2299 medicam
1185 2275 1270 2299 artem
1287 2272 1454 2303 consideres,
1469 2271 1549 2299 facile
1562 2273 1734 2300 animadver-

948 2322 1000 2349 tes,
1024 2324 1105 2352 quam
1128 2316 1213 2343 multa
1236 2316 1270 2344 de
1291 2324 1341 2344 usu
1364 2317 1480 2351 partium
1499 2317 1558 2351 ejus
1577 2317 1734 2351 tradiderit;

113 2347 282 2399 ἐιινειὶμιπίτος,
307 2347 480 2399 ὑδραγωγίας
501 2364 632 2398 αἵματος,
649 2347 785 2399 ἀναπνοῆς
805 2347 897 2400 ἓλκὴν,

949 2369 1031 2399 quam
1045 2362 1130 2389 multa
1142 2361 1175 2388 de
1193 2361 1314 2389 interiori
1331 2367 1424 2389 nostra
1443 2366 1580 2389 structura
1594 2363 1620 2388 in
1637 2363 1735 2390 sectio—
1774 2347 1777 2355 Ι

113 2409 220 2444 οἷκησιν
232 2408 323 2440 ἑστίας
342 2407 388 2434 τοῦ
404 2407 506 2443 θερμοῦ
522 2408 569 2434 ἐπὶ
583 2409 633 2443 τῆς
645 2408 769 2444 καρδίας,
793 2409 899 2443 κίνησιν

113 2454 213 2490 διαρκῆ
246 2454 293 2480 τοῦ
324 2453 498 2489 περικαρδίου
526 2453 691 2489 πνεύματος.
720 2455 812 2490 Μυρία
836 2455 900 2491 παρ’

116 2499 231 2531 ἐκείνοις
254 2498 479 2534 πεφιλοσόφηται,
492 2495 529 2525 ὦν
555 2498 643 2530 οὐδεὶς
671 2498 750 2533 ἡμῶν
764 2499 837 2524 ἐστιν
851 2498 900 2533 ἔμ-

115 2553 221 2580 πηρος,
236 2543 275 2579 τῷ
286 2544 418 2579 μηδεμίαν
430 2544 527 2579 σχολὴν
539 2544 684 2579 ἀπονεῖμαι
700 2544 739 2578 τῷ
754 2544 830 2579 μέρει
844 2543 903 2570 τού-

115 2599 164 2616 του
177 2590 226 2624 τῆς
249 2589 408 2622 ἐξετάσεως,
425 2590 492 2624 μηδὲ
512 2589 613 2624 γνῶναι
634 2589 728 2616 ἑαυτὸν
749 2589 902 2621 ἕκαποςὸς

116 2635 158 2666 τίς
175 2636 257 2661 ἐστιν.
271 2634 382 2661 Εὖκολοι
395 2634 450 2669 γάρ
463 2635 545 2669 ἐσμεν
560 2634 660 2668 γνῶναι
674 2634 788 2669 οὐρανὸν
804 2633 902 2669 μᾶλλον

117 2681 135 2716 ἢ
149 2680 272 2710 ἑαυτούς.
293 2680 373 2706 Ὥστε
390 2679 427 2714 μὴ
440 2679 605 2714 καταφρόνει
627 2679 675 2706 τοῦ
691 2680 720 2705 ὲν
740 2679 781 2706 σοὶ
796 2679 902 2714 Θαύμα-

117 2733 173 2756 τος.
189 2724 294 2759 Μικρὸς
310 2724 365 2758 γὰρ
382 2722 416 2754 εἰ,
430 2723 467 2755 ὡς
489 2722 607 2758 νομίζεις
618 2732 624 2739 ·
641 2724 726 2758 μέγαν
745 2723 772 2750 δὲ
789 2723 903 2759 ἐπερχό-

120 2779 200 2806 μενος
213 2771 227 2796 6
238 2769 314 2802 λόγος
326 2769 446 2803 εὑρήσει.
464 2768 511 2795 Διὰ
523 2769 602 2795 τοῦτο
617 2770 631 2795 6
644 2769 724 2802 σοφὸς
736 2769 817 2796 Δαεὶδ
828 2769 905 2800 εἰδὼς

119 2813 241 2849 ἀκριϐῶς
259 2813 352 2839 ἑαυτὸν
368 2812 500 2846 ἐξετάσαι,
516 2823 525 2839 ι
542 2813 765 2849 Ἐθαυμαστὼθη,
781 2824 790 2841 ι
807 2815 904 2848 φησὶν,

952 2409 1033 2436 nibus
1049 2407 1228 2443 excogitarit;
1253 2415 1334 2442 quam
1354 2408 1460 2435 ab‘dilas
1483 2409 1658 2443 occultasque
1677 2409 1735 2436 vias

953 2453 1121 2490 patefecerit,
1145 2457 1174 2480 ut
1196 2461 1280 2480 unum
1307 2454 1390 2481 totius
1413 2455 1536 2489 corporis
1560 2460 1734 2487 concentum,

954 2505 1036 2536 atque
1055 2500 1239 2533 concordiam,
1261 2501 1383 2535 spiritus,
1408 2502 1550 2536 sanguinis
1569 2501 1677 2534 ductus,
1694 2503 1737 2528 at-

955 2546 1116 2573 tractionem
1142 2545 1249 2576 animae,
1271 2553 1302 2572 ac
1322 2545 1502 2579 domicilium,
1521 2547 1622 2574 caloris
1645 2547 1736 2574 sedem

956 2592 983 2618 in
999 2591 1092 2622 corde,
1110 2594 1268 2626 perpetuum
1285 2591 1398 2625 spiritus
1413 2591 1439 2617 in
1451 2592 1608 2626 praecordiis
1623 2595 1737 2622 motum.

955 2640 1036 2670 atque
1049 2636 1101 2662 alia
1123 2634 1332 2662 innumerabilia
1352 2634 1675 2669 investigaveritﬁtamen
1692 2642 1742 2662 ea-

956 2689 1015 2707 rnm
1030 2688 1081 2707 nos
1097 2681 1218 2707 omnium
1231 2679 1316 2714 ignari
1334 2686 1441 2710 sumus,
1456 2680 1556 2715 quippe
1569 2679 1614 2714 qui
1628 2679 1654 2705 in
1667 2679 1738 2713 ejus-

959 2726 1032 2753 modi
1058 2726 1178 2752 studium
1207 2725 1275 2751 nihil
1301 2724 1502 2755 incumbimus,
1535 2732 1586 2751 nec
1610 2729 1651 2752 est
1685 2725 1738 2750 fere

958 2771 1113 2805 quisquam,
1136 2770 1182 2805 qui
1201 2770 1271 2796 scire
1288 2773 1374 2801 curet,
1397 2769 1461 2803 quid
1484 2769 1542 2803 ipse
1560 2769 1604 2796 sit.
1620 2768 1739 2796 Facilius

959 2816 1056 2843 caelum
1083 2823 1162 2850 quam
1191 2815 1373 2850 nosmetipsos
1392 2820 1556 2848 cognoscere
1584 2820 1740 2849 possumus.
