1977 3071
245 89 298 118 259

864 85 890 113 S.
908 84 1073 114 GREGORII
1090 81 1233 113 NYSSENI

1817 74 1870 108 ξιὶο

246 150 441 184 Quamobrem,
457 147 530 184 quod
556 147 584 175 in
609 151 636 175 te
650 146 839 174 admirandum
863 152 917 179 est,
938 147 1031 179 homo,

1111 147 1127 181 ή
1144 145 1244 180 γνῶσίς
1269 153 1316 172 σου
1331 144 1361 177 ἐξ
1376 143 1454 179 ἐμοῦ.
1474 153 1484 169 ι
1504 142 1578 170 Κατὰ
1594 142 1642 178 τὴν
1665 141 1761 177 τέχνην
1776 141 1826 178 τήν
1840 142 1870 169 ὲν

247 203 282 224 ne
296 194 504 228 contempseris.
520 193 628 220 Parrus
639 196 668 220 tu
681 192 790 228 quidem
804 199 844 223 cs,
858 196 888 218 ut
899 192 1030 226 opinaris,

246 241 295 276 sed
316 248 438 276 praesens
452 239 541 266 oratio
560 243 588 266 te
603 246 732 274 magnum
753 245 815 266 esse
837 237 1030 273 deprehendet.

248 287 353 314 Idcirco
376 285 487 321 sapiens
503 283 599 315 David,
613 284 659 318 qui
676 291 705 312 se
720 283 809 319 ipsum
829 283 973 319 diligenter
986 289 1033 310 ex-

252 333 357 370 plorare
385 334 507 363 noverat,
533 339 542 356 ε
563 329 705 362 Mirabilis,
725 337 736 354 ι
755 328 852 364 inquit,
875 331 887 354 α
911 327 980 356 facta
991 331 1034 355 est

263 377 365 404 cientia
380 379 427 402 tua
442 383 476 403 ex
490 383 541 402 me.
562 384 570 400 ι
591 374 730 402 Undenam
745 373 926 408 cognitionem
940 374 979 401 tui
993 381 1035 400 ra-

253 423 323 450 tione
349 421 466 448 miriﬁca
491 420 556 447 licet
589 416 724 447 inveniri?
753 427 787 446 ex
819 427 873 452 me,
903 419 1035 446 Mirabilis

250 467 321 494 facta
343 470 386 494 est
407 467 521 494 scientia
537 470 582 492 tua
598 473 631 492 ex
650 473 703 492 nte.
724 464 877 492 Artificium
897 465 1037 500 sapientiae

250 515 312 545 tum,
334 520 389 547 quo
411 518 511 546 corpus
536 518 627 538 meum
648 512 835 538 constructum
855 514 909 542 est,
934 517 1037 546 cogno—

252 566 343 590 scens,
361 566 393 585 ex
412 565 495 592 parva
509 557 613 584 fabrica
633 564 761 592 magnum
771 555 901 591 Opiﬁcem
915 555 1039 583 animad-

251 608 335 630 verto.
354 613 363 628 «
377 603 520 630 Faciamus
536 602 672 630 hominem
686 601 719 629 ad
734 602 879 637 imaginem
894 605 921 628 et
936 601 1036 629 simili-

251 648 371 674 tudinem
393 652 525 674 nostram.
545 656 555 672 ι
568 645 677 678 Paucis,
692 645 738 672 sed
762 645 828 673 satis
841 646 933 679 aperte
944 647 1034 670 tamen

251 691 466 719 demonstratum
478 694 521 718 est
533 694 596 718 antc
611 698 671 725 quae
690 690 755 722 sint,
774 693 801 716 et
819 689 853 716 ad
867 696 948 723 quem
967 687 1036 715 refe-

251 744 346 766 rantur
359 739 416 765 baac
430 738 522 765 verba.
538 737 569 763 Et
585 737 665 764 habet
678 735 799 763 ECclesia
812 735 846 762 de
865 735 909 761 his
925 735 1038 762 demon-

251 783 406 814 strationes,
420 782 474 809 imo
485 789 549 809 vero
559 781 636 808 fidem
650 781 730 807 habet
743 778 1037 806 omnidemonstratio-

252 837 285 856 ne
293 828 451 856 lirmiorem.
472 837 480 853 ι
494 826 637 854 Faciamus
648 826 796 853 hominem.
815 835 824 851 ι
843 823 912 852 llinc
925 825 1039 860 incipies

251 874 277 901 te
288 874 376 908 ipsum
393 880 573 908 cognoscere.
587 871 710 898 Nondum
724 871 751 898 in
763 870 816 897 ulla
830 870 970 897 molitione
983 868 1040 897 hinc

253 927 303 948 vox
320 920 422 953 scripta
449 922 503 946 est.
528 917 609 944 Facta
632 917 683 944 fuit
702 917 761 947 lux,
792 915 839 944 sed
859 915 975 950 simplici
993 915 1039 942 Dei

253 965 382 992 mandato
401 964 528 994 dicentis,
543 962 610 989 Fiat
626 963 681 989 lux.
699 961 816 994 Cottum,
837 961 883 988 sed
903 961 962 988 sine
974 968 1040 988 con-

258 1009 424 1036 sullatione:
442 1008 538 1040 stellai,
553 1007 599 1034 sed
615 1007 688 1033 nulla
703 1007 842 1040 pi-zccessit
855 1005 1016 1033 deliberatio
1032 1015 1038 1033 :

1085 192 1156 227 ἐμοὶ,
1173 192 1222 227 ὅσῃ
1246 190 1325 226 σοφίᾳ
1351 188 1556 223 κατεσκευάσθη
1571 196 1621 222 μου
1639 187 1670 213 τὸ
1687 186 1766 222 σῶμα
1785 195 1870 214 κατα-

1084 239 1199 273 νοήσας,
1211 238 1243 264 ὲκ
1270 236 1316 263 τοῦ
1344 234 1442 272 μικρΘῦ
1465 233 1561 261 τούτου
1592 233 1869 267 κατασκευάσματος,

1084 282 1130 309 τὸν
1145 282 1230 317 μέγαν
1242 279 1412 316 Δημιουργδν
1426 279 1536 314 ὲνόησα.
1557 287 1566 304 ι
1586 278 1748 313 Ποιήσωμεν
1767 277 1871 312 avom»-
1894 295 1898 298 ι

1085 337 1135 355 πον
1153 327 1212 354 κατ’
1225 327 1316 354 εἰκόνα
1336 325 1473 362 ἡμετέραν
1493 325 1540 352 καὶ
1559 325 1698 360 ὁμοίωσιν.
1718 333 1727 349 ι
1750 323 1871 359 Ἐδείχθη

1087 373 1182 409 πρῴην
1197 373 1225 399 ὲν
1242 372 1417 408 παραδρομῇ,
1433 371 1480 397 καὶ
1502 369 1658 406 ἀρκούντως
1678 369 1786 404 ἐδείχθη
1800 369 1842 400 τίς
1857 370 1872 396 ό

1086 419 1173 454 λέγων
1190 419 1317 454 καὶπρὸς
1337 418 1397 445 τίνα
1413 419 1428 444 ό
1447 417 1537 451 λόγος·
1553 416 1601 443 καὶ
1614 416 1670 451 ἔχει
1691 416 1707 450 ή
1724 415 1873 451 Ἐκκλησία

1085 465 1134 496 τὰς
1149 466 1212 500 περὶ
1228 465 1330 491 τούτων
1349 463 1500 496 ἀποδείξεις
1514 469 1522 477 ⁶
1537 462 1638 498 μᾶλλον
1655 461 1684 488 δὲ
1699 461 1755 496 ἔχει
1769 461 1871 493 πίστιν,

1086 510 1250 542 ἀποδείξεως
1274 509 1458 545 βεὸαιοτέραν.
1474 517 1483 534 ‹
1502 508 1666 543 Ποιήσωμεν
1690 506 1843 542 ἄνθρωπον.
1859 514 1870 533 ›

1086 555 1236 591 Κατάμαθε
1255 555 1366 582 σεαυτὸν
1386 554 1509 581 ἐντεῦθεν
1532 552 1699 589 ἀρξάμενος,
1718 551 1795 578 οὔπω
1810 550 1875 587 περὶ

1088 602 1168 629 ἄλλον
1194 601 1247 628 τῶν
1262 600 1530 635 κατασκευασμάτων
1547 599 1615 634 αὕτη
1632 600 1648 634 ἡ
1665 598 1739 634 φωνὴ
1752 598 1874 634 ἀνάγρα-

1090 656 1166 679 πτος.
1183 647 1242 678 Φῶς
1271 647 1388 680 ἐγένετο,
1403 647 1450 673 καὶ
1476 645 1577 672 ἁπλοῦν
1605 645 1777 680 πρόσταγμα.
1793 643 1874 670 Εἶπεν

1089 693 1104 719 ὁ
1118 692 1192 724 Θεὸς,
1213 692 1356 727 Γενηθήτω
1378 692 1446 727 φῶς.
1468 691 1598 727 Οὐρανὸς,
1616 691 1662 717 καὶ
1678 690 1741 718 ἄνευ
1755 689 1849 725 βουλῆς
1860 690 1874 715 ὁ

1090 737 1214 773 οὐρανός.
1227 737 1384 772 Φωστῆρες,
1403 737 1450 764 καὶ
1470 737 1545 763 οὐδὲν
1568 734 1798 771 προεϐουλεύσατο
1811 731 1876 770 περὶ

1090 783 1145 808 τῶν
1166 783 1326 817 φωστήρων.
1352 782 1479 808 Θάλασσα
1498 782 1545 808 καὶ
1560 781 1666 815 πελάγη
1690 781 1801 815 ἄπειρα,
1829 779 1876 806 καὶ

1091 829 1231 864 προσταγῇ
1245 827 1373 863 παρήχθη
1392 828 1432 859 εις
1444 827 1474 853 τὺ
1490 825 1569 854 εἶναι.
1591 826 1700 861 Ἰχθύων
1717 825 1782 860 γένη
1809 833 1876 851 παν-

1089 873 1203 905 τοδαπὰ,
1219 873 1397 900 κελευσθέντα
1417 872 1535 907 ἐγένετο.
1552 872 1650 907 Θηρία,
1668 871 1714 898 καὶ
1728 871 1813 906 κτήνη
1829 871 1877 897 καὶ

1090 918 1124 945 τὰ
1143 918 1241 954 πτηνὰ,
1265 915 1341 952 εἶπε,
1357 918 1404 944 καὶ
1430 918 1548 952 ἐγένετο.
1578 917 1708 944 Ἐνταῦθα
1728 916 1803 943 οὔπω
1830 915 1878 942 ἇν-

1091 963 1208 1000 θρωπος,
1219 965 1265 991 καὶ
1278 964 1359 999 βουλὴ
1371 964 1433 999 περὶ
1446 963 1598 999 ἀνθρώπου.
1607 963 1664 990 υΰκ
1674 961 1750 989 εἶπεν
1762 962 1799 994 ὡς
1811 971 1843 988 πε
1849 962 1876 998 pi

1096 1007 1150 1033 τῶν
1162 1007 1259 1040 ἄλλων,
1276 1007 1419 1042 Γενηθήτω
1430 1006 1582 1042 ἅνθρωπος.

254 1055 375 1090 pelagus,
401 1059 482 1088 atque
511 1052 719 1080 innumerabilia
739 1051 825 1078 maria
845 1052 878 1078 ad
890 1051 1011 1086 iubentis
1027 1060 1120 1080 vocem
1145 1055 1320 1082 exstiterunt.
1337 1053 1437 1082 Eodem
1465 1053 1546 1081 modo
1565 1054 1656 1081 omnia
1686 1053 1801 1089 piscium
1831 1059 1878 1090 ge;

198 1111 202 1117 ι
253 1107 329 1131 nera,
345 1098 448 1129 bestiae,
468 1103 494 1125 et
508 1102 576 1128 cete,
593 1103 654 1132 qua:
672 1099 778 1128 natant,
807 1103 922 1130 quaeque
952 1096 1045 1124 volant
1068 1097 1206 1130 animalia,
1228 1097 1274 1125 Dei
1307 1097 1428 1132 iubentis
1447 1097 1529 1125 rerbo
1543 1097 1613 1124 facta
1636 1103 1710 1127 sunt.
1731 1097 1779 1125 llic
1809 1105 1880 1125 non-

254 1145 319 1173 dnm
342 1149 384 1172 est
399 1144 491 1175 homo,
507 1147 534 1170 et
544 1143 577 1170 de
599 1142 708 1169 homine
732 1141 848 1168 habetur
871 1141 1029 1169 consilium.
1046 1142 1115 1174 Non,
1133 1147 1162 1170 ut
1182 1143 1244 1171 aliis
1262 1144 1288 1170 in
1304 1143 1386 1171 rebus
1401 1143 1470 1170 dixit
1485 1152 1491 1170 :
1512 1142 1572 1170 Fiat
1588 1135 1680 1170 homo.

290 1191 370 1218 Disce
386 1189 503 1224 pretium
526 1196 558 1216 ac
574 1188 732 1223 dignitatem
747 1192 830 1215 tuam.
847 1188 904 1215 Non
924 1188 1040 1223 proiecit

254 1236 383 1264 mandato
399 1238 426 1262 et
447 1234 524 1269 jussu
539 1237 612 1260 tuam
629 1233 855 1268 procreationem,
877 1233 925 1260 sed
945 1233 1039 1260 consi-

255 1282 320 1309 lium
337 1288 368 1308 ac
382 1279 541 1307 deliberatio
562 1278 612 1305 fuit
634 1278 659 1305 in
674 1278 738 1309 Deo,
759 1279 896 1313 quomodo
914 1279 968 1306 tale
982 1279 1041 1306 ani-

255 1328 308 1354 mal
326 1326 524 1362 produceretur
539 1324 566 1351 in
581 1324 674 1351 vitam.
697 1333 706 1349 ε
728 1323 881 1355 Faciamus,
900 1333 909 1350 ι
933 1325 1042 1360 sapiens

255 1372 394 1404 consulit,
425 1370 522 1397 artifex
555 1369 712 1396 meditatur.
746 1364 849 1404 Ecquid
880 1369 958 1397 deest
991 1369 1044 1397 arti

257 1417 337 1452 eius?
347 1417 470 1450 Quanam
488 1414 645 1442 difficultate
657 1414 790 1442 adductus
802 1415 930 1447 consulit,
947 1419 977 1442 ut
994 1415 1043 1443 ab-

257 1465 375 1491 solutum
389 1468 415 1488 ct
429 1461 580 1496 perlectum
594 1460 818 1496 elaboratumque
834 1460 916 1488 faciat
927 1461 1042 1488 charum

257 1517 326 1544 opus
357 1506 456 1535 suum?
481 1515 515 1533 an
547 1511 575 1533 ut
604 1506 731 1533 ostendat
758 1509 784 1534 te
807 1506 956 1541 perfectum
980 1512 1044 1534 esse

257 1555 328 1590 apud
347 1553 452 1580 Deum?
474 1552 547 1579 Duas
572 1551 684 1579 adscrte
705 1559 857 1587 personas;
874 1559 967 1586 unam,
984 1560 1044 1587 quae

259 1601 402 1635 loquitur:
422 1598 548 1628 alteram,
568 1597 601 1624 ad
621 1604 703 1632 quam
725 1596 850 1632 dirigitur
869 1598 967 1625 oratio.
989 1598 1046 1626 Cur

259 1650 349 1672 autem
373 1651 427 1670 non
443 1642 522 1675 dixit,
536 1640 640 1671 Facito.
667 1641 868 1674 sed,Fac'ramus
888 1642 1046 1670 hominem?

260 1694 291 1717 ut
306 1689 464 1724 imperium,
481 1695 513 1715 ac
526 1687 695 1714 dominatum
714 1687 879 1722 intelligeres
893 1696 900 1714 :
915 1695 950 1715 ne
965 1685 1047 1717 Patre

259 1735 379 1770 cognito,
392 1733 490 1760 Filium
509 1733 660 1768 ignorares,
680 1735 710 1759 ut
726 1733 811 1760 scires
824 1731 931 1761 Patrem
948 1733 1046 1762 fecisse

260 1789 308 1814 per
329 1780 439 1810 Filium,
469 1782 496 1806 et
521 1778 620 1805 Filium
638 1783 749 1813 paterna
762 1786 870 1807 creasse
894 1779 1046 1811 voluntate,

260 1827 439 1860 laudaresque
451 1824 559 1851 Patrem
587 1824 613 1850 in
630 1823 709 1856 Filio,
735 1828 761 1851 et
778 1823 877 1852 Filium
897 1825 925 1852 in
944 1826 1047 1861 Spiritu

261 1877 366 1900 sancto.
391 1872 541 1899 Commune
562 1879 658 1898 eorum
677 1878 747 1906 opus
764 1871 903 1904 exstitisti,
919 1877 950 1899 ut
974 1873 1048 1907 ipsos

262 1921 365 1952 pariter
377 1917 474 1944 adores
489 1922 516 1943 et
530 1917 616 1948 colas,
629 1924 662 1943 ne
673 1917 875 1944 venerationem
889 1918 1048 1953 cultumque

261 1963 378 1992 dividas,
405 1969 466 1989 cum
489 1962 596 1988 unicam
619 1969 680 1988 esse
704 1961 874 1990 divinitatem
898 1964 1047 1998 intelligas.

262 2002 332 2034 Vide
345 2008 486 2034 historiam
507 2015 539 2034 ex
563 2006 659 2042 ﬁgura,
671 2011 698 2034 et
722 2007 883 2042 theologiam
904 2017 937 2036 ex
948 2009 1049 2038 vi.iEt

264 2054 328 2082 fecit
343 2052 1046 2089 Deushominem.i—ii‘aciainus,linquit,etfecit:ne

1127 1189 1276 1224 Κατάμαθε
1298 1189 1411 1216 σεαυτοῦ
1430 1189 1460 1216 τὸ
1474 1190 1623 1225 τίμιον.οὑ
1646 1191 1811 1227 προσέῤῥιψέ
1832 1195 1880 1218 σου

1090 1235 1140 1270 τὴν
1164 1234 1270 1268 γένεσιν
1291 1235 1493 1270 προστάγματι,
1509 1235 1578 1262 ἀλλὰ
1595 1235 1784 1272 βουλευτήριον
1800 1237 1829 1263 tv
1842 1237 1881 1272 τῷ

1092 1280 1161 1315 Θεῷ,
1179 1280 1239 1312 πῶς
1254 1279 1345 1315 μέλλει
1362 1280 1392 1307 τὸ
1405 1280 1496 1316 τίμιον
1518 1281 1587 1312 ζῶον
1605 1282 1646 1312 εἰς
1660 1280 1706 1307 τὸν
1726 1281 1782 1316 βίον
1796 1283 1883 1318 παράέ

1093 1326 1198 1360 γεσθαι.
1216 1336 1224 1351 ‹
1241 1326 1415 1361 Ποιήσωμεν,
1433 1335 1441 1351 ι
1461 1326 1475 1352 ὁ
1495 1326 1574 1360 σοφὸς
1588 1326 1751 1361 βουλεύεται,
1764 1328 1779 1354 ό
1793 1326 1882 1362 τεχνί-

1096 1380 1145 1405 της
1161 1370 1333 1406 ἐνθυμεῖται·
1355 1369 1409 1406 ἄρα
1428 1371 1514 1398 λείπει
1530 1371 1613 1398 αὐτοῦ
1627 1373 1659 1407 τῇ
1674 1372 1766 1408 τέχνῃ,
1784 1372 1831 1399 καὶ
1850 1374 1882 1399 ὲκ

1097 1417 1146 1452 τῆς
1161 1417 1294 1452 μερίμνης
1311 1416 1434 1452 βούλεται
1448 1417 1650 1452 ἁηρτισμένον
1664 1418 1711 1444 καὶ
1724 1418 1824 1444 τέλειον
1835 1418 1883 1445 καὶ

1098 1462 1286 1498 ἡκριόωμένον
1306 1461 1388 1489 αὐτοῦ
1411 1462 1523 1496 ποιῆσαι
1541 1462 1571 1489 τὸ
1588 1455 1817 1499 φιλοτέχνημα.ςῆ
1838 1463 1883 1490 ἵνα

1093 1515 1136 1534 σοι
1149 1507 1222 1544 δείξῃ
1239 1507 1279 1534 ὅτι
1293 1507 1395 1539 τέλειος
1410 1505 1434 1534 εἶ
1454 1507 1528 1543 παρὰ
1550 1508 1609 1543 Θεῷ
1625 1516 1631 1540 ;
1649 1509 1768 1544 Ἔμαθες
1783 1509 1824 1536 ὅτι
1836 1509 1884 1536 δύο

1094 1553 1238 1588 πρόσωπα,
1260 1554 1274 1579 ὁ
1288 1553 1385 1586 λέγων,
1401 1553 1448 1579 καὶ
1463 1552 1531 1588 πρδς
1547 1553 1576 1580 ὃν
1590 1554 1604 1580 ὀ
1618 1553 1705 1588 λόγος.
1726 1554 1776 1581 Διὰ
1795 1554 1822 1581 τί
1833 1555 1885 1582 οὐκ

1094 1597 1153 1626 εἷπε
1163 1619 1170 1631 ,
1184 1599 1301 1633 Ποίησον
1310 1618 1317 1631 ,
1331 1598 1399 1626 ἀλλὰ
1418 1599 1577 1634 Ποιήσωμεν
1592 1599 1747 1634 ἄνθρωπονς
1760 1600 1802 1627 ἵνα
1820 1601 1886 1636 νοή-

1094 1653 1145 1680 σῃς
1156 1645 1205 1680 τὴν
1214 1645 1382 1676 δεσποτείαν,
1393 1645 1437 1672 ἵνα
1451 1644 1489 1681 μὴ
1497 1644 1544 1671 τὸν
1557 1645 1668 1680 Πατέρα
1681 1645 1883 1679 ἐπιγινώσκων,

1094 1691 1141 1718 τὸν
1159 1691 1222 1718 mu
1244 1692 1344 1726 ἁγνοῇς
1356 1699 1364 1707 ·
1391 1691 1434 1717 ἴνα
1455 1691 1528 1727 εἰδῇς
1543 1692 1583 1718 ὅτι
1604 1691 1699 1727 Πατὴρ
1713 1692 1824 1727 ἐποίησε
1839 1692 1885 1720 διὰ

1097 1737 1183 1770 Υιοῦ,
1207 1738 1254 1764 καὶ
1281 1737 1345 1769 Υἱὸς
1367 1737 1494 1764 ὲκτίσατο
1516 1736 1634 1772 πατρῴῳ
1657 1737 1807 1772 θελήματι·
1836 1739 1885 1765 καὶ

1095 1782 1210 1818 δοξάσῃς
1224 1782 1334 1818 Πατέρα
1344 1783 1372 1809 ὲν
1389 1781 1457 1817 Υίῷ,
1473 1782 1521 1808 καὶ
1533 1781 1596 1808 Υἱὸν
1610 1783 1639 1808 ὲν
1652 1782 1790 1817 Πνεύματι
1802 1783 1884 1818 ἁγίῳ.

1097 1828 1174 1855 Οὕτω
1188 1827 1277 1854 κοινὸν
1291 1827 1405 1862 γέγονας
1423 1827 1514 1862 ἕργον,
1534 1826 1577 1852 ἵνα
1593 1826 1681 1858 κοινὸς
1695 1826 1886 1863 προσκυνητὴς

1098 1874 1260 1910 ἀμφοτέρων
1276 1871 1310 1910 ᾖς
1321 1893 1329 1906 ,
1354 1874 1391 1908 μὴ
1415 1873 1514 1908 σχίζων
1528 1871 1577 1908 τὴν
1592 1872 1791 1907 προσκύνησιν,
1816 1873 1887 1900 ἁλλὰ

1098 1914 1166 1948 ἑνῶν
1178 1921 1227 1956 τὴν
1242 1920 1367 1955 θεότητα.
1385 1919 1455 1954 Ὅρα
1469 1919 1590 1954 ίστορίαν
1613 1919 1662 1955 μὲν
1676 1920 1805 1954 σχήματι,
1827 1919 1888 1946 Oso-

1098 1967 1191 2001 λογίαν
1212 1967 1241 1993 δὲ
1264 1966 1386 2001 δυνάμει.
1417 1965 1471 1992 Καὶ
1491 1965 1636 1999 ἐποίησεν
1651 1967 1667 1992 ό
1680 1966 1753 1999 Θεὸς
1769 1966 1821 1992 τὸν
1835 1966 1888 1992 ἇν-

1099 2015 1225 2047 θρωπον.
1247 2011 1438 2046 Ποιήσωμεν.
1458 2011 1513 2037 Καὶ
1525 2011 1575 2037 οὐκ
1587 2009 1658 2043 εἷπε,
1673 2012 1728 2038 Καὶ
1743 2011 1886 2046 ἐποίησαν,

1100 2059 1143 2086 Eva
1158 2059 1194 2094 μὴ
1206 2059 1350 2090 πολυθετας
1363 2057 1448 2094 λάϐῃς
1465 2057 1600 2094 ἀφορμάς.
1626 2057 1658 2084 Et
1672 2057 1726 2092 γὰρ
1740 2057 1888 2091 πληθυντιι-

265 2101 442 2136 multiplicem
464 2100 581 2128 Deorum
604 2107 746 2128 numerum
771 2100 908 2128 crederes.
927 2099 956 2128 Si
973 2102 1042 2129 enim

1099 2105 1147 2132 κὺν
1160 2103 1330 2140 παρεισήχθη
1353 2103 1382 2130 τὸ
1400 2103 1544 2139 πρόσωπον
1554 2123 1560 2133 ,
1583 2102 1702 2137 ἀφειδεῖς
1716 2102 1749 2129 ἂν
1763 2103 1888 2137 ἐγένοντο

265 2148 358 2183 plures
374 2146 470 2174 fecisse
484 2146 651 2178 dicerentur,
667 2146 764 2174 adduci
782 2150 894 2181 possent
909 2147 1043 2180 homines,

265 2197 296 2219 nt
309 2194 400 2227 plures
417 2193 468 2220 sibi
486 2193 553 2220 Deos
568 2193 762 2228 contingerent.
777 2193 856 2220 Nunc
873 2197 962 2221 autem
976 2195 1046 2222 scri-

266 2242 340 2272 pturn
353 2243 394 2265 est
416 2238 634 2272 «Faciamusgut
652 2246 803 2273 cognoscas
818 2238 938 2270 Patrem,
955 2244 981 2266 et
999 2239 1046 2266 Fi—

267 2283 343 2313 lium,
359 2287 386 2309 et
402 2283 532 2317 Spiritum
546 2288 670 2311 sanctum
691 2288 765 2316 :et,i
784 2283 858 2311 Fecit
874 2284 944 2312 Deus
958 2285 1047 2311 homi—

267 2336 327 2364 nem
341 2334 402 2355 :tut
420 2329 587 2356 divinitatem
603 2329 764 2364 coniungas,
785 2335 865 2365 atque
887 2338 969 2357 unam
986 2338 1048 2358 esse

267 2375 339 2402 scias
358 2383 365 2400 :
390 2382 470 2401 unam
496 2375 568 2407 dico,
591 2383 644 2402 non
665 2375 768 2403 unitate
788 2383 975 2410 personarum,
999 2375 1046 2403 sed

267 2421 424 2454 potestate:
450 2423 480 2445 iit
495 2426 556 2446 cum
581 2420 612 2446 ad
634 2420 802 2448 adorandum
818 2420 936 2451 accedis,
962 2419 1046 2447 Deum

268 2474 350 2493 unum
367 2465 462 2492 laudes
473 2470 500 2491 et
512 2465 596 2496 colas,
613 2473 661 2493 nec
675 2465 702 2492 in
718 2465 836 2492 Deorum
847 2465 1047 2492 multitudinem

267 2510 441 2539 distraharis.
468 2509 527 2537 Non
550 2510 640 2538 dixit:
666 2510 801 2538 Fecerunt
824 2510 960 2538 hominem
987 2510 1046 2538 Dei.

268 2557 321 2584 Sed
337 2559 521 2589 :cFecitDcus
528 2558 675 2586 hominem.
684 2557 810 2592 ul’ropria
824 2561 866 2582 est
880 2556 1047 2591 hypostasis,

266 2611 314 2629 seu
332 2609 448 2636 persona
464 2601 563 2633 Patris,
585 2602 692 2636 propria
707 2600 779 2632 Filii,
805 2602 912 2636 propria
930 2601 1049 2636 Spiritus

266 2648 363 2675 sancti.
383 2647 438 2674 Cur
450 2647 531 2682 igitur
546 2655 598 2673 non
611 2651 665 2673 tres
681 2645 750 2672 Dei?
765 2646 828 2680 quia
843 2655 894 2674 una
910 2647 1049 2674 divinitas.

267 2693 353 2725 Quam
381 2694 453 2719 enim
478 2693 505 2720 in
522 2692 602 2719 Patre
619 2692 710 2718 cernis
728 2693 909 2724 divinitatem,
926 2693 1048 2721 eamdem

265 2739 357 2766 cernis
375 2747 402 2765 in
415 2736 492 2765 Filio.
504 2737 535 2764 Et
551 2745 630 2771 quam
643 2737 668 2763 in
682 2734 760 2768 Filio,
772 2737 893 2765 eamdem
910 2739 936 2765 in
946 2738 1048 2773 Spiritu

267 2789 374 2813 sancto.
389 2783 523 2818 Quoniam
538 2791 590 2810 una
610 2783 636 2809 in
654 2786 771 2818 utroque
789 2784 886 2817 forma,
904 2789 930 2812 et
948 2785 1049 2819 princi-

1097 2149 1123 2176 οἱ
1137 2148 1286 2184 ἄνθρωποι,
1303 2148 1389 2175 πολλὰ
1406 2148 1493 2183 πλήθη
1513 2148 1587 2174 Θεῶν
1607 2148 1712 2179 ἑαυτοῖς
1734 2148 1889 2183 ἐπισωρεὺ-

1098 2200 1182 2227 οντες.
1208 2195 1265 2222 Νῦν
1281 2194 1330 2229 μέν
1343 2203 1394 2226 τοι,
1417 2193 1602 2228 Ποιήσωμεν,
1619 2194 1662 2220 ἶνα
1677 2193 1812 2230 γνωρίσῃς
1828 2194 1889 2222 Πα-

1099 2241 1165 2276 τέρα
1181 2241 1227 2267 καὶ
1242 2240 1304 2266 Υὶδν
1319 2239 1364 2266 καὶ
1381 2239 1491 2274 Πνεῦμα
1505 2239 1591 2273 ἅγιον.
1611 2239 1772 2272 Ἐποίησεν
1784 2241 1800 2266 o'
1814 2240 1889 2273 Θεὸς

1100 2285 1153 2312 τὸν
1166 2284 1332 2318 ἄνθρωπον,
1357 2284 1399 2310 ἵνα
1411 2282 1514 2318 ἐνώσῃς
1528 2283 1577 2318 τὴν
1595 2283 1720 2318 ϐεότητα,
1742 2283 1844 2319 ἐνώσῃς
1858 2284 1889 2311 δὲ

1100 2330 1130 2356 οὐ
1144 2330 1192 2361 τὰς
1210 2329 1381 2360 ὑποστάσεις,
1398 2329 1466 2355 ἀλλὰ
1479 2330 1512 2364 τῇ
1526 2328 1650 2363 δυνάμει,
1667 2329 1709 2356 ἵνα
1728 2329 1792 2364 μίαν
1807 2329 1889 2361 δόξαν

1101 2375 1165 2412 ἔχῃς
1177 2374 1213 2411 μὴ
1227 2375 1404 2410 μεριζόμενος
1417 2375 1480 2410 περὶ
1489 2375 1539 2410 τὴν
1551 2374 1745 2410 προσκύνησιν,
1761 2374 1797 2409 μὴ
1810 2378 1889 2410 μερι-

1103 2420 1216 2456 ζόμενος
1231 2421 1271 2450 είς
1284 2420 1438 2447 πολυθεῖαν.
1455 2421 1513 2446 Οὐκ
1524 2417 1611 2452 εἶπεν,
1634 2419 1778 2455 Ἐποίησαν
1792 2420 1817 2447 οἱ
1831 2420 1888 2447 θεοὶ

1101 2467 1146 2493 τὸν
1152 2466 1374 2503 ἄνθρωπον,ἀ).λ“,
1381 2476 1390 2491 r
1402 2467 1542 2501 Ἐποίησεν
1549 2467 1563 2492 ὀ
1570 2465 1644 2498 Θεός.
1652 2475 1662 2491 ι
1672 2459 1734 2493 διδία
1741 2467 1888 2499 ὑπόστασις

1099 2510 1214 2547 Πατρδς,
1225 2512 1270 2538 καὶ
1283 2511 1335 2538 ἰδία
1343 2510 1419 2542 Υἰοῦ,
1429 2511 1476 2537 καὶ
1489 2510 1541 2538 ἰδία
1547 2510 1617 2538 Πνεύ
1621 2519 1704 2546 ματος
1711 2511 1797 2544 ἁγίου.
1805 2510 1856 2537 Διὰ
1862 2511 1889 2536 τε

1100 2555 1146 2583 οὖν
1157 2558 1186 2584 οὐ
1196 2559 1268 2592 τρεῖς
1281 2566 1287 2589 ;
1302 2558 1343 2584 ὅτι
1359 2557 1408 2592 μία
1415 2557 1519 2592 θεότης.
1534 2557 1585 2585 Ἦν
1596 2557 1649 2591 γὰρ
1663 2557 1753 2592 βλέπω
1763 2558 1790 2583 ὲν
1800 2557 1893 2592 Harp!

1102 2603 1226 2638 θεότητα,
1250 2603 1350 2638 ταύτην
1373 2603 1420 2630 καὶ
1443 2603 1471 2629 ὲν
1494 2602 1563 2638 Υἱῷ⁸
1587 2603 1634 2630 καὶ
1656 2604 1689 2638 ἣν
1705 2604 1734 2629 ὲν
1750 2603 1892 2638 Πνεύματι

1103 2647 1182 2682 ἁγίῳ,
1205 2647 1305 2682 ταύτην
1329 2647 1375 2674 καὶ
1396 2649 1424 2674 ἐν
1446 2647 1513 2684 Υίῴ,
1529 2647 1597 2674 διότι
1614 2648 1704 2684 μορφὴ
1721 2649 1750 2675 ἐν
1766 2648 1892 2684 ἑκατέρῳ

1107 2693 1164 2728 μία.
1187 2694 1242 2720 Καὶ
1259 2693 1329 2729 ἀρχὴ
1352 2694 1406 2720 ἀπὸ
1420 2694 1526 2730 Πατρδς
1540 2695 1568 2720 ὲν
1585 2694 1670 2729 Υἱῷή
1688 2694 1765 2729 αὑτὴ.
1783 2693 1830 2721 καὶ
1843 2693 1889 2720 διὸ

1102 2737 1182 2765 τοῦτο
1195 2739 1241 2765 καὶ
1255 2739 1319 2775 παρ’
1337 2740 1401 2774 ἡμῖν
1416 2740 1600 2776 προσκύνησις
1614 2740 1662 2767 καὶ
1678 2740 1814 2774 δοξολογία
1828 2741 1894 2775 μία.

1103 2785 1248 2820 Προοίμιον
1260 2787 1307 2820 τῆς
1320 2785 1456 2821 ἡμετέρας
1468 2787 1611 2820 γενέσεως,
1625 2785 1746 2820 θεολογία
1763 2786 1891 2822 ἀληθινή.
