1977 3071
119 103 170 131 ςιςι

493 99 525 127 IN
544 99 669 132 VERBA,
693 99 880 128 (“ACIAJIL'S
902 99 1101 137 ΙΙΟΜΙΛἘΜ,
1118 100 1207 133 ETC.,
1226 100 1330 128 οιιΑΤ.
1353 101 1373 128 l.

1687 103 1741 131 i6!

121 168 129 184 ι
145 157 307 194 Ποιήσωμει
320 156 463 192 ἄνθρωπον
493 165 544 182 κατ
552 157 559 165 ‘
568 156 659 183 εἰκόνα
670 157 717 184 καὶ
727 156 778 184 καθ
787 158 794 167 “
805 157 904 192 ὁμοίω-

962 159 1037 194 pium
1054 167 1068 186 a
1082 159 1162 186 Patre
1176 159 1202 186 in
1220 159 1290 186 Filio
1304 159 1374 185 idem
1394 162 1447 192 est,
1466 159 1569 186 idcirco
1583 167 1652 188 unus
1668 162 1739 196 apud

119 200 503 238 σινήμετέραν.»Κατ¹εἰκόνα
516 201 583 228 Θεοῦ
602 202 762 238 γεγόναμεν.
784 202 846 234 Πῶς
858 200 904 229 οὖν

119 249 180 276 κατ’
194 249 286 274 εἰκόνα
309 247 393 279 Θεοῦ;
416 247 648 282 ’Λποκαθάρωμεν
672 248 785 284 καρδίαν
808 249 906 275 ἰδιωτι-

119 294 180 328 κὴν,
197 292 331 328 πρόληψιν
345 293 516 325 ἀπαίδευτον,
538 294 653 329 ἀμαθεῖς
670 294 733 330 περὶ
756 295 824 321 Θεοῦ
841 295 906 322 ὑπο-

118 339 224 375 λήψεις.

956 212 1007 232 nos
1023 205 1164 239 utriusque
1177 204 1278 235 cultus,
1295 207 1322 231 et
1339 204 1432 231 eadem
1449 204 1623 232 collaudatio.
1636 205 1742 234 Nostra

957 251 1154 285 procreationis
1169 249 1313 277 exordium
1330 257 1421 277 veram
1434 251 1554 278 continet
1566 251 1740 287 theologiam.

955 292 1256 321 «Faciamusltominem
1265 293 1299 321 ad
1309 295 1452 330 imaginem
1469 302 1600 323 nostram.
1608 296 1662 323 »Λᾶ
1673 297 1742 323 ima-

957 340 1049 375 ginem
1065 339 1112 367 Dei
1126 339 1189 366 facti
1203 347 1307 367 sumus.
1324 340 1447 373 Quonam
1459 341 1540 368 modo
1551 342 1584 368 ad
1595 342 1741 378 imaginem

119 385 195 419 ejus?
212 385 325 413 Animos
345 392 360 412 a
380 385 549 419 vulgaribus,
567 390 592 412 et
616 385 760 420 imperitis,
779 393 810 413 ac
826 387 917 414 stultis
940 386 993 413 illis
1015 385 1047 412 de
1068 384 1121 411 Deo
1138 385 1309 419 opinionibus
1323 385 1474 420 cupiemus.

152 432 185 458 Εἰ
198 432 259 458 κατ’
274 431 364 458 εἰκόνα
377 430 445 457 Θεοῦ
476 432 636 466 γεγόναμεν,
653 432 729 466 φησὶ,
747 427 907 467 σῦμμορφος

119 478 184 512 ἡμῖν
200 478 273 504 ἐστιν
286 478 300 503 ὁ
315 477 395 507 Θεός·
413 477 546 512 ὀφθαλμοὶ
559 478 623 513 περὶ
634 477 699 504 Θεὸν
714 478 760 504 καὶ
777 475 844 508 ὦτα,
862 486 907 503 κε-

120 522 201 557 φαλὴ,
216 523 315 557 χεῖρες,
335 522 418 556 ἰσχίον
431 522 473 556 ἐφ’
488 519 518 548 οὗ
532 522 635 558 ἵδρυται
645 531 652 538 ·
676 523 795 556 (λέγεται
809 523 863 558 γὰρ
877 523 906 550 ἐν

119 569 150 602 τῇ
172 567 267 602 Γραφῇ
289 568 304 594 ὁ
326 567 391 598 Θεὸς
413 567 600 606 καθέζεσθαιὴ
618 568 696 599 πόδες
715 568 747 594 δι’
768 565 805 595 ὧν
827 577 904 604 περι-

119 613 214 638 πατεῖ·
234 611 337 638 Οὐκοῦν
352 614 470 644 τοιοῦτος
496 613 510 640 ό
532 612 616 644 Θεός;
636 612 835 640 Ἀποσκεύασον
855 614 904 648 τῆς

119 657 230 693 καρδία,
254 658 433 692 φαντάσματα
459 659 581 694 ἀπρεπῆ.
615 659 749 686 Ἔκϐαλλε
777 659 831 686 ἀπὸ
857 660 903 686 σῡῦ

118 702 235 730 διάνοιαν
249 703 459 738 ἀφαρμόζουσαν
469 703 508 739 τῷ
525 704 632 739 μεγέθει
644 704 691 730 τοῦ
706 704 783 731 Θεοῦ.
806 704 904 740 Ἀσχη-

995 431 1024 459 Si
1040 432 1073 458 ad
1101 431 1245 466 imaginem
1270 430 1328 464 Dei,
1347 431 1435 466 inquit
1461 431 1518 465 ille,
1543 431 1608 459 facti
1633 440 1740 464 sumus,

957 477 1072 505 foratum
1094 477 1164 504 Deus
1180 481 1281 505 nostra
1302 478 1418 505 similem
1440 478 1649 510 habetmculis,
1667 480 1742 506 auri-

957 523 1018 553 bus,
1042 523 1142 558 capite,
1166 518 1291 550 manibus
1316 523 1447 558 praeditus
1472 527 1525 556 est,
1553 532 1741 560 coxarumque

957 569 1101 600 vertebris.
1113 570 1214 604 quibus
1230 569 1341 596 fulcitur
1353 573 1379 596 et
1395 569 1505 602 insidet,
1516 571 1740 606 quandoquidem

956 615 1052 642 sedere
1069 614 1156 641 Deum
1181 615 1322 649 Scriptura
1339 615 1423 642 tradit
1433 615 1505 642 "“z
1525 617 1638 650 pedibus
1663 617 1739 651 item,

957 660 1056 695 quibus
1077 660 1190 687 incedit.
1207 659 1316 687 Talisne
1331 660 1414 695 igitur
1427 659 1523 688 Deus?
1548 660 1688 689 Recedant
1704 663 1738 690 ab

956 707 1046 732 animo
1058 710 1104 732 tuo
1117 707 1244 734 absurda
1259 707 1413 741 opiniones.
1423 707 1518 740 Abjice
1532 708 1737 742 cogitationem,

120 749 248 783 μάτιστος
270 750 284 775 ὁ
310 749 386 780 Θεὸς,
411 749 523 781 ἁπλοῦς,
547 750 694 785 ἀμεγέθης,
719 750 837 782 ᾶποσος·
866 751 903 785 μὴ

959 752 1018 781 quae
1026 746 1071 775 Dei
1082 748 1295 783 magnitudinem
1304 750 1451 777 imminuit.
1461 750 1562 784 Figura
1568 740 1648 790 uacat
1657 740 1741 784 Deus,

118 794 274 830 φαντασθῇς
291 794 397 832 μορφὴν
421 795 483 831 περὶ
499 796 580 822 αὐτόν
595 804 602 812 ·
629 797 665 831 μὴ
682 797 905 834 κατασμικρύνῃς

125 839 276 872 Ἰουδαϊκῶς
292 841 338 867 τὸν
356 835 442 875 μέγαν
458 849 465 856 '
493 841 530 876 μὴ
548 841 696 877 περιλάϐῃς
711 837 754 868 τὸν
771 841 836 868 Θεὸν
854 851 906 869 σω-

120 887 246 920 ματικαῖς
263 886 387 918 ἐννοίαις,
404 887 440 921 μὴ
458 887 630 922 περιγράφῃς
648 887 728 914 αὐτὸν
743 888 780 923 τῷ
798 888 837 924 σῷ
856 889 903 924 νῷ.

125 931 319 967 Ἀπερίληπτός
332 933 390 958 ἔστι
412 932 450 967 τῷ
465 933 572 967 μεγέθει
590 941 596 947 ⁸
618 934 783 969 κατανόησον
796 934 841 961 τὸν
857 935 905 969 μέ-

118 985 181 1010 γαν,
206 977 252 1003 καὶ
271 976 310 1012 τῷ
335 977 444 1012 μεγάλῳ
468 977 585 1013 πρόσθες
608 979 698 1005 πλεῖον
715 979 761 1006 τοῦ
777 981 904 1015 νενοημέη

118 1030 175 1054 νου,
192 1023 238 1049 καὶ
254 1022 293 1057 τῷ
316 1022 417 1048 πλείονι
438 1023 468 1049 τὸ
491 1023 591 1056 ’τι-λεῖον,
608 1025 713 1051 καὶτὸν
735 1026 847 1052 σεαυτοῦ
860 1026 905 1053 λο-

119 1067 218 1102 γισμὸν
241 1069 350 1099 πεῖσον,
376 1069 417 1095 ὅτι
441 1068 494 1095 τῶν
517 1069 677 1104 ἀπεράντων
701 1071 752 1097 οὐκ
774 1071 904 1105 ἐφίξεται.

119 1112 217 1147 Σχῆμα
241 1112 278 1146 μὴ
299 1113 417 1147 νοήσῃς·
449 1113 502 1139 ἀπὸ
526 1112 666 1147 δυνάμεως
692 1113 758 1145 Θεὸς
786 1115 904 1140 νοεῖται⁸

119 1159 259 1194 ἐπλῖτητα
292 1158 398 1192 φύσεως
416 1167 422 1173 ·
449 1158 563 1193 μέγεθος
580 1158 671 1185 πόσον.
690 1159 830 1193 Πανταχοῦ
849 1160 905 1185 ἐστι

121 1204 168 1230 καὶ
182 1204 252 1239 ὑπὲρ
266 1204 295 1230 τὸ
309 1205 362 1230 πᾶν
383 1204 550 1239 περισσεύει,
572 1204 618 1230 καὶ
640 1204 712 1231 ἔστιν
733 1204 813 1238 ἁφαῖς
830 1205 906 1240 ἀόρι-

121 1257 194 1282 στον,
212 1250 280 1285 ὅπερ
293 1249 342 1285 τὴν
364 1250 412 1285 σὴν
430 1250 560 1276 ἐκπῖπτον
576 1249 737 1284 κατάληψιν,
750 1249 812 1276 οὔτε
827 1250 907 1284 μεγέ-

120 1294 161 1321 θει
175 1295 369 1330 περιορίζεται,
383 1294 443 1320 οὔτε
460 1295 578 1329 σχήματι
593 1294 834 1330 περιλαμϐάνεται,
846 1288 907 1321 οὗτε

119 1340 231 1375 δυνάμει
254 1340 446 1375 ὲκμετρεῖται,
473 1339 534 1366 οὔτε
554 1340 660 1375 χρόνοις
688 1341 905 1376 περισφίγγεται,

120 1385 182 1412 οὔτε
208 1386 323 1420 πέρασιν
345 1385 474 1419 ὁρίζεται.
502 1384 584 1411 Οὐδέν
606 1385 663 1411 ὲστι
685 1386 749 1420 περὶ
771 1385 836 1412 Θεὸν
851 1382 907 1412 οἷαν

121 1432 185 1467 περὶ
201 1432 284 1467 ῄμᾶς.
300 1431 362 1462 Πῶς
374 1429 420 1456 οὖν
433 1432 449 1465 ἡ
461 1430 556 1466 Γραφὴ
571 1430 646 1457 εἶπεν
661 1431 733 1465 ἡμᾶς
747 1432 806 1458 κατ’
819 1431 908 1457 εἰκόνα

121 1476 190 1502 Θεοῦ
203 1476 381 1510 γεγενῆσθαις
393 1475 434 1502 Τὰ
449 1476 512 1510 περὶ
521 1475 592 1501 Θεοῦ
606 1475 784 1510 διδαχθῶμεν,
799 1476 834 1502 τὰ
847 1477 909 1512 περὶ

121 1521 201 1557 ἡμῶν
224 1521 315 1548 αὐτῶν
330 1521 482 1556 νοήσωμεν,
503 1521 544 1547 ὃτι
566 1521 616 1547 οὐκ
632 1520 729 1555 ἔχομεν
741 1519 772 1547 τὸ
793 1522 853 1548 κατ’
870 1522 909 1548 εἰ-

121 1567 187 1593 κόνα
205 1567 235 1594 ὲν
253 1568 343 1603 μορφῇ
363 1566 486 1600 σώματος
497 1574 504 1581 ⁸
532 1565 708 1601 φθειρομένου
727 1566 781 1602 γὰρ
796 1566 842 1593 τοῦ
857 1567 909 1593 σώ-

124 1621 209 1648 ματος
230 1614 246 1648 ἡ
276 1612 365 1648 μορφὴ
388 1611 546 1638 ἀπόλλυται.
567 1611 623 1648 οῦκ
647 1612 676 1639 ὲν
701 1612 813 1648 φθαρτῷ
835 1612 910 1639 δὲτὸ

122 1658 260 1694 ἄφθαρτον
282 1657 488 1694 σχηματίξεται,
513 1656 544 1682 οὐ
569 1656 687 1692 φθαρτόν
710 1658 768 1683 ὲστι
793 1657 840 1683 τοῦ
860 1658 910 1692 όιφ⁹

124 1704 224 1740 θάρτου
234 1703 371 1730 εἰκώνῑ-Τὸ
385 1702 464 1738 σῶμα
476 1701 597 1734 αὔξεται,
615 1702 747 1737 μειοῦται,
762 1704 844 1738 γηρᾷ,
861 1703 910 1729 ἀλ-

122 1749 242 1778 λοιοῦται
259 1757 266 1764 ·
290 1748 353 1776 ἄλλο
368 1748 441 1774 ἐστὶν
459 1748 488 1773 ὲν
507 1748 622 1783 νεότητι,
641 1747 705 1775 ἄλλο
720 1748 783 1774 ὅταν
798 1748 909 1783 εὐεκτῇ,

123 1796 170 1823 καὶ
187 1796 250 1823 ἄλλο
265 1796 328 1822 ὅταν
353 1796 381 1822 ὲν
395 1794 510 1822 πάθεσιν
557 1801 563 1809 ·
591 1794 655 1821 ἄλλο
671 1793 847 1829 φοϐούμενον,
863 1792 910 1821 καὶ

123 1840 186 1868 ἄλλο
199 1841 408 1877 εὐφραινόμενον
417 1848 425 1856 ”
447 1841 510 1867 ἄλλο
525 1841 553 1867 ὲν
566 1841 664 1875 ἐνδείᾳ,
673 1840 737 1867 ἄλλο
751 1841 779 1866 ἐν
790 1840 911 1875 πλησμο-

123 1888 174 1922 νῇ,
193 1887 239 1914 καὶ
262 1887 326 1914 ἄλλο
348 1886 376 1912 ὲν
401 1886 506 1921 εἰρήνῃ,
529 1885 577 1912 καὶ
601 1885 665 1912 ἄλλο
681 1886 710 1911 ὲν
732 1886 804 1920 μάχῃ
818 1894 824 1901 ·
849 1886 911 1912 ἄλλο

123 1932 223 1968 χρῶμα
238 1930 428 1968 ὲγρηγορότος,
447 1934 493 1959 καὶ
508 1932 571 1959 ἄλλο
587 1931 762 1963 καθεύδοντος
772 1939 778 1946 ·
800 1931 846 1958 τοῦ
864 1932 911 1967 μὲν

124 1978 233 2012 ἐξανθεῖ
258 1978 289 2005 τὸ
308 1977 504 2014 ἐρυθρότερον,
536 1977 582 2004 τοῦ
611 1976 712 2012 θερμοῦ
737 1977 783 2003 ἐπὶ
804 1977 835 2003 τὸ
859 1976 911 2009 ἔξω

124 2024 278 2059 χωροῦντος
311 2023 358 2050 τοῦ
378 2023 406 2050 δὲ
429 2023 598 2057 κατέψυκται
613 2022 661 2050 καί
676 2022 850 2049 συνέσταλται
865 2022 911 2048 ἐπὶ

956 794 1074 828 simplex
1098 798 1156 825 est.
1176 795 1373 830 magnitudinis
1395 798 1422 823 et
1446 797 1610 831 quantitatis
1629 805 1737 832 expers.

954 838 1027 871 Noli,
1038 847 1099 867 cum
1121 840 1155 867 de
1168 841 1214 868 illo
1227 843 1341 876 cogitas.
1356 842 1472 869 formam
1487 843 1568 869 ullam
1586 843 1742 878 conﬁngere

953 889 981 912 et
990 886 1165 914 comminisci
1176 896 1182 913 :
1194 894 1228 914 ne
1238 895 1313 914 more
1325 887 1441 914 Iudaico
1455 896 1582 923 magnum
1595 893 1738 917 cxtenues.

953 926 1013 957 Noli
1037 933 1177 966 corporeis
1201 933 1276 959 illum
1296 934 1508 968 cogitationibus
1529 935 1667 970 amplecti,
1694 940 1741 962 aut

953 981 1044 1004 mente
1063 982 1108 1004 tua
1124 979 1366 1006 circumscribere.
1379 979 1416 1006 Ea
1433 984 1475 1007 est
1488 980 1691 1014 magnitudine,
1710 985 1741 1008 ut

952 1024 1148 1058 comprehendi
1175 1025 1425 1060 circumscrihique
1449 1030 1579 1060 nequeat.
1610 1026 1738 1061 Magnum

951 1069 1051 1103 cogita,
1067 1073 1094 1096 et
1107 1069 1170 1096 huic
1183 1077 1282 1104 magno
1300 1071 1362 1105 plus
1373 1071 1456 1098 etiam
1469 1076 1551 1106 atque
1570 1071 1652 1099 etiam
1668 1071 1738 1099 addc

951 1120 1032 1148 quam
1048 1115 1188 1149 cogitasti.
1202 1120 1285 1149 atque
1299 1115 1337 1142 ita
1349 1116 1429 1150 exple
1440 1116 1634 1151 cogitationem
1649 1120 1735 1143 tuam.

949 1158 1043 1194 Neque
1054 1159 1140 1190 enim.
1155 1168 1215 1195 qme
1229 1160 1336 1188 inﬁnita
1350 1164 1424 1191 sunt,
1439 1168 1560 1196 unquam
1575 1161 1676 1196 capiet.
1691 1161 1737 1188 Fi-

949 1211 1044 1239 guram
1062 1213 1096 1232 ne
1110 1205 1192 1239 ﬁnge.
1209 1205 1346 1238 Potentia,
1366 1206 1544 1240 simplicitate
1562 1210 1676 1238 naturae,
1694 1214 1737 1233 rc-

949 1255 1010 1277 rum
1026 1254 1234 1284 procreatarum
1249 1253 1306 1277 tum
1323 1251 1524 1285 magnitudine,
1539 1255 1596 1278 tum
1612 1251 1735 1286 pulchri-

949 1297 1043 1324 tudine
1052 1297 1232 1332 cognoscitur
1244 1296 1326 1324 Dcus.
1340 1295 1447 1332 Ubique
1455 1300 1508 1328 est.
1518 1301 1544 1324 et
1555 1297 1646 1328 omnia
1660 1303 1735 1324 com-

949 1342 1106 1377 prehendit.
1118 1347 1142 1369 et
1159 1343 1234 1377 tangi
1246 1342 1390 1376 viderique
1400 1351 1453 1369 non
1467 1347 1565 1377 potest.
1575 1341 1735 1376 Amplitudo
1748 1334 1749 1342 ‘

958 1389 1000 1413 est
1010 1386 1162 1420 quantitate
1175 1393 1283 1417 carens.
1293 1393 1375 1420 quam
1391 1393 1443 1412 non
1457 1386 1528 1419 capit
1543 1386 1651 1413 animus
1666 1391 1739 1413 tuus.

959 1430 1015 1458 Nec
1031 1431 1218 1465 magnitudine
1234 1430 1417 1463 concluditur,
1431 1426 1480 1458 nec
1494 1431 1578 1465 ﬁgura
1589 1435 1741 1462 coercetur,

959 1484 1010 1502 nec
1026 1477 1148 1510 potentia
1163 1478 1331 1509 continetur,
1350 1485 1400 1504 nec
1421 1477 1592 1511 temporibus
1618 1485 1743 1512 compre-

958 1521 1098 1557 henditur,
1117 1530 1167 1550 nec
1185 1522 1284 1550 ﬁnibus
1303 1522 1456 1550 cohibetur.
1474 1522 1546 1550 Nihil
1573 1530 1666 1550 eorum
1683 1530 1745 1558 qua:

959 1572 1023 1594 sunt
1035 1567 1108 1594 circa
1121 1575 1180 1596 nos.
1198 1575 1260 1594 cum
1278 1568 1333 1595 Deo
1346 1568 1552 1595 similitudinem
1570 1568 1658 1595 habet.
1672 1567 1745 1600 Quo-

959 1613 1040 1640 modo
1056 1613 1140 1648 igitur
1164 1613 1232 1640 dicit
1250 1613 1389 1648 Scriptura
1408 1620 1458 1640 nos
1475 1621 1535 1640 esse
1558 1612 1644 1640 factos
1659 1612 1691 1639 ad
1707 1613 1745 1639 si-

959 1660 1141 1687 militudinem
1157 1659 1203 1687 Dei
1217 1660 1228 1686 ?
1244 1667 1303 1695 quae
1324 1659 1357 1686 ad
1383 1659 1465 1687 Deuln
1487 1659 1634 1694 pertinent,
1651 1666 1746 1686 recen-

960 1705 1065 1732 suimus
1079 1714 1085 1732 :
1100 1712 1160 1739 quae
1175 1705 1207 1731 ad
1224 1713 1274 1732 nos
1290 1709 1423 1739 spectant.
1442 1704 1657 1731 consideremus.
1673 1703 1744 1731 Nihil

960 1749 1083 1784 profecto
1097 1749 1126 1776 in
1142 1749 1228 1776 forma
1246 1749 1371 1784 corporis
1388 1751 1440 1780 est,
1459 1749 1531 1782 quod
1547 1747 1607 1782 ejus
1633 1747 1744 1782 imagini

960 1799 1103 1830 congruat.
1132 1795 1180 1822 Est
1199 1795 1299 1822 etenim
1320 1794 1409 1821 forma
1439 1793 1563 1828 corporis
1588 1793 1684 1820 caduci
1712 1799 1745 1820 ac

961 1840 1067 1876 fragilis
1082 1850 1088 1868 :
1106 1841 1133 1867 in
1145 1841 1250 1868 caduco
1265 1845 1354 1868 autem
1369 1844 1396 1867 et
1408 1839 1496 1874 fragili
1509 1847 1562 1866 non
1579 1839 1744 1874 imprimitur

960 1886 1033 1920 quod
1050 1886 1188 1920 corrumpi
1206 1893 1262 1912 non
1284 1888 1383 1919 potest,
1409 1891 1459 1911 ncc
1475 1887 1632 1918 corruptnnt
1653 1883 1746 1910 incor-

960 1931 1033 1965 rupti
1061 1935 1103 1958 est
1134 1932 1232 1966 imago.
1265 1931 1373 1965 Corpus
1405 1934 1530 1964 augetur,
1562 1928 1744 1959 imminuitur,

961 1977 1142 2008 consenescit,
1170 1978 1340 2010 immutatur,
1374 1976 1458 2012 [aliud
1490 1976 1516 2002 in
1545 1979 1653 2003 senecta
1680 1974 1746 2011 est,}

962 2022 1036 2049 aliud
1051 2023 1077 2049 in
1094 2022 1218 2057 juventa,
1233 2022 1305 2050 aliud
1321 2030 1383 2050 cum
1400 2029 1529 2056 prospera
1544 2022 1631 2048 utitur
1644 2021 1747 2048 valetu-

123 2070 157 2097 τὸ
172 2070 252 2105 βάθος
269 2070 286 2105 ἡ
302 2069 438 2105 θερμότης
457 2077 463 2084 ·
489 2069 530 2095 διὸ
551 2069 598 2095 καὶ
615 2068 730 2103 ῦπωχρα
742 2068 795 2094 τῶν
809 2077 907 2102 κοιμωδ

963 2068 1037 2100 dine,
1055 2068 1128 2094 aliud
1141 2075 1202 2095 cum
1219 2068 1321 2095 morbis
1332 2068 1463 2103 jactatur,
1475 2067 1546 2094 aliud
1560 2074 1621 2094 cum
1635 2067 1744 2099 metuit,

127 2116 214 2152 μένων
228 2116 262 2142 τὰ
276 2115 398 2150 σώματα.
414 2115 475 2146 Πῶς
488 2113 535 2142 οὖν
546 2114 657 2144 δύναται
671 2114 702 2140 τὸ
719 2113 910 2148 ἀλλοιούμενον

125 2161 164 2196 τῷ
191 2161 361 2196 ἀναλλοιώτῳ
385 2161 525 2192 ἐοικέναι;
557 2159 596 2195 τῷ
619 2159 662 2186 ἀεὶ
687 2158 758 2186 κατὰ
782 2158 816 2184 τὰ
845 2158 914 2184 αὐτὰ

125 2207 230 2242 ἔχοντι,
254 2207 286 2233 τὸ
308 2207 374 2242 μηδέ
391 2215 455 2233 ποτε
471 2205 603 2240 ἐπηκόω
626 2204 770 2239 Ἐκφεύγει
787 2204 861 2238 ἡμᾶς
876 2203 914 2236 ὡς

125 2252 160 2279 τὰ
173 2252 288 2287 ῥευστὰ·
303 2253 366 2287 πρὶν
383 2251 513 2286 θεαθῆναι
527 2250 681 2286 ὑπέδραμεν
692 2259 698 2267 ·
715 2249 779 2277 ἀλλο
794 2249 824 2282 ἐξ
836 2249 914 2276 ἄλλου

125 2298 250 2332 φαίνεται
264 2298 294 2324 τὸ
309 2296 478 2332 ἀνθρώπινον
493 2297 583 2331 σῶμα.
608 2305 618 2322 ι
630 2296 697 2322 Κατ’
709 2295 800 2322 εἰκόνα
811 2295 911 2330 ἡμετέ-

125 2351 186 2379 ραν.
202 2352 213 2369 ι
238 2343 300 2375 Πῶς
313 2343 398 2369 σῶσαι
412 2342 555 2377 δυνήσεται
569 2341 619 2376 τῆς
631 2341 758 2376 ἀκινήτου
773 2340 880 2375 φύσεως
894 2339 910 2376 ἡ

127 2389 227 2425 ρευστὴ
243 2390 339 2422 εἰκών;
356 2390 405 2425 τῆς
417 2388 541 2424 ἀμόρφου
554 2389 570 2422 ἡ
586 2386 806 2422 μεμορφωμένης
832 2392 837 2393 ⁷

962 2115 1034 2141 aliud
1053 2120 1115 2141 cum
1145 2114 1254 2149 gaudet,
1281 2114 1353 2141 aliud
1374 2114 1482 2148 quando
1507 2113 1634 2140 satiatum
1664 2116 1748 2147 atque

962 2161 1099 2195 expletum
1116 2163 1170 2192 est,
1188 2160 1261 2186 aliud
1277 2159 1386 2192 quando
1402 2159 1447 2186 siti
1466 2158 1571 2185 fameve
1593 2161 1747 2192 torquetur;

963 2205 1038 2232 aliud
1055 2206 1082 2232 in
1100 2212 1175 2239 pace,
1195 2205 1267 2232 aliud
1285 2205 1310 2231 in
1329 2204 1411 2236 bello;
1433 2204 1503 2230 alius
1516 2203 1665 2238 vigilantis,
1677 2203 1748 2230 alius

963 2249 1126 2276 dormientis
1142 2253 1184 2276 est
1208 2249 1292 2275 color.
1312 2247 1436 2283 Vigilans
1461 2247 1561 2274 rubore
1577 2246 1664 2281 magis
1683 2253 1747 2281 pera

964 2294 1087 2322 funditur
1099 2313 1106 2325 .
1123 2294 1251 2328 quoniam
1279 2293 1354 2321 calor
1371 2298 1447 2320 extra
1464 2291 1648 2327 progreditur.
1678 2291 1748 2318 Ποῖ-ι

964 2340 1055 2367 miens
1083 2344 1173 2366 autem
1205 2339 1296 2366 calore
1326 2339 1401 2366 intus
1430 2344 1587 2373 compresso
1614 2337 1745 2372 pallescit.
1778 2348 1786 2353 -

964 2385 1088 2417 Quonam
1107 2383 1190 2419 igitur
1204 2387 1292 2418 pacto,
1309 2383 1381 2418 quod
1398 2386 1438 2410 tot
1462 2382 1622 2409 immittatur
1647 2381 1747 2413 modis,

127 2434 216 2462 simile
243 2436 278 2462 sit
302 2435 327 2463 ci
357 2434 430 2470 quod
460 2437 503 2461 est
519 2431 709 2459 immutabile?
727 2431 764 2463 ei,
780 2430 853 2466 quod
868 2429 963 2458 eodem
978 2435 1086 2463 semper
1107 2432 1149 2455 est
1174 2432 1258 2460 statu,
1281 2427 1307 2454 id
1335 2427 1407 2463 quod
1436 2434 1574 2461 nunquam
1600 2426 1747 2456 consistit?

130 2479 267 2508 Undarum
293 2480 379 2507 instar
396 2487 440 2507 res
455 2483 557 2507 nostra
577 2485 627 2506 nos
651 2477 770 2513 fugiunt,
797 2481 823 2504 et
841 2480 986 2510 antequam
1000 2474 1154 2506 videantur.
1178 2474 1360 2501 defluxerunt.
1386 2473 1466 2500 Aliud
1497 2481 1529 2500 ex
1561 2472 1615 2499 alio
1643 2472 1750 2499 videtur

129 2527 278 2553 hutnanum
293 2532 404 2559 corpus.
420 2525 460 2552 Ad
477 2525 621 2559 imaginem
654 2527 778 2550 nostram
801 2525 905 2548 natura:
917 2519 1095 2547 immutabilis
1119 2520 1171 2547 erit
1195 2519 1298 2546 caduca
1325 2518 1498 2546 similitudo?
1515 2517 1602 2545 forma
1618 2517 1749 2550 carentis,

127 2578 188 2606 quae
208 2569 322 2597 formam
339 2569 441 2598 habet?

165 2616 226 2647 Πῶς
238 2614 284 2643 οὖν
297 2617 451 2652 ζητήσομεν
467 2616 498 2642 τὸ
518 2616 578 2642 κατ’
591 2615 699 2647 εἰκόνα;
722 2615 765 2641 Ἑν
780 2611 819 2645 οἷς
834 2613 914 2644 αὐτὸς

129 2659 205 2688 εἶπεν
217 2663 232 2688 ό
243 2662 353 2697 Κύριος.
375 2662 437 2688 Ἐὰν
450 2661 515 2696 ἐμόν
529 2670 555 2687 τι
566 2661 644 2692 εἴπω,
660 2660 696 2695 μὴ
710 2659 892 2695 προσδέξησθε
904 2666 911 2673 ·

129 2707 178 2734 ἐὰν
191 2707 364 2739 Δεσποτικδν,
385 2707 575 2739 καταδέξατθε.
597 2706 757 2741 Ποιήσωμεν
772 2704 913 2739 ἄνθρωπον

169 2777 192 2794 ”
205 2779 224 2787 "
235 2777 307 2805 Psal.
323 2786 393 2811 XLVI,
403 2780 429 2806 8.

1002 2609 1053 2637 Ubi
1081 2616 1147 2644 ergo
1163 2615 1328 2643 qumrcmus,
1355 2607 1428 2642 quod
1454 2607 1598 2642 imaginem
1629 2603 1751 2633 referat?

965 2654 1098 2682 Nimirum
1120 2655 1147 2681 in
1169 2655 1212 2686 iis.
1230 2662 1290 2688 qum
1315 2656 1374 2689 ipse
1388 2653 1521 2680 Dominus
1540 2652 1618 2680 dixit.
1640 2651 1668 2678 Si
1685 2650 1750 2686 quid

966 2710 1055 2730 meum
1076 2702 1103 2728 in
1121 2701 1240 2729 medium
1257 2701 1386 2731 attulcro,
1407 2699 1433 2726 id
1453 2707 1487 2726 ne
1513 2697 1682 2732 suscipiatis.
1699 2695 1748 2723 Fa-
