  <div class='ocr_page' id='page_1' title='image "/cluster/home/n/w/nwhite01/storage/ocr_20150623/44/njp.32101009003169/137.png"; bbox 0 0 1977 3071; ppageno 0'>
   <div class='ocr_carea' id='block_1_1' title="bbox 236 89 289 120">
    <p class='ocr_par' dir='ltr' id='par_1_1' title="bbox 236 89 289 120">
     <span class='ocr_line' id='line_1_1' title="bbox 236 89 289 120; baseline 0.038 -2"><span class='ocrx_word' id='word_1_1' title='bbox 236 89 289 120; x_wconf 75' lang='grc'><strong>263</strong></span> 
     </span>
    </p>
   </div>
   <div class='ocr_carea' id='block_1_2' title="bbox 835 87 1202 118">
    <p class='ocr_par' dir='ltr' id='par_1_2' title="bbox 835 87 1202 118">
     <span class='ocr_line' id='line_1_2' title="bbox 835 87 1202 118; baseline -0.005 -1"><span class='ocrx_word' id='word_1_2' title='bbox 835 89 863 117; x_wconf 86' lang='lat' dir='ltr'><strong>S.</strong></span> <span class='ocrx_word' id='word_1_3' title='bbox 876 88 1040 118; x_wconf 78' lang='lat' dir='ltr'><strong>GREGORII</strong></span> <span class='ocrx_word' id='word_1_4' title='bbox 1057 87 1202 116; x_wconf 76' lang='lat' dir='ltr'><strong>NYSSENI</strong></span> 
     </span>
    </p>
   </div>
   <div class='ocr_carea' id='block_1_3' title="bbox 1805 84 1860 113">
    <p class='ocr_par' dir='ltr' id='par_1_3' title="bbox 1805 84 1860 113">
     <span class='ocr_line' id='line_1_3' title="bbox 1805 84 1860 113; baseline 0 0"><span class='ocrx_word' id='word_1_5' title='bbox 1805 84 1860 113; x_wconf 68' lang='grc' dir='ltr'><strong>ΞΜ</strong></span> 
     </span>
    </p>
   </div>
   <div class='ocr_carea' id='block_1_4' title="bbox 238 142 1025 180">
    <p class='ocr_par' dir='ltr' id='par_1_4' title="bbox 238 143 1021 180">
     <span class='ocr_line' id='line_1_4' title="bbox 238 143 1021 180; baseline 0 -8"><span class='ocrx_word' id='word_1_6' title='bbox 238 145 345 172; x_wconf 80' lang='lat' dir='ltr'><strong>ciamus</strong></span> <span class='ocrx_word' id='word_1_7' title='bbox 371 143 508 171; x_wconf 88' lang='lat' dir='ltr'><strong>hominem</strong></span> <span class='ocrx_word' id='word_1_8' title='bbox 533 143 567 170; x_wconf 80' lang='lat' dir='ltr'><strong>ad</strong></span> <span class='ocrx_word' id='word_1_9' title='bbox 585 143 732 180; x_wconf 78' lang='lat' dir='ltr'><strong>imaginem</strong></span> <span class='ocrx_word' id='word_1_10' title='bbox 758 147 785 171; x_wconf 89' lang='lat' dir='ltr'><strong>ct</strong></span> <span class='ocrx_word' id='word_1_11' title='bbox 812 144 1021 172; x_wconf 86' lang='lat' dir='ltr'><strong>similitudinem</strong></span> 
     </span>
    </p>
   </div>
   <div class='ocr_carea' id='block_1_5' title="bbox 1077 142 1859 180">
    <p class='ocr_par' dir='ltr' id='par_1_5' title="bbox 1077 142 1859 180">
     <span class='ocr_line' id='line_1_5' title="bbox 1077 142 1859 180; baseline -0.005 -8"><span class='ocrx_word' id='word_1_12' title='bbox 1077 146 1132 172; x_wconf 76' lang='grc' dir='ltr'>κατ’</span> <span class='ocrx_word' id='word_1_13' title='bbox 1148 145 1239 172; x_wconf 76' lang='grc' dir='ltr'>εἰκόνα</span> <span class='ocrx_word' id='word_1_14' title='bbox 1263 143 1399 180; x_wconf 72' lang='grc' dir='ltr'>ἡμετέραν</span> <span class='ocrx_word' id='word_1_15' title='bbox 1414 142 1459 170; x_wconf 67' lang='grc' dir='ltr'>καὶ</span> <span class='ocrx_word' id='word_1_16' title='bbox 1469 143 1528 170; x_wconf 79' lang='grc' dir='ltr'>καθ’</span> <span class='ocrx_word' id='word_1_17' title='bbox 1541 142 1728 178; x_wconf 62' lang='grc' dir='ltr'>ὁμοίωσινκαὶ</span> <span class='ocrx_word' id='word_1_18' title='bbox 1741 142 1859 178; x_wconf 76' lang='grc' dir='ltr'>ἀρχέτω-</span> 
     </span>
    </p>
   </div>
   <div class='ocr_carea' id='block_1_6' title="bbox 239 189 1024 225">
    <p class='ocr_par' dir='ltr' id='par_1_6' title="bbox 239 189 1024 225">
     <span class='ocr_line' id='line_1_6' title="bbox 239 189 1024 225; baseline 0.001 -8"><span class='ocrx_word' id='word_1_19' title='bbox 239 194 373 221; x_wconf 85' lang='lat' dir='ltr'><strong>nostram,</strong></span> <span class='ocrx_word' id='word_1_20' title='bbox 400 193 427 216; x_wconf 87' lang='lat' dir='ltr'><strong>et</strong></span> <span class='ocrx_word' id='word_1_21' title='bbox 443 190 535 224; x_wconf 64' lang='lat' dir='ltr'><strong>praesit</strong></span> <span class='ocrx_word' id='word_1_22' title='bbox 553 189 675 224; x_wconf 75' lang='lat' dir='ltr'><strong>piscibus</strong></span> <span class='ocrx_word' id='word_1_23' title='bbox 691 189 795 225; x_wconf 87' lang='lat' dir='ltr'><strong>[maris.</strong></span> <span class='ocrx_word' id='word_1_24' title='bbox 824 194 851 217; x_wconf 91' lang='lat' dir='ltr'><strong>et</strong></span> <span class='ocrx_word' id='word_1_25' title='bbox 866 191 1024 218; x_wconf 80' lang='lat' dir='ltr'><strong>volatilibus</strong></span> 
     </span>
    </p>
   </div>
   <div class='ocr_carea' id='block_1_7' title="bbox 240 237 1024 274">
    <p class='ocr_par' dir='ltr' id='par_1_7' title="bbox 240 237 1024 274">
     <span class='ocr_line' id='line_1_7' title="bbox 240 237 1024 274; baseline 0.001 -9"><span class='ocrx_word' id='word_1_26' title='bbox 240 237 313 267; x_wconf 66' lang='lat' dir='ltr'><strong>caeli.</strong></span> <span class='ocrx_word' id='word_1_27' title='bbox 330 241 357 264; x_wconf 86' lang='lat' dir='ltr'><strong>et</strong></span> <span class='ocrx_word' id='word_1_28' title='bbox 371 237 476 268; x_wconf 83' lang='lat' dir='ltr'><strong>bestiis.</strong></span> <span class='ocrx_word' id='word_1_29' title='bbox 494 242 519 264; x_wconf 90' lang='lat' dir='ltr'><strong>et</strong></span> <span class='ocrx_word' id='word_1_30' title='bbox 534 245 593 272; x_wconf 71' lang='lat' dir='ltr'><strong>qua:</strong></span> <span class='ocrx_word' id='word_1_31' title='bbox 615 238 792 274; x_wconf 86' lang='lat' dir='ltr'><strong>sequuntur,]</strong></span> <span class='ocrx_word' id='word_1_32' title='bbox 809 246 970 273; x_wconf 90' lang='lat' dir='ltr'><strong>corporene,</strong></span> <span class='ocrx_word' id='word_1_33' title='bbox 989 246 1024 266; x_wconf 83' lang='lat' dir='ltr'><strong>an</strong></span> 
     </span>
    </p>
   </div>
   <div class='ocr_carea' id='block_1_8' title="bbox 239 283 1045 319">
    <p class='ocr_par' dir='ltr' id='par_1_8' title="bbox 239 283 1045 319">
     <span class='ocr_line' id='line_1_8' title="bbox 239 283 1045 319; baseline 0.002 -10"><span class='ocrx_word' id='word_1_34' title='bbox 239 283 345 309; x_wconf 90' lang='lat' dir='ltr'><strong>ratione</strong></span> <span class='ocrx_word' id='word_1_35' title='bbox 360 283 370 309; x_wconf 82' lang='lat'><strong>?</strong></span> <span class='ocrx_word' id='word_1_36' title='bbox 384 283 413 309; x_wconf 88' lang='lat' dir='ltr'><strong>in</strong></span> <span class='ocrx_word' id='word_1_37' title='bbox 432 283 524 309; x_wconf 88' lang='lat' dir='ltr'><strong>animo</strong></span> <span class='ocrx_word' id='word_1_38' title='bbox 540 283 622 310; x_wconf 90' lang='lat' dir='ltr'><strong>situm</strong></span> <span class='ocrx_word' id='word_1_39' title='bbox 642 287 685 310; x_wconf 82' lang='lat' dir='ltr'><strong>est</strong></span> <span class='ocrx_word' id='word_1_40' title='bbox 702 283 754 310; x_wconf 89' lang='lat' dir='ltr'><strong>hoc</strong></span> <span class='ocrx_word' id='word_1_41' title='bbox 772 284 927 319; x_wconf 84' lang='lat' dir='ltr'><strong>imperium,</strong></span> <span class='ocrx_word' id='word_1_42' title='bbox 946 293 979 311; x_wconf 91' lang='lat' dir='ltr'><strong>an</strong></span> <span class='ocrx_word' id='word_1_43' title='bbox 996 285 1024 311; x_wconf 90' lang='lat' dir='ltr'><strong>in</strong></span> <span class='ocrx_word' id='word_1_44' title='bbox 1042 301 1045 304; x_wconf 98' lang='lat'><strong><em>-</em></strong></span> 
     </span>
    </p>
   </div>
   <div class='ocr_carea' id='block_1_9' title="bbox 239 328 1025 358">
    <p class='ocr_par' dir='ltr' id='par_1_9' title="bbox 239 328 1025 358">
     <span class='ocr_line' id='line_1_9' title="bbox 239 328 1025 358; baseline 0.005 -4"><span class='ocrx_word' id='word_1_45' title='bbox 239 328 344 355; x_wconf 79' lang='lat' dir='ltr'><strong>carne?</strong></span> <span class='ocrx_word' id='word_1_46' title='bbox 372 336 436 355; x_wconf 85' lang='lat' dir='ltr'><strong>caro</strong></span> <span class='ocrx_word' id='word_1_47' title='bbox 461 330 554 355; x_wconf 77' lang='lat' dir='ltr'><strong>nostra</strong></span> <span class='ocrx_word' id='word_1_48' title='bbox 580 329 728 356; x_wconf 86' lang='lat' dir='ltr'><strong>multorum</strong></span> <span class='ocrx_word' id='word_1_49' title='bbox 760 330 918 356; x_wconf 81' lang='lat' dir='ltr'><strong>animalium</strong></span> <span class='ocrx_word' id='word_1_50' title='bbox 943 337 1025 358; x_wconf 84' lang='lat' dir='ltr'><strong>carne</strong></span> 
     </span>
    </p>
   </div>
   <div class='ocr_carea' id='block_1_10' title="bbox 241 374 1023 408">
    <p class='ocr_par' dir='ltr' id='par_1_10' title="bbox 241 374 1023 408">
     <span class='ocr_line' id='line_1_10' title="bbox 241 374 1023 408; baseline 0.004 -8"><span class='ocrx_word' id='word_1_51' title='bbox 241 375 321 408; x_wconf 73' lang='lat' dir='ltr'><strong>longe</strong></span> <span class='ocrx_word' id='word_1_52' title='bbox 341 378 382 401; x_wconf 84' lang='lat' dir='ltr'><strong>est</strong></span> <span class='ocrx_word' id='word_1_53' title='bbox 399 374 569 401; x_wconf 83' lang='lat' dir='ltr'><strong>imbecillior.</strong></span> <span class='ocrx_word' id='word_1_54' title='bbox 587 374 636 407; x_wconf 87' lang='lat' dir='ltr'><strong>Qui</strong></span> <span class='ocrx_word' id='word_1_55' title='bbox 654 376 726 402; x_wconf 90' lang='lat' dir='ltr'><strong>enim</strong></span> <span class='ocrx_word' id='word_1_56' title='bbox 747 376 867 403; x_wconf 89' lang='lat' dir='ltr'><strong>hominis</strong></span> <span class='ocrx_word' id='word_1_57' title='bbox 883 383 946 404; x_wconf 83' lang='lat' dir='ltr'><strong>caro</strong></span> <span class='ocrx_word' id='word_1_58' title='bbox 961 384 1023 403; x_wconf 92' lang='lat' dir='ltr'><strong>cum</strong></span> 
     </span>
    </p>
   </div>
   <div class='ocr_carea' id='block_1_11' title="bbox 240 419 1024 456">
    <p class='ocr_par' dir='ltr' id='par_1_11' title="bbox 240 419 1024 456">
     <span class='ocr_line' id='line_1_11' title="bbox 240 419 1024 456; baseline 0.004 -11"><span class='ocrx_word' id='word_1_59' title='bbox 240 426 324 445; x_wconf 86' lang='lat' dir='ltr'><strong>carne</strong></span> <span class='ocrx_word' id='word_1_60' title='bbox 339 419 446 451; x_wconf 83' lang='lat' dir='ltr'><strong>cameli,</strong></span> <span class='ocrx_word' id='word_1_61' title='bbox 465 424 512 446; x_wconf 85' lang='lat' dir='ltr'><strong>aut</strong></span> <span class='ocrx_word' id='word_1_62' title='bbox 527 420 616 451; x_wconf 86' lang='lat' dir='ltr'><strong>bovis,</strong></span> <span class='ocrx_word' id='word_1_63' title='bbox 629 421 800 456; x_wconf 87' lang='lat' dir='ltr'><strong>aliorumque</strong></span> <span class='ocrx_word' id='word_1_64' title='bbox 816 421 934 449; x_wconf 79' lang='lat' dir='ltr'><strong>ferarum</strong></span> <span class='ocrx_word' id='word_1_65' title='bbox 950 429 1024 450; x_wconf 91' lang='lat' dir='ltr'><strong>com-</strong></span> 
     </span>
    </p>
   </div>
   <div class='ocr_carea' id='block_1_12' title="bbox 239 465 1024 503">
    <p class='ocr_par' dir='ltr' id='par_1_12' title="bbox 239 465 1024 503">
     <span class='ocr_line' id='line_1_12' title="bbox 239 465 1024 503; baseline 0.008 -13"><span class='ocrx_word' id='word_1_66' title='bbox 239 465 331 499; x_wconf 71' lang='lat' dir='ltr'><strong>parari</strong></span> <span class='ocrx_word' id='word_1_67' title='bbox 361 470 464 499; x_wconf 84' lang='lat' dir='ltr'><strong>potest,</strong></span> <span class='ocrx_word' id='word_1_68' title='bbox 491 467 535 493; x_wconf 87' lang='lat' dir='ltr'><strong>cui</strong></span> <span class='ocrx_word' id='word_1_69' title='bbox 569 467 668 494; x_wconf 88' lang='lat' dir='ltr'><strong>collata</strong></span> <span class='ocrx_word' id='word_1_70' title='bbox 698 468 778 495; x_wconf 82' lang='lat' dir='ltr'><strong>facile</strong></span> <span class='ocrx_word' id='word_1_71' title='bbox 806 473 962 503; x_wconf 72' lang='lat' dir='ltr'><strong>superatur,</strong></span> <span class='ocrx_word' id='word_1_72' title='bbox 992 477 1024 496; x_wconf 89' lang='lat' dir='ltr'><strong>ac</strong></span> 
     </span>
    </p>
   </div>
   <div class='ocr_carea' id='block_1_13' title="bbox 239 510 1025 550">
    <p class='ocr_par' dir='ltr' id='par_1_13' title="bbox 239 510 1025 550">
     <span class='ocr_line' id='line_1_13' title="bbox 239 510 1025 550; baseline 0.008 -14"><span class='ocrx_word' id='word_1_73' title='bbox 239 510 381 537; x_wconf 87' lang='lat' dir='ltr'><strong>vincitur?</strong></span> <span class='ocrx_word' id='word_1_74' title='bbox 394 510 422 538; x_wconf 90' lang='lat' dir='ltr'><strong>ln</strong></span> <span class='ocrx_word' id='word_1_75' title='bbox 440 519 495 546; x_wconf 89' lang='lat' dir='ltr'><strong>quo</strong></span> <span class='ocrx_word' id='word_1_76' title='bbox 522 512 606 547; x_wconf 79' lang='lat' dir='ltr'><strong>igitur</strong></span> <span class='ocrx_word' id='word_1_77' title='bbox 623 513 751 541; x_wconf 87' lang='lat' dir='ltr'><strong>consistit</strong></span> <span class='ocrx_word' id='word_1_78' title='bbox 772 514 815 541; x_wconf 89' lang='lat' dir='ltr'><strong>hic</strong></span> <span class='ocrx_word' id='word_1_79' title='bbox 831 515 1025 550; x_wconf 79' lang='lat' dir='ltr'><strong>principatus?</strong></span> 
     </span>
    </p>
   </div>
   <div class='ocr_carea' id='block_1_14' title="bbox 238 555 1024 595">
    <p class='ocr_par' dir='ltr' id='par_1_14' title="bbox 238 555 1024 595">
     <span class='ocr_line' id='line_1_14' title="bbox 238 555 1024 595; baseline 0.009 -14"><span class='ocrx_word' id='word_1_80' title='bbox 238 555 266 582; x_wconf 94' lang='lat' dir='ltr'><strong>in</strong></span> <span class='ocrx_word' id='word_1_81' title='bbox 283 555 400 582; x_wconf 77' lang='lat' dir='ltr'><strong>rationis</strong></span> <span class='ocrx_word' id='word_1_82' title='bbox 416 557 585 591; x_wconf 67' lang='lat' dir='ltr'><strong>prmstantia.</strong></span> <span class='ocrx_word' id='word_1_83' title='bbox 602 557 710 590; x_wconf 85' lang='lat' dir='ltr'><strong>Quanto</strong></span> <span class='ocrx_word' id='word_1_84' title='bbox 736 559 807 586; x_wconf 89' lang='lat' dir='ltr'><strong>enim</strong></span> <span class='ocrx_word' id='word_1_85' title='bbox 827 561 951 595; x_wconf 84' lang='lat' dir='ltr'><strong>corporis</strong></span> <span class='ocrx_word' id='word_1_86' title='bbox 973 560 1024 587; x_wconf 90' lang='lat' dir='ltr'><strong>im-</strong></span> 
     </span>
    </p>
   </div>
   <div class='ocr_carea' id='block_1_15' title="bbox 238 600 1025 637">
    <p class='ocr_par' dir='ltr' id='par_1_15' title="bbox 238 600 1025 637">
     <span class='ocr_line' id='line_1_15' title="bbox 238 600 1025 637; baseline 0.006 -10"><span class='ocrx_word' id='word_1_87' title='bbox 238 600 389 628; x_wconf 85' lang='lat' dir='ltr'><strong>becillitate</strong></span> <span class='ocrx_word' id='word_1_88' title='bbox 418 602 499 628; x_wconf 82' lang='lat' dir='ltr'><strong>homo</strong></span> <span class='ocrx_word' id='word_1_89' title='bbox 527 603 643 637; x_wconf 84' lang='lat' dir='ltr'><strong>reliquis</strong></span> <span class='ocrx_word' id='word_1_90' title='bbox 673 603 860 632; x_wconf 90' lang='lat' dir='ltr'><strong>animantibus</strong></span> <span class='ocrx_word' id='word_1_91' title='bbox 892 605 1025 633; x_wconf 83' lang='lat' dir='ltr'><strong>inﬁrmior</strong></span> 
     </span>
    </p>
   </div>
   <div class='ocr_carea' id='block_1_16' title="bbox 239 648 1024 686">
    <p class='ocr_par' dir='ltr' id='par_1_16' title="bbox 239 648 1024 686">
     <span class='ocr_line' id='line_1_16' title="bbox 239 648 1024 686; baseline 0.008 -14"><span class='ocrx_word' id='word_1_92' title='bbox 239 650 291 677; x_wconf 79' lang='lat' dir='ltr'><strong>est.</strong></span> <span class='ocrx_word' id='word_1_93' title='bbox 306 652 381 673; x_wconf 82' lang='lat' dir='ltr'><strong>tanto</strong></span> <span class='ocrx_word' id='word_1_94' title='bbox 394 651 436 674; x_wconf 79' lang='lat' dir='ltr'><strong>est</strong></span> <span class='ocrx_word' id='word_1_95' title='bbox 448 648 564 675; x_wconf 86' lang='lat' dir='ltr'><strong>rationis</strong></span> <span class='ocrx_word' id='word_1_96' title='bbox 576 648 736 676; x_wconf 81' lang='lat' dir='ltr'><strong>excellentia</strong></span> <span class='ocrx_word' id='word_1_97' title='bbox 748 650 883 684; x_wconf 78' lang='lat' dir='ltr'><strong>Superior.</strong></span> <span class='ocrx_word' id='word_1_98' title='bbox 898 650 1024 686; x_wconf 77' lang='lat' dir='ltr'><strong>Ingentes</strong></span> 
     </span>
    </p>
   </div>
   <div class='ocr_carea' id='block_1_17' title="bbox 237 692 1024 730">
    <p class='ocr_par' dir='ltr' id='par_1_17' title="bbox 237 692 1024 730">
     <span class='ocr_line' id='line_1_17' title="bbox 237 692 1024 730; baseline 0.009 -12"><span class='ocrx_word' id='word_1_99' title='bbox 237 692 310 718; x_wconf 84' lang='lat' dir='ltr'><strong>enim</strong></span> <span class='ocrx_word' id='word_1_100' title='bbox 337 693 422 720; x_wconf 87' lang='lat' dir='ltr'><strong>moles</strong></span> <span class='ocrx_word' id='word_1_101' title='bbox 449 701 481 720; x_wconf 85' lang='lat' dir='ltr'><strong>ac</strong></span> <span class='ocrx_word' id='word_1_102' title='bbox 502 693 634 728; x_wconf 83' lang='lat' dir='ltr'><strong>pondera,</strong></span> <span class='ocrx_word' id='word_1_103' title='bbox 664 703 725 729; x_wconf 79' lang='lat' dir='ltr'><strong>qme</strong></span> <span class='ocrx_word' id='word_1_104' title='bbox 749 703 798 730; x_wconf 90' lang='lat' dir='ltr'><strong>pro</strong></span> <span class='ocrx_word' id='word_1_105' title='bbox 831 696 949 724; x_wconf 83' lang='lat' dir='ltr'><strong>arbitrio</strong></span> <span class='ocrx_word' id='word_1_106' title='bbox 973 705 1024 725; x_wconf 84' lang='lat' dir='ltr'><strong>suo</strong></span> 
     </span>
    </p>
   </div>
   <div class='ocr_carea' id='block_1_18' title="bbox 238 737 1023 776">
    <p class='ocr_par' dir='ltr' id='par_1_18' title="bbox 238 737 1023 776">
     <span class='ocr_line' id='line_1_18' title="bbox 238 737 1023 776; baseline 0.009 -13"><span class='ocrx_word' id='word_1_107' title='bbox 238 737 409 765; x_wconf 78' lang='lat' dir='ltr'><strong>transferunt</strong></span> <span class='ocrx_word' id='word_1_108' title='bbox 437 739 572 771; x_wconf 92' lang='lat' dir='ltr'><strong>homines,</strong></span> <span class='ocrx_word' id='word_1_109' title='bbox 589 748 752 776; x_wconf 91' lang='lat' dir='ltr'><strong>quocunque</strong></span> <span class='ocrx_word' id='word_1_110' title='bbox 773 742 878 775; x_wconf 85' lang='lat' dir='ltr'><strong>volunt,</strong></span> <span class='ocrx_word' id='word_1_111' title='bbox 898 743 1023 776; x_wconf 87' lang='lat' dir='ltr'><strong>solertia,</strong></span> 
     </span>
    </p>
   </div>
   <div class='ocr_carea' id='block_1_19' title="bbox 239 785 1021 823">
    <p class='ocr_par' dir='ltr' id='par_1_19' title="bbox 239 785 1021 823">
     <span class='ocr_line' id='line_1_19' title="bbox 239 785 1021 823; baseline 0.009 -14"><span class='ocrx_word' id='word_1_112' title='bbox 239 790 294 810; x_wconf 85' lang='lat' dir='ltr'><strong>non</strong></span> <span class='ocrx_word' id='word_1_113' title='bbox 319 785 444 819; x_wconf 90' lang='lat' dir='ltr'><strong>corporis</strong></span> <span class='ocrx_word' id='word_1_114' title='bbox 465 785 569 813; x_wconf 82' lang='lat' dir='ltr'><strong>viribus</strong></span> <span class='ocrx_word' id='word_1_115' title='bbox 603 791 723 821; x_wconf 80' lang='lat' dir='ltr'><strong>aguntur</strong></span> <span class='ocrx_word' id='word_1_116' title='bbox 756 791 783 814; x_wconf 89' lang='lat' dir='ltr'><strong>et</strong></span> <span class='ocrx_word' id='word_1_117' title='bbox 820 793 1021 823; x_wconf 85' lang='lat' dir='ltr'><strong>permoventur.</strong></span> 
     </span>
    </p>
   </div>
   <div class='ocr_carea' id='block_1_20' title="bbox 241 827 1024 867">
    <p class='ocr_par' dir='ltr' id='par_1_20' title="bbox 241 827 1024 867">
     <span class='ocr_line' id='line_1_20' title="bbox 241 827 1024 867; baseline 0.01 -14"><span class='ocrx_word' id='word_1_118' title='bbox 241 836 250 852; x_wconf 79' lang='grc' dir='ltr'><strong>ι</strong></span> <span class='ocrx_word' id='word_1_119' title='bbox 270 827 413 856; x_wconf 67' lang='lat' dir='ltr'><strong>Faciamus</strong></span> <span class='ocrx_word' id='word_1_120' title='bbox 429 829 566 857; x_wconf 86' lang='lat' dir='ltr'><strong>hominem</strong></span> <span class='ocrx_word' id='word_1_121' title='bbox 585 831 618 858; x_wconf 81' lang='lat' dir='ltr'><strong>ad</strong></span> <span class='ocrx_word' id='word_1_122' title='bbox 639 831 783 867; x_wconf 80' lang='lat' dir='ltr'><strong>imaginem</strong></span> <span class='ocrx_word' id='word_1_123' title='bbox 803 836 946 861; x_wconf 73' lang='lat' dir='ltr'><strong>nostram:</strong></span> <span class='ocrx_word' id='word_1_124' title='bbox 965 843 974 859; x_wconf 77' lang='grc' dir='ltr'><strong>ι</strong></span> <span class='ocrx_word' id='word_1_125' title='bbox 991 833 1024 861; x_wconf 75' lang='lat' dir='ltr'><strong>de</strong></span> 
     </span>
    </p>
   </div>
   <div class='ocr_carea' id='block_1_21' title="bbox 237 874 1024 911">
    <p class='ocr_par' dir='ltr' id='par_1_21' title="bbox 237 874 1024 911">
     <span class='ocr_line' id='line_1_21' title="bbox 237 874 1024 911; baseline 0.011 -12"><span class='ocrx_word' id='word_1_126' title='bbox 237 874 362 900; x_wconf 92' lang='lat' dir='ltr'><strong>interiori</strong></span> <span class='ocrx_word' id='word_1_127' title='bbox 389 875 498 902; x_wconf 89' lang='lat' dir='ltr'><strong>homine</strong></span> <span class='ocrx_word' id='word_1_128' title='bbox 531 876 660 910; x_wconf 84' lang='lat' dir='ltr'><strong>loquitur.</strong></span> <span class='ocrx_word' id='word_1_129' title='bbox 678 878 711 904; x_wconf 82' lang='lat' dir='ltr'><strong>At</strong></span> <span class='ocrx_word' id='word_1_130' title='bbox 740 879 822 910; x_wconf 90' lang='lat' dir='ltr'><strong>enim,</strong></span> <span class='ocrx_word' id='word_1_131' title='bbox 840 879 925 911; x_wconf 85' lang='lat' dir='ltr'><strong>dices,</strong></span> <span class='ocrx_word' id='word_1_132' title='bbox 947 884 975 907; x_wconf 91' lang='lat' dir='ltr'><strong>tu</strong></span> <span class='ocrx_word' id='word_1_133' title='bbox 991 880 1024 908; x_wconf 90' lang='lat' dir='ltr'><strong>de</strong></span> 
     </span>
    </p>
   </div>
   <div class='ocr_carea' id='block_1_22' title="bbox 238 918 1023 952">
    <p class='ocr_par' dir='ltr' id='par_1_22' title="bbox 238 918 1023 952">
     <span class='ocr_line' id='line_1_22' title="bbox 238 918 1023 952; baseline 0.011 -8"><span class='ocrx_word' id='word_1_134' title='bbox 238 918 344 945; x_wconf 87' lang='lat' dir='ltr'><strong>ratione</strong></span> <span class='ocrx_word' id='word_1_135' title='bbox 358 919 483 947; x_wconf 86' lang='lat' dir='ltr'><strong>disseris.</strong></span> <span class='ocrx_word' id='word_1_136' title='bbox 509 919 629 949; x_wconf 85' lang='lat' dir='ltr'><strong>Ostende</strong></span> <span class='ocrx_word' id='word_1_137' title='bbox 644 922 724 950; x_wconf 89' lang='lat' dir='ltr'><strong>nobis</strong></span> <span class='ocrx_word' id='word_1_138' title='bbox 747 923 885 951; x_wconf 85' lang='lat' dir='ltr'><strong>hominem</strong></span> <span class='ocrx_word' id='word_1_139' title='bbox 902 925 936 952; x_wconf 83' lang='lat' dir='ltr'><strong>ad</strong></span> <span class='ocrx_word' id='word_1_140' title='bbox 955 925 1023 952; x_wconf 84' lang='lat' dir='ltr'><strong>ima-</strong></span> 
     </span>
    </p>
   </div>
   <div class='ocr_carea' id='block_1_23' title="bbox 237 963 1023 1004">
    <p class='ocr_par' dir='ltr' id='par_1_23' title="bbox 237 963 1023 1004">
     <span class='ocr_line' id='line_1_23' title="bbox 237 963 1023 1004; baseline 0.011 -15"><span class='ocrx_word' id='word_1_141' title='bbox 237 963 329 997; x_wconf 72' lang='lat' dir='ltr'><strong>ginem</strong></span> <span class='ocrx_word' id='word_1_142' title='bbox 352 963 408 992; x_wconf 69' lang='lat' dir='ltr'><strong>Dei.</strong></span> <span class='ocrx_word' id='word_1_143' title='bbox 429 964 512 992; x_wconf 89' lang='lat' dir='ltr'><strong>Estne</strong></span> <span class='ocrx_word' id='word_1_144' title='bbox 537 966 606 993; x_wconf 85' lang='lat' dir='ltr'><strong>ratio</strong></span> <span class='ocrx_word' id='word_1_145' title='bbox 627 966 733 994; x_wconf 86' lang='lat' dir='ltr'><strong>homo?</strong></span> <span class='ocrx_word' id='word_1_146' title='bbox 751 968 821 995; x_wconf 84' lang='lat' dir='ltr'><strong>Audi</strong></span> <span class='ocrx_word' id='word_1_147' title='bbox 837 969 997 1004; x_wconf 85' lang='lat' dir='ltr'><strong>Apostolum</strong></span> <span class='ocrx_word' id='word_1_148' title='bbox 1015 979 1023 998; x_wconf 90' lang='lat'><strong>:</strong></span> 
     </span>
    </p>
   </div>
   <div class='ocr_carea' id='block_1_24' title="bbox 240 1007 1023 1049">
    <p class='ocr_par' dir='ltr' id='par_1_24' title="bbox 240 1007 1023 1049">
     <span class='ocr_line' id='line_1_24' title="bbox 240 1007 1023 1049; baseline 0.011 -15"><span class='ocrx_word' id='word_1_149' title='bbox 240 1007 250 1034; x_wconf 64' lang='grc' dir='ltr'><strong>ι</strong></span> <span class='ocrx_word' id='word_1_150' title='bbox 267 1008 353 1041; x_wconf 84' lang='lat' dir='ltr'><strong>Licet,</strong></span> <span class='ocrx_word' id='word_1_151' title='bbox 371 1019 379 1034; x_wconf 83' lang='grc'><strong>)</strong></span> <span class='ocrx_word' id='word_1_152' title='bbox 401 1010 499 1045; x_wconf 82' lang='lat' dir='ltr'><strong>inquit.</strong></span> <span class='ocrx_word' id='word_1_153' title='bbox 517 1020 526 1036; x_wconf 72' lang='grc' dir='ltr'><strong>ι</strong></span> <span class='ocrx_word' id='word_1_154' title='bbox 548 1011 571 1038; x_wconf 91' lang='lat' dir='ltr'><strong>is</strong></span> <span class='ocrx_word' id='word_1_155' title='bbox 589 1012 634 1046; x_wconf 85' lang='lat' dir='ltr'><strong>qui</strong></span> <span class='ocrx_word' id='word_1_156' title='bbox 654 1012 723 1041; x_wconf 81' lang='lat' dir='ltr'><strong>loris</strong></span> <span class='ocrx_word' id='word_1_157' title='bbox 739 1017 781 1041; x_wconf 85' lang='lat' dir='ltr'><strong>est</strong></span> <span class='ocrx_word' id='word_1_158' title='bbox 811 1020 904 1042; x_wconf 89' lang='lat' dir='ltr'><strong>noster</strong></span> <span class='ocrx_word' id='word_1_159' title='bbox 931 1016 1023 1049; x_wconf 82' lang='lat' dir='ltr'><strong>homo,</strong></span> 
     </span>
    </p>
   </div>
   <div class='ocr_carea' id='block_1_25' title="bbox 236 1053 1023 1088">
    <p class='ocr_par' dir='ltr' id='par_1_25' title="bbox 236 1053 1023 1088">
     <span class='ocr_line' id='line_1_25' title="bbox 236 1053 1023 1088; baseline 0.01 -11"><span class='ocrx_word' id='word_1_160' title='bbox 236 1055 441 1085; x_wconf 75' lang='lat' dir='ltr'><strong>corrumpatur,</strong></span> <span class='ocrx_word' id='word_1_161' title='bbox 455 1056 547 1079; x_wconf 85' lang='lat' dir='ltr'><strong>tamen</strong></span> <span class='ocrx_word' id='word_1_162' title='bbox 563 1053 597 1085; x_wconf 91' lang='lat' dir='ltr'><strong>is,</strong></span> <span class='ocrx_word' id='word_1_163' title='bbox 611 1054 656 1088; x_wconf 92' lang='lat' dir='ltr'><strong>qui</strong></span> <span class='ocrx_word' id='word_1_164' title='bbox 672 1054 747 1082; x_wconf 90' lang='lat' dir='ltr'><strong>intus</strong></span> <span class='ocrx_word' id='word_1_165' title='bbox 763 1061 815 1086; x_wconf 85' lang='lat' dir='ltr'><strong>est.</strong></span> <span class='ocrx_word' id='word_1_166' title='bbox 830 1061 978 1084; x_wconf 84' lang='lat' dir='ltr'><strong>renovatur</strong></span> <span class='ocrx_word' id='word_1_167' title='bbox 989 1057 1023 1084; x_wconf 88' lang='lat' dir='ltr'><strong>de</strong></span> 
     </span>
    </p>
   </div>
   <div class='ocr_carea' id='block_1_26' title="bbox 237 1091 1023 1136">
    <p class='ocr_par' dir='ltr' id='par_1_26' title="bbox 237 1091 1023 1136">
     <span class='ocr_line' id='line_1_26' title="bbox 237 1091 1023 1136; baseline 0.009 -14"><span class='ocrx_word' id='word_1_168' title='bbox 237 1095 281 1122; x_wconf 90' lang='lat' dir='ltr'><strong>die</strong></span> <span class='ocrx_word' id='word_1_169' title='bbox 295 1096 322 1123; x_wconf 94' lang='lat' dir='ltr'><strong>iu</strong></span> <span class='ocrx_word' id='word_1_170' title='bbox 341 1097 422 1123; x_wconf 92' lang='lat' dir='ltr'><strong>diem.</strong></span> <span class='ocrx_word' id='word_1_171' title='bbox 443 1106 452 1122; x_wconf 75' lang='grc' dir='ltr'><strong>ι</strong></span> <span class='ocrx_word' id='word_1_172' title='bbox 475 1091 599 1130; x_wconf 78' lang='lat' dir='ltr'><strong>Quonam</strong></span> <span class='ocrx_word' id='word_1_173' title='bbox 627 1101 727 1133; x_wconf 82' lang='lat' dir='ltr'><strong>pacto?</strong></span> <span class='ocrx_word' id='word_1_174' title='bbox 745 1100 885 1136; x_wconf 88' lang='lat' dir='ltr'><strong>Duplicem</strong></span> <span class='ocrx_word' id='word_1_175' title='bbox 904 1109 1023 1136; x_wconf 76' lang='lat' dir='ltr'><strong>agnosco</strong></span> 
     </span>
    </p>
   </div>
   <div class='ocr_carea' id='block_1_27' title="bbox 237 1139 1022 1179">
    <p class='ocr_par' dir='ltr' id='par_1_27' title="bbox 237 1139 1022 1179">
     <span class='ocr_line' id='line_1_27' title="bbox 237 1139 1022 1179; baseline 0.009 -13"><span class='ocrx_word' id='word_1_176' title='bbox 237 1140 386 1171; x_wconf 77' lang='lat' dir='ltr'><strong>hominem,</strong></span> <span class='ocrx_word' id='word_1_177' title='bbox 398 1149 482 1168; x_wconf 89' lang='lat' dir='ltr'><strong>unum</strong></span> <span class='ocrx_word' id='word_1_178' title='bbox 494 1143 540 1178; x_wconf 91' lang='lat' dir='ltr'><strong>qui</strong></span> <span class='ocrx_word' id='word_1_179' title='bbox 555 1139 673 1179; x_wconf 75' lang='lat' dir='ltr'><strong>videtur,</strong></span> <span class='ocrx_word' id='word_1_180' title='bbox 688 1145 804 1172; x_wconf 78' lang='lat' dir='ltr'><strong>alterunt</strong></span> <span class='ocrx_word' id='word_1_181' title='bbox 818 1146 1022 1178; x_wconf 87' lang='lat' dir='ltr'><strong>absconditum,</strong></span> 
     </span>
    </p>
   </div>
   <div class='ocr_carea' id='block_1_28' title="bbox 237 1186 1024 1222">
    <p class='ocr_par' dir='ltr' id='par_1_28' title="bbox 237 1186 1024 1222">
     <span class='ocr_line' id='line_1_28' title="bbox 237 1186 1024 1222; baseline 0.01 -11"><span class='ocrx_word' id='word_1_182' title='bbox 237 1193 318 1220; x_wconf 84' lang='lat' dir='ltr'><strong>quem</strong></span> <span class='ocrx_word' id='word_1_183' title='bbox 333 1186 377 1213; x_wconf 90' lang='lat' dir='ltr'><strong>ille</strong></span> <span class='ocrx_word' id='word_1_184' title='bbox 397 1186 455 1221; x_wconf 93' lang='lat' dir='ltr'><strong>ipse</strong></span> <span class='ocrx_word' id='word_1_185' title='bbox 472 1187 519 1222; x_wconf 91' lang='lat' dir='ltr'><strong>qui</strong></span> <span class='ocrx_word' id='word_1_186' title='bbox 537 1188 645 1215; x_wconf 87' lang='lat' dir='ltr'><strong>videtur</strong></span> <span class='ocrx_word' id='word_1_187' title='bbox 662 1197 716 1216; x_wconf 91' lang='lat' dir='ltr'><strong>non</strong></span> <span class='ocrx_word' id='word_1_188' title='bbox 746 1191 845 1218; x_wconf 85' lang='lat' dir='ltr'><strong>cernit.</strong></span> <span class='ocrx_word' id='word_1_189' title='bbox 865 1190 1024 1219; x_wconf 84' lang='lat' dir='ltr'><strong>interiorem</strong></span> 
     </span>
    </p>
   </div>
   <div class='ocr_carea' id='block_1_29' title="bbox 236 1229 1023 1271">
    <p class='ocr_par' dir='ltr' id='par_1_29' title="bbox 236 1229 1023 1271">
     <span class='ocr_line' id='line_1_29' title="bbox 236 1229 1023 1271; baseline 0.011 -15"><span class='ocrx_word' id='word_1_190' title='bbox 236 1229 319 1265; x_wconf 78' lang='lat' dir='ltr'><strong>igitur</strong></span> <span class='ocrx_word' id='word_1_191' title='bbox 355 1231 486 1259; x_wconf 86' lang='lat' dir='ltr'><strong>habemus</strong></span> <span class='ocrx_word' id='word_1_192' title='bbox 516 1231 666 1266; x_wconf 81' lang='lat' dir='ltr'><strong>hominem,</strong></span> <span class='ocrx_word' id='word_1_193' title='bbox 694 1238 721 1260; x_wconf 88' lang='lat' dir='ltr'><strong>et</strong></span> <span class='ocrx_word' id='word_1_194' title='bbox 750 1235 874 1270; x_wconf 84' lang='lat' dir='ltr'><strong>duplices</strong></span> <span class='ocrx_word' id='word_1_195' title='bbox 904 1236 1023 1271; x_wconf 82' lang='lat' dir='ltr'><strong>quodam</strong></span> 
     </span>
    </p>
   </div>
   <div class='ocr_carea' id='block_1_30' title="bbox 237 1275 1024 1315">
    <p class='ocr_par' dir='ltr' id='par_1_30' title="bbox 237 1275 1024 1315">
     <span class='ocr_line' id='line_1_30' title="bbox 237 1275 1024 1315; baseline 0.011 -14"><span class='ocrx_word' id='word_1_196' title='bbox 237 1275 318 1302; x_wconf 90' lang='lat' dir='ltr'><strong>modo</strong></span> <span class='ocrx_word' id='word_1_197' title='bbox 343 1278 450 1303; x_wconf 86' lang='lat' dir='ltr'><strong>sumus.</strong></span> <span class='ocrx_word' id='word_1_198' title='bbox 477 1277 531 1312; x_wconf 73' lang='lat' dir='ltr'><strong>Ego</strong></span> <span class='ocrx_word' id='word_1_199' title='bbox 545 1278 710 1315; x_wconf 85' lang='lat' dir='ltr'><strong>enim_sum</strong></span> <span class='ocrx_word' id='word_1_200' title='bbox 727 1279 782 1314; x_wconf 82' lang='lat' dir='ltr'><strong>ille,</strong></span> <span class='ocrx_word' id='word_1_201' title='bbox 805 1281 850 1315; x_wconf 91' lang='lat' dir='ltr'><strong>qui</strong></span> <span class='ocrx_word' id='word_1_202' title='bbox 881 1281 955 1310; x_wconf 92' lang='lat' dir='ltr'><strong>intus</strong></span> <span class='ocrx_word' id='word_1_203' title='bbox 981 1286 1024 1310; x_wconf 84' lang='lat' dir='ltr'><strong>est</strong></span> 
     </span>
    </p>
   </div>
   <div class='ocr_carea' id='block_1_31' title="bbox 238 1319 1021 1361">
    <p class='ocr_par' dir='ltr' id='par_1_31' title="bbox 238 1319 1021 1361">
     <span class='ocr_line' id='line_1_31' title="bbox 238 1319 1021 1361; baseline 0.01 -15"><span class='ocrx_word' id='word_1_204' title='bbox 238 1319 401 1354; x_wconf 73' lang='lat' dir='ltr'><strong>homo.Qua:</strong></span> <span class='ocrx_word' id='word_1_205' title='bbox 415 1329 480 1349; x_wconf 81' lang='lat' dir='ltr'><strong>vero</strong></span> <span class='ocrx_word' id='word_1_206' title='bbox 492 1327 556 1350; x_wconf 90' lang='lat' dir='ltr'><strong>sunt</strong></span> <span class='ocrx_word' id='word_1_207' title='bbox 571 1324 752 1357; x_wconf 77' lang='lat' dir='ltr'><strong>extrinsecus,</strong></span> <span class='ocrx_word' id='word_1_208' title='bbox 763 1333 817 1352; x_wconf 91' lang='lat' dir='ltr'><strong>non</strong></span> <span class='ocrx_word' id='word_1_209' title='bbox 827 1334 877 1361; x_wconf 78' lang='lat' dir='ltr'><strong>ego</strong></span> <span class='ocrx_word' id='word_1_210' title='bbox 891 1327 935 1353; x_wconf 89' lang='lat' dir='ltr'><strong>illa</strong></span> <span class='ocrx_word' id='word_1_211' title='bbox 949 1335 1021 1359; x_wconf 88' lang='lat' dir='ltr'><strong>sum,</strong></span> 
     </span>
    </p>
   </div>
   <div class='ocr_carea' id='block_1_32' title="bbox 1075 187 1861 225">
    <p class='ocr_par' dir='ltr' id='par_1_32' title="bbox 1075 187 1861 225">
     <span class='ocr_line' id='line_1_32' title="bbox 1075 187 1861 225; baseline -0.006 -7"><span class='ocrx_word' id='word_1_212' title='bbox 1075 199 1125 218; x_wconf 72' lang='grc' dir='ltr'><strong>σαν</strong></span> <span class='ocrx_word' id='word_1_213' title='bbox 1137 190 1191 217; x_wconf 84' lang='grc' dir='ltr'>τῶν</span> <span class='ocrx_word' id='word_1_214' title='bbox 1213 189 1326 225; x_wconf 75' lang='grc' dir='ltr'><strong>ἰχθύων,</strong></span> <span class='ocrx_word' id='word_1_215' title='bbox 1355 189 1459 224; x_wconf 81' lang='grc' dir='ltr'>σώματι</span> <span class='ocrx_word' id='word_1_216' title='bbox 1476 189 1493 224; x_wconf 83' lang='grc' dir='ltr'>ἢ</span> <span class='ocrx_word' id='word_1_217' title='bbox 1508 187 1647 223; x_wconf 78' lang='grc' dir='ltr'>λογισμῴ;</span> <span class='ocrx_word' id='word_1_218' title='bbox 1673 187 1716 213; x_wconf 87' lang='grc' dir='ltr'><strong>Ἐν</strong></span> <span class='ocrx_word' id='word_1_219' title='bbox 1736 187 1809 222; x_wconf 74' lang='grc' dir='ltr'>ψυχῇ</span> <span class='ocrx_word' id='word_1_220' title='bbox 1829 188 1861 215; x_wconf 79' lang='grc' dir='ltr'><strong>τὸ</strong></span> 
     </span>
    </p>
   </div>
   <div class='ocr_carea' id='block_1_33' title="bbox 1074 232 1862 272">
    <p class='ocr_par' dir='ltr' id='par_1_33' title="bbox 1074 232 1862 272">
     <span class='ocr_line' id='line_1_33' title="bbox 1074 232 1862 272; baseline -0.006 -9"><span class='ocrx_word' id='word_1_221' title='bbox 1074 237 1167 272; x_wconf 80' lang='grc' dir='ltr'>ἄρχον,</span> <span class='ocrx_word' id='word_1_222' title='bbox 1182 236 1198 270; x_wconf 86' lang='grc' dir='ltr'>ἦ</span> <span class='ocrx_word' id='word_1_223' title='bbox 1214 236 1242 262; x_wconf 85' lang='grc' dir='ltr'><strong>ὲν</strong></span> <span class='ocrx_word' id='word_1_224' title='bbox 1261 234 1356 271; x_wconf 82' lang='grc' dir='ltr'>σαρκί;</span> <span class='ocrx_word' id='word_1_225' title='bbox 1381 235 1412 260; x_wconf 84' lang='grc' dir='ltr'><strong><em>Ἡ</em></strong></span> <span class='ocrx_word' id='word_1_226' title='bbox 1429 233 1506 269; x_wconf 77' lang='grc' dir='ltr'>σὰρξ,</span> <span class='ocrx_word' id='word_1_227' title='bbox 1527 233 1631 260; x_wconf 82' lang='grc' dir='ltr'>πολλῶν</span> <span class='ocrx_word' id='word_1_228' title='bbox 1651 232 1727 264; x_wconf 83' lang='grc' dir='ltr'><strong>ζώων</strong></span> <span class='ocrx_word' id='word_1_229' title='bbox 1749 232 1862 258; x_wconf 85' lang='grc' dir='ltr'>ἀσθενε-</span> 
     </span>
    </p>
   </div>
   <div class='ocr_carea' id='block_1_34' title="bbox 1076 278 1861 318">
    <p class='ocr_par' dir='ltr' id='par_1_34' title="bbox 1076 278 1861 318">
     <span class='ocr_line' id='line_1_34' title="bbox 1076 278 1861 318; baseline -0.006 -9"><span class='ocrx_word' id='word_1_230' title='bbox 1076 283 1168 318; x_wconf 82' lang='grc' dir='ltr'>στέρα.</span> <span class='ocrx_word' id='word_1_231' title='bbox 1186 282 1253 308; x_wconf 77' lang='grc' dir='ltr'>Ποία</span> <span class='ocrx_word' id='word_1_232' title='bbox 1268 282 1410 317; x_wconf 81' lang='grc' dir='ltr'><strong>σύγκρισις</strong></span> <span class='ocrx_word' id='word_1_233' title='bbox 1425 280 1524 316; x_wconf 78' lang='grc' dir='ltr'>σαρκὸς</span> <span class='ocrx_word' id='word_1_234' title='bbox 1542 279 1686 314; x_wconf 84' lang='grc' dir='ltr'>ἀνθρώπου</span> <span class='ocrx_word' id='word_1_235' title='bbox 1703 278 1750 305; x_wconf 78' lang='grc' dir='ltr'><strong>καὶ</strong></span> <span class='ocrx_word' id='word_1_236' title='bbox 1769 279 1861 313; x_wconf 79' lang='grc' dir='ltr'>καμή-</span> 
     </span>
    </p>
   </div>
   <div class='ocr_carea' id='block_1_35' title="bbox 1074 319 1863 363">
    <p class='ocr_par' dir='ltr' id='par_1_35' title="bbox 1074 319 1863 363">
     <span class='ocr_line' id='line_1_35' title="bbox 1074 319 1863 363; baseline -0.009 -8"><span class='ocrx_word' id='word_1_237' title='bbox 1074 329 1131 361; x_wconf 83' lang='grc' dir='ltr'>λου,</span> <span class='ocrx_word' id='word_1_238' title='bbox 1152 327 1294 363; x_wconf 77' lang='grc' dir='ltr'>ἀνθρώπου</span> <span class='ocrx_word' id='word_1_239' title='bbox 1318 327 1364 353; x_wconf 75' lang='grc' dir='ltr'>καὶ</span> <span class='ocrx_word' id='word_1_240' title='bbox 1381 325 1454 360; x_wconf 77' lang='grc' dir='ltr'>βοὸς,</span> <span class='ocrx_word' id='word_1_241' title='bbox 1472 324 1615 360; x_wconf 82' lang='grc' dir='ltr'>ἀνθρώπου</span> <span class='ocrx_word' id='word_1_242' title='bbox 1631 324 1677 350; x_wconf 65' lang='grc' dir='ltr'>καὶ</span> <span class='ocrx_word' id='word_1_243' title='bbox 1693 324 1808 350; x_wconf 75' lang='grc' dir='ltr'><strong>ἑκάστου</strong></span> <span class='ocrx_word' id='word_1_244' title='bbox 1824 319 1863 349; x_wconf 82' lang='grc' dir='ltr'><strong>ὧν</strong></span> 
     </span>
    </p>
   </div>
   <div class='ocr_carea' id='block_1_36' title="bbox 1075 368 1861 408">
    <p class='ocr_par' dir='ltr' id='par_1_36' title="bbox 1075 368 1861 408">
     <span class='ocr_line' id='line_1_36' title="bbox 1075 368 1861 408; baseline -0.009 -7"><span class='ocrx_word' id='word_1_245' title='bbox 1075 374 1108 401; x_wconf 82' lang='grc' dir='ltr'><strong>ἂν</strong></span> <span class='ocrx_word' id='word_1_246' title='bbox 1130 374 1209 408; x_wconf 80' lang='grc' dir='ltr'><strong>θέλῃς</strong></span> <span class='ocrx_word' id='word_1_247' title='bbox 1234 372 1345 408; x_wconf 83' lang='grc' dir='ltr'>θηρίου;</span> <span class='ocrx_word' id='word_1_248' title='bbox 1372 371 1504 402; x_wconf 79' lang='grc' dir='ltr'><strong>εὐάλωτος</strong></span> <span class='ocrx_word' id='word_1_249' title='bbox 1526 371 1542 405; x_wconf 89' lang='grc' dir='ltr'><strong>ἡ</strong></span> <span class='ocrx_word' id='word_1_250' title='bbox 1565 369 1634 405; x_wconf 76' lang='grc' dir='ltr'>σὰρξ</span> <span class='ocrx_word' id='word_1_251' title='bbox 1654 370 1671 404; x_wconf 92' lang='grc' dir='ltr'><strong>ἡ</strong></span> <span class='ocrx_word' id='word_1_252' title='bbox 1694 368 1861 404; x_wconf 79' lang='grc' dir='ltr'><strong>ἀνθρωπίνη,</strong></span> 
     </span>
    </p>
   </div>
   <div class='ocr_carea' id='block_1_37' title="bbox 1076 415 1864 455">
    <p class='ocr_par' dir='ltr' id='par_1_37' title="bbox 1076 415 1864 455">
     <span class='ocr_line' id='line_1_37' title="bbox 1076 415 1864 455; baseline -0.008 -9"><span class='ocrx_word' id='word_1_253' title='bbox 1076 420 1157 455; x_wconf 75' lang='grc' dir='ltr'>σαρκὶ</span> <span class='ocrx_word' id='word_1_254' title='bbox 1179 419 1272 454; x_wconf 76' lang='grc' dir='ltr'>θηρίου</span> <span class='ocrx_word' id='word_1_255' title='bbox 1290 417 1506 453; x_wconf 70' lang='grc' dir='ltr'>προϐαλλομένη.</span> <span class='ocrx_word' id='word_1_256' title='bbox 1533 415 1613 442; x_wconf 80' lang='grc' dir='ltr'>Ἀλλὰ</span> <span class='ocrx_word' id='word_1_257' title='bbox 1628 417 1655 442; x_wconf 79' lang='grc' dir='ltr'><strong>ὲν</strong></span> <span class='ocrx_word' id='word_1_258' title='bbox 1673 415 1725 441; x_wconf 87' lang='grc' dir='ltr'>τίνι</span> <span class='ocrx_word' id='word_1_259' title='bbox 1742 415 1772 442; x_wconf 74' lang='grc' dir='ltr'><strong>τὸ</strong></span> <span class='ocrx_word' id='word_1_260' title='bbox 1787 415 1864 450; x_wconf 81' lang='grc' dir='ltr'>ἁρχι-</span> 
     </span>
    </p>
   </div>
   <div class='ocr_carea' id='block_1_38' title="bbox 1075 461 1862 499">
    <p class='ocr_par' dir='ltr' id='par_1_38' title="bbox 1075 461 1862 499">
     <span class='ocr_line' id='line_1_38' title="bbox 1075 461 1862 499; baseline -0.008 -7"><span class='ocrx_word' id='word_1_261' title='bbox 1075 466 1137 498; x_wconf 86' lang='grc' dir='ltr'>κόν;</span> <span class='ocrx_word' id='word_1_262' title='bbox 1159 466 1187 491; x_wconf 78' lang='grc' dir='ltr'><strong>ἐν</strong></span> <span class='ocrx_word' id='word_1_263' title='bbox 1201 466 1234 499; x_wconf 81' lang='grc' dir='ltr'>τῇ</span> <span class='ocrx_word' id='word_1_264' title='bbox 1248 465 1294 491; x_wconf 80' lang='grc' dir='ltr'>τοῦ</span> <span class='ocrx_word' id='word_1_265' title='bbox 1309 463 1439 498; x_wconf 84' lang='grc' dir='ltr'>λογισμοῦ</span> <span class='ocrx_word' id='word_1_266' title='bbox 1455 461 1609 498; x_wconf 75' lang='grc' dir='ltr'>περιουσίᾳ.</span> <span class='ocrx_word' id='word_1_267' title='bbox 1631 462 1711 488; x_wconf 85' lang='grc' dir='ltr'>Ὅσον</span> <span class='ocrx_word' id='word_1_268' title='bbox 1726 461 1812 487; x_wconf 86' lang='grc' dir='ltr'><strong>λείπει</strong></span> <span class='ocrx_word' id='word_1_269' title='bbox 1828 461 1862 495; x_wconf 78' lang='grc' dir='ltr'><strong>τῇ</strong></span> 
     </span>
    </p>
   </div>
   <div class='ocr_carea' id='block_1_39' title="bbox 1074 505 1862 546">
    <p class='ocr_par' dir='ltr' id='par_1_39' title="bbox 1074 505 1862 546">
     <span class='ocr_line' id='line_1_39' title="bbox 1074 505 1862 546; baseline -0.008 -8"><span class='ocrx_word' id='word_1_270' title='bbox 1074 511 1187 546; x_wconf 81' lang='grc' dir='ltr'>δυνάμει</span> <span class='ocrx_word' id='word_1_271' title='bbox 1202 509 1248 536; x_wconf 79' lang='grc' dir='ltr'>τοῦ</span> <span class='ocrx_word' id='word_1_272' title='bbox 1263 509 1397 544; x_wconf 71' lang='grc' dir='ltr'>σώματος,</span> <span class='ocrx_word' id='word_1_273' title='bbox 1416 508 1542 535; x_wconf 72' lang='grc' dir='ltr'>τοσοῦτον</span> <span class='ocrx_word' id='word_1_274' title='bbox 1566 507 1691 543; x_wconf 72' lang='grc' dir='ltr'>περίεστι</span> <span class='ocrx_word' id='word_1_275' title='bbox 1709 508 1741 542; x_wconf 84' lang='grc' dir='ltr'>τῇ</span> <span class='ocrx_word' id='word_1_276' title='bbox 1757 505 1803 532; x_wconf 80' lang='grc' dir='ltr'><strong>τοῦ</strong></span> <span class='ocrx_word' id='word_1_277' title='bbox 1817 505 1862 532; x_wconf 84' lang='grc' dir='ltr'>λο-</span> 
     </span>
    </p>
   </div>
   <div class='ocr_carea' id='block_1_40' title="bbox 1075 550 1862 592">
    <p class='ocr_par' dir='ltr' id='par_1_40' title="bbox 1075 550 1862 592">
     <span class='ocr_line' id='line_1_40' title="bbox 1075 550 1862 592; baseline -0.009 -9"><span class='ocrx_word' id='word_1_278' title='bbox 1075 556 1173 592; x_wconf 81' lang='grc' dir='ltr'>γισμοῦ</span> <span class='ocrx_word' id='word_1_279' title='bbox 1190 556 1357 590; x_wconf 78' lang='grc' dir='ltr'><strong>κατασκευῇ.</strong></span> <span class='ocrx_word' id='word_1_280' title='bbox 1382 553 1468 580; x_wconf 77' lang='grc' dir='ltr'>Πόθεν</span> <span class='ocrx_word' id='word_1_281' title='bbox 1486 553 1520 580; x_wconf 81' lang='grc' dir='ltr'>τὰ</span> <span class='ocrx_word' id='word_1_282' title='bbox 1537 553 1643 588; x_wconf 79' lang='grc' dir='ltr'>μεγάλα</span> <span class='ocrx_word' id='word_1_283' title='bbox 1663 552 1732 586; x_wconf 76' lang='grc' dir='ltr'><strong>βάρη</strong></span> <span class='ocrx_word' id='word_1_284' title='bbox 1751 550 1862 587; x_wconf 76' lang='grc' dir='ltr'>μετατί-</span> 
     </span>
    </p>
   </div>
   <div class='ocr_carea' id='block_1_41' title="bbox 1075 598 1860 638">
    <p class='ocr_par' dir='ltr' id='par_1_41' title="bbox 1075 598 1860 638">
     <span class='ocr_line' id='line_1_41' title="bbox 1075 598 1860 638; baseline -0.009 -9"><span class='ocrx_word' id='word_1_285' title='bbox 1075 603 1153 638; x_wconf 77' lang='grc' dir='ltr'>θησιν</span> <span class='ocrx_word' id='word_1_286' title='bbox 1184 602 1345 637; x_wconf 77' lang='grc' dir='ltr'>ἅνθρωπος,</span> <span class='ocrx_word' id='word_1_287' title='bbox 1372 600 1477 634; x_wconf 77' lang='grc' dir='ltr'><strong>ἐπινοίᾳ</strong></span> <span class='ocrx_word' id='word_1_288' title='bbox 1507 600 1523 633; x_wconf 80' lang='grc' dir='ltr'>ἦ</span> <span class='ocrx_word' id='word_1_289' title='bbox 1554 600 1640 629; x_wconf 77' lang='grc' dir='ltr'>τόνοις</span> <span class='ocrx_word' id='word_1_290' title='bbox 1672 598 1860 632; x_wconf 75' lang='grc' dir='ltr'>σωματικοῖςς</span> 
     </span>
    </p>
   </div>
   <div class='ocr_carea' id='block_1_42' title="bbox 1078 641 1863 684">
    <p class='ocr_par' dir='ltr' id='par_1_42' title="bbox 1078 641 1863 684">
     <span class='ocr_line' id='line_1_42' title="bbox 1078 641 1863 684; baseline -0.009 -10"><span class='ocrx_word' id='word_1_291' title='bbox 1078 658 1087 674; x_wconf 79' lang='grc' dir='ltr'><strong>ι</strong></span> <span class='ocrx_word' id='word_1_292' title='bbox 1105 649 1264 684; x_wconf 73' lang='grc' dir='ltr'>Ποιήσωμεν</span> <span class='ocrx_word' id='word_1_293' title='bbox 1280 646 1423 682; x_wconf 83' lang='grc' dir='ltr'>ἄνθρωπον</span> <span class='ocrx_word' id='word_1_294' title='bbox 1437 645 1496 671; x_wconf 74' lang='grc' dir='ltr'>κατ’</span> <span class='ocrx_word' id='word_1_295' title='bbox 1515 644 1605 670; x_wconf 81' lang='grc' dir='ltr'><strong>εἰκόνα</strong></span> <span class='ocrx_word' id='word_1_296' title='bbox 1622 643 1768 678; x_wconf 81' lang='grc' dir='ltr'>ἡμετέραν.</span> <span class='ocrx_word' id='word_1_297' title='bbox 1787 651 1796 667; x_wconf 71' lang='grc' dir='ltr'><strong>ι</strong></span> <span class='ocrx_word' id='word_1_298' title='bbox 1811 641 1863 668; x_wconf 64' lang='grc' dir='ltr'><strong>Τὸν</strong></span> 
     </span>
    </p>
   </div>
   <div class='ocr_carea' id='block_1_43' title="bbox 1076 686 1862 728">
    <p class='ocr_par' dir='ltr' id='par_1_43' title="bbox 1076 686 1862 728">
     <span class='ocr_line' id='line_1_43' title="bbox 1076 686 1862 728; baseline -0.01 -8"><span class='ocrx_word' id='word_1_299' title='bbox 1076 694 1129 720; x_wconf 75' lang='grc' dir='ltr'>ἔσω</span> <span class='ocrx_word' id='word_1_300' title='bbox 1145 693 1286 728; x_wconf 78' lang='grc' dir='ltr'>ἄνθρωπον</span> <span class='ocrx_word' id='word_1_301' title='bbox 1300 691 1384 725; x_wconf 81' lang='grc' dir='ltr'>λέγει,</span> <span class='ocrx_word' id='word_1_302' title='bbox 1401 690 1578 725; x_wconf 77' lang='grc' dir='ltr'>(Ποιήσωμεν</span> <span class='ocrx_word' id='word_1_303' title='bbox 1593 689 1744 724; x_wconf 78' lang='grc' dir='ltr'>ἄνθρωπον.</span> <span class='ocrx_word' id='word_1_304' title='bbox 1758 697 1767 714; x_wconf 69' lang='grc' dir='ltr'><strong>ι</strong></span> <span class='ocrx_word' id='word_1_305' title='bbox 1792 686 1862 713; x_wconf 80' lang='grc' dir='ltr'>Ἀλλ’</span> 
     </span>
    </p>
   </div>
   <div class='ocr_carea' id='block_1_44' title="bbox 1076 733 1864 776">
    <p class='ocr_par' dir='ltr' id='par_1_44' title="bbox 1076 733 1864 776">
     <span class='ocr_line' id='line_1_44' title="bbox 1076 733 1864 776; baseline -0.008 -10"><span class='ocrx_word' id='word_1_306' title='bbox 1076 741 1147 776; x_wconf 80' lang='grc' dir='ltr'>ἐρεῖς</span> <span class='ocrx_word' id='word_1_307' title='bbox 1162 739 1205 772; x_wconf 78' lang='grc' dir='ltr'><strong>σὺ,</strong></span> <span class='ocrx_word' id='word_1_308' title='bbox 1224 738 1272 765; x_wconf 79' lang='grc' dir='ltr'>Διὰ</span> <span class='ocrx_word' id='word_1_309' title='bbox 1291 737 1316 764; x_wconf 87' lang='grc' dir='ltr'><strong>τί</strong></span> <span class='ocrx_word' id='word_1_310' title='bbox 1331 738 1360 764; x_wconf 79' lang='grc' dir='ltr'>οὺ</span> <span class='ocrx_word' id='word_1_311' title='bbox 1378 737 1450 770; x_wconf 83' lang='grc' dir='ltr'>λέγει</span> <span class='ocrx_word' id='word_1_312' title='bbox 1469 737 1534 771; x_wconf 79' lang='grc' dir='ltr'>ἡμῖν</span> <span class='ocrx_word' id='word_1_313' title='bbox 1551 736 1615 771; x_wconf 72' lang='grc' dir='ltr'>περὶ</span> <span class='ocrx_word' id='word_1_314' title='bbox 1634 734 1763 770; x_wconf 83' lang='grc' dir='ltr'>λογισμοῦ</span> <span class='ocrx_word' id='word_1_315' title='bbox 1778 742 1785 766; x_wconf 82' lang='grc'>;</span> <span class='ocrx_word' id='word_1_316' title='bbox 1812 733 1864 760; x_wconf 85' lang='grc' dir='ltr'><strong>Τὺν</strong></span> 
     </span>
    </p>
   </div>
   <div class='ocr_carea' id='block_1_45' title="bbox 1076 779 1865 821">
    <p class='ocr_par' dir='ltr' id='par_1_45' title="bbox 1076 779 1865 821">
     <span class='ocr_line' id='line_1_45' title="bbox 1076 779 1865 821; baseline -0.008 -9"><span class='ocrx_word' id='word_1_317' title='bbox 1076 786 1218 821; x_wconf 78' lang='grc' dir='ltr'>ἄνθρωπον</span> <span class='ocrx_word' id='word_1_318' title='bbox 1235 782 1295 810; x_wconf 75' lang='grc' dir='ltr'>εἶπε</span> <span class='ocrx_word' id='word_1_319' title='bbox 1310 783 1369 810; x_wconf 85' lang='grc' dir='ltr'>κατ’</span> <span class='ocrx_word' id='word_1_320' title='bbox 1385 783 1476 810; x_wconf 81' lang='grc' dir='ltr'>εἰκόνα</span> <span class='ocrx_word' id='word_1_321' title='bbox 1489 781 1567 809; x_wconf 73' lang='grc' dir='ltr'>Θεοῦ.</span> <span class='ocrx_word' id='word_1_322' title='bbox 1589 781 1618 808; x_wconf 79' lang='lat'><strong>&#39;0</strong></span> <span class='ocrx_word' id='word_1_323' title='bbox 1632 781 1659 808; x_wconf 83' lang='grc' dir='ltr'>δὲ</span> <span class='ocrx_word' id='word_1_324' title='bbox 1673 780 1801 816; x_wconf 68' lang='grc' dir='ltr'>λογισμὸς</span> <span class='ocrx_word' id='word_1_325' title='bbox 1817 779 1865 806; x_wconf 78' lang='grc' dir='ltr'><strong>ἇν-</strong></span> 
     </span>
    </p>
   </div>
   <div class='ocr_carea' id='block_1_46' title="bbox 1078 825 1864 866">
    <p class='ocr_par' dir='ltr' id='par_1_46' title="bbox 1078 825 1864 866">
     <span class='ocr_line' id='line_1_46' title="bbox 1078 825 1864 866; baseline -0.008 -9"><span class='ocrx_word' id='word_1_326' title='bbox 1078 830 1200 866; x_wconf 81' lang='grc' dir='ltr'>θρωπος;</span> <span class='ocrx_word' id='word_1_327' title='bbox 1225 829 1323 855; x_wconf 73' lang='grc' dir='ltr'>’Ἄκουε</span> <span class='ocrx_word' id='word_1_328' title='bbox 1339 828 1385 854; x_wconf 81' lang='grc' dir='ltr'>τοῦ</span> <span class='ocrx_word' id='word_1_329' title='bbox 1407 827 1566 854; x_wconf 77' lang='grc' dir='ltr'>Ἀποστόλου</span> <span class='ocrx_word' id='word_1_330' title='bbox 1583 826 1717 861; x_wconf 82' lang='grc' dir='ltr'>λέγοντος,</span> <span class='ocrx_word' id='word_1_331' title='bbox 1740 835 1749 851; x_wconf 86' lang='grc'><em>‹</em></span> <span class='ocrx_word' id='word_1_332' title='bbox 1763 825 1794 852; x_wconf 73' lang='grc' dir='ltr'><strong>Εἰ</strong></span> <span class='ocrx_word' id='word_1_333' title='bbox 1809 825 1864 860; x_wconf 86' lang='grc' dir='ltr'>γὰρ</span> 
     </span>
    </p>
   </div>
   <div class='ocr_carea' id='block_1_47' title="bbox 1077 871 1864 909">
    <p class='ocr_par' dir='ltr' id='par_1_47' title="bbox 1077 871 1864 909">
     <span class='ocr_line' id='line_1_47' title="bbox 1077 871 1864 909; baseline -0.006 -7"><span class='ocrx_word' id='word_1_334' title='bbox 1077 876 1091 902; x_wconf 82' lang='grc' dir='ltr'>ὁ</span> <span class='ocrx_word' id='word_1_335' title='bbox 1105 875 1157 908; x_wconf 71' lang='grc' dir='ltr'><strong>ἔξω</strong></span> <span class='ocrx_word' id='word_1_336' title='bbox 1174 874 1251 909; x_wconf 85' lang='grc' dir='ltr'><strong>ἡμῶν</strong></span> <span class='ocrx_word' id='word_1_337' title='bbox 1265 874 1406 909; x_wconf 74' lang='grc' dir='ltr'>ἅνθρωπος</span> <span class='ocrx_word' id='word_1_338' title='bbox 1421 872 1571 908; x_wconf 68' lang='grc' dir='ltr'>φθείρεται,</span> <span class='ocrx_word' id='word_1_339' title='bbox 1587 872 1642 900; x_wconf 80' lang='grc' dir='ltr'>ἀλλ’</span> <span class='ocrx_word' id='word_1_340' title='bbox 1656 874 1670 899; x_wconf 85' lang='grc' dir='ltr'>ὁ</span> <span class='ocrx_word' id='word_1_341' title='bbox 1683 871 1736 898; x_wconf 70' lang='grc' dir='ltr'>ἔσω</span> <span class='ocrx_word' id='word_1_342' title='bbox 1748 872 1864 899; x_wconf 81' lang='grc' dir='ltr'>ἀνακαι-</span> 
     </span>
    </p>
   </div>
   <div class='ocr_carea' id='block_1_48' title="bbox 1077 916 1864 954">
    <p class='ocr_par' dir='ltr' id='par_1_48' title="bbox 1077 916 1864 954">
     <span class='ocr_line' id='line_1_48' title="bbox 1077 916 1864 954; baseline -0.005 -8"><span class='ocrx_word' id='word_1_343' title='bbox 1077 920 1168 947; x_wconf 81' lang='grc' dir='ltr'>νοῦται</span> <span class='ocrx_word' id='word_1_344' title='bbox 1184 919 1275 954; x_wconf 73' lang='grc' dir='ltr'>ἡμέρᾳ</span> <span class='ocrx_word' id='word_1_345' title='bbox 1289 919 1336 946; x_wconf 76' lang='grc' dir='ltr'>καὶ</span> <span class='ocrx_word' id='word_1_346' title='bbox 1351 918 1450 954; x_wconf 75' lang='grc' dir='ltr'>ἡμέρᾳ.</span> <span class='ocrx_word' id='word_1_347' title='bbox 1466 928 1474 943; x_wconf 75' lang='grc' dir='ltr'><strong>ι</strong></span> <span class='ocrx_word' id='word_1_348' title='bbox 1502 917 1579 950; x_wconf 81' lang='grc' dir='ltr'>Πῶς;</span> <span class='ocrx_word' id='word_1_349' title='bbox 1602 918 1653 943; x_wconf 86' lang='grc' dir='ltr'><strong>Δύο</strong></span> <span class='ocrx_word' id='word_1_350' title='bbox 1671 916 1796 953; x_wconf 79' lang='grc' dir='ltr'>γνωρίζω</span> <span class='ocrx_word' id='word_1_351' title='bbox 1817 916 1864 943; x_wconf 84' lang='grc' dir='ltr'><strong>ἀν-</strong></span> 
     </span>
    </p>
   </div>
   <div class='ocr_carea' id='block_1_49' title="bbox 1077 962 1864 1001">
    <p class='ocr_par' dir='ltr' id='par_1_49' title="bbox 1077 962 1864 1001">
     <span class='ocr_line' id='line_1_49' title="bbox 1077 962 1864 1001; baseline -0.004 -10"><span class='ocrx_word' id='word_1_352' title='bbox 1077 965 1218 1001; x_wconf 77' lang='grc' dir='ltr'>θρώπους,</span> <span class='ocrx_word' id='word_1_353' title='bbox 1242 965 1290 991; x_wconf 76' lang='grc' dir='ltr'><strong>ἕνα</strong></span> <span class='ocrx_word' id='word_1_354' title='bbox 1315 964 1359 990; x_wconf 77' lang='grc' dir='ltr'><strong>τὸν</strong></span> <span class='ocrx_word' id='word_1_355' title='bbox 1384 964 1556 999; x_wconf 72' lang='grc' dir='ltr'>φαινόμενον,</span> <span class='ocrx_word' id='word_1_356' title='bbox 1579 962 1627 989; x_wconf 77' lang='grc' dir='ltr'>καὶ</span> <span class='ocrx_word' id='word_1_357' title='bbox 1641 962 1748 989; x_wconf 75' lang='grc' dir='ltr'>ἔνατόν</span> <span class='ocrx_word' id='word_1_358' title='bbox 1765 962 1864 988; x_wconf 64' lang='grc' dir='ltr'>ὑποκει</span> 
     </span>
    </p>
   </div>
   <div class='ocr_carea' id='block_1_50' title="bbox 1077 1007 1865 1047">
    <p class='ocr_par' dir='ltr' id='par_1_50' title="bbox 1077 1007 1865 1047">
     <span class='ocr_line' id='line_1_50' title="bbox 1077 1007 1865 1047; baseline -0.005 -10"><span class='ocrx_word' id='word_1_359' title='bbox 1077 1011 1233 1047; x_wconf 77' lang='grc' dir='ltr'>κρυμμένον</span> <span class='ocrx_word' id='word_1_360' title='bbox 1250 1010 1288 1045; x_wconf 83' lang='grc' dir='ltr'>τῷ</span> <span class='ocrx_word' id='word_1_361' title='bbox 1303 1009 1467 1045; x_wconf 71' lang='grc' dir='ltr'>φαινομένῳ,</span> <span class='ocrx_word' id='word_1_362' title='bbox 1485 1008 1658 1044; x_wconf 75' lang='grc' dir='ltr'>ἁόρατον,τὺν</span> <span class='ocrx_word' id='word_1_363' title='bbox 1680 1008 1734 1034; x_wconf 76' lang='grc' dir='ltr'>ἔσω</span> <span class='ocrx_word' id='word_1_364' title='bbox 1757 1007 1865 1042; x_wconf 80' lang='grc' dir='ltr'>ἄνθρωο</span> 
     </span>
    </p>
   </div>
   <div class='ocr_carea' id='block_1_51' title="bbox 1075 1053 1864 1090">
    <p class='ocr_par' dir='ltr' id='par_1_51' title="bbox 1075 1053 1864 1090">
     <span class='ocr_line' id='line_1_51' title="bbox 1075 1053 1864 1090; baseline -0.006 -6"><span class='ocrx_word' id='word_1_365' title='bbox 1075 1065 1135 1084; x_wconf 86' lang='grc' dir='ltr'>πον.</span> <span class='ocrx_word' id='word_1_366' title='bbox 1157 1056 1231 1083; x_wconf 83' lang='grc' dir='ltr'>Ἐσω</span> <span class='ocrx_word' id='word_1_367' title='bbox 1243 1056 1331 1082; x_wconf 84' lang='grc' dir='ltr'>τοίνυν</span> <span class='ocrx_word' id='word_1_368' title='bbox 1346 1056 1442 1090; x_wconf 72' lang='grc' dir='ltr'>ἔχομεν</span> <span class='ocrx_word' id='word_1_369' title='bbox 1463 1055 1616 1090; x_wconf 75' lang='grc' dir='ltr'>ἄνθρωπον,</span> <span class='ocrx_word' id='word_1_370' title='bbox 1631 1055 1678 1081; x_wconf 80' lang='grc' dir='ltr'>καὶ</span> <span class='ocrx_word' id='word_1_371' title='bbox 1690 1054 1778 1080; x_wconf 80' lang='grc' dir='ltr'>διπλοῖ</span> <span class='ocrx_word' id='word_1_372' title='bbox 1792 1053 1864 1085; x_wconf 73' lang='grc' dir='ltr'>τινές</span> 
     </span>
    </p>
   </div>
   <div class='ocr_carea' id='block_1_52' title="bbox 1075 1099 1862 1137">
    <p class='ocr_par' dir='ltr' id='par_1_52' title="bbox 1075 1099 1862 1137">
     <span class='ocr_line' id='line_1_52' title="bbox 1075 1099 1862 1137; baseline -0.004 -9"><span class='ocrx_word' id='word_1_373' title='bbox 1075 1102 1170 1137; x_wconf 75' lang='grc' dir='ltr'>ἐσμεν,</span> <span class='ocrx_word' id='word_1_374' title='bbox 1186 1102 1233 1128; x_wconf 74' lang='grc' dir='ltr'>καὶ</span> <span class='ocrx_word' id='word_1_375' title='bbox 1246 1101 1276 1128; x_wconf 82' lang='grc' dir='ltr'><strong>τό</strong></span> <span class='ocrx_word' id='word_1_376' title='bbox 1296 1109 1328 1135; x_wconf 84' lang='grc' dir='ltr'><strong>γε</strong></span> <span class='ocrx_word' id='word_1_377' title='bbox 1347 1100 1445 1136; x_wconf 78' lang='grc' dir='ltr'><strong>ἀληθὲς</strong></span> <span class='ocrx_word' id='word_1_378' title='bbox 1465 1100 1609 1135; x_wconf 83' lang='grc' dir='ltr'>λεγόμενον</span> <span class='ocrx_word' id='word_1_379' title='bbox 1625 1100 1666 1126; x_wconf 77' lang='grc' dir='ltr'>ὃτι</span> <span class='ocrx_word' id='word_1_380' title='bbox 1680 1100 1752 1126; x_wconf 75' lang='grc' dir='ltr'>ἔνδον</span> <span class='ocrx_word' id='word_1_381' title='bbox 1768 1099 1862 1134; x_wconf 76' lang='grc' dir='ltr'>ἐσμέν.</span> 
     </span>
    </p>
   </div>
   <div class='ocr_carea' id='block_1_53' title="bbox 1083 1145 1865 1183">
    <p class='ocr_par' dir='ltr' id='par_1_53' title="bbox 1083 1145 1865 1183">
     <span class='ocr_line' id='line_1_53' title="bbox 1083 1145 1865 1183; baseline -0.004 -9"><span class='ocrx_word' id='word_1_382' title='bbox 1083 1147 1152 1182; x_wconf 87' lang='grc' dir='ltr'><strong>Ἐγὼ</strong></span> <span class='ocrx_word' id='word_1_383' title='bbox 1177 1147 1231 1183; x_wconf 82' lang='grc' dir='ltr'><strong>γὰρ</strong></span> <span class='ocrx_word' id='word_1_384' title='bbox 1249 1147 1319 1173; x_wconf 79' lang='grc' dir='ltr'>κατὰ</span> <span class='ocrx_word' id='word_1_385' title='bbox 1340 1146 1386 1172; x_wconf 75' lang='grc' dir='ltr'><strong>τὸν</strong></span> <span class='ocrx_word' id='word_1_386' title='bbox 1413 1145 1466 1173; x_wconf 71' lang='grc' dir='ltr'>ἔσω</span> <span class='ocrx_word' id='word_1_387' title='bbox 1490 1145 1644 1181; x_wconf 73' lang='grc' dir='ltr'>ἄνθρωπον,</span> <span class='ocrx_word' id='word_1_388' title='bbox 1669 1145 1709 1171; x_wconf 80' lang='grc' dir='ltr'><strong>Τὰ.</strong></span> <span class='ocrx_word' id='word_1_389' title='bbox 1732 1145 1795 1178; x_wconf 77' lang='grc' dir='ltr'><strong>ἔξω,</strong></span> <span class='ocrx_word' id='word_1_390' title='bbox 1813 1145 1865 1171; x_wconf 80' lang='grc' dir='ltr'>οὐκ</span> 
     </span>
    </p>
   </div>
   <div class='ocr_carea' id='block_1_54' title="bbox 1076 1189 1866 1227">
    <p class='ocr_par' dir='ltr' id='par_1_54' title="bbox 1076 1189 1866 1227">
     <span class='ocr_line' id='line_1_54' title="bbox 1076 1189 1866 1227; baseline -0.005 -8"><span class='ocrx_word' id='word_1_391' title='bbox 1076 1193 1141 1227; x_wconf 74' lang='grc' dir='ltr'><strong>ἐγὼ,</strong></span> <span class='ocrx_word' id='word_1_392' title='bbox 1153 1192 1221 1219; x_wconf 84' lang='grc' dir='ltr'>ἀλλὰ</span> <span class='ocrx_word' id='word_1_393' title='bbox 1236 1192 1300 1227; x_wconf 62' lang='grc' dir='ltr'><strong>ἐμάι</strong></span> <span class='ocrx_word' id='word_1_394' title='bbox 1310 1192 1346 1218; x_wconf 83' lang='grc' dir='ltr'><strong>Οὐ</strong></span> <span class='ocrx_word' id='word_1_395' title='bbox 1363 1191 1417 1226; x_wconf 76' lang='grc' dir='ltr'><strong>γὰρ</strong></span> <span class='ocrx_word' id='word_1_396' title='bbox 1430 1192 1446 1226; x_wconf 88' lang='grc' dir='ltr'>ὴ</span> <span class='ocrx_word' id='word_1_397' title='bbox 1462 1190 1522 1226; x_wconf 69' lang='grc' dir='ltr'>χεὶρ</span> <span class='ocrx_word' id='word_1_398' title='bbox 1539 1190 1604 1224; x_wconf 79' lang='grc' dir='ltr'><strong>ἐγὼ,</strong></span> <span class='ocrx_word' id='word_1_399' title='bbox 1622 1189 1690 1216; x_wconf 75' lang='grc' dir='ltr'>ἀλλὰ</span> <span class='ocrx_word' id='word_1_400' title='bbox 1707 1189 1762 1224; x_wconf 72' lang='grc' dir='ltr'><strong>ἐγὼ</strong></span> <span class='ocrx_word' id='word_1_401' title='bbox 1777 1190 1808 1216; x_wconf 79' lang='grc' dir='ltr'><strong>τὸ</strong></span> <span class='ocrx_word' id='word_1_402' title='bbox 1821 1189 1866 1216; x_wconf 86' lang='grc' dir='ltr'>λο-</span> 
     </span>
    </p>
   </div>
   <div class='ocr_carea' id='block_1_55' title="bbox 1077 1232 1864 1273">
    <p class='ocr_par' dir='ltr' id='par_1_55' title="bbox 1077 1232 1864 1273">
     <span class='ocr_line' id='line_1_55' title="bbox 1077 1232 1864 1273; baseline -0.004 -9"><span class='ocrx_word' id='word_1_403' title='bbox 1077 1238 1154 1273; x_wconf 82' lang='grc' dir='ltr'>γικδν</span> <span class='ocrx_word' id='word_1_404' title='bbox 1176 1238 1228 1272; x_wconf 77' lang='grc' dir='ltr'><strong>τῆς</strong></span> <span class='ocrx_word' id='word_1_405' title='bbox 1250 1237 1348 1272; x_wconf 70' lang='grc' dir='ltr'>ψυχῆς.</span> <span class='ocrx_word' id='word_1_406' title='bbox 1377 1237 1409 1262; x_wconf 83' lang='grc' dir='ltr'>Ἥ</span> <span class='ocrx_word' id='word_1_407' title='bbox 1429 1236 1457 1262; x_wconf 80' lang='grc' dir='ltr'>δὲ</span> <span class='ocrx_word' id='word_1_408' title='bbox 1477 1236 1538 1272; x_wconf 72' lang='grc' dir='ltr'>χεὶρ</span> <span class='ocrx_word' id='word_1_409' title='bbox 1553 1232 1634 1271; x_wconf 69' lang='grc' dir='ltr'>μέρος</span> <span class='ocrx_word' id='word_1_410' title='bbox 1649 1235 1696 1262; x_wconf 79' lang='grc' dir='ltr'>τοῦ</span> <span class='ocrx_word' id='word_1_411' title='bbox 1711 1235 1864 1271; x_wconf 76' lang='grc' dir='ltr'>ἀνθρώπου.</span> 
     </span>
    </p>
   </div>
   <div class='ocr_carea' id='block_1_56' title="bbox 1078 1281 1867 1318">
    <p class='ocr_par' dir='ltr' id='par_1_56' title="bbox 1078 1281 1867 1318">
     <span class='ocr_line' id='line_1_56' title="bbox 1078 1281 1867 1318; baseline -0.003 -8"><span class='ocrx_word' id='word_1_412' title='bbox 1078 1284 1159 1310; x_wconf 82' lang='grc' dir='ltr'>’Ὥστε</span> <span class='ocrx_word' id='word_1_413' title='bbox 1173 1283 1203 1309; x_wconf 82' lang='grc' dir='ltr'>τὸ</span> <span class='ocrx_word' id='word_1_414' title='bbox 1218 1282 1267 1318; x_wconf 85' lang='grc' dir='ltr'><strong>μὲν</strong></span> <span class='ocrx_word' id='word_1_415' title='bbox 1283 1281 1376 1317; x_wconf 83' lang='grc' dir='ltr'>σῶμα,</span> <span class='ocrx_word' id='word_1_416' title='bbox 1402 1281 1516 1317; x_wconf 75' lang='grc' dir='ltr'>δργανον</span> <span class='ocrx_word' id='word_1_417' title='bbox 1543 1281 1589 1307; x_wconf 81' lang='grc' dir='ltr'>τοῦ</span> <span class='ocrx_word' id='word_1_418' title='bbox 1608 1281 1763 1316; x_wconf 85' lang='grc' dir='ltr'>ἀνθρώπου,</span> <span class='ocrx_word' id='word_1_419' title='bbox 1777 1281 1867 1316; x_wconf 75' lang='grc' dir='ltr'>ψυχῆς</span> 
     </span>
    </p>
   </div>
   <div class='ocr_carea' id='block_1_57' title="bbox 1076 1327 1865 1364">
    <p class='ocr_par' dir='ltr' id='par_1_57' title="bbox 1076 1327 1865 1364">
     <span class='ocr_line' id='line_1_57' title="bbox 1076 1327 1865 1364; baseline -0.004 -9"><span class='ocrx_word' id='word_1_420' title='bbox 1076 1328 1201 1364; x_wconf 74' lang='grc' dir='ltr'>ὄργανον,</span> <span class='ocrx_word' id='word_1_421' title='bbox 1215 1327 1262 1355; x_wconf 83' lang='grc' dir='ltr'><strong>ἄνθ</strong></span> <span class='ocrx_word' id='word_1_422' title='bbox 1267 1335 1356 1363; x_wconf 83' lang='grc' dir='ltr'>ρωπος</span> <span class='ocrx_word' id='word_1_423' title='bbox 1369 1327 1397 1354; x_wconf 79' lang='grc' dir='ltr'>δὲ</span> <span class='ocrx_word' id='word_1_424' title='bbox 1412 1327 1513 1362; x_wconf 77' lang='grc' dir='ltr'>κυρίως</span> <span class='ocrx_word' id='word_1_425' title='bbox 1531 1328 1591 1354; x_wconf 76' lang='grc' dir='ltr'>κατ’</span> <span class='ocrx_word' id='word_1_426' title='bbox 1606 1327 1690 1362; x_wconf 80' lang='grc' dir='ltr'>αὐτὴν</span> <span class='ocrx_word' id='word_1_427' title='bbox 1703 1327 1752 1362; x_wconf 80' lang='grc' dir='ltr'>τὴν</span> <span class='ocrx_word' id='word_1_428' title='bbox 1767 1327 1865 1361; x_wconf 71' lang='grc' dir='ltr'>ψυχήν.</span> 
     </span>
    </p>
   </div>
   <div class='ocr_carea' id='block_1_58' title="bbox 238 1365 1867 1409">
    <p class='ocr_par' dir='ltr' id='par_1_58' title="bbox 238 1365 1867 1409">
     <span class='ocr_line' id='line_1_58' title="bbox 238 1365 1867 1409; baseline 0.005 -17"><span class='ocrx_word' id='word_1_429' title='bbox 238 1365 285 1392; x_wconf 75' lang='lat' dir='ltr'><strong>Sed</strong></span> <span class='ocrx_word' id='word_1_430' title='bbox 303 1366 347 1393; x_wconf 87' lang='lat' dir='ltr'><strong>illa</strong></span> <span class='ocrx_word' id='word_1_431' title='bbox 362 1371 426 1394; x_wconf 87' lang='lat' dir='ltr'><strong>sunt</strong></span> <span class='ocrx_word' id='word_1_432' title='bbox 440 1375 508 1395; x_wconf 89' lang='lat' dir='ltr'><strong>mea.</strong></span> <span class='ocrx_word' id='word_1_433' title='bbox 521 1367 615 1403; x_wconf 86' lang='lat' dir='ltr'><strong>Neque</strong></span> <span class='ocrx_word' id='word_1_434' title='bbox 628 1370 701 1398; x_wconf 89' lang='lat' dir='ltr'><strong>enim</strong></span> <span class='ocrx_word' id='word_1_435' title='bbox 715 1379 764 1406; x_wconf 76' lang='lat' dir='ltr'><strong>ego</strong></span> <span class='ocrx_word' id='word_1_436' title='bbox 777 1380 837 1399; x_wconf 88' lang='lat' dir='ltr'><strong>sum</strong></span> <span class='ocrx_word' id='word_1_437' title='bbox 851 1380 959 1406; x_wconf 88' lang='lat' dir='ltr'><strong>manus,</strong></span> <span class='ocrx_word' id='word_1_438' title='bbox 973 1374 1022 1401; x_wconf 90' lang='lat' dir='ltr'><strong>sed</strong></span> <span class='ocrx_word' id='word_1_439' title='bbox 1040 1374 1122 1406; x_wconf 85' lang='lat' dir='ltr'><strong>ratio,</strong></span> <span class='ocrx_word' id='word_1_440' title='bbox 1139 1382 1199 1409; x_wconf 69' lang='lat' dir='ltr'><strong>quae</strong></span> <span class='ocrx_word' id='word_1_441' title='bbox 1215 1374 1241 1401; x_wconf 95' lang='lat' dir='ltr'><strong>in</strong></span> <span class='ocrx_word' id='word_1_442' title='bbox 1257 1375 1347 1401; x_wconf 92' lang='lat' dir='ltr'><strong>animo</strong></span> <span class='ocrx_word' id='word_1_443' title='bbox 1360 1377 1412 1401; x_wconf 87' lang='lat' dir='ltr'><strong>est.</strong></span> <span class='ocrx_word' id='word_1_444' title='bbox 1438 1372 1533 1400; x_wconf 78' lang='lat' dir='ltr'><strong>Manus</strong></span> <span class='ocrx_word' id='word_1_445' title='bbox 1554 1376 1644 1400; x_wconf 84' lang='lat' dir='ltr'><strong>autem</strong></span> <span class='ocrx_word' id='word_1_446' title='bbox 1666 1373 1810 1400; x_wconf 75' lang='lat' dir='ltr'><strong>exterioris</strong></span> <span class='ocrx_word' id='word_1_447' title='bbox 1824 1376 1867 1400; x_wconf 78' lang='lat' dir='ltr'><strong>est</strong></span> 
     </span>
    </p>
   </div>
   <div class='ocr_carea' id='block_1_59' title="bbox 239 1410 1868 1454">
    <p class='ocr_par' dir='ltr' id='par_1_59' title="bbox 239 1410 1868 1454">
     <span class='ocr_line' id='line_1_59' title="bbox 239 1410 1868 1454; baseline 0.007 -18"><span class='ocrx_word' id='word_1_448' title='bbox 239 1410 357 1438; x_wconf 89' lang='lat' dir='ltr'><strong>hominis</strong></span> <span class='ocrx_word' id='word_1_449' title='bbox 373 1419 445 1446; x_wconf 86' lang='lat' dir='ltr'><strong>pars.</strong></span> <span class='ocrx_word' id='word_1_450' title='bbox 462 1411 645 1444; x_wconf 79' lang='lat' dir='ltr'><strong>Quamobrem</strong></span> <span class='ocrx_word' id='word_1_451' title='bbox 668 1422 778 1451; x_wconf 85' lang='lat' dir='ltr'><strong>corpus,</strong></span> <span class='ocrx_word' id='word_1_452' title='bbox 799 1417 918 1445; x_wconf 88' lang='lat' dir='ltr'><strong>hominis</strong></span> <span class='ocrx_word' id='word_1_453' title='bbox 940 1419 1163 1452; x_wconf 81' lang='lat' dir='ltr'><strong>instrumentum,</strong></span> <span class='ocrx_word' id='word_1_454' title='bbox 1187 1423 1229 1448; x_wconf 88' lang='lat' dir='ltr'><strong>est</strong></span> <span class='ocrx_word' id='word_1_455' title='bbox 1250 1419 1334 1447; x_wconf 85' lang='lat' dir='ltr'><strong>animi</strong></span> <span class='ocrx_word' id='word_1_456' title='bbox 1353 1419 1587 1446; x_wconf 87' lang='lat' dir='ltr'><strong>instrumentum:</strong></span> <span class='ocrx_word' id='word_1_457' title='bbox 1604 1418 1627 1445; x_wconf 89' lang='lat' dir='ltr'><strong>si</strong></span> <span class='ocrx_word' id='word_1_458' title='bbox 1650 1418 1761 1454; x_wconf 88' lang='lat' dir='ltr'><strong>quidem</strong></span> <span class='ocrx_word' id='word_1_459' title='bbox 1784 1418 1868 1447; x_wconf 88' lang='lat' dir='ltr'><strong>homo</strong></span> 
     </span>
    </p>
   </div>
   <div class='ocr_carea' id='block_1_60' title="bbox 239 1456 616 1490">
    <p class='ocr_par' dir='ltr' id='par_1_60' title="bbox 239 1456 616 1490">
     <span class='ocr_line' id='line_1_60' title="bbox 239 1456 616 1490; baseline 0.013 -8"><span class='ocrx_word' id='word_1_460' title='bbox 239 1457 348 1490; x_wconf 86' lang='lat' dir='ltr'><strong>proprie</strong></span> <span class='ocrx_word' id='word_1_461' title='bbox 368 1456 459 1482; x_wconf 86' lang='lat' dir='ltr'><strong>animo</strong></span> <span class='ocrx_word' id='word_1_462' title='bbox 478 1462 616 1487; x_wconf 84' lang='lat' dir='ltr'><strong>censetur.</strong></span> 
     </span>
    </p>
   </div>
   <div class='ocr_carea' id='block_1_61' title="bbox 277 1500 1062 1538">
    <p class='ocr_par' dir='ltr' id='par_1_61' title="bbox 277 1500 1062 1538">
     <span class='ocr_line' id='line_1_61' title="bbox 277 1500 1062 1538; baseline 0.009 -12"><span class='ocrx_word' id='word_1_463' title='bbox 277 1510 286 1526; x_wconf 85' lang='grc'><em>‹</em></span> <span class='ocrx_word' id='word_1_464' title='bbox 300 1500 444 1534; x_wconf 79' lang='lat' dir='ltr'><strong>Faciamus</strong></span> <span class='ocrx_word' id='word_1_465' title='bbox 456 1502 592 1530; x_wconf 84' lang='lat' dir='ltr'><strong>hominem</strong></span> <span class='ocrx_word' id='word_1_466' title='bbox 602 1503 635 1530; x_wconf 90' lang='lat' dir='ltr'><strong>ad</strong></span> <span class='ocrx_word' id='word_1_467' title='bbox 648 1503 794 1538; x_wconf 78' lang='lat' dir='ltr'><strong>imaginem</strong></span> <span class='ocrx_word' id='word_1_468' title='bbox 807 1508 956 1532; x_wconf 69' lang='lat' dir='ltr'><strong>nostram.)</strong></span> <span class='ocrx_word' id='word_1_469' title='bbox 969 1505 1027 1533; x_wconf 80' lang='lat' dir='ltr'><strong>Hoc</strong></span> <span class='ocrx_word' id='word_1_470' title='bbox 1041 1504 1062 1538; x_wconf 79' lang='lat' dir='ltr'><strong><em>C</em></strong></span> 
     </span>
    </p>
   </div>
   <div class='ocr_carea' id='block_1_62' title="bbox 238 1545 1024 1584">
    <p class='ocr_par' dir='ltr' id='par_1_62' title="bbox 238 1545 1024 1584">
     <span class='ocr_line' id='line_1_62' title="bbox 238 1545 1024 1584; baseline 0.01 -14"><span class='ocrx_word' id='word_1_471' title='bbox 238 1550 290 1582; x_wconf 80' lang='lat' dir='ltr'><strong>est,</strong></span> <span class='ocrx_word' id='word_1_472' title='bbox 306 1545 343 1571; x_wconf 89' lang='lat' dir='ltr'><strong>illi</strong></span> <span class='ocrx_word' id='word_1_473' title='bbox 363 1546 478 1573; x_wconf 83' lang='lat' dir='ltr'><strong>rationis</strong></span> <span class='ocrx_word' id='word_1_474' title='bbox 496 1548 1024 1584; x_wconf 63' lang='lat' dir='ltr'><strong>prmstantiamtribuamustEtpresit.)</strong></span> 
     </span>
    </p>
   </div>
   <div class='ocr_carea' id='block_1_63' title="bbox 238 1589 1028 1630">
    <p class='ocr_par' dir='ltr' id='par_1_63' title="bbox 238 1589 1028 1630">
     <span class='ocr_line' id='line_1_63' title="bbox 238 1589 1028 1630; baseline 0.01 -15"><span class='ocrx_word' id='word_1_475' title='bbox 238 1589 298 1616; x_wconf 82' lang='lat' dir='ltr'><strong>Non</strong></span> <span class='ocrx_word' id='word_1_476' title='bbox 315 1589 413 1623; x_wconf 84' lang='lat' dir='ltr'><strong>inquit,</strong></span> <span class='ocrx_word' id='word_1_477' title='bbox 430 1589 573 1618; x_wconf 85' lang='lat' dir='ltr'><strong>Faciamus</strong></span> <span class='ocrx_word' id='word_1_478' title='bbox 589 1591 726 1620; x_wconf 90' lang='lat' dir='ltr'><strong>hominem</strong></span> <span class='ocrx_word' id='word_1_479' title='bbox 743 1593 777 1620; x_wconf 89' lang='lat' dir='ltr'><strong>ad</strong></span> <span class='ocrx_word' id='word_1_480' title='bbox 803 1594 949 1630; x_wconf 78' lang='lat' dir='ltr'><strong>imaginem</strong></span> <span class='ocrx_word' id='word_1_481' title='bbox 978 1603 1028 1622; x_wconf 91' lang='lat' dir='ltr'><strong>no-</strong></span> 
     </span>
    </p>
   </div>
   <div class='ocr_carea' id='block_1_64' title="bbox 243 1635 1028 1672">
    <p class='ocr_par' dir='ltr' id='par_1_64' title="bbox 243 1635 1028 1672">
     <span class='ocr_line' id='line_1_64' title="bbox 243 1635 1028 1672; baseline 0.008 -9"><span class='ocrx_word' id='word_1_482' title='bbox 243 1641 340 1667; x_wconf 86' lang='lat' dir='ltr'><strong>stram,</strong></span> <span class='ocrx_word' id='word_1_483' title='bbox 349 1640 375 1662; x_wconf 91' lang='lat' dir='ltr'><strong>et</strong></span> <span class='ocrx_word' id='word_1_484' title='bbox 388 1635 534 1668; x_wconf 86' lang='lat' dir='ltr'><strong>irascatur,</strong></span> <span class='ocrx_word' id='word_1_485' title='bbox 544 1639 730 1672; x_wconf 81' lang='lat' dir='ltr'><strong>concupiscat,</strong></span> <span class='ocrx_word' id='word_1_486' title='bbox 741 1643 767 1666; x_wconf 83' lang='lat' dir='ltr'><strong>et</strong></span> <span class='ocrx_word' id='word_1_487' title='bbox 782 1646 905 1668; x_wconf 77' lang='lat' dir='ltr'><strong>mmreat.</strong></span> <span class='ocrx_word' id='word_1_488' title='bbox 918 1641 1028 1669; x_wconf 84' lang='lat' dir='ltr'><strong>Pertur-</strong></span> 
     </span>
    </p>
   </div>
   <div class='ocr_carea' id='block_1_65' title="bbox 241 1679 1026 1718">
    <p class='ocr_par' dir='ltr' id='par_1_65' title="bbox 241 1679 1026 1718">
     <span class='ocr_line' id='line_1_65' title="bbox 241 1679 1026 1718; baseline 0.008 -12"><span class='ocrx_word' id='word_1_489' title='bbox 241 1679 367 1707; x_wconf 83' lang='lat' dir='ltr'><strong>bationes</strong></span> <span class='ocrx_word' id='word_1_490' title='bbox 382 1681 453 1707; x_wconf 91' lang='lat' dir='ltr'><strong>enim</strong></span> <span class='ocrx_word' id='word_1_491' title='bbox 473 1682 526 1707; x_wconf 86' lang='lat' dir='ltr'><strong>non</strong></span> <span class='ocrx_word' id='word_1_492' title='bbox 554 1682 655 1708; x_wconf 88' lang='lat' dir='ltr'><strong>cadunt</strong></span> <span class='ocrx_word' id='word_1_493' title='bbox 681 1683 708 1709; x_wconf 87' lang='lat' dir='ltr'><strong>iit</strong></span> <span class='ocrx_word' id='word_1_494' title='bbox 726 1683 872 1718; x_wconf 80' lang='lat' dir='ltr'><strong>imaginem</strong></span> <span class='ocrx_word' id='word_1_495' title='bbox 901 1685 959 1716; x_wconf 88' lang='lat' dir='ltr'><strong>Dei,</strong></span> <span class='ocrx_word' id='word_1_496' title='bbox 980 1685 1026 1712; x_wconf 86' lang='lat' dir='ltr'><strong>sed</strong></span> 
     </span>
    </p>
   </div>
   <div class='ocr_carea' id='block_1_66' title="bbox 239 1726 1028 1760">
    <p class='ocr_par' dir='ltr' id='par_1_66' title="bbox 239 1726 1028 1760">
     <span class='ocr_line' id='line_1_66' title="bbox 239 1726 1028 1760; baseline 0.008 -8"><span class='ocrx_word' id='word_1_497' title='bbox 239 1726 311 1752; x_wconf 87' lang='lat' dir='ltr'><strong>ratio</strong></span> <span class='ocrx_word' id='word_1_498' title='bbox 327 1726 563 1760; x_wconf 87' lang='lat' dir='ltr'><strong>perturbationum</strong></span> <span class='ocrx_word' id='word_1_499' title='bbox 590 1728 757 1755; x_wconf 76' lang='lat' dir='ltr'><strong>moderatrix</strong></span> <span class='ocrx_word' id='word_1_500' title='bbox 784 1737 816 1756; x_wconf 89' lang='lat' dir='ltr'><strong>ac</strong></span> <span class='ocrx_word' id='word_1_501' title='bbox 831 1730 951 1757; x_wconf 81' lang='lat' dir='ltr'><strong>domina.</strong></span> <span class='ocrx_word' id='word_1_502' title='bbox 970 1740 980 1756; x_wconf 75' lang='grc' dir='ltr'>ί</span> <span class='ocrx_word' id='word_1_503' title='bbox 994 1731 1028 1758; x_wconf 87' lang='lat' dir='ltr'><strong>Et</strong></span> 
     </span>
    </p>
   </div>
   <div class='ocr_carea' id='block_1_67' title="bbox 239 1768 1025 1810">
    <p class='ocr_par' dir='ltr' id='par_1_67' title="bbox 239 1768 1025 1810">
     <span class='ocr_line' id='line_1_67' title="bbox 239 1768 1025 1810; baseline 0.008 -13"><span class='ocrx_word' id='word_1_504' title='bbox 239 1768 473 1806; x_wconf 66' lang='lat' dir='ltr'><strong>prmsitpiscibus.</strong></span> <span class='ocrx_word' id='word_1_505' title='bbox 491 1782 500 1797; x_wconf 74' lang='grc' dir='ltr'><strong>ι</strong></span> <span class='ocrx_word' id='word_1_506' title='bbox 518 1772 590 1804; x_wconf 89' lang='lat' dir='ltr'><strong>Tibi,</strong></span> <span class='ocrx_word' id='word_1_507' title='bbox 610 1773 691 1800; x_wconf 88' lang='lat' dir='ltr'><strong>simul</strong></span> <span class='ocrx_word' id='word_1_508' title='bbox 708 1778 790 1809; x_wconf 87' lang='lat' dir='ltr'><strong>atque</strong></span> <span class='ocrx_word' id='word_1_509' title='bbox 805 1780 966 1810; x_wconf 85' lang='lat' dir='ltr'><strong>procreatus</strong></span> <span class='ocrx_word' id='word_1_510' title='bbox 985 1784 1025 1808; x_wconf 88' lang='lat' dir='ltr'><strong>es,</strong></span> 
     </span>
    </p>
   </div>
   <div class='ocr_carea' id='block_1_68' title="bbox 240 1816 1027 1856">
    <p class='ocr_par' dir='ltr' id='par_1_68' title="bbox 240 1816 1027 1856">
     <span class='ocr_line' id='line_1_68' title="bbox 240 1816 1027 1856; baseline 0.009 -13"><span class='ocrx_word' id='word_1_511' title='bbox 240 1816 383 1851; x_wconf 67' lang='lat' dir='ltr'><strong>imponiqu</strong></span> <span class='ocrx_word' id='word_1_512' title='bbox 399 1822 441 1844; x_wconf 83' lang='lat' dir='ltr'><strong>cst</strong></span> <span class='ocrx_word' id='word_1_513' title='bbox 461 1818 634 1847; x_wconf 83' lang='lat' dir='ltr'><strong>attributum.</strong></span> <span class='ocrx_word' id='word_1_514' title='bbox 662 1819 714 1852; x_wconf 87' lang='lat' dir='ltr'><strong>Qui</strong></span> <span class='ocrx_word' id='word_1_515' title='bbox 735 1828 862 1856; x_wconf 81' lang='lat' dir='ltr'><strong>maguum</strong></span> <span class='ocrx_word' id='word_1_516' title='bbox 880 1822 907 1848; x_wconf 92' lang='lat' dir='ltr'><strong>in</strong></span> <span class='ocrx_word' id='word_1_517' title='bbox 925 1822 1027 1850; x_wconf 87' lang='lat' dir='ltr'><strong>multos</strong></span> 
     </span>
    </p>
   </div>
   <div class='ocr_carea' id='block_1_69' title="bbox 240 1863 1028 1900">
    <p class='ocr_par' dir='ltr' id='par_1_69' title="bbox 240 1863 1028 1900">
     <span class='ocr_line' id='line_1_69' title="bbox 240 1863 1028 1900; baseline 0.009 -12"><span class='ocrx_word' id='word_1_518' title='bbox 240 1869 327 1889; x_wconf 89' lang='lat' dir='ltr'><strong>annos</strong></span> <span class='ocrx_word' id='word_1_519' title='bbox 344 1870 359 1888; x_wconf 86' lang='lat' dir='ltr'><strong>a</strong></span> <span class='ocrx_word' id='word_1_520' title='bbox 384 1870 447 1897; x_wconf 78' lang='lat' dir='ltr'><strong>rege</strong></span> <span class='ocrx_word' id='word_1_521' title='bbox 465 1863 647 1898; x_wconf 79' lang='lat' dir='ltr'><strong>principatum</strong></span> <span class='ocrx_word' id='word_1_522' title='bbox 665 1866 774 1900; x_wconf 84' lang='lat' dir='ltr'><strong>accipit,</strong></span> <span class='ocrx_word' id='word_1_523' title='bbox 793 1867 873 1894; x_wconf 88' lang='lat' dir='ltr'><strong>homo</strong></span> <span class='ocrx_word' id='word_1_524' title='bbox 891 1867 925 1894; x_wconf 84' lang='lat' dir='ltr'><strong>ab</strong></span> <span class='ocrx_word' id='word_1_525' title='bbox 939 1867 1028 1894; x_wconf 92' lang='lat' dir='ltr'><strong>homi-</strong></span> 
     </span>
    </p>
   </div>
   <div class='ocr_carea' id='block_1_70' title="bbox 240 1907 1026 1947">
    <p class='ocr_par' dir='ltr' id='par_1_70' title="bbox 240 1907 1026 1947">
     <span class='ocr_line' id='line_1_70' title="bbox 240 1907 1026 1947; baseline 0.014 -17"><span class='ocrx_word' id='word_1_526' title='bbox 240 1914 284 1938; x_wconf 70' lang='lat' dir='ltr'><strong>ne,</strong></span> <span class='ocrx_word' id='word_1_527' title='bbox 301 1914 315 1932; x_wconf 81' lang='lat' dir='ltr'><strong>a</strong></span> <span class='ocrx_word' id='word_1_528' title='bbox 335 1907 442 1933; x_wconf 83' lang='lat' dir='ltr'><strong>mortali</strong></span> <span class='ocrx_word' id='word_1_529' title='bbox 466 1909 601 1940; x_wconf 82' lang='lat' dir='ltr'><strong>mortalis,</strong></span> <span class='ocrx_word' id='word_1_530' title='bbox 622 1917 677 1937; x_wconf 92' lang='lat' dir='ltr'><strong>non</strong></span> <span class='ocrx_word' id='word_1_531' title='bbox 701 1914 804 1938; x_wconf 88' lang='lat' dir='ltr'><strong>tantam</strong></span> <span class='ocrx_word' id='word_1_532' title='bbox 829 1917 958 1947; x_wconf 86' lang='lat' dir='ltr'><strong>quantam</strong></span> <span class='ocrx_word' id='word_1_533' title='bbox 987 1918 1026 1945; x_wconf 83' lang='lat' dir='ltr'><strong>tu,</strong></span> 
     </span>
    </p>
   </div>
   <div class='ocr_carea' id='block_1_71' title="bbox 239 1951 1027 1993">
    <p class='ocr_par' dir='ltr' id='par_1_71' title="bbox 239 1951 1027 1993">
     <span class='ocr_line' id='line_1_71' title="bbox 239 1951 1027 1993; baseline 0.011 -16"><span class='ocrx_word' id='word_1_534' title='bbox 239 1951 345 1977; x_wconf 83' lang='lat' dir='ltr'><strong>obtinet</strong></span> <span class='ocrx_word' id='word_1_535' title='bbox 383 1956 556 1986; x_wconf 78' lang='lat' dir='ltr'><strong>potestatem.</strong></span> <span class='ocrx_word' id='word_1_536' title='bbox 585 1955 632 1982; x_wconf 90' lang='lat' dir='ltr'><strong>ille</strong></span> <span class='ocrx_word' id='word_1_537' title='bbox 658 1956 731 1982; x_wconf 89' lang='lat' dir='ltr'><strong>enim</strong></span> <span class='ocrx_word' id='word_1_538' title='bbox 759 1964 773 1982; x_wconf 88' lang='lat' dir='ltr'><strong>a</strong></span> <span class='ocrx_word' id='word_1_539' title='bbox 809 1965 872 1992; x_wconf 80' lang='lat' dir='ltr'><strong>rege</strong></span> <span class='ocrx_word' id='word_1_540' title='bbox 900 1959 1027 1993; x_wconf 80' lang='lat' dir='ltr'><strong>princeps</strong></span> 
     </span>
    </p>
   </div>
   <div class='ocr_carea' id='block_1_72' title="bbox 239 1997 1026 2037">
    <p class='ocr_par' dir='ltr' id='par_1_72' title="bbox 239 1997 1026 2037">
     <span class='ocr_line' id='line_1_72' title="bbox 239 1997 1026 2037; baseline 0.013 -15"><span class='ocrx_word' id='word_1_541' title='bbox 239 1997 429 2030; x_wconf 77' lang='lat' dir='ltr'><strong>constituitur,</strong></span> <span class='ocrx_word' id='word_1_542' title='bbox 454 2003 483 2025; x_wconf 92' lang='lat' dir='ltr'><strong>ut</strong></span> <span class='ocrx_word' id='word_1_543' title='bbox 510 1999 556 2026; x_wconf 89' lang='lat' dir='ltr'><strong>uni</strong></span> <span class='ocrx_word' id='word_1_544' title='bbox 586 2004 693 2028; x_wconf 82' lang='lat' dir='ltr'><strong>tantum</strong></span> <span class='ocrx_word' id='word_1_545' title='bbox 721 2002 826 2036; x_wconf 78' lang='lat' dir='ltr'><strong>regioni</strong></span> <span class='ocrx_word' id='word_1_546' title='bbox 854 2004 957 2037; x_wconf 64' lang='lat' dir='ltr'><strong>prmsit.</strong></span> <span class='ocrx_word' id='word_1_547' title='bbox 986 2005 1026 2032; x_wconf 90' lang='lat' dir='ltr'><strong>Tu</strong></span> 
     </span>
    </p>
   </div>
   <div class='ocr_carea' id='block_1_73' title="bbox 240 2044 1024 2084">
    <p class='ocr_par' dir='ltr' id='par_1_73' title="bbox 240 2044 1024 2084">
     <span class='ocr_line' id='line_1_73' title="bbox 240 2044 1024 2084; baseline 0.013 -17"><span class='ocrx_word' id='word_1_548' title='bbox 240 2048 331 2070; x_wconf 84' lang='lat' dir='ltr'><strong>autem</strong></span> <span class='ocrx_word' id='word_1_549' title='bbox 356 2050 371 2069; x_wconf 86' lang='lat' dir='ltr'><strong>a</strong></span> <span class='ocrx_word' id='word_1_550' title='bbox 400 2044 454 2070; x_wconf 89' lang='lat' dir='ltr'><strong>Deo</strong></span> <span class='ocrx_word' id='word_1_551' title='bbox 486 2049 566 2072; x_wconf 63' lang='lat' dir='ltr'><strong>terrae</strong></span> <span class='ocrx_word' id='word_1_552' title='bbox 595 2047 679 2074; x_wconf 91' lang='lat' dir='ltr'><strong>totius</strong></span> <span class='ocrx_word' id='word_1_553' title='bbox 710 2047 853 2082; x_wconf 87' lang='lat' dir='ltr'><strong>imperium</strong></span> <span class='ocrx_word' id='word_1_554' title='bbox 883 2050 1024 2084; x_wconf 79' lang='lat' dir='ltr'><strong>accepisti.</strong></span> 
     </span>
    </p>
   </div>
   <div class='ocr_carea' id='block_1_74' title="bbox 243 2087 1027 2127">
    <p class='ocr_par' dir='ltr' id='par_1_74' title="bbox 243 2087 1027 2127">
     <span class='ocr_line' id='line_1_74' title="bbox 243 2087 1027 2127; baseline 0.011 -14"><span class='ocrx_word' id='word_1_555' title='bbox 243 2087 396 2123; x_wconf 83' lang='lat' dir='ltr'><strong>Diviuaque</strong></span> <span class='ocrx_word' id='word_1_556' title='bbox 412 2098 463 2117; x_wconf 80' lang='lat' dir='ltr'><strong>vox</strong></span> <span class='ocrx_word' id='word_1_557' title='bbox 481 2098 534 2118; x_wconf 90' lang='lat' dir='ltr'><strong>non</strong></span> <span class='ocrx_word' id='word_1_558' title='bbox 554 2091 579 2118; x_wconf 91' lang='lat' dir='ltr'><strong>in</strong></span> <span class='ocrx_word' id='word_1_559' title='bbox 597 2092 698 2120; x_wconf 83' lang='lat' dir='ltr'><strong>tabulis</strong></span> <span class='ocrx_word' id='word_1_560' title='bbox 724 2093 832 2127; x_wconf 78' lang='lat' dir='ltr'><strong>ligneis,</strong></span> <span class='ocrx_word' id='word_1_561' title='bbox 849 2097 896 2120; x_wconf 88' lang='lat' dir='ltr'><strong>aut</strong></span> <span class='ocrx_word' id='word_1_562' title='bbox 912 2094 1027 2122; x_wconf 88' lang='lat' dir='ltr'><strong>volumi-</strong></span> 
     </span>
    </p>
   </div>
   <div class='ocr_carea' id='block_1_75' title="bbox 239 2133 1025 2174">
    <p class='ocr_par' dir='ltr' id='par_1_75' title="bbox 239 2133 1025 2174">
     <span class='ocr_line' id='line_1_75' title="bbox 239 2133 1025 2174; baseline 0.009 -15"><span class='ocrx_word' id='word_1_563' title='bbox 239 2133 332 2166; x_wconf 84' lang='lat' dir='ltr'><strong>nibus,</strong></span> <span class='ocrx_word' id='word_1_564' title='bbox 357 2142 417 2169; x_wconf 65' lang='lat' dir='ltr'><strong>quae</strong></span> <span class='ocrx_word' id='word_1_565' title='bbox 441 2142 456 2161; x_wconf 88' lang='lat' dir='ltr'><strong>a</strong></span> <span class='ocrx_word' id='word_1_566' title='bbox 485 2136 566 2162; x_wconf 90' lang='lat' dir='ltr'><strong>tincis</strong></span> <span class='ocrx_word' id='word_1_567' title='bbox 590 2142 814 2171; x_wconf 89' lang='lat' dir='ltr'><strong>corrumpuntur,</strong></span> <span class='ocrx_word' id='word_1_568' title='bbox 844 2137 891 2164; x_wconf 89' lang='lat' dir='ltr'><strong>scd</strong></span> <span class='ocrx_word' id='word_1_569' title='bbox 916 2139 943 2165; x_wconf 94' lang='lat' dir='ltr'><strong>in</strong></span> <span class='ocrx_word' id='word_1_570' title='bbox 967 2139 1025 2174; x_wconf 86' lang='lat' dir='ltr'><strong>ipsa</strong></span> 
     </span>
    </p>
   </div>
   <div class='ocr_carea' id='block_1_76' title="bbox 1118 1506 1864 1545">
    <p class='ocr_par' dir='ltr' id='par_1_76' title="bbox 1118 1506 1864 1545">
     <span class='ocr_line' id='line_1_76' title="bbox 1118 1506 1864 1545; baseline 0.005 -13"><span class='ocrx_word' id='word_1_571' title='bbox 1118 1506 1300 1542; x_wconf 68' lang='grc' dir='ltr'>(Ποιήσωμεν</span> <span class='ocrx_word' id='word_1_572' title='bbox 1324 1507 1466 1544; x_wconf 82' lang='grc' dir='ltr'>ἄνθρωπον</span> <span class='ocrx_word' id='word_1_573' title='bbox 1483 1509 1543 1536; x_wconf 72' lang='grc' dir='ltr'>κατ’</span> <span class='ocrx_word' id='word_1_574' title='bbox 1569 1509 1659 1536; x_wconf 78' lang='grc' dir='ltr'>εἰκόνα</span> <span class='ocrx_word' id='word_1_575' title='bbox 1687 1510 1831 1545; x_wconf 81' lang='grc' dir='ltr'>ἡμετέραν.</span> <span class='ocrx_word' id='word_1_576' title='bbox 1856 1519 1864 1536; x_wconf 88' lang='lat' dir='ltr'><strong>I</strong></span> 
     </span>
    </p>
   </div>
   <div class='ocr_carea' id='block_1_77' title="bbox 1079 1552 1868 1590">
    <p class='ocr_par' dir='ltr' id='par_1_77' title="bbox 1079 1552 1868 1590">
     <span class='ocr_line' id='line_1_77' title="bbox 1079 1552 1868 1590; baseline 0.006 -12"><span class='ocrx_word' id='word_1_577' title='bbox 1079 1552 1211 1584; x_wconf 80' lang='grc' dir='ltr'><strong>τουτέστι,</strong></span> <span class='ocrx_word' id='word_1_578' title='bbox 1235 1553 1356 1588; x_wconf 76' lang='grc' dir='ltr'>δώσομεν</span> <span class='ocrx_word' id='word_1_579' title='bbox 1380 1554 1453 1590; x_wconf 81' lang='grc' dir='ltr'><strong>αὑτῷ</strong></span> <span class='ocrx_word' id='word_1_580' title='bbox 1479 1554 1558 1589; x_wconf 89' lang='grc' dir='ltr'>λόγου</span> <span class='ocrx_word' id='word_1_581' title='bbox 1584 1557 1752 1590; x_wconf 83' lang='grc' dir='ltr'>περιουσίαν.</span> <span class='ocrx_word' id='word_1_582' title='bbox 1786 1566 1795 1582; x_wconf 79' lang='grc' dir='ltr'><strong>ι</strong></span> <span class='ocrx_word' id='word_1_583' title='bbox 1812 1557 1868 1584; x_wconf 67' lang='grc' dir='ltr'><strong>Καὶ</strong></span> 
     </span>
    </p>
   </div>
   <div class='ocr_carea' id='block_1_78' title="bbox 1078 1599 1868 1636">
    <p class='ocr_par' dir='ltr' id='par_1_78' title="bbox 1078 1599 1868 1636">
     <span class='ocr_line' id='line_1_78' title="bbox 1078 1599 1868 1636; baseline 0.008 -12"><span class='ocrx_word' id='word_1_584' title='bbox 1078 1599 1261 1633; x_wconf 71' lang='grc' dir='ltr'>ἀρχέτωσαν.»</span> <span class='ocrx_word' id='word_1_585' title='bbox 1281 1599 1358 1634; x_wconf 78' lang='grc' dir='ltr'><strong>Οὐχὶ,</strong></span> <span class='ocrx_word' id='word_1_586' title='bbox 1371 1600 1529 1636; x_wconf 81' lang='grc' dir='ltr'>Ποιήσωμεν</span> <span class='ocrx_word' id='word_1_587' title='bbox 1539 1601 1690 1636; x_wconf 75' lang='grc' dir='ltr'>ἄνθρωπον,</span> <span class='ocrx_word' id='word_1_588' title='bbox 1704 1603 1763 1629; x_wconf 73' lang='grc' dir='ltr'>κατ’</span> <span class='ocrx_word' id='word_1_589' title='bbox 1775 1603 1868 1631; x_wconf 73' lang='grc' dir='ltr'>εἰκόνα</span> 
     </span>
    </p>
   </div>
   <div class='ocr_carea' id='block_1_79' title="bbox 1078 1644 1868 1681">
    <p class='ocr_par' dir='ltr' id='par_1_79' title="bbox 1078 1644 1868 1681">
     <span class='ocr_line' id='line_1_79' title="bbox 1078 1644 1868 1681; baseline 0.009 -12"><span class='ocrx_word' id='word_1_590' title='bbox 1078 1644 1225 1680; x_wconf 76' lang='grc' dir='ltr'><strong>ἡμετέραν,</strong></span> <span class='ocrx_word' id='word_1_591' title='bbox 1243 1645 1289 1671; x_wconf 80' lang='grc' dir='ltr'>καὶ</span> <span class='ocrx_word' id='word_1_592' title='bbox 1303 1645 1509 1681; x_wconf 81' lang='grc' dir='ltr'>Ουμούσοωσαν,</span> <span class='ocrx_word' id='word_1_593' title='bbox 1521 1647 1566 1673; x_wconf 81' lang='grc' dir='ltr'>καὶ</span> <span class='ocrx_word' id='word_1_594' title='bbox 1580 1648 1806 1681; x_wconf 78' lang='grc' dir='ltr'>ὲπιθυμείτωσαν,</span> <span class='ocrx_word' id='word_1_595' title='bbox 1820 1651 1868 1676; x_wconf 79' lang='grc' dir='ltr'>καὶ</span> 
     </span>
    </p>
   </div>
   <div class='ocr_carea' id='block_1_80' title="bbox 1078 1689 1868 1729">
    <p class='ocr_par' dir='ltr' id='par_1_80' title="bbox 1078 1689 1868 1729">
     <span class='ocr_line' id='line_1_80' title="bbox 1078 1689 1868 1729; baseline 0.009 -14"><span class='ocrx_word' id='word_1_596' title='bbox 1078 1689 1282 1717; x_wconf 81' lang='grc' dir='ltr'>λυπείσοωσαν·</span> <span class='ocrx_word' id='word_1_597' title='bbox 1304 1692 1334 1717; x_wconf 77' lang='grc' dir='ltr'>οὺ</span> <span class='ocrx_word' id='word_1_598' title='bbox 1354 1691 1407 1726; x_wconf 75' lang='grc' dir='ltr'><strong>γὰρ</strong></span> <span class='ocrx_word' id='word_1_599' title='bbox 1421 1692 1454 1718; x_wconf 76' lang='grc' dir='ltr'><strong>τὰ</strong></span> <span class='ocrx_word' id='word_1_600' title='bbox 1470 1692 1542 1728; x_wconf 79' lang='grc' dir='ltr'>πάιοη</span> <span class='ocrx_word' id='word_1_601' title='bbox 1559 1694 1598 1725; x_wconf 79' lang='grc' dir='ltr'><strong>εἰς</strong></span> <span class='ocrx_word' id='word_1_602' title='bbox 1617 1694 1667 1729; x_wconf 84' lang='grc' dir='ltr'>τὴν</span> <span class='ocrx_word' id='word_1_603' title='bbox 1679 1694 1726 1720; x_wconf 76' lang='grc' dir='ltr'>τοῦ</span> <span class='ocrx_word' id='word_1_604' title='bbox 1743 1695 1809 1721; x_wconf 80' lang='grc' dir='ltr'>Θεοῦ</span> <span class='ocrx_word' id='word_1_605' title='bbox 1828 1696 1868 1721; x_wconf 75' lang='grc' dir='ltr'><strong>εξ-</strong></span> 
     </span>
    </p>
   </div>
   <div class='ocr_carea' id='block_1_81' title="bbox 1079 1735 1869 1773">
    <p class='ocr_par' dir='ltr' id='par_1_81' title="bbox 1079 1735 1869 1773">
     <span class='ocr_line' id='line_1_81' title="bbox 1079 1735 1869 1773; baseline 0.008 -12"><span class='ocrx_word' id='word_1_606' title='bbox 1079 1735 1146 1762; x_wconf 83' lang='grc' dir='ltr'>κόνα</span> <span class='ocrx_word' id='word_1_607' title='bbox 1159 1735 1332 1772; x_wconf 73' lang='grc' dir='ltr'>παρελήφθη,</span> <span class='ocrx_word' id='word_1_608' title='bbox 1348 1737 1405 1763; x_wconf 83' lang='grc' dir='ltr'>ἀλλ’</span> <span class='ocrx_word' id='word_1_609' title='bbox 1420 1738 1434 1763; x_wconf 89' lang='grc' dir='ltr'>ὁ</span> <span class='ocrx_word' id='word_1_610' title='bbox 1450 1737 1579 1773; x_wconf 79' lang='grc' dir='ltr'>λογισμὸς</span> <span class='ocrx_word' id='word_1_611' title='bbox 1595 1739 1647 1766; x_wconf 82' lang='grc' dir='ltr'>τῶν</span> <span class='ocrx_word' id='word_1_612' title='bbox 1664 1739 1757 1766; x_wconf 79' lang='grc' dir='ltr'>παθῶν</span> <span class='ocrx_word' id='word_1_613' title='bbox 1771 1740 1869 1767; x_wconf 82' lang='grc' dir='ltr'>δεσπό-</span> 
     </span>
    </p>
   </div>
   <div class='ocr_carea' id='block_1_82' title="bbox 1077 1781 1867 1818">
    <p class='ocr_par' dir='ltr' id='par_1_82' title="bbox 1077 1781 1867 1818">
     <span class='ocr_line' id='line_1_82' title="bbox 1077 1781 1867 1818; baseline 0.009 -13"><span class='ocrx_word' id='word_1_614' title='bbox 1077 1788 1127 1814; x_wconf 76' lang='grc' dir='ltr'>ἰιης</span> <span class='ocrx_word' id='word_1_615' title='bbox 1141 1797 1148 1806; x_wconf 89' lang='grc'><strong>.</strong></span> <span class='ocrx_word' id='word_1_616' title='bbox 1174 1789 1183 1806; x_wconf 87' lang='grc'><em>‹</em></span> <span class='ocrx_word' id='word_1_617' title='bbox 1198 1781 1252 1807; x_wconf 75' lang='grc' dir='ltr'><strong>Καὶ</strong></span> <span class='ocrx_word' id='word_1_618' title='bbox 1274 1781 1432 1817; x_wconf 78' lang='grc' dir='ltr'>ἀρχέτωσαν</span> <span class='ocrx_word' id='word_1_619' title='bbox 1457 1783 1510 1809; x_wconf 85' lang='grc' dir='ltr'>τῶν</span> <span class='ocrx_word' id='word_1_620' title='bbox 1534 1783 1641 1818; x_wconf 74' lang='grc' dir='ltr'>ἰχθύων.</span> <span class='ocrx_word' id='word_1_621' title='bbox 1659 1794 1668 1810; x_wconf 72' lang='grc' dir='ltr'><strong>ι</strong></span> <span class='ocrx_word' id='word_1_622' title='bbox 1689 1785 1777 1817; x_wconf 77' lang='grc' dir='ltr'>Εὐθὺς</span> <span class='ocrx_word' id='word_1_623' title='bbox 1792 1786 1867 1812; x_wconf 81' lang='grc' dir='ltr'>ἐκτί-</span> 
     </span>
    </p>
   </div>
   <div class='ocr_carea' id='block_1_83' title="bbox 1079 1826 1867 1865">
    <p class='ocr_par' dir='ltr' id='par_1_83' title="bbox 1079 1826 1867 1865">
     <span class='ocr_line' id='line_1_83' title="bbox 1079 1826 1867 1865; baseline 0.008 -13"><span class='ocrx_word' id='word_1_624' title='bbox 1079 1826 1155 1861; x_wconf 81' lang='grc' dir='ltr'>σοης,</span> <span class='ocrx_word' id='word_1_625' title='bbox 1167 1827 1214 1853; x_wconf 75' lang='grc' dir='ltr'>καὶ</span> <span class='ocrx_word' id='word_1_626' title='bbox 1228 1826 1319 1862; x_wconf 83' lang='grc' dir='ltr'>ἄρχων</span> <span class='ocrx_word' id='word_1_627' title='bbox 1332 1828 1468 1863; x_wconf 79' lang='grc' dir='ltr'>ὲκτίσθης.</span> <span class='ocrx_word' id='word_1_628' title='bbox 1493 1834 1502 1854; x_wconf 73' lang='lat' dir='ltr'><strong>t‘</strong></span> <span class='ocrx_word' id='word_1_629' title='bbox 1515 1830 1569 1856; x_wconf 82' lang='grc' dir='ltr'><strong>Καὶ</strong></span> <span class='ocrx_word' id='word_1_630' title='bbox 1581 1830 1748 1865; x_wconf 80' lang='grc' dir='ltr'>ἀρχέτωσαν.</span> <span class='ocrx_word' id='word_1_631' title='bbox 1761 1840 1770 1856; x_wconf 78' lang='grc' dir='ltr'><strong>ι</strong></span> <span class='ocrx_word' id='word_1_632' title='bbox 1792 1832 1867 1864; x_wconf 76' lang='grc' dir='ltr'>Ἐνὸς</span> 
     </span>
    </p>
   </div>
   <div class='ocr_carea' id='block_1_84' title="bbox 1078 1871 1867 1912">
    <p class='ocr_par' dir='ltr' id='par_1_84' title="bbox 1078 1871 1867 1912">
     <span class='ocr_line' id='line_1_84' title="bbox 1078 1871 1867 1912; baseline 0.008 -15"><span class='ocrx_word' id='word_1_633' title='bbox 1078 1871 1154 1902; x_wconf 79' lang='grc' dir='ltr'>ἔτους</span> <span class='ocrx_word' id='word_1_634' title='bbox 1169 1871 1293 1903; x_wconf 81' lang='grc' dir='ltr'>ἐξουσίαν</span> <span class='ocrx_word' id='word_1_635' title='bbox 1305 1873 1379 1908; x_wconf 83' lang='grc' dir='ltr'>παρὰ</span> <span class='ocrx_word' id='word_1_636' title='bbox 1390 1873 1520 1907; x_wconf 81' lang='grc' dir='ltr'>βασιλέως</span> <span class='ocrx_word' id='word_1_637' title='bbox 1532 1874 1622 1901; x_wconf 81' lang='grc' dir='ltr'><strong>λαόὼν</strong></span> <span class='ocrx_word' id='word_1_638' title='bbox 1633 1874 1775 1911; x_wconf 63' lang='grc' dir='ltr'>ἄνθρωποζ</span> <span class='ocrx_word' id='word_1_639' title='bbox 1790 1876 1867 1912; x_wconf 67' lang='grc' dir='ltr'>παρὰ</span> 
     </span>
    </p>
   </div>
   <div class='ocr_carea' id='block_1_85' title="bbox 1077 1916 1866 1957">
    <p class='ocr_par' dir='ltr' id='par_1_85' title="bbox 1077 1916 1866 1957">
     <span class='ocr_line' id='line_1_85' title="bbox 1077 1916 1866 1957; baseline 0.008 -15"><span class='ocrx_word' id='word_1_640' title='bbox 1077 1916 1221 1952; x_wconf 79' lang='grc' dir='ltr'>ἀνθρώπου</span> <span class='ocrx_word' id='word_1_641' title='bbox 1233 1935 1241 1948; x_wconf 92' lang='grc'>,</span> <span class='ocrx_word' id='word_1_642' title='bbox 1258 1917 1353 1952; x_wconf 79' lang='grc' dir='ltr'>θνητὸς</span> <span class='ocrx_word' id='word_1_643' title='bbox 1365 1919 1440 1953; x_wconf 86' lang='grc' dir='ltr'>παρά</span> <span class='ocrx_word' id='word_1_644' title='bbox 1453 1919 1560 1954; x_wconf 80' lang='grc' dir='ltr'>θνητοῦ,</span> <span class='ocrx_word' id='word_1_645' title='bbox 1578 1920 1666 1946; x_wconf 74' lang='grc' dir='ltr'>λαϐὼν</span> <span class='ocrx_word' id='word_1_646' title='bbox 1680 1920 1755 1956; x_wconf 78' lang='grc' dir='ltr'>παρὰ</span> <span class='ocrx_word' id='word_1_647' title='bbox 1768 1921 1814 1947; x_wconf 79' lang='grc' dir='ltr'>τοῦ</span> <span class='ocrx_word' id='word_1_648' title='bbox 1828 1921 1866 1957; x_wconf 82' lang='grc' dir='ltr'><strong>μὴ</strong></span> 
     </span>
    </p>
   </div>
   <div class='ocr_carea' id='block_1_86' title="bbox 1077 1961 1868 2002">
    <p class='ocr_par' dir='ltr' id='par_1_86' title="bbox 1077 1961 1868 2002">
     <span class='ocr_line' id='line_1_86' title="bbox 1077 1961 1868 2002; baseline 0.009 -15"><span class='ocrx_word' id='word_1_649' title='bbox 1077 1961 1193 1996; x_wconf 75' lang='grc' dir='ltr'>ἔχοντος.</span> <span class='ocrx_word' id='word_1_650' title='bbox 1209 1962 1291 1989; x_wconf 85' lang='grc' dir='ltr'>Ποίαν</span> <span class='ocrx_word' id='word_1_651' title='bbox 1305 1963 1359 1998; x_wconf 77' lang='grc' dir='ltr'><strong>γὰρ</strong></span> <span class='ocrx_word' id='word_1_652' title='bbox 1371 1963 1494 1995; x_wconf 76' lang='grc' dir='ltr'>ἐξουσίαν</span> <span class='ocrx_word' id='word_1_653' title='bbox 1508 1965 1597 2000; x_wconf 80' lang='grc' dir='ltr'>ψυχῆς</span> <span class='ocrx_word' id='word_1_654' title='bbox 1613 1965 1745 2001; x_wconf 77' lang='grc' dir='ltr'>λαμϐάνει</span> <span class='ocrx_word' id='word_1_655' title='bbox 1762 1966 1868 2002; x_wconf 50' lang='grc' dir='ltr'>ᾰηιορωο</span> 
     </span>
    </p>
   </div>
   <div class='ocr_carea' id='block_1_87' title="bbox 1078 2007 1867 2046">
    <p class='ocr_par' dir='ltr' id='par_1_87' title="bbox 1078 2007 1867 2046">
     <span class='ocr_line' id='line_1_87' title="bbox 1078 2007 1867 2046; baseline 0.008 -13"><span class='ocrx_word' id='word_1_656' title='bbox 1078 2016 1143 2040; x_wconf 81' lang='grc' dir='ltr'>πος;</span> <span class='ocrx_word' id='word_1_657' title='bbox 1168 2007 1203 2033; x_wconf 75' lang='grc' dir='ltr'>Σὺ</span> <span class='ocrx_word' id='word_1_658' title='bbox 1224 2007 1313 2042; x_wconf 83' lang='grc' dir='ltr'>μέντοι</span> <span class='ocrx_word' id='word_1_659' title='bbox 1334 2008 1410 2046; x_wconf 63' lang='grc' dir='ltr'>παρᾲ</span> <span class='ocrx_word' id='word_1_660' title='bbox 1430 2009 1497 2035; x_wconf 80' lang='grc' dir='ltr'>Θεοῦ</span> <span class='ocrx_word' id='word_1_661' title='bbox 1522 2010 1627 2042; x_wconf 79' lang='grc' dir='ltr'><strong>ἕλαὸες,</strong></span> <span class='ocrx_word' id='word_1_662' title='bbox 1644 2012 1694 2038; x_wconf 86' lang='grc' dir='ltr'>οὑκ</span> <span class='ocrx_word' id='word_1_663' title='bbox 1716 2012 1745 2038; x_wconf 86' lang='grc' dir='ltr'><strong>ἐν</strong></span> <span class='ocrx_word' id='word_1_664' title='bbox 1779 2012 1867 2045; x_wconf 78' lang='grc' dir='ltr'>ξύλοις</span> 
     </span>
    </p>
   </div>
   <div class='ocr_carea' id='block_1_88' title="bbox 1077 2053 1865 2098">
    <p class='ocr_par' dir='ltr' id='par_1_88' title="bbox 1077 2053 1865 2098">
     <span class='ocr_line' id='line_1_88' title="bbox 1077 2053 1865 2098; baseline 0.01 -20"><span class='ocrx_word' id='word_1_665' title='bbox 1077 2053 1283 2089; x_wconf 79' lang='grc' dir='ltr'>γεγραμμένην,</span> <span class='ocrx_word' id='word_1_666' title='bbox 1298 2054 1358 2081; x_wconf 82' lang='grc' dir='ltr'>οὐδὲ</span> <span class='ocrx_word' id='word_1_667' title='bbox 1380 2055 1410 2081; x_wconf 83' lang='grc' dir='ltr'>ἐν</span> <span class='ocrx_word' id='word_1_668' title='bbox 1429 2055 1510 2088; x_wconf 72' lang='grc' dir='ltr'>πτυξὶ</span> <span class='ocrx_word' id='word_1_669' title='bbox 1522 2056 1654 2092; x_wconf 71' lang='grc' dir='ltr'>φθαρταῖς</span> <span class='ocrx_word' id='word_1_670' title='bbox 1670 2058 1757 2098; x_wconf 85' lang='grc' dir='ltr'>σητῶν</span> <span class='ocrx_word' id='word_1_671' title='bbox 1775 2067 1865 2094; x_wconf 80' lang='grc' dir='ltr'>παρα-</span> 
     </span>
    </p>
   </div>
   <div class='ocr_carea' id='block_1_89' title="bbox 1077 2097 1867 2139">
    <p class='ocr_par' dir='ltr' id='par_1_89' title="bbox 1077 2097 1867 2139">
     <span class='ocr_line' id='line_1_89' title="bbox 1077 2097 1867 2139; baseline 0.01 -16"><span class='ocrx_word' id='word_1_672' title='bbox 1077 2097 1243 2133; x_wconf 85' lang='grc' dir='ltr'>ναλώμασιν,</span> <span class='ocrx_word' id='word_1_673' title='bbox 1264 2098 1321 2125; x_wconf 80' lang='grc' dir='ltr'>ἀλλ’</span> <span class='ocrx_word' id='word_1_674' title='bbox 1338 2100 1513 2136; x_wconf 80' lang='grc' dir='ltr'>ἀνάγραπτον</span> <span class='ocrx_word' id='word_1_675' title='bbox 1528 2103 1544 2138; x_wconf 87' lang='grc' dir='ltr'><strong>ἡ</strong></span> <span class='ocrx_word' id='word_1_676' title='bbox 1558 2103 1639 2136; x_wconf 79' lang='grc' dir='ltr'>φύσις</span> <span class='ocrx_word' id='word_1_677' title='bbox 1657 2103 1714 2138; x_wconf 77' lang='grc' dir='ltr'>ἔχει</span> <span class='ocrx_word' id='word_1_678' title='bbox 1728 2104 1777 2139; x_wconf 77' lang='grc' dir='ltr'><strong>τὴν</strong></span> <span class='ocrx_word' id='word_1_679' title='bbox 1790 2104 1867 2131; x_wconf 75' lang='grc' dir='ltr'>θείαν</span> 
     </span>
    </p>
   </div>
   <div class='ocr_carea' id='block_1_90' title="bbox 1079 2145 1867 2185">
    <p class='ocr_par' dir='ltr' id='par_1_90' title="bbox 1079 2145 1867 2185">
     <span class='ocr_line' id='line_1_90' title="bbox 1079 2145 1867 2185; baseline 0.008 -15"><span class='ocrx_word' id='word_1_680' title='bbox 1079 2145 1180 2180; x_wconf 78' lang='grc' dir='ltr'>φωνήν.</span> <span class='ocrx_word' id='word_1_681' title='bbox 1198 2154 1208 2170; x_wconf 71' lang='grc' dir='ltr'><strong>ι</strong></span> <span class='ocrx_word' id='word_1_682' title='bbox 1220 2145 1399 2180; x_wconf 80' lang='grc' dir='ltr'>Ἀρχέτωσαν.</span> <span class='ocrx_word' id='word_1_683' title='bbox 1417 2156 1427 2172; x_wconf 70' lang='grc' dir='ltr'><strong>ι</strong></span> <span class='ocrx_word' id='word_1_684' title='bbox 1447 2147 1540 2174; x_wconf 80' lang='grc' dir='ltr'>Ταῦτα</span> <span class='ocrx_word' id='word_1_685' title='bbox 1559 2148 1704 2183; x_wconf 86' lang='grc' dir='ltr'>σύμπαντα</span> <span class='ocrx_word' id='word_1_686' title='bbox 1719 2149 1807 2185; x_wconf 81' lang='grc' dir='ltr'>ἀρχῆς</span> <span class='ocrx_word' id='word_1_687' title='bbox 1820 2150 1867 2176; x_wconf 89' lang='grc' dir='ltr'><strong>ὰν-</strong></span> 
     </span>
    </p>
   </div>
   <div class='ocr_carea' id='block_1_91' title="bbox 239 2179 1025 2232">
    <p class='ocr_par' dir='ltr' id='par_1_91' title="bbox 239 2180 1024 2219">
     <span class='ocr_line' id='line_1_91' title="bbox 239 2180 1024 2219; baseline 0.008 -13"><span class='ocrx_word' id='word_1_688' title='bbox 239 2184 339 2206; x_wconf 84' lang='lat' dir='ltr'><strong>natura</strong></span> <span class='ocrx_word' id='word_1_689' title='bbox 348 2180 480 2216; x_wconf 87' lang='lat' dir='ltr'><strong>inscripta</strong></span> <span class='ocrx_word' id='word_1_690' title='bbox 491 2181 683 2213; x_wconf 73' lang='lat' dir='ltr'><strong>est.tPr.esit,I</strong></span> <span class='ocrx_word' id='word_1_691' title='bbox 693 2183 794 2216; x_wconf 90' lang='lat' dir='ltr'><strong>quibus</strong></span> <span class='ocrx_word' id='word_1_692' title='bbox 806 2187 896 2210; x_wconf 87' lang='lat' dir='ltr'><strong>autem</strong></span> <span class='ocrx_word' id='word_1_693' title='bbox 910 2185 1024 2219; x_wconf 61' lang='lat' dir='ltr'><strong>prasit?</strong></span> 
     </span>
    </p>
   </div>
   <div class='ocr_carea' id='block_1_92' title="bbox 1077 2179 1867 2232">
    <p class='ocr_par' dir='ltr' id='par_1_92' title="bbox 1077 2179 1867 2232">
     <span class='ocr_line' id='line_1_92' title="bbox 1077 2179 1867 2232; baseline 0.009 -16"><span class='ocrx_word' id='word_1_694' title='bbox 1077 2190 1223 2226; x_wconf 80' lang='grc' dir='ltr'>θρωπίνης.</span> <span class='ocrx_word' id='word_1_695' title='bbox 1251 2179 1447 2227; x_wconf 16' lang='grc' dir='ltr'>ιγέΔρχέτωσαν</span> <span class='ocrx_word' id='word_1_696' title='bbox 1473 2194 1527 2220; x_wconf 84' lang='grc' dir='ltr'><strong>τῶν</strong></span> <span class='ocrx_word' id='word_1_697' title='bbox 1553 2179 1668 2229; x_wconf 54' lang='grc' dir='ltr'>ἰχθυων,</span> <span class='ocrx_word' id='word_1_698' title='bbox 1692 2179 1867 2232; x_wconf 45' lang='grc' dir='ltr'>τῶῖὸῆῥῑων</span> 
     </span>
    </p>
   </div>
   <div class='ocr_carea' id='block_1_93' title="bbox 241 2224 1025 2264">
    <p class='ocr_par' dir='ltr' id='par_1_93' title="bbox 241 2224 1025 2264">
     <span class='ocr_line' id='line_1_93' title="bbox 241 2224 1025 2264; baseline 0.009 -12"><span class='ocrx_word' id='word_1_699' title='bbox 241 2224 289 2253; x_wconf 85' lang='lat' dir='ltr'><strong>His</strong></span> <span class='ocrx_word' id='word_1_700' title='bbox 305 2227 432 2253; x_wconf 87' lang='lat' dir='ltr'><strong>nimirum</strong></span> <span class='ocrx_word' id='word_1_701' title='bbox 461 2228 591 2255; x_wconf 89' lang='lat' dir='ltr'><strong>omnibus</strong></span> <span class='ocrx_word' id='word_1_702' title='bbox 607 2238 632 2255; x_wconf 73' lang='grc' dir='ltr'>ει</span> <span class='ocrx_word' id='word_1_703' title='bbox 644 2228 738 2256; x_wconf 72' lang='lat' dir='ltr'><strong>Praesit</strong></span> <span class='ocrx_word' id='word_1_704' title='bbox 763 2229 902 2264; x_wconf 82' lang='lat' dir='ltr'><strong>piscibus,</strong></span> <span class='ocrx_word' id='word_1_705' title='bbox 929 2230 1025 2259; x_wconf 87' lang='lat' dir='ltr'><strong>bestiis</strong></span> 
     </span>
    </p>
   </div>
   <div class='ocr_carea' id='block_1_94' title="bbox 240 2272 1023 2313">
    <p class='ocr_par' dir='ltr' id='par_1_94' title="bbox 240 2272 1023 2313">
     <span class='ocr_line' id='line_1_94' title="bbox 240 2272 1023 2313; baseline 0.01 -17"><span class='ocrx_word' id='word_1_706' title='bbox 240 2273 330 2303; x_wconf 72' lang='lat' dir='ltr'><strong>terrm,</strong></span> <span class='ocrx_word' id='word_1_707' title='bbox 346 2272 504 2299; x_wconf 87' lang='lat' dir='ltr'><strong>volatilibus</strong></span> <span class='ocrx_word' id='word_1_708' title='bbox 521 2273 595 2304; x_wconf 75' lang='lat' dir='ltr'><strong>cmli,</strong></span> <span class='ocrx_word' id='word_1_709' title='bbox 617 2277 643 2300; x_wconf 89' lang='lat' dir='ltr'><strong>ct</strong></span> <span class='ocrx_word' id='word_1_710' title='bbox 664 2275 800 2302; x_wconf 86' lang='lat' dir='ltr'><strong>universis</strong></span> <span class='ocrx_word' id='word_1_711' title='bbox 827 2276 1023 2313; x_wconf 81' lang='lat' dir='ltr'><strong>animantibus,</strong></span> 
     </span>
    </p>
   </div>
   <div class='ocr_carea' id='block_1_95' title="bbox 241 2318 1024 2351">
    <p class='ocr_par' dir='ltr' id='par_1_95' title="bbox 241 2318 1024 2351">
     <span class='ocr_line' id='line_1_95' title="bbox 241 2318 1024 2351; baseline 0.01 -10"><span class='ocrx_word' id='word_1_712' title='bbox 241 2323 302 2349; x_wconf 79' lang='lat' dir='ltr'><strong>quae</strong></span> <span class='ocrx_word' id='word_1_713' title='bbox 320 2319 562 2351; x_wconf 74' lang='lat' dir='ltr'><strong>moventur‘super</strong></span> <span class='ocrx_word' id='word_1_714' title='bbox 578 2321 688 2344; x_wconf 81' lang='lat' dir='ltr'><strong>terram.</strong></span> <span class='ocrx_word' id='word_1_715' title='bbox 706 2318 778 2346; x_wconf 73' lang='grc' dir='ltr'>»Νοη</span> <span class='ocrx_word' id='word_1_716' title='bbox 788 2318 866 2351; x_wconf 74' lang='lat' dir='ltr'><strong>dixit,</strong></span> <span class='ocrx_word' id='word_1_717' title='bbox 880 2319 1024 2349; x_wconf 83' lang='lat' dir='ltr'><strong>Faciamus</strong></span> 
     </span>
    </p>
   </div>
   <div class='ocr_carea' id='block_1_96' title="bbox 242 2354 1023 2398">
    <p class='ocr_par' dir='ltr' id='par_1_96' title="bbox 242 2354 1023 2398">
     <span class='ocr_line' id='line_1_96' title="bbox 242 2354 1023 2398; baseline 0.009 -11"><span class='ocrx_word' id='word_1_718' title='bbox 242 2354 379 2388; x_wconf 81' lang='lat' dir='ltr'><strong>hominem</strong></span> <span class='ocrx_word' id='word_1_719' title='bbox 397 2362 431 2388; x_wconf 86' lang='lat' dir='ltr'><strong>ad</strong></span> <span class='ocrx_word' id='word_1_720' title='bbox 446 2362 591 2397; x_wconf 74' lang='lat' dir='ltr'><strong>imaginem</strong></span> <span class='ocrx_word' id='word_1_721' title='bbox 609 2366 635 2389; x_wconf 91' lang='lat' dir='ltr'><strong>ct</strong></span> <span class='ocrx_word' id='word_1_722' title='bbox 656 2364 861 2392; x_wconf 85' lang='lat' dir='ltr'><strong>similitudinem</strong></span> <span class='ocrx_word' id='word_1_723' title='bbox 889 2370 1023 2398; x_wconf 86' lang='lat' dir='ltr'><strong>nostram.</strong></span> 
     </span>
    </p>
   </div>
   <div class='ocr_carea' id='block_1_97' title="bbox 241 2400 1070 2445">
    <p class='ocr_par' dir='ltr' id='par_1_97' title="bbox 241 2400 1070 2445">
     <span class='ocr_line' id='line_1_97' title="bbox 241 2400 1070 2445; baseline 0.008 -13"><span class='ocrx_word' id='word_1_724' title='bbox 241 2411 267 2432; x_wconf 91' lang='lat' dir='ltr'><strong>et</strong></span> <span class='ocrx_word' id='word_1_725' title='bbox 281 2410 406 2433; x_wconf 82' lang='lat' dir='ltr'><strong>vescatur</strong></span> <span class='ocrx_word' id='word_1_726' title='bbox 419 2414 450 2434; x_wconf 84' lang='lat' dir='ltr'><strong>ex</strong></span> <span class='ocrx_word' id='word_1_727' title='bbox 467 2408 541 2434; x_wconf 91' lang='lat' dir='ltr'><strong>omni</strong></span> <span class='ocrx_word' id='word_1_728' title='bbox 558 2408 630 2442; x_wconf 83' lang='lat' dir='ltr'><strong>ligno</strong></span> <span class='ocrx_word' id='word_1_729' title='bbox 648 2408 798 2442; x_wconf 77' lang='lat' dir='ltr'><strong>fructifera,</strong></span> <span class='ocrx_word' id='word_1_730' title='bbox 813 2411 886 2445; x_wconf 90' lang='lat' dir='ltr'><strong>quod</strong></span> <span class='ocrx_word' id='word_1_731' title='bbox 904 2400 1021 2439; x_wconf 48' lang='lat' dir='ltr'><strong>fructum</strong></span> <span class='ocrx_word' id='word_1_732' title='bbox 1061 2423 1070 2429; x_wconf 66' lang='grc' dir='ltr'><strong>ι</strong></span> 
     </span>
    </p>
   </div>
   <div class='ocr_carea' id='block_1_98' title="bbox 241 2451 1023 2492">
    <p class='ocr_par' dir='ltr' id='par_1_98' title="bbox 241 2451 1023 2492">
     <span class='ocr_line' id='line_1_98' title="bbox 241 2451 1023 2492; baseline 0.01 -15"><span class='ocrx_word' id='word_1_733' title='bbox 241 2451 322 2478; x_wconf 86' lang='lat' dir='ltr'><strong>habet</strong></span> <span class='ocrx_word' id='word_1_734' title='bbox 353 2451 380 2478; x_wconf 93' lang='lat' dir='ltr'><strong>in</strong></span> <span class='ocrx_word' id='word_1_735' title='bbox 407 2453 565 2487; x_wconf 86' lang='lat' dir='ltr'><strong>semetipso.</strong></span> <span class='ocrx_word' id='word_1_736' title='bbox 598 2453 725 2481; x_wconf 90' lang='lat' dir='ltr'><strong>Secundo</strong></span> <span class='ocrx_word' id='word_1_737' title='bbox 751 2456 811 2482; x_wconf 92' lang='lat' dir='ltr'><strong>loco</strong></span> <span class='ocrx_word' id='word_1_738' title='bbox 829 2464 872 2489; x_wconf 89' lang='lat' dir='ltr'><strong>ea,</strong></span> <span class='ocrx_word' id='word_1_739' title='bbox 897 2465 957 2492; x_wconf 62' lang='lat' dir='ltr'><strong>qua:</strong></span> <span class='ocrx_word' id='word_1_740' title='bbox 990 2458 1023 2484; x_wconf 84' lang='lat' dir='ltr'><strong>ad</strong></span> 
     </span>
    </p>
   </div>
   <div class='ocr_carea' id='block_1_99' title="bbox 240 2497 1024 2534">
    <p class='ocr_par' dir='ltr' id='par_1_99' title="bbox 240 2497 1024 2534">
     <span class='ocr_line' id='line_1_99' title="bbox 240 2497 1024 2534; baseline 0.01 -12"><span class='ocrx_word' id='word_1_741' title='bbox 240 2503 350 2523; x_wconf 85' lang='lat' dir='ltr'><strong>carnem</strong></span> <span class='ocrx_word' id='word_1_742' title='bbox 366 2497 515 2531; x_wconf 86' lang='lat' dir='ltr'><strong>pertinent,</strong></span> <span class='ocrx_word' id='word_1_743' title='bbox 531 2500 747 2526; x_wconf 85' lang='lat' dir='ltr'><strong>constituuntur.</strong></span> <span class='ocrx_word' id='word_1_744' title='bbox 765 2500 858 2529; x_wconf 86' lang='lat' dir='ltr'><strong>Primo</strong></span> <span class='ocrx_word' id='word_1_745' title='bbox 875 2507 976 2534; x_wconf 86' lang='lat' dir='ltr'><strong>autent,</strong></span> <span class='ocrx_word' id='word_1_746' title='bbox 993 2510 1024 2530; x_wconf 89' lang='lat' dir='ltr'><strong>ac</strong></span> 
     </span>
    </p>
   </div>
   <div class='ocr_carea' id='block_1_100' title="bbox 241 2544 1023 2582">
    <p class='ocr_par' dir='ltr' id='par_1_100' title="bbox 241 2544 1023 2582">
     <span class='ocr_line' id='line_1_100' title="bbox 241 2544 1023 2582; baseline 0.009 -13"><span class='ocrx_word' id='word_1_747' title='bbox 241 2544 413 2577; x_wconf 89' lang='lat' dir='ltr'><strong>potissimum</strong></span> <span class='ocrx_word' id='word_1_748' title='bbox 435 2544 490 2576; x_wconf 85' lang='lat' dir='ltr'><strong>illa,</strong></span> <span class='ocrx_word' id='word_1_749' title='bbox 509 2553 568 2579; x_wconf 64' lang='lat' dir='ltr'><strong>quae</strong></span> <span class='ocrx_word' id='word_1_750' title='bbox 584 2546 616 2572; x_wconf 75' lang='lat' dir='ltr'><strong>atl</strong></span> <span class='ocrx_word' id='word_1_751' title='bbox 636 2547 755 2573; x_wconf 90' lang='lat' dir='ltr'><strong>animum</strong></span> <span class='ocrx_word' id='word_1_752' title='bbox 783 2552 916 2582; x_wconf 87' lang='lat' dir='ltr'><strong>spectant.</strong></span> <span class='ocrx_word' id='word_1_753' title='bbox 934 2549 1023 2576; x_wconf 85' lang='lat' dir='ltr'><strong>Prima</strong></span> 
     </span>
    </p>
   </div>
   <div class='ocr_carea' id='block_1_101' title="bbox 245 2590 1026 2629">
    <p class='ocr_par' dir='ltr' id='par_1_101' title="bbox 245 2590 1026 2629">
     <span class='ocr_line' id='line_1_101' title="bbox 245 2590 1026 2629; baseline 0.006 -12"><span class='ocrx_word' id='word_1_754' title='bbox 245 2590 321 2617; x_wconf 83' lang='lat' dir='ltr'><strong>nobis</strong></span> <span class='ocrx_word' id='word_1_755' title='bbox 339 2590 490 2624; x_wconf 83' lang='lat' dir='ltr'><strong>imperandi</strong></span> <span class='ocrx_word' id='word_1_756' title='bbox 504 2596 626 2626; x_wconf 78' lang='lat' dir='ltr'><strong>potestas</strong></span> <span class='ocrx_word' id='word_1_757' title='bbox 640 2592 806 2620; x_wconf 86' lang='lat' dir='ltr'><strong>decernitur.</strong></span> <span class='ocrx_word' id='word_1_758' title='bbox 831 2594 872 2621; x_wconf 84' lang='lat' dir='ltr'><strong>Ad</strong></span> <span class='ocrx_word' id='word_1_759' title='bbox 890 2595 1026 2629; x_wconf 80' lang='lat' dir='ltr'><strong>imperan-</strong></span> 
     </span>
    </p>
   </div>
   <div class='ocr_carea' id='block_1_102' title="bbox 241 2636 1024 2674">
    <p class='ocr_par' dir='ltr' id='par_1_102' title="bbox 241 2636 1024 2674">
     <span class='ocr_line' id='line_1_102' title="bbox 241 2636 1024 2674; baseline 0.009 -11"><span class='ocrx_word' id='word_1_760' title='bbox 241 2636 304 2663; x_wconf 83' lang='lat' dir='ltr'><strong>dum</strong></span> <span class='ocrx_word' id='word_1_761' title='bbox 326 2640 407 2664; x_wconf 85' lang='lat' dir='ltr'><strong>natus</strong></span> <span class='ocrx_word' id='word_1_762' title='bbox 433 2645 473 2669; x_wconf 85' lang='lat' dir='ltr'><strong>es,</strong></span> <span class='ocrx_word' id='word_1_763' title='bbox 495 2637 586 2666; x_wconf 90' lang='lat' dir='ltr'><strong>homo.</strong></span> <span class='ocrx_word' id='word_1_764' title='bbox 603 2638 672 2670; x_wconf 86' lang='lat' dir='ltr'><strong>Quid</strong></span> <span class='ocrx_word' id='word_1_765' title='bbox 691 2647 755 2674; x_wconf 81' lang='lat' dir='ltr'><strong>ergo</strong></span> <span class='ocrx_word' id='word_1_766' title='bbox 775 2641 1024 2674; x_wconf 88' lang='lat' dir='ltr'><strong>perturbationibus</strong></span> 
     </span>
    </p>
   </div>
   <div class='ocr_carea' id='block_1_103' title="bbox 241 2682 1021 2722">
    <p class='ocr_par' dir='ltr' id='par_1_103' title="bbox 241 2682 1021 2722">
     <span class='ocr_line' id='line_1_103' title="bbox 241 2682 1021 2722; baseline 0.008 -14"><span class='ocrx_word' id='word_1_767' title='bbox 241 2682 351 2709; x_wconf 85' lang='lat' dir='ltr'><strong>servis?</strong></span> <span class='ocrx_word' id='word_1_768' title='bbox 375 2690 425 2709; x_wconf 82' lang='lat' dir='ltr'><strong>cur</strong></span> <span class='ocrx_word' id='word_1_769' title='bbox 447 2683 604 2718; x_wconf 70' lang='lat' dir='ltr'><strong>dignitatem</strong></span> <span class='ocrx_word' id='word_1_770' title='bbox 622 2685 809 2719; x_wconf 75' lang='lat' dir='ltr'><strong>abjicistuam</strong></span> <span class='ocrx_word' id='word_1_771' title='bbox 823 2686 834 2712; x_wconf 70' lang='grc' dir='ltr'><strong>’ἒ</strong></span> <span class='ocrx_word' id='word_1_772' title='bbox 848 2694 898 2713; x_wconf 86' lang='lat' dir='ltr'><strong>cur</strong></span> <span class='ocrx_word' id='word_1_773' title='bbox 915 2692 940 2715; x_wconf 87' lang='lat' dir='ltr'><strong>te</strong></span> <span class='ocrx_word' id='word_1_774' title='bbox 962 2695 1021 2722; x_wconf 81' lang='lat' dir='ltr'><strong>pec-</strong></span> 
     </span>
    </p>
   </div>
   <div class='ocr_carea' id='block_1_104' title="bbox 241 2728 1023 2759">
    <p class='ocr_par' dir='ltr' id='par_1_104' title="bbox 241 2728 1023 2759">
     <span class='ocr_line' id='line_1_104' title="bbox 241 2728 1023 2759; baseline 0.006 -5"><span class='ocrx_word' id='word_1_775' title='bbox 241 2733 301 2754; x_wconf 83' lang='lat' dir='ltr'><strong>cato</strong></span> <span class='ocrx_word' id='word_1_776' title='bbox 320 2728 406 2754; x_wconf 80' lang='lat' dir='ltr'><strong>tradis</strong></span> <span class='ocrx_word' id='word_1_777' title='bbox 421 2728 447 2755; x_wconf 90' lang='lat' dir='ltr'><strong>in</strong></span> <span class='ocrx_word' id='word_1_778' title='bbox 465 2730 647 2756; x_wconf 74' lang='lat' dir='ltr'><strong>servitutem?</strong></span> <span class='ocrx_word' id='word_1_779' title='bbox 663 2737 712 2756; x_wconf 92' lang='lat' dir='ltr'><strong>cur</strong></span> <span class='ocrx_word' id='word_1_780' title='bbox 739 2735 765 2757; x_wconf 87' lang='lat' dir='ltr'><strong>te</strong></span> <span class='ocrx_word' id='word_1_781' title='bbox 778 2729 922 2758; x_wconf 85' lang='lat' dir='ltr'><strong>constituis</strong></span> <span class='ocrx_word' id='word_1_782' title='bbox 948 2740 1023 2759; x_wconf 89' lang='lat' dir='ltr'><strong>man-</strong></span> 
     </span>
    </p>
   </div>
   <div class='ocr_carea' id='block_1_105' title="bbox 241 2773 1020 2812">
    <p class='ocr_par' dir='ltr' id='par_1_105' title="bbox 241 2773 1020 2812">
     <span class='ocr_line' id='line_1_105' title="bbox 241 2773 1020 2812; baseline 0.008 -13"><span class='ocrx_word' id='word_1_783' title='bbox 241 2773 342 2808; x_wconf 83' lang='lat' dir='ltr'><strong>cipium</strong></span> <span class='ocrx_word' id='word_1_784' title='bbox 358 2774 481 2801; x_wconf 78' lang='lat' dir='ltr'><strong>diaboli?</strong></span> <span class='ocrx_word' id='word_1_785' title='bbox 497 2773 595 2801; x_wconf 67' lang='lat' dir='ltr'><strong>Rerum</strong></span> <span class='ocrx_word' id='word_1_786' title='bbox 627 2775 793 2803; x_wconf 83' lang='lat' dir='ltr'><strong>constitutus</strong></span> <span class='ocrx_word' id='word_1_787' title='bbox 822 2784 852 2804; x_wconf 85' lang='lat' dir='ltr'><strong>es</strong></span> <span class='ocrx_word' id='word_1_788' title='bbox 872 2777 997 2812; x_wconf 81' lang='lat' dir='ltr'><strong>princeps</strong></span> <span class='ocrx_word' id='word_1_789' title='bbox 1015 2787 1020 2805; x_wconf 93' lang='lat'>:</span> 
     </span>
    </p>
   </div>
   <div class='ocr_carea' id='block_1_106' title="bbox 1076 2236 1865 2275">
    <p class='ocr_par' dir='ltr' id='par_1_106' title="bbox 1076 2236 1865 2275">
     <span class='ocr_line' id='line_1_106' title="bbox 1076 2236 1865 2275; baseline 0.009 -13"><span class='ocrx_word' id='word_1_790' title='bbox 1076 2236 1127 2271; x_wconf 77' lang='grc' dir='ltr'><strong>τῆς</strong></span> <span class='ocrx_word' id='word_1_791' title='bbox 1147 2236 1288 2272; x_wconf 43' lang='grc' dir='ltr'>γῆςεπῶν</span> <span class='ocrx_word' id='word_1_792' title='bbox 1305 2238 1435 2265; x_wconf 82' lang='grc' dir='ltr'>πετεινῶν</span> <span class='ocrx_word' id='word_1_793' title='bbox 1459 2239 1504 2265; x_wconf 86' lang='grc' dir='ltr'>τοῦ</span> <span class='ocrx_word' id='word_1_794' title='bbox 1528 2241 1654 2274; x_wconf 79' lang='grc' dir='ltr'>οὐρανοῦ,</span> <span class='ocrx_word' id='word_1_795' title='bbox 1677 2241 1730 2268; x_wconf 82' lang='grc' dir='ltr'><strong>τῶν</strong></span> <span class='ocrx_word' id='word_1_796' title='bbox 1747 2242 1865 2275; x_wconf 81' lang='grc' dir='ltr'>κτηνῶν,</span> 
     </span>
    </p>
   </div>
   <div class='ocr_carea' id='block_1_107' title="bbox 1075 2282 1863 2322">
    <p class='ocr_par' dir='ltr' id='par_1_107' title="bbox 1075 2282 1863 2322">
     <span class='ocr_line' id='line_1_107' title="bbox 1075 2282 1863 2322; baseline 0.009 -14"><span class='ocrx_word' id='word_1_797' title='bbox 1075 2282 1130 2309; x_wconf 85' lang='grc' dir='ltr'>τῶν</span> <span class='ocrx_word' id='word_1_798' title='bbox 1141 2283 1273 2318; x_wconf 77' lang='grc' dir='ltr'>ἑρπετῶν,</span> <span class='ocrx_word' id='word_1_799' title='bbox 1284 2283 1338 2310; x_wconf 86' lang='grc' dir='ltr'>τῶν</span> <span class='ocrx_word' id='word_1_800' title='bbox 1349 2284 1487 2318; x_wconf 79' lang='grc' dir='ltr'>ἑρπόντων</span> <span class='ocrx_word' id='word_1_801' title='bbox 1499 2285 1544 2311; x_wconf 74' lang='grc' dir='ltr'><strong>ἐπὶ</strong></span> <span class='ocrx_word' id='word_1_802' title='bbox 1554 2286 1603 2320; x_wconf 86' lang='grc' dir='ltr'><strong>τῆς</strong></span> <span class='ocrx_word' id='word_1_803' title='bbox 1615 2288 1675 2321; x_wconf 84' lang='grc' dir='ltr'>γῆς.</span> <span class='ocrx_word' id='word_1_804' title='bbox 1692 2297 1701 2312; x_wconf 80' lang='grc' dir='ltr'><strong>ι</strong></span> <span class='ocrx_word' id='word_1_805' title='bbox 1719 2288 1775 2314; x_wconf 80' lang='grc' dir='ltr'>Οὐκ</span> <span class='ocrx_word' id='word_1_806' title='bbox 1789 2286 1863 2322; x_wconf 77' lang='grc' dir='ltr'>εἶπε,</span> 
     </span>
    </p>
   </div>
   <div class='ocr_carea' id='block_1_108' title="bbox 1077 2328 1864 2368">
    <p class='ocr_par' dir='ltr' id='par_1_108' title="bbox 1077 2328 1864 2368">
     <span class='ocr_line' id='line_1_108' title="bbox 1077 2328 1864 2368; baseline 0.01 -14"><span class='ocrx_word' id='word_1_807' title='bbox 1077 2329 1237 2363; x_wconf 83' lang='grc' dir='ltr'>Ποιήσωμεν</span> <span class='ocrx_word' id='word_1_808' title='bbox 1251 2328 1395 2365; x_wconf 75' lang='grc' dir='ltr'>ἄνθρωπον</span> <span class='ocrx_word' id='word_1_809' title='bbox 1408 2331 1468 2357; x_wconf 72' lang='grc' dir='ltr'>κατ’</span> <span class='ocrx_word' id='word_1_810' title='bbox 1479 2331 1571 2357; x_wconf 83' lang='grc' dir='ltr'>εικόνα</span> <span class='ocrx_word' id='word_1_811' title='bbox 1588 2332 1635 2358; x_wconf 77' lang='grc' dir='ltr'>καὶ</span> <span class='ocrx_word' id='word_1_812' title='bbox 1657 2333 1717 2359; x_wconf 79' lang='grc' dir='ltr'>καθ’</span> <span class='ocrx_word' id='word_1_813' title='bbox 1734 2333 1864 2368; x_wconf 81' lang='grc' dir='ltr'>ὁμοίωσιν</span> 
     </span>
    </p>
   </div>
   <div class='ocr_carea' id='block_1_109' title="bbox 1077 2374 1866 2414">
    <p class='ocr_par' dir='ltr' id='par_1_109' title="bbox 1077 2374 1866 2414">
     <span class='ocr_line' id='line_1_109' title="bbox 1077 2374 1866 2414; baseline 0.01 -15"><span class='ocrx_word' id='word_1_814' title='bbox 1077 2374 1231 2409; x_wconf 78' lang='grc' dir='ltr'>ἡμετέραν,</span> <span class='ocrx_word' id='word_1_815' title='bbox 1255 2375 1302 2401; x_wconf 78' lang='grc' dir='ltr'>καὶ</span> <span class='ocrx_word' id='word_1_816' title='bbox 1326 2375 1488 2403; x_wconf 75' lang='grc' dir='ltr'>ὲσθιέτωσαν</span> <span class='ocrx_word' id='word_1_817' title='bbox 1511 2377 1563 2403; x_wconf 83' lang='grc' dir='ltr'><strong>πᾶν</strong></span> <span class='ocrx_word' id='word_1_818' title='bbox 1590 2377 1666 2409; x_wconf 78' lang='grc' dir='ltr'>ξύλον</span> <span class='ocrx_word' id='word_1_819' title='bbox 1689 2378 1827 2414; x_wconf 71' lang='grc' dir='ltr'>κάρπιμον</span> <span class='ocrx_word' id='word_1_820' title='bbox 1849 2380 1866 2407; x_wconf 80' lang='grc' dir='ltr'><strong>ὃ</strong></span> 
     </span>
    </p>
   </div>
   <div class='ocr_carea' id='block_1_110' title="bbox 1078 2419 1864 2458">
    <p class='ocr_par' dir='ltr' id='par_1_110' title="bbox 1078 2419 1864 2458">
     <span class='ocr_line' id='line_1_110' title="bbox 1078 2419 1864 2458; baseline 0.01 -14"><span class='ocrx_word' id='word_1_821' title='bbox 1078 2419 1134 2454; x_wconf 71' lang='grc' dir='ltr'>ἔχει</span> <span class='ocrx_word' id='word_1_822' title='bbox 1157 2419 1261 2455; x_wconf 81' lang='grc' dir='ltr'>καρπὸν</span> <span class='ocrx_word' id='word_1_823' title='bbox 1285 2421 1314 2446; x_wconf 82' lang='grc' dir='ltr'><strong>ὲν</strong></span> <span class='ocrx_word' id='word_1_824' title='bbox 1340 2421 1439 2456; x_wconf 85' lang='grc' dir='ltr'>ἑαυτῷ.</span> <span class='ocrx_word' id='word_1_825' title='bbox 1468 2421 1586 2458; x_wconf 81' lang='grc' dir='ltr'>Δεύτερα</span> <span class='ocrx_word' id='word_1_826' title='bbox 1607 2423 1641 2449; x_wconf 82' lang='grc' dir='ltr'>τὰ</span> <span class='ocrx_word' id='word_1_827' title='bbox 1665 2424 1715 2458; x_wconf 79' lang='grc' dir='ltr'>τῆς</span> <span class='ocrx_word' id='word_1_828' title='bbox 1742 2425 1842 2458; x_wconf 83' lang='grc' dir='ltr'>σαρκός</span> <span class='ocrx_word' id='word_1_829' title='bbox 1856 2434 1864 2441; x_wconf 88' lang='grc'>·</span> 
     </span>
    </p>
   </div>
   <div class='ocr_carea' id='block_1_111' title="bbox 1078 2464 1866 2505">
    <p class='ocr_par' dir='ltr' id='par_1_111' title="bbox 1078 2464 1866 2505">
     <span class='ocr_line' id='line_1_111' title="bbox 1078 2464 1866 2505; baseline 0.009 -15"><span class='ocrx_word' id='word_1_830' title='bbox 1078 2464 1174 2500; x_wconf 85' lang='grc' dir='ltr'>πρῶτα</span> <span class='ocrx_word' id='word_1_831' title='bbox 1187 2465 1220 2491; x_wconf 80' lang='grc' dir='ltr'><strong>τὰ</strong></span> <span class='ocrx_word' id='word_1_832' title='bbox 1241 2465 1290 2500; x_wconf 85' lang='grc' dir='ltr'><strong>τῆς</strong></span> <span class='ocrx_word' id='word_1_833' title='bbox 1303 2465 1390 2501; x_wconf 76' lang='grc' dir='ltr'>ψυχῆς</span> <span class='ocrx_word' id='word_1_834' title='bbox 1409 2467 1442 2493; x_wconf 86' lang='grc' dir='ltr'><strong>τὰ</strong></span> <span class='ocrx_word' id='word_1_835' title='bbox 1461 2468 1661 2503; x_wconf 77' lang='grc' dir='ltr'>προηγούμενα.</span> <span class='ocrx_word' id='word_1_836' title='bbox 1684 2469 1783 2505; x_wconf 81' lang='grc' dir='ltr'>Πρῶτα</span> <span class='ocrx_word' id='word_1_837' title='bbox 1798 2472 1866 2505; x_wconf 83' lang='grc' dir='ltr'>ἡμῖν</span> 
     </span>
    </p>
   </div>
   <div class='ocr_carea' id='block_1_112' title="bbox 1079 2511 1867 2551">
    <p class='ocr_par' dir='ltr' id='par_1_112' title="bbox 1079 2511 1867 2551">
     <span class='ocr_line' id='line_1_112' title="bbox 1079 2511 1867 2551; baseline 0.01 -16"><span class='ocrx_word' id='word_1_838' title='bbox 1079 2511 1315 2546; x_wconf 82' lang='grc' dir='ltr'>συνεχειροτονήθη</span> <span class='ocrx_word' id='word_1_839' title='bbox 1331 2513 1347 2547; x_wconf 85' lang='grc' dir='ltr'><strong>ἡ</strong></span> <span class='ocrx_word' id='word_1_840' title='bbox 1363 2511 1408 2538; x_wconf 75' lang='grc' dir='ltr'>τοῦ</span> <span class='ocrx_word' id='word_1_841' title='bbox 1430 2512 1524 2547; x_wconf 84' lang='grc' dir='ltr'>ἄρχειν</span> <span class='ocrx_word' id='word_1_842' title='bbox 1542 2513 1664 2549; x_wconf 81' lang='grc' dir='ltr'>δύναμις.</span> <span class='ocrx_word' id='word_1_843' title='bbox 1698 2516 1823 2551; x_wconf 82' lang='grc' dir='ltr'>Ἀρχικδν</span> <span class='ocrx_word' id='word_1_844' title='bbox 1840 2514 1867 2543; x_wconf 80' lang='grc' dir='ltr'>εἶ</span> 
     </span>
    </p>
   </div>
   <div class='ocr_carea' id='block_1_113' title="bbox 1079 2553 1864 2593">
    <p class='ocr_par' dir='ltr' id='par_1_113' title="bbox 1079 2553 1864 2593">
     <span class='ocr_line' id='line_1_113' title="bbox 1079 2553 1864 2593; baseline 0.011 -13"><span class='ocrx_word' id='word_1_845' title='bbox 1079 2553 1156 2587; x_wconf 84' lang='grc' dir='ltr'>ζῶον,</span> <span class='ocrx_word' id='word_1_846' title='bbox 1172 2555 1308 2590; x_wconf 82' lang='grc' dir='ltr'>ἄνθρωπε.</span> <span class='ocrx_word' id='word_1_847' title='bbox 1326 2557 1381 2583; x_wconf 73' lang='grc' dir='ltr'><strong>Καὶ</strong></span> <span class='ocrx_word' id='word_1_848' title='bbox 1394 2557 1419 2583; x_wconf 91' lang='grc' dir='ltr'><strong>τί</strong></span> <span class='ocrx_word' id='word_1_849' title='bbox 1434 2558 1567 2590; x_wconf 84' lang='grc' dir='ltr'>δουλεύεις</span> <span class='ocrx_word' id='word_1_850' title='bbox 1580 2559 1696 2593; x_wconf 84' lang='grc' dir='ltr'>πάθεσι;</span> <span class='ocrx_word' id='word_1_851' title='bbox 1711 2561 1737 2587; x_wconf 88' lang='grc' dir='ltr'><strong>τί</strong></span> <span class='ocrx_word' id='word_1_852' title='bbox 1750 2562 1864 2588; x_wconf 85' lang='grc' dir='ltr'>σεαυτοῦ</span> 
     </span>
    </p>
   </div>
   <div class='ocr_carea' id='block_1_114' title="bbox 1077 2598 1863 2643">
    <p class='ocr_par' dir='ltr' id='par_1_114' title="bbox 1077 2598 1863 2643">
     <span class='ocr_line' id='line_1_114' title="bbox 1077 2598 1863 2643; baseline 0.01 -17"><span class='ocrx_word' id='word_1_853' title='bbox 1077 2599 1184 2634; x_wconf 76' lang='grc' dir='ltr'>ἀξίωμα</span> <span class='ocrx_word' id='word_1_854' title='bbox 1198 2601 1377 2632; x_wconf 81' lang='grc' dir='ltr'>καταϐάλλεις</span> <span class='ocrx_word' id='word_1_855' title='bbox 1391 2598 1438 2629; x_wconf 60' lang='grc' dir='ltr'><strong>καί</strong></span> <span class='ocrx_word' id='word_1_856' title='bbox 1451 2603 1542 2635; x_wconf 78' lang='grc' dir='ltr'>δοῦλος</span> <span class='ocrx_word' id='word_1_857' title='bbox 1563 2604 1623 2641; x_wconf 82' lang='grc' dir='ltr'>γίνῃ</span> <span class='ocrx_word' id='word_1_858' title='bbox 1640 2606 1689 2641; x_wconf 73' lang='grc' dir='ltr'><strong>τῆς</strong></span> <span class='ocrx_word' id='word_1_859' title='bbox 1706 2607 1842 2643; x_wconf 80' lang='grc' dir='ltr'>ἁμαρτίας</span> <span class='ocrx_word' id='word_1_860' title='bbox 1856 2617 1863 2641; x_wconf 86' lang='grc'>;</span> 
     </span>
    </p>
   </div>
   <div class='ocr_carea' id='block_1_115' title="bbox 1075 2644 1862 2687">
    <p class='ocr_par' dir='ltr' id='par_1_115' title="bbox 1075 2644 1862 2687">
     <span class='ocr_line' id='line_1_115' title="bbox 1075 2644 1862 2687; baseline 0.011 -16"><span class='ocrx_word' id='word_1_861' title='bbox 1075 2644 1120 2671; x_wconf 76' lang='grc' dir='ltr'><strong>διὰ</strong></span> <span class='ocrx_word' id='word_1_862' title='bbox 1148 2645 1173 2672; x_wconf 87' lang='grc' dir='ltr'><strong>τί</strong></span> <span class='ocrx_word' id='word_1_863' title='bbox 1201 2647 1313 2673; x_wconf 83' lang='grc' dir='ltr'>σεαυτὸν</span> <span class='ocrx_word' id='word_1_864' title='bbox 1336 2650 1421 2680; x_wconf 83' lang='grc' dir='ltr'>ποιεῖς</span> <span class='ocrx_word' id='word_1_865' title='bbox 1452 2649 1624 2684; x_wconf 71' lang='grc' dir='ltr'>αἰχμάλωτον</span> <span class='ocrx_word' id='word_1_866' title='bbox 1646 2652 1693 2678; x_wconf 76' lang='grc' dir='ltr'>τοῦ</span> <span class='ocrx_word' id='word_1_867' title='bbox 1717 2652 1862 2687; x_wconf 74' lang='grc' dir='ltr'>διαϐόλους</span> 
     </span>
    </p>
   </div>
   <div class='ocr_carea' id='block_1_116' title="bbox 1077 2691 1862 2734">
    <p class='ocr_par' dir='ltr' id='par_1_116' title="bbox 1077 2691 1862 2734">
     <span class='ocr_line' id='line_1_116' title="bbox 1077 2691 1862 2734; baseline 0.013 -18"><span class='ocrx_word' id='word_1_868' title='bbox 1077 2691 1186 2725; x_wconf 84' lang='grc' dir='ltr'>Ἀρχων</span> <span class='ocrx_word' id='word_1_869' title='bbox 1202 2692 1317 2724; x_wconf 81' lang='grc' dir='ltr'>κτίσεως</span> <span class='ocrx_word' id='word_1_870' title='bbox 1337 2694 1553 2731; x_wconf 81' lang='grc' dir='ltr'>ἐχειροτονήθης,</span> <span class='ocrx_word' id='word_1_871' title='bbox 1576 2697 1622 2723; x_wconf 67' lang='grc' dir='ltr'>καὶ</span> <span class='ocrx_word' id='word_1_872' title='bbox 1640 2698 1794 2734; x_wconf 68' lang='grc' dir='ltr'>ἀπέρριψας</span> <span class='ocrx_word' id='word_1_873' title='bbox 1815 2707 1862 2726; x_wconf 72' lang='grc' dir='ltr'>σε·</span> 
     </span>
    </p>
   </div>
   <div class='ocr_carea' id='block_1_117' title="bbox 1077 2735 1862 2780">
    <p class='ocr_par' dir='ltr' id='par_1_117' title="bbox 1077 2735 1862 2780">
     <span class='ocr_line' id='line_1_117' title="bbox 1077 2735 1862 2780; baseline 0.014 -19"><span class='ocrx_word' id='word_1_874' title='bbox 1077 2735 1196 2771; x_wconf 79' lang='grc' dir='ltr'>μνότητσι</span> <span class='ocrx_word' id='word_1_875' title='bbox 1211 2738 1259 2772; x_wconf 78' lang='grc' dir='ltr'><strong>τῆς</strong></span> <span class='ocrx_word' id='word_1_876' title='bbox 1276 2739 1371 2766; x_wconf 83' lang='grc' dir='ltr'>ἑαυτοῦ</span> <span class='ocrx_word' id='word_1_877' title='bbox 1386 2740 1505 2775; x_wconf 50' lang='grc' dir='ltr'>φύσεως</span> <span class='ocrx_word' id='word_1_878' title='bbox 1527 2742 1624 2774; x_wconf 71' lang='grc' dir='ltr'>Δοῦλος</span> <span class='ocrx_word' id='word_1_879' title='bbox 1639 2744 1773 2780; x_wconf 74' lang='grc' dir='ltr'><strong>ἐκλήθης”</strong></span> <span class='ocrx_word' id='word_1_880' title='bbox 1790 2745 1816 2771; x_wconf 86' lang='grc' dir='ltr'><strong>τί</strong></span> <span class='ocrx_word' id='word_1_881' title='bbox 1831 2754 1862 2772; x_wconf 80' lang='grc' dir='ltr'><strong>σε</strong></span> 
     </span>
    </p>
   </div>
   <div class='ocr_carea' id='block_1_118' title="bbox 1076 2779 1862 2824">
    <p class='ocr_par' dir='ltr' id='par_1_118' title="bbox 1076 2779 1862 2824">
     <span class='ocr_line' id='line_1_118' title="bbox 1076 2779 1862 2824; baseline 0.015 -19"><span class='ocrx_word' id='word_1_882' title='bbox 1076 2779 1154 2806; x_wconf 74' lang='grc' dir='ltr'>λυπεῖ</span> <span class='ocrx_word' id='word_1_883' title='bbox 1183 2782 1199 2816; x_wconf 89' lang='grc' dir='ltr'><strong>ἡ</strong></span> <span class='ocrx_word' id='word_1_884' title='bbox 1230 2782 1334 2809; x_wconf 82' lang='grc' dir='ltr'>δουλεία</span> <span class='ocrx_word' id='word_1_885' title='bbox 1361 2785 1406 2811; x_wconf 73' lang='grc' dir='ltr'><strong>τοῦ</strong></span> <span class='ocrx_word' id='word_1_886' title='bbox 1433 2786 1581 2821; x_wconf 52' lang='lat' dir='ltr'><strong>saepe-cog;</strong></span> <span class='ocrx_word' id='word_1_887' title='bbox 1613 2788 1656 2814; x_wconf 68' lang='grc' dir='ltr'><strong>διὰ</strong></span> <span class='ocrx_word' id='word_1_888' title='bbox 1686 2790 1712 2815; x_wconf 73' lang='grc' dir='ltr'><strong>τί</strong></span> <span class='ocrx_word' id='word_1_889' title='bbox 1790 2790 1862 2824; x_wconf 73' lang='grc' dir='ltr'>μέγα</span> 
     </span>
    </p>
   </div>
  </div>
