1977 3071
105 99 156 128 265

475 92 507 119 ΙΝ
529 91 652 124 VERBA,
676 91 864 120 FACIAMUS
886 90 1080 120 IIOMINILM.
1098 89 1185 120 £112.,
1206 86 1309 116 OllAT.
1325 88 1344 115 I.

1682 91 1733 118 266

104 156 213 193 φρονεῖς
236 155 269 189 τῇ
293 151 435 188 δεσποτεία
461 153 494 188 τῇ
522 151 599 188 παρά
612 150 680 177 Θεοῦ
698 159 739 176 σοι
759 148 897 189 δεδομένη,

953 155 1002 174 cur
1017 149 1121 174 natura:
1137 151 1188 173 tua:
1212 147 1372 180 gravitatem
1390 147 1555 183 projecisti?
1584 147 1618 174 At
1637 155 1734 176 servus

104 203 146 229 δτι
161 199 289 234 λογισμὸν
303 198 374 233 ἔχεις
396 197 489 224 παθῶν
504 197 654 231 δεσπότην;
674 196 756 222 Ὅταν
778 194 836 229 ίδῃς
851 194 896 220 τδν

103 247 237 281 δεσπότην
253 253 300 271 σου
324 243 417 270 δοῦλον
440 244 505 270 ὅντα
524 243 573 277 τῆς
598 242 694 277 ἡδονῆς
706 261 713 274 ,
741 240 852 267 σεαυτὸν
868 240 897 266 δὲ

105 291 242 326 σώφρονα,
263 289 381 324 γίνωσκε
397 288 438 315 ὅτι
456 288 489 314 σὺ
507 288 557 323 μὲν
576 285 601 314 εἴ
615 286 706 318 δοῦλος
720 286 832 320 ὀνόματι
850 284 898 320 μό-

105 345 165 369 νον,
189 336 293 366 ἐκεῖνος
314 334 343 361 δὲ
365 334 477 369 ὀνόματι
504 333 553 368 μὲν
573 332 628 367 ἔχει
654 332 703 367 τὴν
726 331 896 363 δεσποτείαν,

103 382 177 418 ἔργῳ
206 380 235 407 δὲ
265 378 462 414 βεϐαιουμένην
493 377 549 413 ἔχει
573 377 622 412 τὴν
652 376 784 403 δουλείαν.
815 376 896 412 Ὁρᾷς

105 428 208 454 ἐκεῖνον
223 425 292 462 μετὰ
307 425 357 460 τῆς
373 425 474 460 πόρνης
492 424 639 458 συρόμενον
651 431 658 438 ·
683 422 794 449 σεαυτὸν
807 421 835 448 δὲ
847 422 896 456 τῆς

105 472 209 507 πόρνης
231 469 466 505 καταφρονοῦνταε
494 468 552 499 πῶς
572 467 632 502 οὐχὶ
647 467 679 494 σὺ
699 467 747 502 μὲν
763 464 787 492 εἷ
799 466 896 492 δεσπό-

105 526 156 552 της
170 516 217 543 τοῦ
233 515 345 546 πάθους,
364 516 464 545 ἐκεῖνος
477 513 506 540 δὲ
520 513 611 545 δοῦλός
627 513 686 538 ἐστι
706 511 759 539 τῶν
775 511 829 538 ὑπδ
849 511 895 537 σοῦ

107 560 285 596 πατουμένων
302 558 418 595 ήδονῶν;
439 558 520 584 ’Ὥστε
532 558 572 589 τὸ,
592 566 600 583 t
614 557 776 592 Ποιήσωμεν
789 555 895 590 ἄνθρω-

106 615 168 638 πον,
185 607 232 633 καὶ
247 607 418 641 ἀρχέτωσαν,
434 613 443 630 ›
462 603 536 638 δηλοῖ
551 603 592 629 ὃτι
613 603 681 629 ὅπου
704 604 720 638 ὴ
737 601 784 628 τοῦ
800 601 895 636 ἄρχειν

106 653 230 688 δύναμις,
246 652 335 686 ὲκεῖὴ
347 650 394 677 τοῦ
412 649 482 676 Θεοῦ
499 649 593 677 εἰκών.

145 755 154 772 ι
174 745 344 782 Ἀρχέτωσαν
367 743 421 770 τῶν
445 742 556 777 ίχθύων.
575 751 583 767 ι
616 739 726 775 Πρῶτον
752 738 818 773 ἡμῖν
841 737 894 763 τῶν

107 775 306 828 ἀπῳκισμένων
322 791 338 825 ἡ
354 789 424 824 ἀρχὴ
439 775 527 823 ἐδόθη.
544 787 601 813 Οὐκ
615 784 700 817 εἶπεν,
725 785 895 820 Ἀρχέτωσαν
912 775 933 802 Β

107 837 160 864 τῶν
174 837 329 872 συντρόφων
340 835 426 866 ζώων,
438 833 504 860 ἀλλὰ
517 833 570 859 τῶν
589 831 687 867 ἰχθύων
698 840 704 846 ·
721 831 830 865 ἔνυδρος
841 828 895 864 γὰρ

107 883 195 911 αὐτῶν
210 884 226 918 ἠ
245 883 347 909 δίαιτα.
365 880 424 906 Τῶν
438 878 484 906 οὖν
497 879 595 914 ίχθύων
611 878 688 913 ἐδόθη
709 878 776 913 ἡμῖν
789 878 805 912 ἡ
825 875 895 911 ἀρχὴ

106 930 224 966 πρῶτον.
256 928 310 955 Καὶ
332 927 391 958 πῶς
415 926 468 952 τῶν
493 924 590 960 ίχθύων
614 924 759 959 ἄρχομενς
788 922 823 949 Εἴ
844 930 895 967 που

107 978 192 1012 ἔγνως
205 975 343 1002 ἑαυτὸνέν
353 974 437 1009 λίμνῃ
451 970 656 1007 παραφανέντα,
666 969 723 1002 πῶς
739 971 756 1005 ἡ
773 969 836 996 σκιά
849 977 896 995 σου

108 1023 196 1050 πάντα
212 1020 364 1055 διεπτόησε.
386 1018 434 1049 Τίς
450 1017 536 1048 οὕτως
553 1015 686 1049 δεσπότης
708 1014 796 1046 οίκίας
817 1014 896 1050 θορυ-

107 1066 240 1101 ϐουμένου
251 1064 298 1091 τοῦ
313 1064 387 1089 οἴκου
406 1061 514 1097 ἀθρόως
530 1060 645 1092 ἐπιστὰς
667 1059 785 1095 ἡσυχίαν
803 1060 896 1094 ἐποίη-

107 1121 149 1144 σε,
162 1112 208 1139 καὶ
230 1111 319 1138 πάντα
335 1109 482 1145 μετεδιιλεν
503 1108 542 1139 είς
552 1106 699 1141 εὐκοσμίαν
713 1107 746 1141 τῇ
762 1106 897 1141 παρουσίᾳ

107 1159 154 1187 τοῦ
175 1156 352 1193 κρατοῦντος;
379 1155 441 1186 Πῶς
461 1154 536 1181 πᾶσα
557 1154 573 1188 ἠ
599 1152 707 1188 ἔνυδρος
724 1152 813 1184 κτίσις
837 1153 897 1178 ἑπι-

108 1205 235 1240 φανέντος
247 1203 304 1235 ἐνὸς
318 1201 471 1237 ἀνθρώπου,
488 1199 651 1235 μεταὸάλλει
665 1199 695 1225 τὸ
709 1199 818 1234 σχῆμα;
834 1199 897 1225 οὑκ-

108 1252 148 1278 έτι
166 1251 215 1285 τὴν
230 1249 374 1284 ἐλευθέραν
390 1247 446 1283 ἔχει
459 1245 608 1281 διαγωγὴν,
622 1245 653 1271 οὐ
665 1244 751 1280 τολμᾷ
770 1244 897 1280 ἐπινήξα-

109 1297 170 1323 σθαι
185 1297 241 1327 τοῖς
258 1294 352 1326 νώτοις
366 1294 415 1328 τῆς
427 1292 564 1327 θαλάσσης
577 1291 593 1326 ἦ
609 1291 658 1326 τῆς
671 1290 780 1325 λίμνης.
801 1290 829 1316 ὐ
840 1289 898 1316 δελ-

108 1343 154 1377 φὶς
164 1343 226 1370 ὅταν
236 1350 286 1368 που
298 1340 410 1375 πλησίον
421 1339 561 1374 ἄνθρωπον
572 1337 635 1364 ὄντα
657 1337 797 1372 θεάσηται,
809 1336 896 1363 καίτοι

108 1388 198 1423 δελφίς
220 1389 276 1414 ἐστι
297 1386 351 1413 τῶν
371 1384 477 1420 νηκτῶν
495 1385 509 1411 ὁ
534 1382 754 1418 βασιλικώτατος,
772 1383 894 1409 αἰδεῖται.

109 1435 201 1466 Οὖτυις
217 1433 294 1468 ἐδόθη
307 1432 346 1467 τῷ
359 1431 493 1466 ἀνθρώπῳ
508 1431 524 1466 ἡ
538 1430 613 1476 κατὰ,
622 1428 894 1476 τῶνννηκτῷνὲἀρχή.
911 1447 932 1476 C

110 1482 194 1508 Ὅταν
208 1480 236 1506 δὲ
248 1479 306 1514 ῐδῃς
324 1476 436 1506 σεαυτοῦ
450 1477 495 1505 τὸν
509 1475 636 1511 λογισμὸν
650 1475 758 1502 πάντων
770 1474 897 1509 διήκοντα

110 1526 157 1553 καὶ
170 1525 278 1552 πάντων
293 1522 454 1559 κρατοῦντα,
470 1521 529 1553 πῶς
542 1521 601 1556 οὐχὶ
614 1520 668 1547 τῶν
681 1519 772 1556 κητῶν
785 1520 879 1555 ἄρχεις
890 1528 897 1552 ;

110 1571 187 1600 Εἶδον
204 1570 259 1606 ἐγὼ
274 1570 394 1597 ἐπίνοιαν
418 1567 602 1602 ἀνθρωπίνην,
617 1567 658 1593 ὅτι
676 1566 797 1593 ποιοῦσιν
817 1566 898 1600 ἀγκί-

112 1627 197 1655 στρων
217 1617 298 1644 τινῶν
319 1615 502 1651 κατασκευὴν,
528 1614 574 1641 καὶ
588 1614 692 1644 τούτοις
709 1612 899 1644 ἐπιϐάλλοντες

109 1665 278 1700 δελεάσματα
308 1663 452 1698 σύμμετρα
485 1660 526 1696 τῷ
559 1659 668 1695 μεγέθει
698 1659 752 1686 τῶν
779 1668 898 1686 καταπι-

109 1711 207 1738 νόντων
220 1709 321 1744 κητῶν.
335 1707 403 1736 Εἶτα
413 1707 466 1734 τῶν
482 1707 574 1742 ἄκρων
584 1705 697 1732 ἐκείνων
709 1705 764 1732 τῶν
775 1704 899 1740 σχοινίων

109 1752 146 1782 ὧν
163 1756 334 1791 ἀπήρτηνται
351 1754 378 1780 αι
396 1753 539 1787 ἀγκιστροι
560 1751 632 1777 κατά
651 1751 682 1777 τὸ
702 1750 796 1786 ἕτερον
812 1750 900 1785 πέρας

110 1801 210 1832 ἀσκοὺς
232 1800 370 1834 πνεύμασι
389 1798 572 1828 διατείναντες
596 1798 644 1824 καὶ
659 1796 824 1832 ἐκδήσαντες
844 1795 899 1822 τῶν

110 1846 203 1882 ἄκρων
227 1845 358 1877 ἐκείνων,
376 1844 531 1879 μετεώρους
554 1842 666 1877 ἀφίασιν
685 1841 768 1877 ὓπερ,
784 1842 831 1868 ἐπὶ
852 1841 899 1867 τοῦ

110 1893 256 1926 πελάγους,
293 1890 453 1925 Ἐνεχθέντα
482 1889 571 1915 τοίνυν
599 1887 634 1914 τὰ
660 1888 743 1922 όγρια
757 1888 827 1923 κήτη
845 1888 900 1918 τοῖς

110 1937 287 1972 δελεάσμασι,
304 1936 350 1963 καὶ
364 1935 398 1962 τά
413 1935 549 1970 ἄγκιστρα
565 1933 611 1968 ἀφ’
628 1933 732 1960 ἑαυτῶν
754 1932 898 1968 δεξάμενα,

111 1984 189 2019 σύρει
207 1983 256 2018 μὲν
277 1983 341 2014 τοὺς
354 1982 454 2013 ἀσκοὺς
478 1981 518 2012 εὶς
550 1980 581 2007 τὸ
613 1979 706 2015 βάθος.
739 1978 770 2005 'H
793 1978 822 2005 δὲ
846 1978 900 2006 τῶν

110 2028 204 2057 ἀσκῶν
218 2027 299 2063 φύσις
313 2027 456 2062 ἀνωφερὴς
472 2023 550 2057 οὖσα,
565 2025 645 2052 πάλιν
659 2023 783 2051 ἀνθέλκει
800 2025 840 2055 είς
851 2023 900 2060 τὴν

113 2074 284 2108 ἐπιφάνειαν,
301 2072 348 2099 καὶ
359 2071 563 2107 ἐμπεπαρμένα
575 2072 608 2106 τῇ
624 2071 678 2106 ίδίᾳ
689 2071 775 2106 τροφῇ
787 2069 843 2097 ἀνω
853 2069 900 2096 καὶ

948 192 1070 219 diceris:
1099 199 1149 219 cur
1174 198 1275 218 mteres
1300 192 1424 227 corporis
1447 193 1593 227 servitute,
1618 201 1650 220 ac
1679 201 1734 220 non

948 237 1040 272 potius
1066 236 1221 272 principatu
1250 236 1297 263 tibi
1327 245 1342 263 a
1358 238 1411 265 Deo
1437 238 1538 266 tradito
1565 239 1679 274 gaudes,
1707 244 1734 265 el.

948 282 1099 318 gloriaris'?
1124 282 1192 310 Cum
1223 282 1299 310 vides
1326 282 1468 310 dominum
1498 288 1574 311 tuum
1601 285 1734 319 voluptati

949 328 1146 363 mancipatum,
1162 328 1277 362 teipsum
1304 333 1394 355 autem
1413 333 1620 364 temperantem,
1643 337 1735 357 nonne

949 373 1091 409 intelligis,
1107 378 1133 401 te
1150 373 1260 401 nomine
1280 374 1413 402 duntaxat
1439 382 1501 402 esse
1520 383 1639 407 servum,
1658 376 1733 402 illum

948 424 1045 448 contra
1068 421 1178 448 nomine
1196 424 1301 447 tantum
1328 421 1410 456 potiri
1428 420 1580 453 dominatu,
1601 429 1629 448 re
1644 426 1735 448 autem

948 460 1174 501 in’gravissima
1202 466 1333 493 servitute
1363 466 1504 493 detineri?
1535 466 1611 493 illum
1644 472 1736 494 scorto

948 511 1115 544 devinctum,
1132 515 1159 538 et
1184 511 1346 539 obstrictum
1369 511 1470 544 cernis,
1486 516 1512 538 tu
1528 516 1618 539 autem
1644 517 1735 539 scorta

949 555 1068 590 despicis
1084 560 1165 590 atque
1184 552 1352 591 aspernaris.
1368 556 1461 591 Itaque
1475 561 1503 583 tu
1517 557 1735 591 perturbationis

949 601 1078 630 dominus
1094 610 1134 634 es,
1149 603 1194 630 ille
1214 603 1396 637 voluptatum,
1412 611 1473 637 qua:
1497 604 1545 631 abs
1574 607 1600 630 te
1622 604 1736 631 devicta:

949 651 1024 679 sunt,
1034 656 1140 675 servus.
1161 657 1169 673 ι
1181 648 1324 676 Faciamus
1335 656 1399 683 ergo
1411 648 1559 681 hominem,
1571 653 1598 676 et
1610 649 1711 684 pra‘sit.
1724 660 1732 676 ι

951 691 1001 720 Ubi
1016 697 1058 720 est
1073 693 1224 728 imperandi
1239 694 1291 726 vis,
1306 695 1360 722 illic
1376 699 1402 722 et
1413 695 1502 730 imago
1520 695 1578 722 Dei.

986 749 996 764 ί
1008 739 1104 767 Praesit
1117 741 1246 775 piscibus.
1260 751 1269 767 ι
1291 740 1412 768 Primum
1429 741 1510 768 nobis
1521 742 1614 769 datum
1626 746 1668 769 est
1684 742 1736 768 im-

948 785 1053 819 perium
1063 786 1089 812 in
1097 793 1140 816 ea,
1154 794 1214 820 quze
1227 786 1394 814 habitatione
1408 794 1422 813 a
1438 787 1518 814 nobis
1525 787 1650 821 seiuncta
1660 792 1734 815 sunt.

947 831 1006 859 Non
1020 831 1088 858 dixit
1104 852 1110 864 ,
1126 831 1224 860 Prwsit
1240 833 1434 866 animantibus,
1450 841 1510 868 qua:
1522 834 1604 861 simul
1616 842 1677 861 cum
1697 834 1736 869 ip-

948 884 978 904 so
995 881 1059 903 sunt
1073 876 1200 910 educata,
1218 876 1265 904 sed
1278 877 1410 912 piscibus,
1433 878 1480 912 qui
1506 878 1589 905 vitam
1610 878 1637 905 in
1658 879 1736 914 aquis

948 923 1060 957 degunt.
1079 921 1172 949 Primo
1197 922 1279 957 igitur
1296 923 1374 950 nobis
1393 923 1419 949 in
1444 923 1534 957 pisces
1547 923 1677 950 traditum
1695 929 1737 952 est

949 969 1104 1004 imperium.
1124 969 1266 1001 Quomodo
1283 973 1374 996 autem
1401 970 1523 1004 piscibus
1549 970 1738 1004 imperamus?

948 1014 976 1042 Si
992 1020 1102 1049 propter
1119 1014 1207 1041 lacum
1224 1014 1342 1049 aliquem
1361 1015 1539 1049 Conspiccris,
1565 1015 1644 1043 facile
1659 1022 1736 1050 potes

948 1060 1179 1093 animadvertere,
1196 1061 1334 1095 quomodo
1356 1061 1389 1088 ad
1412 1061 1534 1088 umbram
1553 1067 1626 1088 tuam
1640 1070 1736 1090 omnes

949 1105 1085 1141 trepident
1101 1113 1134 1132 ae
1158 1106 1383 1133 contremiscam.
1410 1106 1478 1139 Quis
1498 1106 1582 1134 herus
1606 1106 1735 1134 familiam

950 1150 1162 1177 tumultuantem
1187 1149 1263 1177 domi
1288 1155 1400 1184 repente
1416 1150 1570 1178 consistens
1595 1152 1631 1177 ita
1647 1151 1734 1182 sedat,

948 1196 1150 1232 praesentiaque
1168 1203 1217 1223 sua
1239 1202 1339 1223 cuneta
1366 1196 1393 1222 in
1420 1195 1545 1223 ordinem
1577 1197 1683 1231 redigit,
1709 1202 1737 1224 et

949 1243 1107 1270 universum
1138 1242 1292 1269 natantium
1330 1250 1416 1276 genus
1448 1242 1480 1269 ad
1512 1243 1592 1269 unius
1618 1243 1736 1270 hominis

948 1293 1091 1324 aspectum
1115 1288 1229 1324 ﬁguram
1258 1291 1356 1320 mutat,
1384 1291 1413 1314 ut
1437 1296 1490 1314 non
1518 1289 1637 1323 amplius
1653 1289 1737 1317 libere

947 1335 1055 1371 degere,
1070 1343 1121 1363 nec
1131 1343 1179 1370 per
1191 1335 1274 1363 maris
1287 1335 1396 1362 lucusve
1409 1343 1531 1364 summas
1543 1336 1631 1363 undas
1643 1341 1737 1364 natare

948 1382 1073 1409 audeat?
1085 1381 1236 1416 Delphinus
1248 1381 1318 1415 ipse,
1334 1381 1379 1416 qui
1399 1381 1468 1408 inter
1482 1381 1621 1414 animalia,
1637 1390 1697 1417 qua:
1709 1382 1737 1409 in

949 1428 1027 1463 aquis
1042 1427 1153 1462 degunt,
1172 1427 1319 1462 plurimum
1341 1431 1441 1462 potest,
1461 1428 1599 1455 hominem
1617 1433 1736 1460 veretur,

949 1478 976 1502 et
995 1474 1132 1502 observat.
1147 1473 1192 1501 Sic
1205 1474 1309 1500 homini
1324 1475 1350 1500 in
1364 1482 1395 1501 ea
1409 1474 1489 1502 datus
1502 1480 1542 1502 est
1555 1475 1737 1511 principatus.

950 1520 1031 1554 Quid,
1049 1528 1112 1548 cum
1130 1519 1237 1547 ratione
1253 1520 1285 1547 ad
1305 1520 1350 1547 illa
1367 1521 1485 1552 accedis,
1498 1527 1525 1548 et
1542 1522 1633 1548 omnia
1657 1530 1738 1558 supe-

950 1575 1006 1599 ras,
1019 1574 1110 1594 nonne
1124 1567 1178 1594 illis
1188 1566 1342 1594 dominaris
1355 1567 1366 1593 ’ἶ
1386 1567 1572 1595 Animadverti
1591 1576 1641 1603 ego
1653 1569 1740 1596 soler-

951 1614 1015 1640 tiam
1041 1613 1201 1644 hominum,
1227 1613 1273 1648 qui
1301 1613 1389 1640 hamis
1421 1614 1453 1640 ad
1482 1619 1558 1642 celos
1590 1615 1739 1649 capiendos

949 1659 1093 1690 confectis,
1107 1665 1188 1694 atque
1206 1667 1268 1687 esca
1285 1667 1334 1694 pro
1350 1660 1455 1686 ratione
1481 1660 1678 1694 magnitudinis
1691 1669 1739 1689 eo-

951 1713 1011 1732 rum
1026 1705 1237 1741 deglutientium
1256 1705 1374 1740 adjecta,
1388 1706 1504 1733 summis
1533 1706 1587 1734 illis
1615 1706 1739 1738 funibus,

950 1751 1053 1786 quibus
1073 1751 1146 1778 hami
1171 1751 1296 1786 suspensi
1312 1756 1387 1783 sunt,
1410 1757 1485 1778 utres
1508 1759 1540 1778 ex
1555 1752 1641 1779 altera
1664 1757 1740 1787 parte

950 1803 1031 1824 vento
1048 1796 1142 1831 plenos
1173 1796 1296 1830 alligant,
1325 1804 1428 1830 eosque
1454 1796 1573 1831 pensiles
1595 1797 1741 1824 demittunt

951 1849 1033 1876 super
1048 1849 1134 1868 mare.
1159 1841 1194 1868 At
1217 1841 1347 1869 immania
1370 1845 1431 1869 cete
1458 1841 1554 1869 hamos
1570 1842 1651 1869 simul
1677 1850 1740 1869 eum

950 1894 1013 1915 esca
1028 1887 1218 1922 deglutientia,
1235 1891 1310 1914 utres
1327 1886 1438 1922 quidem
1456 1887 1484 1914 in
1502 1887 1668 1922 profundum
1685 1892 1741 1915 tra-

951 1932 1031 1964 hunt,
1046 1939 1153 1964 verum,
1166 1939 1228 1959 cum
1241 1939 1274 1959 ea
1288 1933 1324 1959 sit
1340 1933 1442 1959 utrium
1458 1937 1568 1965 natura,
1584 1937 1614 1959 ut
1629 1941 1739 1960 sursum

951 1978 1078 2010 tendant,
1096 1985 1206 2006 rursum
1218 1978 1252 2005 ad
1264 1978 1348 2006 maris
1363 1979 1535 2014 superﬁciem
1548 1979 1740 2011 retrahuntur,

951 2029 1054 2053 etcum
1082 2032 1133 2052 suo
1152 2025 1259 2052 conﬁxa
1285 2026 1453 2053 nutrimento
1479 2033 1589 2053 sursum
1611 2029 1639 2052 et
1661 2025 1742 2053 deor-

952 2079 1012 2099 sum
1040 2072 1255 2104 tumultuantur,
1285 2071 1443 2107 jactataque
1474 2073 1683 2107 obstupescunt,
1704 2077 1742 2099 et

110 2121 186 2147 κάτω
221 2118 421 2154 μαιμάσσοντα,
452 2117 500 2143 καὶ
528 2115 685 2143 ἀλλοιοῦντα
709 2116 772 2147 τοὺς
801 2115 897 2150 βυθοὺς

952 2117 1033 2145 modo
1051 2118 1114 2150 hoc,
1131 2117 1213 2145 modo
1240 2117 1304 2144 illoc
1331 2118 1512 2145 dimetiuntur
1536 2124 1621 2148 mare,
1641 2117 1740 2148 donec,

109 2166 288 2202 διερευνᾶται.
316 2164 426 2199 Πελάγη
451 2163 576 2198 πελαγῶν
593 2163 757 2198 ἀναμετρεί,
783 2161 830 2188 καὶ
854 2161 901 2188 τὸν

111 2212 194 2239 πολὺν
209 2212 284 2238 τόνον
298 2210 439 2246 ἄπρακτον
454 2209 525 2245 ἔχον,
538 2209 692 2235 τελευταῖον
708 2207 747 2243 τῷ
759 2206 900 2243 ἀγκίστρῳ

112 2258 208 2293 ἐκείνῳ
222 2256 360 2292 ἁλώσιμον
380 2256 486 2290 γίνεται
500 2275 507 2286 ,
531 2255 570 2290 τῷ
593 2254 667 2289 πόνῳ
683 2253 820 2289 δαμασθὲν
832 2273 840 2285 ,
861 2252 901 2288 τῷ

111 2303 182 2339 λιμῷ
195 2302 395 2337 καταπονηθὲν,
409 2301 506 2337 νεκρὸν
522 2301 591 2336 μετά
606 2300 660 2326 τῶν
677 2300 771 2326 ἀσκῶν
785 2299 901 2334 συρόμε-

111 2358 166 2381 νον,
181 2349 292 2385 θήραμα
303 2348 406 2383 γίνεται
420 2347 460 2382 τῷ
471 2346 576 2383 θηρατῇ
586 2355 592 2361 ·
603 2345 644 2381 τῷ
659 2345 760 2381 μικρῷ,
775 2345 806 2371 τὸ
819 2344 899 2380 μέγα·

112 2394 151 2429 τῷ
164 2394 283 2426 ἀσθενεῖ,
297 2393 329 2420 τὸ
342 2393 468 2420 ἀπλετον.
481 2392 530 2419 Διά
547 2392 590 2424 τί;
606 2392 647 2418 ὅτι
663 2393 696 2427 τῇ
711 2391 758 2417 τοῦ
769 2390 900 2425 λογισμοῦ

111 2440 255 2477 περιουσίᾳ
277 2439 390 2475 δύναμιν
411 2438 458 2465 τοῦ
481 2438 575 2474 ἄρχειν
600 2438 712 2468 λαθὼν,
740 2437 778 2468 ὡς
798 2436 901 2468 κακοὺς

110 2487 246 2523 δραπέτας
265 2486 333 2522 πρὸς
350 2485 493 2521 ἀκρίϐειαν
509 2484 570 2519 ἀγει
587 2484 651 2515 τοὺς
668 2483 880 2514 ἀπειθεστάτους
892 2491 899 2498 -

110 2533 174 2564 τοὺς
198 2532 236 2567 μὴ
259 2531 424 2566 δυναμένους
450 2530 484 2557 δι’
504 2530 674 2566 ἡμερότητος
702 2528 900 2564 προσαχθῆναι,

110 2577 220 2609 τούτους
231 2577 275 2604 διὰ
287 2577 338 2612 τῆς
353 2577 475 2612 ἀνάγκης
487 2575 637 2602 δουλοῦται.
653 2574 746 2605 Οὕτως
763 2573 900 2608 πανταχοῦ

111 2625 128 2660 ἠ
143 2623 190 2650 τοῦ
202 2624 296 2659 ἄρχειν
307 2623 421 2659 δύναμις
438 2623 512 2658 παρὰ
526 2622 572 2649 τοῦ
586 2622 728 2652 κτίσαντος
738 2620 900 2656 ἐγγινομένη

111 2670 150 2706 τῷ
166 2669 300 2706 ἀνθρώπῳ
317 2671 444 2705 ὑπάρχει.
468 2669 608 2696 Ἐντεῦθεν
624 2669 727 2704 Ξιφίαι.
744 2669 792 2696 καὶ
803 2668 902 2702 Ζύγαι-

111 2724 166 2746 ναι,
182 2715 229 2742 καὶ
242 2714 383 2746 Φάλαιναι,
399 2714 446 2741 καὶ
461 2714 586 2750 Πρίονες,
601 2714 649 2740 καὶ
663 2713 733 2749 βόες,
750 2713 798 2740 καὶ
812 2712 902 2740 πάντα

113 2761 205 2787 ικείνα
230 2760 264 2787 τὰ
289 2759 392 2795 φοϐερά
412 2759 466 2786 τῶν
494 2760 585 2791 κητῶν
602 2760 732 2796 ὀνόματα,
758 2758 900 2795 ὑποχείρια

113 2806 207 2840 γέγονε
225 2806 262 2840 τῷ
277 2805 423 2841 ἀνθρώπῳ.

262 2852 401 2881 ΡΑτιιοιη
426 2851 486 2882 Gn.
512 2851 620 2881 XLIV.

951 2164 1040 2191 multo
1057 2163 1160 2191 frustra
1181 2164 1276 2192 labore
1292 2167 1468 2198 consumpto,
1486 2163 1592 2191 defessa
1616 2163 1742 2198 fameque

951 2210 1066 2243 domita,
1092 2214 1175 2246 atque
1200 2210 1288 2237 hamis
1313 2210 1510 2244 comprehensa
1528 2209 1637 2236 tandem
1668 2209 1741 2236 occi-

951 2257 1030 2290 dunt,
1045 2261 1072 2284 et
1089 2264 1152 2284 cum
1162 2256 1270 2284 utribus
1282 2256 1439 2288 trahuntur,
1453 2260 1480 2282 et
1496 2257 1635 2282 venatoris
1648 2253 1740 2289 praeda

953 2302 1031 2334 ﬁunt,
1053 2302 1208 2337 ceduntque
1227 2309 1311 2336 parvo
1323 2301 1448 2337 grandia,
1460 2301 1598 2328 imbecillo
1609 2300 1738 2327 valentia.

952 2348 1024 2382 Quid
1049 2348 1108 2375 ita?
1135 2347 1270 2381 Quoniam
1300 2349 1334 2379 is,
1367 2347 1412 2381 qui
1437 2347 1552 2374 rationis
1583 2347 1739 2382 prmstantia

951 2393 1120 2425 dominatum
1134 2397 1178 2421 est
1203 2398 1354 2424 assecutus,
1386 2397 1516 2428 tanquam
1540 2393 1676 2426 mancipia
1693 2401 1740 2420 ne-

951 2446 1047 2474 quam,
1063 2446 1095 2466 ac
1110 2437 1225 2473 fugitiva
1237 2446 1286 2474 per
1299 2439 1353 2466 vim
1368 2439 1402 2465 ad
1415 2438 1534 2466 oiﬁcium
1549 2443 1668 2470 revocat,
1680 2446 1741 2473 qua:

952 2485 1007 2511 alio
1023 2485 1110 2519 {pacto
1124 2484 1225 2512 adduci
1253 2492 1308 2512 non
1334 2485 1499 2520 potuissent,
1530 2489 1560 2512 ut
1577 2493 1640 2512 cum
1667 2485 1739 2512 ultro

953 2538 1049 2566 parere
1070 2531 1221 2564 noluerint,
1248 2531 1404 2559 necessario
1435 2532 1565 2558 serviant.
1595 2531 1670 2558 Adeo
1697 2532 1739 2558 vis

953 2577 1104 2612 imperandi
1120 2585 1135 2604 a
1152 2577 1207 2605 Deo
1233 2577 1336 2605 homini
1354 2578 1435 2605 insita
1454 2583 1482 2605 et
1497 2578 1616 2613 ingenita
1637 2577 1739 2612 ubique

952 2627 1037 2658 patet.
1055 2623 1093 2650 Ex
1119 2631 1173 2658 quo
1200 2623 1238 2656 ﬁt,
1263 2627 1293 2650 ut
1318 2624 1387 2651 eiet
1412 2623 1510 2658 xiphize
1527 2631 1574 2650 seu
1595 2623 1689 2658 gladii,
1710 2626 1740 2650 et

953 2676 1078 2704 zygaznaa,
1095 2674 1121 2697 et
1149 2669 1271 2702 balasnaz,
1286 2674 1313 2696 et
1329 2677 1420 2700 serrae,
1444 2673 1472 2696 et
1483 2669 1560 2696 vituli
1588 2666 1698 2700 marini,
1711 2670 1743 2694 et

954 2712 1058 2748 reliqua
1070 2713 1201 2741 terribilia
1218 2717 1339 2741 ceterum
1357 2721 1457 2749 genera
1476 2713 1600 2747 subjecta
1616 2712 1682 2740 sint.

1584 2844 1601 2874 9
