1977 3071
621 97 632 114 ὀ

247 129 296 156 267

245 242 277 261 ac
290 233 458 261 frondentem
483 234 590 260 leonem
614 241 670 260 non
688 233 802 268 aspicis,
822 233 902 268 cujus
918 234 959 261 vel
980 241 1031 261 no-

246 286 307 305 men
327 279 416 313 ipsum
439 277 505 305 ferri
529 286 585 305 non
604 282 703 313 potest,
723 278 905 314 fremitusque
929 283 1031 307 terram

246 323 416 351 tremefecit?
434 323 544 358 Ecquotl
563 327 672 350 tantum
690 328 732 351 est
750 324 843 356 robur,
856 329 885 351 ut
899 324 1031 359 impetum

244 369 304 403 ejus
328 373 409 403 queat
428 368 586 395 sustinere?
604 368 711 394 Nullum
736 368 838 396 animal
859 374 913 396 tam
926 369 1031 397 viribus

244 414 357 442 conlidit
377 414 451 446 suis.
470 419 500 440 ut
523 413 611 440 leonis
628 413 681 440 vim
698 413 819 448 perferre
835 414 934 449 possit.
951 414 1031 441 Atta-

243 467 306 486 men
323 458 399 485 illum
417 458 445 484 in
462 465 546 492 parvo
570 457 675 483 vivario
701 457 836 485 inclusunt
860 457 946 485 vides.
963 458 1030 490 Quis

244 505 333 539 ipsum
348 503 484 534 cohibuit.
507 510 539 530 ac
559 502 685 529 domuit?
703 503 770 536 Quis
783 505 911 539 exiguum
927 504 1030 539 ingenti

243 550 354 577 animali
378 556 517 576 carcerem
545 549 726 583 excogitavit?
751 549 819 582 Quis
840 557 919 577 raros
941 558 1030 578 caveae

243 599 338 631 lignea:
359 597 497 623 cancellos
511 597 647 624 exstruxit
662 596 736 628 ferte,
752 604 807 631 quo
823 597 980 632 respiraret,
996 605 1030 625 ne

242 651 292 672 suo
313 645 370 678 ipsa
386 643 508 670 anhelitu
528 642 720 675 suli‘ocaretur,
743 643 791 670 sed
808 643 893 670 libere
909 643 1028 670 animam

241 689 365 720 duceret,
387 696 541 723 secureque
563 688 695 723 degeret?
715 688 797 722 quis?
811 696 904 716 nonne
928 689 1029 716 homo?

242 735 267 762 is
297 735 463 762 smvissimas
492 741 618 768 quasque
648 733 720 760 feras
748 734 802 761 sibi
829 733 922 760 ludum
952 734 1027 761 facit.

241 781 337 808 Nonne
360 781 508 814 pantheras
533 778 622 806 illudit
639 779 746 813 objecta
767 779 873 812 charta,
893 779 1028 814 depictam

243 827 362 854 hominis
379 826 497 860 speciem
515 824 694 860 prmferente?
707 824 761 863 Illa:
777 830 931 859 correptam
948 825 1028 851 char-

241 877 296 900 tam
311 873 469 906 discerpunt
487 880 495 898 :
511 870 593 897 homo
612 877 678 897 vero
694 869 765 896 infra
784 870 892 904 positus
904 870 1024 897 ferarum

240 920 383 947 stultitiam
397 918 511 945 deridet.
523 915 618 944 Nonne
631 917 713 952 igitur
727 917 856 944 omnibus
867 916 1026 944 antecellit?

240 965 311 1000 Quid
329 965 362 992 de
378 964 537 992 volucribus
563 963 675 990 dicant?
698 963 726 990 in
742 970 806 990 acra
829 970 884 990 non
899 963 1024 990 ascendit

241 1012 334 1043 homo,
359 1019 415 1038 non
438 1011 511 1037 enim
537 1010 618 1037 habet
639 1009 698 1037 alas
716 1018 722 1036 ι
739 1013 767 1035 at
791 1010 881 1036 avium
904 1010 1024 1036 volatum

239 1058 265 1085 vi
285 1057 402 1084 rationis
422 1056 588 1091 assequitur.
605 1054 770 1082 Nillil'enim
791 1055 924 1082 rationem
944 1062 1024 1082 coer-

239 1111 300 1130 cere
325 1107 425 1138 potest.
456 1100 529 1133 llaac,
555 1108 615 1135 qua:
639 1101 666 1127 in
693 1099 915 1134 prol‘undissimis
937 1100 1023 1134 pelagi

239 1149 364 1184 partibus
388 1152 462 1180 sunt,
479 1150 627 1175 scrutatur.
645 1145 766 1172 Venatur
781 1153 824 1177 ea,
843 1153 902 1179 qua:
923 1150 1023 1172 terram

239 1195 361 1221 incolunt
377 1203 383 1221 :
399 1194 481 1228 capit,
505 1200 566 1228 qua:
594 1195 742 1219 versantur
767 1191 795 1217 in
826 1198 899 1218 aere.
923 1190 1024 1218 Vidisti

239 1241 385 1276 aliquando
406 1240 432 1267 in
448 1246 555 1267 suntme
571 1237 679 1265 arboris
700 1244 776 1263 ramo
795 1237 956 1264 insidentem
978 1244 1024 1263 vo-

239 1288 342 1314 lucrem
357 1291 494 1315 securam,
508 1287 589 1318 atque
601 1282 725 1309 homines
737 1285 940 1316 aspernantem,
953 1281 1024 1308 hanc

239 1337 330 1358 tamen
357 1337 424 1365 puer
443 1329 540 1356 ludens
562 1326 779 1361 comprehcndit.
805 1326 932 1354 Calamos
950 1327 1023 1354 enim

238 1377 351 1404 calamis
366 1375 487 1408 subjicit,
502 1381 604 1408 eosque
618 1379 741 1400 summos
752 1372 832 1399 illinit
850 1373 935 1400 visco.
954 1372 1023 1400 Tum

240 1429 402 1458 permutes,
426 1428 458 1458 ac
480 1420 545 1446 folia
563 1419 632 1446 clam
657 1419 693 1446 ita
710 1418 831 1453 disponit
854 1423 880 1446 ct
896 1419 976 1451 locat,
995 1424 1024 1447 nt

238 1469 342 1494 viscum
365 1474 419 1493 non
447 1469 578 1500 appareat
604 1465 692 1493 oculis
715 1465 835 1492 volucris
861 1465 886 1492 in
911 1465 1022 1493 sublimi

238 1511 376 1540 versantis
400 1521 407 1539 :

238 1559 453 1592 obstrictamque
471 1561 544 1584 tenet
561 1564 632 1589 eam,
657 1564 718 1591 qua:
737 1563 825 1583 aerem
839 1557 944 1590 incolit,
961 1564 1022 1592 qua:

239 1605 266 1632 in
287 1604 387 1631 aethere
408 1607 532 1636 vagatur.
558 1601 631 1628 lnlra
656 1606 749 1629 manet
770 1602 861 1636 homo,
884 1603 954 1630 infra
981 1609 1023 1632 est

240 1651 314 1677 illius
328 1657 435 1679 manus.
453 1647 500 1676 scd
516 1649 576 1683 ejus
591 1648 715 1675 ascendit
728 1649 868 1683 cogitatio.
880 1650 969 1684 Atque
986 1654 1023 1677 tta

238 1697 305 1724 nihil
322 1700 375 1726 est.
395 1695 427 1722 ad
444 1695 516 1730 quod
544 1694 589 1721 ille
611 1700 669 1721 arte
689 1701 743 1721 non
763 1695 915 1729 perveniat.
937 1696 1022 1723 Alites

239 1741 352 1772 retibus,
369 1741 531 1776 sagittisque
547 1740 626 1775 petit,
645 1743 672 1768 et
698 1748 792 1768 earum
809 1741 946 1769 avidiores
960 1749 1024 1769 esca

238 1788 334 1815 allicit.
346 1787 442 1814 Nonne
455 1787 602 1821 aliquando
621 1787 713 1814 vidisti
731 1787 850 1822 aquilam
873 1787 1022 1815 inhiantem

237 1836 344 1871 praedae.
368 1836 455 1871 plagis
480 1835 600 1862 irretiri?
627 1835 673 1862 Sic
701 1843 762 1870 qua:
777 1835 871 1862 volatu
895 1835 1023 1862 sublimia

238 1883 358 1918 petebat,
374 1882 502 1909 humanis
520 1881 654 1908 illecebris
666 1880 793 1908 deorsum
813 1881 942 1908 trahitur.
959 1880 1024 1908 01n-

238 1929 284 1955 nia
306 1927 424 1954 hominis
444 1927 538 1954 manui
555 1927 672 1961 subjecit
688 1926 769 1954 Dens.
792 1926 890 1953 Orbem
914 1926 1023 1953 univcr-

239 1982 298 2002 snm
315 1973 468 2008 complevit,
491 1977 518 2000 et
540 1973 678 2000 hominem
694 1972 864 2007 principatus
886 1976 1024 2008 expertem

238 2026 300 2046 esse
325 2019 421 2045 noluit.
447 2017 485 2045 Ne
514 2017 616 2044 dixeris
647 2021 674 2044 te
698 2017 731 2043 ab
760 2017 805 2048 iis,
828 2024 888 2051 quze
912 2018 939 2044 in
961 2025 1025 2044 acre

240 2068 395 2094 versantur.
416 2062 551 2098 superari.
567 2061 683 2088 Ratione
698 2058 771 2088 enim
787 2064 814 2087 et
834 2061 880 2087 illa
897 2061 946 2088 tibi
959 2060 1025 2088 sub-

238 2109 309 2144 jecta
329 2113 402 2140 sunt,
421 2109 492 2135 sicut
505 2115 613 2138 eorum,
631 2114 691 2141 qua:
706 2114 754 2141 per
769 2111 870 2133 terram
892 2106 1024 2141 gradiun-

238 2162 283 2184 tur
299 2159 326 2183 et
343 2159 467 2190 serpunt,
491 2155 597 2181 ratione
611 2153 739 2181 dominus
758 2160 797 2180 es.
819 2151 902 2180 Vides
924 2153 952 2181 in
969 2161 1025 2189 quo

237 2202 371 2229 consistat
385 2205 412 2228 te
430 2200 531 2227 factum
546 2207 607 2227 esse
622 2199 655 2226 ad
671 2198 817 2234 imaginem
835 2198 902 2226 Dei?

860 128 888 155 S.
909 127 1073 156 GltEGORll
1092 128 1238 158 NYSSENI

284 198 293 214 ‹
305 188 399 215 Prmsit
410 188 530 223 piscibus
540 188 634 220 inuris,
647 193 674 214 ct
688 188 784 215 bestiis
794 192 882 216 term.
896 198 905 214 ι
919 190 1033 216 Gravem
1048 190 1072 218 A

1815 133 1869 160 268

1126 200 1135 216 ι
1160 190 1330 226 Ἀρχέτωσαν
1346 190 1400 216 τῶν
1416 189 1513 225 ίχθύων
1530 190 1578 225 τῆς
1593 189 1739 225 θαλάσσης,
1755 191 1799 218 καὶ
1813 191 1867 219 τῶν

1083 236 1185 272 θηρίων
1200 237 1249 272 τῆς
1266 237 1327 271 γῆς.
1353 245 1362 262 ι
1383 236 1439 270 Οὐχ
1454 236 1520 271 ὁρᾷς
1541 235 1586 262 τὸν
1600 235 1694 262 λέοντα
1709 235 1754 262 τὸν
1770 236 1864 272 βαρὺν,

1081 283 1127 310 τὸν
1149 282 1322 318 βρυχητικὸν,
1348 279 1378 309 οὗ
1399 282 1448 308 καὶ
1468 281 1498 307 τὺ
1518 280 1604 316 ὄνομα
1621 281 1766 316 ἀφόρητον,
1790 283 1837 308 καὶ
1851 283 1867 309 ό

1083 329 1205 365 βρυγμὸς
1220 328 1373 363 ὑπότρομον
1387 328 1459 354 ποιεῖ
1468 326 1517 362 τὴν
1532 327 1597 362 γῆν;
1609 323 1630 360 ᾧ
1645 327 1699 353 τίνι
1712 327 1785 354 ἐστὶν
1795 327 1867 356 οὕτω

1082 375 1208 410 φορητὸν,
1228 374 1298 401 ὥστε
1320 374 1407 409 ὁρμὴν
1424 373 1506 401 αὐτοῦ
1532 374 1692 408 ὑπομεῖναι;
1710 374 1787 401 οὐδὲν
1811 375 1866 402 τῶν

1081 420 1158 453 ζώων
1179 420 1296 455 τοσαύτῃ
1321 419 1432 446 πέποιθε
1456 419 1596 453 δυνάμεως
1623 419 1776 454 περιουσίᾳ,
1794 419 1865 446 ὥστε

1081 467 1229 502 ὑποστῆναι
1244 466 1332 501 ὁρμὴν
1350 465 1464 497 λέοντος.
1493 465 1561 491 Ἀλλ’
1578 466 1652 500 ὅμως
1674 466 1776 492 ἐκεῖνον
1799 467 1866 502 δρᾷς

1080 513 1109 539 ὲν
1125 511 1214 548 μικρῷ
1231 511 1328 547 ζώγρῳ
1344 510 1616 545 κατακεκλεισμένον.
1630 511 1678 542 Τίς
1692 511 1706 536 ὁ
1720 511 1865 546 καθείρξας

1080 559 1178 591 αὑτόνς
1193 559 1207 585 ὸ
1226 558 1257 584 τὸ
1282 557 1379 593 μικρὸν
1402 557 1587 592 δεσμωτήριον
1608 556 1647 592 τῷ
1671 557 1781 592 μεγάλῳ
1803 550 1866 592 (die)

1079 605 1242 639 ὲπινοήσας;
1255 604 1297 635 τίς
1308 604 1367 639 δ’τῇ
1381 603 1521 639 ἀραιότητι
1532 603 1586 629 τῶν
1601 603 1741 638 στημόνων
1754 603 1864 629 ἐκείνων

1079 649 1133 676 τῶν
1147 649 1258 682 ξυλίνων
1272 649 1320 684 τὴν
1334 648 1469 684 ἀναπνοὴν
1484 647 1523 683 τῷ
1539 647 1626 684 θηρίῳ
1642 648 1863 683 παρασκευάσας,

1078 695 1116 727 ὡς
1137 695 1175 730 μὴ
1196 695 1340 727 ἀποπνῖξαι
1364 694 1429 720 αὐτὸ
1451 693 1489 728 τῷ
1505 693 1562 729 ἰδίῳ
1582 693 1712 728 ἄσθματι,
1730 693 1797 720 ἀλλὰ
1818 694 1865 720 καὶ

1079 741 1216 774 ἀναπνοὴν
1233 738 1384 774 ἐλευθέριον
1402 738 1477 772 αὐτῷ
1494 738 1572 770 δοὺς,
1590 737 1638 764 καὶ
1651 737 1700 772 τὴν
1715 737 1866 772 ἀσφάλειαν

1079 786 1302 822 διοικησάμενος
1319 785 1383 817 Τίς;
1400 785 1466 819 Οὐχὶ
1480 783 1638 819 ἄνθρωπος
1651 783 1764 818 παίγνια
1778 784 1865 810 ποιεῖ-

1079 840 1124 858 ται
1139 831 1192 858 τῶν
1207 830 1308 865 θηρίων
1328 830 1361 856 τὰ
1375 828 1566 864 χαλεπώτατα·
1582 828 1632 855 οὐκ
1648 828 1796 860 ἀποπαίζει
1810 828 1864 855 τῶν

1079 877 1256 913 παρδάλεων,
1285 877 1349 902 ὅταν
1371 876 1500 911 ὑποτείνῃ
1527 875 1632 910 χάρτην
1657 876 1696 906 εἰς
1721 874 1865 910 ἄνθρωπον

1079 922 1312 958 ἐσχηματισμένον
1324 930 1330 954 ;
1344 922 1389 948 καὶ
1403 922 1420 956 ἡ
1437 922 1495 956 μὲν,
1511 921 1557 947 τὸν
1576 921 1679 955 χάρτην
1698 921 1862 955 ἐσπάραξεν·

1077 970 1092 996 ὁ
1102 969 1131 995 δὲ
1147 968 1289 1003 ἄνθρωπος
1304 968 1379 994 κάτω
1396 967 1530 1002 κείμενος,
1546 966 1595 1001 τῆς
1609 966 1699 998 ἀνοίας
1708 966 1755 993 τοῦ
1769 966 1801 1001 Θη
1807 966 1864 1001 ρίου

1078 1014 1269 1048 κατεγέλασεν.
1287 1013 1325 1039 Οὐ
1341 1012 1482 1047 περιουσίᾳ
1499 1012 1607 1039 πάντων
1622 1013 1718 1046 κρατεῖ
1731 1012 1744 1038 ὁ
1758 1011 1863 1047 ἄνθρω-

1078 1068 1142 1091 πος;
1164 1059 1226 1090 Πῶς
1243 1059 1312 1084 εῐπω
1333 1066 1374 1083 σοι
1395 1057 1459 1091 περὶ
1478 1057 1531 1083 τῶν
1555 1056 1729 1091 πετομένωνς
1754 1056 1795 1082 ὅτι
1813 1055 1866 1082 οὐκ

1078 1105 1214 1133 ἀναϐαίνει
1237 1104 1284 1139 μὲν
1297 1105 1311 1130 ό
1328 1103 1470 1138 ἄνθρωπος
1485 1103 1524 1133 εἰς
1542 1102 1586 1128 τὸν
1599 1102 1677 1137 ἀέρα·
1693 1101 1723 1128 οὐ
1737 1101 1791 1137 γὰρ
1806 1101 1866 1136 ἔχει

1078 1152 1180 1187 πτερά·
1197 1149 1419 1185 συμπαρίπταται
1435 1148 1463 1174 δὲ
1481 1147 1537 1178 τοῖς
1560 1148 1672 1182 πτηνοῖς
1689 1148 1722 1182 τῇ
1746 1146 1794 1173 τοῦ
1816 1146 1864 1174 νοῦ

1077 1198 1199 1232 δυνάμει.
1221 1195 1303 1222 Οὐδὲν
1322 1194 1431 1229 κατέχει
1456 1193 1500 1220 τὸν
1519 1192 1657 1228 λογισμόν.
1678 1192 1718 1219 Τὰ
1738 1193 1766 1220 ὲν
1790 1192 1864 1228 βυθῷ

1076 1243 1263 1278 διερευνᾶται,
1286 1240 1319 1267 τὰ
1341 1239 1410 1274 ὑπὲρ
1427 1239 1480 1273 γῆς
1498 1237 1624 1273 θηρᾶται,
1645 1237 1679 1264 τὰ
1701 1237 1729 1263 ἐν
1751 1237 1789 1272 τῷ
1802 1237 1863 1273 ἀέρι

1078 1286 1344 1323 προκαταλαμϐάνει.
1375 1283 1451 1316 erat;
1483 1292 1546 1310 ποτε
1574 1284 1617 1310 ἐπ’
1649 1283 1735 1318 ἄκρου
1764 1283 1862 1310 κλάδου

1078 1333 1258 1368 καθεζόμενον
1286 1332 1379 1366 δρνεον
1411 1329 1569 1364 καταγελῶν
1603 1329 1657 1355 τῶν
1692 1328 1863 1364 ἀνθρώπων;

1077 1381 1189 1407 πέποιθε
1209 1379 1264 1414 γὰρ
1283 1379 1316 1413 τῇ
1341 1377 1486 1411 κουφότητι
1505 1375 1552 1402 τοῦ
1574 1374 1692 1410 πτεροῦο
1712 1375 1770 1401 ἀλλ’
1783 1375 1863 1409 ὅμως

1077 1429 1150 1455 ἔστιν
1180 1427 1244 1453 ἰδεῖν
1273 1425 1355 1452 παῖδα
1373 1415 1542 1458 ἀδολεσχεῖν,
1565 1423 1703 1458 καλάμους
1731 1421 1864 1456 καλάμοις

1077 1471 1271 1502 ὑποϐάλλοντα,
1293 1470 1340 1496 καὶ
1357 1469 1427 1496 κατὰ
1443 1468 1473 1494 τὸ
1489 1468 1572 1502 ἄκρον
1586 1467 1640 1494 τῶν
1660 1467 1790 1502 καλάμων
1807 1466 1862 1498 ἰξὸν

434 1516 516 1546 atque
550 1510 577 1537 in
612 1511 711 1545 exiguo
735 1515 864 1538 contactu
894 1516 1021 1546 superat,

1078 1517 1313 1555 προσαρτήσαντα,
1333 1512 1392 1540 εἶτα
1411 1512 1595 1543 λανθανόντως
1616 1511 1659 1538 διὰ
1681 1511 1735 1561 τῶν
1758 1511 1865 1538 κλάδων

1074 1546 1122 1594 καὶ
1142 1564 1196 1591 τῶν
1212 1561 1318 1596 φύλλων
1331 1559 1467 1594 κλέψαντα
1488 1558 1534 1585 τοῦ
1559 1557 1614 1591 ἰξοῦ
1636 1557 1686 1593 τὴν
1702 1544 1864 1593 πάρθυσίαν,

1073 1611 1119 1638 καὶ
1132 1605 1419 1643 άπομετεωριζόμενον
1432 1603 1462 1630 τὸ
1473 1603 1549 1638 ὄμμα
1563 1601 1610 1628 τοῦ
1623 1602 1716 1637 ὀρνέου
1729 1603 1864 1638 τηρήσας,

1075 1656 1161 1692 μικρᾷ
1175 1651 1344 1688 προσψαύσει
1361 1649 1495 1685 ἐκράτησε
1517 1648 1547 1675 τι
1568 1647 1747 1683 ἀεροποροῦν,
1765 1647 1796 1673 τὸ
1819 1647 1865 1674 διὰ

1073 1701 1120 1728 τοῦ
1138 1699 1245 1734 αἰθέρος
1264 1697 1414 1732 φερόμενον
1435 1694 1551 1730 πτηνὸν,
1567 1694 1676 1729 δέσμιον
1701 1692 1748 1728 ίξῷ
1763 1693 1863 1728 ἧγαγε.

1074 1747 1158 1774 nam
1171 1746 1258 1772 κεῖται
1270 1742 1422 1778 ἅνθρωπος,
1438 1741 1486 1768 καὶ
1498 1741 1514 1776 ὴ
1528 1741 1587 1776 χεὶρ
1603 1740 1689 1771 κάτω,
1705 1739 1789 1775 ἀλλ’ἢ
1804 1739 1864 1766 διά-

1074 1801 1133 1819 νοια
1150 1789 1299 1821 ἀναϐαίνει,
1318 1788 1364 1815 καὶ
1379 1787 1422 1814 διὰ
1445 1787 1494 1822 τῆς
1516 1787 1612 1822 τέχνης
1637 1786 1735 1821 ἐφικτὰ
1758 1785 1866 1820 γίνεται

1076 1837 1114 1872 τῷ
1128 1835 1264 1872 ἀνθρώπῳ
1278 1835 1377 1861 πάντα.
1392 1833 1492 1859 Δίκτυα
1506 1832 1613 1865 ἵσταται
1631 1833 1789 1867 πτερωτοῖς.
1811 1832 1864 1858 Το-

1075 1883 1150 1916 ξοται
1166 1881 1219 1908 τῶν
1237 1879 1393 1915 πετομένων
1413 1878 1659 1914 καταστοχάζονται
1670 1898 1678 1910 ,
1699 1878 1864 1913 δελεάσματι

1075 1929 1192 1964 θηρᾶται
1207 1927 1243 1953 τὰ
1257 1925 1472 1961 λαιμαργότερα.
1489 1924 1546 1951 Οὐκ
1565 1922 1634 1956 εἶδές
1649 1932 1714 1950 ποτε
1726 1923 1774 1951 καὶ
1783 1924 1865 1951 ἀετὸν

1077 1974 1183 2010 λάϐρως
1215 1972 1368 2008 ἐμπεσόντα
1404 1969 1557 2005 θηράματι,
1589 1966 1647 1996 εἶτα
1677 1970 1864 2005 περιπαρέντσ.

1075 2021 1136 2052 ταῖς
1150 2019 1227 2046 κάτω
1241 2018 1360 2051 πάγαις;
1382 2015 1476 2048 Οὕτως
1496 2016 1527 2043 τὸ
1549 2016 1650 2051 ὑψηλὸν
1669 2016 1743 2043 κάτω
1760 2016 1864 2050 γίνεται

1074 2067 1131 2098 τοῖς
1146 2064 1325 2101 ἀνθρωπίνοις
1345 2063 1527 2098 δελεάσμασιν
1543 2062 1681 2089 έλκυσθέν.
1698 2062 1790 2089 Πάντα
1811 2062 1866 2088 ὑπὸ

1075 2111 1124 2147 τὴν
1137 2112 1215 2146 χεῖρα
1230 2111 1316 2145 ἤγαγε
1329 2108 1375 2136 τοῦ
1390 2108 1544 2144 ἀνθρώπου,
1560 2108 1607 2135 καὶ
1616 2108 1666 2143 τὴν
1680 2108 1769 2134 κτίσιν
1784 2107 1865 2144 ὲπλήο

1079 2165 1159 2192 ρωσε,
1172 2156 1220 2183 καὶ
1233 2155 1278 2181 τὸν
1291 2154 1433 2190 ἄνθρωπον
1445 2153 1558 2188 ἀμοιρον
1574 2154 1623 2188 τῆς
1641 2153 1798 2185 δεσποτείας
1814 2153 1865 2179 οὐκ

1037 2199 1058 2226 Ῑ)
1073 2202 1196 2237 ἐποίησε.
1208 2201 1254 2236 Μὴ
1265 2200 1356 2236 εἴπῃς,
1370 2200 1410 2226 Τὰ
1420 2200 1449 2225 ὲν
1459 2199 1498 2235 τῷ
1507 2199 1567 2234 ἀέρι
1580 2199 1716 2234 φερόμενα
1731 2198 1789 2230 πῶς
1802 2198 1866 2233 ἐμοὶ

237 2247 373 2282 διαφέρει;
395 2246 444 2273 Διά
464 2246 518 2281 γὰρ
538 2245 584 2272 τοῦ
603 2243 733 2280 λογισμοῦ
757 2245 869 2272 κάκεῖνᾶ
891 2254 932 2273 σοι
955 2247 1097 2284 ὑποχείρια
1115 2248 1230 2283 γίνεται.
1255 2256 1265 2271 ι
1280 2246 1336 2273 Καὶ
1357 2245 1412 2272 τῶν
1433 2245 1556 2281 ἑρπετῶν
1576 2245 1629 2271 τῶν
1656 2245 1794 2280 ἑρπόντων
1819 2243 1868 2270 ἐπὶ

237 2295 287 2329 τῆς
306 2294 366 2328 γῆς.
383 2303 392 2319 ι
411 2293 491 2329 ’(ὶρᾷς
509 2292 561 2319 τιοῦ
580 2293 652 2328 ἔχεις
670 2293 701 2319 τὸ
715 2295 776 2321 κατ’
795 2293 888 2320 εἰκόνα
901 2295 1064 2330 γεγενῆσθαι
1079 2295 1165 2327 Θεοῦ;
1517 2284 1532 2295 ί

275 2348 285 2364 ι
304 2337 335 2364 Et
351 2337 414 2364 fecit
427 2338 497 2364 Deus
510 2337 658 2365 hominem.
675 2347 684 2364 ι
697 2338 768 2371 Quid
778 2338 860 2374 igitur
870 2343 912 2366 est
926 2340 1028 2368 homo?

239 2382 276 2409 Ex
291 2383 326 2410 iis
341 2390 400 2416 quae
416 2382 449 2408 de
463 2382 523 2416 ipso
534 2382 722 2416 cognovimus,
738 2387 765 2410 et
782 2383 948 2416 audivimus,
963 2392 1025 2412 eum

238 2428 410 2455 deﬁniamus.
434 2427 526 2462 Neque
541 2428 614 2455 enim
628 2429 685 2464 jam
701 2436 772 2464 opus
796 2435 848 2464 est,
867 2434 898 2457 ut
921 2430 1026 2458 alienas

239 2472 410 2499 deﬁnitiones
421 2477 586 2504 mutuemus.
601 2481 689 2508 neque
705 2482 751 2502 eas
770 2475 804 2502 ab
820 2479 933 2502 externa
951 2475 1028 2502 vani-

239 2522 294 2545 tate
307 2521 431 2552 sumptas
446 2517 473 2544 in
487 2519 610 2546 oratione
621 2519 743 2546 veritatis
759 2519 921 2547 inseramus.
939 2519 1026 2546 llomo

238 2570 286 2596 est
305 2573 374 2600 opus
400 2565 457 2597 Dei,
487 2565 593 2592 ratione
617 2565 772 2600 praeditum,
801 2565 834 2592 ad
857 2565 917 2600 ejus
934 2572 948 2591 a
970 2572 1025 2600 quo

238 2615 360 2639 creatum
378 2615 429 2642 est,
447 2611 593 2645 imaginem
610 2610 720 2638 factum.
740 2609 769 2637 Si
785 2610 850 2645 quid
865 2610 982 2644 amplius
997 2610 1024 2644 in

237 2657 290 2684 hac
321 2656 479 2684 deﬁnitione
505 2656 688 2689 desideratur,
716 2656 889 2683 considerent
917 2656 946 2688 ii,
977 2656 1024 2691 qui

237 2704 353 2731 multum
376 2703 402 2730 in
421 2703 532 2730 caduca:
557 2703 697 2738 sapientia;
719 2701 817 2730 studiis
834 2702 1023 2730 elaborarunt.

238 2748 279 2775 Ad
302 2748 446 2784 imaginem
470 2747 516 2774 Dei
539 2747 629 2774 factus
643 2752 684 2774 est
699 2747 789 2773 homo.
810 2756 819 2773 ι
833 2746 864 2773 Et
884 2747 1023 2774 benedixit

239 2791 311 2819 Deus
333 2791 449 2823 homini,
471 2796 498 2819 et
524 2791 577 2817 ait:
593 2790 724 2821 Crescite,
745 2796 772 2818 et
794 2791 1021 2826 multiplicamini,

239 2839 266 2862 et
281 2836 379 2870 replete
399 2840 510 2862 terram.
528 2845 538 2860 ι
560 2834 659 2862 Eodem
683 2834 762 2861 modo
785 2835 920 2862 benedixit
941 2837 1022 2863 etiam

1117 2349 1127 2365 ι
1147 2339 1202 2366 Καὶ
1219 2339 1348 2374 ἐποίησεν
1363 2339 1378 2364 ό
1395 2337 1462 2370 Θεὸς
1483 2337 1528 2364 τὸν
1551 2336 1704 2372 ἄνθρωπον.
1730 2346 1739 2363 t
1761 2337 1794 2363 Τί
1817 2335 1868 2363 οὖν

1077 2387 1150 2412 ἐστιν
1167 2384 1326 2420 ἄνθρωπος;
1342 2385 1372 2418 ἐξ
1392 2380 1429 2411 ὧν
1445 2383 1603 2418 ἀνέγνωμεν
1618 2383 1666 2410 καὶ
1684 2383 1713 2416 ἐξ
1729 2380 1767 2410 ὦν
1781 2383 1862 2418 ἡκού-

1078 2439 1174 2465 σαμεν,
1191 2430 1348 2465 ὀρισόμεθα.
1366 2429 1466 2456 Οὐκέτι
1484 2429 1539 2464 γὰρ
1561 2429 1627 2464 ἡμῖν
1648 2429 1726 2464 χρεία
1744 2428 1864 2461 δανείζε-

1078 2477 1140 2503 σθαι
1155 2477 1234 2512 ὂρους
1254 2475 1422 2512 ἀλλοτρίους,
1437 2475 1497 2502 οὐδὲ
1516 2475 1550 2502 τὰ
1565 2476 1596 2501 ὲκ
1620 2475 1668 2510 τῆς
1685 2475 1865 2510 ματαιότητος

1076 2521 1234 2555 ἐπεισάγειν
1258 2520 1297 2556 τῷ
1322 2521 1445 2556 λογισμῷ
1466 2520 1516 2556 τῆς
1537 2520 1680 2555 ἀληθείας.
1703 2521 1865 2556 Ἄνθρωπός

1076 2566 1134 2593 ἐστι
1164 2565 1270 2601 ποίημα
1294 2565 1361 2592 Θεοῦ
1380 2566 1504 2600 λογικὸν,
1527 2566 1587 2592 κατ’
1605 2565 1696 2592 εἰκόνα
1721 2566 1864 2601 γενόμενον

1074 2611 1122 2638 τοῦ
1138 2611 1279 2644 κτίσαντος
1297 2611 1389 2639 αὐτόν.
1411 2611 1446 2638 Εἴ
1464 2620 1490 2637 τι
1506 2611 1595 2638 λείπει
1616 2611 1656 2646 τῷ
1670 2611 1743 2647 λόγῳ
1766 2611 1866 2647 τούτῳ,

1075 2656 1102 2683 οἱ
1128 2656 1212 2684 πολλά
1228 2656 1487 2691 προσαναλώσαντες
1508 2658 1542 2692 τῇ
1559 2657 1693 2692 ἀναλήψει
1717 2657 1765 2692 τῆς
1788 2657 1867 2692 φθει-

1077 2700 1193 2736 ρομένης
1209 2702 1306 2736 σοφίας
1327 2701 1564 2736 ὲπισκεψάτωσαν.
1589 2702 1658 2728 Κατ’
1679 2702 1772 2729 εἰκόνα
1796 2701 1866 2728 Θεοῦ

1075 2747 1187 2781 γέγονεν
1204 2747 1356 2782 ἄνθρωπος.
1377 2757 1387 2773 ι
1406 2748 1461 2774 Καὶ
1481 2748 1628 2783 εὐλόγησεν
1643 2748 1658 2775 ὁ
1673 2747 1739 2780 Θεὸς
1754 2748 1800 2774 τὸν
1816 2747 1866 2774 ἄν-

1077 2791 1193 2826 θρωπον,
1209 2792 1256 2818 καὶ.
1278 2791 1365 2824 εἶπεν,
1388 2791 1541 2825 meamea
1562 2793 1609 2820 καὶ
1622 2791 1802 2827 πληθύνεσθε,
1817 2791 1867 2817 καὶ

1077 2837 1237 2873 πληρώσατε
1249 2839 1297 2874 τὴν
1311 2839 1372 2873 γῆν.
1387 2849 1396 2864 ι
1413 2839 1486 2874 Αὕτη
1503 2840 1521 2875 ἡ
1536 2839 1633 2874 ἰχθύων
1645 2838 1764 2873 εὐλογία.
1783 2847 1792 2863 ι
1807 2836 1868 2864 Καὶ
