1977 3071
118 127 170 156 969

485 127 518 155 ιΝ
533 127 660 160 VERBA,
682 127 871 156 FACIAMUS
891 128 1083 161 IIOMINEM,
1104 129 1192 162 ETC.,
1213 130 1347 158 ORATJ.

1694 132 1746 158 270

118 182 222 210 εἶπενό
238 182 314 213 Θεός⁶
338 183 510 217 Ἐξαγαγέτω
531 184 565 211 τὰ
588 185 670 212 ὕδατα
694 186 797 220 ἑρπετὰ
816 186 901 221 ψυχῶπ

960 186 1091 221 piscibus.
1103 186 1152 212 «Et
1168 186 1237 214 dixit
1259 187 1347 214 Deus:
1363 187 1518 214 Producant
1539 195 1616 221 aqum
1640 188 1745 220 I’t‘plllia

117 229 224 261 ζωσῶν,
242 229 290 255 καὶ
310 226 536 262 ἐγένετοόὖτως.
561 229 625 257 Εἶτα
640 233 686 258 καὶ
708 229 783 258 εἶπεν
799 233 813 257 ὁ
826 232 902 265 Θεὸς,

116 273 280 306 Αὑξάνεσθε,
301 275 348 301 καὶ
359 274 538 310 πληθύνεσοε,
559 277 605 304 καὶ
621 277 782 312 πληρώσατε
796 277 830 304 τὰ
843 277 905 304 ὕδα-

116 328 160 346 τα.
180 330 189 345 ι
212 320 244 346 Τί
267 317 313 346 οὖν
334 321 480 355 περισσόνς
506 322 674 356 Ἀναγκαίως
697 323 782 349 ταῦτα
800 324 847 350 καὶ
870 324 904 351 τὰ

117 365 196 392 κοινά
214 374 254 391 οοι
276 365 432 401 ἐχαρίσατο,
455 367 548 394 καὶτὰ
568 368 622 395 ι’διά
642 377 670 394 σε
694 368 833 404 ἀναμένει.
849 370 904 395 Αὑ-

119 409 185 446 ξάνῃ
207 411 262 446 γὰρ
285 411 323 443 ὡς
344 412 392 438 καὶ
414 413 448 439 τὰ
470 413 550 440 λοιπὰ
567 414 642 446 ζῶα,
660 414 713 441 ἀπὸ
738 415 837 450 μικροῦ
857 415 904 442 τοῦ

119 454 229 489 πρώτου
245 456 305 487 ταῖς
325 456 384 482 κατ’
407 457 496 490 ὀλίγον
515 457 685 493 προσθήκαις
704 459 751 485 ἐπὶ
767 459 905 486 τελείωσιν

119 499 196 536 ἔρχῃ.
222 501 300 527 Οὕτω
317 502 364 533 καὶ
385 502 462 529 ἵπποι
491 504 538 529 καὶ
558 503 636 535 κύνες
649 513 655 519 ·
673 504 744 531 οὕτω
764 506 811 532 καὶ
832 506 905 532 ἀετοὶ

118 547 166 572 καὶ
180 547 273 587 κύκνοι
284 556 291 562 ·
319 547 366 574 καὶ
391 548 481 575 πάντα
502 549 573 585 ἅπερ
590 549 623 577 ἂν
639 551 730 587 εἴπῃς,
741 551 785 578 διὰ
805 553 905 587 μικρᾶς

117 591 168 625 ’τῆς
186 592 298 628 πρώτης
322 594 444 628 κυήσεως
465 596 497 629 τῇ
524 596 582 621 κατ’
603 596 692 630 ὀλίγον
715 598 857 634 προσθήκῃ
875 598 905 625 τὸ

118 637 221 664 τέλειον
244 639 292 673 τῆς
317 639 458 674 αὐξήσεως
480 641 668 676 ἀπολαϐόντα,
692 644 772 670 πάλιν
795 644 838 670 διὰ
856 645 905 680 τῆς

119 681 258 717 μειώσεως
282 684 350 719 πρὸς
374 685 404 710 τὸ
426 685 535 712 ἔλαττον
561 688 736 723 ὑποστρέφει.
765 690 798 716 Ἃ
816 690 904 717 τοίνυν

119 727 196 765 statvi
215 728 264 762 τῆς
282 729 390 762 φύσεως
413 728 457 766 ἦν,
479 732 617 770 καζήμῖν
633 734 796 769 ἐδωρήσατο.
816 745 825 761 ‹
850 736 904 762 Αὑ-

119 771 241 804 ξάνεσθε,
262 782 270 798 ι
286 775 426 807 τουτέστι,
453 777 596 812 τρέφεσοε,
615 781 709 814 μικροὶ
728 781 902 816 γεννώμενοι,

120 817 232 851 μεγάλοι
247 818 365 852 γίνεσθε,
384 821 430 847 καὶ
449 822 534 858 πέρας
550 822 619 850 ἔστω
635 824 683 859 τῆς
698 824 847 861 αὐξήσεως.
865 827 903 853 Οὐ

962 231 1116 258 animarum
1129 232 1288 266 viventium,
1299 238 1326 259 et
1337 233 1439 260 factum
1452 237 1493 260 est
1508 234 1555 260 ita.
1571 232 1603 259 Et
1614 234 1651 259 ait
1662 232 1745 260 Deus:

953 276 1087 308 Crescite,
1103 280 1129 304 et
1145 277 1372 312 multiplicamini.
1390 282 1416 305 et
1432 279 1532 313 replete
1543 288 1635 315 aquas.
1648 290 1658 306 ι
1672 278 1744 311 Quid

955 321 1047 357 igitur,
1067 322 1184 356 inquies.
1208 324 1324 358 amplius
1339 328 1380 351 est
1396 324 1479 350 mihi?
1495 324 1654 352 Necessario
1676 325 1745 358 haec,

955 375 1016 401 qua:
1035 368 1247 394 communicavit
1269 369 1352 396 etiam
1378 370 1438 401 tibi,
1467 375 1493 397 et
1513 371 1566 397 alia
1589 372 1698 404 propria
1721 376 1746 398 te

954 416 1066 440 manent
1088 421 1212 440 munera.
1228 413 1338 442 Crescis
1362 415 1446 447 enim,
1464 416 1691 450 quemadmodum
1719 421 1746 443 et

955 459 1061 493 reliqua
1092 459 1230 492 animalia,
1257 465 1283 487 et
1305 461 1434 495 paulatim
1459 469 1507 496 per
1523 461 1688 489 incrementa
1712 470 1744 489 et

955 511 1038 538 parva
1054 505 1088 532 ad
1101 505 1205 539 justam
1228 506 1434 542 perfectamque
1451 507 1667 541 magnitudinem
1685 516 1746 542 per-

956 551 1042 578 venis.
1071 550 1116 578 Sic
1142 556 1169 580 et
1192 553 1268 587 equi,
1295 556 1321 580 et
1349 561 1442 585 canes,
1472 554 1512 581 sic
1533 557 1560 581 ct
1588 554 1698 588 aquila),
1718 557 1746 581 ct

956 597 1045 631 cycni,
1067 601 1094 624 et
1109 602 1207 625 caetera
1229 599 1379 625 animantia
1399 599 1519 626 eduntur
1535 600 1658 634 parvula,
1679 607 1746 634 pau-

955 641 1086 677 latimque
1111 651 1158 678 per
1180 644 1306 671 assiduas
1332 645 1505 673 accessiones
1530 645 1563 671 ad
1588 646 1743 673 absolutum

954 688 1116 722 perveniunt
1140 693 1334 723 augmentum,
1365 697 1530 724 rursumque
1556 690 1684 724 paulatim
1710 690 1744 716 ad

954 733 1089 760 minorem
1116 734 1214 761 molem
1235 739 1422 762 revertuntur.
1446 735 1513 768 Quae
1536 736 1617 770 igitur
1640 740 1746 762 natura:

954 777 1109 803 communia
1127 781 1201 809 sunt,
1217 786 1249 805 ea
1263 778 1377 813 largitus
1398 783 1439 806 cst
1452 779 1534 806 etiam
1551 780 1640 807 nobis.
1658 789 1667 804 ι
1680 779 1745 807 Cre-

955 821 1034 853 scite,
1048 831 1056 847 ι
1074 822 1100 849 id
1115 827 1166 855 est,
1182 824 1351 856 cnutrimini,
1368 828 1395 851 et
1409 833 1471 851 eum
1485 825 1560 859 parvi
1571 825 1655 859 geniti
1672 825 1742 855 sitis.

119 862 171 896 γὰρ
187 862 280 896 ἐπειδὴ
301 864 329 889 ὲν
351 866 384 899 τῇ
412 865 506 902 πρώτῃ
528 868 657 904 ἐπταετίᾳ
673 871 842 905 τρεφόμεθα,
857 872 901 898 καὶ

957 868 1046 902 magni
1062 868 1178 900 evadite,
1195 873 1222 896 et
1245 869 1406 897 incrementi
1423 870 1457 897 sit
1477 871 1620 898 terminus.
1652 868 1745 905 Neque

118 906 251 942 λαμϐάνει
266 909 339 943 ἡμᾶς
358 910 551 945 μεθηλικίωσις
566 915 613 939 ἐπὶ
628 914 676 949 τὴν
690 915 818 951 δευτέραν
835 917 904 943 ἑϐδο-

120 951 190 986 μάδα
202 952 256 978 τῶν
269 953 347 986 ἐτῶν,
357 955 406 989 ἤδη
420 955 564 992 ὀφείλομεν
577 959 676 993 ὁμοίως
688 960 716 986 ὲν
732 962 812 987 παντὶ
825 961 903 996 μέρει

119 998 168 1033 τῆς
193 998 265 1033 ζωῆς
289 999 338 1034 τῆς
362 1000 514 1037 ἡμετέρας,
534 1003 594 1030 καθ’
619 1004 767 1040 ἑϐδομάδας
796 1008 914 1043 μεῦηλιπ

119 1043 253 1070 κιοῦσθαι.
277 1045 309 1070 Ἦ
326 1045 420 1082 πρώτη
441 1048 557 1084 ἑϐδομὰς
577 1049 627 1085 τὴν
651 1051 775 1088 παιδικὴν
798 1054 904 1089 ἡλικίαν

118 1088 185 1134 ἔχει.
220 1091 296 1126 Ὅροι
321 1091 370 1127 τῆς
392 1094 520 1129 παιδικῆς
541 1095 647 1130 ἡλικίας
670 1100 797 1133 φανεροὶ,
813 1101 829 1134 ή
850 1100 904 1127 τῶν

115 1133 231 1160 ὀδόντων
249 1136 393 1171 μεταϐολή.
412 1138 443 1164 Ol
459 1139 509 1173 μὲν
527 1140 623 1167 ἔπεσον
634 1150 640 1156 ·
655 1143 680 1168 οἱ
692 1143 719 1170 δὲ
733 1133 902 1180 ὑπεφύησαν.

117 1181 251 1215 Δευτέραν
264 1181 358 1208 ἔλαϐεν
370 1184 457 1219 ἀρχὴν
469 1185 592 1221 αῡξησις,
605 1188 645 1219 εἰς
657 1189 692 1215 τὰ
705 1190 767 1226 τέλη
782 1191 831 1226 τῆς
843 1200 904 1217 τεσ-

119 1227 378 1262 σαρεσκαιδεκάτης,
397 1230 412 1263 ή
435 1229 547 1265 δευτέρα
566 1231 660 1259 λοιπὸν
682 1234 698 1268 ἡ
714 1233 767 1262 τῶν
790 1236 902 1262 παίδων.

117 1271 229 1307 Πρῶτον
247 1273 301 1309 γὰρ
321 1274 443 1307 παιδίον,
466 1274 526 1302 εἶτα
543 1279 606 1309 παῖς
617 1299 625 1311 ,
638 1277 696 1306 εἷτα
716 1279 830 1316 ἔφηϐος,
844 1280 903 1308 εἶτα

117 1317 187 1352 ἀνὴρ
200 1317 254 1343 ἀπὸ
266 1320 602 1354 τεσσαρεσκαιδεκαέτους,
618 1324 734 1351 ἐνταῦθα
747 1326 771 1351 oi
784 1327 842 1361 ὅροι
854 1327 903 1363 τῆς

116 1359 211 1395 τρίτης
224 1360 372 1396 αὐξήσεως.
390 1363 542 1395 Λὺξὰνεσοε
555 1364 602 1393 οὖν
611 1376 617 1382 ’
635 1369 686 1394 οὐκ
698 1369 745 1395 ἐὰν
759 1370 823 1406 γένῃ
839 1359 903 1399 ἐκα-

115 1405 162 1432 τδν
180 1406 258 1439 ὲτῶν,
279 1407 333 1434 ἀπὸ
358 1409 466 1444 πρώτου
488 1412 526 1443 εἰς
546 1413 691 1441 ἑκατοστὸν
711 1415 770 1448 ἔτος
790 1417 902 1454 αὔξησιν

117 1454 239 1489 ὲπιδέχῃ,
255 1455 321 1482 ἀλλὰ
335 1456 414 1483 τοῦτο
435 1458 466 1484 τὸ
483 1468 491 1484 ι
513 1459 659 1492 αὑξὰνεσθε
679 1470 688 1486 ι
717 1461 746 1487 ἒν
766 1462 841 1497 ῥῆμα
859 1471 902 1490 σο-

115 1499 174 1532 φῶς
199 1499 292 1535 λεχθὲν
317 1503 502 1537 προνοητικῶς
527 1501 717 1540 οἶκονομεῖται.
748 1507 900 1540 Αὺξὰνεσθε

116 1544 198 1580 μέχρι
222 1545 312 1576 τινός·
343 1546 399 1572 ἀλλ’
419 1549 449 1574 οὐ
471 1549 557 1584 μέτρα
576 1550 625 1585 τῆς
649 1550 796 1586 αὐξήσεως.
825 1551 901 1580 Κατὰ

114 1590 164 1624 τὴν
178 1590 288 1626 πρώτην
309 1592 438 1619 σύστασιν
452 1594 501 1629 τὴν
519 1595 734 1629 καταϐληθείσαν
750 1597 779 1622 ἐν
800 1599 833 1633 τῇ
851 1599 903 1633 μή-

115 1644 176 1671 τρᾳ,
199 1638 403 1674 κατεϐλήθησαν
421 1640 467 1665 καὶ
491 1641 514 1667 οἱ
537 1641 610 1674 λόγοι
628 1642 676 1676 τῆς
693 1642 842 1678 αὐξήσεως.
864 1645 911 1671 Οὐ·

114 1680 170 1715 γὰρ
188 1681 256 1716 μετὰ
267 1682 354 1710 ταῦτα
371 1684 500 1718 νεώτερόν
517 1686 576 1711 ἐστι
592 1685 622 1712 τὸ
638 1687 761 1722 χάρισμα
777 1688 826 1723 τῆς
841 1688 900 1724 ἡλι-

114 1724 177 1756 πίας
191 1726 394 1762 ἐπιγενόμενον,
410 1728 467 1754 ἀλλ’
483 1730 511 1755 αἱ
529 1729 653 1765 μητρῷαι
672 1731 821 1759 καταϐολαὶ
835 1741 902 1766 συγ-

113 1771 354 1807 καταϐεϐλημένας
380 1775 471 1808 ἔχουσι
496 1775 544 1806 τὰς
575 1776 642 1810 πρὸς
666 1777 697 1803 τὸ
740 1778 901 1811 αὐξάνεσθαι

114 1817 346 1853 ἐπιτηδειότητας.
374 1819 495 1846 Ἔπεσαν
522 1821 546 1846 οἱ
573 1821 694 1854 ὀδόντες,
717 1823 839 1859 ἔγνωμεν
859 1825 900 1851 ὅτι

115 1863 220 1898 ηὐξήθη
235 1864 312 1890 τόσον
329 1865 435 1900 μέτρον.
453 1866 562 1901 Τριετὲς
577 1866 607 1892 τὸ
626 1867 730 1894 παιδίον
749 1869 900 1904 ἐμέτρησεν

113 1910 128 1935 ὸ
157 1910 265 1944 πατήρ·
287 1908 356 1936 οἶδεν
381 1911 471 1937 ὅτιτὸ
497 1911 636 1938 διπλάσιον
663 1913 758 1940 τούτου
786 1915 900 1950 μέγεθος

113 1955 284 1990 ἀπολήψεται
299 1956 328 1982 ἐν
346 1958 380 1991 τῇ
399 1956 545 1984 τελειώσει.
561 1958 641 1985 Ὅσον
657 1960 711 1994 γὰρ
735 1962 764 1987 ὲν
782 1963 814 1997 τῇ
840 1971 900 1997 τρι-

113 2000 185 2035 ετίᾳ,
207 2000 246 2031 δὶς
263 2001 389 2033 τοσοῦτος
403 2002 489 2035 ἔσται,
505 2003 521 2038 ἢ
546 2005 625 2031 πάλιν
640 2006 766 2039 τοσοῦτος
781 2007 856 2034 ἔσται
870 2010 899 2035 ἐν

112 2047 147 2081 τῇ
168 2046 362 2082 συμπληρώσει
386 2048 435 2083 τῆς
459 2049 609 2084 αὐξήσεως.
636 2051 720 2078 Τοῦτο
744 2052 775 2079 τὸ
800 2053 898 2088 μέτρον

113 2093 163 2128 τῆς
175 2093 349 2128 ἀνθρωπίνης
360 2094 466 2128 φύσεως
480 2096 560 2132 μέχρι
575 2097 702 2132 πέρατος,
718 2099 813 2139 μέχρις
823 2100 896 2134 ὅρου,

113 2138 168 2164 ἀπὸ
187 2139 237 2173 τῆς
256 2138 400 2174 ἑϐδομάδος
421 2141 469 2176 τῆς
493 2141 605 2177 πρώτης
625 2143 671 2169 ἐπὶ
689 2143 739 2178 τὴν
757 2144 896 2180 δευτέραν.

915 1529 937 1558 C

955 913 1028 940 enim
1048 915 1177 948 quoniam
1199 915 1227 941 in
1242 916 1330 950 primo
1344 917 1486 951 septennio
1502 918 1538 944 ita
1558 918 1697 948 vertimur,
1717 924 1745 944 ut

955 958 1042 985 altero
1060 959 1203 993 septennio
1222 960 1248 986 in
1273 961 1353 987 aliam
1372 967 1479 988 aetatem
1502 962 1687 993 immutemur,
1704 963 1744 990 sic

955 1002 983 1028 in
1003 1003 1077 1030 omni
1094 1004 1149 1031 vita
1174 1005 1306 1032 debemus
1322 1014 1369 1040 per
1394 1008 1535 1041 septennia
1556 1007 1589 1034 de
1615 1012 1694 1035 aetate
1716 1008 1743 1034 in

954 1051 1061 1075 aJtatem
1079 1051 1252 1077 commutari.
1275 1050 1396 1078 Primum
1422 1053 1592 1086 septenniutn
1612 1054 1743 1087 puerilem

955 1097 1061 1121 atatem
1091 1096 1223 1127 continet,
1253 1097 1333 1131 cujus
1356 1098 1446 1125 aetatis
1472 1099 1617 1125 terminum
1642 1099 1744 1126 indicat

955 1139 1076 1166 dentium
1099 1140 1265 1173 immutatio,
1298 1149 1361 1169 cum
1392 1144 1420 1169 in
1453 1143 1541 1170 locum
1568 1151 1662 1170 eorum
1695 1144 1742 1178 qui

954 1185 1121 1219 ceciderunt,
1144 1187 1190 1213 alii
1215 1194 1404 1215 succreseunt.
1429 1189 1551 1216 Alterum
1572 1198 1668 1217 rursus
1694 1198 1743 1216 au-

954 1231 1055 1266 gmenti
1071 1232 1234 1267 principium
1259 1233 1288 1260 fit
1307 1234 1340 1260 ad
1361 1233 1441 1260 finem
1454 1242 1540 1269 usque
1559 1235 1621 1262 anni
1638 1236 1743 1270 quarti-

954 1269 1062 1304 decimi.
1087 1278 1177 1313 Atque
1193 1280 1250 1306 haec
1266 1284 1308 1307 est
1322 1281 1441 1308 secunda
1462 1281 1488 1308 in
1509 1283 1601 1316 pueris
1615 1283 1743 1309 immuta-

954 1323 1002 1350 tio.
1020 1322 1088 1350 Nam
1113 1324 1160 1359 qui
1189 1326 1308 1360 primunt
1335 1330 1377 1353 est
1404 1327 1503 1358 infans,
1531 1332 1576 1354 aut
1598 1329 1740 1362 puerulus,

954 1372 1011 1395 tum
1035 1370 1066 1395 tit
1087 1378 1165 1403 puer,
1182 1376 1244 1404 post
1257 1376 1348 1398 autem
1368 1372 1464 1406 puber.
1479 1380 1511 1399 ac
1531 1373 1628 1401 deinde
1644 1374 1694 1407 \‘ir,
1715 1378 1742 1401 et

953 1414 998 1441 hic
1015 1415 1177 1442 incrementi
1190 1417 1299 1443 termini
1316 1418 1501 1453 praeﬁguntur.
1514 1419 1635 1446 Crescite
1648 1420 1740 1454 igitur,

953 1468 1008 1488 non
1032 1461 1069 1488 ita
1092 1467 1193 1494 tamen,
1210 1468 1238 1490 ut
1253 1464 1276 1491 si
1300 1464 1363 1499 quis
1384 1470 1492 1492 centum
1508 1474 1641 1494 annorum
1658 1468 1740 1494 vitam

953 1512 1126 1542 assequatur,
1150 1516 1165 1535 a
1188 1510 1275 1543 primo
1298 1518 1370 1538 anno
1398 1512 1430 1538 ad
1457 1513 1635 1540 contesimum
1656 1522 1742 1548 usque

955 1559 1064 1586 semper
1087 1557 1260 1588 augmentum
1290 1556 1432 1590 suscipiat.
1459 1556 1495 1584 Ea
1526 1566 1589 1590 vox,
1607 1559 1742 1591 Crescite,

955 1599 1093 1633 sapienter
1111 1599 1182 1626 dicta
1197 1600 1346 1634 prudenter
1360 1602 1469 1630 adhibet
1481 1604 1601 1631 modum.
1618 1605 1739 1633 Crescite
1755 1625 1757 1629 ι

955 1644 988 1670 ad
1008 1647 1113 1670 certum
1140 1646 1299 1677 terminum,
1326 1655 1381 1674 non
1403 1649 1532 1676 continua
1557 1655 1742 1686 perpetuaque

955 1690 1089 1718 auctionis
1109 1699 1247 1719 mensura.
1272 1692 1326 1720 Pro
1342 1694 1447 1722 ratione
1464 1697 1536 1722 enim
1557 1698 1652 1731 primre
1668 1699 1741 1725 illius

955 1737 982 1764 in
1003 1742 1081 1765 utero
1096 1738 1312 1772 constitutionis,
1332 1741 1476 1770 crescendi
1488 1743 1596 1770 termini
1615 1746 1740 1778 pra-scri-

954 1783 993 1817 pti
1007 1787 1080 1810 sunt.
1097 1783 1134 1811 Ea
1147 1792 1264 1819 namque
1280 1786 1440 1813 constitutio
1457 1788 1663 1815 convenientem
1682 1798 1741 1817 crc-

954 1828 1046 1854 scendi
1072 1828 1301 1862 opportunitatem
1321 1829 1494 1863 conjunctam
1522 1831 1612 1859 habet.
1641 1833 1740 1862 Dentes

953 1873 1113 1899 exciderunt
1132 1883 1137 1900 :
1158 1875 1350 1909 cognoscimus
1365 1877 1526 1904 incrementi
1544 1882 1676 1912 quantutn
1697 1888 1740 1906 ac-

953 1919 1076 1945 cesserit.
1096 1918 1234 1953 Filiolum,
1247 1928 1308 1947 cum
1327 1921 1439 1950 tertium
1461 1923 1551 1950 aetatis
1571 1932 1671 1951 annum
1688 1926 1740 1952 im-

952 1963 1046 1997 plevit,
1073 1964 1184 1991 metitur
1208 1970 1295 2000 pater.
1316 1965 1402 2001 Duplo
1428 1968 1500 1994 enim
1531 1969 1627 2004 major,
1657 1979 1737 2005 quam

953 2014 1017 2036 tunc
1040 2010 1086 2041 sit,
1106 2009 1212 2038 futurus
1236 2015 1279 2039 est
1299 2012 1352 2044 Ille,
1374 2020 1435 2039 cum
1458 2015 1510 2041 erit
1527 2016 1665 2048 perfectus
1685 2018 1737 2045 vir.

952 2054 1031 2082 llune
1046 2055 1125 2083 habet
1141 2056 1260 2084 humana
1280 2062 1376 2084 natura
1399 2060 1544 2087 terminum
1565 2065 1646 2096 atque
1662 2071 1738 2090 mcu-

951 2108 1056 2128 snram.
1084 2101 1112 2128 ln
1137 2103 1224 2137 primo
1248 2104 1424 2139 secundoque
1447 2107 1588 2140 septentrio
1615 2108 1736 2136 abundat

951 2147 1110 2180 humiditas,
1128 2157 1192 2177 mox
1213 2150 1315 2182 deficit,
1342 2151 1466 2178 ealiditas
1487 2157 1588 2185 manet,
1613 2154 1734 2180 membra

120 2182 193 2208 Ἐκεῖ
207 2182 298 2209 λοιπὸν
320 2185 336 2218 ἡ
359 2184 492 2222 θερμότης
512 2186 622 2220 πλείων,
645 2189 661 2222 ἡ
684 2188 828 2222 διάπλασις
849 2189 896 2217 τοῦ

952 2194 1174 2226 corroborantur,
1193 2196 1220 2222 in
1239 2195 1373 2230 principio
1393 2196 1584 2224 imbecilliores
1601 2201 1665 2224 sunt
1685 2199 1734 2224 ho-

113 2227 240 2262 σώματος
252 2229 268 2263 ή
279 2229 437 2265 ἀραιοτέρα,
450 2232 466 2265 ἡ
476 2231 592 2267 ὑγρότης
603 2233 746 2267 ἐπιλείπει,
758 2235 898 2270 κραταιοῦ-

111 2282 157 2300 ται
183 2275 216 2301 τὰ
239 2275 318 2310 μέλη,
338 2275 367 2302 ὲν
392 2277 461 2312 ἀρχῇ
487 2277 540 2303 τῶν
567 2279 747 2314 ἰσχυροτέρων
769 2281 821 2307 εἰσὶ
844 2281 898 2309 τῶν

111 2319 249 2354 ἐφηλίκων
262 2321 286 2346 oi.
300 2320 450 2356 ἄνθρωποι,
467 2322 544 2349 οὔπω
558 2324 608 2359 μὲν
621 2325 650 2351 τὸ
663 2325 765 2352 τέλειον
779 2326 896 2361 ἔχοντες.

111 2364 258 2401 Νεοπαγὴς
271 2366 325 2401 γὰρ
347 2367 436 2393 αὐτῶν
452 2368 468 2403 ἡ
490 2368 557 2403 σὰρξ
576 2369 626 2401 ἔτι,
647 2371 693 2397 καὶ
710 2371 778 2406 πρὸς
801 2373 898 2405 πόνους

111 2411 291 2445 καρτερικοὺς
306 2412 489 2448 ἀνεπιτήδεια.
502 2414 538 2440 Τὸ
553 2415 601 2449 μὲν
617 2416 717 2451 κοῦφον
731 2417 779 2444 καὶ
790 2418 899 2454 εὐκίνη-

110 2463 156 2481 τον
175 2456 293 2482 ἀπέλαϐε
315 2457 407 2484 λοιπὸν
433 2458 463 2485 τὸ
485 2459 563 2491 ζῶον.
597 2461 641 2487 Ἐν
658 2462 686 2488 δὲ
705 2463 784 2499 τρίτῃ
806 2464 898 2491 λοιπὸν

111 2500 248 2535 ἑϐδομὰδι,
272 2503 302 2528 τὸ
323 2503 424 2530 τέλειον
453 2505 501 2540 τῆς
531 2506 671 2541 αὐξήσεως
697 2509 895 2544 ἀπολαμϐάνει.

110 2546 209 2573 Οὐκέτι
219 2547 246 2574 δὲ
257 2548 297 2579 εἰς
310 2548 397 2583 μῆκος
411 2550 610 2584 ήδιανὰστασις
619 2553 667 2580 τοῦ
680 2553 814 2589 σώματος,
827 2556 897 2590 μετὰ

109 2590 159 2625 τὴν
177 2591 270 2626 τρίτην
288 2592 433 2629 ἑϐδομάδα.
457 2596 580 2623 Ἐπειδὰν
592 2597 620 2623 δὲ
637 2599 791 2635 ἁναπνεύσῃ
809 2601 825 2636 ὴ
846 2601 896 2635 φύ-

110 2644 153 2667 σις
167 2635 218 2662 τῶν
232 2638 363 2672 καμάτων
380 2640 430 2674 τῆς
443 2641 489 2668 ἐπὶ
503 2641 533 2668 τὸ
549 2642 605 2669 ἄνω
621 2643 769 2680 αὐξήσεως,
784 2635 895 2682 ἄρχεται

108 2681 201 2708 λοιπὸν
221 2684 260 2715 είς
280 2684 314 2710 τὰ
336 2685 425 2721 πλάτη
443 2687 606 2721 διαϐαίνειν,
621 2690 668 2716 καὶ
687 2691 769 2718 οἱονεὶ
790 2681 896 2727 περιθε-

110 2727 218 2763 μελιοῦν
231 2728 264 2755 τὰ
278 2730 429 2764 ὑψωθέντα,
443 2734 489 2760 καὶ
506 2735 597 2770 πάσχῃ
612 2736 703 2769 αὐτοῖς
717 2738 894 2772 περιτιθέναι,

109 2774 297 2817 καὶ-’καρτερὰ
320 2778 407 2803 ποιεῖν
430 2779 476 2804 τοῦ
498 2780 624 2816 σώματος
642 2783 675 2808 τὰ
700 2784 778 2819 μέλη.
804 2785 895 2811 Ταῦτα

109 2819 182 2844 ποιεῖ
193 2818 243 2853 μὲν
256 2820 272 2854 ἡ
285 2819 366 2854 φύσις
378 2822 449 2849 κατὰ
459 2824 508 2859 τὴν
521 2825 619 2861 ἑαυτῆς
632 2818 800 2856 ἀκολουθίαν,
822 2830 894 2863 Ἐγέ-

950 2238 1047 2271 mines,
1071 2247 1132 2266 eum
1157 2241 1277 2267 nondum
1305 2241 1418 2275 perfecti
1441 2242 1506 2269 sint.
1533 2242 1637 2271 Recens
1660 2245 1732 2271 enim

949 2285 1056 2312 illorum
1083 2293 1147 2313 caro
1172 2290 1313 2321 compacta
1339 2292 1391 2320 est,
1410 2295 1496 2322 eaque
1522 2289 1614 2317 minus
1635 2296 1677 2317 est
1700 2292 1733 2318 ad

949 2329 1126 2363 perferendos
1149 2330 1258 2358 labores
1282 2331 1390 2359 idonea.
1418 2332 1567 2360 Levitatem
1590 2335 1732 2366 duntaxat.

948 2375 1151 2410 agilitatemque
1166 2381 1230 2403 tunc
1247 2377 1347 2404 animal
1366 2379 1523 2413 acquisivit.
1544 2379 1647 2415 Itaque,
1664 2389 1734 2416 quo-

948 2420 1021 2447 niam
1046 2421 1074 2448 in
1097 2422 1179 2449 tertio
1208 2423 1350 2457 septennio
1378 2424 1532 2452 altitudinis
1558 2432 1732 2461 augmentum

949 2465 1097 2501 perfectum
1125 2472 1177 2498 est,
1206 2468 1259 2494 lata
1282 2469 1410 2504 deinceps
1432 2471 1556 2505 corporis
1583 2473 1733 2507 amplitudo

948 2517 1132 2547 comparatur.
1157 2513 1263 2540 Etenim
1287 2520 1462 2550 posteaquam
1497 2522 1593 2543 natura
1625 2525 1640 2544 a
1655 2517 1732 2545 labo-

947 2557 1024 2585 ribus
1038 2558 1064 2585 in
1081 2559 1164 2586 altum
1182 2560 1298 2594 augendi
1315 2562 1468 2596 respiravit,
1489 2562 1516 2589 in
1535 2563 1618 2590 latum
1637 2563 1732 2598 incipit.

948 2605 1083 2639 progredi,
1110 2609 1136 2632 et
1151 2605 1258 2634 aedilicii
1281 2607 1324 2634 sui
1349 2607 1499 2643 fastigium,
1518 2613 1647 2644 tanquam
1670 2610 1732 2638 fun-

946 2650 1081 2677 damentis
1095 2651 1242 2679 substratis
1259 2653 1447 2688 adauctisque,
1471 2654 1550 2682 fulcit
1565 2661 1646 2690 atque
1666 2664 1732 2684 con—

948 2693 1047 2722 ﬁrmat.
1064 2695 1125 2730 Agit
1140 2696 1196 2723 haec
1219 2697 1329 2731 quidem
1350 2698 1409 2733 ipsa
1434 2705 1529 2727 natura
1546 2702 1642 2729 ordine
1667 2708 1729 2730 suo.

947 2739 1032 2774 Cujus
1055 2745 1145 2769 tamen
1164 2743 1269 2770 ordinis
1284 2744 1325 2771 vis
1346 2745 1445 2779 pendet
1468 2747 1501 2774 ab
1517 2747 1563 2774 illo
1578 2749 1666 2782 primo
1683 2746 1731 2774 Dei

947 2786 1085 2818 mandato,
1105 2787 1176 2821 quod
1194 2789 1276 2816 semel
1301 2789 1402 2817 editum
1423 2799 1471 2826 per
1484 2793 1576 2819 omnia
1590 2800 1650 2830 qua:
1666 2801 1731 2828 pro-

946 2836 1083 2865 creantur,
1097 2833 1130 2860 ad
1146 2833 1226 2861 tinent
1244 2842 1330 2869 usque
1345 2837 1529 2872 progreditur.
