1977 3071
240 124 288 151 ⁸271

855 120 882 148 S.
902 119 1066 148 GREGORII
1086 119 1233 148 NYSSENI

1813 119 1863 148 272

242 190 300 208 νετο
323 181 350 207 δὲ
374 180 403 212 ἐξ
425 180 511 216 ἀρχῆς
535 179 725 216 προστάγματι
745 179 914 212 Δεσποτικῶ,
935 178 980 204 καὶ
1001 177 1060 203 τότε
1084 177 1197 214 λαληθὲν
1223 178 1267 205 διὰ
1295 178 1384 213 πάσης
1408 178 1522 209 κτίσεως
1552 177 1632 212 μέχρι
1655 177 1745 209 τέλους
1772 180 1863 214 χωρεῑ.

245 235 253 252 t
272 227 423 260 Ᾱὺξάνεσθε
445 227 490 253 καὶ
507 226 683 262 πληθύνεσθε.
703 235 711 251 ι

281 281 289 297 ι
309 273 440 304 Crescite,
461 281 470 298 ι
488 273 588 307 inquit,
606 280 640 299 ne
657 273 683 299 in
699 279 754 299 uno
777 278 885 306 semper
902 275 972 299 statu
988 277 1029 298 res

1121 279 1130 295 ι
1149 270 1310 302 Αὺξάνεσθε,
1329 279 1338 296 ι
1356 270 1399 297 ἵνα
1416 271 1452 306 μὴ
1464 271 1493 296 ἐν
1505 269 1545 296 ἐνὶ
1558 269 1718 305 περιορισοῇ
1735 271 1751 305 ή
1766 270 1863 302 κτίσις·

241 323 442 353 permanerem.
454 317 485 344 Et
495 327 504 342 ‹
517 317 748 352 multiplicamini,
761 326 770 343 ι
784 325 816 344 ne
825 318 851 344 in
861 324 915 344 uno
926 320 1031 343 tantum

241 362 433 395 consisterem,
458 362 505 389 sed
531 370 645 389 nurnero
671 366 894 397 propagareutur.
918 370 926 386 ι
944 361 976 387 Ει
990 367 1032 387 re-

241 410 312 444 plete
331 413 443 435 terram.
462 419 471 434 ι
490 408 612 443 Replete,
630 408 753 443 inquam,
770 415 824 434 non
840 407 1007 434 habitatione
1024 415 1029 432 :

242 454 323 482 nimis
342 454 414 482 enim
433 458 548 488 anguste
562 454 734 489 degeremus,
752 454 773 480 si
794 458 849 481 tota
870 460 884 479 a
900 452 979 479 nobis
995 452 1031 478 ita

240 504 313 527 terra
348 500 531 534 eompleretur
549 509 556 526 :
574 499 621 526 sed
653 499 789 534 imperio,
829 503 855 526 et
878 502 1030 533 potestate,

241 553 320 579 quam
349 545 427 572 nobis
452 546 478 571 in
496 545 553 579 ipsa
573 549 644 572 terra
661 545 773 572 donavit
789 545 870 572 Deus.
894 555 903 571 ι
921 544 1032 579 Replete

241 597 352 618 terram.
370 601 379 617 ι
405 590 463 618 Νοιι
480 591 574 625 utique
589 598 642 625 qua
658 595 735 626 parte
749 591 833 618 nimio
849 591 915 619 solis
934 591 1032 618 ardore

241 637 384 664 combusta
409 641 461 669 est,
480 644 530 664 nec
546 637 592 664 ubi
610 637 698 672 glacie
724 637 913 672 immensoque
932 636 1032 671 frigore

241 682 372 717 obriguit.
405 681 459 709 llas
489 682 562 709 enim
593 682 737 717 regiones,
769 690 823 709 non
839 682 929 717 coegit
960 682 1031 710 Deus

242 728 378 759 homines,
404 731 433 755 ut
450 728 601 755 incolerent
618 737 624 754 :
642 728 688 755 sed
716 735 766 755 nos
783 727 910 754 dominos
929 728 1031 755 consti-

243 774 305 804 luit,
325 777 353 799 ul.
366 777 466 800 terram
484 781 591 799 onmem
609 773 724 808 imperio
741 773 917 807 repleremus.
936 772 1032 801 Nonne

242 818 380 852 replemus
397 825 467 850 eam,
491 817 601 852 quando
616 817 722 844 ratione
739 817 904 849 dimetienda
930 825 1031 852 cogno-

243 865 356 897 scimus,
381 869 483 898 quanla
507 864 542 890 sit
562 863 622 898 ejus
639 871 703 898 pars
718 863 810 891 calore
833 867 929 890 exusta
951 869 1031 898 atque

243 910 441 941 inhabitabilis,
462 913 619 944 quantaque
638 909 672 936 ad
693 909 803 936 boream
819 909 953 944 exposita,
971 917 1030 944 qure

243 959 355 989 propler
382 955 512 990 frigorum
540 954 594 981 vim
624 954 730 981 inutilis
763 959 814 986 est,
845 959 872 981 et
897 955 946 982 coli
977 962 1030 981 non

242 1003 331 1032 potest
348 1009 353 1026 :
372 1006 464 1026 nonne
484 1004 584 1026 terram
599 999 786 1034 replevimus?
801 998 898 1026 Nonne
912 999 986 1034 quod
1004 999 1029 1026 in

241 1051 271 1070 ea
292 1045 358 1072 utile
372 1048 443 1076 erat,
459 1045 602 1079 elegimus,
620 1045 693 1079 quod
709 1048 800 1071 autem
825 1044 858 1071 ad
877 1045 1030 1079 transigen-

241 1088 303 1115 dam
317 1089 399 1116 vitam
420 1089 526 1122 inutile,
543 1080 715 1124 abjecimus?
737 1089 867 1122 Dieendo,
887 1099 896 1115 ι
922 1089 1031 1124 Replete

242 1142 355 1168 terram,
375 1145 384 1161 ›
400 1143 451 1163 nos
463 1139 544 1163 terra;
559 1135 685 1163 dominos
702 1135 847 1164 constituit
868 1135 949 1163 Deus.
965 1135 1030 1167 Nec,

241 1182 305 1217 quia
321 1181 455 1209 universae
472 1188 552 1208 usum
569 1187 624 1208 non
636 1181 779 1214 habemus,
794 1180 855 1208 ideo
870 1188 924 1208 non
937 1188 1032 1208 sumus

242 1227 317 1255 illius
347 1227 460 1254 domini.
492 1226 586 1261 Neque
612 1230 643 1253 tu
670 1226 756 1254 totius
786 1225 933 1259 frumenti,
959 1226 1032 1261 quod

241 1273 347 1305 emisti,
375 1272 480 1300 idcirco
503 1279 556 1299 non
583 1279 612 1299 es
643 1272 780 1303 dominus,
812 1273 941 1307 quoniam
968 1279 1031 1306 pars

240 1320 300 1353 ejus
314 1323 356 1346 est
374 1319 405 1346 ad
427 1318 625 1346 comedendum
640 1318 724 1351 utilis,
748 1325 812 1352 pars
830 1318 946 1347 inutilis.
965 1318 1031 1346 Sor-

243 1365 303 1397 des,
330 1365 446 1400 lapides,
464 1365 567 1400 paleas,
588 1369 620 1393 et
640 1365 662 1392 si
686 1364 752 1399 quid
779 1364 863 1397 aliud,
889 1372 944 1399 qtto
959 1364 1032 1392 vesci

241 1412 384 1440 commode
411 1419 549 1447 nequeas,
577 1411 729 1438 immixtum
759 1415 820 1443 est,
853 1412 979 1438 excernis
1005 1415 1033 1439 et

243 1457 351 1491 abjicis,
369 1457 442 1491 quod
461 1461 551 1484 autem
568 1463 666 1491 purum
688 1459 729 1483 est
745 1456 848 1491 seligis,
865 1460 892 1483 et
904 1456 936 1483 ad
952 1464 1032 1484 usum

240 1508 268 1530 et
284 1503 386 1530 victum
414 1510 539 1530 reservas
563 1507 649 1530 tuum.
675 1502 720 1529 Sic
745 1505 819 1529 terra
837 1502 915 1529 nobis
931 1503 1031 1530 donata

240 1552 293 1582 est,
310 1548 411 1583 partim
436 1548 468 1575 ad
492 1547 671 1575 habitandum
698 1540 851 1580 commoda,
876 1549 973 1583 partim
998 1549 1031 1576 ad

1086 325 1096 341 ί
1114 315 1292 351 πληθύνεσθε,
1311 325 1321 342 ι
1339 316 1381 342 ἵνα
1395 316 1431 351 μὴ
1444 317 1482 348 εἰς
1498 315 1538 347 ἓν,
1552 315 1618 342 ἀλλὰ
1631 316 1677 342 καὶ
1690 316 1728 347 είς
1741 315 1863 347 πολλοὺς.

1086 370 1096 387 ‹
1120 362 1175 388 Καὶ
1191 361 1352 397 πληρώσατε
1369 362 1418 397 τὴν
1437 363 1488 397 γῆν
1500 370 1507 378 -
1531 371 1541 388 ι
1564 362 1725 397 πληρώσατε
1739 362 1767 388 δὲ
1787 362 1816 388 οὐ
1831 363 1864 397 τῇ

1082 408 1256 442 κατοικήσει·
1271 407 1342 444 οὕτω
1354 407 1408 443 γὰρ
1425 407 1457 435 ἂν
1477 408 1734 443 ὲστενοχωρήθημεν
1751 408 1863 440 ζῶντες,

1083 453 1107 479 εἰ
1121 453 1238 488 τοσαύτη
1252 450 1286 488 ἦν
1301 454 1317 489 ὴ
1332 453 1366 489 γῆ
1387 454 1434 489 ὅση
1456 454 1528 489 ἡμᾶς
1543 454 1687 488 ὲκμετρεῖ”
1714 453 1781 480 ἀλλά
1796 453 1864 488 πλη-

1084 499 1188 534 ρώσατε
1204 500 1237 534 τῇ
1258 499 1375 534 ἐξουσίᾳ.
1401 500 1482 534 Ἦμῖν
1503 499 1557 534 γὰρ
1586 499 1721 535 κυρίευμα
1744 499 1793 533 τῆς
1814 498 1865 534 γῆς

1082 545 1175 572 ἔδωκε.
1195 554 1204 570 ι
1224 544 1388 580 Πληρώσατε
1408 545 1456 580 τὴν
1470 545 1532 580 γῆν.
1555 555 1564 571 ι
1582 545 1619 572 Οὺ
1641 546 1725 580 δήπου
1741 545 1788 572 καὶ
1805 545 1866 571 ταὺ-

1082 599 1131 626 την
1162 591 1188 616 οἱ
1212 590 1350 626 ἅνθρωποι
1375 591 1435 618 κατ’
1458 591 1582 626 ἀνάγκην
1609 590 1774 626 πληροῦσιν,
1798 590 1864 616 ἀλλά

1082 635 1193 670 κυρίους
1205 635 1279 670 ἡμᾶς
1291 636 1403 670 ἐποίησε
1417 635 1548 671 πληροῦν,
1563 636 1610 662 καὶ
1625 635 1782 670 πληροῦμεν
1795 635 1865 661 ὲκεί-

1082 690 1131 716 νην
1149 681 1186 716 τῷ
1202 682 1334 717 λογισμῷ.
1359 682 1444 709 Ὅταν
1463 682 1578 717 εἰδῶμεν
1596 682 1678 708 πόσον
1696 681 1792 717 μέτρον
1818 682 1866 716 τῆς

1081 726 1297 762 διακεκαυμένης
1310 727 1357 754 καὶ
1370 728 1497 763 ἀοικήτου
1509 736 1514 741 ”
1531 728 1595 754 ὅταν
1607 727 1721 762 είδῶμεν
1736 729 1819 754 πόσον
1837 728 1866 754 τδ

1083 770 1166 805 κλίμα
1186 771 1216 797 τὸ
1240 771 1355 806 βόρειον,
1377 772 1392 798 ὃ
1409 772 1452 798 διὰ
1474 771 1523 807 τὴν
1547 771 1767 807 ὑπὲρὸἁλλουσαν
1787 771 1866 806 ψύξιν

1083 815 1256 851 ἀγεώργητόν
1274 817 1331 842 ἐστι
1348 817 1395 843 καὶ
1415 817 1566 852 ἄχρηστον,
1586 817 1646 852 οὐχὶ
1667 817 1866 854 ὲπληρὼσαμεν

1082 862 1131 897 τὴν
1145 862 1196 896 γῆν
1209 871 1215 894 ;
1228 862 1265 888 Οὐ
1276 862 1306 888 τὸ
1322 863 1454 898 χρήσιμον
1465 863 1648 897 ἐκλεξάμενοι,
1661 863 1691 889 τὸ
1705 864 1766 890 ὅσον
1781 863 1867 899 ἄχρη-

1083 916 1145 934 στον
1163 909 1202 939 εἰς
1217 909 1354 943 διαγωγὴν
1373 908 1525 944 ἀνθρώποις
1545 908 1781 944 ἀπεπεμψάμεθας
1796 909 1866 935 ὥστε

1085 963 1094 978 ε
1118 953 1282 989 Πληρώσατε
1308 954 1356 989 τὴν
1374 954 1436 989 γῆν,
1468 965 1477 981 ι
1503 955 1613 990 κυρίους
1630 956 1704 990 ἡμᾶς
1727 955 1865 991 ἐποίησεν.

1064 1020 1069 1024 .
1082 999 1139 1025 υὺκ
1156 1000 1248 1034 ἐπειδὴ
1262 1000 1356 1034 ,πάσης
1371 1000 1421 1026 οὐκ
1434 1000 1530 1035 ἔχομεν
1552 1000 1601 1036 τὴν
1615 1001 1729 1036 χρῆσιν,
1743 1001 1792 1028 οὐκ
1806 1002 1867 1037 ἔχο-

1084 1051 1133 1077 μεν
1149 1043 1238 1078 πάσης
1251 1044 1281 1070 τὸ
1294 1044 1440 1079 κυριεύειν.
1457 1045 1525 1072 Οὐδὲ
1539 1045 1593 1081 γὰρ
1607 1046 1639 1072 σὺ
1654 1046 1699 1072 τὸν
1716 1047 1787 1073 σῖτον
1801 1047 1867 1081 ἀγο-

1083 1089 1178 1123 ράσας,
1190 1089 1240 1115 οὐκ
1254 1087 1279 1115 εἴ
1293 1089 1340 1115 τοῦ
1356 1090 1456 1121 παντὸς
1476 1090 1583 1125 κύριος,
1597 1091 1690 1126 ἐπειδὴ
1703 1092 1732 1117 ἐν
1746 1092 1785 1126 τῷ
1800 1092 1868 1127 σίτῳ

1081 1133 1112 1159 τὸ
1135 1134 1183 1168 μὲν
1207 1134 1350 1170 ἐδώδιμον,
1367 1135 1396 1162 τὸ
1418 1136 1446 1162 δὲ
1468 1136 1702 1172 ἀπορριπτόμενον
1724 1137 1805 1172 ἔχεις.
1828 1133 1868 1165 Ἦ

1081 1179 1143 1210 τοὺς
1160 1179 1249 1212 λίθους
1265 1180 1314 1215 μὲν
1333 1181 1370 1212 ὡς
1391 1181 1542 1217 ἀχρήστους
1562 1182 1759 1218 ἀπορρίπτεις,
1777 1183 1825 1210 καὶ
1841 1184 1868 1210 ετ

1080 1233 1107 1251 τι
1121 1225 1184 1252 ἄλλο
1199 1226 1377 1261 ὲπιμέμικται
1398 1226 1464 1261 πρὸς
1482 1226 1583 1262 βρῶσιν
1605 1228 1800 1263 ἀνεπιτήδειον,
1818 1230 1867 1256 καὶ

1082 1268 1112 1295 τὸ
1123 1269 1221 1304 ἄχυρον
1237 1269 1414 1304 ἀποφυσήσας
1428 1271 1515 1297 καὶτὸ
1527 1270 1646 1303 ζιζάνιον
1660 1272 1821 1308 ἀποκρίνας,
1836 1273 1868 1300 τὸ

1082 1314 1143 1340 ὅσον
1162 1314 1280 1350 καθαρὸν
1307 1315 1374 1350 πρὸς
1394 1316 1443 1351 τὴν
1467 1316 1513 1343 τοῦ
1541 1316 1599 1352 βίου
1623 1317 1767 1351 σύστασιν,
1789 1318 1868 1345 τοῦτο

1082 1359 1270 1394 ἐκλεξάμενος.
1283 1360 1376 1392 Οὕτως
1385 1361 1500 1396 τοίνυνὴ
1517 1362 1551 1396 γῆ
1563 1363 1578 1397 ή
1594 1362 1642 1397 μὲν
1655 1363 1785 1399 ἐχαρίσθη
1798 1364 1868 1399 πρὸς

1082 1405 1188 1439 οἴκησιν
1203 1405 1372 1440 ἐπιτηδείων,
1390 1407 1406 1441 ἡ
1424 1406 1545 1441 βελτίων·
1565 1407 1582 1442 ή
1596 1406 1625 1433 δὲ
1641 1407 1710 1442 πρὸς
1729 1408 1867 1443 γεωργίαν

1082 1450 1228 1484 ἀναγκαία,
1262 1451 1328 1486 ἄλλη
1359 1452 1428 1486 πρὸς
1457 1451 1582 1487 βόσκημα
1613 1453 1666 1479 τῶν
1695 1453 1867 1489 τετραπόδων

1082 1495 1185 1531 ἀνείθη.
1211 1496 1279 1522 Εἰπέ
1308 1505 1362 1531 μοι,
1392 1496 1449 1523 ἔστι
1476 1497 1650 1530 διατάξασθαι
1678 1497 1693 1524 ὃ
1720 1497 1867 1533 βούλομαι,

1083 1542 1176 1577 ἐπειδὴ
1195 1542 1295 1576 γέγονα
1316 1543 1410 1578 κύριος
1430 1543 1500 1570 κατὰ
1522 1543 1570 1579 τὴν
1594 1543 1641 1570 τοῦ
1664 1544 1798 1571 Δεσπότου
1818 1543 1867 1570 τοῦ

241 1593 373 1621 arandum
393 1593 595 1629 colendumque
618 1592 784 1625 necessaria,
808 1592 906 1627 partim
927 1591 960 1619 ad
985 1600 1029 1627 pa-

1083 1587 1224 1620 κτίσαντός
1245 1597 1279 1624 με
1300 1589 1418 1624 δωρεάν;
1440 1599 1449 1616 ι
1474 1590 1530 1616 Καὶ
1549 1589 1710 1625 πληρώσατε
1731 1589 1780 1625 τὴν
1802 1590 1867 1626 γῆν,

241 1641 357 1668 scendas
379 1638 570 1674 quadrupedes
595 1642 669 1673 apta.
689 1636 738 1664 Dic
758 1637 835 1669 mihi,
853 1645 944 1665 nonne
965 1645 1030 1673 pos-

241 1695 301 1715 sum
317 1686 451 1713 arbitratu
465 1693 524 1712 meo
544 1689 646 1712 terram
663 1683 820 1718 disponere.
842 1683 952 1718 quando
970 1691 1030 1710 mu—

243 1741 310 1761 nere
326 1733 411 1765 illius,
430 1733 477 1767 qui
494 1739 537 1759 tne
556 1730 720 1766 procreavit,
743 1729 872 1756 dominus
891 1729 952 1764 ejus
969 1737 1030 1756 sum

241 1778 431 1807 constitutus?
458 1786 466 1802 ι
483 1777 516 1804 Et
532 1777 623 1812 praesit
645 1775 766 1811 piscibus
781 1775 875 1807 maris,
892 1778 919 1802 et
935 1774 1030 1802 bestiis

241 1830 331 1853 terrae.
344 1834 353 1850 ι
371 1823 409 1851 lla
424 1823 504 1851 nobis
518 1821 657 1850 benedixit
673 1820 756 1853 Deus,
772 1820 842 1846 hane
855 1819 941 1854 legem
956 1819 1028 1851 tulit,

242 1871 312 1898 hanc
327 1870 442 1905 largitus
458 1872 500 1896 est
515 1868 685 1903 dignitatem.
701 1876 711 1892 ι
729 1866 762 1893 Εῑ
780 1866 843 1893 fecit
855 1865 926 1893 Deus
942 1865 1030 1893 homi-

241 1925 303 1945 nem
319 1925 326 1943 ι
344 1916 378 1942 ad
399 1915 545 1950 imaginem
568 1921 644 1941 suam
661 1913 725 1940 fecit
749 1920 821 1940 eum.
845 1921 855 1937 ›
869 1911 963 1938 Nonne
981 1911 1029 1938 de-

242 1962 467 1990 monstrationem
484 1961 554 1987 hanc
566 1967 628 1987 esse
642 1965 768 1986 mancam
785 1957 862 1985 vobis
874 1956 1030 1984 declaravi?

243 2018 253 2034 ι
266 2007 410 2034 Faciamus
427 2005 564 2033 hominem
580 2004 614 2032 ad
625 2004 769 2038 imaginem
780 2008 806 2030 et
821 2003 1028 2030 similitudinem

241 2057 375 2081 nostram.
390 2061 399 2078 ι
412 2051 502 2079 Unum
517 2050 599 2077 habet
611 2049 776 2085 procreatio,
789 2048 821 2075 ad
832 2058 840 2074 ι
852 2048 1026 2084 imaginem,»

241 2098 373 2134 numquid
391 2098 505 2124 alterum
523 2096 615 2127 deest,
634 2095 667 2122 ad
688 2104 696 2120 ι
724 2094 941 2123 similitudinem.
961 2103 970 2120 I
988 2094 1028 2121 An

241 2146 320 2173 aliter
335 2143 466 2174 decrevit,
483 2143 563 2170 aliter
586 2141 673 2169 fecit?
687 2140 824 2176 Numquid
841 2148 902 2168 etim
918 2141 946 2167 in
964 2148 1028 2176 pro-

241 2195 360 2218 creanuo
385 2188 586 2224 pmnituit?An
612 2190 654 2214 est
679 2185 825 2213 inﬁrmitas
851 2186 880 2212 in
901 2193 1030 2220 procrea-

241 2236 325 2267 tione,
340 2238 371 2262 ut
390 2234 463 2261 aliud
478 2232 658 2265 consuluerit,
679 2231 751 2258 aliud
772 2230 911 2259 eti'ecerit?
925 2232 966 2258 An
986 2236 1027 2259 est

241 2282 270 2308 in
286 2287 410 2308 sermone
426 2278 599 2314 nugatorium
612 2277 725 2312 aliquid,
738 2281 765 2304 et
776 2277 1027 2311 supervacaneum?
1042 2264 1066 2294 ο

243 2331 272 2354 ut
283 2326 354 2353 idem
366 2326 482 2352 fortasse
490 2324 535 2358 sit,
550 2332 559 2349 I
572 2323 715 2350 Faciamus
725 2322 863 2350 hominem
881 2322 915 2350 ad
930 2322 1026 2358 imagi-

241 2377 320 2404 nem,
335 2375 380 2405 net
391 2379 399 2395 ι
412 2369 550 2396 Faciamus
560 2368 593 2396 ad
614 2367 818 2395 similitudinem
834 2376 840 2394 :
860 2377 870 2393 ι
887 2371 914 2395 et
930 2369 976 2403 qui
992 2367 1024 2395 ad

241 2415 386 2450 imaginem
402 2413 482 2447 dixit,
499 2413 531 2440 ad
548 2413 756 2440 similitudinem
772 2412 875 2441 dixisse
891 2413 1024 2441 videatur.

241 2461 276 2488 At
290 2461 312 2488 si
330 2460 382 2487 hoc
397 2459 478 2486 modo
494 2459 718 2492 intellexerimus,
733 2459 894 2493 scriptorem
913 2467 1026 2487 accusa-

242 2507 344 2534 bimus.
374 2506 479 2533 Etenim
509 2507 532 2533 si
554 2505 595 2533 sic
621 2506 712 2538 habet,
735 2513 786 2532 vox
806 2510 901 2538 vacat,
929 2510 956 2533 et
984 2506 1026 2534 his

242 2553 312 2580 idem
338 2551 460 2587 ponitur.
483 2550 580 2579 Dicere
606 2556 695 2579 autem
721 2551 834 2578 verbum
860 2551 968 2585 aliquod
1000 2553 1025 2580 in

1082 1635 1129 1661 καὶ
1159 1635 1257 1670 ἄρχετε
1282 1635 1336 1662 τῶν
1369 1635 1468 1671 ἰχθύων
1493 1636 1542 1672 τῆς
1568 1636 1715 1671 θαλάσσης,
1742 1636 1788 1662 καὶ
1812 1635 1868 1662 τῶν

1082 1679 1212 1705 πετεινῶν
1235 1680 1281 1707 τοῦ
1302 1681 1428 1716 οὐρανοῦ,
1451 1680 1568 1708 καὶτῶν
1583 1680 1684 1716 θηρίων
1705 1681 1754 1715 τῆς
1772 1681 1833 1716 γῆςι
1854 1690 1864 1707 ι

1080 1724 1153 1759 Αὕτη
1173 1725 1264 1751 λοιπὸν
1279 1726 1397 1759 εὐλογία,
1416 1725 1484 1761 αὕτη
1495 1726 1649 1761 νομοθεσία,
1669 1725 1747 1752 τοῦτο
1758 1726 1866 1761 ἀξίωμα

1079 1771 1110 1797 τὸ
1134 1771 1273 1807 δεδομένον
1302 1773 1369 1807 ¹ἡμῖν
1395 1771 1469 1807 παρά
1491 1770 1568 1798 Θεοῦ.
1598 1780 1607 1797 ‹
1628 1771 1682 1797 Καὶ
1700 1770 1827 1806 ἐποίησεν
1851 1770 1866 1796 ό

1080 1817 1146 1850 Θεὸς
1160 1818 1205 1845 τὸν
1223 1818 1375 1853 ἄνθρωπον·
1393 1817 1454 1844 κατ’
1477 1817 1568 1844 εἰκόνα
1588 1816 1656 1843 Θεοῦ
1675 1816 1802 1851 ιτιοίησεν
1817 1815 1868 1844 αὒ-

1080 1863 1134 1890 τόν.
1149 1873 1158 1889 ι
1169 1862 1203 1890 *Α
1209 1874 1241 1900 par
1250 1865 1298 1892 οὐκ
1308 1864 1469 1900 ἐπεσημήνω
1479 1863 1517 1889 ὅτι
1530 1861 1639 1897 ἐλλιπὴς
1648 1859 1680 1898 ἧν
1693 1863 1707 1897 ή
1719 1861 1866 1895 ἀτοόδειξιςς

1083 1919 1092 1935 ι
1120 1910 1280 1945 Ποιήσωμεν
1297 1909 1438 1946 ἄνθρωπον
1464 1907 1524 1934 κατ’
1543 1907 1633 1934 εἰκόνα
1657 1908 1793 1943 ἡμετέραν
1817 1907 1866 1935 καὶ

1081 1956 1140 1983 καθ’
1157 1956 1294 1990 ὁμοίωσιν.
1314 1966 1323 1982 ι
1347 1956 1378 1982 Ἦ
1402 1954 1482 1990 βουλὴ
1499 1953 1545 1980 δύο
1562 1951 1628 1989 εἶχε,
1647 1962 1656 1979 ι
1673 1953 1864 1986 κατέίκὲνα,ι

1080 2003 1124 2030 καὶ
1137 2012 1145 2028 ι
1160 2002 1385 2038 καθ’ὀμοίωσιν.»
1398 2002 1429 2028 Ἡ
1442 2001 1605 2036 δημιουργία
1622 2000 1650 2026 ἓν
1667 2000 1732 2035 ἔχει.
1750 2001 1795 2035 Μὴ
1817 1999 1866 2026 ἄλ-

1079 2048 1132 2079 λως
1148 2048 1279 2084 ἐϐουλήθη
1299 2049 1345 2074 καὶ
1361 2047 1447 2078 ἄλλως
1465 2046 1710 2081 μετεϐουλεύσατο;
1729 2046 1765 2081 μὴ
1782 2054 1865 2081 μετα-

1082 2093 1176 2128 μέλειά
1190 2102 1231 2125 τις
1249 2094 1277 2119 ἐν
1293 2094 1326 2128 τῇ
1348 2092 1434 2119 κτίσει
1455 2091 1692 2128 παρηκολούθησε;
1713 2091 1749 2126 μὴ
1772 2091 1865 2118 ἀτονία

1079 2141 1125 2167 τοῦ
1136 2141 1276 2171 κτίσαντος
1288 2139 1354 2166 ἄλλα
1363 2137 1543 2173 προελομένου
1555 2137 1602 2164 καὶ
1613 2137 1678 2164 ἀλλα
1690 2137 1865 2172 ποιήσαντοςς

1080 2186 1110 2221 ἢ⁵
1123 2184 1265 2219 ἀδολεσχία
1278 2185 1306 2211 ὲν
1324 2184 1379 2214 τοῖς
1393 2183 1484 2216 λόγοις
1497 2191 1504 2214 ;
1521 2181 1597 2216 Τάχα
1616 2180 1670 2216 γὰρ
1688 2180 1767 2207 τοῦτο
1779 2179 1865 2214 λέγει,

1083 2241 1092 2257 ι
1110 2231 1271 2265 Ποιήσωμεν
1288 2229 1429 2264 ἄνθρωπον
1443 2227 1502 2254 κατ’
1520 2227 1610 2253 εἰκόνα
1623 2225 1670 2253 καὶ
1688 2225 1748 2252 καθ’
1765 2225 1867 2260 ὁμοίω-

1079 2285 1130 2304 σιν.
1149 2286 1157 2302 ι
1175 2275 1266 2302 Εἰπὼν
1281 2275 1336 2310 γὰρ
1352 2283 1361 2299 ι
1381 2273 1440 2300 κατ’
1450 2273 1552 2304 εἰκόνα,
1570 2281 1578 2298 ι
1593 2271 1689 2298 οὐκοῦν
1700 2269 1759 2297 εἷπε
1775 2279 1785 2295 (
1804 2270 1866 2296 καθ’

1078 2322 1217 2358 ὁμοίωσιν.
1241 2331 1250 2347 ι
1272 2322 1361 2356 Ὅπερ
1385 2320 1416 2347 ἂν
1437 2319 1620 2354 ὲκλεξώμεθα,
1640 2317 1866 2352 κατηγορήσομεν

1078 2368 1125 2395 τοῦ
1142 2367 1344 2404 γεγραμμένου.
1363 2365 1425 2392 Εἴτε
1449 2365 1504 2401 γὰρ
1527 2364 1603 2391 τοῦτο
1619 2363 1708 2398 λέγει,
1728 2362 1866 2397 παρέλκον

1079 2415 1137 2441 ἐστὶ
1151 2415 1192 2446 δὶς
1208 2414 1242 2440 τὰ
1257 2412 1326 2440 αὐτὰ
1343 2413 1443 2446 λέγειν.
1461 2411 1558 2446 ’Δργὺν
1581 2410 1654 2445 ῥῆμα
1674 2411 1702 2436 ὲν
1716 2410 1749 2444 τῇ
1766 2408 1862 2444 Γραφῇ

1079 2461 1178 2496 λέγειν,
1203 2459 1360 2495 βλασφημία
1376 2457 1459 2492 δεινή.
1481 2457 1560 2483 Ἀλλά
1577 2456 1629 2492 μὴν
1644 2455 1694 2482 οὐκ
1710 2453 1864 2490 ἀργολογεῖ.

1080 2504 1183 2533 Οὐκοῦν
1202 2503 1346 2538 ἀναγκαῖόν
1364 2503 1420 2529 ἐστι
1444 2501 1568 2537 γενέσθαι
1587 2500 1729 2536 ἄνθρωπον
1745 2498 1805 2526 κατ’
1824 2499 1867 2525 εί-

1081 2552 1146 2579 κόνα
1159 2551 1205 2578 καὶ
1220 2550 1279 2577 καθ’
1293 2549 1432 2584 ὁμοίωσιν.

242 2597 378 2633 Scriptura
407 2596 571 2630 redundare,
600 2601 642 2624 est
671 2603 753 2632 grave
781 2596 870 2624 nefas.
892 2596 970 2629 Quod
987 2598 1009 2625 si
1034 2598 1101 2626 nihil
1123 2596 1266 2627 redundat,
1286 2595 1354 2622 nihil
1376 2598 1417 2621 est
1442 2594 1534 2626 inane,
1555 2593 1623 2620 nihil
1648 2596 1864 2627 supervacuum:

242 2651 306 2680 ergo
326 2651 439 2672 necesse
461 2647 503 2671 est
518 2642 656 2669 hominem
673 2649 735 2669 esse
758 2641 861 2669 factum
877 2642 910 2668 ad
928 2642 1072 2678 imaginem
1097 2647 1124 2671 et
1140 2641 1346 2670 similitudinem
1363 2639 1420 2667 Dei.

275 2694 332 2721 Cur
347 2692 430 2728 igitur
444 2698 499 2719 non
512 2690 582 2718 dixit
596 2699 603 2718 :
617 2689 648 2717 Et
665 2689 729 2717 fecit
746 2689 818 2716 Deus
834 2689 972 2718 hominem
992 2691 1025 2718 ad

241 2739 385 2774 imaginem
406 2741 432 2765 et
446 2736 654 2765 similitudinem
671 2735 771 2762 suam?
785 2735 878 2768 Quid?
905 2743 961 2763 non
977 2743 1026 2771 po-

242 2782 572 2818 tuitfortasseﬁmpium
589 2785 631 2808 est
646 2781 672 2808 id
697 2780 798 2808 dicere.
822 2780 930 2809 Decreti
958 2789 1024 2810 num

240 2830 386 2865 paenituit?
412 2827 546 2856 nefarium
577 2826 649 2854 istud
668 2826 708 2855 vel
728 2826 859 2862 cogitare.
885 2825 1023 2863 Numquid

1115 2689 1164 2716 Διά
1180 2688 1206 2715 τί
1219 2688 1269 2715 οὐκ
1285 2687 1438 2714 ἀποδίδοται
1453 2686 1471 2713 ἃ
1490 2685 1644 2721 ἠϐουλήθης
1660 2685 1705 2711 διὰ
1720 2685 1746 2712 τί
1760 2685 1809 2711 οὐκ
1826 2684 1868 2710 εἷ-

1081 2744 1170 2771 ρηται,
1183 2734 1238 2762 Καὶ
1252 2733 1379 2768 ἐποίησεν
1388 2733 1403 2758 ό
1416 2732 1480 2763 Θεὸς
1493 2732 1537 2758 τὺν
1548 2731 1689 2767 ἄνθρωπον
1704 2731 1763 2757 κατ’
1774 2730 1867 2757 είκόνα

1079 2781 1145 2807 Θεοῦ
1168 2780 1216 2807 καὶ
1231 2779 1293 2807 καθ’
1314 2778 1454 2814 ὁμοίωσιν.
1477 2777 1621 2812 Ἠτόνησεν
1639 2778 1654 2804 ό
1683 2776 1870 2810 «ordinis:—

1080 2826 1153 2862 δὴςό
1172 2825 1259 2860 λόγος.
1283 2823 1463 2859 Μετεμελήθη
1482 2823 1496 2849 ὸ
1512 2822 1709 2858 προστάσσωνς
1724 2821 1864 2848 ἀσεϐέστε-
