1977 3071
106 122 164 152 275

480 124 513 152 1N
531 126 660 161 VERBA,
680 124 866 155 FACIAML’S
892 124 1091 159 HOMINEM,
1111 127 1198 162 ETC.,
1221 128 1323 156 ORAT.
1344 127 1365 155 1.

1681 127 1734 155 ττι

108 190 157 217 ρ’ρν
176 181 206 208 τὺ
225 181 378 216 ἐνθύμημα.
407 181 474 208 Ἀλλ’
492 181 551 210 εῐπε
572 184 619 210 καὶ
646 185 892 219 peram-natione;

949 185 1023 216 dixit,
1042 189 1068 212 ct
1092 185 1240 212 consilium
1267 185 1398 213 mutarit!
1431 184 1540 213 Minime
1562 192 1635 212 vero.
1664 185 1734 219 Ergo

108 226 159 254 οὗ.
180 226 247 253 οὔτε
263 224 337 262 οὗνὴ
351 227 445 269 Γραφὴ
461 228 540 255 τοῦτο
552 228 626 264 λέγει
637 250 644 262 ,
662 229 722 257 οὔτε
737 232 751 258 6
762 232 897 267 Δημιουρ-

107 272 157 305 γὺς
169 272 268 302 ἀτονεῖ,
285 271 346 298 οὔτε
359 272 375 307 ὴ
392 272 473 308 βουλὴ
487 273 656 311 ἑματαιώθη.
673 276 721 307 Τίς
731 277 745 303 ό
755 276 832 310 λόγος
847 278 896 312 τῆς

109 317 235 351 σιωπῆς;
251 326 262 342 ι
280 318 441 354 Ποιήσωμεν
458 318 600 355 ἄνθρωπον
614 321 674 348 κατ’
688 321 780 349 εἰκόνα
800 323 897 358 ἢμετέ-

111 370 161 397 ραν
176 362 222 388 καὶ
242 363 303 390 καθ’
317 363 458 398 ὁμοίωσιν.
476 375 485 391 ι
504 366 540 392 Τὺ
555 367 615 400 μὲν,
636 369 669 403 τῇ
686 367 773 394 κτίσει
788 368 895 404 ἔχομεν’

107 407 140 434 τὺ
152 408 189 440 δὲ,
207 409 238 434 ὲκ
264 409 448 445 προαιρέσεως
465 411 660 447 κατορθοῦμεν,
685 413 728 440 Ἐν
751 415 784 449 τῇ
802 414 898 451 πρώτῃ

110 456 266 489 κατασκευῇ
281 456 448 491 συνυπάρχει
463 457 528 491 ἡμῖν
544 457 577 483 τὸ
596 457 656 484 κατ’
672 459 764 485 εἰκόνα
785 459 898 495 γεγενῆ-

111 498 174 524 σθαι
188 498 268 524 Θεοῦ’
283 499 315 526 ἑκ
327 500 513 536 προαιρέσεως
524 502 589 536 ἡμῖν
601 503 780 538 κατορθοῦται
795 504 825 530 τὸ
837 505 897 532 καθ’

108 545 240 579 ὁμοίωσιν
254 543 322 572 εἶναι
338 545 416 572 Θεοῦ.
434 545 518 572 Τοῦτο
534 546 562 573 δὲ
578 547 608 574 τὺ
634 548 703 574 κατὰ
728 549 897 584 προαίρεσιν,

110 589 227 625 δυνάμει
242 591 306 626 ἡμῖν
322 591 479 627 ἐνυπάρχει·
496 593 620 628 ἐνεργείᾳ
635 593 663 620 δὲ
679 595 786 626 ἑαυτοῖς
801 596 899 630 ἐπάγο-

113 636 175 670 μεν.
194 636 225 662 Εἰ
241 637 278 671 μὴ
295 637 438 671 προλαϐὼν
455 632 531 664 εἷπεν
551 639 566 665 6
588 639 687 675 Κύριος
710 641 793 668 ποιῶν
814 642 897 677 ἡμᾶς,

113 689 125 705 ‹
141 681 311 716 Ποιήσωμεν,
326 691 335 708 ›
352 683 398 709 καὶ
412 692 422 708 ‹
437 683 503 710 Καθ’
517 684 655 719 ὁμοίωσιν,
671 696 680 712 ι
698 687 722 712 εί
738 688 775 722 μὴ
789 689 838 724 τὴν
852 688 899 715 τοῦ

111 725 237 759 γενέσθαι
252 727 312 754 καθ’
324 728 454 763 ὁμοίωσιν
467 729 580 765 δύναμιν
598 731 664 766 ἡμῖν
680 732 834 768 ἐχαρίσατο,
849 735 900 761 οὐκ

112 771 146 797 ἂν
161 773 194 807 τῇ
205 772 308 799 ἑαυτῶν
322 773 440 810 ἐξουσίᾳ,
455 775 502 811 τὴν
514 776 581 811 πρὸς
593 776 658 803 Θεὸν
671 778 800 813 ὁμοίωσιν
810 779 900 812 gaesa-

114 817 194 851 μεθα.
212 818 268 844 Νῦν
285 819 334 854 μέν
350 828 390 846 τοι
409 820 522 856 δυνάμει
536 823 610 857 ἡμᾶς
626 823 754 859 ἐποίησεν
773 825 900 859 ὁμοιωτι-

111 864 176 894 κοὺς
193 863 270 890 Θεοῦ.
284 865 402 900 Δύναμιν
416 865 444 892 δὲ
457 867 519 899 δοὺς
534 868 602 904 πρὸς
616 869 647 895 τὸ
659 869 816 904 ὁμοιοῦσθαι
829 871 898 907 Θεῷ,
916 860 936 888 Β

112 909 219 945 ἀφῆκεν
229 911 302 945 ἡμᾶς
313 912 431 947 ὲργάτας
438 912 507 940 εἶναι
517 914 566 949 τῆς
578 914 647 950 πρὸς
655 915 721 942 Θεὸν
734 916 898 951 ὁμοιώσεως,

113 954 156 980 ἵνα
173 954 286 989 ἄγγελος
343 957 392 992 τῆς
413 958 544 993 ἐργασίας
568 959 678 994 μισθὸς,
696 961 739 988 ἵνα
754 962 791 997 μὴ
806 962 900 998 ὥσπερ

111 999 215 1031 εἰκόνες
227 998 301 1036 ὦμεν
312 1002 387 1037 παρὰ
399 1003 544 1038 ζωγράφου
560 1005 711 1040 γενόμεναι,
728 1007 790 1043 εἰκῆ
805 1008 898 1043 κείμε-

110 1053 167 1077 ναι,
184 1046 227 1072 ἵνα
243 1046 280 1082 μὴ
295 1047 328 1074 τὰ
346 1048 396 1083 τῆς
411 1050 548 1085 ἡμετέρας
558 1050 713 1085 ὁμοιώσεως
740 1052 811 1088 ἄλλῳ
824 1053 900 1081 ἔπαι-

112 1099 158 1117 νον
181 1091 261 1127 φέρῃ.
281 1093 365 1120 Ὅταν
386 1094 439 1130 γὰρ
455 1095 505 1130 τὴν
527 1096 619 1123 εἰκόνα
641 1096 698 1132 ἴδῃς
711 1098 834 1133 ἀκριϐῶς
850 1108 899 1135 με-

114 1139 296 1172 μορφωμένην
319 1139 388 1174 πρὸς
410 1138 440 1165 τὺ
463 1140 652 1175 πρωτότυιιτον⁹
674 1142 705 1168 οὑ
729 1143 779 1178 τὴν
807 1143 899 1170 εἰκόνα

111 1183 233 1215 ἐπαινεῖς
245 1205 252 1217 ,
265 1183 332 1211 ἀλλὰ
344 1184 390 1211 τὸν
402 1183 546 1221 ζωγράφον
564 1185 724 1222 θαυμάζεις.
739 1188 797 1214 Ἵνα
808 1186 899 1216 ’τοίνυν

83 1268 86 1271 Ι
111 1229 142 1255 τὸ
155 1229 247 1265 θαῦμα
264 1229 328 1264 ὲμὺν
343 1229 454 1265 γένηται
470 1231 517 1258 καὶ
532 1231 569 1267 μὴ
586 1232 735 1268 ἀλλότριον,
750 1234 811 1269 ἐμοὶ
830 1243 898 1261 κατ-

111 1274 188 1302 έλιπε
210 1276 240 1302 τὸ
258 1276 318 1303 καθ’
334 1276 463 1311 ὁμοίωσιν
480 1277 547 1304 Θεοῦ
565 1277 701 1311 γενέσθαι.
719 1279 785 1305 Κατ’
808 1279 899 1306 εἰκόνα

111 1320 166 1356 γὰρ
179 1321 232 1356 ἔχω
242 1321 272 1347 τὸ
283 1320 391 1355 λογικὸς
401 1319 480 1354 εἶναι,
491 1322 553 1348 καθ’
564 1322 694 1357 ὁμοίωσιν
705 1323 733 1349 δὲ
746 1323 858 1359 γίνομαι
870 1325 898 1350 ὲν

109 1366 151 1402 τῷ
170 1367 328 1402 Χριστιανὸς
344 1367 479 1401 γενέσθαι.
497 1367 605 1394 Γίνεσθε
619 1368 716 1395 τέλειοι
729 1369 766 1400 ὡς
780 1369 794 1395 ό
806 1369 898 1405 Πατὴρ

111 1411 190 1446 ὑμῶν
202 1413 216 1438 6
226 1412 350 1448 οὐράνιος
364 1412 465 1444 τέλειός
477 1414 561 1439 ἐστιν.
577 1411 653 1445 Εἶδες
670 1413 721 1440 ποῦ
736 1414 898 1442 ἀποδίδωσιν

112 1458 179 1492 ἡμῖν
193 1458 206 1484 6
218 1457 319 1493 Κύριος
330 1458 360 1484 τὸ
370 1458 432 1484 καθ’
442 1458 569 1493 ὁμοίωσιν
579 1467 586 1491 ;
600 1459 661 1485 Ὅτι
674 1459 719 1486 τὸν
730 1460 804 1495 ἥλιον
815 1460 897 1487 αὑτοῦ

113 1502 253 1530 ἀνατέλλει
265 1503 311 1529 ἐπὶ
330 1503 464 1538 πονηροὺς
476 1505 523 1529 καὶ
535 1503 664 1538 ἀγαθοὺς,
680 1505 726 1531 καὶ
747 1504 837 1540 βρέχει
852 1506 898 1532 ἐπὶ

111 1547 232 1579 δικαίους
246 1546 292 1574 καὶ
311 1547 427 1579 ἀδίκους.
448 1548 510 1575 Ἐὰν
524 1548 590 1584 γένῃ
606 1549 795 1584 μισοπόνηρος,
811 1551 899 1586 ἀμνη-

113 1591 235 1623 σίκακος,
250 1591 286 1628 μὴ
299 1592 471 1628 μεμνημένος
481 1593 530 1628 τῆς
542 1593 638 1628 χθιζῆς
650 1593 758 1629 ἔχθρας·
775 1594 822 1621 ἐὰν
832 1594 899 1631 γένῃ

113 1637 282 1671 φιλάδελφος,
294 1638 448 1674 συμπαθὴς,
463 1638 606 1674 ὡμοιώθης
616 1640 684 1675 Θεῷ.
702 1640 764 1666 Ἐὰν
777 1641 849 1676 ἀφῇς
860 1641 899 1676 τῷ

113 1683 202 1718 ἰχθρῷ
221 1683 275 1710 ἀπὺ
291 1683 413 1718 καρδίας,
431 1684 574 1720 ὡμοιώθης
587 1684 654 1720 Θεῷ.
680 1684 743 1711 Ἐὰν
759 1683 813 1717 οἷός
825 1687 899 1712 ἐστιν

114 1729 161 1755 ἐπὶ
173 1728 202 1754 σὲ
217 1728 261 1755 τὸν
282 1729 441 1765 ἁμαρτωλὸν
461 1731 475 1756 6
490 1730 570 1763 Θεὸς,
586 1730 705 1762 τοιοῦτος
716 1731 783 1766 γένῃ
795 1731 842 1758 ἐπὶ
852 1731 899 1758 τὸν

114 1774 153 1804 εἰς
166 1774 195 1799 σὲ
213 1773 465 1809 πεπλημμεληκότα
482 1774 606 1808 ἀδελφὸν,
627 1776 660 1810 τῇ
686 1775 754 1810 πρὸς
771 1775 816 1802 τὸν
830 1775 899 1812 πλη-

115 1818 171 1844 σίον
183 1818 367 1854 εὐσπλαγχνίᾳ
380 1818 523 1854 ὡμοιώθης
533 1818 602 1853 Θεῷ,
615 1819 684 1849 ὥστε
697 1816 727 1845 τὸ
738 1821 796 1846 κατ’
808 1821 899 1848 εἰκόνα

116 1863 165 1897 μὲν
180 1863 262 1898 ἔχεις,
288 1864 320 1889 ὲκ
338 1864 385 1890 τοῦ
407 1863 513 1898 λογικὸς
534 1862 614 1891 εἶναι·
642 1866 703 1892 καθ’
720 1867 848 1901 ὁμοίωσιν
871 1868 899 1894 δὲ

113 1907 176 1942 γίνῃ
192 1907 225 1933 ὲκ
238 1907 285 1933 τοῦ
302 1908 474 1943 χρηστότητα
488 1909 640 1939 ἀναλαϐεῖν.
654 1911 782 1939 Ἀνάλαὸε
798 1913 899 1948 σπλάγ-

114 1961 166 1988 χνα
190 1952 353 1988 οἰκτιρμοῦ,
374 1954 554 1990 χρηστότητα,
582 1955 624 1982 ἵνα
650 1957 746 1993 ἐνδύσῃ
771 1958 897 1994 Χριστόν.

114 1998 154 2024 Δι’
167 1994 205 2024 ὧν
217 1999 272 2034 γάρ
289 1998 487 2034 ἀναλαμϐάνεις
499 2001 549 2036 τὴν
565 2001 745 2037 συμπάθειαν,
764 2003 798 2030 δι’
809 2004 898 2032 αὐτῶν

115 2043 231 2079 Χριστὸν
242 2045 347 2081 ὲνδὺνῃ.
360 2046 406 2072 καὶ
417 2047 450 2081 τῇ
464 2047 532 2082 πρὸς
545 2048 626 2075 αὐτὸν
636 2048 770 2076 οἰκειώσει
783 2051 898 2077 οἰκειού-

116 2097 195 2124 μενος
209 2090 278 2125 Θεῷ.
298 2090 390 2123 Οὕτως
406 2093 423 2126 ἡ
441 2092 544 2127 ίστορία
560 2094 699 2125 παίδευσις
712 2095 769 2121 ἐστι
781 2095 827 2122 τοῦ
841 2096 897 2131 βίου

113 2135 160 2162 τοῦ
189 2136 367 2172 ἀνθρωπίνου.
397 2146 407 2162 ι
429 2138 589 2174 Ποιήσωμεν
615 2139 755 2175 ἄνθρωπον
776 2142 835 2168 κατ’
859 2144 899 2169 εί-

115 2182 189 2208 κύνα.
219 2191 228 2207 ι
264 2182 338 2217 Ἐχω
357 2180 404 2209 οὖν
432 2183 460 2209 ὲν
484 2184 516 2218 τῇ
544 2184 631 2210 κτίσει
655 2185 686 2211 τὸ
710 2186 769 2212 κατ’
795 2187 896 2214 εἰκόνα·
915 2201 936 2228 D

115 2227 225 2262 γίνομαι
244 2227 273 2253 δὲ
300 2229 334 2263 τῇ
351 2227 496 2263 προθέσει,
523 2229 570 2255 καὶ
597 2229 657 2255 καθ’
680 2230 819 2264 ὁμοίωσιν.
843 2233 898 2259 Ποῦ

116 2279 162 2298 σου
194 2272 210 2306 ἠ
244 2271 340 2306 χάρις;
370 2271 414 2297 διὰ
440 2271 466 2297 τί
496 2272 528 2298 σὺ
553 2273 716 2306 ὲστεφανοῦς
750 2274 780 2300 Εἰ
804 2274 856 2310 γὰρ
886 2276 911 2301 6'

115 2317 283 2351 Δημιουργὸς
297 2317 326 2342 τὸ
339 2316 397 2343 ὅλον
413 2317 535 2343 ἀπέδωκε
547 2337 554 2349 ,
569 2317 626 2348 πῶς
642 2318 674 2344 ἄν
690 2326 731 2344 σοι
746 2318 762 2353 ἡ
777 2319 906 2353 βασιλείαι

114 2361 169 2387 τῶν
185 2361 306 2397 οὐρανῶν
327 2362 466 2397 ἡνοίγετος
489 2362 546 2389 Νῦν
565 2362 594 2388 δὲ
616 2363 648 2389 τὸ
664 2363 712 2398 μὲν
729 2363 850 2399 eadem
871 2364 900 2391 δὲ

115 2406 208 2438 ἀτελὲς
233 2406 412 2443 κατελείφθηο
437 2408 480 2434 ῖνα
507 2408 618 2435 σεαυτὸν
643 2408 802 2449 τελειώσας,
827 2409 897 2442 ἄξιος

115 2451 180 2488 γένῃ
193 2452 241 2488 τῆς
257 2452 333 2487 παρὰ
349 2452 397 2479 τοῦ
409 2453 477 2479 Θεοῦ
494 2453 711 2487 μισθαποδοσίας.

947 237 1035 264 neque
1054 228 1194 264 Scriptura
1212 229 1264 256 hoc
1286 230 1362 262 dicit,
1387 238 1475 264 neque
1489 230 1601 257 Creator
1613 237 1666 256 non
1684 238 1733 264 pn-

948 279 1010 307 test,
1026 282 1114 309 neque
1136 275 1283 303 consilium
1304 275 1411 302 irritum
1438 275 1498 302 fuit.
1522 275 1578 302 Cur
1594 275 1678 310 igitur
1697 275 1734 302 si-

947 320 1031 347 lentio
1049 320 1075 346 id
1090 320 1305 354 praetermissum
1320 320 1384 347 est?
1405 329 1414 346 ι
1433 319 1575 347 Faciamus
1596 319 1733 346 hominem

947 365 982 392 ad
996 365 1140 401 imaginem
1158 370 1279 393 nostram
1300 369 1328 393 et
1346 365 1588 393 similitudinem?»
1603 365 1692 394 Unum
1706 366 1733 392 in

948 412 1099 444 creatione,
1121 412 1236 439 alterum
1255 412 1281 439 in
1294 412 1429 439 electione
1444 412 1562 446 positum
1575 415 1628 439 est.
1654 412 1732 443 Nam,

950 461 979 484 ut
1001 457 1129 485 fieremus
1146 457 1180 484 ad
1194 458 1339 493 imaginem
1353 457 1410 490 Dei,
1437 458 1500 484 dum
1516 458 1651 493 principio
1669 465 1732 492 pro-
1782 491 1784 495 ι

951 509 1119 535 crearemur,
1145 502 1326 529 obtinuimus.
1349 501 1384 529 Ut
1406 505 1496 528 autem
1527 501 1677 528 efﬁciamur
1700 502 1734 528 ad

949 548 1011 582 ejus
1027 548 1249 581 similitudinem,
1265 547 1406 583 proposito
1424 547 1620 582 voluntateque
1638 555 1737 574 consc-

949 594 1072 628 quimur.
1083 592 1172 628 Atque
1190 594 1273 629 hujus
1297 594 1417 628 quidem,
1441 593 1514 628 quod
1531 593 1564 620 ad
1587 592 1734 620 arbitrium

950 639 1069 674 pertinet
1084 646 1116 666 ac
1134 639 1310 672 voluntatem,
1321 643 1443 674 potestas
1455 639 1533 667 nobis
1547 640 1631 672 inest,
1645 647 1675 667 re
1686 647 1736 666 au-

950 687 1004 711 tem
1021 688 1048 711 et
1062 684 1142 712 factis
1159 684 1210 719 ipsi
1228 689 1402 724 praestamus.
1424 684 1481 712 Nisi
1509 685 1582 713 Deus
1609 691 1736 712 antever-

951 730 1029 758 tisset
1041 731 1145 763 dicens,
1159 738 1221 758 cum
1237 738 1287 758 nos
1297 731 1422 762 alliceret,
1437 740 1445 756 I
1462 731 1615 765 Faciamus,
1628 736 1669 758 iet
1679 740 1688 756 ι
1701 731 1735 758 ad

952 777 1169 809 similitudinem,
1184 787 1193 804 ι
1212 777 1266 804 nisi
1280 777 1359 805 nobis
1370 784 1429 804 eam
1443 777 1557 812 largitus
1572 780 1645 804 esset
1660 781 1737 811 pote-

952 825 1062 855 statem,
1090 825 1120 850 ut
1146 822 1180 850 ad
1207 822 1268 857 ejus
1295 822 1504 850 similitudinem
1534 821 1734 858 eliingeremur,

951 875 1092 902 nunquam
1110 875 1236 896 essemus
1252 867 1329 895 illum
1351 867 1458 895 viribus
1478 867 1582 895 nostris
1604 869 1735 896 assecuti.

950 912 1028 941 Nunc
1045 917 1137 941 autem
1154 917 1293 949 potestate
1303 921 1355 941 nos
1371 913 1436 940 fecit
1453 913 1557 941 similes
1580 913 1637 941 Dei.
1657 913 1737 941 Pote-

950 963 1048 987 statem
1065 963 1158 986 autem
1181 959 1318 990 tribuens,
1345 963 1374 986 ut
1397 959 1458 994 ejus
1485 959 1591 987 similes
1610 959 1737 987 reddere-

950 1012 1022 1036 mur,
1040 1004 1166 1039 permisit
1180 1005 1272 1039 nobis,
1291 1009 1320 1032 ut
1332 1012 1458 1032 essemus
1474 1005 1550 1033 illius
1577 1005 1738 1032 similitudi-

949 1051 993 1078 nis
1006 1051 1159 1084 effectores,
1177 1059 1232 1086 quo
1250 1058 1355 1079 merces
1373 1051 1464 1086 operis
1483 1055 1578 1079 nostra
1598 1051 1678 1084 foret,
1702 1059 1736 1078 ne

949 1100 1049 1124 nostra:
1064 1097 1254 1124 similitudinis
1263 1097 1371 1124 laudem
1387 1096 1518 1125 auferret.
1529 1097 1648 1130 Quando
1659 1097 1733 1125 enim

949 1141 1062 1176 effigiem
1077 1140 1197 1176 aliquam
1218 1142 1310 1168 cernis
1333 1140 1477 1176 diligenter
1503 1141 1682 1173 elaboratam,
1710 1144 1738 1167 et

948 1185 1088 1220 exemplar
1115 1185 1218 1220 optime
1243 1184 1417 1215 referentem,
1443 1191 1498 1211 non
1517 1184 1604 1219 ipsam
1629 1183 1735 1215 laudas,

949 1233 995 1260 sed
1013 1232 1146 1266 pictorem
1159 1231 1314 1260 admiraris.
1329 1230 1512 1265 Quapropter,
1540 1234 1569 1257 ut
1584 1238 1653 1261 mea,
1683 1237 1736 1256 nou

948 1278 1064 1305 alterius
1079 1281 1155 1305 esset
1164 1277 1307 1305 admiratio
1326 1297 1334 1309 ,
1359 1277 1470 1312 reliquit
1486 1277 1562 1308 mihi,
1587 1280 1617 1303 ut
1631 1276 1663 1303 ad
1677 1276 1737 1310 ejus

949 1322 1156 1350 similitudinem
1174 1322 1276 1350 fierem.
1293 1322 1331 1349 Ex
1343 1322 1461 1358 imagine
1476 1323 1572 1354 habeo,
1587 1326 1615 1349 ut
1629 1322 1737 1348 ratione

949 1368 1000 1395 sim
1028 1367 1179 1403 praeditus;
1209 1374 1242 1394 ex
1259 1367 1442 1399 similitudine
1468 1371 1569 1399 autem,
1597 1372 1626 1394 ut
1648 1367 1737 1396 bonus

947 1412 1059 1440 el'liciar.
1077 1412 1170 1440 Estote
1191 1412 1312 1447 perfecti,
1324 1413 1396 1439 sicut
1412 1411 1494 1439 Pater
1507 1415 1598 1439 vester
1617 1412 1737 1440 caelestis

948 1458 1084 1493 perfectus
1110 1461 1163 1485 cst.
1186 1456 1267 1485 Vides
1288 1457 1424 1492 quomodo
1445 1457 1524 1485 nobis
1542 1456 1676 1483 Dominus
1707 1457 1738 1483 il-

952 1503 999 1531 lud
1013 1503 1047 1531 ad
1060 1503 1267 1530 similitudinem
1278 1502 1393 1530 reddat?
1406 1502 1540 1536 Quoniam
1555 1503 1639 1530 solem
1655 1511 1736 1530 suum

951 1549 1016 1577 oriri
1034 1548 1098 1576 facit
1114 1548 1196 1584 su'per
1224 1548 1311 1576 malos
1336 1551 1363 1576 et
1383 1548 1483 1580 bonos,
1509 1552 1535 1575 et
1563 1548 1632 1582 pluit
1655 1556 1737 1583 super

949 1594 1038 1629 justos
1048 1599 1075 1622 et
1090 1594 1219 1629 injustos.
1235 1593 1263 1620 Si
1288 1593 1379 1621 oderis
1393 1594 1505 1624 scelera,
1531 1593 1554 1620 si
1574 1593 1735 1628 iujuriarum

951 1641 1112 1667 memoriam
1141 1639 1286 1672 deleveris,
1312 1639 1337 1666 si
1361 1639 1503 1666 hesternas
1530 1639 1694 1671 simultates,
1710 1643 1738 1666 et

952 1684 1109 1712 inimicitias
1129 1683 1267 1711 oblivione
1283 1682 1436 1710 voluntaria
1453 1683 1624 1718 deposueris,
1641 1682 1664 1710 si
1685 1682 1738 1709 fra-

951 1734 1020 1758 trem
1036 1737 1139 1761 amore,
1156 1729 1355 1761 benevolentia,
1373 1728 1550 1762 benignitate,
1574 1728 1732 1755 miscricor-

952 1773 998 1800 dia
1019 1774 1182 1809 complexus
1197 1773 1294 1805 tueris,
1312 1773 1368 1799 Deo
1381 1773 1480 1800 similis
1498 1776 1607 1800 evades.
1626 1773 1653 1799 Si
1666 1773 1737 1806 inju-

952 1819 1009 1847 rias
1024 1827 1057 1847 ex
1069 1819 1165 1846 intimo
1179 1819 1262 1846 corde
1276 1818 1428 1851 remiseris,
1443 1817 1498 1846 Deo
1511 1818 1610 1845 similis
1624 1818 1734 1846 evades.

953 1865 993 1899 Si,
1012 1866 1101 1901 qualis
1118 1868 1161 1893 est
1178 1872 1242 1900 erga
1266 1868 1292 1891 te
1308 1869 1481 1899 peccatorcm
1497 1864 1579 1895 Deus,
1607 1865 1685 1892 talem
1710 1869 1736 1891 te

951 1911 1102 1947 praebueris
1124 1910 1292 1944 delinquenti
1312 1909 1400 1942 fratri,
1428 1914 1473 1936 tua
1490 1918 1555 1945 erga
1579 1911 1734 1945 proximum

951 1959 1028 1983 tuum
1044 1954 1235 1993 misericordia
1253 1954 1309 1982 Deo
1339 1954 1440 1982 similis
1455 1955 1564 1982 evades.
1583 1954 1673 1982 Habes
1686 1954 1735 1990 igi-

950 2006 995 2030 ιιι·
1014 2002 1161 2037 imaginem
1178 2009 1211 2029 ex
1234 2009 1282 2034 eo,
1305 2001 1378 2037 quod
1409 2001 1524 2029 rationis
1546 2009 1576 2029 es
1603 2009 1733 2037 compos;

950 2048 1156 2076 similitudinem
1174 2051 1276 2080 autem,
1291 2048 1355 2082 quia
1366 2047 1506 2080 virtutem,
1527 2047 1690 2082 probitatem
1707 2052 1734 2075 et

950 2094 1101 2122 bonitatem
1115 2093 1292 2129 amplexaris.
1306 2092 1422 2128 Suscipe
1435 2093 1518 2128 igitur
1530 2093 1635 2120 viscera
1653 2093 1734 2120 mise-

949 2137 1088 2169 ricordiae,
1099 2137 1305 2165 beneficentiam
1314 2144 1423 2169 exerce,
1432 2141 1462 2164 ut
1471 2137 1571 2164 induas
1579 2137 1730 2165 Christum.

949 2182 1002 2210 Per
1013 2191 1084 2219 quos
1101 2183 1173 2211 enim
1191 2182 1351 2210 misericors
1375 2187 1402 2210 et
1418 2182 1553 2218 benignus
1568 2190 1608 2214 es,
1627 2190 1674 2217 per
1685 2190 1733 2210 eos

949 2228 1091 2256 Christum
1110 2228 1215 2260 induis,
1230 2228 1388 2262 Christique
1402 2228 1608 2255 necessitudine
1623 2232 1650 2255 et
1665 2236 1732 2255 con-

946 2274 1089 2309 junctione
1104 2281 1167 2301 cum
1188 2274 1244 2301 Deo
1267 2273 1444 2308 conjungeris
1459 2280 1492 2301 ac
1508 2273 1667 2301 devinciris.
1683 2273 1732 2300 At-

949 2327 1003 2355 que
1023 2319 1075 2346 hoc
1093 2319 1174 2346 modo
1187 2319 1302 2346 historia
1318 2323 1359 2346 est
1376 2319 1503 2347 humanae
1518 2319 1579 2346 vita:
1595 2319 1731 2347 institutio

948 2370 1031 2400 atque
1048 2365 1215 2392 informatio.
1233 2374 1243 2390 ι
1263 2363 1411 2392 Faciamus
1425 2365 1562 2392 hominem
1576 2365 1610 2392 ad
1633 2365 1730 2401 imagi-

948 2418 1021 2438 nem.
1035 2420 1044 2436 ι
1059 2410 1146 2438 liabet
1159 2411 1240 2438 homo
1264 2411 1292 2438 in
1304 2410 1445 2438 creatione
1460 2417 1522 2442 sua,
1533 2414 1561 2438 ut
1573 2411 1609 2438 sit
1619 2410 1651 2437 ad
1661 2411 1730 2438 ima-

947 2456 1049 2491 ginem,
1059 2455 1106 2482 ﬁat
1118 2455 1151 2483 ad
1163 2455 1380 2482 similitudinem.
1390 2453 1442 2482 Ubi
1451 2454 1501 2482 tibi
1514 2454 1618 2490 gratia?
1629 2453 1685 2487 Qua
1691 2462 1731 2481 m-

111 2498 203 2525 obrem
227 2498 391 2526 coronaris?
411 2497 441 2526 Si
457 2498 573 2527 Creator
592 2499 685 2528 omnia
701 2500 786 2532 dedit,
807 2502 947 2535 quomodo
963 2503 1013 2530 tibi
1032 2506 1105 2538 patet
1118 2508 1250 2529 ascensus
1265 2501 1292 2528 in
1306 2501 1406 2528 cmlum
1417 2501 1428 2528 ἰ
1441 2500 1532 2528 Unum
1546 2500 1628 2536 igitur
1643 2500 1728 2533 dedit,

110 2544 224 2570 alterum
241 2544 398 2571 inchoatum
409 2545 531 2580 reliquit.
541 2549 606 2575 utte
619 2547 679 2582 ipse
693 2547 838 2582 perliciens
851 2548 951 2584 dignus
960 2549 1019 2582 tias,
1032 2548 1078 2584 qui
1099 2555 1115 2575 a
1126 2547 1182 2575 Deo
1190 2547 1329 2583 praemium
1341 2551 1368 2576 et
1376 2547 1528 2576 mercedem
1540 2547 1728 2582 consequaris.

141 2593 202 2624 Πῶς
217 2590 264 2619 οὖν
279 2593 410 2628 γινόμεθα
423 2592 484 2620 καθ’
507 2592 651 2627 ὁμοίωσιν;
667 2591 717 2619 Διὰ
732 2591 784 2619 τῶν
799 2592 888 2627 Εὐαγι

106 2638 213 2673 γελίων.
225 2638 257 2664 Τί
270 2639 328 2664 ἐστι
340 2637 571 2673 Χριστιανισμός;
590 2637 657 2663 Θεοῦ
673 2638 803 2672 ὁμοίωσις
818 2637 889 2664 κατὰ

106 2685 136 2711 τὸ
152 2683 323 2718 ἐνδεχόμενον
339 2683 482 2720 ἀνθρώπου
499 2684 588 2718 φύσει.
605 2682 637 2709 Εἰ
651 2682 766 2714 ἀνεδέξω
778 2683 808 2709 τὸ
820 2681 890 2709 εἶναι

107 2729 277 2764 Χριστιανὸς,
296 2728 435 2764 ὲπείχθητι
449 2728 573 2762 γενέσθαι
588 2729 678 2763 ὅμοιος
696 2728 765 2764 Θεῷ,
783 2729 891 2756 ἔνδυσαι

109 2775 235 2810 Χριστόν.
250 2773 312 2806 Πῶς
334 2773 362 2800 δὲ
379 2774 474 2810 ἐνδύσῃ
488 2776 503 2801 6
523 2776 554 2802 τὸ
568 2775 708 2810 βάπτισμα
726 2775 763 2810 μὴ
782 2775 890 2808 λαϐών;

109 2822 123 2846 ὁ
144 2821 173 2847 το
188 2820 289 2855 ἔνδυμα
304 2820 351 2855 τῆς
367 2819 519 2856 ἀφθαρσίας
535 2821 572 2856 μὴ
587 2820 747 2854 δεξάμενος;
765 2820 891 2855 ἀποπέμ-

113 2874 168 2898 πεις
185 2865 233 2902 τὴν
248 2866 314 2901 πρὸς
328 2865 394 2893 Θεὸν
413 2866 556 2902 όμοίωσιν;
573 2867 604 2894 Εἰ
619 2864 710 2900 ἔλεγόν
729 2873 779 2901 σοι,
798 2865 891 2902 Δεῦρο,

977 2594 1118 2628 Quomodo
1135 2594 1217 2629 igitur
1233 2594 1267 2620 ad
1285 2592 1494 2621 similitudinem
1510 2590 1657 2618 efficimur?
1672 2591 1725 2618 Per

943 2640 1129 2675 Evangelium.
1147 2638 1218 2672 Quid
1243 2639 1316 2666 enim
1338 2637 1413 2664 aliud
1437 2640 1490 2669 est,
1510 2644 1570 2664 esse
1589 2636 1720 2664 Christia-

943 2694 1019 2718 num,
1030 2686 1083 2713 nisi
1100 2685 1200 2712 habere
1213 2691 1274 2712 cum
1290 2684 1343 2711 Deo
1351 2683 1569 2714 similitudinem,
1587 2685 1721 2717 quatenus

944 2731 1142 2766 capithumana
1157 2729 1272 2757 natura?
1290 2728 1418 2760 Proinde,
1433 2727 1561 2764 quoniam
1584 2728 1720 2761 accepisti,

946 2780 975 2803 ut
991 2784 1066 2810 esses
1082 2775 1266 2807 Christianus,
1281 2781 1391 2808 operam
1404 2773 1449 2806 da,
1472 2776 1502 2800 ut
1516 2772 1554 2800 sis
1572 2771 1624 2798 Deo
1647 2772 1722 2798 simi-

945 2822 979 2850 lis
993 2832 999 2849 :
1015 2821 1097 2848 inilue
1112 2821 1251 2848 Christum
1266 2829 1273 2853 ;
1293 2827 1348 2854 quo
1371 2822 1460 2846 autem
1487 2822 1568 2853 pacto
1588 2817 1664 2844 illum
1680 2817 1722 2844 in-

946 2867 1024 2901 ducs,
1039 2867 1091 2895 nisi
1106 2867 1164 2902 ejus
1185 2866 1301 2902 sigucris
1315 2865 1400 2894 nota?
1416 2864 1469 2893 nisi
1482 2864 1648 2900 baptismum
1662 2871 1721 2892 δαι-
