1977 3071
239 81 292 108 275

839 85 868 114 S.
886 85 1051 114 GREGORII
1069 84 1216 114 NYSSENI

1816 87 1868 113 9.76

240 138 349 172 cipias!
372 138 424 165 nisi
456 137 550 174 capias
576 140 791 176 ineorruptionis
815 141 1025 169 indumentum?

1082 141 1264 176 {:vm‘i‘iiptoto;
1283 139 1395 175 βασιλεῖ,
1410 139 1460 166 οὐκ
1479 139 1512 166 ἄν
1527 139 1609 175 εὖεργ
1626 148 1674 175 την
1689 147 1723 175 με
1738 139 1869 175 ἔκρινας

241 183 379 218 Repudias
395 184 602 212 similitudinem
620 186 683 213 Dei?
699 187 721 214 si
735 186 868 215 dixissem
887 187 948 219 libi,
961 187 1027 222 Age-

240 229 317 261 dum,
328 233 387 256 esto
403 230 502 258 similis
520 230 594 266 Regi,
605 239 697 260 nonne
712 232 830 260 amicum
844 241 886 261 me
898 240 930 260 ac
945 234 1028 261 bene-

242 276 322 301 tieum
334 275 620 304 caistimares?Nunc
642 282 732 305 autem
757 279 819 306 volo
839 283 865 306 te
887 279 934 307 Dei
955 279 1027 307 simi-

242 320 294 347 lem
308 327 378 352 esse,
397 324 423 348 et
439 321 592 349 oralionem
618 326 644 348 te
674 322 754 350 deum
772 323 933 351 ellieientem
955 324 1025 359 fugis

240 371 267 392 et
283 368 462 401 aspernaris?
473 372 499 395 et
512 376 593 395 aures
617 368 749 402 obstruis,
774 377 808 397 ne
822 370 905 398 verba
929 370 1026 397 salutis

241 413 392 440 exaudias?
414 423 423 439 ‹
437 413 469 440 Ει
491 414 555 442 fecit
580 415 650 442 Deus
670 415 806 442 hominem
830 416 864 442 ad
882 416 1026 451 imaginem

242 465 330 484 suam.
349 468 358 483 ι
376 458 517 485 Hominem
531 459 629 494 (inquit
644 461 751 496 mulier)
769 460 806 487 ita
823 461 953 495 scriptum
974 466 1025 492 est,

242 509 267 529 ιιι
279 504 321 530 vir
336 508 441 531 tantum
458 505 634 540 intelligatur.
648 506 718 539 Quid
733 506 816 542 igitur
832 507 864 534 ad
876 508 937 535 me?
949 507 982 534 At
994 516 1028 535 ne

242 549 361 576 hominis
377 551 557 584 appeliatione
581 553 667 579 virum
697 553 830 580 duntaxat
852 553 1027 589 intelligeres,

241 596 384 630 subjecit,«
397 596 546 624 Masculum
557 602 582 624 et
592 597 720 625 feminam
736 598 881 627 fecitcos.)
893 599 924 626 Et
933 599 1030 627 mulier

242 642 352 675 perinde
368 647 448 677 atque
457 643 498 669 vir
514 643 548 670 ad
563 644 707 678 imaginem
724 644 769 671 Dei
789 645 859 673 facta
875 649 927 673 est.
946 646 1030 673 Eum-

241 687 301 714 dent
319 688 450 716 honorem
469 689 568 716 habent
580 690 666 717 amba:
681 694 795 722 naturze,
809 699 888 725 pares
901 692 1028 724 virtutes,

242 733 336 760 eadem
354 735 512 765 certamina,
534 735 604 761 idem
615 735 761 769 judicium.
775 734 813 762 Ne
825 735 947 763 dixeris:
963 736 1029 763 Sum

243 779 388 806 imbecilla.
399 779 577 808 lmbecillitas
588 781 613 807 in
630 789 713 808 carne
723 785 774 813 est,
793 782 819 808 in
832 782 924 810 animo
939 786 1027 810 autem

242 825 284 852 vis
300 832 331 852 ac
347 826 443 852 robur.
470 826 605 859 Quoniam
634 827 717 862 igitur
733 828 846 862 aequalis
869 819 916 855 est'
928 829 1026 861 virtus,
1043 815 1066 843 Β

243 878 293 904 par
309 871 390 898 etiam
406 872 441 898 sit
456 872 588 899 honorum
611 880 724 908 operum
741 874 951 901 demonstratio.
967 873 1026 901 Non

244 922 345 945 temere
366 920 471 946 mulieri
495 927 526 947 ea
553 920 615 946 data
631 925 674 948 est
699 921 852 952 mollitudo,
878 921 926 948 sed
945 926 973 948 ut
994 921 1028 948 ad

244 963 439 992 humanita:em
452 965 558 993 facilior
569 966 614 999 sit,
630 967 662 994 ad
678 967 951 1002 misericordiamque
965 975 1030 1002 pro-

244 1011 363 1044 pensior.
380 1011 407 1038 ln
424 1012 504 1039 rebus
524 1017 623 1044 autem,
641 1020 701 1047 qua).
717 1013 905 1040 fortitudinem
932 1017 1028 1047 postu-

245 1056 312 1085 lant,
330 1056 442 1083 robusta
460 1061 511 1089 est,
525 1058 552 1084 iu
570 1058 670 1092 vigiliis
686 1061 712 1085 et
729 1058 868 1085 laboribus
886 1063 1028 1085 constans.

243 1102 357 1134 Quando
376 1107 464 1137 potest
479 1103 597 1131 hominis
616 1109 712 1132 natura
724 1113 785 1131 cum
799 1105 906 1132 feminae
923 1104 1030 1132 fortiter

243 1148 326 1174 vitam
347 1149 451 1182 agentis
476 1153 574 1176 natura
592 1150 776 1177 contendere?
800 1150 918 1183 Quando
940 1154 1031 1185 potest

244 1196 325 1222 homo
354 1197 456 1222 lirmam
481 1197 622 1223 mulierem
650 1197 676 1223 in
696 1196 809 1231 jejuniis
832 1197 1029 1224 continentiam

243 1241 362 1268 imitari?
376 1241 491 1273 Quando
504 1245 594 1276 potest
615 1249 724 1276 aequare
745 1241 870 1268 sedulum
890 1249 986 1268 earum
1002 1241 1030 1268 in

245 1287 449 1321 precationibus
466 1287 598 1317 studium,
614 1287 686 1321 piam
699 1287 732 1313 ad
747 1286 954 1321 lacrymandum
969 1294 1031 1321 pro-

246 1333 415 1367 pensionem,
439 1338 464 1359 ct
479 1340 592 1367 prenam
606 1332 638 1359 ad
654 1332 884 1359 bene-merendum
915 1332 1032 1359 facilita-

244 1378 318 1405 tem?
337 1377 397 1404 Vidi
411 1386 460 1412 ego
477 1377 603 1404 feminam
620 1377 689 1404 clam
704 1377 897 1405 honestissimo
911 1382 1030 1405 utentem

246 1423 352 1450 furandi
370 1431 477 1456 genere.
499 1422 561 1450 [nec
576 1423 662 1449 inscio
686 1424 785 1449 marito
801 1423 835 1450 de
848 1430 877 1450 re
901 1422 1030 1451 familiari

246 1469 410 1503 pauperibus
423 1469 598 1502 largiebatur.
615 1469 671 1495 Pro
683 1469 733 1495 viri
752 1469 893 1501 felicitate,
920 1477 970 1503 pro
994 1469 1030 1496 fa-
1044 1483 1065 1511 ρ

247 1515 328 1542 milia:
352 1515 541 1548 prosperitate,
560 1522 610 1549 pro
631 1514 819 1542 incolumitate
845 1515 961 1542 lili0rum
980 1515 1030 1541 im-

248 1560 380 1593 pertiebat
403 1560 496 1587 celans
511 1560 666 1590 virum.scd
684 1568 733 1595 pro
746 1560 806 1594 ipso
820 1560 889 1587 viro.
907 1560 1030 1595 Proipso

246 1605 375 1637 donabat,
390 1605 434 1639 qui
451 1605 551 1632 factum
567 1605 717 1632 nesciebat.
733 1605 759 1632 ld
781 1605 854 1632 enim
889 1605 1032 1639 praestabat

249 1652 275 1676 in
293 1650 406 1684 gratiam
421 1650 506 1682 illius,
516 1650 561 1684 qui
575 1650 647 1676 videt
665 1650 692 1676 in
703 1650 874 1681 abscondito,
887 1657 938 1677 nec
953 1650 1033 1678 bene-

249 1696 317 1723 facta
335 1704 383 1723 sua
399 1697 565 1730 dirulgabat.
584 1696 615 1723 Et
631 1697 729 1723 mulier
745 1697 827 1731 igitur
837 1697 929 1729 habet,
955 1701 985 1723 ut
998 1698 1031 1724 ad

247 1742 393 1776 imaginem
410 1742 454 1768 sit.
469 1741 506 1768 Ne
521 1743 681 1769 consideres
698 1742 847 1772 hominem,
861 1742 908 1777 qui
922 1743 1029 1770 extrin-

247 1796 328 1815 svcus
347 1792 398 1814 est.
414 1788 459 1814 llle
472 1788 544 1815 enim
565 1793 606 1815 est
633 1792 762 1823 tanquam
785 1788 886 1815 velum.
916 1789 1031 1817 Animus

1083 187 1190 223 Ἐπειδὴ
1214 186 1343 222 βούλομαί
1366 195 1396 213 σε
1411 187 1503 222 ὅμοιον
1523 186 1592 221 Θεῷ·
1603 186 1715 222 ποιῆσαι
1728 206 1735 218 ,
1757 187 1868 221 φεύγεις

1077 233 1126 269 τὸν.
1136 232 1214 266 λόγον
1227 231 1272 258 τὸν
1284 230 1461 258 θεοποιοῦντά
1472 239 1512 263 σε,
1525 230 1745 266 ἐπιφραξάμενος
1753 231 1787 258 τὰ
1799 228 1868 264 ὦτα,

1078 278 1121 304 ἵνα
1137 277 1204 313 μηδὲ
1216 276 1334 312 ἀκούσῃς
1349 277 1403 304 τῶν
1416 276 1556 312 σωτηρίων
1569 276 1668 310 ).όγων;
1684 286 1693 302 ι
1708 277 1762 303 Καὶ
1776 277 1869 313 ἐποίη-

1079 331 1123 349 σεν
1137 323 1152 349 ὁ
1166 323 1232 354 Θεδς
1249 322 1294 349 τὸν
1316 321 1460 358 ἄνθρωπον
1474 322 1533 349 κατ’
1548 322 1651 349 εἰκόνα.
1673 331 1683 349 ι
1701 322 1752 348 Τὸν
1766 322 1870 358 ἀνθρω-

1078 377 1138 401 πον,
1154 368 1237 404 φησὶν
1263 369 1280 403 ἡ
1299 368 1378 404 γυνὴ,
1399 368 1425 395 τί
1447 368 1515 403 πρὸς
1532 369 1599 404 ἐμέ;
1625 370 1639 395 ὁ
1657 369 1726 404 ἀνὴρ
1743 369 1867 403 ἐγένετο·

1078 416 1108 441 οὐ
1121 414 1175 450 γὰρ
1191 412 1249 441 εἶπε
1269 414 1317 449 τὴν
1333 414 1485 450 ἄνθρωπον,
1503 415 1595 450 φησὶν,
1618 415 1686 441 ἀλλὰ
1701 415 1735 450 τῇ
1756 414 1804 441 τοῦ
1818 414 1870 450 ἄρ·

1079 461 1143 496 θρου
1157 460 1300 496 προσθήκῃ
1319 460 1350 487 τὸ
1362 461 1506 496 ἀρρενικὸν
1521 460 1661 496 ἐνέφηνεν.
1683 460 1751 488 Ἀλλ’
1771 460 1815 486 ἵνα
1833 459 1870 495 μὴ

1079 507 1192 542 ἀμαθῶς
1213 516 1254 538 τις
1273 508 1306 542 τῇ
1326 507 1373 533 τοῦ
1395 506 1539 541 ἀνθρώπου
1561 505 1731 542 προσηγορίᾳ.
1756 505 1803 531 ἐπὶ
1824 505 1869 531 τοῦ

1079 554 1175 588 ἀνδρὸς
1234 553 1314 588 μόνον
1334 552 1513 588 κεχρημένος,
1531 551 1711 588 προσέθηκεν,
1741 560 1750 576 ι
1770 551 1871 586 Ἀρσεν

1080 599 1126 625 καὶ
1140 598 1347 633 θῆλυ¹ὲποίησεν
1363 597 1471 628 αὐτούς.
1491 606 1500 623 ι
1516 597 1572 623 Καὶ
1584 598 1600 631 ἡ
1615 596 1682 631 γυνὴ
1698 595 1755 631 ἔχει
1767 595 1797 621 τὸ
1811 594 1870 622 κατ’

1080 644 1171 671 εἰκόνα
1179 644 1246 670 Θεοῦ
1255 644 1430 679 γεγενῆσθαι,
1444 643 1481 674 ὡς
1491 643 1538 669 καὶ
1550 643 1564 669 ὁ
1575 643 1625 677 ἀνή
1631 651 1655 678 ρ.
1679 642 1793 677 Ὀμοίως
1805 641 1871 675 ὁμό-

1079 699 1154 726 τιμοι
1168 691 1196 717 αἱ
1212 690 1317 724 φύσεις,
1334 689 1390 716 ἶσαι
1405 690 1432 716 αἱ
1457 689 1563 724 ἀρεταί·
1582 686 1651 715 ἆθλα
1675 688 1731 719 ῐσα,
1748 688 1765 722 ή
1784 694 1872 713 κατα-

1081 737 1141 771 δίκη
1157 736 1248 770 ὁμοία.
1270 735 1315 771 Μὴ
1328 735 1440 769 λεγέτω,
1461 734 1589 768 ’Ᾱσθενής
1604 734 1671 769 ειμι.
1699 733 1731 759 Ἡ
1746 732 1872 759 ἀσθένεια

1084 782 1195 818 σαρκὸς,
1221 783 1249 808 ὲν
1270 781 1342 816 ψυχῇ
1361 781 1392 807 τὸ
1415 780 1527 806 δυνατόν
1552 781 1638 806 ἐστινη
1657 778 1763 813 Ἐπειδὴ
1782 778 1873 804 τοίνυν

1079 828 1209 863 ὁμότιμος
1221 829 1237 863 ἡ
1252 827 1323 854 κατὰ
1334 827 1401 853 Θεὸν
1413 826 1505 857 εἰκὼν,
1516 826 1644 861 ὁμότιμος
1660 824 1730 851 ἔστω
1743 825 1759 858 ή
1774 822 1870 858 ἀρετὴ,

1080 875 1096 910 ή
1111 874 1163 900 τῶν
1175 873 1283 907 ἀγαθῶν
1297 872 1385 908 ἔργων
1398 871 1536 905 ἐπίδειξις.
1553 871 1623 897 Οὖδε
1640 871 1690 905 μία
1705 869 1873 904 παραίτησίς

1080 921 1138 946 ἐστι
1154 919 1193 954 τῷ
1207 919 1362 954 βουλομένῳ
1380 917 1594 953 προφασίζεσθαι
1608 915 1719 946 ἀσθενὲς
1736 915 1764 940 τὸ
1780 914 1871 949 σῶμα.

1081 965 1148 992 Οὐδὲ
1163 965 1243 991 τοῦτο
1258 964 1361 995 ἁπλῶς·
1377 963 1446 989 ἀλλὰ
1459 961 1561 989 ἁπαλὸν
1577 961 1625 996 μὲν
1638 961 1682 986 διὰ
1697 960 1745 995 τὴν
1761 958 1872 993 συμπά-

1081 1010 1166 1041 θειαν,
1183 1009 1290 1035 εὔτονον
1302 1008 1330 1034 δὲ
1342 1008 1370 1034 ἐν
1381 1006 1552 1043 καρτερίαις,
1567 1005 1691 1031 σύντονον
1702 1004 1731 1030 δὲ
1744 1004 1771 1029 ἐν
1790 1004 1875 1038 ἀγρυ-

1084 1055 1184 1087 πνίαις.
1208 1055 1277 1082 Πότε
1293 1054 1402 1080 δύναται
1422 1053 1566 1088 ἀνθρώπου
1586 1051 1665 1085 φύσις
1692 1048 1873 1084 ἁμιλληθῆναι

1081 1101 1210 1136 γυναικὸς
1219 1101 1297 1136 φύσει
1308 1099 1481 1135 καρτερικῶς
1491 1098 1621 1132 διαγούσῃ
1631 1097 1676 1123 τὸν
1688 1097 1785 1131 ἑαυτῆς
1799 1095 1872 1130 βίον;

1081 1147 1150 1173 Πότε
1159 1146 1197 1172 ’τὸ
1212 1147 1241 1171 ἐν
1259 1145 1397 1180 νηστείαις
1414 1143 1522 1170 εὔτονον
1544 1141 1680 1176 γυναικῶν
1703 1139 1874 1175 μιμήσασθαι

1080 1193 1192 1220 δύναται
1212 1193 1364 1227 ἄνθρωπος,
1382 1191 1412 1216 τὸ
1434 1191 1464 1216 ἐν
1485 1190 1650 1225 προσευχαῖς
1677 1188 1828 1223 φιλόπονον,
1843 1186 1875 1212 τὸ

1081 1240 1110 1266 ἐν
1120 1240 1233 1275 δάκρυσι
1245 1238 1364 1272 δαψιλὲς,
1378 1237 1410 1263 τὸ
1426 1237 1490 1272 περὶ
1509 1236 1633 1267 εὐποιῖας
1658 1234 1779 1269 ἓτοιμον;
1798 1231 1875 1259 Εἶδον

1081 1285 1136 1320 ἐγὼ
1163 1286 1298 1319 γυναῖκα,
1320 1283 1408 1319 λάθρα
1433 1283 1602 1309 κλέπτουσαν
1626 1281 1696 1307 καλὰ
1718 1279 1873 1314 κλέμματα,

1081 1332 1144 1359 ἄνευ
1158 1331 1204 1358 τοῦ
1219 1330 1314 1366 ἀνδρδς
1328 1330 1378 1361 τὰς
1402 1329 1525 1359 εὐποιῖας
1541 1327 1669 1353 ποιοῦσαν
1682 1326 1751 1360 ὑπὲρ
1767 1323 1874 1359 ἀνδρὸς.

1081 1377 1306 1412 ὑπέρκαὺξήσεως
1321 1376 1408 1408 οἴκου,
1435 1374 1504 1409 ὑπὲρ
1515 1373 1617 1399 τέκνων
1636 1371 1775 1406 διαμονῆς,
1789 1368 1876 1395 διδοῦ-

1082 1431 1132 1450 σαν
1145 1423 1190 1449 καὶ
1204 1422 1389 1449 λανθάνουσαν
1412 1420 1459 1446 τοῦ
1480 1419 1576 1454 ἀνδρὸς
1592 1418 1639 1453 τὴν
1653 1417 1764 1452 γνῶσιν.
1789 1415 1876 1450 ’Υπὲρ

1082 1469 1163 1496 αὐτοῦ
1174 1469 1356 1495 ὲκὸάλλουςαν
1368 1467 1414 1493 καὶ
1426 1465 1507 1492 αὐτὸν
1518 1464 1756 1499 ἀποκρύπτουσαν.
1774 1462 1806 1487 '0
1819 1460 1874 1495 γὰρ

1082 1515 1185 1546 ἐποίει,
1201 1514 1287 1540 ἐποίει
1307 1514 1345 1548 τῷ
1360 1513 1485 1548 βλέποντι
1499 1510 1578 1545 ἐντῷ
1596 1508 1726 1545 κρυπτῷ,
1745 1507 1776 1534 οὐ
1791 1507 1875 1541 δημο-

1084 1560 1209 1587 σιεὺουσα
1231 1559 1330 1593 ἑαυτῆς
1349 1558 1398 1593 τὴν
1417 1557 1551 1583 εὐποιίαν.
1573 1555 1606 1582 Ἠ
1625 1553 1714 1588 ἀγαθὴ
1730 1553 1797 1587 γυνὴ
1818 1551 1874 1586 ἔχει

1083 1607 1113 1634 τὸ
1124 1607 1183 1634 κατ’
1199 1606 1299 1632 εἰκόνα.
1315 1604 1360 1640 Μὴ
1372 1605 1487 1640 πρόσεχε
1507 1601 1545 1638 τῷ
1563 1601 1615 1634 ἔξω
1634 1599 1780 1635 ἀνθρώπῳ,
1797 1598 1874 1633 περί-

1083 1653 1197 1688 πλασμά
1213 1653 1270 1678 ἐστι
1292 1651 1380 1678 τοῦτο.
1402 1650 1434 1676 Ἦ
1457 1649 1529 1683 ψυχὴ
1547 1646 1692 1679 καθέζεται
1715 1645 1789 1672 ἔνδον
1821 1643 1875 1670 ὑπὸ

1086 1699 1317 1735 παραπετάσματι
1334 1697 1380 1724 καὶ
1397 1695 1493 1730 ἁπαλῷ
1515 1693 1553 1729 τῷ
1578 1693 1694 1728 σώματι.
1712 1691 1793 1726 Ψυχὴ
1815 1690 1875 1725 μέν·

1085 1753 1126 1771 τοι
1147 1744 1194 1771 καὶ
1211 1743 1284 1779 ψυχὴ
1315 1742 1455 1778 ὁμότιμος,
1465 1742 1493 1767 ἐν
1508 1741 1565 1771 τοῖς
1585 1737 1834 1774 παραπετάσμασιν
1856 1736 1872 1770 ἡ

1085 1790 1210 1826 διαφορά.
1463 1798 1468 1800 ·

247 1839 336 1862 auth
355 1835 430 1862 sedet
444 1835 517 1861 intus
533 1834 558 1860 in
574 1834 633 1860 velo
649 1834 729 1861 etiam
741 1833 866 1868 corporis
880 1833 1019 1862 imbecilli.
1040 1835 1129 1863 Animi
1148 1837 1250 1863 honore
1264 1838 1328 1862 sunt
1342 1833 1470 1868 aequales,
1488 1833 1515 1859 in
1532 1831 1599 1859 velis
1615 1834 1657 1859 est
1673 1828 1836 1857 diﬂ'erentia.

284 1880 478 1913 Quamobrem,
510 1884 540 1906 ut
566 1878 622 1905 Deo
642 1879 741 1906 similis
766 1879 824 1911 fias,
842 1879 1033 1907 liberalitatem

248 1926 421 1960 amplectere,
443 1926 648 1952 beneficentiam
664 1933 770 1956 exerce,
789 1926 974 1953 innocentiam
990 1934 1036 1954 se-

246 1971 460 2001 etare,fraterno
467 1978 563 1998 omnes
574 1979 677 2001 amore,
688 1971 1030 2007 benevolentiaqueprose-

246 2025 341 2051 querc,
356 2017 459 2044 Scelera
476 2016 547 2051 fuge,
557 2017 666 2050 peccati
681 2017 930 2052 perturbationibus
943 2018 1031 2045 domi-

247 2071 339 2090 nare:
353 2062 516 2097 Etpiscibus
525 2061 682 2097 prmsimUt
693 2063 913 2097 piscibuspraesis
925 2063 1030 2090 ratione

247 2108 419 2139 carentibus,
441 2108 663 2143 perturbationes
677 2112 703 2135 et
719 2108 803 2134 animi
824 2112 916 2135 motus
930 2108 1030 2135 rationi

1120 1881 1179 1916 Θεῷ
1191 1879 1237 1908 οὖν
1251 1882 1342 1916 ὅμοιος
1359 1879 1453 1913 ἐγένου
1475 1877 1519 1905 διὰ
1542 1878 1592 1912 τῆς
1613 1876 1811 1912 χρηστότητος,
1829 1873 1874 1900 διὰ

1085 1929 1135 1964 τῆς
1153 1926 1337 1960 ἀνεξικακίας,
1352 1925 1396 1952 διὰ
1410 1925 1460 1959 τῆς
1475 1923 1619 1954 κοινωνίας
1631 1943 1638 1955 ,
1653 1922 1697 1948 διὰ
1718 1921 1764 1948 τοῦ
1782 1919 1875 1955 φιλάλ-

1085 1975 1163 2010 ληλος
1178 1973 1223 2000 καὶ
1241 1971 1401 2006 φιλάδελφος
1414 1969 1482 1996 εἶναι
1493 1990 1501 2002 ,
1523 1968 1713 2005 μισοπόνηρος,
1731 1974 1873 2001 κατακρα-

1084 2020 1137 2046 τῶν
1151 2019 1205 2045 τῶν
1217 2017 1311 2044 παθῶν
1321 2017 1369 2051 τῆς
1385 2014 1531 2051 ἁμαρτίας,
1543 2014 1587 2040 ἵνα
1602 2021 1642 2039 σοι
1659 2012 1769 2047 ὑπάρχῃ
1780 2011 1809 2037 τὸ
1824 2010 1874 2046 ἄρ-

1085 2075 1153 2102 χειν.
1178 2075 1187 2091 ι
1208 2065 1263 2091 Καὶ
1282 2063 1438 2098 ἁρχέτωσαν
1462 2061 1516 2088 τῶν
1542 2059 1651 2095 ἰχθύων.
1673 2068 1680 2083 ι
1723 2057 1807 2092 Εδόθη
1831 2064 1873 2082 σοι

1086 2114 1180 2148 ἄρχειν
1193 2111 1246 2138 τῶν
1264 2109 1362 2144 ἰχθύων
1375 2108 1428 2135 τῶν
1441 2107 1556 2140 ἀλόγων,
1569 2105 1639 2132 ὥστε
1650 2104 1697 2131 τοῦ
1710 2103 1808 2148 ἀλόγου
1820 2102 1874 2128 πά-

247 2155 404 2182 eontrarios
418 2161 528 2189 supera.
547 2163 555 2179 ι
573 2153 605 2180 Et
616 2155 708 2189 prtesit
723 2154 829 2181 bestiis.
845 2163 854 2179 ι
868 2154 973 2189 impera
985 2154 1030 2181 be-

1171 2157 1263 2191 ἐγένου
1287 2155 1387 2190 ἅρχων.
1401 2163 1411 2179 ι
1424 2153 1476 2180 Καὶ
1486 2153 1644 2187 ἁρχέτωσαν
1669 2150 1722 2176 τῶν
1740 2147 1851 2183 θηρίων·
1862 2156 1872 2172 ι

248 2202 309 2228 stiis
327 2201 469 2232 omnibus,
480 2207 540 2235 quae
554 2203 618 2227 sunt
634 2201 708 2227 inte.
721 2199 1033 2234 Quid?inquies.egone

251 2247 278 2272 iu
290 2255 331 2273 me
341 2247 399 2281 ipso
414 2246 516 2273 bestias
529 2246 635 2272 habeo?
647 2245 686 2271 Tn
701 2253 767 2272 vero
782 2245 885 2277 bestias
899 2245 994 2277 habes,
1006 2249 1032 2272 et

249 2300 296 2319 ess
306 2291 414 2326 quidem
426 2291 649 2318 innumerabiles.
665 2290 782 2324 plurima
794 2291 820 2317 in
834 2294 860 2317 te
873 2294 916 2318 est
930 2290 1032 2317 bestia—

251 2346 310 2364 inm
320 2337 477 2364 multitudo.
489 2338 526 2362 Ae
534 2345 568 2363 ne
578 2344 620 2362 me
632 2336 861 2363 contumeliosum
877 2337 1028 2368 existimes,

250 2382 304 2412 dic,
322 2381 428 2412 amabo,
443 2388 562 2415 parvane
577 2380 662 2407 bestia
687 2384 729 2408 est
757 2380 909 2414 iracundia,
925 2381 1034 2416 quando

250 2428 331 2454 latrat
346 2428 371 2454 in
391 2427 472 2454 corde
487 2430 534 2454 tuo
545 2427 653 2454 ?nonne
667 2434 698 2454 ea
721 2431 763 2455 est
778 2427 874 2461 quovis
891 2435 959 2455 cane
972 2435 1034 2455 cru-

250 2474 354 2500 delior?
367 2474 491 2506 Quidi’in
512 2473 611 2500 callido
630 2474 720 2501 animo
746 2477 794 2500 tuo
807 2473 887 2501 dolus
909 2474 1031 2504 latitans,

250 2527 339 2546 nonne
355 2519 452 2553 quovis
466 2526 530 2546 urso
555 2519 729 2546 fraudulento
747 2519 844 2546 saevior
864 2519 926 2546 est?
946 2519 1033 2551 Quid?

250 2573 338 2593 nonne
355 2566 410 2592 fera
435 2569 476 2592 est
493 2566 643 2600 hypocrisis
666 2566 707 2592 vel
739 2565 958 2592 immanissima?
979 2565 1032 2598 Qui

250 2615 340 2638 autem
356 2611 456 2646 impetu
473 2612 578 2646 rapitur
588 2612 621 2638 ad
633 2606 841 2642 contumeliam,
856 2618 947 2638 nonne
958 2619 1033 2638 scor-

250 2659 311 2692 pius
322 2658 382 2685 est?
413 2657 463 2690 Qui
481 2665 602 2693 pratt‘t‘ps
625 2657 659 2684 ad
680 2657 825 2683 vindictam
850 2657 1033 2692 ultionemque

249 2704 346 2736 fertur,
365 2711 454 2731 nonne
469 2707 510 2731 est
522 2704 613 2739 vipera
633 2703 818 2739 gravissima?
842 2702 912 2735 Quid
930 2710 1030 2731 avarus

251 2751 327 2784 ipse?
337 2757 426 2777 nonne
440 2750 521 2783 lupus
537 2754 579 2777 est
595 2748 810 2784 rapacissimus?
823 2748 900 2775 Nulla
912 2749 939 2776 in
952 2749 1031 2777 nobis

251 2798 306 2824 ίσιιςι
323 2804 376 2823 non
394 2796 540 2823 invenitur.
570 2795 621 2828 Qui
643 2795 804 2822 feminarum
829 2795 968 2822 amoribus
989 2795 1032 2822 in-

1085 2204 1184 2235 παντδς
1197 2202 1290 2237 θηρίου
1307 2201 1410 2236 ἄρχεις.
1424 2199 1456 2224 Τι
1474 2196 1520 2224 οὖν
1531 2205 1538 2229 ;
1550 2197 1641 2244 ἐρεῖς·Δ
1654 2195 1707 2244 ἐγὼ
1726 2194 1807 2230 θηρία
1818 2193 1874 2244 ἔχω

1084 2252 1112 2278 ἐν
1128 2248 1256 2284 ἐμαυτῷ;
1275 2248 1330 2273 Καὶ
1347 2245 1440 2281 μυρία,
1458 2244 1504 2271 καὶ
1526 2243 1610 2270 πολὺν
1628 2242 1706 2277 ὄχλον
1720 2243 1748 2268 ἐν
1768 2242 1874 2274 σεαυτῷ

1059 2300 1064 2304 ’
1085 2293 1185 2328 θηρίων
1197 2292 1261 2327 ἔχει.
1297 2291 1350 2317 Καὶ
1364 2290 1400 2324 μὴ
1414 2288 1492 2324 ὓϐριν
1503 2287 1617 2323 νομίσῃς
1631 2284 1701 2312 εἷναι
1716 2284 1746 2311 τὸ
1759 2284 1875 2324 λεγόμε-

1084 2349 1138 2371 νον,
1165 2338 1261 2374 μικρὸν
1276 2336 1371 2372 θηρίον
1394 2336 1467 2362 ἐστὶν
1482 2335 1496 2360 ὸ
1515 2334 1610 2369 θυμὸς,
1631 2333 1694 2372 ὅταν
1716 2331 1820 2365 ὑλακτῇ
1839 2331 1873 2364 τῇ

1084 2385 1199 2419 καρδίῃ
1220 2383 1299 2413 κυνὸς
1317 2381 1415 2411 παντὸς
1436 2381 1486 2406 οὑκ
1505 2379 1578 2405 ἐστιν
1592 2376 1775 2412 ὰγριώτερος;
1791 2374 1829 2410 Τῇ
1844 2374 1874 2400 δὲ

1084 2430 1140 2456 δολε
1146 2430 1178 2465 ρᾷ
1191 2429 1262 2463 ψυχῇ
1274 2428 1287 2453 ὁ
1299 2427 1373 2457 δόλος
1389 2425 1553 2461 ἐμφωλεύων
1567 2423 1668 2459 ἄρκτου
1680 2422 1769 2456 πάσης
1782 2420 1868 2455 φωλά-

1083 2477 1126 2507 δος
1140 2476 1188 2502 οὐκ
1203 2475 1260 2501 ἔστι
1275 2472 1516 2509 δυσημερώτερος;
1532 2472 1589 2497 Οὐκ
1599 2470 1656 2496 ἐστι
1669 2469 1763 2504 θηρίον
1776 2468 1792 2503 ἡ
1807 2467 1871 2493 ὑπό-

1083 2529 1188 2555 κρισιςζ
1216 2519 1244 2545 '0
1258 2519 1285 2545 δὲ
1304 2518 1366 2551 ὀξὺς
1381 2519 1421 2549 εἰς
1441 2517 1534 2551 ὕϐρεις
1559 2515 1688 2551 σκορπίος
1710 2513 1760 2540 οὑκ
1779 2512 1870 2544 ἑστςνς

1090 2567 1120 2592 '0
1133 2566 1161 2592 δέ
1173 2566 1260 2601 λάθρα
1270 2566 1309 2596 εἰς
1321 2565 1427 2598 ἄμυναν
1441 2563 1544 2598 ὁρμῶν,
1557 2562 1663 2597 ἐχίδνης
1682 2560 1732 2587 οὐκ
1746 2559 1803 2586 ἔστι
1822 2567 1871 2593 χα-

1083 2612 1250 2647 λεπώτερος;
1266 2612 1295 2637 '0
1307 2611 1335 2636 δὲ
1348 2609 1521 2643 πλεονέκτης.
1533 2608 1584 2635 οὐκ
1596 2607 1653 2634 ἔστι
1666 2607 1746 2637 λύκος
1762 2604 1869 2641 ἃρπαξς

1085 2658 1161 2683 Ποῖον
1177 2656 1270 2692 θηρίον
1285 2656 1313 2682 ἐν
1330 2655 1395 2690 ἡμῖν
1413 2654 1462 2680 οὐκ
1477 2647 1550 2680 ἔστιν
1564 2661 1572 2685 ς
1596 2652 1626 2679 ’0
1648 2650 1805 2687 θηλυμανὴς
1818 2650 1871 2676 οὐκ

1084 2704 1156 2730 ἐστιν
1170 2703 1251 2733 ἵππος
1269 2701 1495 2736 ὲπιμαινόμενος;
1509 2700 1602 2726 Ἵπποι
1617 2699 1681 2734 γὰρ,
1696 2698 1772 2733 φησι,
1789 2695 1871 2731 θηλυ-

1086 2751 1182 2785 μανεῖς
1204 2747 1380 2782 ἐγενήθησαν,
1399 2746 1514 2777 ἕκαστος
1539 2746 1585 2772 ἐπὶ
1610 2745 1660 2780 τὴν
1684 2744 1800 2778 γυναῖκα
1820 2741 1870 2767 τοῦ

1084 2795 1196 2830 πλησίον
1224 2791 1307 2820 αὐτοῦ
1335 2792 1503 2826 ἐχρεμέτιζε.
1530 2790 1687 2825 Μετέθηκεν
1716 2787 1796 2816 αὑτὸν
1820 2786 1868 2813 ἐπὶ
