1977 3071
120 98 174 124 277

498 98 531 126 IN
550 98 681 134 VERBA,
702 100 891 128 FACIAMUS
913 101 1106 135 ΙΙΟΜΙΝΕΜ,
1128 103 1215 137 ETC.,
1231 104 1335 133 ORAT.
1356 105 1386 133 ll.

1691 106 1744 134 278

122 155 169 192 τὴν
194 155 248 182 τῶν
274 155 378 189 ἀλόγων
407 155 495 190 φύσιν,
514 157 558 184 διὰ
584 159 631 185 τοῦ
659 159 760 190 πάθους
784 156 806 193 ᾧ
830 168 908 196 προσ-

964 161 1085 193 saniunt,
1102 170 1191 190 nonne
1206 161 1302 191 [ιινίῡεί
1319 168 1382 192 sunt
1401 165 1485 199 equi?
1505 164 1572 199 Equi
1596 169 1741 198 amatores,

120 200 256 236 ῳκειὼθη.
280 201 367 227 [Ιολλά
386 199 432 228 οὖν
446 201 527 237 θηρία
549 204 578 230 ὲν
593 204 667 239 ἡμῖν.
690 204 798 238 Ἑγένου
821 205 910 232 τοίνυν

121 247 212 281 ἄρχων
227 246 338 282 θηρίων,
357 248 381 274 εί
397 247 450 274 τῶν
464 247 515 281 ἔξω
530 248 639 284 ἄρχεις,
660 249 693 276 τὰ
708 249 736 276 δὲ
753 250 824 277 ἔνδον
841 251 908 278 ἀϐα-

121 293 229 319 σίλευτα
245 293 434 328 καταλείψειςς
451 291 513 326 ϐίος
524 295 572 330 ἔσῃ
585 295 623 330 τῷ
638 296 759 331 λογισμῷ
774 297 843 323 κατὰ
859 296 906 323 τοῦ

120 337 225 369 λέοντος
241 338 289 372 μὲν
303 338 407 373 φρονῶν
424 339 470 365 καὶ
487 340 663 375 καταφρονῶν
680 341 761 367 αὑτοῦ
778 340 824 367 τοῦ
843 341 905 377 βρυ-

121 381 252 416 χήματος,
264 383 350 418 πρίων
365 383 392 409 δὲ
404 384 466 414 τοὺς
483 383 589 416 ὀδόντας
601 385 648 410 καὶ
661 386 710 419 τὴν
727 386 816 421 φωνὴν
827 386 908 421 ἄναρ-

120 427 186 462 θρον
202 428 289 462 ἀφεὶς,
309 428 355 454 τοῦ
379 428 464 463 θυμοῦ
483 428 556 456 ἔνδσν
579 429 638 457 ὅλου
660 430 728 465 ὁμοῦ
746 433 909 467 προσπεσεῖν

121 473 352 507 φιλονεικοῦντος
368 475 400 500 Τί
417 474 511 501 τοῦτον
532 475 729 511 χαλεπώτερον,
747 476 807 503 οὐδὲ
823 486 908 504 κατοι-

122 517 214 553 μένειν
232 518 306 545 ἔνδον
321 520 533 555 συγχωροῦντος,
553 521 616 547 ὅταν
635 521 776 556 ἄνθρωπος
795 522 848 548 ὑπὸ
861 522 908 548 τοῦ

122 564 225 596 πάθους
239 565 360 600 κρατηθῇ
376 572 383 579 ·
399 566 462 592 ὅταν
472 567 486 591 ὁ
502 565 587 601 θυμὸς
607 568 651 595 τὸν
662 568 787 605 λογισμὸν
794 567 916 601 παρωσάο

122 616 202 644 μενος
212 629 220 642 ,
250 609 330 640 αὐτὸς
342 610 390 645 τὴν
407 611 563 637 δυναστείαν
578 611 628 646 τῆς
642 610 731 646 ψυχῆς
745 611 908 647 παραλά6ῃ;

124 655 232 691 Ἄρχων
246 657 337 683 τοίνυν
349 657 485 692 ὲκτίσθης,
513 658 604 693 ἅρχων
627 657 730 690 παθῶν,
755 658 846 694 ἄρχων
862 658 910 694 θη-

122 702 198 737 ρίων,
223 702 313 737 ἄρχων
329 702 461 738 ἑρπετῶν,
487 703 578 739 ἄρχων
601 704 719 740 πτηνῶν.
737 705 813 739 Μήτε
837 703 910 738 λογι-

123 749 207 783 σμοὺς
231 748 274 783 ἔχε
304 750 544 785 μετεωροπὸρους,
570 750 636 786 μηδὲ
660 750 761 785 κοῦφος
787 750 833 777 ἔσο
861 751 908 777 καὶ

121 793 236 825 ἄστατος
252 795 285 829 τῇ
303 794 415 830 διανοίᾳ.
432 795 544 830 [Ιτηνῶν
561 795 654 831 ἄρχειν
672 796 794 832 ἐκρίθης·
810 796 909 827 ἄτοπος

121 837 149 865 εἷ
159 839 192 866 τὰ
208 839 257 874 μὲν
269 840 404 873 πετόμενα
418 841 465 876 ἰξῷ
478 841 662 873 καταϐάλλων,
678 841 758 873 αὐτὸς
770 841 799 868 δὲ
810 841 908 876 κοῦφος

121 884 161 910 ὢν
177 885 223 911 καὶ
243 885 388 920 μετέωρος.
400 887 444 922 Μὴ
465 887 603 922 τυφωθῇς,
625 887 662 922 μὴ
679 887 849 923 ὑπεραρθῇς,
872 888 908 923 μὴ

124 930 209 965 μείζω
222 931 359 966 φρονήσῃς
372 931 421 966 τῆς
439 931 611 968 ἀνθρωπίνης
627 932 743 967 φύσεως.
762 933 807 968 Μὴ
824 933 908 968 ὑπερ-

122 975 207 1010 φυσοῢ
226 976 429 1012 ἐπαινούμενος,
446 977 483 1012 μὴ
499 978 592 1010 δόξαζε
611 979 732 1010 σεαυτὸν,
752 978 818 1014 μηδὲ
838 978 908 1013 μέγα

123 1020 229 1048 τιηεῐναι
240 1021 332 1057 νόμιζε
344 1023 464 1050 σεαυτόν.
477 1023 547 1060 Ἐσῃ
557 1024 610 1060 γὰρ
621 1024 706 1056 οὕτως
717 1025 815 1060 πτηνὸν
826 1025 909 1052 ἄστα-

122 1075 179 1099 τον,
191 1067 345 1103 ἀστηρίκτῳ
354 1069 386 1103 τῇ
402 1068 480 1102 φύσει
493 1065 544 1095 ὧδε
561 1069 607 1095 καὶ
620 1065 670 1094 ὦδε
685 1069 907 1104 περιφερόμενος.

123 1114 209 1148 Ἀρχε
229 1114 282 1140 τῶν
304 1115 332 1140 ἐν
355 1114 396 1140 σοὶ
422 1113 572 1149 λογισμῶν,
596 1115 639 1141 ἵνα
659 1114 725 1149 γένῃ
746 1115 837 1149 ἄρχων
857 1115 910 1141 τῶν

121 1161 205 1186 ὄντων
226 1160 341 1186 πάντων.
365 1160 458 1191 Οὕτως
479 1161 494 1195 ἠ
520 1159 590 1186 κατὰ
612 1161 665 1187 τῶν
682 1159 758 1192 ζώων
778 1160 908 1195 δεδομένη

121 1205 192 1240 ἀρχὴ
210 1204 335 1240 ῥυθμίζει
353 1206 425 1240 ἡμᾶς
453 1205 520 1241 πρὸς
538 1206 568 1231 τὸ
590 1205 667 1241 ἡμῶν
691 1205 780 1232 αὐτῶν
802 1205 906 1240 ἄρχειν.

124 1252 239 1277 Ἀτοπον
262 1251 315 1284 γάρ
337 1251 393 1276 ἐστι
408 1250 614 1285 βασιλευόμενον
629 1250 715 1283 οἴκοι,
731 1251 815 1277 ἐθνῶν
833 1251 906 1286 βασις

121 1297 219 1324 λεύειν·
229 1297 281 1323 ὑπὸ
291 1297 401 1332 ἑταίρας
411 1296 592 1332 κρατούμενον
604 1296 667 1327 ἔσω,
679 1296 795 1332 δημοσίᾳ
808 1297 909 1328 πόλεως

121 1342 191 1370 εἶναι
208 1343 372 1378 προστάτην.
395 1342 434 1368 Τὰ
453 1343 521 1368 οἴκοι
539 1343 666 1377 χρήματα
679 1343 731 1377 χρὴ
749 1342 838 1374 καλῶς
853 1342 909 1368 δια-

121 1389 271 1423 τιθέμενον,
295 1388 342 1414 καὶ
367 1388 400 1414 τὰ
422 1387 494 1414 ἔνδον
518 1387 629 1422 εὐταξία
650 1388 907 1422 κατακοσμήσαντα,

119 1435 193 1461 οὕτω
215 1434 267 1460 τῶν
290 1433 376 1461 ἄλλων
399 1433 546 1468 λαμϐάνειν
567 1433 616 1469 τὴν
635 1433 805 1459 ἐπιστασίαν.
832 1433 909 1459 Ἐπεὶ

961 207 1059 241 inquit,
1074 211 1100 235 et
1113 208 1246 235 emissarii
1265 209 1328 236 facti
1342 215 1417 244 sunt,
1427 211 1615 246 unusquisque
1626 211 1659 238 ad
1676 219 1745 238 uxo-

961 258 1017 277 rem
1035 252 1150 286 proximi
1180 252 1223 279 sui
1252 253 1402 281 hinniebat.
1433 254 1478 281 Sic
1501 255 1529 282 in
1547 255 1662 289 alicujus
1681 255 1744 282 ferte

961 299 1084 322 naturam
1100 297 1216 331 quisque
1239 298 1422 328 convertitur.
1444 303 1523 334 prout
1547 300 1639 334 aliquo
1660 301 1742 326 animi

961 341 1025 367 vitio
1038 343 1294 377 perturbationeque
1310 343 1438 370 vincitur.
1457 344 1494 371 Ex
1511 353 1565 379 quo
1590 345 1628 377 tit,
1655 349 1685 372 ut
1703 346 1744 372 in-

961 388 1144 416 numerabiles
1169 389 1198 415 in
1227 389 1306 416 nobis
1327 390 1381 417 sint
1404 390 1476 417 ferae.
1495 390 1590 417 Credis
1618 391 1699 425 igitur
1719 395 1744 418 te

960 433 1078 460 ferarum
1093 442 1154 462 esse
1167 434 1319 467 dominum,
1337 443 1369 462 ac
1385 436 1547 471 principem,
1572 436 1594 462 si
1613 436 1744 470 illis.qu:e

960 479 1027 507 foris
1041 483 1115 512 sunt,
1131 481 1259 515 imperes,
1280 489 1326 509 eas
1344 486 1434 509 autem
1453 489 1513 516 qua:
1536 482 1608 509 intus
1633 489 1744 508 versan-

958 525 1014 555 tur,
1030 531 1084 550 non
1100 524 1195 552 domes
1210 532 1242 552 ac
1259 526 1360 559 regas?
1379 525 1515 559 Quorsum
1530 526 1578 553 tibi
1595 526 1676 556 ratio,
1690 534 1743 559 qua

960 567 1050 596 leones
1063 569 1154 604 vincis,
1174 577 1322 606 eorumque
1343 571 1479 598 fremitum
1500 579 1554 598 non
1571 571 1742 602 reformidas.

961 621 1022 641 cum
1041 615 1098 648 ipse
1112 614 1240 644 dentibus
1255 616 1364 646 frendas
1385 622 1414 645 ut
1430 619 1481 652 leo,
1498 623 1524 646 et
1538 617 1744 653 pmiracuudia

961 667 1054 686 vocem
1071 661 1225 695 confusam,
1245 667 1271 690 et
1292 665 1478 698 perturbaturum
1494 665 1643 691 clamorem
1666 664 1745 691 emit-

961 705 1019 732 tas?
1042 705 1112 739 Quid
1129 708 1201 734 enim
1222 709 1344 742 gravius,
1371 713 1418 736 aut
1442 710 1567 737 acerbius
1586 714 1637 740 est.
1662 717 1742 744 quam

960 757 1021 777 cum
1036 751 1183 779 iracundia:
1208 752 1285 780 furor
1295 758 1370 781 totus
1394 761 1538 789 erumpere
1562 755 1669 786 nititur,
1695 761 1743 781 nec

962 795 1034 822 intus
1050 796 1106 822 ullo
1125 797 1205 823 modo
1218 798 1352 825 contineri
1374 800 1480 833 potest?
1508 799 1575 826 Cum
1602 799 1635 826 ab
1652 800 1742 834 aliqua

961 842 1162 875 perturbatione
1183 843 1272 870 victus
1294 847 1334 870 est
1354 844 1446 874 homo.
1475 851 1530 871 non
1545 844 1600 879 jam
1613 845 1672 880 ipse
1692 845 1744 871 im-

959 890 1046 920 perat.
1066 886 1113 913 sed
1138 887 1163 913 in
1190 888 1250 922 ejus
1273 888 1365 915 animo
1389 889 1558 923 perturbatio
1577 889 1742 916 dominatur.

959 931 1150 964 Quamobrem,
1163 941 1225 960 cum
1239 934 1275 961 ita
1289 938 1399 963 creatus
1413 935 1461 966 sis,
1485 940 1514 962 ut
1535 935 1631 963 bestiis
1656 936 1744 970 impe-

959 983 1012 1006 res,
1028 973 1055 1003 et
1071 977 1245 1011 serpentibus
1268 982 1295 1005 et
1309 978 1475 1012 volatilibus,
1493 980 1744 1014 perturbationibus

959 1022 1070 1057 impera.
1090 1022 1129 1050 Ne
1147 1024 1287 1057 permittas
1302 1025 1492 1059 cogitationem
1513 1028 1586 1051 tuam
1600 1025 1743 1052 sublimem

959 1068 1062 1102 vagari.
1081 1067 1120 1095 Ne
1137 1069 1211 1096 sinas
1225 1069 1345 1096 anhnum
1361 1073 1438 1098 tuum
1454 1071 1560 1098 levitate
1584 1071 1743 1098 instabilem

959 1113 1034 1140 ferri.
1052 1113 1147 1141 Datum
1163 1119 1206 1142 est
1222 1115 1281 1146 tibi,
1304 1120 1333 1141 ut
1349 1116 1445 1143 avibus
1459 1116 1553 1150 praesis
1573 1125 1579 1143 :
1596 1116 1743 1143 absurdum

959 1160 1021 1192 erit,
1047 1159 1069 1186 si
1089 1160 1164 1187 visco
1179 1160 1325 1188 volitantes
1348 1161 1408 1188 illas
1424 1161 1460 1187 ita
1474 1163 1576 1195 capias,
1592 1165 1621 1188 ut
1636 1161 1693 1195 ipse
1708 1162 1745 1187 le-

960 1205 1000 1232 vis
1014 1204 1062 1237 sis,
1078 1204 1254 1240 eﬂ'erarisque
1270 1207 1409 1241 superbia.
1433 1206 1469 1234 Ne
1484 1207 1614 1234 sublimes
1630 1207 1744 1240 spiritus

961 1250 1051 1282 tollas,
1070 1257 1105 1277 ne
1118 1250 1295 1283 intumescas,
1319 1258 1353 1278 ne
1368 1251 1415 1278 tibi
1433 1251 1546 1278 nimium
1568 1251 1685 1286 placeas,
1698 1254 1744 1277 aut

960 1295 1020 1328 plus
1036 1294 1070 1322 de
1087 1300 1112 1322 tc
1139 1296 1249 1326 sentias,
1279 1303 1359 1330 quam
1376 1296 1494 1331 patiatur
1515 1295 1631 1323 humana
1648 1296 1743 1323 condi-

960 1341 1008 1368 tio.
1025 1341 1064 1368 Ne
1078 1341 1205 1369 laudibus
1219 1341 1328 1369 inﬂatus
1344 1342 1495 1375 extollaris,
1506 1350 1539 1369 ne
1552 1346 1578 1369 te
1595 1343 1651 1376 ipse
1663 1342 1744 1376 jacti-

959 1389 1011 1417 tes,
1025 1390 1072 1413 aut
1088 1394 1215 1422 magnum
1231 1387 1333 1422 aliquid
1354 1395 1414 1415 esse
1429 1393 1515 1422 putes.
1545 1387 1671 1422 Alioquin
1689 1387 1744 1414 eris

960 1433 1101 1459 volucrum
1127 1433 1236 1464 similis,
1254 1441 1314 1468 qua:
1331 1437 1428 1460 natura
1461 1433 1532 1460 leves
1547 1437 1573 1460 (ξι
1601 1433 1744 1460 instabiles

123 1480 373 1515 περιστραφήσεται
390 1479 462 1514 παρά
476 1479 530 1505 τῶν
545 1479 702 1514 ἀρχομένων
722 1479 735 1504 ό
752 1478 839 1513 λόγος,
859 1479 907 1505 ἐὰν

962 1477 1014 1505 liuc
1029 1477 1092 1506 illuc
1107 1478 1216 1506 assidue
1233 1479 1367 1511 feruntur,
1393 1484 1420 1506 et
1436 1479 1559 1506 volitant.
1587 1478 1674 1506 Tuum
1691 1478 1741 1514 igi-

120 1524 266 1559 ἀκόσμητα
279 1523 347 1549 οἴκοι
363 1524 409 1550 καὶ
424 1523 572 1550 ἀδιάτακτα
588 1523 636 1559 ἔχῃ
647 1543 654 1553 ,
675 1523 716 1549 ὅτι
738 1532 747 1549 ι
768 1524 852 1559 Ἰατρὲ
865 1523 909 1549 θε-

122 1569 259 1604 ράπευσον
272 1568 394 1595 σεαυτόν.
411 1578 420 1594 ι
449 1568 578 1599 Ἑαυτοὺς
592 1566 638 1594 οὖν
655 1568 761 1603 πρῶτον
777 1568 910 1604 θεραπεύ-

123 1623 223 1650 σωμεν.
240 1614 333 1646 Οὐδεὶς
354 1615 390 1650 μὴ
407 1614 529 1649 θηράσας
551 1614 646 1640 λέοντα
668 1613 854 1649 κατεγνώσθη·
872 1614 910 1650 μὴ

121 1661 261 1695 κρατήσας
282 1660 310 1686 δὲ
332 1660 434 1695 θυμοῦ,
457 1660 657 1694 καταγέλαστος
677 1660 768 1687 παντί.
795 1660 876 1686 ’Ὥστε
896 1661 910 1686 ὁ

123 1706 173 1742 μὲν
183 1706 230 1732 τοῦ
241 1706 304 1732 ἰδίου
312 1706 413 1737 πάθους
423 1706 460 1741 μὴ
468 1706 729 1741 περιγενόμενος,είς
739 1705 909 1739 κατάγνωσιν
931 1715 937 1724 ι

122 1752 227 1786 ἄγεται·
241 1751 290 1779 ὸόὲ
302 1752 339 1787 μὴ
349 1751 471 1787 δυνηθεὶς
481 1751 583 1787 ἀγρίων
595 1751 696 1787 θηρίων
708 1751 908 1787 περιγενέσθαι,

121 1798 199 1825 οὔπω
225 1798 352 1834 μέμψεως
369 1797 442 1829 ἄξιον
463 1796 620 1831 πεποιηκώς
635 1805 661 1823 τι
680 1796 814 1831 φαίνεται.
827 1816 830 1819 -
841 1797 869 1823 'U
882 1797 909 1823 δὲ

122 1844 301 1879 οἰκονομήσας
323 1844 460 1878 γραφῆναι
486 1842 598 1878 Κύριος,
620 1843 634 1869 ό
661 1843 708 1882 κα)
732 1843 782 1878 τὴν
808 1842 909 1878 μικρὰν

122 1890 200 1925 ἡμῶν
214 1890 262 1916 καὶ
277 1889 376 1924 ἀσθενῆ
393 1888 518 1923 γλῶσσαν
534 1890 711 1924 συγχωρήσας
729 1890 808 1924 μέχρι
821 1890 910 1916 τοσού-

121 1944 170 1962 του
185 1936 247 1970 ὑμῖν
262 1934 400 1969 ὁμιλῆσαι,
413 1935 427 1960 ὁ
439 1934 483 1961 διὰ
492 1934 541 1970 τῆς
554 1934 682 1966 ἀσθενοῦς
699 1935 777 1970 ἡμῶν
790 1935 909 1966 διανοίας

124 1981 259 2017 μεγάλους
276 1981 339 2015 ὑμῖν
361 1980 515 2016 θησαυροὺς
539 1981 568 2007 ἐν
587 1981 642 2012 τοῖς
664 1980 762 2015 ὀλίγοις
778 1982 910 2009 ἀποσκιάι-

123 2035 209 2063 σμασι
221 2027 271 2062 τῆς
285 2026 412 2062 ἀληθείας
425 2026 632 2063 παραδηλὼσας,
644 2027 699 2063 δῴη
716 2028 780 2062 ὑμῖν
797 2027 841 2054 διὰ
857 2028 909 2054 τῶν

123 2073 229 2108 μικρῶν
244 2072 278 2098 τὰ
303 2072 422 2108 μεγάλα,
440 2072 484 2099 διὰ
498 2073 551 2098 τῶν
565 2071 662 2106 ὀλίγων
685 2073 863 2107 σπερμάτων,
879 2073 909 2100 τὸ

121 2118 223 2145 τέλειον
235 2118 284 2153 τῆς
298 2118 434 2152 γνώσεως,
454 2118 500 2144 καὶ
514 2119 578 2154 ἡμῖν
593 2118 643 2153 τῆς
663 2118 838 2150 ἀπολαύσεως
855 2119 909 2145 τῶν

961 1528 1005 1550 tur
1024 1525 1143 1551 animum
1158 1525 1309 1557 moderare,
1325 1525 1406 1560 eique
1427 1526 1538 1560 impera,
1566 1525 1589 1552 si
1608 1525 1648 1552 vis
1662 1525 1744 1552 rebus

960 1570 1089 1597 omnibus
1104 1570 1246 1605 imperare.
1264 1570 1319 1598 Hac
1337 1571 1442 1598 ratione
1459 1571 1537 1598 nobis
1551 1572 1577 1597 in
1595 1571 1744 1598 animantia

959 1616 1094 1643 tributum
1109 1616 1252 1651 imperium
1269 1624 1319 1644 nos
1335 1621 1438 1649 monet,
1452 1624 1484 1643 ac
1499 1616 1630 1651 disponit.
1648 1620 1678 1643 ut
1691 1616 1743 1650 ipsi

960 1661 1039 1688 nobis
1053 1661 1228 1696 imperemus.
1247 1662 1336 1696 Turpe
1351 1663 1423 1690 enim
1449 1667 1502 1692 est,
1531 1667 1570 1693 ut.
1597 1662 1643 1696 qui
1668 1662 1739 1689 domi

961 1714 1017 1734 suae
1027 1715 1122 1736 servus
1130 1711 1181 1739 est,
1195 1708 1321 1742 gentibus
1336 1708 1499 1739 dominetur,
1513 1713 1538 1735 et
1552 1708 1574 1735 is
1589 1707 1745 1741 reipublicae

960 1756 1059 1779 tractet
1072 1753 1264 1788 gubernacula,
1290 1753 1336 1788 qui
1352 1753 1434 1780 scorti
1452 1757 1534 1780 nutus
1553 1752 1744 1785 observat,qui

960 1799 1113 1826 meretricis
1149 1799 1266 1825 arbitrio
1298 1799 1411 1834 regitur.
1439 1798 1580 1825 Familiam
1604 1797 1743 1833 propriam

960 1847 1068 1878 oportet
1080 1847 1153 1871 recte
1167 1844 1375 1878 gubernare,et,
1388 1852 1449 1878 qua:
1465 1844 1539 1872 intus
1555 1847 1629 1876 sunt,
1637 1842 1744 1870 ratione

961 1894 1042 1924 atque
1058 1889 1154 1917 ordine
1168 1889 1314 1924 disponere
1328 1897 1359 1917 ac
1380 1890 1527 1921 moderari,
1552 1897 1603 1916 nec
1620 1889 1648 1916 in
1676 1888 1745 1916 alios

960 1936 1030 1963 velle
1056 1935 1201 1970 imperium
1228 1943 1368 1967 exercere,
1398 1943 1460 1963 eum
1478 1936 1548 1962 ratio
1575 1935 1619 1966 iis,
1647 1935 1746 1970 quibus

960 1980 1095 2014 imperare
1109 1980 1199 2012 debet,
1216 1988 1278 2008 sese
1291 1981 1450 2016 subiecerit.
1466 1980 1495 2008 Si
1519 1988 1563 2008 res
1578 1985 1632 2007 tuae
1648 1981 1744 2007 dome-

960 2027 1037 2054 stica:
1047 2026 1170 2054 confusae
1184 2028 1402 2063 perturbatchue
1425 2032 1501 2060 sunt.
1524 2031 1554 2054 ut
1568 2027 1656 2054 bonus
1689 2033 1745 2052 me-

960 2073 1039 2100 dicus
1049 2076 1076 2100 te
1090 2073 1180 2108 ipsum
1189 2081 1267 2101 cura.
1277 2073 1467 2109 Nosmetipsos
1477 2074 1593 2109 primum
1605 2079 1743 2100 curemus.

961 2119 1055 2152 Nemo.
1072 2121 1145 2155 quod
1163 2121 1268 2148 leonem
1280 2129 1334 2148 non
1348 2122 1455 2152 vicerit,
1471 2120 1683 2148 condemnatur.
1699 2119 1743 2149 At,

122 2164 202 2191 θείων
213 2164 299 2199 λόγων
313 2165 417 2201 καρπὸν
432 2165 655 2200 πεπληρωμένον,
669 2166 710 2192 ὅτι
725 2166 798 2201 αὐτῷ
813 2167 830 2202 ἡ
845 2166 907 2198 δόξα

961 2166 1007 2201 qui
1025 2174 1078 2193 non
1110 2166 1249 2201 superavit
1266 2166 1447 2197 iracundiam,
1474 2165 1575 2200 passim
1604 2163 1743 2191 irridetur.

121 2210 170 2237 καὶ
183 2211 213 2237 τὸ
227 2211 326 2246 κράτος
341 2212 380 2243 είς
393 2211 456 2243 τοὺς
470 2210 570 2243 αἰῶνας
583 2211 637 2237 τῶν
653 2211 767 2238 αἰώνων.
792 2212 889 2247 ’Λμήν.

962 2211 1014 2243 Qui
1030 2211 1284 2246 perturbationibus
1304 2219 1358 2238 non
1376 2215 1415 2238 est
1431 2211 1564 2245 superior,
1589 2209 1686 2236 merito
1703 2208 1743 2234 ri-

122 2260 286 2291 tuperatur;
308 2257 354 2291 qui
384 2265 449 2284 vero
471 2256 542 2284 feras
566 2257 700 2285 immanes
728 2264 859 2292 superare
884 2267 937 2286 non
963 2263 1070 2294 potest,
1093 2259 1168 2285 nulla
1195 2257 1408 2292 reprehensione
1437 2256 1544 2283 videtur
1579 2254 1688 2288 dignus.
1713 2252 1744 2279 Et

123 2303 181 2330 haec
201 2303 309 2338 quidem
340 2303 473 2330 hactenus
490 2302 622 2330 Dominus
643 2312 650 2330 :
677 2303 756 2337 cujus
775 2305 946 2338 providentia
973 2305 1076 2332 factum
1093 2308 1152 2337 est,
1170 2308 1199 2331 ut
1217 2304 1275 2331 hac
1291 2303 1488 2333 scriberentur,
1504 2301 1605 2338 quique
1629 2300 1743 2327 debilem

121 2352 204 2383 atque
218 2348 386 2376 haesitantem
409 2348 531 2383 linguam
550 2351 673 2376 nostram
691 2348 815 2384 adjuvit,
839 2354 869 2376 ut
892 2358 924 2378 ea
946 2350 1024 2377 vobis
1046 2353 1186 2384 utcunque
1202 2349 1402 2384 explicaremus
1425 2357 1458 2376 ex
1483 2352 1584 2375 nostra;
1600 2347 1744 2381 cogitatio-

122 2394 167 2421 nis
179 2394 372 2426 imbecillitate.
387 2394 538 2429 exiguaque
562 2394 686 2422 veritatis
712 2395 936 2429 adumbratione;
959 2396 1062 2430 quique
1078 2403 1190 2431 magnos
1210 2395 1287 2423 vobis
1303 2395 1447 2422 thesauros
1461 2394 1590 2430 praebeat,
1605 2402 1636 2421 ex
1653 2393 1744 2428 parvis

122 2447 231 2475 magna,
251 2443 279 2467 et
303 2439 416 2468 minutis
435 2439 585 2467 seminibus
607 2438 743 2474 perfectos
762 2440 928 2474 cognitionis
955 2440 1062 2468 fructus
1087 2440 1294 2472 subministret,
1328 2443 1352 2466 et
1378 2439 1457 2466 nobis
1481 2438 1609 2467 omnibus
1635 2439 1743 2465 tandem

122 2486 265 2521 largiatur,
283 2491 312 2513 ut
334 2486 488 2513 absolutum
506 2484 659 2512 divinorum
680 2491 837 2512 sermonum
858 2485 976 2512 fructum
997 2485 1180 2520 percipiaiuus
1197 2485 1224 2512 in
1243 2485 1331 2515 caelis,
1354 2485 1397 2511 cui
1410 2483 1496 2519 gloria
1511 2487 1538 2511 et
1557 2483 1700 2518 imperium
1716 2483 1742 2510 iu

123 2533 222 2560 saecula
236 2533 407 2559 saculorum.
423 2532 521 2559 Amen.

433 2579 542 2605 ΛΟΓΟΣ
559 2579 596 2605 B'.

164 2623 193 2650 ’0
215 2623 264 2658 μὲν
280 2624 360 2658 σοφὸς
374 2623 501 2660 Σολομὼν
517 2625 566 2651 οὐκ
583 2625 612 2650 ἐν
631 2623 733 2654 πειθοῖς
748 2623 843 2658 σοφίας
861 2622 906 2649 λό-

121 2677 181 2703 γοις
193 2688 200 2701 ,
222 2667 279 2694 ἀλλ’
303 2668 332 2693 ἐν
349 2667 479 2699 διδακτοῖς
496 2668 652 2703 Πνεύματος
666 2667 741 2701 ἁγίου
759 2667 906 2701 σοφισθεὶς,

122 2716 152 2740 ὲν
163 2715 220 2745 τοῖς
233 2713 332 2748 ἀρτίως
349 2714 415 2748 ἡμῖν
426 2714 640 2748 ἀνεγνωσμένοις
654 2713 848 2747 ἀποσεμνύνων
862 2713 907 2739 τὸν

122 2759 266 2794 ἄνθρωπον
279 2779 285 2789 ,
301 2759 366 2786 ὲὸόα
379 2758 465 2793 λέγων
479 2768 485 2773 ·
511 2769 520 2785 ι
532 2759 608 2793 Μέγα
622 2758 763 2793 ἄνθρωπος
775 2778 781 2790 ,
800 2759 847 2785 καὶ
867 2759 908 2784 τί-

123 2813 185 2839 μιον
197 2805 264 2840 ἀνὴρ
279 2804 410 2840 ἐλεήμων.
424 2814 433 2831 ›
456 2804 525 2839 Ἐγὼ
539 2805 567 2831 δὲ
580 2804 700 2840 ματαίως
714 2805 773 2831 κατ’
790 2804 907 2839 ἐμαυτὸν

1257 2573 1387 2601 ORATIO
1413 2573 1445 2601 ll.

994 2619 1108 2656 Sapiens
1136 2619 1180 2647 ille
1205 2619 1344 2651 Salomon,
1367 2626 1421 2646 non
1446 2620 1584 2654 sapientia:
1599 2621 1689 2648 verbis
1709 2622 1741 2647 ad

958 2665 1127 2693 suadendum
1145 2664 1226 2700 aptis,
1248 2664 1296 2692 sed
1309 2664 1434 2691 doctrina
1445 2665 1532 2699 sancti
1549 2665 1667 2700 Spiritus
1681 2674 1743 2693 cru-

957 2711 1042 2742 ditus.
1067 2711 1094 2738 in
1111 2710 1155 2737 his
1181 2718 1241 2744 qua:
1267 2711 1347 2744 paulo
1360 2714 1424 2738 ante
1449 2711 1558 2738 anobis
1584 2711 1652 2738 lecta
1667 2715 1742 2742 sunt.

959 2756 1096 2784 hominem
1107 2755 1239 2783 extollens
1250 2755 1431 2788 exclamabat,
1444 2764 1454 2781 ι
1462 2755 1567 2789 Magna,
1575 2764 1583 2780 ι
1604 2755 1743 2790 inquiens,

961 2811 970 2828 ι
981 2809 1024 2830 res
1041 2806 1082 2830 est
1099 2801 1191 2835 homo,
1210 2806 1236 2830 ct
1257 2802 1397 2837 prmclara,
1421 2801 1462 2829 vir
1477 2800 1644 2829 misericors.
1659 2810 1669 2827 ι
1687 2801 1743 2838 Ego
