1977 3071
244 115 296 142 279

875 113 904 140 S.
926 113 1088 142 GREGORII
1108 115 1252 143 NYSSE‘NI

1817 116 1869 143 280

247 176 336 199 autem
354 166 436 198 stulte
452 177 557 198 mecum
575 171 632 205 ipse
650 174 790 206 reputans,
810 173 867 197 tum
883 178 944 206 quae
964 171 1030 198 mihi

1084 173 1214 200 ἐσκόπουν
1228 174 1284 201 ἆτε
1302 172 1373 209 εἶχον
1395 175 1423 201 ὲν
1446 175 1477 208 τῇ
1505 172 1623 206 ἐμαυτοῦ
1640 172 1743 208 διανοίᾳ
1758 193 1765 206 ,
1791 173 1838 200 καὶ
1851 174 1869 199 ἃ.

245 219 353 245 animus
368 217 539 252 suggerebat.
559 222 614 244 tum
632 225 692 252 qua;
715 225 747 244 ex
763 217 905 251 Scriptura
929 218 1031 245 didice—

245 271 314 296 ram,
327 263 547 293 considerabam,
559 271 677 297 quonam
695 263 775 290 tnodo
787 271 883 298 magna
901 271 945 290 res
959 268 1031 291 esset

245 308 337 339 homo,
363 315 424 334 cum
450 308 565 335 mortale
591 307 626 335 sit
648 308 758 339 animal,
787 308 1031 335 innumerabilibus

246 354 394 381 obnoxium
412 354 664 390 perturbationibus
683 362 689 380 :
707 353 807 388 quippe
826 353 873 388 qui
887 362 920 380 ex
934 361 990 387 quo
1003 354 1030 380 in

245 401 334 427 lucem
357 405 399 428 est
420 400 520 432 editus,
538 400 571 426 ad
597 403 764 428 senectutem
791 407 876 434 usque
901 404 1030 434 perpetuo

247 446 488 472 innumerabilium
521 446 709 472 molestiarum
739 449 766 472 et
793 445 1030 472 incommodorum

245 489 559 521 examincconllictetur,
569 490 602 517 de
610 497 664 524 quo
673 488 807 523 scriptum
815 492 857 515 est
867 497 872 514 :
885 497 894 513 Ι
905 487 1029 520 Domine,

244 536 309 570 quid
333 539 375 563 est
398 536 490 567 homo,
513 537 585 570 quod
607 543 712 562 memor
733 542 762 562 es
775 535 846 569 ejus,
896 538 942 560 attt
958 533 1030 560 filius

244 582 373 613 hominis,
396 583 458 616 quia
476 586 586 616 reputas
600 581 678 608 eum?
690 590 698 605 ι
715 580 798 607 David
816 584 845 606 ut
861 580 963 606 animal
977 580 1030 606 vile

243 627 358 662 despicit
384 627 532 658 hominem.
551 633 632 661 quem
661 625 790 652 Salomon
806 629 836 652 ut
850 632 978 660 magnum
1003 629 1031 652 et

243 675 403 708 praeclarum
428 673 493 708 quid
517 673 594 700 effert
614 675 642 700 et
661 671 845 699 commendat.
865 672 941 698 Hanc
963 670 1030 697 mihi

243 719 442 746 dubitationem
459 719 555 745 adimit
574 718 700 750 historia,
712 726 773 753 quae
786 717 819 744 de
835 717 954 744 hominis
968 722 1029 744 ortu

244 765 352 799 legitur.
369 764 446 792 Nunc
461 756 543 792 enim"
555 764 710 791 audivimus
742 763 825 790 Deum
844 763 983 797 accepisse
997 762 1031 790 de

242 811 308 837 limo
324 816 413 843 tet-rat,
434 816 515 845 atqtte
536 810 672 837 hominem
698 809 841 836 formasse.
867 807 973 841 Quibus
997 814 1030 834 ex

243 857 335 884 verbis
356 863 381 884 et
407 857 474 883 nihil
487 861 514 884 et
528 863 654 891 magnum
672 854 802 890 quiddam
815 861 876 882 esse
891 853 1029 881 hominem
1046 843 1067 871 Β

243 903 371 929 intellexi.
394 902 422 929 Si
442 907 565 928 naturam
586 905 693 928 tantum
721 900 782 935 ejus
807 899 937 934 aspicias,
963 898 1030 925 nihil

243 951 285 974 est
301 948 392 979 homo,
417 951 443 973 et
460 947 535 972 nullo
560 945 648 980 pretio
668 945 767 979 dignus
792 953 798 971 ε
822 943 864 970 εἰη
887 943 1029 974 honorem,

242 1000 298 1027 quo
317 991 430 1019 affectus
459 997 512 1022 est,
539 991 708 1021 consideres.
739 997 836 1023 magna
858 995 902 1016 res
928 992 979 1019 est,
998 994 1030 1013 ae

243 1039 381 1071 praeclara.
393 1037 534 1070 Quomodo
544 1037 651 1064 locutus
661 1035 802 1063 est-Deus?
815 1045 823 1060 ι
834 1033 921 1066 Fiat,»
931 1033 1029 1068 inquit,

245 1093 255 1108 4
267 1084 323 1115 lux,
343 1087 369 1110 ct
387 1083 456 1110 facta
474 1086 515 1110 est
529 1083 583 1109 lux.
601 1091 611 1107 ι
628 1080 769 1116 Perpende
783 1079 902 1107 hominis
918 1082 945 1106 et
963 1078 1031 1105 lucis

242 1129 469 1164 procreationem.
490 1128 580 1156 Dixit:
596 1138 604 1154 ι
620 1128 679 1155 Fiat
688 1128 901 1160 firmamentum,
920 1137 929 1153 ι
940 1131 966 1154 et
974 1134 1031 1154 ma-

243 1184 325 1210 guum
335 1183 415 1210 supra
424 1183 474 1203 nos
482 1176 580 1202 emlum
592 1179 736 1202 extensum
747 1178 799 1207 est,
812 1175 896 1202 verbo
905 1173 952 1201 Dei
963 1180 1031 1200 con—

243 1220 354 1248 i‘eczum.
373 1219 404 1245 Et
419 1220 513 1251 stellze,
526 1223 553 1246 et
567 1220 618 1252 sol,
633 1225 659 1246 et
674 1220 748 1251 luna,
764 1223 790 1246 et
801 1226 982 1254 qttaseunque
990 1218 1031 1245 vel

244 1266 331 1292 oculis
346 1265 494 1297 cernimus,
517 1265 559 1292 vel
579 1265 670 1292 animo
693 1264 952 1299 comprehendimus
974 1271 1032 1290 ma-

244 1310 412 1345 gnitudines,
430 1310 522 1341 verbo,
540 1313 570 1337 ut
589 1315 693 1342 essent,
708 1314 842 1337 assccutm
858 1314 932 1337 sunt.
949 1309 1030 1341 Mare,

243 1361 274 1384 et-
291 1361 373 1388 terra,
396 1361 424 1384 et
446 1360 559 1383 ornatus
575 1363 680 1388 eorum,
696 1360 750 1382 tam
763 1356 838 1383 varia
855 1361 910 1383 tum
925 1356 1030 1383 anima-

243 1404 309 1430 lium
324 1409 378 1431 ttttn
391 1403 545 1438 plantarum
557 1410 656 1437 genera
673 1403 756 1429 verbo
769 1403 839 1429 facta
853 1407 917 1430 sunt
929 1403 1030 1431 omnia.

245 1449 332 1476 llomo
356 1457 474 1484 quonam
499 1448 588 1476 factus
606 1453 648 1476 est
669 1448 772 1476 modo?
786 1448 845 1475 Non
861 1447 929 1475 dixit
951 1457 958 1475 :
974 1448 1033 1474 Fiat

1083 219 1157 252 παρὰ
1174 219 1224 254 τῆς
1246 220 1357 256 Γραφῆς
1373 219 1560 254 δεδιδαγμένος
1579 219 1654 254 ἢμην
1678 219 1742 254 περὶ
1755 218 1803 245 τοῦ
1820 219 1869 245 ἀν-

1082 262 1201 298 θρώπου.
1217 264 1302 296 Αὐτὸς
1323 264 1371 299 μὲν
1396 265 1450 299 γὰρ
1465 264 1625 299 ἐλογιζόμην
1638 284 1645 296 ,
1659 264 1777 295 ὅτι·πῶς
1796 263 1867 298 μέγα

1082 306 1239 342 ἄνθρωπος,
1266 309 1296 334 τὸ
1314 309 1444 344 ἐπίκηρον
1462 307 1530 340 ζῶον
1543 329 1549 340 ,
1573 309 1602 335 τὸ
1628 308 1734 343 μυρίοις
1754 308 1867 335 πάθεσιν

1082 353 1275 388 ὑποκείμενον,
1290 353 1320 380 τὸ
1335 354 1368 380 ὲκ
1384 353 1516 388 γεννητῆς
1530 354 1570 384 εἰς
1586 353 1674 388 γῆρας
1697 353 1801 389 μυρίων
1818 362 1868 380 κα-

1082 399 1136 425 κῶν
1152 399 1235 434 ἐσμὸν
1250 398 1393 432 ὲξαντλοῦν
1403 406 1410 413 ·
1426 400 1490 435 περὶ
1505 397 1536 426 οὗ
1552 399 1660 434 εἴρηται
1670 406 1676 413 ·
1703 408 1713 424 t
1727 399 1824 434 Κύριε,
1841 399 1868 426 τι

1081 445 1140 471 ἐστι
1157 444 1310 480 ἄνθρωπος,
1325 445 1367 471 ὅτι
1381 445 1519 481 ἐμνήσθης
1536 445 1634 477 αὑτοῦ;
1649 444 1665 480 ἢ
1686 445 1743 477 υίὸς
1760 446 1866 481 ἀνθρὼ-

1083 499 1145 522 nou,
1159 491 1200 516 ὅτι
1212 490 1349 525 ἐγνώσθης
1367 490 1458 526 αὖτῷ;
1476 499 1486 517 ι
1501 491 1578 517 Καὶδ
1591 490 1639 526 μὲν
1652 491 1803 526 Ψαλμῳδὸς
1819 500 1868 518 κα-

1081 537 1210 571 ταφρονεῖ
1234 536 1272 567 ὡς
1294 535 1415 568 εὐτελοῦς
1437 535 1483 562 τοῦ
1511 536 1592 568 gum.
1617 536 1664 563 καὶ¹
1688 537 1706 571 ή
1728 537 1866 572 Παροιμία

1083 582 1265 617 ἀποσεμνύνει
1279 582 1318 613 ὡς
1341 582 1412 616 μέγα
1432 590 1459 608 τι
1473 581 1519 608 τὸν
1540 581 1691 617 ἄνθρωπον.
1718 581 1797 608 Ἀλλά
1821 591 1867 617 μοι

1083 629 1133 664 τὴν
1147 628 1274 663 τοιαύτην
1298 628 1458 663 διαπόρησιν
1474 627 1568 654 ἔλυσεν
1580 627 1714 663 ἡῑστορία
1726 627 1776 662 τῆς
1789 628 1866 661 γενέ-

1085 683 1153 706 σεως
1168 675 1214 701 τοῦ
1234 674 1377 710 ἀνθρώπου
1394 674 1608 708 ἁναγνωσθεῖσα.
1639 673 1788 708 Ἠκούομεν
1812 674 1868 710 γὰρ

1083 721 1131 748 νῦν
1146 722 1187 748 ὅτι
1200 721 1265 752 Θεὸς
1278 721 1356 747 ἐλαὸε
1372 720 1436 756 χοῦν
1450 721 1503 747 ἀπὸ
1512 721 1562 755 τῆς
1575 722 1636 756 γῆς,
1654 720 1700 747 καὶ
1711 719 1811 747 ἔπλασε
1822 720 1867 746 τὸν

1083 768 1237 803 ἄνθρωπον.
1250 765 1287 793 Εὖ
1292 776 1337 802 ρον
1345 767 1373 794 δὲ
1381 768 1413 793 ἐκ
1420 766 1467 794 τοῦ
1477 767 1600 803 ῥήματος
1610 767 1705 794 τούτου
1716 767 1868 802 ἀμφότερα,

1084 814 1124 840 ὅτι
1139 813 1214 840 οὐδὲν
1232 812 1374 848 ἅνθρωπος
1395 812 1442 839 καὶ
1456 812 1528 847 μέγα
1545 812 1698 848 ἄνθρωπος.
1723 811 1786 838 Ἐὰν
1801 812 1870 847 πρὸς

1083 858 1132 895 τὴν
1148 857 1229 893 φύσιν
1244 858 1323 897 μόνον
1339 857 1505 897 ἁποὸλέψῃς,
1521 857 1551 884 τὸ
1569 857 1652 892 μηδὲν
1665 857 1712 884 καὶ
1724 857 1772 884 τοῦ
1788 857 1870 892 μηδε-

1083 905 1128 937 νὸς
1148 904 1238 937 ἄξιος⁹
1253 896 1301 931 ἐὰν
1318 904 1346 931 δὲ
1358 896 1425 940 πρὸς
1444 904 1493 940 τὴν
1507 904 1588 940 τιμὴν
1604 905 1637 940 ἢν
1651 903 1780 939 ἐτιμήθη,
1798 903 1870 938 μέγα

1084 951 1236 987 ἄνθρωπος.
1250 951 1351 983 Ποίαν;
1370 960 1379 976 ι
1408 949 1492 977 Εἶπεν
1507 952 1521 978 6
1540 951 1616 983 Θεὸς,
1633 950 1777 986 Γενηθήτω
1800 949 1869 984 φῶς,

1085 997 1133 1024 καὶ
1148 997 1257 1031 ἐγένετο
1271 997 1338 1031 φῶς.
1357 1007 1366 1023 ι
1385 992 1688 1033 Σύγκρινονάνθρώπου
1704 996 1809 1030 γένεσιν
1822 996 1870 1023 καὶ

1086 1043 1175 1076 φωτὸς
1191 1043 1307 1076 γένεσιν.
1330 1042 1404 1068 Ἐκεῖ
1419 1040 1490 1075 εἶπε,
1508 1051 1518 1068 ι
1534 1041 1676 1077 Γενηθήτω
1691 1041 1842 1076 στερέωμα.
1858 1051 1866 1067 ι

1096 1088 1125 1114 'O
1144 1088 1229 1122 μέγας
1246 1088 1358 1123 οὐρανὸς
1373 1087 1477 1115 ἄνωθεν
1490 1088 1555 1122 ἡμῖν
1570 1086 1751 1122 ὑπερτέταται
1768 1087 1870 1121 ῥήματι

1084 1133 1152 1160 Θεοῦ
1172 1133 1316 1168 γενόμενος
1326 1141 1334 1148 ·
1347 1133 1470 1167 ἀστέρες,
1487 1133 1534 1159 καὶ
1544 1132 1628 1167 ἥλιος,
1647 1131 1693 1158 καὶ
1707 1131 1813 1166 σελήνη,
1823 1131 1870 1158 καὶ

1085 1179 1173 1206 πάντα
1191 1180 1241 1206 ὅσα
1257 1178 1413 1214 θεωροῦμεν
1426 1177 1567 1213 ὀφθαλμῷ,
1584 1178 1631 1204 καὶ
1643 1178 1693 1204 ὅσα
1716 1177 1772 1203 ἄνω
1784 1185 1870 1203 κατα-

1085 1225 1259 1260 λαμϐάνομεν
1277 1223 1390 1259 μεγέθη,
1407 1224 1511 1259 ῥήματι
1526 1222 1588 1257 ἔσχε
1602 1222 1633 1248 τὸ
1650 1220 1728 1249 εἶναι.
1742 1221 1870 1248 Θάλασσα

1085 1271 1133 1297 καὶ
1147 1270 1193 1305 γῆ,
1217 1270 1264 1296 καὶ
1286 1270 1303 1305 ή
1330 1269 1359 1295 ὲν
1381 1269 1472 1300 αὐτοῖς
1496 1268 1684 1303 διακόσμησις,
1710 1267 1786 1300 ζώων
1804 1268 1870 1303 γένη

1085 1315 1245 1342 παντοδαπά
1255 1323 1262 1330 ⁵
1278 1314 1368 1349 φυτῶν
1384 1314 1507 1350 διάφοροι
1528 1314 1668 1346 ποικιλίαι,
1682 1313 1772 1340 πάντα
1786 1313 1871 1340 ταῦτα

1086 1363 1125 1397 τῷ
1155 1363 1256 1397 ῥήματι
1289 1361 1410 1396 γέγονεν.
1448 1360 1607 1396 Ἀνθρωπος
1634 1360 1681 1392 δὲ,
1709 1360 1785 1393 πῶς;
1813 1359 1870 1385 Οὐκ

1085 1408 1195 1444 ἐλέχθη,
1222 1408 1365 1443 Γενηθήτω
1385 1407 1526 1442 ἄνθρωπος
1540 1426 1547 1438 ,
1566 1405 1603 1437 ὡς
1615 1427 1622 1439 ,
1645 1405 1788 1441 Γενηθήτω
1812 1413 1871 1431 στε-

1087 1455 1191 1490 ρέωμα.
1212 1453 1292 1480 Ἀλλὰ
1309 1453 1398 1480 πλεῖόν
1424 1462 1450 1479 τι
1464 1453 1529 1488 ὁρᾷς
1546 1453 1574 1478 ὲν
1595 1452 1633 1487 τῷ
1646 1451 1781 1486 ἀνθρώπῳ
1801 1451 1871 1486 ὑπὲρ

246 1496 338 1527 homo,
356 1499 384 1522 nt
401 1496 481 1527 dixit,
493 1495 772 1524 Fiatfirmamentum.
788 1494 912 1529 Amplius
929 1493 1030 1528 aliquid

1087 1500 1155 1535 φῶς,
1179 1499 1249 1535 ὑπὲρ
1266 1499 1390 1534 οὐρανὸν,
1407 1499 1476 1534 ὑπὲρ
1503 1498 1663 1533 φωστῆρας’
1688 1497 1759 1532 ὑπὲρ
1783 1496 1871 1523 πάντα

245 1541 336 1568 ecrnis
361 1541 389 1568 in
416 1542 524 1568 homine
545 1549 627 1576 quam
652 1541 680 1568 in
703 1541 773 1572 luce,
800 1540 881 1575 quam
898 1540 925 1566 in
949 1540 1029 1571 cmlo,

247 1595 328 1621 quam
344 1587 369 1613 in
386 1587 579 1615 iuminaribus.
598 1587 731 1615 Omnibus
754 1587 891 1614 antecellit
913 1586 1031 1614 hominis

246 1634 410 1668 procreatio.
421 1644 429 1659 ‹
443 1634 554 1668 Accepit
564 1634 634 1661 Deus
646 1644 652 1661 :
668 1644 676 1660 ι
694 1641 773 1660 tnanu
782 1633 894 1668 propria
903 1633 1031 1668 dignatur

244 1687 344 1714 corpus
361 1684 484 1707 nostrum
501 1679 630 1706 formare.
649 1678 706 1706 Non
721 1679 804 1713 jussit
833 1678 937 1713 angelo.
959 1679 1029 1710 Non,

245 1730 275 1752 ut
291 1726 409 1759 cicadas,
426 1731 522 1760 sponte
535 1733 584 1753 sua
600 1725 713 1760 protulit
725 1725 861 1752 hominem
875 1714 957 1751 terra.
972 1723 1029 1750 Non

246 1772 380 1799 ministris
403 1772 587 1800 Potestatibus
603 1771 654 1799 hoc
670 1770 735 1797 illud
754 1770 907 1798 faciendum
925 1769 1034 1796 manda-

247 1819 295 1852 vit,
310 1819 356 1846 sed
371 1826 452 1846 manu
464 1826 514 1846 sua
529 1818 677 1846 benevolus
688 1818 786 1845 artifex
800 1821 901 1845 terram
917 1816 1033 1851 accepit.

247 1865 275 1891 Si
297 1865 363 1892 illud
378 1865 448 1899 quod
471 1868 609 1899 sumptum
627 1868 678 1895 est,
704 1863 812 1899 aspicis,
839 1863 906 1898 quid
923 1862 1033 1890 homine

245 1908 346 1935 vilius?
355 1908 403 1935 Sin
413 1909 545 1937 artificem
551 1910 721 1942 consideras,
734 1910 798 1945 quid
807 1911 917 1938 homine
925 1910 1033 1944 majus?

1085 1548 1102 1583 ή
1119 1546 1262 1582 ἀνθρώπου
1288 1545 1404 1579 γένεσις.
1429 1554 1438 1570 Ι
1461 1543 1560 1570 Ἔλαόε
1579 1542 1681 1578 Κύριος
1707 1543 1721 1568 6
1747 1541 1828 1573 Θεὸς·
1860 1551 1869 1567 ι

1086 1592 1210 1626 καταξιοῖ
1231 1592 1283 1626 ἰδίᾳ
1307 1591 1380 1626 χειρὶ
1405 1589 1553 1617 διαπλάσαι
1573 1588 1603 1615 τὸ
1623 1588 1756 1623 ἡμέτερον
1779 1587 1869 1622 σῶμα.

1086 1640 1123 1667 Οὐ
1142 1638 1307 1675 προσέταξεν
1323 1636 1446 1671 ἀγγέλου
1464 1636 1512 1670 οὐχ
1526 1636 1543 1670 ή
1560 1635 1595 1670 γῆ
1613 1633 1764 1668 αὑτομάτος
1775 1632 1870 1666 ὥσπερ

1085 1686 1149 1717 τοὺς
1172 1684 1299 1718 τέττιγας
1327 1683 1401 1718 ἡμᾶς
1423 1681 1567 1717 ὲξέὸρασε,
1587 1680 1639 1707 οὐκ
1661 1676 1723 1706 εἷπε
1739 1677 1807 1713 τῷδε
1823 1678 1872 1704 καὶ

1085 1729 1154 1765 τῷδε
1177 1729 1288 1764 ποιῆσαι
1308 1728 1508 1763 λειτουργικαίς
1536 1725 1705 1760 δυνάμεσιν.,
1721 1723 1790 1750 Ἀλλ’
1820 1722 1874 1757 ἰδίᾳ

1085 1776 1159 1815 χειρὶ
1182 1776 1342 1811 φιλοτεχνεῖ,
1368 1774 1420 1809 γῆν
1445 1773 1549 1799 ἔλαϐεν.
1574 1772 1658 1798 Ὅταν
1681 1770 1748 1805 πρὸς
1771 1770 1802 1796 τὸ
1825 1769 1892 1804 λη--

1086 1825 1152 1858 φθὲν
1175 1823 1283 1858 ἀπίδῃς,
1307 1821 1334 1848 τί
1361 1821 1435 1846 ἐστιν
1460 1818 1616 1853 ἄνθρωπος;
1642 1817 1707 1858 ὅταν
1734 1815 1874 1858 πρὸςιτὸν

1081 1851 1224 1894 γελάσαντα
1237 1851 1407 1900 κατανοήσῃς
1420 1884 1427 1897 ,
1444 1851 1517 1898 μέγα
1525 1859 1677 1895 ἄνθρωπος,
1690 1855 1761 1882 ὥστε
1777 1853 1825 1880 καὶ
1838 1851 1871 1878 τὸ

1083 1912 1167 1948 μηδὲν
1181 1911 1225 1939 διὰ
1238 1911 1287 1947 τὴν
1301 1910 1379 1945 ὓλην,
1399 1909 1446 1936 καὶ
1457 1907 1529 1943 μέγα
1539 1905 1583 1932 διὰ
1598 1904 1647 1939 τὴν
1660 1902 1753 1937 τιμήν.

246 1955 480 1988 Quemadmodum
495 1961 607 1991 propter
619 1956 763 1984 materiam
775 1963 808 1984 eo
820 1957 889 1983 nihil
904 1955 1058 1990 abjectius,
1074 1946 1235 1989 sic-propter
1249 1946 1385 1980 effectoris
1400 1951 1559 1985 dignitatem
1574 1948 1733 1984 praeclarius
1750 1946 1827 1974 nihil.

283 2009 293 2026 ι
304 2000 336 2027 Et
344 2001 447 2035 accepit
455 2000 534 2027 Deus.
542 2011 551 2027 ι
559 2001 614 2027 Cur
621 2007 723 2033 autem,
733 2009 795 2029 eum
805 2001 976 2028 antedictum
984 2000 1029 2032 sit,

248 2055 257 2071 ἰ
275 2046 307 2072 Et
316 2046 378 2073 fecit
390 2046 461 2073 Deus
474 2047 623 2079 hominem,
639 2057 649 2073 ι
665 2047 709 2074 hic
721 2048 748 2074 in
759 2047 818 2082 ejus
830 2047 1028 2082 procreatione,

245 2097 374 2127 tanquam
391 2093 416 2119 id
431 2100 484 2120 non
498 2093 722 2125 intellexerimus,
739 2092 766 2119 in
778 2093 894 2119 historia
909 2092 1028 2119 dicitur:

246 2146 256 2163 ι
269 2137 301 2164 Et
312 2138 416 2172 accepit
431 2138 500 2166 Deus
516 2139 654 2173 pulverem
671 2147 686 2166 e
700 2143 771 2165 terra
790 2142 817 2165 et
836 2137 965 2165 formavit
981 2137 1031 2164 ho-

244 2183 386 2210 minem?»
404 2183 586 2211 Traditlerunt
607 2184 663 2218 jam
686 2184 796 2219 quidam
817 2183 929 2211 verbum
952 2183 1028 2214 illud,
1047 2195 1069 2222 ι)

246 2239 255 2254 ε
271 2229 421 2262 Formavit,
437 2238 447 2255 ι
461 2231 494 2256 ad
509 2236 609 2264 corpus
624 2229 722 2255 relerrt
735 2236 761 2255 ε(
776 2228 870 2255 Fecit»
881 2231 982 2261 autem,
995 2229 1029 2256 ad

244 2275 366 2302 animum
372 2275 448 2308 .Quae
456 2275 565 2310 quidem
575 2275 644 2302 ratio
653 2274 723 2302 forte
730 2281 783 2301 non
791 2273 920 2301 abhorret
929 2281 944 2301 a
952 2281 1026 2302 vero.

247 2321 280 2348 Ut
292 2330 353 2349 cuin
369 2323 559 2357 exponendum
569 2327 642 2350 esset
657 2323 792 2350 hominem
806 2330 868 2350 esse
884 2322 984 2349 factttm
998 2323 1032 2349 ad

246 2369 390 2404 imaginem
408 2369 465 2400 Dei,
483 2369 615 2403 scripttttn
636 2368 682 2401 sit,
703 2378 712 2394 ι
733 2368 805 2395 Fecit
822 2377 828 2395 :
845 2378 853 2394 ι
866 2376 928 2395 cum
942 2373 1031 2395 autent

246 2420 318 2443 esset
339 2416 515 2449 explicanda,
539 2423 599 2450 quae
615 2415 649 2442 ad
665 2415 790 2450 corporis
809 2415 1031 2442 constitutionem

246 2463 421 2498 pertinerent,
439 2470 471 2489 ea
486 2470 555 2496 vox,
574 2472 584 2488 ‹
604 2461 752 2495 Formavit,
773 2472 782 2488 ›
801 2461 923 2489 adhibita
939 2461 1031 2492 fuerit,

247 2508 396 2543 praesertim
409 2515 470 2535 cum
486 2507 568 2534 David
582 2507 641 2542 ipse
656 2507 802 2534 discrimen
821 2507 916 2533 horum
936 2506 1033 2532 verbo-

247 2561 307 2580 rum
324 2553 450 2581 docuisse
468 2553 600 2585 videatur,
617 2553 681 2580 dum
698 2553 800 2580 diceret
817 2562 823 2579 :
842 2562 851 2578 ‹
870 2551 966 2579 Manus
980 2555 1034 2578 tua:

248 2601 371 2627 fecerunt
387 2607 440 2633 me,
459 2604 486 2628 et
500 2600 688 2627 formaverunt
702 2607 756 2626 me.
777 2608 786 2624 ›
802 2598 877 2625 Fecit
896 2597 1032 2624 hominem

247 2646 423 2678 interiorem,
455 2645 621 2672 exteriorem
645 2644 781 2671 formavit.
808 2642 936 2669 Formare
960 2642 1033 2668 enim
1051 2667 1059 2672 ,

247 2691 374 2727 congruit
396 2691 463 2723 luto,
492 2691 583 2718 facere
600 2695 690 2717 autem
718 2689 828 2724 imagini
851 2689 908 2715 Dei.
930 2687 1032 2720 Quam-

247 2739 341 2766 obrem
357 2738 472 2765 formata
485 2742 526 2765 est
541 2745 617 2769 caro,
635 2736 742 2763 animus
752 2743 817 2762 vero
833 2735 930 2762 factus.
946 2734 1033 2769 Expo-

249 2785 310 2812 sitis
327 2785 410 2819 igitur
432 2788 506 2816 ante,
528 2791 589 2819 quae
615 2783 646 2810 ad
671 2781 891 2810 constituendum
913 2782 1032 2808 animum

248 2835 382 2863 Spectant,
398 2837 469 2857 nunc
483 2837 514 2857 ea
533 2832 637 2860 narrat,
663 2835 723 2862 qua:
746 2827 780 2854 ad
797 2834 895 2861 corpus
914 2825 1033 2853 conflan-

1122 2008 1132 2024 ε
1146 1999 1201 2026 Καὶ
1212 1998 1305 2025 ἔλαϐεν
1326 2000 1340 2025 6
1354 1998 1429 2029 Θεός.
1446 2007 1455 2024 ›
1481 1996 1560 2023 Ἀλλὰ
1575 1995 1649 2027 πῶς;
1671 1995 1745 2020 Ἑκεῖ
1760 1993 1788 2019 ἐν
1814 1995 1873 2024 τοῖς

1084 2045 1211 2078 κατόπιν,
1230 2045 1299 2071 (Καὶ
1316 2044 1443 2079 ἐποίησεν
1462 2044 1476 2069 ό
1489 2042 1555 2074 Θεὸς
1569 2042 1613 2068 τὸν
1627 2041 1768 2076 ἄνθρωπον
1780 2049 1787 2054 ·
1799 2049 1809 2065 ι
1829 2040 1874 2065 ἐν-

1084 2090 1171 2118 ταῦθα
1185 2090 1224 2122 δὲ,
1242 2089 1345 2117 ἄνωθεν
1358 2089 1501 2125 ἀνθρώπου
1515 2088 1620 2123 γένεσις
1633 2096 1638 2101 -
1652 2087 1688 2128 ei);
1707 2086 1790 2122 μηδὲν
1807 2086 1875 2120 περὶ

1084 2136 1227 2172 ἀνθρώπου
1242 2135 1440 2172 δεδιδαγμένων
1457 2134 1545 2170 ἡμῶν,
1560 2133 1663 2169 ἱστορία
1681 2132 1755 2166 λέγει
1768 2140 1774 2146 ·
1797 2141 1806 2156 ε
1817 2131 1875 2157 Καὶ

1084 2182 1179 2210 ἔλαϐεν
1191 2183 1204 2209 6
1218 2182 1283 2214 Θεὸς
1297 2181 1361 2217 χοῦν
1378 2181 1431 2208 ἀπὸ
1445 2180 1495 2215 τῆς
1506 2180 1566 2215 γῆς·
1588 2180 1633 2206 καὶ
1646 2179 1760 2205 ἔπλασεν
1776 2178 1790 2203 ὁ
1804 2177 1875 2208 Θεὸς

1083 2229 1128 2256 τὸν
1142 2229 1293 2265 ἄνθρωπον.
1308 2239 1316 2254 ι
1337 2228 1406 2263 Ἤδη
1421 2227 1492 2258 τινὲς
1507 2227 1622 2261 ἔφασαν,
1636 2225 1666 2251 τὸ
1687 2225 1735 2260 μὲν
1761 2233 1770 2249 ί
1789 2223 1874 2250 ἔπλα-

1084 2283 1129 2301 σεν
1141 2285 1149 2299 ι
1171 2275 1216 2300 ἐπὶ
1230 2273 1277 2300 τοῦ
1301 2272 1426 2308 σώματος
1443 2271 1586 2308 εἰρῆσθαι·
1604 2270 1633 2297 τὸ
1655 2270 1682 2296 δὲ
1699 2269 1846 2303 (ἐποίησεν
1861 2279 1870 2294 ι

1084 2320 1129 2346 ἐπὶ
1141 2320 1189 2355 τῆς
1201 2319 1298 2354 ψυχῆς.
1313 2319 1392 2350 Ἴσως
1407 2318 1466 2344 οὐδὲ
1483 2317 1535 2351 ἔξω
1547 2317 1599 2352 τῆς
1609 2316 1737 2351 ἀληθείας
1751 2316 1765 2342 ὁ
1781 2315 1872 2348 λόγος.

1085 2367 1172 2393 Ὅπου
1189 2366 1237 2401 μὲν
1259 2366 1312 2400 γὰρ
1332 2366 1457 2400 εἴρηται,
1479 2373 1488 2390 ι
1502 2364 1557 2390 Καὶ
1571 2363 1697 2397 εποίησεν
1719 2362 1733 2388 ὁ
1747 2361 1811 2393 Θεὸς
1826 2362 1874 2388 τὸν

1083 2412 1237 2447 ἄνθρωπον,
1256 2422 1264 2437 ι
1293 2411 1352 2438 κατ’
1371 2411 1463 2437 εἰκόνα
1483 2409 1551 2436 Θεοῦ
1574 2408 1700 2444 εποίησεν
1722 2407 1816 2440 αὐτὸν,
1841 2407 1875 2433 τὸ

1087 2468 1095 2483 ι
1112 2458 1238 2493 ἐποίησεν
1255 2468 1263 2483 ι
1277 2457 1393 2492 εἴρηταιι
1405 2458 1470 2482 ὅπου
1483 2456 1510 2482 δὲ
1522 2455 1614 2481 λοιπὸν
1623 2454 1686 2489 περὶ
1694 2453 1743 2488 τῆς
1751 2461 1876 2488 σωματι-

1084 2504 1134 2539 κῆς
1152 2504 1325 2534 ὑποστάσεως
1341 2503 1405 2537 ἡμῖν
1423 2502 1565 2536 διηγεῖται,
1577 2499 1608 2526 τὸ
1623 2509 1631 2525 ι
1650 2499 1750 2526 ἔπλασε
1763 2509 1771 2524 ι
1787 2498 1874 2532 λέγει.

1084 2549 1219 2586 Διαφορὰν
1234 2549 1262 2576 δὲ
1278 2549 1412 2583 ποιήσεως
1425 2548 1471 2574 καὶ
1484 2547 1609 2577 πλάσεως
1628 2545 1674 2571 καὶ
1691 2545 1705 2570 ὁ
1720 2543 1876 2579 Ψαλμι;)δδς

1084 2596 1202 2628 ἐδίδαξεν
1219 2595 1322 2622 εἰπών·
1344 2595 1397 2620 «Αἱ
1420 2593 1509 2629 χεῖρές
1535 2601 1581 2619 σου
1609 2592 1740 2626 ἐποίησάν
1766 2599 1799 2625 με
1825 2590 1875 2616 καὶ

1084 2640 1203 2667 ἐπλασάν
1216 2648 1260 2675 με.
1277 2649 1285 2665 ι
1308 2638 1435 2674 Ἐποίησε
1456 2637 1501 2664 τὸν
1518 2637 1571 2663 ἔσω
1587 2636 1729 2672 ἄνθρωπον
1740 2656 1748 2668 ,
1770 2634 1874 2661 ἔπλασε

1084 2688 1129 2714 τὸν
1145 2687 1207 2719 ἔξω.
1223 2687 1278 2713 Καὶ
1294 2685 1348 2721 γὰρ
1371 2685 1470 2720 πρέπει
1487 2684 1504 2719 ή
1523 2683 1572 2718 μὲν
1589 2682 1686 2714 πλάσις
1702 2680 1780 2716 πηλῷ
1791 2688 1797 2693 ·
1812 2680 1830 2714 ἡ
1844 2680 1875 2705 δὲ

1085 2733 1193 2767 ποίησις
1203 2731 1241 2766 τῷ
1258 2732 1317 2758 κατ’
1334 2731 1434 2757 εἰκόνα.
1455 2730 1536 2756 Ὥστε
1555 2727 1674 2763 ἐπλάσθη
1689 2727 1738 2762 μὲν
1752 2727 1768 2760 ὴ
1792 2725 1873 2760 σὰρξ,

1084 2778 1198 2814 ἐποιήθη
1215 2778 1243 2804 δὲ
1266 2779 1282 2812 ἡ
1296 2777 1378 2813 ψυχή.
1397 2777 1470 2802 Ἀνω
1490 2776 1579 2802 τοίνυν
1596 2773 1680 2801 εἰπὼν
1700 2773 1764 2809 περὶ
1785 2773 1876 2808 ψυχῆς

1085 2825 1269 2856 ὑποστάσεως,
1281 2823 1327 2851 νῦν
1339 2823 1403 2859 περὶ
1418 2823 1465 2856 τῆς
1481 2821 1589 2849 κατὰτὸ
1607 2821 1686 2857 σῶμα
1702 2820 1875 2850 διαπλάσεως
