1977 3071
127 119 181 147 Ξδί

511 121 543 148 IN
561 122 685 156 VERBA.
703 123 893 152 FACIAMUS
912 122 1104 156 ΗΟΜΙΝΕΜ,
1124 123 1213 157 E'I'C.,
1234 121 1336 152 ORAT.
1356 123 1391 152 If.

1705 125 1759 152 282

127 178 197 212 ἡμῖν
211 177 373 212 διαλέγεται.
388 179 451 213 Ἔχε
469 180 516 206 καὶ
529 181 623 208 τοῦτον
637 182 682 208 τὸν
693 182 771 216 λόγον
786 192 792 197 ·
808 183 849 215 τίς
862 183 889 209 δὲ
906 183 914 209 ί

971 183 1035 209 dum
1052 183 1197 217 pertinent.
1213 181 1275 209 Haec
1289 183 1325 210 sit
1337 190 1389 209 una
1407 182 1486 209 ratio.
1514 181 1604 209 Altera
1621 185 1672 215 est,
1684 182 1756 216 quod

127 223 223 258 ἕτερος
234 231 242 255 ;
252 223 313 250 Ὅτι
325 223 357 250 τὰ
372 225 420 260 μὲν
433 225 462 251 ἐν
475 226 615 261 κεφαλαίῳ
627 227 748 261 λέγεται·
767 227 801 254 τὰ
815 227 842 254 δὲ
856 228 915 254 καθ’

127 267 159 294 ὃν
173 268 272 304 τρόπον
287 268 397 303 γέγονεν
410 271 475 305 ἡμῖν
487 272 670 306 παραδίδοται.
687 273 806 299 Ἀνωθεν
819 270 865 299 οὖν
876 274 917 300 ότι

127 314 177 339 καὶ
193 314 330 349 ἐποίησεν,
348 311 399 341 ὧδε
419 315 538 347 καὶπῶς
555 316 691 352 ἐποίησεν.
708 317 740 343 Et
755 318 808 353 γὰρ
825 317 917 350 ἁπλῶς

127 357 207 386 εἶπεν
225 360 267 386 ὅτι
283 359 420 395 ἐποίησεν,
435 361 563 396 ἐνόμισας
582 361 615 388 ἂν
629 362 668 388 ὅτι
689 362 815 396 ἐποίησεν
829 362 865 394 ὡς
883 363 917 389 τὰ

130 405 227 440 κτήνη,
239 405 277 437 ὡς
291 405 324 433 τὰ
339 406 431 442 θηρία,
443 406 481 438 ὡς
495 406 529 433 τὰ
546 407 627 441 φυτὰ,
639 408 676 438 ὡς
688 407 732 433 τὸν
745 408 850 444 χόρτον.
858 409 917 435 Ἵνα

128 448 176 477 οὖν
194 451 281 486 φύγῃς
293 451 344 486 τὴν
364 452 432 487 πρὸς
444 451 479 478 τὰ
499 452 584 486 ἄλογα
605 453 763 485 κοινωνίαν,
785 454 835 488 τὴν
851 453 918 480 ἰδιά-

129 495 231 527 ζουσαν
248 496 311 530 περὶ
331 496 361 522 σὲ
379 497 425 523 τοῦ
436 497 504 524 Θεοῦ
520 497 706 533 φιλοτέχνησιν
721 499 735 525 ό
750 498 827 533 λόγος
843 508 916 535 παρ-

129 540 241 568 έδωκεν.
266 551 275 567 ‹
287 542 400 568 Ἔλαϐεν
421 543 435 569 ό
447 543 513 574 Θεὸς
528 543 592 578 χοῦν
606 543 659 570 ἀπὸ
671 543 722 577 τῆς
737 544 798 579 γῆς.
813 554 822 570 ι
843 545 917 571 Ἑκεῖ

129 583 209 612 εἶπεν
227 586 267 612 ὅτι
288 586 429 621 ὲποίησεν’
449 587 564 614 ἐνταῦθα
580 587 608 614 δὲ
628 587 686 619 πῶς
706 588 826 623 ἐποίησε.
844 588 916 615 Χοῦν

127 630 225 657 ἔλαϐεν
239 631 293 657 ἀπὸ
307 632 355 666 τῆς
368 632 436 666 γῆς,
457 632 504 659 καὶ
523 632 625 659 ἔπλασε
641 634 700 664 ταῖς
717 633 795 666 ἰδίαις
809 634 914 669 χερσίν.

134 675 316 711 Ἐνθυμήθητι
331 676 389 708 πῶς
401 677 547 712 ὲπλάσθης.
564 677 600 703 Τὸ
610 678 789 714 ἐργαστήριον
802 679 850 715 τῆς
863 679 915 714 φύ-

128 730 198 753 σεως
213 722 329 756 λόγισαι.
343 723 411 758 Χείρ
426 723 483 750 ἐστι
500 723 633 760 δεξαμένη
652 733 681 750 σε
697 724 778 751 Θεοῦ·
793 725 824 752 τὸ
840 725 915 761 παρὰ

127 766 196 793 Θεοῦ
214 767 340 800 πλασθὲν,
354 767 398 794 διὰ
409 768 540 804 πονηρίας
553 768 590 804 μὴ
606 769 714 805 μιανθῇ,
730 769 762 796 δι’
777 771 915 807 ἁμαρτίας

129 812 168 847 μὴ
191 812 343 848 ἀλλοιωθῇ,
372 813 409 850 μὴ
434 814 554 850 ὲκπέσῃς
574 815 623 850 τῆς
648 816 739 851 χειρὸς
762 817 809 843 τοῦ
835 816 912 844 Θεοῦ.

968 229 1025 256 illic
1047 235 1103 255 rem
1125 228 1281 255 summatim
1302 228 1472 263 perstrinxit,
1493 227 1538 254 bic
1560 227 1680 258 modum,
1701 234 1756 262 quo

969 273 1041 301 facta
1058 278 1112 306 est,
1134 273 1253 308 explicat
1270 277 1297 301 et
1317 277 1439 300 enarrat.
1457 272 1528 300 Ante
1550 272 1649 299 fecisse
1670 271 1754 299 Deum

968 319 1115 347 audivisti:
1127 327 1200 346 nunc
1214 326 1268 353 quo
1281 319 1362 346 modo
1378 317 1485 350 fecerit,
1499 317 1636 352 intelligis.
1650 316 1754 344 Etenim

968 365 992 392 si
1012 365 1175 400 simpliciter
1192 365 1325 399 scriptum
1339 368 1412 391 esset
1426 372 1432 389 :
1446 362 1534 395 Fecit,
1559 363 1694 397 cogitares
1706 362 1754 389 ho-

968 410 1070 437 minem
1089 409 1176 438 fuisse
1192 409 1306 441 factum,
1322 413 1352 436 ut
1368 408 1450 440 feras,
1464 413 1494 434 ut
1512 411 1581 439 cete,
1594 412 1624 434 ut
1635 407 1761 442 plantas,

966 458 997 481 ut
1024 455 1133 482 herbas.
1155 454 1290 487 Quocirca
1307 457 1337 480 ut
1354 457 1381 480 te
1404 460 1467 480 eum
1490 452 1691 487 agrestioribus
1713 451 1755 478 in-

967 500 1111 535 telligeres
1125 499 1194 526 nihil
1208 499 1309 526 habere
1324 506 1481 531 commune,
1495 497 1603 533 Moyses
1614 497 1753 533 proprium

966 549 994 574 et
1004 547 1142 582 singulare
1152 545 1200 573 Dei
1215 546 1242 573 in
1260 549 1286 573 te
1298 544 1418 572 creando
1436 544 1581 571 artificium
1594 543 1753 578 explicavit.

969 600 978 617 ι
995 591 1117 626 Sumpsit
1127 591 1198 618 Deus
1209 591 1347 625 pulverem
1358 594 1467 618 eterra.
1482 599 1491 616 ι
1507 590 1594 622 Tunc,
1608 589 1671 624 quid
1683 588 1754 615 Deus

966 637 1072 669 fecerit,
1088 636 1177 663 dixit:
1197 643 1282 668 nunc,
1297 642 1352 670 qua
1376 635 1483 662 ratione
1499 634 1603 666 iecerit,
1630 634 1752 667 exponit.

965 682 1106 710 Pulverem
1127 682 1245 717 sumpsit
1270 689 1285 709 e
1307 685 1391 714 terra,
1417 681 1612 715 hominemque
1635 679 1753 714 propriis

965 728 1092 755 manibus
1107 727 1245 755 formavit.
1259 727 1354 762 Cogita
1371 726 1601 761 quemadmodum
1618 725 1751 751 formatus

966 773 1014 806 sis,
1032 773 1114 800 homo
1131 781 1138 799 :
1160 776 1266 799 natura:
1289 777 1344 798 tua:
1366 771 1512 805 artificium
1531 769 1684 797 considera.
1705 768 1752 796 Dei

965 826 1064 846 manus
1076 823 1118 846 est
1139 818 1197 851 illa,
1211 826 1272 853 qua:
1287 822 1314 844 te
1329 817 1466 844 formavit.
1484 816 1556 843 (lave
1570 824 1604 847 ne
1621 815 1668 842 Dei
1684 822 1752 850 opus

127 858 228 890 Σκεῦος
244 857 270 885 εῐ
291 858 454 886 θεόπλαστον
468 861 543 897 παρά
560 861 626 887 Θεοῦ
643 862 803 897 γενόμενον·
820 862 913 895 δόξαζε

965 863 1069 899 flagitio
1097 864 1301 898 coinquinetur,
1326 870 1360 890 ne
1383 865 1495 897 peccato
1519 865 1702 896 pervertatur,
1726 865 1753 888 et

127 904 175 930 τὸν
190 906 348 941 ποιήσαντα.
364 906 431 932 Οὐδὲ
449 906 503 943 γὰρ
517 906 596 934 ἄλλον
609 907 682 939 τινος
699 908 791 936 ἕνεκεν
809 909 914 943 ὲγένου,

128 950 145 985 ἥ
162 951 205 977 ἵνα
215 951 329 986 ϐργανον
340 949 373 988 ᾖς
385 952 538 987 ἐπιτήδειον
550 953 601 988 τῆς
616 953 694 989 δόξης
707 954 754 981 τοῦ
767 954 844 982 Θεοῦ,
860 956 915 982 Καὶ

127 996 183 1031 γὰρ
201 997 216 1023 ὁ
229 997 330 1032 κόσμος
344 995 418 1029 οὗτος
431 997 490 1030 ὅλος
502 998 597 1034 ὥσπερ
613 1008 639 1026 τι
655 1000 756 1034 βιϐλίον
778 1000 915 1036 ἕγγραφόν

128 1040 223 1074 ἔστιν,
248 1041 484 1077 ὑπαγορευόμενον
508 1042 557 1078 τὴν
584 1043 631 1070 τοῦ
659 1044 726 1070 Θεοῦ
748 1044 846 1076 δόξαν·
865 1045 914 1080 τὴν

127 1086 301 1122 ἀπόκρυφον,
319 1088 366 1114 καὶ
397 1088 512 1123 ἀόρατον
545 1088 591 1115 τοῦ
626 1089 694 1116 Θεοῦ
720 1090 914 1126 μεγαλωσύνην

126 1131 162 1158 δι’
176 1132 257 1158 αὐτοῦ
274 1132 438 1167 διαγγέλλων
451 1142 492 1160 σοι
510 1132 549 1170 τῷ
569 1134 631 1161 νοῦν
647 1135 735 1170 ἔχοντι
747 1156 754 1168 ,
772 1137 812 1168 είς
829 1145 914 1163 κατα-

127 1177 220 1212 νόησιν
245 1178 383 1214 ἁληθείας.
404 1180 516 1211 Πάντως
536 1178 582 1208 οὖν
603 1181 740 1217 μέμνησαι
757 1182 812 1209 τῶν
836 1184 912 1218 εἰρη-

129 1224 227 1258 μένων.

175 1313 242 1340 «Καὶ
257 1315 406 1350 ηὐλόγησεν
422 1316 521 1347 αὐτοὺς
543 1316 557 1342 ό
570 1316 636 1348 Θεὸς
652 1317 697 1343 καὶ
717 1313 792 1344 εἶπεν
804 1337 812 1350 ,
827 1317 913 1350 Λὺξά-

127 1360 216 1393 νεσθε,
233 1361 280 1388 καὶ
305 1361 482 1396 πληθύνεσθε,
497 1363 544 1388 καὶ
570 1362 732 1398 πληρώσατε
757 1363 804 1399 τὴν
821 1364 882 1398 γῆν,
902 1374 910 1390 ι

129 1406 216 1441 Διπλῆ
233 1406 357 1441 αὔξησις,
374 1407 390 1442 ἠ
409 1407 457 1442 μὲν
477 1406 600 1442 σώματος
613 1427 620 1440 ,
636 1408 653 1442 ἠ
669 1408 698 1434 δὲ
712 1408 811 1443 ψυχῆς.
835 1409 914 1435 Ἀλλὰ

130 1452 146 1486 ἡ
161 1451 249 1486 ψυχῆς
261 1451 387 1487 αὔξησις,
408 1453 424 1488 ἡ
441 1453 484 1479 διὰ
498 1453 551 1479 τῶν
568 1453 735 1489 μαθημάτων
751 1454 790 1486 εἰς
808 1454 914 1482 τελείω-

131 1505 173 1523 σιν
185 1497 327 1532 προσθήκη
341 1505 346 1511 ·
362 1497 486 1532 σώματος
499 1498 552 1534 γὰρ
566 1499 693 1534 αῧξησις,
712 1500 728 1534 ἡ
744 1500 797 1526 ἀπὸ
814 1500 912 1536 μικροῦ
927 1518 948 1547 c

130 1543 169 1574 εἰς
195 1543 225 1569 τὸ
242 1543 361 1578 καθῆκον
384 1544 482 1579 μέτρον
511 1545 740 1576 ἀποκατάστασις.
761 1545 914 1578 Αὑξάνεσθε

129 1587 217 1614 τοίνυν
232 1589 288 1619 τοῖς
304 1588 353 1623 μὲν
364 1588 471 1622 ἀλόγοις
486 1588 574 1620 ζώοις,
586 1588 655 1615 κατὰ
671 1589 719 1624 τὴν
735 1588 780 1615 τοῦ
791 1589 913 1624 σώματος

128 1633 275 1665 τελείωσιν,
284 1635 354 1661 κατὰ
366 1634 412 1661 τὸν
425 1635 596 1670 ἀπαρτισμὸν
613 1635 662 1670 τῆς
677 1635 784 1669 φύσεως
796 1635 912 1671 εἴρηται,

130 1680 194 1714 ἡμῖν
207 1679 235 1705 δὲ
249 1679 396 1712 αὑξάνεσθε
413 1681 482 1707 κατὰ
492 1681 537 1707 τὸν
551 1680 604 1707 ἔσω
618 1681 769 1716 ἄνθρωπον,
783 1681 853 1708 κατὰ
866 1681 915 1717 τὴν

129 1725 270 1761 προκοπὴν
290 1725 339 1761 τὴν
354 1726 393 1757 εἰς
409 1725 474 1752 Θεὸν
489 1723 570 1752 οὖσαν
580 1746 587 1757 ,
605 1724 660 1757 οἷος
674 1724 708 1761 ἦν
721 1726 827 1758 Παῦλος
837 1747 844 1758 ,
858 1728 914 1758 τοῖς

131 1769 179 1804 μὲν
193 1769 345 1805 ἔμπροσθεν
372 1770 609 1805 ἐπεκτεινόμενος,
624 1770 679 1797 τῶν
690 1770 713 1796 δ’
728 1770 840 1797 ὄπισθεν
855 1771 914 1798 ἑπι-

129 1814 334 1851 λανθανόμενος.
353 1815 426 1851 Αὕτη
445 1816 518 1842 ἐστὶν
536 1817 553 1851 ἡ
569 1815 682 1850 αὔξησις
705 1817 759 1843 τῶν
775 1816 915 1852 θεωρημά-

129 1868 201 1892 των,
217 1860 357 1891 εὑσεϐείας
376 1860 526 1896 ἀνάληψις,
545 1861 562 1895 ἡ
584 1860 631 1887 τοῦ
650 1860 772 1893 πλείονος
794 1861 912 1895 ἕκτασις,

129 1905 160 1931 τὸ
192 1905 370 1940 ἐπορέγεσθαι
384 1907 457 1941 ἡμᾶς
468 1906 511 1932 ἀεὶ
524 1906 578 1933 τῶν
594 1906 688 1939 όντων,
704 1907 734 1933 τὸ
748 1901 913 1943 προγενόμε-

130 1957 174 1976 νον
192 1950 240 1984 μὲν
250 1951 293 1977 ἀεὶ
305 1950 418 1977 κατόπιν
433 1950 530 1977 ἑαυτοῦ
544 1950 662 1986 ἀφιέναι,
672 1951 701 1977 τὸ
715 1951 742 1978 δὲ
756 1953 848 1979 λεῖπον
865 1952 914 1987 τῆς

130 1994 281 2027 εὐσεϐείας,
297 1995 374 2022 τοῦτο
400 1997 449 2032 ὅση
482 1996 597 2032 δύναμις
624 1996 772 2032 ἐπιζητεῖν.
793 1995 855 2029 Οἶος
879 1996 913 2033 ἦν

136 2039 242 2072 Ἰσαὰκ,
259 2041 324 2076 περὶ
338 2038 368 2067 οὗ
393 2043 409 2077 ἠ
432 2042 569 2077 μαρτυρία
589 2042 678 2077 ἐκείνη
695 2043 911 2079 ἀναγέγραπται,

129 2087 168 2112 ὅτι
185 2086 337 2122 προϐαίνων
354 2087 465 2122 ὑψοῦτο,
483 2087 579 2123 μέχρις
592 2085 622 2113 οὗ
640 2087 726 2122 μέγας
740 2088 858 2123 ἐγένετο.
876 2089 912 2115 Οὐ

129 2132 182 2167 γὰρ
197 2133 313 2169 ἀπέστη,
327 2133 386 2160 οὐδὲ
402 2134 498 2169 μικρὸν
512 2134 640 2169 αὐξηθεὶς
657 2134 804 2170 ἀπέμεινεν
820 2142 826 2149 ·
846 2134 914 2161 ἀλλά

965 910 1076 937 excidas
1092 917 1107 937 e
1121 917 1204 936 manu
1219 909 1277 936 Dei.
1290 908 1328 935 Tu
1345 916 1376 936 es
1388 915 1436 935 vas
1450 915 1465 934 a
1480 907 1534 935 Deo
1550 907 1653 940 fletum,
1671 911 1752 941 atque

965 955 1126 988 conflatum,
1147 955 1228 982 lauda
1255 955 1411 982 effectorem
1433 957 1511 980 tuum
1532 962 1538 979 :
1564 960 1653 987 neque
1679 952 1752 979 enim

965 1001 1048 1029 aliam
1064 1002 1100 1029 ob
1116 1008 1227 1028 causam
1246 1001 1335 1028 factus
1349 1008 1390 1033 es,
1406 999 1459 1027 nisi
1478 1003 1507 1026 ut
1521 999 1554 1026 ad
1570 998 1617 1025 Dei
1635 998 1750 1034 gloriam

964 1046 1159 1073 celebrandam
1176 1053 1252 1073 esses
1273 1046 1486 1072 instrumentum
1504 1044 1750 1071 accommodatum.

963 1087 1003 1115 Ac
1017 1088 1118 1116 divinae
1129 1089 1239 1124 quidem
1251 1089 1343 1124 gloriae
1353 1088 1522 1116 celebranda:
1533 1089 1675 1115 materiam
1690 1088 1750 1119 tibi.

963 1137 1095 1169 tanquam
1111 1134 1181 1161 liber
1201 1135 1333 1169 scriptus,
1352 1134 1472 1168 suggerit
1487 1134 1562 1161 orbis
1581 1134 1626 1160 bic
1642 1133 1752 1160 univer-

963 1188 1022 1208 sus.
1038 1179 1098 1206 Tibi
1113 1179 1186 1206 enim
1198 1183 1291 1207 mente
1307 1180 1420 1214 praedita
1434 1179 1466 1206 ad
1482 1180 1605 1207 veritatis
1618 1180 1751 1214 cognitio-

965 1234 1026 1253 nem
1042 1226 1150 1252 nuntiat
1166 1233 1198 1252 εκ
1214 1233 1243 1252 se
1261 1225 1490 1261 magnificentiam
1510 1225 1565 1252 Dei.
1580 1225 1751 1260 Quapropter

962 1279 1056 1298 eorum
1069 1278 1128 1305 quae
1144 1270 1218 1297 dicta
1236 1274 1311 1302 sunt,
1329 1271 1488 1298 recordare.

1001 1326 1010 1342 ι
1030 1316 1063 1343 Ει
1079 1316 1217 1344 benedixit
1230 1316 1270 1344 eis
1282 1315 1364 1349 Deus,
1378 1320 1405 1343 et
1419 1316 1456 1343 ait
1470 1326 1476 1343 :
1494 1316 1626 1348 Crescite,
1640 1320 1666 1344 et
1682 1317 1751 1343 mul-

962 1362 1135 1396 tiplieamini,
1156 1368 1183 1389 et
1204 1362 1307 1396 replete
1324 1365 1436 1389 terram.
1452 1371 1461 1387 ι
1483 1361 1585 1396 Duplex
1602 1367 1643 1390 est
1661 1363 1751 1389 incre-

963 1411 1095 1438 mentum,
1115 1414 1198 1433 unum
1215 1406 1351 1441 corporis,
1373 1406 1489 1433 alterum
1513 1407 1607 1433 animi.
1630 1407 1750 1442 Augetur

964 1451 1083 1483 animus,
1098 1458 1160 1478 cum
1176 1451 1332 1485 disciplinis
1348 1451 1482 1478 excolitur
1501 1454 1582 1486 atque
1600 1452 1748 1486 perficitur.

964 1496 1070 1531 Corpus
1086 1500 1177 1524 autem
1186 1496 1297 1528 crescit,
1313 1497 1378 1523 dttm
1394 1504 1426 1523 ex
1448 1504 1531 1531 parvo
1550 1497 1582 1523 ad
1596 1497 1700 1532 justum
1724 1501 1751 1524 et

964 1546 1158 1578 congruentem
1167 1542 1364 1577 magnitudinis
1377 1543 1486 1569 modum
1501 1543 1614 1570 accedit.
1629 1542 1752 1570 Crescite

964 1588 1047 1623 igitur
1061 1587 1165 1614 dictum
1183 1591 1225 1615 est
1235 1587 1341 1614 ratione
1357 1587 1516 1615 carentibus
1530 1587 1705 1619 animalibus.
1723 1592 1751 1614 ut

964 1632 998 1659 ad
1021 1633 1174 1660 naturalem
1197 1632 1321 1667 corporis
1346 1631 1542 1667 perfectionem
1565 1632 1750 1667 pervenirent.

963 1677 1048 1705 Nobis
1063 1682 1164 1710 autem,
1188 1682 1218 1705 ut
1235 1678 1375 1706 interioris
1399 1677 1517 1705 hominis
1542 1685 1690 1712 progressu
1708 1685 1752 1705 as-

964 1723 1143 1751 cenderemus
1173 1723 1206 1749 ad
1238 1722 1343 1754 Deum,
1372 1723 1601 1758 quemadmodum
1631 1723 1749 1750 faciebat

964 1769 1075 1803 Paulus,
1091 1777 1151 1804 qua:
1165 1769 1274 1804 quidem
1291 1772 1365 1795 retro
1385 1773 1460 1799 sunt,
1477 1768 1654 1801 obliviscens,
1671 1769 1704 1795 ad
1719 1776 1750 1796 ea

965 1823 1028 1844 vero
1053 1823 1113 1850 quae
1135 1819 1198 1843 sunt
1220 1815 1339 1850 propria.
1368 1814 1518 1842 extendens
1542 1815 1673 1849 seipsum.
1694 1814 1750 1841 Au-

964 1866 1104 1898 gmentum
1131 1862 1157 1889 fit
1181 1860 1421 1895 contemplatione.
1449 1860 1557 1895 pietatis
1582 1860 1668 1889 cultu.
1685 1859 1748 1886 dum

965 1907 1000 1935 ad
1019 1907 1132 1934 meliora
1158 1905 1356 1941 progredimur,
1379 1905 1443 1932 dum
1469 1913 1573 1937 eorum.
1599 1913 1660 1940 qua:
1687 1913 1749 1933 vera

965 1957 1029 1981 sunt
1039 1953 1121 1983 bona.
1138 1951 1287 1986 cupiditate
1301 1951 1422 1985 quotidie
1433 1951 1519 1986 magis
1538 1950 1748 1982 inflammantur.

964 1998 1029 2024 dum
1051 1997 1122 2032 quod
1140 1998 1289 2032 prtecessit,
1309 2001 1370 2032 post
1387 2004 1436 2024 nos
1455 1989 1648 2031 relinquimus,
1666 2001 1692 2024 et
1716 1998 1749 2024 ad

964 2043 991 2070 id
1013 2043 1121 2078 pietatis
1137 2042 1210 2078 quod
1225 2043 1361 2077 reliquum
1378 2047 1430 2075 est,
1452 2051 1500 2078 pro
1516 2043 1621 2070 viribus
1638 2047 1750 2069 conten-

965 2089 1066 2115 dimus.
1091 2088 1166 2115 Talis
1179 2092 1239 2115 erat
1258 2088 1344 2119 Isaac,
1361 2088 1395 2115 de
1412 2096 1466 2122 quo
1478 2088 1664 2115 tcstimonitun
1683 2088 1749 2114 illud

967 2133 1107 2168 Scriptura
1124 2134 1225 2168 prodit.
1245 2133 1318 2169 quod
1335 2134 1479 2168 proﬁciens
1496 2134 1645 2164 crescebat.
1663 2134 1749 2161 donec

129 2179 287 2214 προέϐαινεν
298 2179 341 2206 ἀεὶ
351 2179 499 2215 διαδήμασι
516 2180 652 2216 μεγάλοις.
667 2180 805 2208 Διέϐαινεν
819 2180 865 2207 ἐπὶ
878 2181 913 2207 τὰ

965 2187 1081 2215 magnus
1097 2179 1211 2207 effectus
1233 2183 1285 2206 est.
1302 2178 1395 2213 Neque
1414 2179 1487 2206 enim
1508 2172 1683 2212 consistebat,
1702 2187 1749 2206 ne-

129 2224 195 2259 ἔργα
208 2225 257 2260 τῆς
273 2225 372 2260 ἀρετῆς
382 2246 389 2257 ,
407 2225 484 2261 διέϐη
502 2226 613 2261 μεγάλῳ
630 2225 731 2261 βήματι
744 2225 793 2262 τὴν
809 2234 914 2261 σωφροσ-

130 2269 228 2306 σύνην,
254 2270 340 2305 ἐπέϐη
357 2271 390 2306 τῇ
408 2270 573 2306 δικαιοσύνῃ.
597 2270 716 2297 Ἐκεῖθεν
732 2271 777 2297 ἐπὶ
802 2270 851 2306 τὴν
865 2271 912 2297 ἀν-

129 2316 218 2351 δρείαν
233 2317 327 2351 ἀνέϐη.
344 2316 420 2343 Οὓτω
445 2316 606 2349 διαϐαίνων,
632 2318 678 2344 ἐπὶ
700 2316 730 2343 τὺ
759 2316 843 2352 ἄκρον
866 2316 913 2343 τοῦ

130 2361 213 2396 ὕψους
228 2362 273 2389 τοῦ
289 2361 392 2396 ἀγαθοῦ
409 2362 573 2398 κορυφοῦται
594 2363 608 2388 ὁ
629 2362 741 2394 δίκαιος.
760 2361 913 2393 Αὺξάνεσοε

130 2407 174 2434 οὖν
187 2407 310 2441 αὒξησιν,
328 2408 375 2444 τὴν
389 2408 459 2435 κατὰ
474 2408 540 2434 Θεὸν
554 2408 691 2435 τελείωσιν
703 2428 710 2440 ,
725 2407 773 2443 τὴν
787 2408 856 2435 κατὰ
868 2407 913 2434 τὸν

130 2452 200 2478 ἕνδον
212 2452 367 2488 ἄνθρωπον·
383 2452 550 2487 πληθύνεσθε
569 2452 732 2488 Ἐκκλησίας
746 2453 780 2488 τῇ
791 2453 911 2488 εὐλογίᾳ.

130 2496 173 2533 Μὴ
185 2499 214 2524 ὲν
229 2497 270 2524 ἑνὶ
290 2498 486 2533 περιγραῳήτω
504 2499 521 2533 ὴ
537 2497 676 2531 θεολογία·
694 2498 751 2535 ἀλλ’
767 2499 806 2529 είς
823 2498 912 2524 πᾶσαν

129 2542 177 2577 τὴν
199 2543 251 2577 γῆν
273 2543 437 2579 κηρυχθήτω
461 2543 491 2570 τὸ
515 2543 678 2577 Εὐαγγέλιον
695 2543 743 2578 τῆς
765 2543 910 2578 σωτηρίας.

134 2587 345 2623 ιῐῐληθύνεσθε.»
362 2589 457 2622 Τίνες;
473 2590 504 2616 Οἱ
520 2590 589 2616 κατὰ
602 2589 802 2624 τδΕὐαγγέλιον
814 2589 913 2623 γεννώ-

133 2641 217 2668 μενοι.
233 2643 241 2659 ι
255 2634 419 2670 Πληρώσατε
432 2635 481 2670 τὴν
494 2635 554 2670 γῆν.
568 2645 577 2661 ›
595 2635 753 2670 Σάρχα,τὴν
769 2635 912 2670 δεδομένην

133 2679 195 2712 ὑμῖν
219 2679 259 2709 εἰς
287 2673 437 2714 ὑπηρεσίαν
483 2680 646 2715 πληρώσατε
676 2679 785 2714 ἀγαθῶν
813 2680 910 2714 ἔργων.

137 2722 289 2758 Ὀφθαλμὺς
312 2725 417 2760 πλήρης
435 2725 504 2752 ἔστω
518 2725 563 2752 τοῦ
585 2727 650 2761 όρᾷν
672 2726 706 2754 τὰ
722 2725 824 2752 δέοντα.
846 2726 913 2761 Χεὶρ

131 2770 237 2805 πλήρης
249 2769 318 2796 ἔστω
328 2770 382 2796 τῶν
397 2771 506 2805 ἀγαθῶν
520 2771 618 2808 ἔργων.
636 2771 718 2803 Πόδες
739 2771 858 2798 ἔστωσαν
874 2774 913 2804 εἰς

131 2815 271 2850 ἐπίσκεψιν
287 2816 478 2851 ἀσθενούντων,
489 2817 643 2856 πορευτικοὶ
652 2817 726 2850 ὄντες
741 2817 782 2852 ἐφ’
797 2817 814 2844 ἃ
831 2827 912 2855 προσ-

964 2232 1017 2260 que
1030 2225 1170 2260 paululum
1183 2229 1280 2251 auctus
1291 2224 1478 2256 decrescebat,
1493 2223 1540 2250 sed
1557 2224 1662 2259 magnis
1677 2231 1749 2251 sem-

963 2278 1012 2305 per
1042 2271 1138 2305 spatiis
1169 2269 1404 2304 progrediebatur.
1436 2269 1583 2297 Crescebat
1617 2269 1749 2297 virtutum

965 2316 1076 2348 studiis,
1102 2319 1128 2343 et
1149 2315 1245 2343 officiis
1264 2325 1271 2343 :
1290 2315 1432 2343 crescebat
1451 2323 1548 2350 magna
1567 2315 1707 2343 modestia:
1723 2321 1750 2343 et

963 2362 1151 2396 temperantia:
1176 2361 1393 2396 progressione;
1424 2361 1564 2389 crescebat
1590 2361 1696 2395 iustitia
1723 2366 1749 2388 et

963 2408 1102 2442 aequitate.
1119 2407 1167 2435 llis
1181 2407 1312 2442 gradibus
1323 2407 1357 2434 ad
1372 2407 1476 2434 virilem
1494 2411 1598 2435 aetatem
1615 2407 1748 2442 pervenit.

965 2454 1010 2482 Sic
1024 2455 1199 2490 progrediens
1213 2459 1240 2483 et
1257 2463 1387 2483 crescens
1398 2455 1541 2490 virjustus
1565 2454 1597 2481 ad
1612 2462 1748 2481 summum

963 2502 1026 2529 boni
1038 2501 1175 2536 fastigium
1189 2502 1338 2529 extollitur.
1352 2501 1472 2529 Crescite
1486 2501 1569 2536 igitur
1581 2500 1749 2534 perfectione

963 2547 1019 2580 illa,
1036 2555 1096 2582 qum
1119 2547 1172 2574 Deo
1190 2548 1289 2583 placet.
1310 2555 1370 2582 quae
1392 2547 1422 2574 fit
1438 2547 1464 2573 in
1481 2547 1591 2574 homine
1613 2546 1746 2574 interiori.

962 2591 1180 2626 Multiplicamini
1207 2591 1337 2618 Ecclesize
1363 2590 1550 2618 fmcunditate.
1577 2590 1616 2618 Ne
1636 2591 1662 2617 in
1692 2597 1746 2616 uno

963 2637 1142 2665 concludatur
1163 2637 1282 2672 cognitio
1308 2637 1365 2668 Dei,
1390 2637 1437 2664 sed
1459 2637 1486 2663 in
1515 2644 1622 2664 omnem
1648 2641 1746 2663 terram

963 2683 1148 2718 promulgetur
1176 2683 1272 2710 salutis
1293 2683 1473 2717 Evangelium.
1492 2678 1744 2716 «Multiplicamini.»

964 2728 1032 2760 Qui?
1049 2729 1113 2758 Vos.
1139 2728 1185 2764 qui
1208 2729 1234 2756 in
1260 2728 1404 2763 Evangelio
1424 2727 1506 2764 geniti
1530 2726 1626 2754 estis.t
1640 2727 1749 2760 llcplcu

964 2777 1223 2801 terramncarnein
1253 2774 1329 2801 vobis
1360 2773 1392 2800 ad
1421 2771 1629 2800 ministrandum
1656 2769 1746 2796 datam

964 2819 1041 2847 bonis
1065 2820 1218 2848 actionibus
1242 2821 1351 2853 replete.
1376 2818 1520 2853 chlcatur
1541 2815 1636 2843 oculus
1652 2821 1746 2843 earum
