1977 3071
227 67 288 117 ass

868 91 896 118 S.
911 91 1074 119 GREGORII
1094 90 1242 119 NYSSENI

1805 89 1867 117 284

236 153 326 174 rerum
343 150 464 181 aspectu,
489 155 549 181 qua:
570 150 651 174 rectae
670 151 743 174 sunt.
765 147 908 182 Replcatur
923 156 1020 176 manus

1082 149 1131 184 pce.
1148 149 1226 175 Πᾶσα
1249 149 1266 183 ἠ
1286 147 1338 175 τῶν
1356 147 1442 182 μελῶν
1467 148 1545 183 ἡμῶν
1569 147 1734 178 κατάστασις
1751 147 1867 182 πλήρης

235 191 364 226 operibus
383 192 470 218 bonis.
490 191 655 227 Replcantur
671 192 762 219 itidem
779 193 860 228 pedes
876 195 908 220 ad
932 194 1020 221 visen-

236 237 286 264 dos
308 245 450 272 pauperes,
475 241 501 264 et
518 237 549 263 ad
564 245 605 269 ea,
627 245 687 272 qua:
707 242 825 272 oportet,
847 239 1020 274 exsequenda

237 281 454 317 proficiscentes.
473 283 569 309 Omnia
592 283 709 318 denique
730 285 851 310 membra
868 288 963 311 nostra
979 292 1022 311 re-

237 329 364 362 pleantur
383 329 572 356 observatione
586 329 775 356 mandatorum
794 329 849 356 Dei.
866 329 922 357 [Ioc
935 330 1020 365 signi-

237 372 300 399 ﬁcat
315 380 344 399 ea
363 381 423 405 vov,
446 383 455 398 ι
474 373 585 408 Replete
602 378 712 401 terram.
733 384 742 400 ι
759 374 846 408 Atque
861 373 905 401 illa
922 375 1020 407 oratio,

237 426 298 453 qua:
322 419 475 445 communis
496 424 538 446 est
558 419 636 447 nobis
659 428 720 446 cum
743 420 857 454 reliquis
877 420 1022 447 animanti-

237 464 299 495 bus,
323 465 430 499 proprie
453 464 569 492 refertur
596 466 629 492 ad
655 474 715 495 nos.
734 473 794 492 cum
814 466 974 501 intelligitur
989 458 1022 494 ex

237 518 269 537 ea
288 510 401 542 ratione,
417 519 469 545 qua
492 511 616 538 honorati
634 519 738 543 sumus,
757 516 784 539 et
799 511 861 538 lacti
879 512 911 538 ad
928 511 1023 547 imagi-

1072 194 1142 220 ἔστω
1162 193 1216 220 τῶν
1233 193 1304 220 κατὰ
1329 193 1378 224 τὰς
1391 192 1500 224 ἐντολὰς
1514 193 1649 228 ἐργασιῶν
1661 201 1667 208 ·
1689 192 1767 219 τοῦτό
1786 193 1863 223 ἐστι,

1075 249 1084 264 ι
1097 238 1261 274 Πληρώσατε
1278 238 1326 274 τὴν
1341 238 1418 273 γῆν.)
1436 239 1532 265 Κοιναὶ
1545 238 1593 273 μὲν
1602 238 1631 264 αἱ
1643 238 1730 272 φωναὶ
1741 238 1787 264 καὶ
1801 239 1866 269 τοῖς

1072 284 1179 318 ἀλόγοις
1190 292 1196 298 ·
1213 284 1360 316 ἰδιάζουσαι
1372 284 1400 310 δὲ
1412 284 1540 317 γίνονται,
1556 284 1620 310 ὅταν
1638 284 1677 318 τῷ
1691 283 1750 310 κατ’
1765 283 1865 310 εἰκόνα

1073 331 1120 356 καὶ
1139 326 1457 365 ᾧ¹ὲτιμήοημεν,τοὺτῳ
1471 329 1646 364 χρησώμεθα.
1663 329 1703 355 Τὰ
1727 329 1775 364 μὲν
1805 329 1866 364 γὰρ

1074 375 1236 410 σωματικῶς
1249 374 1344 407 αὔξει,
1366 376 1446 410 ἡμεῖς
1462 375 1489 401 δὲ
1515 374 1707 410 πνευματικῶς
1721 383 1728 389 ·
1753 373 1798 400 καὶ⁴
1824 373 1864 400 τὰ

1074 421 1121 456 μὲν
1142 420 1240 455 πληροῖ
1253 420 1302 456 τὴν
1327 421 1376 456 γῆν
1390 420 1427 455 τῷ
1443 420 1549 455 πλήθει,
1565 421 1645 455 ἡμεῖς
1659 419 1686 446 δε
1701 418 1864 454 πληροῦμεν

1072 468 1132 498 ταῖς
1145 466 1258 500 ἀγαθαῖς
1270 466 1410 502 ὲργαῇαις
1423 467 1471 502 τὴν
1487 465 1702 500 συνεζευγμένην
1713 466 1778 500 ἡμῖν
1793 464 1861 498 γῆν,

1073 511 1197 538 τουτέστι
1212 508 1260 547 τὴν
1276 511 1432 547 σωματικὴν
1444 511 1606 546 ὑπηρεσίαν.

239 565 300 583 nem
317 556 372 584 Dei.
394 557 527 585 Crescmit
544 559 615 585 enim
633 563 729 585 cetera
753 559 880 586 animalia
895 559 1032 594 corporeis
1052 559 1238 590 incrementis.
1257 566 1307 586 nos
1329 562 1419 586 autem
1446 558 1623 593 incorporeis.
1636 561 1662 583 et
1683 556 1715 583 ad
1732 555 1861 590 spiritum

239 603 446 638 pertinentibus.
468 605 556 638 Atque
584 605 628 632 illa
652 605 760 639 quidem
781 610 881 632 terram
909 605 1014 640 replent
1035 597 1218 636 multitudine,
1238 612 1286 631 nos
1303 608 1393 631 autem
1415 608 1514 631 terram
1538 603 1660 638 corporis
1678 601 1764 628 nostri
1780 600 1864 628 bonis

238 651 421 685 conjunctam,
445 651 524 678 bonis
546 653 673 686 operibus
689 653 834 687 replemus.

277 705 286 720 ι
301 696 368 722 Ecce
382 695 441 723 dedi
454 696 530 723 vobis
543 704 623 724 omne
639 697 739 732 lignum
755 698 857 725 habens
869 697 985 724 fructum
995 696 1023 722 in

239 741 396 775 semetipso,
417 746 446 768 ut
466 741 502 768 sit
523 742 600 769 vobis
621 742 647 769 in
663 750 764 770 escam.
784 752 793 768 ι
808 742 847 770 Ne
861 748 1021 785 prz‘etcrcur-

1112 704 1121 720 ι
1134 694 1198 721 Ἰδοὺ
1210 694 1314 721 δέδωκα
1328 694 1391 728 ὑμῖν
1409 693 1484 726 ξύλον
1496 693 1510 720 ὅ
1529 693 1584 728 ἔχει
1601 694 1705 729 καρπόν
1716 694 1745 720 ὲν
1759 693 1862 728 ιῐειιυτῷΔ

1077 742 1139 776 ὑμῖν
1181 739 1256 766 ἔσται
1281 741 1321 771 εἰς
1349 739 1457 774 βρῶσιν,
1476 749 1484 765 ι
1512 740 1602 774 Μηδὲν
1621 739 1814 774 παρατρεχέτω
1841 740 1859 774 ἡ

240 791 282 813 rat
313 786 444 814 Ecclesia.
472 786 567 814 Omnia
596 788 713 823 legitima
735 792 808 815 sunt.
841 783 990 814 Nou‘dixit
1014 795 1021 814 :

1082 786 1244 821 Ἐκκλησία·
1264 786 1354 813 πάντα
1379 786 1481 821 νόμιμά
1497 786 1578 812 ἐστιν.
1593 786 1650 812 Οὐκ
1663 783 1732 818 εἷπε,
1751 786 1864 812 Δέδωκα

242 831 308 858 Dedi
344 832 421 859 vobis
452 833 541 867 piscos
566 833 598 859 ad
630 834 804 860 vescendum.
846 833 915 867 Dedi;
949 833 1025 859 vobis

227 881 317 908 κει-ιε.
346 880 373 904 ct
394 877 516 911 reptilia,
541 881 568 904 et
594 877 782 912 quadrupedo.
803 876 862 904 Non
896 877 968 905 enim
992 877 1027 904 ob

242 923 268 950 id
283 931 314 950 ea
332 923 446 950 creavit.
471 923 523 950 Sed
545 924 632 958 prima
653 923 698 951 lex
719 925 870 954 concessit.
885 928 914 950 ut
931 923 1027 950 fructi-

241 969 293 996 bus
312 977 496 996 vesccrcmur.
518 969 614 996 Adhuc
635 970 706 997 enim
727 969 854 1004 paradiso
878 969 952 1004 digni
976 977 1026 1004 pu-

241 1014 376 1041 tabamur.
402 1013 512 1048 Ecquod
535 1014 580 1041 hic
602 1015 668 1041 latet
693 1014 874 1050 mysterium?
894 1014 979 1041 Nobis
1001 1019 1028 1041 et

241 1059 349 1090 bestiis,
368 1064 395 1086 et
419 1060 575 1086 volucribus
602 1060 659 1086 dati
677 1064 740 1087 sunt
758 1059 875 1092 fructus,
893 1063 920 1086 et
933 1059 1027 1090 herba,

241 1104 275 1131 ad
290 1103 466 1135 vescendum.
482 1108 508 1131 et
525 1105 684 1131 volucribus
694 1105 768 1136 cmli,
782 1109 808 1132 et
823 1105 953 1131 omnibus
969 1105 1029 1131 ani-

242 1149 383 1176 mantibus
405 1153 494 1176 terrae.
520 1149 602 1184 Atqui
626 1149 709 1176 multa
736 1149 877 1176 cernimus
899 1149 1029 1176 animalia

242 1193 380 1220 fructibus
401 1202 455 1220 non
482 1195 566 1222 vesci.
597 1194 657 1228 Quo
687 1195 761 1222 enim
788 1195 878 1222 fructu
906 1195 1029 1222 vescitur

243 1239 347 1272 pardus
375 1243 422 1266 attt
441 1240 512 1272 ,leo?
537 1238 570 1266 Ili
586 1243 676 1267 tatncn
703 1241 757 1275 legi
777 1245 883 1268 naturaa
912 1241 1028 1275 subjecti

243 1284 380 1312 fructibus
402 1285 556 1312 alebantur.
582 1285 636 1312 Sed
660 1293 721 1312 cum
739 1286 822 1313 homo
838 1287 999 1314 recessisset
1014 1294 1028 1313 a

243 1330 390 1361 mandato,
416 1335 442 1357 et
461 1335 538 1357 extra
563 1331 722 1365 paradisum
743 1332 824 1359 vitam
848 1337 949 1368 ageret,
969 1337 1030 1368 post

242 1374 377 1401 diluvium
403 1375 500 1402 videns
529 1375 661 1404 Dominus
692 1377 819 1405 homines
841 1383 1027 1412 contumaces,

242 1421 383 1448 concessit
400 1421 451 1451 eis,
469 1425 498 1447 ut
513 1422 642 1449 omnibus
654 1423 948 1451 vescerentur:0mne
956 1425 1029 1459 quod

1076 832 1140 867 ὑμῖν
1154 833 1216 863 τοὺς
1237 831 1331 867 ἰχθύας
1347 832 1386 863 εἰς
1404 831 1503 866 βρῶσιν
1514 851 1520 863 ,
1545 831 1646 857 δέδωκα
1663 832 1726 866 ὑμῖν
1745 831 1778 857 τὰ
1792 831 1863 866 κτή-

1077 887 1119 912 νη,
1153 877 1187 904 τὰ
1215 877 1336 913 ἑρπετὰ,
1362 877 1396 903 τὰ
1423 877 1573 913 τετράποδα
1589 885 1596 891 ·
1624 877 1653 903 οὐ
1676 877 1731 912 γὰρ
1755 877 1862 903 τούτων

1077 923 1167 950 ἕνεκεν
1194 923 1304 955 ἔκτισε,
1332 923 1425 958 φησίν.
1444 923 1513 961 Ἀλλ’
1542 924 1558 958 ἡ
1585 922 1680 959 πρώτη
1716 922 1862 960 νομοθεσία

1077 969 1190 1004 καρπῶν
1210 969 1358 995 ἀπόλαυσιν
1383 968 1586 1004 συνεχώρησεν·
1606 969 1646 995 ἔτι
1664 970 1716 1004 γὰρ
1740 967 1865 1003 ὲνομιζὸ-

1079 1014 1148 1049 μεθα
1165 1014 1234 1047 ἄξιοι
1248 1011 1316 1041 εἶναι
1338 1014 1385 1040 τοῦ
1401 1015 1573 1050 παραδείσου.
1595 1015 1672 1041 Ἔστι
1684 1014 1711 1040 δέ
1734 1024 1760 1041 τι
1780 1015 1808 1040 ὲν
1821 1013 1864 1049 τῷ

1077 1060 1233 1087 λανθάνοντι
1262 1061 1429 1095 μυστήριον;
1450 1061 1514 1095 ἡμῖν
1539 1060 1593 1095 γὰρ
1608 1061 1654 1087 καὶ
1676 1062 1732 1091 τοῖς
1757 1060 1864 1094 Θηρίοις

1078 1107 1124 1132 καὶ
1140 1107 1195 1138 τοῖς
1212 1107 1342 1137 πετεινοῖς
1353 1106 1399 1132 τοῦ
1411 1106 1535 1141 οὐρανοῦ,
1551 1107 1598 1133 καὶ
1614 1107 1679 1132 πᾶσι
1692 1107 1747 1137 τοῖς
1759 1105 1865 1141 θηρίοις

1078 1150 1126 1184 τῆς
1142 1150 1192 1185 γῆς
1211 1151 1235 1176 οἱ
1261 1150 1361 1185 καρποὶ
1387 1149 1526 1184 ὲδὸοησαν,
1547 1151 1592 1177 καὶ
1612 1151 1628 1185 ἡ
1654 1150 1727 1185 χλόη·
1745 1150 1800 1176 Καιί
1825 1149 1864 1184 μὴ

1079 1195 1126 1221 νῦν
1143 1195 1250 1231 ὁρῶμεν
1274 1195 1359 1221 πολλὰ
1381 1195 1436 1221 τῶν
1459 1195 1559 1230 θηρίων
1577 1197 1691 1231 καρποῖς
1707 1195 1744 1230 μὴ
1767 1195 1866 1229 τρεφό-

1081 1250 1163 1277 nava;
1181 1241 1249 1275 ποίῳ
1270 1242 1324 1276 γὰρ
1337 1241 1435 1276 καρπῷ
1458 1242 1635 1276 καταδέχεται
1649 1241 1778 1276 πάρδαλις
1799 1249 1865 1276 τρα-

1080 1288 1176 1322 φῆναι;
1191 1287 1232 1318 τίς
1253 1287 1281 1313 δὲ
1295 1287 1399 1321 καρπὸς
1419 1286 1528 1314 δύναται
1549 1287 1642 1314 λέοντα
1655 1287 1771 1322 θρέψαι;
1795 1287 1863 1313 Ἀλλ’

1079 1332 1152 1366 ὅμως
1175 1331 1262 1357 ταῦτα
1286 1331 1324 1366 τῷ
1349 1332 1422 1366 νόμῳ
1444 1332 1492 1366 τῆς
1517 1331 1622 1365 φύσεως
1647 1331 1864 1366 ὑποτεταγμένα,

1080 1379 1194 1413 καρποῖς
1210 1377 1373 1412 διετρέφετο.
1400 1378 1509 1413 Ἐπειδὴ
1529 1378 1558 1405 δὲ
1578 1379 1592 1404 ό
1618 1378 1759 1414 ἄνθρωπος
1779 1378 1864 1410 ἐξεδι-

1080 1423 1166 1458 ῃτήθη
1181 1423 1227 1448 καὶ
1244 1422 1324 1457 ἐξέϐη
1338 1422 1384 1449 τοῦ
1398 1423 1461 1458 ὅρου
1472 1422 1518 1449 τοῦ
1533 1422 1672 1457 δεδομένου
1689 1422 1771 1457 αὐτῷ,
1795 1421 1866 1457 μετὰ

245 1472 382 1499 movetur,
400 1469 498 1503 inquit,
511 1473 538 1495 et
552 1469 628 1501 vivit,
641 1470 694 1497 erit
705 1470 784 1497 vobis
797 1471 824 1497 in
836 1471 938 1500 cibum.
951 1471 1029 1506 quasi

1082 1469 1125 1495 τὸν
1141 1467 1329 1503 κατακλυσμὸν
1343 1468 1419 1499 εἰδὼς
1432 1469 1446 1494 ὁ
1459 1468 1557 1504 Κύριος
1567 1468 1685 1503 ἀφειδεῖς
1694 1469 1755 1500 τοὺς
1763 1467 1865 1503 ἀνθρὼ-

245 1514 319 1540 olera
343 1514 459 1540 virentia
482 1514 582 1541 tradidi
606 1516 683 1543 vobis
705 1516 806 1543 omnia.
833 1516 892 1550 Quo
919 1518 1028 1552 quidem

245 1566 386 1590 concesso,
405 1559 508 1595 reliqua
527 1561 590 1588 item
607 1561 735 1589 animalia
759 1563 917 1590 comedendi
943 1563 1028 1591 licen-

246 1605 310 1630 tiam
328 1609 404 1632 nacta
423 1609 496 1632 sunt.

282 1649 319 1677 Ex
340 1658 372 1677 eo
395 1655 517 1686 tempore
541 1657 568 1679 et
590 1651 633 1679 leo
658 1652 832 1684 crudivorns.
859 1657 885 1681 et
909 1653 1029 1682 vultures

245 1695 409 1723 cadaverum
426 1697 508 1724 avidi.
524 1697 618 1732 Neque
634 1698 706 1725 enitn
723 1697 804 1725 simul
827 1706 858 1726 ac
869 1699 952 1733 geniti
966 1703 1030 1726 sunt

246 1746 346 1769 terram
366 1743 635 1771 circumlustrabant.
649 1743 774 1772 Nondum
787 1745 934 1780 quidquam
948 1746 1030 1773 inter-

246 1787 314 1815 ierat
329 1797 422 1819 eorum
442 1799 501 1825 qua:
520 1791 561 1818 vel
579 1799 594 1818 a
610 1791 664 1819 Deo
681 1791 763 1823 facta,
781 1793 822 1819 vel
837 1781 926 1827 genita
942 1797 1029 1826 erant,

246 1844 302 1870 quo
317 1836 440 1863 vultures
457 1837 640 1863 uutrirentur.
660 1837 754 1872 Neque
771 1841 866 1865 natura
887 1838 1031 1873 separabat

245 1884 273 1907 et
290 1880 471 1913 dissolvebat;
488 1881 595 1916 vigebat
614 1882 695 1909 enim.
715 1880 808 1916 Neque
827 1886 971 1910 venatores
986 1889 1032 1909 oc-

245 1926 388 1957 cidebant;
402 1926 521 1953 nondum
534 1929 606 1954 enim
618 1928 751 1954 vacabant
762 1928 885 1955 homines
898 1928 1030 1962 ejusmodi

247 1971 348 2000 studio.
365 1971 457 2006 Neque
476 1972 537 1999 ferae
555 1973 740 2006 dilauiabant;
759 1982 846 2008 neque
863 1975 934 2000 cnim
952 1978 1032 2001 erant

247 2017 408 2044 crudivora).
433 2017 487 2045 Nec
503 2019 554 2052 ipsi
566 2019 689 2046 vultures
707 2019 778 2046 vesci
798 2020 977 2047 cadaveribus
993 2028 1033 2050 as-

248 2067 414 2093 sueverant;
432 2064 559 2097 quoniam
575 2064 693 2090 nondum
708 2068 786 2091 erant
803 2065 946 2097 cadavera,
963 2073 1032 2092 non-

247 2110 312 2138 dum
330 2110 408 2140 fetor.
421 2110 540 2137 nondum
553 2111 614 2137 talis
625 2111 762 2137 vulturum
773 2111 866 2143 cibus;
882 2111 928 2139 sed
941 2112 1032 2139 omnia

1083 1523 1160 1546 πους,
1178 1515 1223 1540 ἐπὶ
1241 1514 1349 1540 πάντων
1361 1514 1408 1549 τὴν
1419 1514 1566 1541 ἀπόλαυσιν
1577 1514 1757 1549 συνεχώρησε.
1773 1515 1866 1540 Πάντα

1082 1559 1169 1586 ταῦτα
1187 1558 1306 1594 φάγεσοε
1319 1558 1356 1589 ώς
1370 1558 1472 1593 λάχανα
1487 1558 1593 1593 χόρτου.
1609 1557 1700 1593 Ταύτῃ
1711 1558 1743 1592 τῇ
1760 1565 1864 1591 συγχω-

1085 1605 1161 1639 ρήσει
1174 1604 1219 1629 καὶ
1234 1603 1268 1630 τὰ
1280 1602 1362 1629 λοιπὰ
1377 1601 1433 1633 ζῶα
1447 1601 1524 1627 ἔλαϐε
1535 1601 1584 1635 τὴν
1597 1600 1642 1626 τοῦ
1654 1600 1752 1626 ἐσθίειν
1763 1599 1864 1626 ἄδειαν.

1124 1648 1170 1680 Ἐξ
1193 1649 1296 1674 ἐκείνου
1322 1647 1414 1674 λοιπὸν
1433 1646 1572 1682 ώμοὸόρος
1587 1647 1601 1673 ὁ
1621 1646 1698 1678 λέων,
1713 1645 1742 1678 ἐξ
1762 1645 1865 1672 ἐκείνου

1084 1694 1132 1720 καὶ
1157 1692 1244 1728 γῦπες
1269 1692 1431 1727 ἀναμένουσι
1459 1691 1616 1727 θνησιμαῖα,
1641 1691 1679 1717 Οὐ
1703 1690 1786 1726 δήπου
1811 1689 1865 1725 γὰρ

1084 1738 1131 1764 καὶ
1147 1737 1233 1772 γῦπες
1247 1736 1314 1772 ὁμοῦ
1325 1737 1362 1773 τῷ
1373 1737 1531 1772 γεννηθῆναι
1543 1736 1598 1769 ζῶα
1611 1735 1806 1770 περιεσκόπουν
1817 1734 1865 1770 τὴν

1084 1783 1145 1818 γῆν.
1164 1782 1248 1810 Οὔπω
1264 1782 1317 1818 γάρ
1333 1791 1359 1808 τι
1374 1782 1491 1809 ἀπέθανε
1504 1783 1556 1809 τῶν
1574 1782 1648 1818 παρὰ
1658 1781 1724 1808 Θεοῦ
1741 1789 1867 1815 σημαινοα

1086 1829 1175 1864 μένων
1190 1829 1206 1864 ἦ
1223 1828 1384 1863 γενομένων,
1398 1827 1441 1854 ἵνα
1451 1828 1536 1861 γῦπες
1548 1827 1684 1862 τραφῶσιν
1696 1835 1703 1841 ·
1716 1827 1775 1853 οὔτε
1787 1826 1866 1862 φύσιν

1084 1874 1240 1910 διεχώρισεν
1253 1882 1259 1889 ·
1278 1874 1384 1909 ἀκμαία
1399 1873 1452 1909 γάρ
1465 1882 1470 1888 ·
1491 1874 1553 1899 οὒτε
1575 1873 1691 1909 θηραταί
1706 1873 1844 1899 ἀνάλωσαν
1857 1880 1865 1888 ο

1085 1921 1161 1948 οὔπω
1175 1921 1228 1956 γὰρ
1252 1920 1422 1954 ἐπιτήδευσις
1448 1919 1615 1955 ἀνθρώπων·
1636 1919 1696 1946 οὔτε
1725 1919 1807 1955 θηρία
1828 1918 1867 1944 δι-

1086 1966 1172 1992 έσπα·
1186 1965 1248 1991 οὕτε
1270 1965 1323 2000 γὰρ
1337 1963 1370 2000 ἦν
1387 1965 1525 2001 ὡμοῦόρα.
1539 1965 1606 1999 Γυψὶ
1627 1965 1655 1992 δὲ
1667 1965 1800 2000 ἀσύνηθες
1814 1964 1866 1990 ἀπὸ

1085 2011 1188 2047 νεκρῶν
1206 2011 1372 2038 διαιτᾶσθαι·
1387 2010 1457 2037 ὥστε
1475 2011 1549 2038 οὔπω
1563 2009 1595 2047 ἦν
1610 2011 1704 2046 νεκρὰ,
1719 2010 1795 2037 οῦπω
1804 2010 1867 2036 δυσ-

1085 2058 1162 2090 ωδία,
1181 2057 1257 2084 οὔπω
1278 2056 1388 2092 τοιαύτη
1407 2056 1494 2092 τροφὴ
1514 2057 1619 2090 γυπῶν,
1635 2057 1701 2083 ἀλλὰ
1716 2057 1814 2088 πάντες
1832 2057 1866 2083 τὰ

1086 2104 1193 2130 κύκνων
1216 2103 1353 2140 διῃτῶντο,
1369 2103 1415 2129 καὶ
1436 2103 1524 2129 πάντα
1543 2103 1605 2134 τοὺς
1627 2102 1761 2138 λειμῶνας
1775 2102 1866 2128 ἐπενέ-

249 2163 326 2183 more
349 2164 496 2192 cycnorum
520 2157 694 2189 victitabant,
718 2157 808 2184 omnia
830 2158 857 2184 in
880 2157 966 2192 pratis
985 2165 1029 2192 pa-

1088 2159 1162 2186 μετο.
1176 2150 1230 2176 Καὶ
1245 2147 1288 2176 οἶα
1309 2149 1415 2184 ὁρῶμεν
1430 2148 1512 2180 κύνας
1533 2148 1681 2184 θεραπείας
1697 2149 1790 2175 ’ἑνεκεν
1804 2148 1866 2175 πολ-

248 2202 407 2229 scebantur.
422 2202 454 2229 Et
466 2203 694 2237 quemadmodum
707 2203 829 2230 videmus
842 2211 923 2231 canes
935 2203 1033 2232 herbas

250 2248 402 2275 curationis
434 2256 516 2275 causa
538 2256 610 2283 sa'pe
638 2249 791 2281 comedere,
815 2256 868 2276 non
894 2249 966 2284 quod
989 2249 1034 2276 ille

248 2293 328 2320 cilius
353 2293 392 2320 eis
416 2294 451 2320 sit
474 2295 621 2326 naturalis,
650 2295 697 2322 sed
725 2299 828 2322 naturae
854 2294 970 2330 quodam
993 2296 1035 2322 itt-

248 2338 351 2365 stinetu
366 2339 523 2375 commoniti
539 2339 663 2367 feruntur
685 2340 718 2367 ad
735 2340 761 2367 id
776 2340 847 2375 quod
862 2341 1033 2368 salutiferum

250 2381 304 2409 illis
318 2381 438 2410 futurum
451 2388 501 2414 est.
517 2384 556 2411 sic
568 2384 713 2411 crudivora
725 2389 789 2412 tunc
802 2386 932 2413 animalia
944 2390 1033 2417 erant.

250 2435 304 2454 non
330 2432 358 2454 ut
389 2428 440 2455 sibi
470 2429 591 2456 vicissim
614 2429 728 2458 insidias
754 2434 902 2462 struerent,
928 2431 976 2458 sed
1005 2434 1035 2458 ut

250 2480 311 2499 mox
322 2473 354 2500 ad
369 2473 510 2508 pristinam
521 2474 643 2503 redirent
653 2477 889 2504 consuetudinem.
901 2477 1034 2504 Cancrum

251 2517 333 2545 homo
347 2520 493 2546 revertitur
520 2520 550 2547 ad
569 2521 713 2556 pristinum
735 2522 847 2555 statum,
872 2522 1034 2557 improbam,

250 2571 444 2596 aerumnosam.
471 2566 652 2602 servilemque
679 2567 706 2594 in
729 2567 803 2594 victu
826 2567 1035 2594 sollicitudinem

251 2610 393 2638 omittens.
418 2609 463 2638 Sic
488 2612 559 2639 enim
578 2612 611 2639 ad
634 2613 718 2640 vitam
741 2609 812 2640 rcdit
828 2612 888 2646 ejus
908 2611 1035 2643 similem,

250 2663 332 2690 quam
350 2656 463 2692 degebat
482 2657 510 2685 in
528 2658 666 2692 paradiso,
683 2666 698 2685 a
716 2658 808 2685 carnis
823 2656 1036 2692 perturbationi-

254 2701 306 2729 bus
333 2707 473 2735 remotam,
495 2711 631 2736 sccuram,
655 2708 682 2730 et
700 2703 824 2734 liberam,
845 2707 872 2730 ct
894 2709 956 2729 cum
981 2701 1035 2729 Deo

253 2751 336 2783 atque
350 2749 452 2784 angelis
468 2749 653 2784 conjunctam.
674 2747 737 2775 Haec
751 2755 767 2775 ιι
783 2748 862 2776 nobis
877 2748 949 2774 dicta
961 2752 1033 2781 sunt,

253 2801 307 2821 non
325 2795 395 2828 quod
414 2795 537 2822 homines
554 2795 588 2822 ab
600 2802 651 2821 usu
668 2794 789 2821 ciborum
806 2801 820 2820 a
838 2792 892 2820 Deo
905 2800 1036 2820 concesso

1084 2197 1162 2228 λάκις
1179 2197 1314 2231 ἄγρωστιν
1335 2194 1556 2229 ἐπινεμομένους,
1573 2195 1622 2221 οὐκ
1638 2194 1729 2230 ἐπειδὴ
1742 2195 1866 2229 συμφυὴς

1085 2242 1175 2273 αὐτοῖς
1185 2242 1258 2267 ἐστιν
1269 2241 1285 2276 ὴ
1293 2240 1390 2276 τροφὴ,
1398 2240 1554 2276 ἀλλ’ὲπειδὴ
1563 2240 1696 2275 ἀδιδάκτῳ
1704 2240 1755 2266 τινὶ
1762 2239 1867 2274 φύσεως

1085 2286 1241 2321 διδασκαλίᾳ
1252 2286 1297 2312 ἐπὶ
1312 2285 1341 2313 τὺ
1350 2286 1487 2322 συμφέρον
1496 2286 1604 2322 ἔρχεται
1613 2285 1646 2311 τὰ
1653 2285 1746 2318 ἄλογα·
1756 2284 1865 2310 τοιαῦτα

1085 2333 1190 2367 λόγισαι
1202 2330 1272 2359 εἶναι
1286 2334 1331 2359 καὶ
1346 2333 1405 2359 τότε
1417 2333 1451 2360 τὰ
1468 2332 1596 2368 ὼμοῦὁρα
1608 2331 1661 2358 τῶν
1673 2330 1760 2364 ζώων,
1773 2330 1864 2365 χόρτον

1085 2379 1190 2410 ἑαυτοῖς
1204 2377 1306 2413 τροφὴν
1319 2378 1444 2411 ἐπινοεῖν,
1457 2378 1505 2404 οὐκ
1516 2376 1639 2412 ἀλλήλοις
1651 2375 1863 2402 ἐπιϐουλεύοντα·

1085 2423 1142 2449 ἀλλ’
1156 2424 1199 2450 οἵα
1223 2423 1312 2458 μέλλει
1328 2422 1396 2450 εἶναι
1415 2423 1483 2458 μετὰ
1498 2422 1584 2449 ταῦτα
1605 2422 1621 2457 ἡ
1636 2421 1863 2451 ἀποκατάστασις,

1085 2470 1196 2504 τοιαύτη
1211 2467 1245 2505 ἦν
1259 2471 1275 2504 ἡ
1293 2469 1387 2505 πρώτη
1402 2470 1516 2503 γένεσις.
1539 2468 1733 2503 Ἐπανέρχεται
1746 2466 1774 2493 δὲ
1792 2467 1806 2492 ὁ
1820 2466 1864 2493 ἆν-

1087 2516 1194 2551 Θρωπος
1213 2516 1259 2541 ἐπὶ
1273 2515 1322 2551 τὴν
1339 2515 1422 2542 πάλαι
1437 2515 1518 2542 αὑτοῦ
1532 2514 1708 2545 κατάστασιν,
1726 2508 1773 2549 τὴν
1786 2521 1864 2547 πονη-

1088 2561 1148 2596 ρίαν
1162 2561 1297 2596 ἀφέμενος
1309 2569 1315 2575 “
1333 2560 1381 2596 τὴν
1399 2560 1598 2595 πολυμέριμνον
1612 2559 1713 2594 ταύτην
1727 2557 1807 2593 ζωὴν,
1818 2557 1864 2593 τὴν

1087 2607 1151 2642 περὶ
1164 2606 1197 2633 τὰ
1216 2607 1330 2642 βιωτικὰ
1348 2607 1397 2641 τῆς
1420 2606 1508 2642 ψυχῆς
1531 2605 1667 2638 δουλείαν,
1682 2604 1766 2631 ταῦτα
1781 2603 1864 2630 πάντα

1087 2653 1265 2688 ἀποθέμενος,
1289 2652 1334 2679 ἐπὶ
1347 2652 1391 2678 τὸν
1411 2653 1439 2679 ὲν
1456 2651 1611 2688 παραδείσῳ
1633 2651 1796 2685 ὑποστρέφει
1814 2649 1865 2684 βίον

1087 2699 1189 2726 ἐκεῖνον
1211 2699 1256 2724 τὸν
1276 2698 1423 2724 ἀδούλωτον
1436 2698 1491 2729 tot;
1512 2696 1609 2724 πάθεσι
1630 2697 1680 2731 τῆς
1698 2696 1807 2731 σαρκὸς,
1825 2695 1866 2722 τὸν

1087 2744 1237 2778 ἐλεύθερον,
1251 2744 1295 2770 τὸν
1306 2743 1365 2778 Θεῷ
1379 2743 1529 2778 συνόμιλον.
1549 2743 1594 2769 τὸν
1613 2742 1739 2776 ἀγγέλοις
1752 2740 1865 2776 ὁμοδίαι-

1087 2799 1141 2817 τον.
1167 2790 1257 2816 Ταῦτα
1274 2789 1361 2816 τοίνυν
1389 2789 1495 2823 εἴρηται
1520 2789 1595 2822 ἡμῖν,
1618 2789 1667 2815 οὐκ
1695 2788 1788 2814 ἐπειδῇ
1804 2787 1866 2814 ἀπο-
