1977 3071
131 105 185 133 285

501 107 534 136 IN
556 107 679 142 VERBA,
700 107 890 136 FACIAMUS
912 108 1104 142 ΗΟΜΙΝΕΜ,
1124 108 1213 142 ETC.,
1229 107 1333 136 ORAT.
1354 107 1387 135 ll.

1700 105 1754 136 236

130 162 232 189 κλείειν
247 162 361 198 θέλομεν
376 161 425 198 τῆς
439 162 586 199 δεδομένης
597 165 665 200 ἡμῖν
683 164 758 200 παρὰ
771 164 838 192 Θεοῦ
856 165 913 200 χρή-

970 165 1086 193 velimus
1105 164 1250 193 excludere
1269 174 1275 191 :
1293 164 1340 192 sed
1358 168 1387 190 ut
1407 163 1534 198 praeteriti
1549 164 1679 197 tenzporis
1694 163 1755 192 feli-

132 217 203 240 σεως
216 208 268 235 τῶν
283 208 446 244 βρωμάτων,
461 209 520 236 ἀλλ’
535 210 578 237 ἵνα
590 210 635 237 τὸν
650 210 817 246 παρελθόντα
832 219 920 246 μακα-

132 254 251 289 ρίσωμεν
271 254 366 289 χρόνον
380 263 387 270 ·
401 255 444 281 οἶα
466 253 500 290 ἦν
521 257 537 291 ή
560 255 633 291 ζωῆς·
650 256 724 288 ὅπως
750 256 916 292 ἀπροσδεής’

130 297 190 330 πῶς
204 298 301 333 ὀλίγων
321 299 427 325 ὲδέοντο
443 299 511 333 πρὸς
530 300 577 336 τὴν
593 299 640 327 τοῦ
660 300 717 335 βίου
741 300 876 336 διαγωγὴν
894 301 919 327 oi.

129 343 269 379 ἄνθρωποι
282 353 288 359 ·
307 344 365 376 πῶς
379 345 409 371 τὸ
425 346 546 372 ποικίλον
562 347 611 381 τῆς
629 347 733 382 διαίτης
748 348 812 382 ἡμῖν
833 348 849 383 ἡ
872 348 919 383 τῆς

130 388 270 423 ἁμαρτίας
286 389 494 424 συνεισήνεγκεν
504 390 590 417 αἰτία.
613 391 720 426 Ἐπειδὴ
733 386 786 426 γὰρ
799 393 848 427 τῆς
857 391 920 427 ἀλη-

131 433 209 468 θινῆς
225 434 330 469 τρυφῆς
348 434 399 468 τῆς
415 436 443 461 ἐν
462 435 500 470 τῷ
520 436 676 470 παραδείσῳ
688 436 865 471 ὲξεπέσαμεν,
878 446 920 463 νε-

130 478 208 505 νοθευ
213 479 296 513 μένας
313 480 414 515 τρυφὰς
427 481 532 512 ἑαυτοῖς
545 481 741 517 ἐπενοήσαμεν.
758 483 813 509 Καὶ
827 483 918 519 ἐπειδὴ

130 523 223 550 οὐκέτι
243 523 375 559 βλέπομεν
395 525 425 551 τὺ
436 525 514 558 ξύλον
526 526 577 561 τῆς
596 526 679 562 ζωῆς,
697 528 757 554 οὐδὲ
772 528 811 563 τῷ
826 528 918 562 κάλλει

130 570 228 604 ἐκείνῳ
243 570 453 606 έναδρυνόμεθα,
473 572 604 607 ἐδόθησαν
626 574 692 608 ἡμῖν
708 575 746 605 είς
771 574 918 601 ἀπόλαυσιν

132 614 259 650 μάγειροι
271 613 361 641 λοιπὸν
373 615 420 641 καὶ
431 616 581 651 ἀρτοποιοὶ,
596 618 648 654 καὶ,
661 619 813 653 πεμμάτων
830 628 919 646 ποικι-

129 658 185 684 λίαι
199 659 246 685 καὶ
263 659 452 695 θυμιαμάτων,
474 661 521 688 καὶ
537 662 650 689 τοιαῦτά
666 672 727 690 τινα
742 665 918 700 παραμυθού-

131 712 200 738 μενα
213 704 291 739 ἡμῶν
306 704 356 741 τὴν
375 706 478 733 ἐκεῖθεν
493 706 629 734 ἔκπτωσιν
642 716 648 723 ·
669 708 763 744 ὥσπερ
779 711 803 736 οἱ
826 710 918 746 ἀρρω-

130 756 188 774 στοι
199 748 263 775 ὅταν
276 749 485 785 καταϐληθῶσιν
501 752 553 778 ὑπὸ
570 752 689 789 σφοδρᾶς
706 754 871 790 ἀρρωστίας,
887 755 916 781 οὐ

127 792 272 827 δυνάμενοι
285 795 407 830 μετέχειν
413 797 462 831 τῆς
469 797 599 832 συνήθους
609 798 793 831 ἀπολαύσεως,
803 799 918 835 ὀσφραν-

128 839 185 871 τοῖς
205 839 252 865 καὶ
265 839 395 872 τοιούτοις
408 841 464 868 τισὶ
477 842 552 878 παρὰ.
565 843 619 869 τῶν
631 844 730 879 ἰατρῶν
749 844 915 879 λαμϐάνουσι

128 883 274 916 δεξιώσεις.
301 886 407 922 Ἐπειδὴ
428 887 481 923 γὰρ
504 888 559 915 τῶν
581 890 764 925 ἰσχυροτέρων
787 892 827 922 εἰς
848 891 915 917 ἀπό-

128 930 223 958 λαυσιν
233 931 437 965 ὲκπεπτώκασι,
453 935 509 965 τοῖς
522 934 646 961 ἀσθενέσι
663 935 808 970 σύμμετρα
821 935 846 962 οἱ
866 944 914 962 κο-

128 976 290 1009 λακεύοντες
313 978 402 1004 αὐτῶν
428 979 476 1011 τὰς
497 979 636 1016 αἰσθήσεις
655 981 817 1016 περινοοῦσι.
842 981 915 1016 Πλὴν

127 1022 196 1049 ἀλλὰ
210 1023 256 1049 καὶ
279 1024 326 1050 νῦν
345 1023 417 1051 κατὰ
443 1025 561 1060 μίμησιν
583 1027 631 1061 τῆς
648 1027 676 1052 ὲν
698 1025 737 1061 τῷ
761 1026 915 1061 παραδείσῳ

127 1067 202 1102 ζωῆς
223 1069 335 1100 ἑαυτοὺς
358 1070 435 1102 ἄγειν
455 1069 620 1105 βουλόμενοι,
645 1070 789 1105 φεύγοντες
813 1070 914 1105 ταύτην

94 1142 99 1144 ν
126 1113 176 1149 τὴν
194 1113 323 1140 πολύυλον
336 1114 390 1140 τῶν
405 1115 557 1150 βρωμάτων
572 1117 731 1148 ἀπόλαυσιν,
751 1117 795 1143 ἐπ’
812 1117 914 1143 ἐκεῖνον

125 1159 172 1186 τὸν
195 1159 250 1193 βίον
274 1159 365 1192 καθώς
376 1162 438 1187 ἐστι
459 1161 572 1189 δυνατὸν
593 1162 703 1194 ἑαυτοὺς
715 1161 833 1197 ἄγωμεν,
848 1170 914 1197 καρ-

127 1206 188 1236 ποῖς
204 1205 251 1232 καὶ
270 1205 408 1240 σπέρμασι
425 1206 471 1233 καὶ
494 1208 551 1239 τοῖς
572 1207 604 1233 ἐκ
620 1207 673 1234 τῶν
694 1207 851 1243 ἀκροδρύων
875 1208 914 1238 εὶς

125 1251 264 1287 διαγωγὴν
279 1251 425 1289 χρώμενοι,
438 1252 469 1278 τὸ
486 1253 516 1279 δὲ
534 1252 664 1288 περισσὸν
684 1253 796 1286 τούτων,
811 1254 849 1284 ὡς
865 1253 915 1279 οὐκ

125 1298 274 1331 ἀναγκαῖον
290 1298 526 1335 ἀποπεμπώμεθα.
553 1299 590 1326 Οὐ
600 1299 652 1335 γὰρ
668 1299 801 1334 βδελυκτὰ
812 1299 856 1326 διὰ
869 1299 914 1326 τὸν

125 1343 269 1369 κτίσαντα·
290 1343 320 1369 οὐ
346 1343 399 1379 μὴν
421 1344 481 1370 οὐδὲ
502 1344 598 1379 αἱρετὰ
617 1344 662 1370 διὰ
676 1344 726 1380 τὴν
749 1345 799 1380 τῆς
814 1344 914 1380 σαρκὸς

125 1388 359 1415 εὐπάθειανΛΚαὶ
373 1389 544 1416 κατέπαυσεν
558 1391 572 1416 ὁ
586 1390 652 1421 Θεὸς
663 1390 716 1417 ἀπὸ
737 1390 843 1416 πάντων
858 1389 913 1416 τῶν

124 1434 213 1469 ἔργων
235 1434 316 1461 αὐτοῦ
340 1436 373 1470 τῇ
395 1435 485 1470 ἡμέρᾳ
499 1437 531 1471 τῇ
555 1435 845 1472 ἐϐδόμῃ-»λεγέτωσαν
868 1433 914 1462 οὖν

124 1479 311 1516 ἀριθμητικοὶ,
326 1481 373 1506 καὶ
384 1481 409 1507 oi
423 1481 486 1516 περὶ
497 1481 530 1508 τὰ
543 1481 654 1508 τοιαῦτα
666 1482 853 1516 ὲσχολακότες,
866 1481 913 1508 καὶ

124 1525 174 1560 τὴν
185 1525 248 1560 περ).
260 1525 355 1552 τούτου
371 1526 464 1561 σοφίαν
478 1527 538 1553 ἀντὶ
553 1527 670 1562 μεγάλου
687 1527 911 1562 προϐεϐλημένοι,

123 1572 162 1603 ὡς
180 1571 230 1607 μὲν
255 1572 388 1608 συγγενὴς
412 1574 445 1608 τῇ
464 1573 511 1599 τοῦ
536 1574 637 1609 κόσμου
664 1574 750 1600 κτίσει
774 1574 788 1599 ὁ
811 1574 864 1600 τῶν
884 1573 914 1606 ἓξ

124 1617 250 1652 ἀριθμὸς,
272 1619 312 1644 ὅτι
334 1618 480 1652 πολύγονός
498 1619 565 1650 ἐστι,
595 1618 680 1645 πολλὰ
701 1619 833 1654 σχήματα
853 1619 914 1653 ἀρι-

125 1662 202 1697 θμῶν
218 1664 264 1697 ἀφ’
289 1663 385 1689 ἑαυτοῦ
410 1663 522 1698 γεννῶν,
549 1664 597 1691 καὶ
611 1664 711 1696 τέλειος
734 1665 790 1696 τοῖς
813 1664 911 1691 ἑαυτοῦ

126 1708 231 1743 μέρεσι,
250 1708 298 1735 καὶ
311 1709 361 1735 ὅσα
386 1709 451 1744 περὶ
472 1709 521 1744 τῆς
538 1709 631 1742 ἑξάδος
649 1711 677 1736 ἐν
694 1711 754 1745 ταῖς
774 1709 912 1744 σχολικαίς

123 1751 272 1786 διαλέξεσιν
286 1752 462 1790 ἀριθμῃτικοὶ
471 1753 635 1788 διηγοῦνται,
649 1755 675 1780 εἴ
684 1763 742 1786 πως
754 1754 835 1789 σχολὴ
849 1754 911 1781 καθ’

124 1801 218 1829 ἑαυτὸν
231 1802 364 1836 λεγέσθω·
380 1802 534 1836 λεγέτωσαν
548 1803 577 1829 δὲ
591 1803 639 1830 καὶ
656 1803 720 1838 περὶ
736 1803 785 1837 τῆς
796 1802 910 1837 ἑϐδομά-

123 1848 178 1880 δος,
191 1848 231 1873 ὃτι
247 1847 390 1882 στείρωσίς
404 1848 446 1879 τίς
458 1849 533 1874 ἐστιν
549 1849 578 1875 ὲν
594 1848 632 1883 τῷ
645 1848 761 1883 ἑϐδόμῳ.
774 1847 844 1875 Οὔτε
863 1847 911 1883 μὲν

124 1894 178 1929 γὰρ
192 1894 274 1928 γεννᾷ
295 1893 340 1928 ἀφ’
354 1894 462 1926 ἑαυτοῦ,
484 1893 546 1920 οὔτε
569 1895 634 1929 παρ’
649 1895 742 1929 ἐτέρου
760 1894 880 1921 τίκτεται
898 1895 912 1921 ὁ

124 1939 179 1965 τῶν
196 1939 266 1965 ἑπτὰ
286 1938 411 1974 ἀριθμός.
432 1939 486 1966 Καὶ
502 1939 545 1966 ἵνα
569 1939 606 1976 μὴ
631 1941 671 1972 εἰς
692 1940 824 1967 πολύυλον
845 1949 910 1967 κατ-

124 1985 220 2020 αγάγω
234 1984 278 2011 τὸν
292 1985 381 2019 λόγον,
396 1985 444 2021 τὴν
461 1985 577 2019 διάλεξιν
593 1986 642 2022 τὴν
658 1986 725 2022 πρὸς
735 1986 806 2022 ὑμᾶς
823 1995 912 2023 παρα-

970 209 1079 238 citatem
1103 209 1289 238 ostendamus.
1315 209 1409 241 Qualis
1421 215 1454 236 ea
1476 208 1532 236 vita
1555 207 1650 241 fuerit,
1671 217 1754 243 quam

971 255 1131 290 tranquilla,
1145 261 1227 289 quam
1241 254 1327 286 dives,
1340 261 1422 288 quam
1437 254 1532 289 paucis
1546 254 1573 281 in
1585 255 1656 281 victu
1672 255 1755 282 rebus

969 299 1096 326 homines
1117 298 1296 333 indiguerint,
1316 298 1454 334 quomodo
1478 305 1540 325 cum
1564 299 1648 325 variis
1672 306 1754 333 gene-

970 345 1048 372 ribus
1070 345 1214 380 epularum
1243 343 1374 379 peccandi
1402 351 1492 371 causa:
1514 343 1596 370 simul
1623 344 1755 378 ingressa:

971 390 1082 416 iuerint.
1106 389 1254 423 Postquam
1279 389 1350 416 enim
1370 396 1385 415 a
1402 389 1473 415 veris
1490 388 1544 414 illis
1566 387 1684 422 paradisi
1706 388 1754 415 de—

969 436 1040 463 liciis
1051 435 1213 466 exeidimus,
1224 443 1272 462 nec
1283 435 1401 469 amplius
1410 434 1472 461 vitae
1485 434 1586 468 lignum
1603 434 1751 465 intuemur,

969 489 1021 509 nec
1043 481 1167 509 honestis
1185 481 1250 514 illis,
1273 481 1469 516 praeclarisque
1494 479 1679 514 voluptatibus
1701 479 1754 506 frui

970 527 1114 562 gloriarive
1127 534 1286 562 possumus,
1302 526 1471 553 adulterinas
1486 525 1565 552 nobis
1580 525 1692 552 delicias
1707 532 1754 551 cx-

971 573 1164 607 cogitavimus,
1180 579 1284 607 coquos
1302 576 1329 599 et
1347 571 1466 606 pistores
1487 571 1653 603 invenimus,
1678 571 1752 597 varia

968 619 1143 646 bellariorum
1165 618 1438 652 suilimentorumque
1467 625 1577 652 genera,
1605 622 1634 644 ut
1660 617 1753 651 lapsus

969 665 1041 691 illius
1052 664 1160 694 solatia.
1175 663 1409 698 comparavimus.
1423 663 1459 690 Ut
1475 663 1598 698 :egrotis,
1618 663 1664 697 qui
1677 663 1752 696 gravi

968 709 1060 744 aliquo
1082 709 1178 737 morbo
1200 708 1408 741 conflictantur,
1428 716 1490 736 cum
1517 709 1607 736 solitis
1626 709 1752 743 volupta-

968 756 1042 783 tibus
1058 755 1110 782 l‘rui
1122 762 1176 782 non
1187 755 1304 790 possint,
1319 754 1451 789 quasdam
1463 753 1578 782 odorum
1591 755 1752 785 suavitates,

969 805 995 828 et
1012 801 1065 828 alia
1080 801 1213 835 ejusmodi
1238 800 1417 834 congruentia
1437 799 1632 827 oblectamenta
1656 799 1752 826 medici

967 846 1187 878 subministrant,
1200 850 1226 873 et
1235 846 1349 873 inﬁrmis
1364 853 1459 872 eorum
1469 845 1597 872 sensibus
1605 845 1752 872 blandiun-

967 897 1021 919 tur.
1039 891 1141 918 Verum
1165 891 1188 918 si
1218 897 1293 917 nune
1314 890 1396 917 etiam
1413 890 1542 916 volumus
1561 889 1644 916 vitam
1666 889 1750 921 illam,

967 944 1028 972 quae
1049 937 1076 963 in
1091 936 1220 971 paradiso
1244 935 1386 970 agebatur,
1401 935 1514 966 imitari,
1535 934 1569 962 ad
1585 942 1656 967 eam,
1672 936 1750 962 varia

966 984 1018 1011 ista
1031 983 1155 1010 ciborum
1170 989 1270 1017 genera
1286 981 1432 1016 fugientes,
1450 988 1500 1016 pro
1516 981 1622 1009 viribus
1639 982 1752 1008 acceda-

966 1035 1038 1062 mus,
1052 1028 1199 1058 fructibus,
1217 1031 1243 1054 et
1259 1023 1420 1058 seminibus,
1433 1031 1459 1054 et
1472 1026 1654 1061 leguminibus
1668 1027 1750 1053 vitam

966 1078 1166 1105 sustentemus,
1199 1073 1303 1107 reliqua
1325 1078 1425 1105 autem,
1445 1077 1474 1099 ut
1495 1081 1674 1108 supervacua.
1699 1073 1751 1100 mi-

965 1120 1094 1154 nimeque
1123 1118 1278 1146 necessaria
1293 1137 1300 1148 .
1326 1118 1487 1151 abjiciamus
1510 1121 1537 1144 et
1561 1126 1749 1153 aspernemur.

966 1165 1097 1198 Quamvis
1117 1164 1189 1192 cnim
1212 1163 1374 1190 detestanda
1395 1171 1449 1189 non
1474 1164 1539 1194 sint,
1562 1168 1655 1198 utpote
1671 1165 1751 1192 nobis

966 1212 1000 1238 ab
1015 1211 1073 1246 ipso
1088 1213 1265 1245 procreatore
1285 1216 1426 1240 concessa,
1439 1209 1572 1236 sumenda
1591 1215 1680 1237 tamen
1697 1219 1750 1238 non

965 1260 1030 1284 sunt
1054 1259 1167 1291 propter
1186 1255 1279 1282 carnis
1307 1255 1531 1282 oblectationem.
1552 1266 1560 1282 ι
1573 1257 1603 1284 Et
1620 1257 1751 1290 requievit

965 1303 1098 1329 Dominus
1120 1302 1155 1328 ab
1171 1301 1300 1329 omnibus
1327 1301 1456 1335 operibus
1479 1301 1537 1329 suis
1548 1303 1661 1336 septimo
1673 1303 1725 1330 die.
1740 1313 1749 1328 ι

966 1348 1063 1375 Dicant
1087 1347 1265 1376 arithmetici.
1279 1351 1306 1374 et
1330 1347 1378 1382 qui
1393 1347 1495 1375 talibus
1515 1347 1677 1375 incumbunt
1691 1352 1750 1375 stu-

965 1395 1029 1425 diis,
1049 1394 1151 1429 quique
1169 1393 1333 1428 sapientiam
1349 1393 1487 1427 ejusmodi
1505 1393 1610 1420 faciunt
1629 1393 1750 1428 plurimi,

965 1434 1271 1468 senarium'numerum
1286 1446 1348 1465 cum
1366 1439 1468 1465 mundo
1493 1438 1574 1465 simul
1592 1446 1653 1466 esse
1676 1439 1746 1474 geni-

966 1489 1035 1517 tum,
1064 1491 1126 1512 esse
1149 1491 1292 1511 numerum
1315 1482 1474 1515 fecundum,
1503 1483 1644 1518 multaque
1667 1492 1700 1511 ex
1723 1491 1750 1511 se

964 1537 1141 1558 numerorum
1167 1536 1265 1565 genera
1286 1529 1449 1563 parientem,
1471 1533 1498 1556 et
1522 1529 1579 1556 suis
1601 1527 1750 1563 perfectum

965 1575 1103 1611 partibus,
1129 1578 1158 1602 et
1174 1581 1345 1608 quaecunque
1358 1574 1391 1601 de
1405 1574 1464 1608 ipso
1477 1573 1506 1600 in
1520 1574 1749 1608 disputationibus

965 1621 1024 1650 suis
1035 1620 1128 1648 dicere
1134 1623 1345 1647 consueverunt.
1354 1618 1478 1654 Cumque
1486 1619 1519 1646 de
1530 1620 1749 1648 senarioubunde

964 1675 1011 1702 per
1027 1667 1113 1694 otium
1130 1666 1260 1696 dixerint.
1284 1665 1366 1693 etiam
1382 1665 1415 1693 de
1430 1666 1586 1700 septenario
1603 1666 1749 1694 disserant.

964 1713 1090 1740 Sterilem
1109 1719 1170 1739 esse
1189 1711 1390 1741 demonstrent.
1409 1712 1509 1746 quippe
1527 1711 1573 1746 qui
1598 1719 1649 1738 nec
1666 1711 1749 1738 alium

962 1766 995 1784 ex
1008 1766 1037 1785 se
1047 1764 1191 1785 numerum
1204 1761 1325 1792 generet,
1343 1764 1393 1783 nec
1407 1757 1441 1782 ab
1451 1756 1507 1783 alio
1522 1756 1580 1791 ipse
1591 1761 1747 1791 generetur.

963 1802 1028 1838 Ego.
1059 1810 1092 1830 ne
1120 1809 1273 1829 sermonem
1297 1808 1380 1828 causa
1400 1806 1491 1829 vestra
1511 1802 1568 1836 jam
1593 1802 1747 1829 institutum

963 1849 1099 1879 omittam,
1132 1848 1164 1874 ad
1195 1854 1227 1874 ea
1251 1854 1312 1882 quae
1334 1851 1399 1874 sunt
1422 1847 1533 1881 cognitu
1556 1847 1678 1874 faciliora
1708 1856 1750 1874 me

963 1899 1134 1922 convertam.
1164 1893 1191 1919 Si
1212 1892 1275 1927 quis
1298 1896 1386 1919 autem
1406 1892 1509 1927 peritus
1532 1896 1574 1920 est
1595 1893 1749 1920 istiusmodi

965 1940 1115 1971 facultatis,
1137 1939 1160 1967 is
1177 1942 1325 1973 cognoscat
1349 1938 1444 1965 talium
1468 1939 1548 1966 etiam
1573 1946 1662 1966 rerum
1687 1940 1749 1966 the-

966 1994 1077 2015 saurum
1098 1985 1168 2020 apud
1190 1992 1240 2012 nos
1265 1991 1327 2012 esse
1344 1985 1525 2012 reconditum.

123 2030 244 2066 δραμὼν,
261 2031 307 2057 ἐπὶ
326 2031 359 2058 τὰ
375 2032 613 2069 εὑγνωμονέστερα
634 2034 761 2068 χωρήσω.
777 2033 808 2059 El
822 2033 850 2060 δέ
865 2042 906 2065 τις
923 2034 970 2060 καὶ
984 2033 1048 2068 περὶ
1059 2032 1145 2060 ταῦτα
1159 2032 1216 2068 ἔχει
1229 2031 1289 2058 τινὰ
1307 2031 1463 2067 ἐμπειρίαν,
1475 2031 1632 2066 γινωσκέτω
1646 2031 1749 2059 ὅτιτκαὶ

123 2078 224 2105 τούτων
237 2080 252 2105 ό
266 2079 400 2115 θησαυρὸς
412 2080 584 2111 ἐναπόκειται
596 2079 659 2115 παρ’
673 2080 749 2115 ἡμῖν.

160 2126 241 2152 Ὥστε
255 2127 278 2153 εἰ
298 2127 369 2162 μέγα
385 2126 561 2163 ἀριθμητικὴ,
574 2127 690 2154 ἐνταῦθά
704 2128 761 2154 ἐστι
772 2127 820 2163 τῆς
833 2127 912 2163 ἀριθ-

999 2127 1088 2160 Quare
1102 2126 1125 2154 si
1151 2125 1241 2161 magni
1277 2125 1399 2153 facienda
1432 2129 1473 2153 est
1492 2125 1674 2157 arithmetica,
1703 2125 1748 2153 hic

125 2172 242 2207 μητικῆς
252 2171 285 2198 τὰ
299 2172 452 2208 σπέρματα.
465 2172 560 2207 Ἡμεῖς
570 2171 597 2199 δὲ
607 2172 636 2198 οὺ
648 2171 799 2208 φρονοῦμεν
807 2172 911 2204 τούτοις

965 2173 1022 2207 ejus
1043 2175 1108 2199 sunt
1125 2172 1238 2199 semina.
1258 2170 1340 2198 Nobis
1367 2175 1457 2198 autem
1482 2178 1535 2197 non
1552 2175 1593 2199 est
1610 2179 1691 2201 curm,
1719 2176 1748 2198 ut

123 2217 163 2252 τῷ
177 2217 209 2243 ὲκ
223 2217 271 2252 τῆς
284 2217 331 2244 τοῦ
347 2218 449 2253 κόσμου
461 2215 530 2244 εἶναι
550 2217 655 2252 σοφίας,
672 2217 688 2252 ἦ
702 2217 745 2244 διὰ
758 2217 807 2253 τὴν
822 2218 853 2244 ἐκ
864 2217 910 2244 τοῦ

123 2263 226 2298 κόσμου
242 2263 347 2297 σοφίαν·
363 2264 387 2290 οἱ
402 2263 456 2298 γὰρ
467 2263 553 2290 ταῦτα
567 2263 754 2299 περιέποντες,
772 2263 857 2299 μικρὰ
869 2264 911 2290 ὲν-

122 2311 208 2338 ταῦθα
215 2309 371 2344 κλέψαντες,
378 2309 437 2340 ταῖς
446 2307 647 2344 πραγματείαις
654 2307 729 2334 αὐτοὶ
736 2307 772 2339 ὡς
781 2307 910 2342 μεγάλαις

123 2357 357 2392 ὲπισεμνύνονται.
373 2355 433 2380 Ἵνα
445 2354 535 2380 τοίνυν
551 2353 682 2389 δείξωμεν
704 2353 804 2385 αὐτοῖς,
819 2354 859 2380 ὃτι
876 2354 910 2380 τὰ

124 2403 187 2439 παρ’
200 2401 314 2432 ἐκείνοις
331 2399 548 2436 περισπούδαστα
560 2400 627 2434 ἡμῖν
646 2399 720 2425 ἐστιν
740 2398 910 2433 εὐκαταφρό-

123 2456 201 2483 νητα,
221 2446 312 2482 σιωπῇ
326 2446 549 2481 παραδράμωμεν
562 2445 608 2472 τὸν
622 2445 686 2480 περὶ
697 2444 799 2471 τούτων
813 2444 891 2479 λόγον
901 2453 908 2460 ο

123 2493 188 2528 ὁμοῦ
207 2493 235 2520 δὲ
254 2493 301 2519 καὶ
317 2493 367 2518 οὐκ
379 2491 513 2523 abluero;
527 2491 585 2527 λαῷ
602 2491 683 2518 παντὶ
699 2492 715 2528 ἡ
732 2492 909 2527 περὶτούτων

123 2538 232 2573 θεωρία.
251 2538 372 2573 Πάρεστι
396 2537 424 2564 δὲ
441 2537 575 2572 ἐκκλησία
596 2537 625 2563 οὐ
649 2537 805 2573 παραδόξων
823 2537 908 2571 λόγων

124 2583 254 2617 ἀκρόασιν
271 2582 446 2618 ἐκδεχομένη.
470 2583 538 2609 ἀλλὰ
563 2582 616 2609 τῶν
633 2583 676 2609 ἐπ’
698 2583 824 2618 οἰκοδομῇ
842 2583 909 2610 θεωι

126 2628 254 2664 ρημάτων
279 2627 443 2663 ἐπιζητοῦσα
461 2628 510 2660 τὰς
532 2628 632 2660 λύσεις.
648 2628 798 2665 Τετίμηται
821 2628 907 2655 τοίνυν

125 2672 253 2709 ήὲϐδόμη
269 2673 360 2708 ἡμέρα
373 2673 403 2699 τὸ
418 2673 561 2700 σάϐϐατον,
580 2673 608 2700 ’0
620 2673 732 2707 ἕϐδομος
748 2674 822 2709 παρὰ
843 2674 907 2700 Ἰου-

125 2719 206 2750 δαίοις
220 2718 344 2753 ἀριθμὸς.
361 2718 460 2753 τίμιος,
480 2719 509 2744 ὲν
521 2715 542 2752 ᾧ
556 2720 583 2745 αἱ
596 2720 788 2754 σκηνοπηγίαι,
804 2720 832 2746 αι
847 2720 907 2747 σάλ-

125 2772 231 2798 πιγγες,
258 2765 274 2799 ἡ
296 2764 387 2799 ἡμέρα
412 2764 458 2790 τοῦ
485 2764 610 2799 ἱλασμοῦ.
630 2765 762 2800 Ἕϐδομος
785 2766 907 2797 ἐνιαυτὸς

127 2809 188 2844 παρ’
205 2808 318 2841 ἐκείνοις
331 2809 420 2844 τίμιος
435 2809 449 2835 ὀ
462 2810 511 2844 τῆς
524 2810 645 2844 ἀφέσεως
656 2811 810 2846 λεγόμενος.
829 2811 906 2846 Ἐξῆν

794 2855 808 2866 ἢ

962 2225 1044 2253 parva
1067 2217 1124 2244 haec
1141 2224 1174 2243 ex
1197 2215 1291 2242 mundi
1320 2215 1452 2250 sapientia
1470 2215 1747 2250 surripientes,quasi

960 2270 1088 2298 magnum
1109 2261 1212 2296 aliquid
1231 2261 1333 2288 nostris
1347 2260 1517 2288 orationibus
1533 2261 1694 2289 inseramus.
1714 2261 1748 2288 Ut

961 2310 1043 2344 igitur
1067 2311 1174 2335 constet
1201 2315 1252 2334 nos
1264 2310 1448 2339 contemnere,
1462 2315 1522 2342 qua:
1542 2307 1594 2342 ipsi
1610 2307 1746 2334 admiran-

960 2359 1016 2386 tur,
1032 2354 1140 2382 silentio
1167 2354 1225 2388 ipsa
1243 2356 1425 2384 transeamus.
1443 2353 1593 2387 praesertim
1617 2359 1677 2379 cum
1699 2361 1746 2380 (ιυ-

960 2409 1019 2428 rum
1035 2400 1153 2435 cognitio
1165 2407 1218 2426 non
1234 2399 1270 2426 ita
1293 2399 1370 2426 facile
1385 2406 1399 2424 a
1411 2399 1508 2433 quovis
1528 2405 1543 2425 e
1562 2399 1662 2433 pepqu
1684 2406 1745 2433 pcr-

960 2447 1012 2482 cipi
1033 2446 1129 2481 possit.
1144 2450 1171 2472 ct
1190 2445 1298 2480 qui'me
1316 2445 1441 2476 audiunt,
1465 2451 1520 2471 non
1537 2448 1592 2471 tam
1621 2452 1665 2471 res
1687 2452 1746 2479 qme

959 2495 1086 2520 moveant
1101 2491 1324 2523 admirationem,
1339 2497 1420 2524 quam
1438 2497 1499 2525 qua)
1516 2497 1606 2517 mores
1620 2494 1646 2516 et
1664 2491 1744 2516 vitam

959 2538 1109 2568 instruant.
1125 2537 1265 2572 postulent
1285 2539 1312 2563 et
1335 2539 1502 2570 exspectent.
1530 2533 1682 2562 Praeclarus
1704 2539 1744 2562 est

959 2584 1019 2612 dies
1033 2584 1175 2618 septimus.
1197 2582 1262 2609 Nam
1279 2586 1305 2609 et
1321 2582 1465 2609 sabbatum
1484 2582 1553 2617 apud
1571 2581 1678 2608 Juilazos
1700 2590 1744 2609 se-

959 2629 1044 2663 ptimo
1058 2631 1184 2656 censetur
1195 2627 1239 2654 die
1260 2626 1299 2662 [in
1309 2634 1362 2661 quo
1373 2626 1622 2654 Tabcrnaculorum
1634 2626 1742 2658 festum,

958 2674 1051 2706 Tuba,
1071 2674 1130 2701 dies
1147 2672 1418 2709 Propitiationis].Et
1444 2673 1576 2708 septimus
1603 2680 1690 2699 annus
1709 2673 1743 2698 ab

957 2719 1057 2746 eisdem
1076 2719 1247 2748 observatur.
1275 2725 1307 2746 ac
1324 2718 1497 2746 remissionis
1520 2726 1610 2745 annus
1631 2718 1739 2745 dicitur.

958 2764 1068 2792 Licebat
1084 2765 1155 2791 enim
1175 2764 1229 2791 illis
1241 2768 1339 2790 terram
1356 2772 1403 2791 sex
1416 2764 1495 2790 annis
1511 2763 1610 2793 colere,
1626 2762 1742 2796 septimo

958 2819 1030 2839 anno
1048 2811 1181 2838 inaratam
1206 2817 1237 2836 ac
1257 2809 1369 2836 libr-ram
1396 2808 1595 2844 relinquebant,
1621 2815 1683 2835 cum
1711 2809 1740 2835 in
