1977 3071
247 103 295 130 287

870 101 899 129 S.
919 98 1080 128 GREGORII
1098 97 1242 126 NYSSENI

1827 96 1893 123 288

247 158 434 194 promissionis
450 161 522 184 terra
539 161 723 184 versarentur.
744 157 796 184 Sex
825 157 905 185 annis
931 158 1032 185 servie—

1091 155 1136 190 μὲν
1150 155 1204 190 γάρ
1226 154 1316 186 αὐτοις
1332 154 1362 186 ἑξ
1385 153 1432 189 ἑτη
1455 153 1622 188 ἐργάσασθαι
1640 152 1689 188 τὴν
1706 152 1768 188 γῆν,
1793 152 1837 187 τῷ
1856 153 1890 179 δὲ

247 207 291 231 hat
311 203 448 235 llebrteus,
468 209 540 229 anno
554 202 670 237 septimo
681 203 848 229 liberabatur
864 210 878 229 a
893 203 1023 231 servitute

246 247 367 281 Septimo
392 246 462 282 apud
491 247 565 281 ipsos
599 254 670 273 anno
695 247 840 281 captivitas
865 247 1031 274 solvebatur.

247 293 300 320 Sed
326 297 420 320 nostra
436 300 546 326 quoque
565 292 718 319 videamus.
740 301 749 317 ι
770 291 886 326 Septies,
907 301 915 318 ι
934 293 1032 327 inquit,

247 346 257 362 ι
280 337 306 364 in
320 337 364 364 die
378 336 456 364 cadet
471 337 574 370 justus,
592 340 618 363 et
638 339 761 371 resurget
772 338 802 364 ".
814 347 823 362 ι
837 337 883 364 Sic
896 345 945 364 nos
962 337 1034 365 Heb-

246 383 388 409 domadain
422 383 625 409 constituimus.
655 380 793 416 Septimus
813 389 827 408 a
856 382 948 409 mundi
969 391 1033 417 pro-

247 429 383 455 t-reatione
402 428 494 454 Euoch
515 432 630 455 mortem
648 435 703 454 non
718 427 803 460 vidit;
827 427 955 455 Ecclesia:
975 436 1034 463 my-

246 475 369 500 sterium.
387 473 523 508 Septimus
538 473 572 500 ab
585 473 720 499 Abraham
732 473 838 508 Moyses
855 473 940 508 legem
959 481 1035 500 aece-

247 519 296 553 pit,
310 519 335 545 in
348 527 400 553 qua
417 519 478 545 vita:
491 518 617 550 mutatio,
639 518 739 545 solutio
753 518 913 553 iniquitatis,
930 518 1035 552 ingres-

247 564 432 598 susjustitiw,
446 563 491 591 Dei
511 564 706 598 peregrinatio,
739 564 902 591 constitutio
928 563 1034 594 mundi,

247 616 337 636 rerum
358 609 525 643 agendarum
542 609 712 643 praescriptio
728 609 922 636 continebatur
932 608 967 635 ".
985 607 1035 636 Se-

248 655 332 689 ptima
358 658 384 681 et
401 655 602 689 septuagesima
621 658 699 682 atate
724 658 785 689 post
804 654 890 681 Adam
908 654 1035 682 Christus

246 700 381 735 apparuit.
395 699 548 734 Septenarii
563 699 721 735 mysterium
735 699 925 727 novitPctrus.
941 709 951 725 ι
963 699 1033 732 Quo-

248 746 312 777 ties,
330 755 339 771 ι
349 746 449 781 inquit,
463 756 470 772 ι
484 746 644 781 peccabitin
660 754 702 773 me
713 745 796 773 frater
812 753 899 778 meus,
908 750 934 773 et
944 746 1037 773 dimit-

248 796 303 818 tam
318 792 367 819 ei?
390 800 476 826 usque
500 792 654 827 septies"?
672 802 680 818 ι
701 792 800 819 Parum
817 792 896 824 dixit,
914 792 1034 819 nondum

1085 200 1192 236 ἑϐδόμῳ
1216 199 1272 226 ἑτει
1297 200 1353 231 τοῖς
1379 199 1541 234 αὐτομάτοις
1565 198 1718 234 ἀρκεῖσθαι,
1735 198 1780 224 ὅτε
1803 196 1890 233 εἶχον

1085 245 1134 281 τὴν
1166 245 1217 280 γῆν
1245 244 1294 279 τῆς
1326 243 1500 278 ἐπαγγελίας.
1529 243 1577 276 Ἓξ
1607 244 1656 279 ἔτη
1684 243 1845 269 ἐδούλευσεν
1873 244 1895 270 δ

1091 290 1225 326 Ἐϐραῖος.
1235 290 1282 316 καὶ
1295 288 1334 324 τῷ
1347 290 1452 324 ἑϐδόμῳ
1464 289 1556 323 ἀφίετο
1565 289 1614 324 τῆς
1629 288 1759 320 δουλείας.
1783 288 1888 315 Ἑϐδο-

1087 336 1213 371 μηκοστῷ
1223 335 1276 361 ἔτει
1287 335 1366 370 ἐλύθη
1380 335 1444 370 παρ’
1454 335 1544 366 αὐτοῖς
1555 334 1761 369 ἡαὶχμαλωσία.
1774 334 1889 360 Λοιπὸν

1084 381 1113 408 δὲ
1127 381 1173 408 καὶ
1186 381 1219 407 τὰ
1232 381 1364 416 ἡμέτερα.
1382 390 1391 406 ι
1403 380 1547 412 Ἐπτάκις,
1567 392 1575 408 ι
1617 380 1684 414 φησὶ
1695 400 1703 414 ,
1726 390 1735 406 ι
1752 381 1889 406 πεσεῖται

1084 427 1099 452 6
1111 427 1212 457 δίκαιος
1228 427 1273 452 καὶ
1288 426 1494 461 ἀναστήσεται.)
1506 424 1598 456 Οὕτως
1607 425 1780 459 οἰκειούμεθα
1796 425 1889 459 ἡμεῖς

1086 471 1136 508 τὴν
1153 471 1297 506 ἑϐδομάδα.
1314 471 1448 506 ’Ἕϐδομος
1468 471 1521 498 ἀπὸ
1536 470 1669 505 γενέσεως
1683 471 1733 497 οὐκ
1750 468 1804 508 εἶδε
1831 469 1888 497 θά-

1076 506 1164 558 1νατον
1193 517 1286 552 Ἑνὼχ,
1313 518 1463 553 μυστήριον
1489 517 1662 552 Ἐκκλησίας.
1677 506 1811 551 Ἕϐδομος
1826 516 1888 542 ἀπὸ

1092 563 1216 598 Ἀϐραὰμ.
1231 563 1361 597 Μωῦσῆς,
1376 563 1457 598 νόμον
1472 562 1562 590 ἐλαϐε-
1580 561 1714 598 μεταϐολὴ
1731 562 1800 597 βίου,
1817 562 1888 588 ἀνο-

1087 608 1152 644 μίας
1173 608 1313 640 ἀνάλυσις,
1329 607 1500 644 δικαιοσύνης
1524 608 1635 639 εἴσοδος,
1650 607 1719 634 Θεοῦ
1734 607 1886 642 ἐπιδημία,

1086 642 1200 687 εὐταξία
1225 654 1266 686 είς
1290 642 1402 689 κόσμον,
1431 642 1608 689 νομοθέτησις
1636 653 1690 679 τῶν
1718 653 1885 688 πρακτέων.

1093 700 1295 736 Ἐϐδομηκοστῇ
1315 700 1362 726 καὶ
1385 699 1483 735 ἑϐδόμῃ
1501 700 1582 735 γενεᾷ
1603 699 1656 725 ἀπὸ
1675 699 1760 733 Ἀδὰμ
1774 699 1788 724 6
1811 699 1889 733 Χρι-

1087 745 1148 777 στὸς
1167 746 1265 781 ἑφάνη.
1288 743 1348 772 Οἵδε
1373 746 1402 772 τὺ
1421 746 1567 781 μυστήριον
1592 745 1642 780 τῆς
1658 743 1803 779 ἑϐδομάδος
1828 743 1888 770 Πέ-

1087 800 1160 827 τρος.
1179 792 1315 823 «Ποσάκις
1329 791 1483 827 ἁμαρτήσει
1501 792 1540 822 είς
1551 790 1600 826 ἐμὲ
1614 791 1628 816 6
1643 789 1755 824 ἀδελφός
1770 799 1820 826 μου
1834 789 1888 816 καὶ

247 837 406 872 mysterium
426 826 537 864 didicit.
548 838 645 865 Adhuc
660 838 732 874 enim
749 837 900 872 discipulus
919 841 969 865 est.
984 837 1035 865 Us-

1091 826 1185 873 ἀιρήσω
1193 837 1285 873 αὑτῷ;
1301 838 1353 869 ἕως
1361 826 1493 870 ἑπτάκις;
1511 836 1539 872 )[
1560 836 1588 862 'O
1602 835 1631 862 δὲ
1648 836 1750 870 Κύριος
1761 834 1825 870 ἔφη,
1842 835 1885 861 Οὐ

247 891 299 917 que
315 884 439 919 septies?
462 891 477 911 a
495 884 650 919 septenario
666 892 720 911 non
746 885 859 911 recessit
872 884 1035 918 discipulus.

248 929 322 956 Dixit
344 929 498 965 diseipulus
522 930 596 965 quod
625 930 740 958 sciebat.
765 929 874 957 Divitiis
904 929 1036 957 Dominus

247 974 406 1002 abundavit.
422 974 535 1008 Quoties
548 976 683 1011 peccabit,
702 980 730 1003 et
743 975 900 1003 dimittam?
919 982 969 1002 cur
981 983 1036 1002 non

247 1020 327 1053 dixit,
353 1021 452 1053 sexies,
470 1021 516 1048 sed
532 1021 632 1056 septies
645 1021 657 1047 ?
669 1020 725 1048 Cur
736 1028 792 1048 non
814 1021 956 1055 respondit
982 1020 1036 1048 Do-

248 1065 340 1093 minus
353 1086 360 1098 ,
377 1065 486 1093 Centies
508 1066 625 1098 centies,
655 1066 703 1093 sed
722 1066 869 1101 septenarii
894 1073 1038 1093 numerum

249 1111 467 1146 multiplicavit!
486 1119 536 1139 nec
555 1111 653 1139 Petrus
670 1111 744 1139 aliud
769 1111 958 1145 interrogavit,
989 1118 1040 1139 nec

249 1155 381 1183 Dominus
398 1156 525 1184 discessit
541 1164 556 1183 a
576 1157 724 1192 septenarii
748 1157 851 1191 regula.
871 1156 1040 1185 Observave-

249 1204 293 1227 rat
304 1200 404 1229 Petrus
419 1209 452 1229 ex
465 1202 575 1236 antiqua
589 1202 746 1229 traditionis
762 1210 868 1235 norma,
885 1204 1040 1237 septenario

249 1253 364 1274 numero
376 1247 508 1275 contineri
523 1247 671 1282 quamdam
685 1248 739 1274 vim
753 1248 926 1276 remissionis
941 1255 1038 1283 pecca-

250 1296 351 1324 torum,
368 1293 467 1327 quietis
485 1292 621 1327 perfectae,
637 1292 718 1327 cujus
741 1293 874 1320 indicium
894 1294 1036 1321 sabbatum

248 1342 301 1369 est,
316 1337 376 1366 dies
393 1338 527 1373 Septimus
553 1344 568 1364 a
596 1339 690 1366 mundi
707 1339 909 1374 procreatione.
940 1339 1037 1368 Petrus

249 1383 361 1417 septies.
381 1382 511 1410 Dominus
527 1383 685 1418 septuagies
695 1383 807 1418 septies.

1088 883 1159 917 λέγω
1189 892 1230 909 σοι
1258 883 1310 915 ἕως
1335 883 1465 915 ἑπτάκις,
1487 881 1545 908 ἀλλ’
1569 881 1620 913 ἕως
1648 880 1886 916 ἑϐδομηκοντάκις

1089 928 1183 965 ἑπτά.]
1202 929 1296 963 Ὀλίγα
1317 926 1369 955 οἶδε
1391 928 1419 955 τὸ
1435 929 1591 964 μυστήριον.
1608 926 1692 954 Οὖπω
1707 926 1808 961 ἔμαθε·
1828 934 1887 960 μα-

1089 974 1174 1010 θητὴς
1187 975 1240 1010 γὰρ
1254 974 1294 1001 ἑτι
1310 975 1394 1001 ἑστιν.
1407 975 1480 1006 Ἕως
1497 973 1625 1005 ἑπτάκιςς
1640 973 1697 999 Οὑκ
1712 971 1818 1008 ἀπέστη
1832 970 1885 997 τοῦ

1090 1020 1160 1047 ἑπτά
1172 1022 1186 1047 6
1204 1020 1351 1047 διδάσκων·
1370 1018 1446 1047 εἶπεν
1459 1019 1496 1051 ὡς
1512 1019 1570 1055 ᾔδει
1583 1019 1598 1044 6
1615 1018 1749 1059 μαθητής.
1773 1017 1881 1052 ’Υπερ-

1087 1066 1168 1093 έϐαλε
1181 1066 1220 1102 τῷ
1233 1066 1341 1102 πλούτῳ
1353 1066 1521 1100 ὁΔεσπότης.
1533 1064 1652 1096 Ποσάκις
1664 1064 1818 1100 ἁμαρτήσει
1831 1063 1884 1089 καὶ

1088 1113 1203 1148 ἀφήσω;
1218 1113 1267 1139 Διά
1282 1113 1308 1140 τί
1325 1113 1375 1140 οὑκ
1389 1111 1473 1148 εἶπεν,
1485 1112 1557 1144 Ἕως
1573 1111 1677 1144 ἑξάκις,
1691 1111 1707 1146 ἦ
1719 1109 1884 1142 ’Έωςὲκτά-

1089 1167 1142 1190 κις,
1158 1158 1215 1185 ἀλλ’
1229 1159 1302 1190 Ἕως
1321 1158 1453 1191 ἑπτάκις;
1476 1158 1526 1184 Διὰ
1539 1157 1565 1184 τί
1580 1159 1594 1184 ὁ
1610 1157 1712 1193 Κύριος
1734 1158 1784 1183 οὐκ
1802 1155 1884 1184 εἶπεν

1089 1203 1164 1235 Ἕως
1189 1204 1365 1236 ἑκατοντάκις
1392 1204 1499 1236 ἑκατὸν,
1520 1203 1587 1230 ἀλλὰ
1610 1203 1656 1230 τὸν
1678 1203 1749 1230 ἑπτὰ
1762 1203 1884 1239 ἀριθμὸν

1090 1249 1341 1282 ἑπολυπλασίασενς
1369 1249 1436 1276 Οὔτε
1460 1251 1474 1276 6
1498 1250 1601 1286 Πέτρος
1622 1250 1702 1277 ἄλλον
1726 1249 1883 1284 ἠρώτησεν,

1090 1295 1152 1322 οὕτε
1167 1296 1181 1321 6
1201 1295 1301 1331 Κύριος
1320 1295 1399 1330 ἐξέϐη
1421 1294 1468 1321 τοῦ
1487 1295 1598 1327 κανόνος
1621 1294 1665 1321 τοῦ
1690 1294 1882 1330 ἑϐδοματικοῦ.

1091 1341 1285 1376 Παρετήρησεν
1308 1341 1322 1366 6
1340 1341 1443 1376 Πέτρος
1468 1342 1509 1368 ὅτι
1527 1340 1616 1368 κανὼν
1638 1340 1811 1376 παραδόσεως
1833 1340 1884 1374 ἅρ-

1090 1387 1166 1422 χαῖός
1182 1388 1252 1417 ἐστι,
1277 1387 1325 1421 τὴν
1340 1386 1475 1422 ἑϐδομάδα
1491 1386 1608 1422 ἔμφασιν
1630 1387 1702 1422 ἔχειν
1732 1386 1805 1418 τινὸς
1828 1386 1885 1420 ἀφ-

250 1431 335 1463 έσεως
351 1431 566 1466 ἁμαρτημάτων,
581 1431 762 1463 ἀναπαύσεως
773 1432 888 1465 τελείας,
904 1429 934 1459 οὗ
947 1435 1059 1469 σημεῖον
1074 1433 1104 1462 τὸ
1116 1434 1250 1461 σάϐϐατόν
1263 1435 1368 1469 ὲστιν,ἡ
1397 1434 1499 1470 ἑϐδόμη
1523 1435 1612 1470 ἡμέρα
1626 1433 1680 1461 άπὸ
1693 1434 1834 1468 γενέσεως.
1853 1432 1884 1458 ὐ

250 1475 362 1513 Πέτρος,
376 1477 499 1509 ἑπτάκις,
513 1478 527 1503 ὁ
538 1477 639 1512 Κύριος
653 1478 704 1509 ἕως
720 1477 950 1513 ἑϐδομηκοντάκις
962 1479 1043 1506 ἑπτά.

285 1522 419 1549 Caeterum
435 1522 516 1550 etiam
534 1528 644 1556 peccata
664 1522 766 1557 septies
782 1522 944 1557 puniuntur.
961 1522 1036 1550 Non-

1119 1534 1152 1560 Δί
1170 1533 1299 1568 ἁμαρτίαι
1312 1530 1481 1558 ἑκδικοῦνται
1490 1529 1613 1560 ἑπτάκις.
1623 1528 1679 1563 Οὐχ
1693 1527 1788 1561 οὕτως,
1801 1538 1809 1554 ι
1820 1530 1881 1561 Πᾶς

250 1574 285 1594 ne
301 1566 341 1593 sic
365 1568 417 1593 ait:
433 1576 442 1592 ι
469 1561 666 1599 Ωυὶὀεείὰετίι
680 1567 761 1599 Cain,
774 1568 928 1603 septuplum
943 1569 1039 1603 punie-

1091 1557 1277 1611 ὂάποκτείνας
1296 1578 1376 1609 Κάῖν,
1397 1578 1467 1604 ἑπτὰ
1484 1557 1845 1611 ἑκδικούμεναηπαραλύσεη
1866 1585 1878 1602 ι

251 1617 296 1639 tur
307 1612 330 1628 "
342 1612 353 1639 ἲ
367 1621 378 1638 ι
394 1611 487 1647 Neque
499 1612 555 1639 illic
566 1613 707 1648 octuplum
720 1612 800 1644 dixit,
813 1612 861 1640 sed
874 1613 1038 1648 septuplum.

251 1657 322 1690 Quid
337 1657 374 1684 ita
388 1657 399 1684 ?
414 1665 562 1693 parumper
577 1661 717 1693 exspecta,
738 1661 765 1685 et
785 1658 944 1693 mysterium
966 1658 1040 1685 inve-

252 1702 322 1729 nies.
338 1701 461 1728 Primum
484 1705 626 1738 peccatum
643 1701 712 1729 Cain
732 1702 858 1737 septnplo
872 1701 1039 1735 vindicatur,

252 1748 374 1775 Secunda
398 1747 486 1775 caedes
512 1747 629 1775 Lameeh
661 1748 872 1783 septuagecuplo
904 1748 1039 1784 septuplo.

255 1801 265 1818 (
282 1791 349 1818 Nam
392 1793 533 1829 septupla,
565 1801 575 1818 ›
597 1792 695 1827 inquit,
726 1801 736 1818 ι
774 1792 842 1819 ultio
869 1793 980 1820 dabitur
1006 1793 1042 1825 de

251 1837 332 1870 Cain,
348 1838 382 1865 de
397 1837 516 1866 Lanteeh
535 1845 598 1866 vero
613 1839 767 1874 septuagies
782 1838 917 1874 septies".
930 1848 939 1865 ι
949 1839 1042 1875 Itaque

253 1884 277 1911 si
304 1884 418 1919 septima
437 1884 523 1917 ~Petri
556 1884 681 1913 dimissio
704 1885 738 1913 ad
754 1885 822 1913 Cain
844 1885 975 1913 ultionem
1001 1893 1042 1913 re-

255 1929 349 1961 fertur,
386 1931 721 1966 septuagesima-septima
734 1932 929 1959 condemnatio
943 1933 976 1959 ad
993 1931 1043 1959 La-

255 1976 332 2002 mcch
349 1975 479 2002 ultionem
491 1975 632 2006 referetur,
647 1980 675 2002 ut
693 1982 826 2011 quantum
842 1978 972 2005 delictum
990 1982 1042 2011 est,

254 2025 331 2048 tanta
348 2021 384 2048 sit
410 2021 492 2048 etiam
522 2022 620 2056 gratia,
640 2026 668 2049 et
696 2022 742 2049 ubi
760 2031 872 2057 parvum
900 2024 1043 2056 delictum,

255 2074 338 2102 parva
354 2067 452 2094 venia:
481 2076 490 2092 ι
518 2067 561 2094 cui
578 2067 651 2094 enim
677 2075 774 2102 parum
804 2068 919 2101 dimisit,
947 2077 1043 2104 parum

254 2112 338 2140 etiam
359 2116 431 2139 amat
446 2113 466 2139 ¹.
487 2112 537 2140 Ubi
555 2112 704 2140 abundavit
716 2112 856 2146 delictum,
876 2114 1047 2148 superabun-

255 2156 329 2184 davit
345 2161 372 2185 et
388 2157 508 2192 gratia’.
533 2167 543 2183 ι
570 2156 682 2192 Ecquod
712 2165 777 2192 ergo
803 2158 963 2193 mysterium
979 2160 1042 2187 est!

256 2203 370 2237 septima
388 2202 448 2230 dies
465 2202 567 2230 dicitur
585 2206 692 2237 tempus
705 2203 812 2237 judicii,
827 2203 854 2230 in
871 2211 924 2239 quo
937 2196 968 2232 et
983 2213 1046 2240 pec-

255 2252 333 2275 cator
348 2249 449 2283 septies
471 2249 595 2284 punitur,
620 2252 648 2275 et
667 2249 768 2276 eximie
786 2254 916 2284 peccator
933 2243 1044 2286 septua-

256 2294 314 2328 gies
329 2294 453 2329 septies;
477 2295 571 2328 justus
587 2294 705 2329 septies,
726 2299 753 2322 et
775 2295 874 2323 eximie
892 2296 984 2330 justus
1000 2305 1045 2324 se-

256 2340 381 2375 ptuagies
413 2341 515 2375 septies
531 2345 732 2368 remuneratur.
749 2341 795 2368 Dei
824 2341 980 2377 benignitas
996 2351 1044 2378 per

257 2384 402 2420 aenigmata
418 2393 492 2412 nunc
505 2386 616 2421 quidem
630 2386 721 2413 futura
738 2386 818 2414 nobis
833 2388 951 2415 ostendit
961 2397 968 2416 :
980 2393 1045 2417 tunc

257 2435 348 2458 autem
366 2431 426 2466 ipso
452 2436 589 2466 prazsente
619 2433 765 2468 perspicua
780 2437 806 2460 et
832 2433 977 2461 manifesta
993 2434 1046 2461 erit

257 2477 369 2504 veritas.
383 2476 460 2504 Tunc
471 2479 543 2505 enim
560 2479 674 2513 patebit,
685 2480 785 2514 quibus
796 2479 913 2515 quisque
928 2481 1045 2514 praemiis

258 2524 295 2550 sit
308 2524 418 2559 dignus.
436 2524 594 2560 Septuplam
612 2526 695 2561 igitur
709 2526 839 2554 ultionem
855 2526 934 2553 nobis
950 2533 1043 2560 pecea<

258 2569 365 2597 toribus
380 2570 497 2597 debitam
511 2570 645 2599 Dominus
666 2571 842 2603 condonabit,
858 2571 881 2598 si
910 2578 957 2605 per
978 2577 1044 2597 con-

260 2615 407 2644 fessionem
426 2622 453 2643 et
470 2617 659 2651 ptenitentiam
680 2617 724 2644 hic
747 2625 810 2645 eum
836 2616 1044 2651 plaeaverimus.

259 2661 452 2696 Quamobrem,
469 2670 531 2690 cum
554 2663 757 2690 formidandum
787 2663 864 2689 illum
893 2662 964 2689 diem
991 2670 1046 2689 non

260 2707 427 2742 ignoremus,
445 2709 631 2744 ultionemque
655 2709 847 2744 peccatoribus
877 2712 1045 2736 reservatam

1088 1627 1156 1654 Οὺδὲ
1178 1627 1236 1653 ἐκεῖ
1254 1624 1335 1657 ὀκτὼ,
1351 1624 1420 1651 ἀλλὰ
1439 1623 1518 1649 ἑπτά.
1536 1622 1642 1657 Μικρδν
1661 1622 1814 1656 ἀνάμεινον,
1831 1623 1880 1649 καὶ

1089 1671 1214 1708 εὑρήσεις
1224 1670 1254 1696 τὺ
1266 1669 1422 1705 μυστήριον.
1432 1668 1532 1704 Πρώτη
1544 1667 1665 1702 ἁμαρτία
1680 1667 1794 1698 ἑπτάκις
1807 1668 1881 1694 ἑκδι-

1093 1718 1198 1743 κεῖται·
1215 1716 1340 1750 δεύτερος
1364 1715 1442 1750 φόνος
1460 1715 1507 1741 τοῦ
1524 1714 1620 1749 Λάμεχ
1646 1713 1875 1749 ἑϐδομηκοντάκις

1093 1758 1172 1785 ἑπτά.
1190 1757 1271 1791 Λέγει
1281 1756 1351 1792 γὰρ,
1365 1757 1406 1783 ὅτι
1425 1765 1434 1781 ι
1459 1756 1506 1782 Ἐκ
1518 1756 1588 1782 Κάῖν
1605 1754 1773 1789 ἑκδεδὶκηται
1794 1754 1878 1780 ἑτι-τά-

1093 1809 1145 1831 κις,
1172 1801 1205 1826 ἐκ
1228 1799 1256 1825 δὲ
1280 1799 1375 1834 Λάμεχ
1401 1797 1631 1833 ἑϐδομηκοντάκις
1659 1797 1739 1824 ἑπτά.
1763 1805 1773 1822 ›
1795 1796 1826 1822 Ἦ
1847 1796 1876 1821 δὲ

1093 1844 1152 1870 ἑκεί
1165 1842 1261 1876 ἄφεσις
1276 1840 1351 1876 παρὰ
1369 1840 1464 1875 Πέτρῳ
1487 1839 1599 1874 ἑϐδόμη,
1621 1837 1760 1872 άνάγουσα
1775 1838 1807 1872 τῇ
1830 1838 1876 1863 ἑκ-

1095 1885 1201 1918 δικήσει
1215 1883 1262 1909 τοῦ
1283 1883 1364 1915 Κάῖν,
1389 1881 1563 1917 συγχώρησις
1584 1880 1661 1916 παρὰ
1678 1879 1780 1915 Κυρίου
1800 1878 1876 1904 ἑϐδο-

1096 1927 1263 1964 μηκοντάκις
1281 1925 1361 1956 ἑπτὰ,
1373 1925 1411 1956 ὡς
1427 1925 1588 1959 κατάκρισις
1603 1923 1641 1959 τῷ
1653 1923 1747 1959 Λάμεχ
1765 1921 1877 1956 ἑϐδομη-

1094 1971 1221 2002 κοντάκις
1233 1969 1313 1996 ἑπτά.
1323 1969 1405 1995 Ὀσον
1416 1968 1447 1995 τὸ
1455 1968 1642 2003 παράπτωμα,
1652 1966 1777 1993 τοσοῦτον
1791 1965 1836 1992 καὶ
1847 1966 1877 1992 τὸ

1094 2016 1216 2051 χάρισμα
1227 2022 1234 2029 ·
1246 2015 1312 2040 ὅπου
1326 2013 1404 2048 ὀλίγη
1419 2014 1435 2048 ἡ
1451 2011 1584 2047 ἁμαρτία,
1593 2011 1670 2045 ὀλίγη
1685 2011 1732 2037 καὶ
1744 2011 1761 2045 ἡ
1771 2010 1874 2043 ἄφεσις.

1097 2056 1147 2094 «τῼ
1154 2059 1207 2094 γὰρ
1216 2058 1320 2093 ἀφῆκεν
1329 2057 1428 2091 ὀλίγον,
1437 2056 1526 2090 ὀλίγον
1536 2055 1583 2082 καὶ
1592 2055 1686 2090 ἀγαπᾷ
1696 2062 1703 2070 ·
1710 2054 1777 2080 ὅπου
1787 2051 1876 2094 ἑπλεδ-

1095 2093 1176 2130 νασεν
1191 2103 1207 2137 ἡ
1222 2101 1352 2137 ἁμαρτία,
1366 2099 1656 2136 ὑπερεπερίσσευσεν-ὴ
1672 2098 1777 2133 χάρις.»
1791 2096 1822 2122 Τί
1831 2093 1876 2122 οὖν

1096 2147 1154 2173 ἑστι
1169 2146 1200 2172 τὸ
1217 2146 1381 2181 μυστήριονς
1402 2144 1496 2179 Ὀγδόη
1521 2143 1629 2177 λέγεται
1647 2142 1737 2178 ἡμέρα
1752 2142 1766 2167 6
1783 2140 1848 2167 αἰὼν
1863 2142 1876 2166 ὀ

1062 2190 1146 2225 »τῆς
1170 2189 1297 2225 κρίσεως.
1317 2190 1346 2216 ἑν
1370 2185 1392 2222 ᾧ
1415 2189 1430 2215 6
1453 2186 1615 2223 ἁμαρτωλὸς
1637 2185 1761 2216 ἑπτάκις,
1783 2185 1797 2211 ὀ
1818 2183 1875 2210 καθ’

1097 2234 1249 2270 ὑπερϐολὴν
1271 2233 1500 2269 ἑϐδομηκοντάκις
1515 2230 1595 2263 ἑπτὰ,
1613 2230 1827 2265 ἑκδικηϐήσεται.
1849 2228 1876 2254 '0

1097 2279 1200 2310 δίκαιος
1214 2278 1328 2309 ἑπτάκις
1344 2277 1524 2312 τιμηθήσεται
1537 2283 1543 2290 ·
1570 2276 1584 2301 6
1604 2274 1664 2300 καθ’
1680 2271 1829 2306 ὑπερϐολὴν
1841 2270 1876 2297 δί-

1098 2331 1184 2354 καιος,
1201 2320 1430 2356 ἑϐδομηκοντάκις
1446 2320 1524 2346 ἑπτά.
1545 2319 1576 2344 Ἦ
1588 2317 1635 2344 τοῦ
1646 2317 1712 2343 Θεοῦ
1728 2315 1875 2350 φιλανθρω-

1096 2365 1146 2390 πία
1158 2364 1206 2390 νῦν
1223 2363 1271 2398 μὲν
1287 2363 1320 2389 δι’
1343 2361 1512 2396 αἰνιγμάτων
1526 2361 1593 2396 ἡμῖν
1613 2359 1647 2385 τὰ
1664 2358 1793 2394 μέλλοντα
1813 2357 1875 2383 ὑπο-

1097 2406 1202 2440 φαίνει·
1218 2405 1277 2431 τότε
1290 2404 1319 2430 δὲ
1341 2403 1388 2430 ἑπὶ
1402 2403 1451 2438 τῆς
1466 2402 1617 2438 παρουσίας
1632 2400 1749 2435 ἐναργὴς
1771 2399 1816 2425 καὶ
1837 2406 1876 2424 τε·

1095 2439 1255 2483 τρανωμὲνη
1283 2442 1355 2472 ἐστὶν
1377 2446 1393 2480 ὴ
1411 2444 1535 2479 ἀλήθεια.
1556 2441 1644 2475 Δείξει
1663 2442 1717 2476 γὰρ
1742 2440 1784 2472 τίς
1802 2439 1875 2483 τίνων

1098 2482 1173 2516 ἐστὶν
1187 2488 1270 2522 ἄξιος.
1292 2486 1492 2514 Ἐπταπλάσιον
1506 2485 1594 2512 τοίνυν
1611 2485 1677 2519 ἡμῖν
1689 2483 1738 2518 τὴν
1749 2482 1876 2509 ἀντίδοσιν

1098 2530 1321 2567 χρεωστουμὲνην
1335 2530 1391 2560 τοῖς
1409 2527 1579 2563 ἁμαρτωλοῖς
1597 2525 1770 2560 συγχωρήσει
1789 2525 1803 2550 6
1822 2522 1874 2567 Kai-

1101 2566 1169 2609 ριος,
1186 2573 1301 2600 ἐνταῦθα
1316 2571 1360 2598 διὰ
1374 2572 1423 2606 τῆς
1438 2569 1656 2606 ὲξομολογήσεως
1671 2568 1717 2595 καὶ
1738 2566 1875 2609 μετανοίας

1098 2607 1249 2648 ἑξιλεωθεὶς
1264 2614 1327 2650 παρ’
1354 2613 1448 2648 ἡμῶν·
1471 2611 1541 2638 ὥστε
1566 2610 1666 2642 εἰδότες
1690 2609 1738 2644 τὴν
1764 2607 1874 2643 φοϐερὰν

1097 2657 1204 2693 ἐκείνην
1227 2656 1332 2692 ἡμέραν
1364 2654 1413 2690 τὴν
1437 2653 1637 2688 ταμιευομένην
1659 2651 1793 2678 ἀντίδοσιν
1819 2651 1874 2693 Δτοῖς

1096 2691 1345 2735 ἡμαρτηκόσι,ντὴν
1363 2696 1429 2732 πρὸς
1441 2695 1518 2729 ἀξίαν
1531 2695 1585 2721 τῶν
1604 2691 1873 2728 πεπλημμελημένων

294 2766 317 2781 ⁹¹
335 2765 415 2793 Prov.
427 2775 492 2802 xlv,
513 2768 554 2795 ίϐ.
593 2769 616 2786 ’⁸
634 2767 715 2795 llebr.
729 2775 766 2801 ιι,
784 2767 794 2794 l
814 2775 873 2802 sqq.
909 2767 929 2783 ⁸⁷
943 2766 1038 2795 Matth.

1091 2774 1142 2800 .‘lll,
1158 2766 1202 2793 9‘2.
1233 2766 1255 2782 ⁹⁸
1266 2765 1332 2793 Gen.
1346 2772 1370 2791 Iv
1388 2783 1395 2794 .
1412 2763 1455 2790 l5.
1473 2763 1492 2780 "
1511 2763 1577 2792 ibid.
1592 2763 1636 2791 2L
1667 2764 1673 2778 '
1694 2763 1758 2790 Luc.
1776 2771 1822 2796 vn,
1838 2761 1878 2790 47.

263 2799 274 2813 ³
289 2801 366 2831 item.
383 2809 408 2836 ν,
422 2801 467 2829 20.
