1977 3071
95 115 149 143 289

454 113 486 140 IN
504 111 625 143 VERBA,
639 110 827 139 FACIAMUS
848 109 1043 143 ΠΟΜΙΝΕΜ,
1061 109 1150 142 ETC.,
1168 108 1271 136 ORAT.
1286 107 1320 135 ll.

1661 105 1715 133 290

96 171 299 207 ἀντιμέτρησιν,
322 169 502 205 προλαϐόντες
514 169 558 196 διὰ
576 169 625 204 τῆς
644 168 796 204 μετανοίας,
817 169 883 195 ἀνα-

941 167 1084 194 sceleribus
1100 173 1192 193 eorum
1207 167 1411 200 congruentem,
1427 166 1639 194 antevertamus,
1653 158 1717 197 pec;

96 217 222 252 λύσωμεν
239 215 274 242 τὰ
291 216 488 252 ἁμαρτήματα,
506 215 549 242 ἴνα
565 216 622 241 ἐκεῖ
640 215 684 241 τὸν
701 214 883 241 πολυπλασια-

97 262 165 296 σμὸν
179 261 227 296 τῆς
244 260 403 291 ἀντιδόσεως
416 259 462 286 τὸν
484 259 612 286 ἐπίπονον
628 259 800 293 ἐκφύγωμεν.
821 257 882 284 Ἑϐ-

96 307 180 342 δόμην
195 307 283 333 τοίνυν
304 306 389 341 αὐτὴν
405 306 511 340 ἡμέραν
528 299 635 339 ἐκείνης
654 304 704 339 τῆς
722 303 818 338 ὀγδόης
834 303 884 338 τῆς

97 351 253 382 συντελείας
274 351 321 377 τοῦ
338 350 437 382 αἰῶνος
455 350 586 385 εἴπωμεν.
597 359 606 376 t
622 349 674 376 Kal.
685 349 857 376 κατέπαυσεν
869 350 884 376 6

95 397 162 428 Θεὸς
178 396 231 423 ἀπὸ
247 393 300 421 τῶν
309 393 405 429 ἔργων.
419 401 428 418 ι
451 395 548 421 Οὺκέτι
570 395 638 430 ἔργα
660 394 706 420 τοῦ
731 394 833 429 κόσμου
854 395 884 421 ἐν

97 442 190 478 ἐκείνῃ
206 443 239 477 τῇ
260 441 363 477 ἡμέρᾳ,
379 440 469 467 οὐκέτι
483 439 577 474 γάμοι,
593 439 684 466 οὐκέτι
699 439 885 474 συναλλαγμά-

97 496 152 514 των
172 488 327 522 ἐμπορεῖαι,
353 485 484 520 γεωργίαι
505 484 606 516 οὐκέτι,
632 483 700 511 ἀλλὰ
719 485 793 510 πᾶσα
811 485 828 519 ἡ
848 484 884 519 γῆ

97 531 266 566 ἐπτοημένη,
284 531 357 557 πᾶσα
371 531 386 564 ἡ
404 529 491 561 κτίσις
507 529 662 563 ἐναγώνιος,
680 529 760 564 ἱδρὼς
776 530 885 564 ἀπαρα-

99 576 230 611 μύθητος,
246 575 292 602 καὶ
306 576 330 601 οί
345 575 444 601 δίκαιοι
459 574 611 608 ἐναγώνιοι,
622 574 664 606 τίς
677 583 742 600 ποτε
756 574 810 610 ἄρα
822 574 885 611 περὶ

99 621 189 649 αὐτῶν
203 622 219 656 ἡ
234 621 323 656 ψῆφος
347 620 562 656 ἐξενεχθήσεται.
582 621 638 647 Καὶ
664 620 789 655 Ἀϐραὰμ
813 621 886 654 ἀγω-

100 667 188 693 νιάσει
215 667 291 698 τότε,
316 666 366 701 οὐχ
397 666 442 693 ἵνα
477 666 661 701 καταδικασθῇ
693 668 732 697 εἰς
757 666 884 700 γέενναν,

98 712 154 738 ἀλλ’
169 713 197 738 ἐν
213 712 278 748 ποίᾳ
293 711 367 744 τάξει
386 711 440 737 τῶν
455 711 565 737 δικαίων
580 712 743 746 ταχθήσεται
754 720 760 726 “
779 711 886 747 πρώτῃ,

97 757 115 793 ἢ
129 757 252 792 δευτέρα,
270 756 286 791 ἢ
302 756 390 792 τρίτῃ.
413 755 514 791 Κύριος
534 755 563 788 ἐξ
584 754 716 790 οὐρανῶν,
735 755 782 781 καὶ
803 755 827 780 ot
843 754 887 780 οὺ-

99 803 175 838 ρανοὶ
200 802 360 837 ῥήγνυνται,
388 799 501 835 δύναμις
519 800 748 830 ἀποκαλύπτεται,
774 800 848 826 πᾶσα
868 801 885 836 ὴ

98 836 186 878 κτίσις
201 836 345 881 ἔντρομος.
369 845 417 877 Τίς
444 845 560 880 ἄφοϐος;
585 845 645 872 ούδέ
670 845 788 879 ἄγγελοι.
813 846 887 880 Παρ-
902 836 923 863 Β

99 893 221 920 ίστανται
248 891 294 918 καὶ
311 891 387 917 αὐτοὶ
404 891 434 917 οὐ
454 890 532 924 λόγον
553 889 591 926 τῷ
615 889 673 925 Θεῷ
697 890 803 917 δοῦναι·
831 889 887 916 ἀλλ’

100 937 174 972 ὅμως
192 936 209 970 ἡ
231 935 333 967 ἔνδοξος
356 935 499 968 ἐπιφάνεια
530 935 612 960 πᾶσιν
635 933 764 968 ἐμϐάλλει
776 933 886 969 τρόμον.

100 983 159 1008 Οὐκ
181 981 287 1012 ἀκούεις
313 980 358 1007 τοῦ
384 980 496 1006 Ἡσαΐου
529 979 668 1014 λέγοντοςο
697 979 759 1006 Ἐὰν
780 979 889 1016 ἀνοίξῃς

99 1026 146 1053 τὸν
164 1025 285 1061 οὐρανὸν,
310 1025 409 1060 τρόμος
428 1024 541 1059 λήψεται
562 1024 616 1050 ἀπὸ
641 1024 687 1050 σοῦ
710 1024 778 1060 ὅρη;
801 1024 845 1052 Ἐν
872 1021 889 1060 ᾖ

100 1070 222 1098 θάλασσα
243 1069 376 1104 πέπηγεν,
393 1070 421 1096 ὲν
477 1071 493 1104 ἡ
508 1069 595 1100 κτίσις
610 1069 744 1106 σχολάσει,
768 1070 784 1105 ὴ
809 1069 889 1104 φύσις

99 1116 273 1152 νενέκρωται,
292 1114 352 1141 τότε
373 1114 539 1150 ἀρπάςὶνται
555 1115 579 1140 οἱ
595 1114 703 1146 δίκαιοι,
724 1114 784 1141 τότε
798 1115 890 1150 ὄχημα

100 1161 154 1188 τῶν
169 1161 278 1187 δικαίων
294 1160 412 1194 νεφέλαι,
426 1160 485 1186 τότε
496 1159 599 1195 πομποὶ
616 1159 670 1187 τῶν
682 1160 791 1187 δικαίων
806 1160 889 1194 ἀγγε-

99 1206 151 1237 λοι,
165 1206 225 1239 τότε
238 1205 334 1232 δίκαιοι
351 1205 400 1240 μὲν
412 1205 449 1236 ὡς
462 1205 574 1240 ἀστέρες
590 1204 645 1232 ἀπὸ
659 1205 710 1240 γῆς
724 1206 764 1236 εὶς
777 1205 889 1241 οὐρανὸν

100 1251 366 1286 ἀναλειμϐανόμιενοι⁴
387 1251 411 1277 οἱ
431 1250 459 1276 δὲ
474 1250 630 1286 ἁμαρτωλοὶ
649 1249 764 1285 δέσμιοι,
779 1250 818 1285 τῷ
832 1251 889 1286 ίδίῳ

99 1297 181 1332 βάρει
196 1296 248 1323 τῶν
264 1295 467 1331 ἁμαρτημάτων
483 1295 673 1330 πεπεδημένοι,
689 1296 764 1322 κάτω
776 1295 889 1322 πεσοῦν-

102 1350 148 1367 ται
162 1339 370 1375 δυσσυνείδητοι.

933 216 1052 246 cataque
1075 216 1169 239 nostra
1188 209 1374 245 resipiscendo
1403 209 1550 240 diluamus,
1567 212 1596 234 ut
1621 215 1717 242 pennas

935 256 996 284 illas
1007 256 1185 291 gravissimas
1198 256 1342 283 evitemus.
1355 254 1493 289 Septimus
1507 254 1552 281 hic
1567 253 1649 289 igitur
1659 253 1719 280 dics

933 303 1041 338 septimi
1057 303 1130 330 illius
1145 302 1209 338 diei,
1224 308 1279 336 quo
1289 308 1375 327 aevum
1394 307 1473 327 omne
1490 299 1640 334 perlectum
1654 299 1717 329 erit.

933 352 974 374 est
992 348 1124 375 indicium
1139 351 1166 374 et
1182 350 1257 374 nota.
1283 354 1293 370 ι
1309 345 1342 372 Et
1352 344 1481 380 requievit
1492 344 1561 371 Deus
1569 344 1604 370 ab
1628 344 1718 379 operi-

934 393 1015 421 bus.»
1029 394 1103 422 Nulla
1112 395 1227 429 amplius
1240 391 1334 419 mundi
1349 398 1430 425 opera
1462 394 1540 416 erunt
1556 390 1583 416 in
1597 390 1643 416 illo
1658 389 1717 420 dic,

934 439 1015 466 nullae
1030 438 1146 472 amplius
1163 438 1274 472 nuptiae,
1290 444 1344 463 non
1358 439 1528 467 contractus.
1545 443 1599 461 non
1613 443 1719 462 merca-

934 488 1013 516 turae,
1028 492 1082 511 non
1099 483 1155 518 agri
1175 483 1277 514 cultus,
1295 482 1341 510 sed
1373 481 1463 508 omnis
1480 485 1553 508 terra
1582 480 1609 506 in
1627 479 1719 506 formi~

935 531 998 557 dine
1012 534 1038 558 et
1052 533 1136 561 metu,
1159 537 1254 556 onmcs
1277 537 1320 556 res
1336 531 1486 563 procreatae
1512 527 1539 553 in
1565 525 1670 560 judicio
1694 528 1722 552 et

936 575 1087 602 certamine
1103 575 1294 602 versabuntur.
1308 572 1407 605 Sudor,
1428 576 1455 600 et
1474 572 1549 599 labor
1574 569 1721 598 incredibi-

935 621 979 648 lis.
996 619 1048 656 lpsi
1065 621 1148 647 etiam
1165 620 1230 654 justi
1251 627 1312 647 cum
1325 619 1423 646 timore
1443 618 1605 645 sententiam
1622 624 1721 651 exspe-

935 667 1058 694 ctabunt.
1074 666 1130 694 Nec
1146 666 1202 701 ipse
1213 665 1349 692 Abraham
1361 673 1376 692 a
1389 664 1539 692 certamine
1551 663 1649 694 aberit,
1666 670 1722 688 non

936 716 966 738 ut
984 712 1012 738 in
1026 711 1178 746 gehennam
1201 711 1358 745 abjiciatur,
1383 709 1431 738 sed
1461 710 1487 736 in
1504 716 1558 743 quo
1585 708 1722 743 iustorum

936 755 1032 782 ordine
1048 755 1208 787 collocetur,
1224 755 1358 790 primone,
1377 762 1410 781 an
1427 754 1559 786 secundo,
1575 761 1608 779 an
1632 752 1722 779 tertio.

938 799 1069 827 Dominus
1088 808 1103 827 e
1118 801 1207 832 cmlis,
1234 800 1444 835 disrumpuntur
1468 799 1542 826 coeli.
1570 797 1723 825 Poteslatcs

938 851 1079 882 apparent.
1105 847 1246 875 Universae
1274 855 1318 875 res
1346 838 1495 881 procreatae
1519 843 1722 880 perterrefacta:

936 892 1164 920 contremiscunt.
1181 892 1248 925 Quis
1264 900 1318 919 non
1335 891 1449 925 timeat?
1471 891 1533 925 quis
1552 897 1607 916 non
1629 887 1724 915 formi-

937 936 992 968 det,
1010 944 1071 964 cum
1085 945 1119 964 ne
1133 938 1220 972 angeli
1234 937 1343 972 quidem
1359 944 1374 963 a
1402 939 1474 963 metu
1499 935 1555 963 sint
1567 934 1656 965 vacui,
1676 932 1724 960 sed

936 982 989 1018 ipsi
1005 990 1114 1018 quoque
1126 987 1209 1012 stent.
1227 982 1351 1017 quamvis
1370 981 1502 1008 rationem
1519 979 1574 1006 Deo
1591 986 1645 1006 non
1662 977 1726 1005 red-

938 1026 1182 1061 dituri?gloriosa
1209 1031 1300 1054 tamen
1321 1026 1423 1061 judicis
1448 1024 1590 1060 praesentia
1622 1027 1726 1050 metum
1777 1035 1780 1038 -

939 1071 1067 1098 omnibus
1082 1071 1180 1106 injicit.
1198 1071 1294 1098 Nonne
1321 1071 1401 1098 audis
1427 1071 1523 1098 Isaiam
1545 1069 1677 1096 dicentem
1689 1068 1699 1083 ³
1715 1075 1723 1093 :

941 1116 969 1143 Si
981 1117 1134 1152 disruperis
1151 1118 1248 1148 caelos,
1261 1125 1276 1144 ιι
1292 1117 1361 1144 facie
1375 1121 1420 1144 tua
1433 1124 1489 1152 prae
1503 1117 1602 1143 timore
1616 1118 1725 1142 montes

939 1162 1080 1190 detinent?
1097 1163 1170 1190 Mare
1181 1163 1345 1198 conglaciat,
1356 1171 1399 1190 res
1411 1169 1506 1190 omnes
1517 1162 1725 1196 obstupescunt,

939 1212 1037 1234 natura
1056 1212 1098 1235 est
1115 1212 1231 1241 mortua,
1249 1208 1282 1234 ad
1324 1208 1402 1234 illum
1430 1215 1445 1234 c
1471 1207 1551 1234 cmlis
1579 1205 1726 1232 adventum

941 1253 1031 1280 omnis
1052 1253 1161 1280 dicendi
1189 1253 1260 1280 ratio
1285 1256 1373 1288 torpet
1391 1257 1417 1280 et
1449 1251 1621 1279 conticescit.
1649 1250 1727 1278 Tunc

934 1297 1007 1332 'justi
1028 1298 1137 1333 quidem
1155 1303 1185 1326 ut
1197 1299 1282 1326 stellae
1298 1299 1325 1325 in
1340 1299 1440 1326 caelum
1469 1298 1599 1336 tollentur
1611 1304 1626 1323 a
1642 1301 1725 1325 terra.

941 1342 1104 1372 Peccatores
1119 1349 1210 1372 autem
1227 1345 1339 1380 proprio
1354 1348 1528 1380 peccatorum
1545 1342 1665 1378 pondere
1682 1342 1728 1370 de.

101 1386 190 1422 pressi
206 1385 452 1420 circumvolutique
466 1385 594 1412 deorsum
609 1384 743 1419 ferentur,
760 1386 912 1421 turpissimi
931 1396 962 1416 ac
976 1389 1190 1425 despectissimi.

145 1443 250 1479 Ἐκείνη
272 1444 288 1478 ἡ
309 1443 408 1479 ἑϐδόμη
431 1442 518 1470 τοίνυν
540 1444 593 1470 ὑπὸ
614 1444 716 1478 ταύτης
743 1445 792 1480 τῆς
817 1445 891 1471 ἐϐδό-

105 1496 160 1523 μης
186 1473 432 1523 διασχηματίζέται.
461 1496 470 1512 ι
502 1487 554 1514 Καὶ
581 1473 750 1515 κατέπαυσεν
827 1473 926 1520 Θεὸςῦ

104 1532 160 1558 ἀπὸ
189 1530 296 1557 πάντων
317 1531 371 1557 τῶν
398 1530 494 1566 ἔργων.
525 1539 534 1556 ι
567 1531 663 1557 Οὐκέτι
692 1531 726 1558 τὰ
757 1531 803 1558 τοῦ
836 1531 892 1566 βίου

103 1574 199 1602 τούτου
215 1575 244 1601 ἐν
257 1574 348 1610 ἐκείνῃ
359 1575 391 1610 τῇ
409 1574 508 1610 ἡμέρᾳ.
530 1575 728 1610 Ἐκοιμήθησαν
752 1575 893 1611 ἐπιθυμίαι

104 1618 279 1654 νεωτερικαί·
300 1618 389 1644 οὐκέτι
407 1619 472 1653 περὶ
491 1618 580 1652 γάμου
596 1618 722 1654 πρόθεσις
734 1627 741 1634 ·
763 1619 893 1654 ἐπιθυμία

104 1662 276 1694 παιδοποιίας
295 1661 402 1689 ούκέτι’
431 1662 493 1697 περὶ
513 1662 612 1697 χρυσοῦ
639 1663 747 1698 φροντὶς
769 1663 892 1698 οὐδεμία.

111 1705 258 1733 Ἐπελάθου
285 1707 299 1732 6
322 1705 487 1740 φιλάργυρος
513 1704 559 1731 τοῦ
591 1705 744 1740 βαλαντίου,
763 1706 894 1734 ἐπελάθου

104 1749 155 1783 τῆς
168 1750 220 1784 γῆς
234 1750 248 1776 6
262 1749 452 1784 πολυκτήμων,
467 1748 597 1775 ἐπελάθου
616 1749 694 1784 δόξης
708 1749 722 1775 ό
736 1749 893 1785 δοξομανής.

106 1793 198 1820 Πάντα
212 1794 300 1819 ἐκεῖνα
314 1791 414 1827 ἐξέπτη
431 1792 481 1826 τῆς
494 1791 622 1822 διανοίας.
646 1792 678 1818 'H
694 1792 722 1818 δὲ
742 1793 813 1828 ψυχὴ
827 1793 894 1828 πρὸς

107 1834 148 1870 τῷ
163 1835 289 1869 φοϐοῦντί
314 1836 387 1862 ἐστι·
405 1834 474 1870 πρὸς
488 1835 521 1869 τῇ
540 1833 688 1869 προσδοκίᾳ
702 1834 756 1861 τῶν
770 1835 893 1870 ἐπηρτη-

110 1876 198 1911 μένων
223 1877 326 1903 δεινῶν.
353 1876 436 1907 Φόϐος
460 1875 515 1910 γὰρ
537 1875 633 1908 ἐξωθεί
657 1876 747 1902 πᾶσαν
772 1876 892 1911 τὴνιέμ-

109 1918 320 1954 πολιτευομένην
335 1920 395 1951 ταῖς
415 1919 514 1954 ψυχαῖς
536 1919 615 1954 ἡμῶν
637 1919 747 1954 ἐμπαθῆ
764 1919 891 1946 διάνοιαν.

109 1960 199 1988 Ὅπου
217 1960 298 1995 φόϐος
311 1960 388 1993 Θεοῦ,
407 1961 495 1987 πάντα
510 1960 668 1996 ἐξελήλαται
682 1961 716 1987 τὰ
729 1960 776 1988 τοῦ
790 1961 892 1994 πάθους

112 2001 276 2036 σπιλώματα
298 2002 329 2028 ἐκ
340 2001 389 2036 τῆς
403 2001 522 2033 διανοίας
540 2001 631 2037 ἡμῶν.
658 2001 731 2037 Αὕτη
748 2003 764 2036 ὴ
791 2002 892 2038 ἑϐδόμη

107 2043 216 2078 ἐκείνης
228 2043 278 2078 τῆς
292 2043 406 2079 ἑϐδόμης
420 2044 513 2074 τύπος.
534 2043 649 2071 Ἔλαϐεν
663 2042 708 2070 οῦν
722 2045 736 2071 6
752 2044 817 2076 Θεὸς
829 2044 892 2080 χοῦν

107 2085 163 2112 ἀπὸ
189 2085 238 2119 τῆς
262 2085 324 2120 γῆς,
348 2085 395 2111 καὶ
412 2085 529 2111 ἔπλασεν
552 2086 566 2112 6
585 2085 651 2117 Θεὸς
672 2086 718 2112 τὸν
739 2086 891 2122 ἄνθρωπον.

980 1436 1119 1472 Septimus
1136 1438 1219 1472 igitur
1236 1438 1280 1466 ille
1294 1438 1352 1466 dies
1370 1438 1404 1465 ab
1426 1438 1478 1466 hoc
1495 1439 1611 1474 septimo
1635 1437 1727 1465 decla-

944 1488 1030 1511 ratur.
1047 1493 1056 1510 ‹
1079 1484 1112 1510 Ει
1126 1484 1260 1520 requievit
1280 1484 1349 1512 Deus
1364 1484 1409 1511 die
1421 1484 1536 1519 septimo
1550 1484 1583 1511 ab
1598 1483 1727 1511 omnibus

944 1531 1074 1565 operibus
1088 1531 1157 1559 suis.
1178 1541 1187 1557 ι
1207 1531 1272 1564 Qua:
1287 1531 1319 1558 ad
1337 1531 1422 1558 vitam
1442 1531 1512 1558 hanc
1533 1530 1678 1564 pertinent.
1694 1538 1727 1556 eo

944 1576 987 1603 die
1001 1583 1054 1603 non
1067 1582 1158 1604 erunt.
1188 1576 1336 1609 Quiescent
1363 1575 1494 1610 iuvenum
1519 1575 1620 1602 studia.
1649 1574 1727 1602 Nulla

944 1622 996 1649 erit
1011 1621 1045 1649 de
1064 1621 1168 1656 nuptiis
1185 1622 1352 1649 consultatio
1367 1630 1374 1655 ;
1391 1622 1465 1648 nulla
1490 1620 1727 1655 suscipiendorum

945 1666 1092 1693 liberorum
1119 1666 1296 1700 sollicitudo;
1317 1665 1389 1692 nulla
1417 1665 1530 1700 parandi
1553 1664 1613 1691 auri
1639 1670 1727 1696 cura;

945 1711 1058 1743 saeculi,
1073 1714 1101 1738 et
1117 1718 1188 1738 arcae
1201 1718 1300 1738 avarus
1317 1710 1503 1737 obliviscetur.
1528 1708 1588 1736 Non
1612 1707 1728 1743 praedio-

946 1764 1005 1783 rum
1023 1757 1155 1791 locuples,
1174 1763 1228 1784 non
1244 1756 1358 1783 honoris
1373 1761 1399 1783 et
1411 1755 1489 1782 famae
1504 1755 1678 1785 ambitiosus,
1700 1757 1728 1780 et

944 1801 1038 1836 gloriae
1065 1801 1182 1836 cupidus
1210 1800 1406 1828 recordabitur.
1432 1799 1494 1826 Haec
1525 1798 1614 1825 omnia
1633 1798 1728 1832 procul

945 1848 1062 1875 aberunt
1077 1855 1092 1874 a
1105 1847 1208 1874 nostris
1225 1845 1448 1882 cogitationibus.
1460 1845 1575 1872 Animus
1589 1845 1615 1871 iu
1630 1844 1727 1871 timore

945 1892 1110 1919 constitutus
1127 1891 1161 1918 ad
1178 1899 1269 1918 rerum
1282 1890 1484 1918 imminentium
1496 1889 1726 1925 exspectationem

945 1937 1101 1965 excubabit.
1117 1936 1211 1964 Timor
1226 1937 1297 1964 enim
1311 1944 1418 1964 omnem
1433 1937 1512 1963 aliam
1536 1935 1727 1970 cogitationem

945 1984 979 2011 ab
991 1984 1090 2011 animis
1108 1983 1210 2010 nostris
1227 1983 1355 2018 expellet.
1370 1982 1437 2009 Nam
1456 1982 1502 2009 ubi
1522 1981 1568 2008 Dei
1584 1981 1665 2008 timor
1678 1981 1727 2008 ad-

945 2032 997 2061 est,
1009 2029 1090 2056 nulla:
1101 2029 1334 2063 perturbationum
1344 2029 1458 2056 maculae
1472 2032 1591 2056 mentem
1604 2032 1727 2055 nostram

945 2075 1143 2103 contaminant.
1162 2074 1212 2102 llic
1228 2075 1361 2110 septimus
1374 2075 1433 2102 dies
1455 2075 1528 2102 illius
1543 2079 1585 2103 est
1601 2075 1655 2103 diei
1684 2082 1728 2102 se-

109 2126 167 2153 Οὐκ
182 2126 309 2161 ἐτελέσθη
333 2127 350 2162 ἡ
372 2126 561 2162 κοσμογένεια,
576 2127 607 2152 οὑ
621 2127 733 2162 διεκόπη
747 2128 764 2162 ἡ
781 2128 889 2154 ἀκολου-

945 2121 1024 2156 ptimi
1049 2121 1158 2156 signum
1173 2125 1200 2148 et
1216 2125 1290 2148 nota.
1308 2121 1432 2157 Sumpsit
1446 2121 1519 2148 Deus
1548 2121 1687 2156 pulverem
1711 2129 1728 2148 e

110 2167 156 2194 θία
182 2167 226 2194 ἴνα
255 2168 286 2194 τὸ
308 2168 440 2204 ἡμέτερον
467 2168 636 2204 παρεισαχθῇ
666 2168 805 2204 διήγημα,
835 2169 893 2196 ἀλλ’

108 2209 204 2246 ἐλέχθη
217 2219 224 2226 ·
247 2210 388 2245 Ἐποίησεν
408 2211 422 2237 6
437 2210 503 2242 Θεὸς
522 2210 565 2236 τὸν
585 2211 736 2246 ἄνθρωπον,
754 2212 801 2238 καὶ
825 2220 892 2238 κατ-

108 2250 227 2278 έπαυσεν
249 2252 303 2278 ἀπὸ
322 2252 430 2278 πάντων
452 2251 506 2278 τῶν
534 2252 631 2287 ἔργων.
652 2252 706 2279 Καὶ
719 2253 811 2288 ἐπειδὴ
830 2261 893 2288 σχο-

108 2291 157 2327 λὴν
172 2292 267 2327 ῆγαγε,
283 2292 399 2320 διδάσκει
413 2293 551 2328 ἡμᾶςπῶς
566 2294 703 2328 ἐποίησεν.
721 2303 730 2320 t
751 2294 865 2321 Ἔλαϐεν
879 2294 893 2320 ὁ

108 2333 176 2365 Θεὸς
191 2334 253 2369 χοῦν
268 2335 321 2361 ἀπὸ
335 2335 383 2370 τῆς
398 2337 460 2370 γῆς.
480 2345 489 2361 ι
510 2329 594 2362 Ὅταν
607 2335 726 2372 ἀκούσῃς
742 2336 816 2371 χοῦν,
830 2345 893 2364 παι-

108 2375 186 2402 δεύου
210 2376 344 2410 ἀφοϐίαν·
368 2376 518 2413 ἀνθρώπων
539 2376 575 2412 μὴ
589 2377 673 2413 λάϐῃς
687 2379 842 2413 πρόσωπον.
861 2380 894 2406 Τί

109 2418 216 2452 φρονεῖς
231 2417 280 2443 ἐπὶ
294 2417 399 2453 σεαυτῷ
410 2418 497 2453 μέγας
510 2418 595 2446 Ὅταν
608 2419 704 2454 ἓλθωσί
719 2428 759 2446 σοι
771 2419 894 2456 λογισμοὶ

109 2458 207 2493 οἴδημα
215 2456 264 2494 τῆς
272 2459 384 2494 καρδίας
393 2460 439 2486 καὶ
447 2460 602 2495 φλεγμονὴν
611 2461 788 2495 ἐμποιοῦντες
796 2470 802 2477 ·
811 2462 894 2488 εἰσελ-

109 2498 179 2526 θέτω
186 2501 237 2535 σεή
246 2500 396 2536 ὑπόμνησις
403 2501 453 2536 τῆς
459 2502 584 2534 κτίσεως,
592 2501 650 2533 πῶς
656 2502 792 2537 ἐκτίσθης.
798 2513 807 2528 ι
815 2503 894 2530 Ἐλα-

111 2541 158 2568 ϐεν
168 2543 182 2568 6
196 2543 262 2574 Θεὸς
275 2543 339 2578 χοῦν
351 2543 404 2570 ἀπὸ
415 2544 466 2579 τῆς
475 2545 538 2579 γῆς,
552 2545 599 2571 καὶ
610 2544 725 2572 ἔπλασεν
741 2546 755 2572 6
768 2546 833 2577 Θεὸς
849 2546 894 2572 τὸν

109 2585 262 2620 ἄνθρωπον.
278 2596 287 2612 ι
303 2587 372 2614 Πότε
385 2587 498 2614 δύνασαι
509 2588 821 2622 ἐπιλαθέσθαισεαυτοῦ;
833 2590 894 2616 τότε

114 2626 247 2654 ἐπελάθου
263 2627 388 2660 σεαυτοῦ,
404 2629 468 2657 ὅταν
487 2629 667 2666 ἁναχωρήσῃς
679 2631 728 2666 τῆς
741 2631 802 2666 γῆς.
818 2632 850 2658 Εἰ
866 2632 894 2658 δὲ

111 2668 239 2695 οὐδέποτε
251 2669 356 2706 χωρίζῃ
366 2671 414 2705 τῆς
423 2671 485 2706 γῆς,
495 2671 564 2698 ἀλλὰ
573 2672 759 2707 συμπεφυκὼς
768 2671 794 2699 εί
804 2675 838 2709 τῇ
847 2675 892 2709 γῇ,

112 2713 207 2749 βαδίζῃ
225 2714 271 2740 ἐπὶ
284 2715 333 2750 τῆς
350 2715 413 2749 γῆς,
426 2715 590 2752 ἐπαναπαύῃ
602 2717 649 2743 ἐπὶ
659 2718 708 2753 τῆς
722 2718 781 2753 γῆς,
795 2717 893 2755 δικάζῃ

111 2755 158 2782 ἐπὶ
170 2755 220 2791 τῆς
235 2756 285 2791 γῆς
295 2764 302 2771 ·
320 2756 374 2782 πᾶν
386 2756 453 2792 ὅπερ
472 2757 506 2784 ἂν
520 2759 598 2793 ποιῇς
620 2759 674 2785 εἴτε
687 2759 760 2794 μέγα
779 2760 832 2786 είτε
847 2769 893 2795 μι-

146 2812 158 2829 ⁸
173 2812 224 2840 lsa.
237 2820 290 2844 χιιι.
308 2811 350 2839 10.
388 2812 398 2828 ⁸
413 2812 479 2840 Cen.
496 2820 525 2845 υ,
539 2812 566 2839 ‘2.
604 2813 615 2829 '
631 2812 697 2840 ibid.
712 2813 738 2840 7.

945 2171 1028 2199 terra,
1057 2170 1084 2194 et
1111 2167 1240 2194 formavit
1268 2167 1416 2194 hominem.
1449 2167 1508 2194 Non
1533 2171 1576 2194 est
1603 2168 1728 2194 absoluta

945 2214 1040 2242 mundi
1056 2214 1226 2249 procreatio,
1241 2220 1291 2241 nec
1306 2221 1396 2241 rerum
1416 2214 1500 2240 series
1516 2214 1678 2248 interrupta.
1698 2219 1729 2241 ut

944 2261 1064 2287 narratio
1081 2260 1116 2287 de
1130 2260 1210 2288 nobis
1221 2260 1448 2287 introduceretur.
1464 2260 1517 2287 Sed
1547 2260 1649 2287 dictum
1665 2265 1727 2288 est:

944 2305 1019 2333 Fecit
1038 2305 1110 2333 Deus
1126 2305 1275 2338 hominem,
1290 2309 1316 2334 et
1331 2306 1463 2340 requievit
1476 2306 1509 2333 ab
1522 2306 1647 2334 omnibus
1658 2314 1728 2341 ,ορε-

944 2351 1031 2380 ribus.
1041 2351 1128 2386 Atque
1139 2352 1182 2380 his
1193 2352 1334 2387 explicatis
1345 2353 1487 2379 commode
1499 2360 1548 2381 nos
1559 2352 1648 2384 docet,
1660 2361 1728 2388 quo-

944 2398 1024 2425 modo
1039 2397 1175 2426 hominem
1191 2398 1293 2427 fecerit.
1305 2408 1314 2424 ι
1331 2390 1454 2433 Sumpsit
1466 2398 1537 2426 Deus
1549 2399 1698 2434 pulverem,
1714 2409 1724 2424 ι

944 2443 1042 2478 inquit,
1061 2453 1070 2470 ι
1091 2447 1193 2472 eterra
1203 2444 1224 2471 '.
1246 2453 1255 2470 ι
1278 2443 1345 2471 Cum
1371 2443 1508 2478 pulverem
1532 2444 1620 2475 audis,
1651 2444 1726 2471 disce

945 2490 1068 2516 timorem
1092 2489 1240 2516 humanum
1259 2489 1404 2524 deponere.
1429 2488 1468 2516 Ne
1489 2489 1623 2524 suspicias
1639 2489 1726 2516 homi-

944 2542 1008 2560 num
1020 2541 1161 2569 personas.
1181 2534 1236 2561 Cur
1251 2534 1363 2568 spiritus
1385 2534 1481 2562 tollis?
1500 2534 1556 2561 Cur
1567 2535 1600 2562 de
1618 2538 1643 2562 te
1667 2542 1725 2561 ma-

945 2579 1042 2615 gniﬁce
1055 2580 1162 2607 sentis?
1181 2579 1295 2612 Quando
1306 2580 1354 2607 tibi
1369 2580 1550 2615 cogitationes
1571 2580 1724 2611 ‘ncidcrint,

945 2625 1043 2660 quibus
1061 2626 1237 2658 intumescas,
1254 2625 1354 2660 quibus
1376 2625 1564 2658 inllammeris,
1585 2625 1649 2653 illud
1677 2625 1725 2652 tibi

944 2670 971 2697 in
988 2671 1144 2698 memoriam
1160 2678 1267 2704 revoca,
1286 2671 1423 2706 quomodo
1439 2675 1547 2698 creatus
1562 2671 1608 2698 sis.
1624 2679 1633 2695 l
1647 2669 1726 2696 Sum-

943 2715 998 2750 psit
1017 2715 1088 2744 Deus
1100 2716 1238 2751 pulverem
1252 2724 1267 2744 e
1281 2722 1363 2750 terra,
1377 2721 1404 2744 et
1415 2717 1552 2744 hominem
1564 2715 1697 2743 formavit.
1713 2724 1722 2741 I

945 2761 973 2788 Si
982 2769 997 2789 a
1004 2764 1077 2790 terra
1087 2762 1252 2796 discederes,
1261 2761 1331 2791 forte
1339 2762 1503 2790 conditionis
1513 2766 1565 2790 tua:
1577 2768 1670 2796 posses
1676 2760 1724 2788 ob-
