1977 3071
240 128 290 156 29!

857 123 887 151 S.
910 121 1074 150 GREGORII
1095 119 1241 147 NYSSENI

1816 114 1874 142 292

242 183 340 210 livisci.
349 182 425 210 Nunc
433 186 524 209 autem
533 181 568 209 ab
574 188 605 209 ea
614 187 752 216 nunquam
766 179 893 210 discedis.
906 178 952 206 sed
963 186 1024 205 cum

1083 176 1142 212 ιρὺν
1153 176 1198 202 ἐπὶ
1210 175 1258 210 τῆς
1269 174 1329 210 γῆς,
1341 174 1423 208 ὲγγὺς
1433 173 1503 208 ἔχεις
1514 172 1544 199 τδ
1557 173 1705 216 ὑπόμνημα
1714 171 1763 206 τῆς
1772 170 1874 198 ἑαυτοῦ
1903 179 1908 188 κ

240 228 287 256 illa
295 228 457 255 naturaliter
465 227 629 262 conjunctus
642 234 681 254 es.
696 226 798 254 lncedis
809 226 835 252 in
845 229 926 256 terra.
936 224 962 251 in
972 228 1028 251 ter-

241 282 271 301 ra
280 274 463 308 conquiescis,
472 274 499 300 in
507 278 578 300 terra
586 273 686 308 litigas,
694 277 721 299 et
729 271 886 306 negotiaris.
893 270 1028 303 Quamob-

240 326 298 346 rem
314 318 445 353 quidquid
463 319 521 353 agis
538 318 564 344 in
576 322 658 349 terra.
669 318 725 344 sive
734 323 860 352 magnum
873 316 898 342 id
910 316 955 347 sit,
971 315 1027 341 sive

241 371 373 399 parvum.
405 363 518 398 abjectae
546 363 711 390 conditionis
740 366 793 389 tum
821 363 1026 387 monumentum

243 410 336 436 habes.
355 409 576 436 Contumeliosus
591 416 631 440 es,
645 412 671 435 et
687 407 835 435 iracundus
849 416 855 433 :
874 403 946 433 unde
977 405 1026 432 tibi

239 463 273 482 ex
290 461 343 481 tam
359 455 454 481 humili
469 459 542 481 statu
560 454 722 489 indignatio,
734 457 760 481 et
771 450 1028 480 iracundia?Ferre
1044 479 1053 482 ,

243 508 295 526 non
316 504 403 534 putes,
432 499 504 534 quod
521 499 659 534 ignobilis,
685 502 712 526 et
728 498 844 525 obscuro
863 497 925 524 loco
946 501 1027 523 natus

241 553 302 572 esse
315 545 426 577 dicaris,
441 545 638 579 contendisque
655 549 684 571 ut
698 544 731 575 is,
743 545 790 578 qui
804 544 851 570 tibi
866 543 935 570 male
948 542 1026 574 dixit,

240 599 273 618 ex
290 595 315 618 te
333 591 409 626 pejus
429 591 543 618 audiat?
556 591 656 618 Oculos
671 590 783 617 demitte
794 609 801 620 .
820 597 851 616 ac
869 594 969 616 terram
986 588 1027 615 in-

241 640 327 668 tuere,
344 641 372 664 et
386 637 528 664 conlestitn
550 637 588 663 ira
607 640 652 663 tua
666 636 816 664 sedabilur.
829 635 940 662 Terram
955 633 1028 668 aspi-

241 690 283 713 ce.
299 688 325 710 et
340 687 428 709 terum
447 683 504 717 ipse
521 683 561 710 sic
573 683 661 718 cogita
675 691 680 709 :
702 681 849 717 lgnobilem
868 681 912 707 hic
932 688 984 712 me,
1001 683 1027 707 et

239 734 256 754 e
271 735 350 754 servo
366 732 460 754 natum
489 720 645 762 appellavit.
662 726 749 754 Minus
777 727 855 758 dixitI
883 733 964 760 quam
984 725 1026 758 id,

205 779 207 782 ·
241 773 314 806 quod
330 780 374 800 res
388 776 439 800 est.
457 772 550 807 Neque
564 775 635 799 enim
658 780 701 800 me
720 780 735 800 e
757 777 830 799 terra
845 771 965 806 genitum
980 778 1027 797 vo-

240 818 323 848 cavit,
344 817 392 844 sed
409 825 442 844 ex
461 818 580 845 homine.
611 817 720 850 Quanto
749 821 839 844 autem
860 822 948 848 terra,
967 823 1027 851 qua:

241 863 430 894 conculcatur,
448 863 567 890 nobilior
581 868 624 891 est
642 864 733 890 animo
764 862 906 897 prteditus,
933 869 965 888 ac
987 862 1027 888 νίς

241 913 317 936 vens,
331 905 436 931 homo?
453 904 508 940 Ego
520 910 638 932 veterem
651 910 763 931 matrem
780 904 882 938 aspicio
895 910 1027 938 agnosco-

241 959 294 985 que
313 957 423 979 tcrrant.
450 950 540 983 Quare
564 958 617 977 non
637 955 679 977 est
707 950 918 985 ignominiosum
947 954 1028 983 atque

241 1003 330 1032 turpe,
346 1005 360 1024 e
381 1004 461 1023 servo
477 1002 565 1023 ortum
579 1004 650 1028 esse,
666 996 712 1023 sed
729 996 888 1030 praeclarum
903 999 930 1022 et
943 995 1028 1021 hono-

241 1040 358 1072 riiicum,
379 1040 514 1067 hominem
526 1048 587 1067 esse
598 1045 780 1075 procreatum.
794 1039 843 1067 llic
856 1043 946 1067 autent
962 1039 1026 1066 dum

241 1091 318 1121 putat
334 1086 398 1113 mihi
414 1086 607 1113 contumeliam
622 1086 724 1117 dicere,
737 1086 898 1120 imprudens
914 1093 958 1113 me
981 1093 1028 1120 po—

242 1132 296 1160 tius
314 1131 467 1158 honoravit.
487 1131 542 1166 Ego
559 1132 632 1158 enim
656 1136 762 1158 naturae
783 1138 848 1158 meae
872 1138 928 1157 non
952 1131 1029 1166 igna—

240 1186 299 1209 rus,
315 1178 393 1213 plane
411 1178 479 1209 scio,
497 1177 541 1212 qui
558 1177 621 1209 sim.
638 1182 665 1206 et
679 1177 751 1204 unde
767 1177 829 1204 sim.
855 1176 919 1203 "me
946 1176 1029 1211 igitur

241 1224 331 1250 nostri
345 1227 423 1250 ortus
438 1231 453 1250 e
477 1229 548 1250 terra
570 1223 724 1250 recordatio
751 1230 890 1256 nunquam
915 1223 1027 1249 excitari

242 1269 392 1304 sarrireque
409 1269 482 1296 sinat
495 1269 675 1296 iracundiam.
704 1268 812 1295 Rationi
832 1273 904 1295 terra
922 1275 1030 1302 semper

242 1314 384 1349 suppetias
409 1313 487 1345 ferat,
514 1321 628 1347 eamque
655 1320 762 1347 semper
790 1311 1027 1339 comtnonel‘aciat.

240 1357 357 1391 Quando
373 1357 523 1393 cupiditate
537 1358 647 1392 ﬂagras,
662 1361 689 1384 et
708 1365 739 1384 ea
753 1358 909 1384 concitatus
928 1358 1027 1391 curris,

242 1410 291 1437 per
308 1407 410 1430 terram
429 1403 528 1430 curris.
542 1402 638 1436 Cogita
653 1410 772 1436 quonam
788 1402 826 1429 sis
837 1407 1028 1437 perventurus,

243 1448 266 1475 si
283 1453 309 1475 te
327 1448 353 1474 in
367 1452 469 1475 terrain
482 1448 645 1474 tligsolutum
671 1447 704 1474 iri
722 1447 959 1475 consideraveris:
983 1455 1028 1475 re-

244 1493 377 1528 primetur
391 1493 548 1527 cupiditatis
565 1492 640 1520 furor
664 1503 674 1518 ‹
688 1492 773 1519 Terra
791 1501 831 1525 es,
849 1497 876 1520 et
889 1494 915 1520 in
928 1497 1027 1520 terram

243 1539 389 1566 reverteris
401 1539 421 1565 ".
433 1549 442 1565 ι
461 1538 556 1573 Cogita
572 1539 693 1566 membra
718 1540 768 1566 ista
798 1544 855 1572 tua,
882 1548 943 1574 qua:
957 1548 1030 1567 nunc

244 1586 281 1612 ita
295 1585 397 1620 vigent,
418 1585 499 1619 paulo
515 1589 575 1619 post
598 1586 672 1611 nulla
701 1585 770 1612 fore.
792 1585 920 1613 Membris
938 1590 1028 1613 autem

244 1631 391 1665 corruptis.
410 1631 436 1656 in
451 1631 643 1665 pulveremque
659 1632 793 1663 redactis,
810 1633 949 1666 cupiditas
965 1634 1027 1665 ista,

1078 221 1277 252 ταπεινώσεως.
1295 218 1439 254 Ὑϐριστὴς
1459 219 1505 245 καὶ
1520 217 1646 253 θυμώδης
1661 215 1704 249 el;
1721 216 1802 242 πόθεν
1829 225 1874 243 σοι

1077 269 1092 294 ὀ
1104 266 1187 302 θυμός
1198 276 1205 299 ;
1218 267 1250 292 ἐκ
1263 266 1312 300 τῆς
1324 265 1431 297 ἀδοξίας
1443 274 1450 297 ;
1472 264 1502 290 οὐ
1524 263 1659 295 κατεδέξω
1677 262 1793 289 ἀκοῦσαι
1806 262 1875 288 δυσ-

1077 314 1158 348 γενής
1171 321 1177 344 ;
1192 311 1272 343 εὐθὺς
1285 309 1397 342 ἐπέζεαέ
1416 318 1456 336 σοι
1468 310 1482 336 ὁ
1493 309 1593 344 Gaude;
1611 308 1772 343 φιλονεικεῖς
1783 308 1875 334 εἰπεῖν

1077 359 1161 394 χείρω
1175 354 1212 384 ὧν
1229 358 1365 392 ἣκουσαςς
1381 355 1463 382 Κάτω
1487 355 1518 381 τὸ
1539 354 1658 390 βλέμμα,
1670 355 1719 381 καὶ
1733 354 1875 380 πέπαυταί

1079 413 1119 431 σοι
1131 405 1145 430 ὁ
1161 403 1256 439 θυμός.
1274 402 1328 429 Ἰδε
1343 402 1392 437 τὴν
1404 402 1465 436 γῆν,
1489 401 1536 427 καὶ
1557 400 1732 435 ἐνθυμήθητι.
1747 399 1876 434 Δυσγενῆ

1079 458 1112 485 με
1133 446 1193 475 εἷπε
1215 449 1260 474 τὸν
1286 447 1340 474 ἀπὸ
1363 447 1415 481 γῆς
1435 446 1596 481 γενόμενον
1618 445 1727 471 ἔλαττον
1742 443 1820 471 εἶπεν
1841 442 1876 470 οὗ

1078 497 1135 531 εἰμι
1150 495 1204 529 ἐγώ
1215 502 1222 509 ⁶
1236 494 1266 520 οὐ
1280 493 1334 528 γὰρ
1349 490 1426 519 εἶπεν
1439 492 1471 518 ὲκ
1483 492 1531 527 τῆς
1542 492 1604 526 γῆς,
1622 491 1689 518 ἀλλὰ
1702 491 1756 517 ἀπὸ
1769 490 1876 525 ἀνθρώ-

1079 550 1148 568 που·
1178 541 1253 575 πόσῳ
1273 539 1302 566 δὲ
1324 538 1485 573 τιμιώτερος
1512 537 1633 572 ἔμψυχος
1654 535 1796 572 ἄνθρωπος
1819 536 1875 571 γῆς

1079 586 1270 621 πατουμένης;
1292 584 1362 619 Ἐγὼ
1385 584 1413 611 δὲ
1432 584 1482 619 τὴν
1502 583 1618 619 ἀρχαίαν
1639 582 1728 617 βλέπω
1754 582 1874 617 μητέρα,

1076 633 1126 669 τὴν
1151 633 1214 667 γῆν,
1230 631 1300 658 ὥστε
1322 631 1371 666 οὐχ
1390 630 1468 664 ὕϐρις
1491 629 1522 656 τὸ
1545 629 1600 655 ἀπὸ
1621 628 1714 654 δούλου
1731 627 1874 661 γενέσθαι,

1077 678 1145 705 ἀλλὰ
1158 677 1234 713 τιμὴ,
1247 677 1276 704 τὸ
1288 676 1407 712 ἔμψυχον
1419 675 1591 710 γεννηθῆναι.
1610 670 1639 700 '0
1660 674 1688 700 δὲ
1703 673 1822 708 νομίζων
1839 681 1875 708 με

1077 723 1197 761 ὑϐρίζειν
1214 723 1295 759 μέγα,
1308 722 1401 748 ἔλαθεν
1415 719 1436 755 ᾧ
1448 721 1542 756 ὕϐρισε
1561 720 1640 747 πλέον
1653 720 1781 755 τιμήσας.
1800 718 1877 753 Ἐγὼ

1077 769 1131 805 γὰρ
1146 771 1196 805 τῆς
1208 768 1326 804 ἐμαυτοῦ
1341 767 1448 802 φύσεως
1460 767 1510 802 τὴν
1526 766 1630 793 σύνεσιν
1653 765 1731 800 ἔχων,
1752 761 1810 791 οἶδα
1831 764 1877 796 τίς

1077 808 1144 851 εἰμί,
1153 816 1199 842 καὶ
1209 815 1288 841 πόθεν
1300 814 1366 849 εἰμί.
1377 813 1454 840 Οὕτω
1465 813 1495 840 τὸ
1508 813 1561 840 ἀπὺ
1571 813 1622 847 γῆς
1633 811 1786 847 μεμνῆσθαι
1796 812 1874 846 ἡμᾶς

1077 860 1254 896 γεγενῆσθαι,
1275 859 1401 886 οὐδέποτε
1423 859 1557 893 συγχωρεῖ
1584 857 1628 884 τὸν
1648 856 1732 892 θυμὸν
1751 857 1877 891 ἐπαγρυ-

1079 908 1165 934 πνεῖν.
1178 906 1325 940 Σύμμαχος
1340 904 1409 930 ἔστω
1425 904 1463 939 τῷ
1476 902 1599 938 λογισμῴ
1610 903 1626 937 ὴ
1639 903 1674 937 γῆ
1688 902 1730 928 ἀεὶ
1747 902 1876 936 παροῦσα

1078 953 1124 979 καὶ
1134 951 1387 986 ὑπομιμνήσκουσα.
1397 950 1480 976 Ὅταν
1489 949 1556 984 πρὸς
1575 948 1720 982 ἐπιθυμίαν
1733 947 1794 974 τινὰ
1811 947 1878 982 τρεῖ-

1078 1007 1138 1034 χῃς,
1151 996 1315 1032 ἐνθυμήθητι
1327 996 1387 1027 πῶς
1397 995 1518 1030 ἀπέρχῃ·
1535 994 1582 1022 ἐὰν
1598 993 1761 1029 ἐνθυμηθῇς,
1773 993 1812 1032 ὃτι
1824 992 1874 1018 λυ-

1079 1043 1148 1079 θήσῃ
1159 1044 1197 1074 είς
1205 1042 1266 1077 γῆν,
1277 1041 1414 1068 πέπαυται
1425 1042 1442 1074 ἡ
1454 1040 1584 1075 ἐπιθυμία
1593 1039 1643 1074 τῆς
1655 1039 1775 1074 μανίας.ι
1786 1038 1823 1073 Γῆ
1836 1036 1874 1071 εἴ,

1079 1090 1126 1116 καὶ
1136 1089 1175 1121 εἰς
1185 1089 1236 1124 γῆν
1245 1087 1390 1123 ἀπελεύσῃ.
1399 1097 1408 1114 ι
1417 1086 1560 1122 Μνήσθητι
1568 1086 1608 1112 ὃτι
1621 1087 1678 1121 μετ’
1689 1085 1776 1118 ὀλίγον
1785 1083 1876 1110 ταῦτα

1079 1134 1113 1160 τὰ
1131 1134 1178 1160 νῦν
1200 1133 1335 1169 σφύζοντα
1349 1133 1428 1168 μέλη,
1451 1131 1467 1167 ἢ
1487 1130 1505 1167 ἧ
1520 1131 1567 1158 νῦν
1583 1131 1633 1166 τῆς
1659 1130 1759 1166 σαρκὸς
1778 1129 1877 1156 ἐπιου-

1081 1180 1140 1215 μία,
1160 1180 1217 1215 μετ’
1234 1179 1323 1214 ὀλίγον
1340 1174 1494 1212 οὑκξὲοται,
1513 1177 1567 1204 τῶν
1585 1177 1673 1212 μελῶν
1695 1176 1878 1203 διαλυθέντων

1079 1226 1126 1252 καὶ
1152 1227 1192 1257 είς
1218 1226 1269 1260 γῆν
1291 1225 1486 1252 ἀναλυθέντων.
1516 1223 1657 1259 Μνὴσοητι
1682 1223 1732 1257 τῆς
1756 1222 1876 1256 φύσεως,

1079 1271 1127 1296 καὶ
1153 1270 1261 1296 λέλυται
1285 1270 1360 1297 πᾶσα
1378 1270 1451 1305 ὁρμὴ
1476 1270 1492 1305 ἡ
1519 1269 1565 1296 ἐπὶ
1586 1269 1615 1295 τὺ
1645 1268 1773 1303 πονηρόν.
1790 1266 1880 1294 Τοῦτο

1081 1317 1127 1343 ἐπὶ
1141 1316 1230 1352 πάσης
1243 1317 1378 1351 ἁμαρτίας
1395 1316 1577 1351 φυλακτήριον
1593 1315 1658 1351 ἡμῖν
1682 1314 1751 1341 ἔστω
1764 1314 1796 1340 τὺ
1811 1314 1880 1340 ὑπό-

1081 1372 1184 1398 μνημα.
1197 1362 1350 1388 «Ἐπλασεν
1367 1363 1380 1388 ὁ
1390 1362 1454 1393 Θεὸς
1463 1362 1508 1388 τὸν
1519 1361 1668 1396 ἄνθρωπον,
1681 1360 1744 1395 χοῦν
1759 1360 1813 1386 ἀπὸ
1828 1361 1879 1395 τῆς

1079 1409 1130 1443 γῆς
1150 1407 1248 1434 λαϐὼν.
1270 1407 1398 1442 »Καλὴὴ
1420 1407 1592 1438 ταπείνωσις,
1614 1406 1734 1441 συμφυὲς
1757 1406 1786 1433 τὺ
1811 1406 1880 1432 ὑπό-

1082 1462 1189 1489 μνημα.
1210 1454 1241 1480 Et
1262 1451 1348 1484 εἶπεν,
1367 1452 1504 1479 Ἐπλασεν
1530 1453 1544 1478 ὁ
1568 1451 1633 1483 Θεδς
1656 1452 1701 1478 τὸν
1724 1451 1879 1486 ἄνθρωπον,

1082 1499 1129 1525 ἀπ’
1159 1497 1273 1533 οὐρανοῦ
1299 1497 1399 1530 λαϐὼν,
1428 1498 1492 1524 πότε
1520 1497 1669 1533 ἐϐλέπομεν
1696 1498 1810 1529 ἐκεῖνον,
1834 1497 1879 1522 ἵνα

1085 1544 1302 1579 ὑπομνησοῶμεν
1327 1544 1376 1578 τῆς
1402 1543 1529 1578 φύσεως;
1556 1544 1605 1570 Ἐκ
1637 1544 1690 1570 τῶν
1725 1543 1879 1578 προχείρων

1084 1590 1216 1626 πάρεστιν
1228 1591 1294 1625 ἡμῖν
1307 1590 1338 1616 τὸ
1353 1590 1502 1624 ὑπόμνημα
1517 1589 1567 1624 τῆς
1579 1589 1716 1624 ἡμετέρας
1730 1587 1879 1620 οὐδενείας,

1082 1634 1111 1667 ἐξ
1129 1631 1166 1661 ὧν
1181 1634 1328 1669 πατοῦμεν.

244 1683 298 1710 qua
317 1683 390 1713 nunc
406 1675 590 1705 inilammaris.
612 1683 666 1702 non
693 1677 746 1703 erit
766 1677 892 1712 amplius.
913 1677 1023 1705 Natura:
1047 1683 1100 1705 tua:
1125 1680 1313 1711 reminiscere,
1341 1684 1367 1707 et
1393 1680 1483 1707 omnis
1510 1680 1541 1706 ad
1571 1679 1739 1714 peccandum
1763 1679 1878 1714 impetus

245 1722 436 1758 perfringatur.
461 1720 522 1747 Haec
545 1721 677 1755 cogitatio
697 1723 731 1749 ab
749 1723 823 1749 omni
849 1727 962 1757 peccato
984 1730 1034 1751 nos
1060 1727 1165 1756 avocet,
1189 1729 1271 1759 atque
1295 1724 1441 1751 deterreat.
1463 1733 1472 1750 ι
1490 1723 1722 1751 Formavit~Dcus
1741 1723 1878 1751 hominem

245 1768 278 1795 de
293 1768 357 1794 limo
381 1771 468 1794 terrae.
493 1776 502 1792 ι
531 1766 650 1794 Honesta
673 1768 833 1800 submissio,
852 1769 1032 1795 commonitio
1055 1769 1200 1800 naturalis,
1227 1770 1250 1796 si
1272 1770 1402 1803 dixisset,
1430 1769 1570 1796 Fortnavit
1590 1768 1662 1796 Deus
1682 1768 1829 1798 hominem.
1845 1777 1879 1796 ex

245 1813 316 1842 coelo
336 1813 475 1840 materiam
494 1820 617 1844 sumens,
639 1813 781 1848 ecquando
799 1813 899 1840 coelum
918 1814 983 1840 illud
1003 1814 1180 1848 vidissemus,
1198 1820 1228 1842 ut
1252 1821 1360 1843 natura:
1378 1815 1600 1850 conditionisque
1621 1819 1722 1842 nostra:
1737 1821 1879 1849 possemus

245 1858 406 1886 admoneri?
421 1857 539 1893 Abjectaa
554 1858 637 1885 sortis
651 1862 752 1886 nostra
765 1862 971 1885 monumentum
989 1858 1015 1885 in
1031 1864 1158 1895 promptu
1173 1865 1215 1888 cst
1227 1869 1260 1887 ex
1278 1860 1312 1888 iis
1325 1868 1385 1895 quae
1399 1861 1549 1888 calcamus.

281 1906 392 1933 Terram
414 1905 517 1939 aspice,
529 1910 610 1940 teque
628 1914 662 1932 ex
682 1906 778 1932 humili
820 1909 1032 1941 contemptaque

246 1951 320 1978 illius
333 1950 445 1977 materia
464 1958 550 1985 genus
566 1951 677 1978 duxisse
693 1951 850 1978 recordare.
866 1951 935 1983 Quid
952 1951 1034 1986 igitur

246 1996 326 2023 nobis
339 1995 441 2022 vilius?
460 1996 524 2029 quid
541 1996 695 2030 abjectius?
712 1995 783 2028 Quid
802 1997 888 2031 magis
907 1997 1036 2024 convenit

246 2042 342 2074 nobis,
360 2049 440 2076 quam
458 2046 487 2067 ut
503 2048 553 2068 nos
569 2041 705 2069 submisse
723 2049 850 2076 geramus
863 2062 870 2074 ,
886 2047 912 2069 et
927 2050 976 2077 pro
992 2042 1035 2069 ni-

248 2089 304 2116 hilo
321 2087 470 2123 putcmus?
488 2086 583 2114 Vidisti
599 2087 751 2122 supcrbum‘
762 2087 880 2122 aliquem
891 2109 897 2120 ,
916 2095 942 2115 et
958 2096 1035 2115 arro-

1119 1909 1293 1936 Κατάνευσον
1320 1909 1366 1935 ἐπὶ
1392 1907 1441 1944 τὴν
1473 1908 1525 1943 γῆν
1539 1929 1546 1941 ,
1581 1907 1746 1943 κατανόησον
1776 1910 1817 1937 ὅτι
1847 1910 1879 1934 ἐκ

1085 1952 1131 1979 τοῦ
1161 1953 1306 1988 συγγενοῦς
1329 1953 1379 1989 τῆς
1404 1954 1455 1989 γῆς
1485 1953 1531 1980 τοῦ
1562 1954 1714 1988 ἀποϐλήτου
1751 1954 1782 1980 σὺ
1809 1954 1878 1981 ἀπε-

1087 1999 1237 2035 μορφώθης.
1287 2000 1319 2026 Τί
1362 1999 1440 2035 ήμῶν
1486 2000 1804 2036 εὐκαταφρονητότερον;
1846 2000 1879 2027 Τί

1086 2045 1163 2079 ἡμῶν
1187 2045 1286 2080 μᾶλλον
1307 2045 1381 2077 ἄξιον
1406 2045 1453 2072 τοῦ
1481 2046 1626 2077 ὲξουδενεῖν
1655 2045 1784 2078 Ean-roth;
1802 2044 1876 2078 Εἷδές

1087 2100 1146 2118 τινα
1163 2091 1233 2126 μέγα
1250 2091 1416 2125 φρονοῦντας
1434 2091 1534 2126 ἐσθῆτα
1556 2091 1666 2127 ἀνθινὴν
1685 2091 1878 2127 περιϐεϐλημέ-

248 2138 356 2169 gantcnt
366 2154 372 2166 ,
388 2133 470 2161 variis
484 2132 607 2160 indutum
625 2133 806 2165 restituentis,
819 2137 846 2160 et
861 2134 1031 2168 splendidum

1087 2146 1150 2170 vov;
1173 2137 1307 2172 δακτυλίῳ
1330 2137 1378 2173 τὴν
1396 2139 1474 2173 χεῖρα
1499 2137 1752 2173 περιλαμπόμενον;
1769 2137 1878 2172 σφενδό-

248 2181 377 2208 annulum
394 2188 456 2208 cum
482 2179 598 2214 pretiosa
625 2179 684 2214 pala
709 2183 860 2214 gestantem
886 2180 912 2206 in
930 2179 1033 2214 digito,

247 2231 328 2262 atque
341 2230 520 2257 ostentantem
530 2246 538 2259 ,
548 2233 695 2260 serumque
708 2224 760 2252 iiiis
773 2225 903 2252 amictum
914 2246 920 2258 ,
934 2234 966 2253 ac
978 2233 1036 2253 ser-

247 2273 290 2301 vis
312 2274 457 2307 stipatnm,
480 2279 559 2298 coma
580 2271 718 2303 demissa,
740 2271 827 2305 llava,
857 2271 1035 2307 studioseque

248 2324 371 2354 compta,
391 2319 535 2353 torquibus
549 2318 641 2345 auri-is
655 2323 832 2350 exornatum,
848 2322 875 2346 et
893 2319 968 2346 sellis
991 2327 1036 2346 ar-

248 2365 353 2400 genteis
371 2364 534 2391 insidentem
551 2364 703 2399 superbcve
719 2364 909 2396 incedentem,
927 2365 1035 2400 magni—

249 2412 300 2438 ﬁce
317 2411 350 2438 de
368 2418 398 2438 se
414 2411 596 2442 sentientem,
613 2411 755 2446 magniﬁce
770 2419 799 2438 se
813 2411 985 2446 jac-titantem
1001 2411 1036 2439 ob

249 2465 390 2486 servorum
403 2456 629 2492 adulatorumqtte
645 2457 864 2490 multitudinem,
880 2466 947 2493 quos
962 2466 1037 2485 surn-

249 2504 357 2539 ptuosis
370 2503 473 2530 mensis
497 2503 581 2530 allicit
595 2524 602 2536 ,
621 2504 655 2531 ob
678 2504 873 2536 salutationes,
902 2512 971 2539 quas
997 2503 1037 2531 illi

253 2557 350 2577 omnes
368 2549 397 2576 in
414 2548 503 2576 forum
520 2548 655 2581 afferunt,
681 2550 745 2577 dum
767 2550 792 2577 ei
814 2558 876 2577 curn
894 2550 1037 2578 lictoribus

251 2595 406 2623 advenienti
426 2599 474 2622 aut
489 2602 504 2622 e
521 2595 660 2624 subselliis
680 2601 845 2631 assurgunt,
864 2600 910 2623 aut
927 2596 1036 2623 obviam

251 2641 413 2676 procedunt,
425 2645 472 2668 aut
483 2649 544 2668 eum
557 2641 712 2676 deducunt,
724 2643 912 2670 reducuntve?
923 2642 1038 2675 Quando

251 2689 389 2724 principes
403 2690 470 2717 istos
484 2689 623 2723 aspexeris
636 2698 697 2716 cum
713 2697 811 2724 magna
825 2689 958 2725 prmconis
973 2697 1039 2717 voce

253 2735 428 2770 prodeuntes,
449 2735 558 2769 quando
573 2735 674 2762 videris
688 2743 736 2762 eos
751 2734 815 2762 huic
831 2740 962 2763 terrorem
976 2736 1039 2770 inji-

252 2781 373 2813 cieutes,
388 2781 464 2807 illum
480 2781 614 2809 caedentes
630 2781 784 2817 indignatos
796 2802 803 2813 ,
818 2781 899 2809 alium
917 2782 1037 2817 proscri-

288 2837 298 2852 ‘
311 2836 378 2864 Gen.
399 2844 439 2869 tu,
458 2837 500 2863 l9.

1089 2192 1136 2218 νην
1153 2183 1201 2218 τὴν
1220 2183 1273 2210 τῶν
1287 2183 1441 2218 πολυτίμων
1465 2183 1598 2219 φέροντα,
1621 2183 1667 2209 καὶ
1695 2183 1782 2219 ταύτῃ
1807 2184 1877 2218 μέγα

1089 2229 1254 2265 φρονοῦντα;
1273 2230 1392 2265 σηρικῶν
1411 2229 1528 2265 νήμασιν
1548 2229 1753 2264 ἠμφιεσμένον;
1771 2229 1877 2261 οἰκέτας

1089 2275 1199 2311 ἔχοντα;
1211 2276 1297 2312 κόμας
1309 2276 1454 2312 ἀνειμένας
1469 2276 1515 2302 καὶ
1526 2275 1626 2307 ταύτας
1637 2274 1744 2308 ξανθὰς,
1758 2276 1805 2302 καὶ
1819 2276 1878 2302 ἐπι-

1088 2321 1237 2357 τηδεύμασι
1247 2321 1392 2353 σοϐοῦνται
1405 2321 1539 2356 μανιάκας
1550 2320 1667 2356 χρυσοῦς
1679 2330 1711 2348 πε
1717 2322 1877 2356 ριφέροντας

1090 2368 1132 2394 ἐπ’
1144 2368 1265 2403 ἀργυρᾶς
1278 2368 1411 2403 καθέδρας
1427 2367 1606 2402 καθεζόμενον
1620 2375 1626 2399 ;
1644 2367 1713 2402 μέγα
1723 2367 1876 2402 βαδίζοντα;

1091 2414 1162 2448 μέγα
1180 2414 1376 2450 φθεγγόμενον;
1397 2414 1468 2448 μέγα
1484 2414 1633 2449 φρονοῦντα
1656 2415 1702 2440 ἐπὶ
1722 2414 1760 2449 τῷ
1782 2414 1877 2448 πλήθει

1089 2460 1142 2487 τῶν
1157 2459 1281 2492 οἰκετῶν,
1295 2459 1349 2486 τῶν
1372 2460 1494 2487 κολάκων
1515 2459 1561 2491 οὓς
1584 2460 1769 2495 ὲπισὺρονται,
1787 2460 1832 2486 ἐπὶ
1843 2460 1877 2494 τῇ

1089 2505 1212 2542 τραπέζῃ
1280 2505 1431 2538 πολυτελεῖ,
1446 2504 1492 2532 ἐπὶ
1508 2507 1564 2537 τοῖς
1579 2506 1734 2541 ἀσπασμοῖς
1757 2502 1796 2537 οἷς
1811 2505 1878 2531 πάν-

1089 2559 1135 2583 τες
1148 2550 1222 2586 αὑτῷ
1233 2551 1399 2586 προσάγουσι
1416 2550 1480 2585 περὶ
1498 2550 1547 2585 τὴν
1561 2550 1666 2586 ἀγορὰν
1697 2551 1722 2577 ot
1740 2550 1878 2582 ἐξανιστά-

1092 2606 1167 2633 μενοι
1180 2598 1234 2624 τῶν
1250 2596 1367 2632 βάθρων,
1387 2596 1411 2622 οἱ
1433 2596 1673 2632 προαπαντῶντες,
1691 2597 1715 2623 οἰ
1733 2595 1878 2632 παραπέμ-

1091 2653 1206 2676 ποντες,
1231 2645 1256 2670 οἱ
1286 2642 1448 2679 ραδδοῦχοι;
1467 2643 1550 2669 Ὅταν
1575 2643 1632 2679 ἴδῃς
1662 2643 1725 2673 τοὺς
1749 2641 1878 2678 ἄρχοντας

1090 2691 1202 2722 τούτους
1217 2690 1280 2720 τοὺς
1299 2689 1345 2715 ἐπὶ
1369 2690 1470 2724 κήρυκι
1486 2689 1573 2723 ὑψηλῇ
1589 2689 1622 2723 τῇ
1636 2689 1710 2723 φωνῇ
1728 2686 1878 2723 προαγομέ-

1091 2744 1167 2768 νους·
1183 2736 1245 2762 ὅταν
1260 2734 1316 2771 ἴδῃς
1329 2734 1426 2765 αὐτοὺς
1438 2733 1586 2768 φοϐοῦντας
1602 2733 1647 2760 τὸν
1667 2733 1750 2765 δεῖνα,
1772 2732 1818 2758 καὶ
1835 2732 1878 2758 τὸν

1092 2782 1165 2808 δεῖνα
1180 2780 1304 2812 ξέοντας,
1327 2778 1405 2806 ἄλλον
1428 2779 1604 2814 δημεύοντας,
1627 2779 1752 2806 κάκεῖνον
1773 2777 1878 2813 θανάτῳ
