1977 3071
100 130 151 162 295

468 128 501 156 IN
520 128 645 163 νΕιιΒΑ,
666 127 856 156 FACIAMUS
878 126 1075 159 llOMINEH,
1094 126 1181 158 ETC.,
1203 125 1305 154 ORAT.
1327 126 1359 153 II.

1675 127 1727 156 294

99 188 307 225 παραδιδόντας·
325 187 362 223 μὴ
373 187 494 223 φοϐηθῇς
514 187 548 214 τὰ
569 186 705 222 ὁρώμενα,
720 187 886 222 μὴ’πτοηθῇς

944 186 1039 214 bentes
1050 206 1057 218 ,
1075 185 1157 212 alium
1175 185 1262 220 capite
1277 185 1439 218 multantes,
1457 189 1486 212 tu
1502 192 1534 213 ea
1549 194 1583 214 ne
1597 185 1727 215 formida-

99 236 145 261 ἐπὶ
168 236 224 266 τοῖς
247 233 410 269 γινομένοις,
434 233 479 260 τὸν
501 234 590 265 αὐτοῖς
617 233 830 268 προστάσσοντα,
851 232 888 268 μὴ

99 278 190 315 ξενίσῃ
212 287 241 305 σε
264 279 280 313 ἡ
305 277 450 312 φαντασία.
475 277 657 313 Ἐνθυμήθητι
679 278 719 304 ὅτι
740 277 856 303 ἔπλασεν
876 278 890 304 6

98 324 164 356 Θεὸς
176 325 222 350 τὸν
238 323 380 359 ἄνθρωπον
393 323 457 358 χοῦν
471 323 524 349 ἀπὸ
534 323 584 357 τῆς
598 323 659 358 γῆς.
675 323 705 349 Et
724 323 772 358 μὲν
788 322 851 349 ἄλλο
863 323 889 349 τί

99 371 167 400 ἐστι,
185 369 318 404 φοϐήθητι
330 377 337 384 ·
355 368 421 395 εἰδὲ
438 368 502 404 χοῦς
524 368 579 394 ἀπὸ
596 368 646 402 τῆς
666 368 727 403 γῆς,
751 367 888 403 καταφρό-

78 422 84 424 '
98 422 190 448 νησον.
205 423 213 438 ι
226 414 280 439 Καὶ
292 413 408 439 ἔπλασεν
420 413 434 439 ὁ
445 412 734 447 Θεδςτδνᾶνθρωπον.»
746 412 801 438 Οὐκ
810 412 890 444 εὐθὺς

99 458 206 493 ἡφωνὴ
221 458 278 488 τοῦ.
296 459 421 490 ἔπλασε,
435 459 561 494 τεχνικήν
585 467 645 485 τινα
668 458 714 484 τοῦ
736 458 803 485 Θεοῦ
826 458 890 494 περὶ

97 504 143 530 τὸν
160 504 302 538 ἄνθρωπον
318 503 456 540 ἐνέργειαν
471 504 534 538 ἡμῖν
543 503 692 539 ὑποφαίνει.
708 504 858 531 ιἘπλασεν
875 504 889 530 ὀ

97 550 173 581 Θεός.
185 563 193 579 ι
206 546 275 582 ’Λρα
285 548 368 581 οὕτως
381 549 495 578 ἔπλασεν
504 551 542 582 ὼς
550 551 585 577 οἱ.
596 550 630 577 τὰ
644 550 742 585 πήλινα
754 550 888 577 πλάσσον-

97 605 142 628 τες
156 604 163 628 ;
179 596 217 627 ὡς
229 597 253 622 ot
266 596 310 622 τὸν
323 595 422 631 χαλκὸν
434 595 597 630 χωνεύοντες
612 604 620 629 ;
641 595 720 622 Ἀλλὰ
734 596 889 631 ἀνδριάντος

99 641 149 676 μὲν
166 642 272 673 πλάσις,
289 641 335 668 καὶ
357 641 443 676 γύψου
464 641 616 673 διάπλασις,
635 642 716 677 μέχρι
731 641 889 676 ἐπιφανείας

97 686 146 722 τὴν
161 688 276 722 μίμησιν
296 687 362 722 ἔχει.
379 686 456 719 Εἶδες
486 686 531 713 τὸν
551 687 697 722 ἀνδριάντα.
715 687 773 718 πῶς
790 686 888 720 ἕστηκε

99 733 167 768 μετά
180 741 251 764 τινος
265 733 355 768 ἤθους.
369 734 403 759 Ἣ
416 732 500 768 θυμὸν
512 733 636 768 ἐμφαίνει
657 733 670 758 ό
688 731 734 758 τοῦ
757 731 887 767 στρατιώ-

97 787 144 804 του
163 778 282 813 ἀνδριὰς,
303 778 319 814 ἢ
347 778 503 813 γυναικείαν
528 777 646 804 διάθεσιν
669 778 682 803 ὁ
701 777 809 812 χαλκὸς,
824 777 888 803 ὅταν

96 825 136 856 είς
152 826 267 859 γυναῖκα
284 825 466 860 σχηματισθῇ,
492 824 539 851 εἴτ’
564 824 636 856 ἄλλο,
663 824 725 850 ὅσον
744 823 854 850 δύναται
871 823 887 858 ὴ

944 232 1033 264 veris,
1050 239 1119 259 neve
1143 231 1204 258 illos
1221 231 1268 265 qui
1288 238 1333 258 t'es
1353 231 1487 265 ejusmodi
1509 231 1623 266 jubeant
1642 233 1727 262 fueris

942 277 1102 304 admiratus.
1118 276 1157 304 Ne
1173 280 1199 303 te
1214 276 1306 311 opinio
1320 276 1404 303 fallat.
1417 276 1550 305 Memento
1563 277 1648 306 Deum
1663 286 1728 306 con-

941 321 1022 349 ﬂasse
1045 321 1183 348 hominem
1204 329 1219 349 e
1242 321 1307 348 limo
1331 325 1420 348 terrae.
1446 321 1474 349 Si
1496 322 1561 356 quid
1579 323 1651 349 aliud
1668 329 1726 355 est,

941 368 1107 404 extimesce,
1133 369 1177 395 sin
1195 371 1274 395 terra:
1291 366 1380 401 pulvis
1393 386 1400 399 ,
1417 374 1573 402 aspernare.
1589 377 1598 393 ι
1614 368 1646 394 Ει
1670 369 1728 395 for-

941 413 1024 440 tnavit
1051 413 1120 440 Deus
1144 412 1294 439 hominem.
1312 420 1321 436 ›
1336 411 1374 438 Ea
1399 406 1643 444 vox,rFormavit,
1673 421 1727 440 tton

940 459 1064 494 protinus
1090 459 1118 485 itt
1144 459 1255 486 homine
1280 459 1404 486 faciendo
1430 459 1551 486 declarat
1582 459 1727 486 artificium

940 504 997 532 Dei.
1021 504 1147 540 Nunquid
1170 504 1296 532 formavit
1313 505 1449 532 hominem
1467 504 1695 540 quemadmodum
1713 512 1729 532 ο

939 549 996 576 Iulo
1011 550 1085 585 figuli
1100 550 1203 584 aliquid
1218 550 1350 585 elliugunt
1361 571 1368 583 ,
1389 555 1435 577 aut
1452 550 1678 586 quemadmodum
1695 558 1728 577 cx

939 602 992 622 tere
1005 595 1125 622 conﬂant
1145 596 1248 631 aliquid
1271 597 1421 623 statuarii?
1439 596 1548 623 Minime
1563 604 1638 624 vero.
1659 595 1727 622 l\am

940 643 1030 667 statua
1049 640 1157 674 quidem
1179 640 1352 668 extrinsecus
1374 645 1480 668 tantum
1497 641 1616 676 speciem
1634 649 1666 667 ac
1689 643 1726 668 si-

939 685 1120 712 militudinem
1137 686 1254 721 prtefert.
1275 686 1388 720 Vidisti,
1417 689 1552 722 quomodo
1568 692 1658 713 statua
1673 694 1729 713 tuo.

940 738 986 758 res
1002 731 1109 765 aliquos
1125 732 1277 766 exprimat,
1293 734 1408 768 exempli
1425 735 1509 768 gratia
1527 734 1568 760 vel
1582 734 1651 760 irattt
1662 754 1669 765 ,
1684 734 1727 760 itt-

939 777 1197 812 dignationemque,
1214 778 1236 805 si
1261 778 1361 806 referat
1378 780 1587 814 imperatorem,
1605 780 1646 806 vel
1667 788 1728 807 tnu-

941 823 1053 850 liebrcnt
1070 824 1226 856 levitatem,
1244 825 1267 851 si
1286 825 1415 852 feminam
1434 826 1564 860 aliquam,
1591 826 1632 853 vel
1654 826 1728 853 aliud

95 869 187 905 τέχνη,
201 869 244 896 διὰ
259 870 308 904 τῆς
326 871 466 906 μιμήσεως
479 870 632 904 συνεισάγει
644 870 676 896 τὰ
693 868 740 896 τοῦ
755 869 837 904 ἤθους
850 868 886 903 τῷ

939 868 1078 903 quidpiam
1097 877 1253 904 congruens
1273 871 1317 902 ei,
1336 871 1407 906 quod
1429 872 1574 906 etlingitur,
1593 877 1728 906 quatenus

95 916 259 951 χαρακτῆρι.
275 916 342 943 Θεοῦ
355 917 383 942 δὲ
397 916 494 948 πλάσις
507 936 511 940 .
523 917 552 942 οὺ
572 915 682 950 τοιαύτη
693 935 700 947 ,
715 915 772 942 ἀλλ’
786 914 887 941 ἔπλασε

95 961 141 988 τὸν
163 961 315 997 ἄνθρωπον,
341 963 388 989 καὶ
407 963 422 997 ἡ
451 962 634 997 δημιουργικὴ
658 961 741 987 αὑτοῦ
763 961 887 996 ἐνέργεια

95 1007 184 1034 πάντα
196 1007 384 1042 διωργάνωσεν
404 1008 450 1034 ἐπὶ
463 1008 494 1034 τὸ
514 1007 594 1042 βάθος
608 1007 756 1042 χωρήσασα
770 1006 885 1033 ἔνδοθεν.

95 1054 127 1080 El
152 1054 212 1089 ἐμοὶ
233 1053 358 1080 τοσοῦτον
377 1054 475 1089 περιῆν
498 1054 605 1089 σχολῆς,
627 1053 670 1079 ἵνα
691 1061 731 1079 σοι
749 1052 828 1084 δείξω
840 1051 886 1078 τοῦ

94 1099 237 1135 ἀνθρώπου
249 1099 298 1135 τὴν
317 1100 496 1135 κατασκευὴν,
509 1099 555 1126 και
576 1098 676 1134 ἔμαθες
687 1098 716 1130 ἐξ
727 1097 824 1124 ἑαυτοῦ
838 1097 888 1132 τὴν

96 1145 159 1180 περὶ
174 1144 202 1171 σὲ
216 1145 312 1179 σοφίαν
330 1144 377 1170 τοῦ
393 1144 472 1176 Θεοῦ,
493 1145 534 1170 ὅτι
556 1143 624 1170 κατὰ
647 1142 774 1177 ἀλήθειαν
790 1141 888 1176 μικρὸς

94 1191 195 1225 κόσμος
206 1190 358 1226 ἅνθρωπος,
372 1189 419 1216 κα)⁵
444 1189 535 1220 καλῶς
554 1187 686 1222 ἐποίησαν
709 1187 733 1213 οἱ
748 1186 834 1222 τούτῳ
848 1186 887 1221 τῷ

93 1236 205 1271 ὀνόματι
218 1236 297 1263 αὑτὸν
313 1235 553 1272 ἀποσεμνύνοντες.
571 1235 657 1261 Πόσαι
684 1233 747 1268 περὶ
768 1233 798 1259 τὸ
818 1232 887 1268 πρᾶ-

93 1291 152 1317 γμα
164 1282 243 1309 τοῦτο
265 1283 451 1318 πραγματεῖαι
472 1280 702 1316 καταναλώθησαν
715 1288 722 1312 ;
737 1279 770 1305 Αἰ
794 1286 887 1312 φυσιο-

94 1328 182 1363 λογίαι
199 1329 252 1355 τῶν
265 1329 373 1364 ίατρών,
385 1329 437 1356 τῶν
449 1327 611 1364 γυμναστῶν
626 1327 654 1353 αἱ
669 1325 885 1361 παρατηρήσεις,

93 1373 188 1409 ἣπερὶ
209 1374 363 1409 ἀναλογίας,
386 1375 402 1410 ἢ
429 1375 493 1409 περὶ
511 1374 565 1407 τῶν
590 1372 677 1409 μελῶν
696 1371 764 1407 πρὸς
784 1369 887 1406 ἄλληλα

95 1420 275 1455 συμμετρίας,
288 1421 352 1456 περὶ
363 1420 481 1455 πλήθους
496 1419 691 1455 πολυσαρκίας,
700 1417 787 1445 ταῦτα
799 1416 887 1443 πάντα

94 1465 134 1497 εἰς
151 1466 200 1500 τὴν
225 1466 287 1501 περὶ
307 1465 450 1502 ἀνθρώπου
472 1466 614 1493 διάπλασιν
641 1464 804 1500 εἰσέρχεται.
831 1462 886 1488 Καὶ

94 1510 177 1537 πόθεν
191 1512 251 1546 ἐμοὶ
266 1513 279 1538 ὸ
291 1512 368 1546 λόγος
387 1512 525 1544 τοσοῦτος,
547 1511 617 1538 ὥστε
640 1509 784 1546 δυνηθῆναί
801 1516 834 1544 με
848 1507 887 1533 εἰ·

94 1558 155 1583 πεῖν
169 1557 237 1592 μετὰ
245 1558 383 1594 ἀκριϐείας
396 1559 445 1584 ὅσα
454 1560 482 1585 ὲν
492 1559 541 1594 μιᾷ
550 1559 624 1592 φωνῇ
633 1556 680 1583 τοῦ
688 1556 804 1582 ἔπλασε
813 1561 887 1588 περι-

94 1603 184 1637 ἐχεται
197 1612 204 1636 ;
219 1603 258 1629 Τὰ
271 1603 299 1629 δὲ
311 1603 442 1639 πρόχειρα
453 1603 504 1630 κᾶν
515 1603 570 1637 ἐγὼ
582 1603 620 1638 μὴ
633 1602 710 1634 εῐπω,
724 1601 756 1627 σὺ
772 1597 854 1630 οἶδας.

939 914 990 941 arti
1008 922 1173 943 concessum
1191 921 1242 943 est.
1260 917 1293 943 At
1311 924 1380 952 opus
1401 917 1546 944 formatum
1564 925 1579 944 a
1599 918 1654 944 Deo
1674 925 1727 944 tton

938 964 980 987 est
994 960 1140 997 ejusmodi.
1159 961 1204 988 Sic
1219 962 1292 990 enim
1310 962 1446 990 hominem
1463 963 1607 994 conflavit,
1623 967 1652 990 ut
1667 971 1727 990 om-

938 1013 988 1033 nes
1006 1006 1080 1033 illius
1096 1010 1189 1041 partes
1203 1007 1278 1034 intus
1294 1008 1375 1034 etiatn
1392 1008 1552 1035 informaret
1563 1028 1569 1040 ,
1589 1013 1670 1043 atque
1686 1008 1728 1035 di-

938 1052 1101 1087 stingueret.
1116 1052 1143 1078 Si
1160 1056 1265 1080 tantum
1282 1058 1439 1088 suppeteret
1451 1055 1554 1087 otium,
1569 1059 1598 1081 ut
1619 1062 1727 1088 possem

938 1097 987 1124 tibi
1011 1098 1124 1125 humani
1143 1099 1267 1132 corporis
1287 1099 1418 1125 fibricaut
1441 1100 1595 1133 explicare.
1615 1107 1726 1134 cperant

937 1143 1030 1170 darem
1042 1164 1049 1176 ,
1066 1147 1096 1170 ιιι
1109 1151 1140 1170 ex
1161 1148 1186 1171 te
1202 1145 1260 1178 ipso
1273 1144 1318 1171 Dei
1334 1144 1494 1178 sapientiam
1507 1145 1533 1171 in
1548 1145 1656 1172 homine
1672 1144 1728 1171 fore

937 1189 1038 1215 mando
1056 1196 1237 1224 εοειιοεςοτθε
1247 1209 1254 1221 ,
1269 1193 1349 1224 teque
1362 1197 1425 1216 vere
1444 1198 1557 1224 llﬂl'VUIIl
1572 1198 1632 1216 esse
1646 1198 1727 1216 1111111-

938 1233 1002 1260 dutn
1015 1233 1191 1268 intelligercs.
1203 1232 1258 1260 Nec
1269 1234 1338 1261 male
1351 1234 1471 1261 fecerunt
1482 1254 1489 1264 ,
1499 1235 1544 1269 qui
1557 1235 1607 1261 huc
1618 1235 1728 1262 nomine

938 1278 1076 1305 hominem
1093 1278 1364 1305 commendaverunt.
1386 1278 1478 1305 Multa:
1496 1279 1522 1305 in
1543 1278 1594 1306 hoc
1612 1279 1724 1313 negotio

939 1326 1002 1349 tota:
1021 1321 1076 1350 fere
1092 1327 1239 1350 versantur
1254 1327 1342 1355 artes,
1359 1328 1389 1350 ιιι
1404 1323 1544 1350 naturales
1559 1323 1727 1351 medicorum

939 1367 1101 1401 facultates,
1118 1372 1148 1395 ut
1162 1373 1368 1404 gymnastarum
1381 1369 1604 1399 observationes,
1619 1376 1678 1404 qua:
1694 1369 1729 1397 de

937 1414 1117 1448 proportione
1129 1434 1137 1447 ,
1157 1422 1333 1449 congruaque
1349 1415 1534 1442 membrorum
1551 1415 1622 1442 inter
1638 1423 1668 1441 se
1684 1415 1728 1441 di-

938 1460 1097 1492 mensione,
1111 1464 1158 1486 aut
1169 1460 1267 1494 aequali
1284 1460 1429 1487 humerum
1446 1461 1524 1495 copia
1536 1480 1543 1491 .
1561 1465 1587 1488 et
1602 1461 1728 1495 corporis

939 1505 1073 1533 obesitate
1095 1505 1248 1540 disputant.
1274 1505 1321 1533 Ila)
1346 1512 1464 1541 namque
1486 1514 1581 1534 otnnes
1603 1507 1728 1541 corporis

939 1551 1027 1578 nostri
1051 1550 1228 1578 considerant
1252 1550 1411 1578 artificium.
1442 1551 1518 1578 Unde
1544 1558 1634 1579 autent
1661 1552 1728 1578 mihi

939 1600 1016 1624 tanta
1037 1596 1146 1623 dicendi
1171 1596 1213 1624 vis
1233 1600 1261 1624 et
1285 1596 1395 1624 ubertas
1419 1597 1568 1630 orationis,
1596 1602 1624 1623 ιιι
1650 1598 1729 1632 plane

96 1650 198 1685 possim
215 1651 370 1685 explicare,
388 1658 469 1686 quam
485 1650 570 1677 multa
585 1650 667 1677 unico
682 1648 728 1675 illo
743 1645 827 1674 verbo
839 1664 846 1676 ,
865 1641 1015 1675 Formavit,
1035 1641 1328 1677 comprehendantur?
1349 1641 1417 1669 Nam
1434 1650 1494 1677 qum
1511 1643 1633 1670 laciliora
1645 1647 1726 1676 sunt,

93 1701 121 1724 et
133 1698 159 1723 in
176 1702 299 1732 promptu
311 1719 317 1730 ,
330 1698 412 1725 etiam
427 1706 470 1724 me
484 1701 592 1725 tacente
606 1695 783 1732 cognoscitis.

133 1743 267 1770 Ἔπλασεν
291 1744 306 1770 6
334 1743 400 1776 Θεὸς
426 1743 518 1779 ὀρθόν·
548 1743 686 1779 ἐξαίρετον
715 1741 818 1776 ταύτην
845 1749 886 1767 σοι

93 1788 142 1824 τὴν
161 1789 304 1816 διάπλασιν
322 1790 398 1826 παρὰ
418 1789 453 1817 τὰ
474 1789 556 1817 λοιπὰ
578 1789 636 1821 ζῶα
659 1789 753 1815 ἔδωκε.
771 1787 820 1814 Διὰ
839 1786 886 1820 τί;

93 1835 188 1870 ἐπειδὴ
203 1835 340 1870 ἐξαίρετόν
363 1844 405 1862 σοι
432 1835 479 1862 καὶ
505 1835 553 1870 τὴν
574 1835 713 1870 ἐνέργειαν
734 1833 887 1860 ἀποδιδόναι

94 1880 201 1915 ἔμελλε.
218 1880 258 1907 Τὰ
274 1881 322 1915 μὲν
338 1881 392 1916 γὰρ
405 1880 483 1913 ἄλλα,
500 1879 662 1915 βοσκήματα
675 1880 744 1910 ἐστι,
761 1878 807 1905 καὶ
820 1877 887 1913 πρὸς

93 1926 113 1954 ἃ
131 1926 246 1960 πέφυκε,
264 1926 332 1962 πρὸς
348 1925 434 1953 ταῦτα
457 1926 512 1962 ἔχει
535 1926 585 1961 τὴν
609 1926 789 1960 κατασκευήν.
812 1924 889 1958 Ἐγε-

94 1972 164 2008 νήθη
176 1972 206 1999 τὸ
222 1972 356 2007 πρόῦατον
371 1972 510 2008 νέμεσθαι,
528 1971 602 1999 κάτω
622 1971 677 2007 ἕχει
702 1971 751 2004 τὴν
767 1970 887 2005 κεφαλὴν

95 2020 288 2052 συννεύουσαν,
311 2021 344 2055 τῇ
369 2019 466 2054 γαστρὶ
488 2019 592 2054 ὲνορᾷν,
618 2019 666 2044 καὶ
688 2018 744 2049 τοῖς
765 2017 816 2043 ὑπὸ
838 2025 888 2050 γα-

95 2067 188 2102 στέρα,
204 2065 296 2101 ἐπειδὴ
313 2065 388 2097 τέλος
408 2065 523 2095 ἐκείνοις
541 2064 722 2099 εὐδαιμονίας,
736 2064 752 2098 ἡ
769 2062 887 2098 γαστρὸς

94 2111 234 2147 πλήρωσις
258 2111 304 2137 καὶ
318 2110 483 2141 ⁴ἀπόλαυσις.
511 2109 669 2144 Ἀνθρωπος
689 2108 718 2134 δὲ
741 2108 832 2134 οὐκέτι
847 2108 886 2138 εἰς

94 2157 218 2192 γαστέρα
249 2156 351 2191 βλέπει,
379 2154 436 2182 ἀλλ’
465 2155 504 2186 εἰς
532 2154 567 2181 τὰ
597 2155 653 2182 ἄνω
679 2153 784 2188 κεφαλὴ
811 2151 885 2187 αὺτῷ

96 2202 195 2238 ὑψηλὴ,
223 2202 266 2228 ἴνα
288 2200 337 2237 τὴν
361 2201 417 2227 ἄνω
443 2200 529 2237 βλέπῃ
553 2199 727 2234 συγγένειαν·
752 2198 887 2233 ὀφθαλμοὶ

95 2247 145 2275 οὐκ
160 2249 199 2279 είς
221 2247 268 2282 τὴν
287 2246 338 2282 γῆν
357 2246 492 2278 νεύοντες,
518 2245 563 2281 Μὴ
575 2246 664 2272 τοίνυν
685 2245 755 2272 ποίει
774 2244 886 2271 σεαυτὸν

96 2293 173 2328 παρὰ
186 2292 265 2327 φύσιν
277 2301 283 2308 ·
306 2293 343 2328 μὴ
358 2292 393 2318 τὰ
412 2292 493 2327 γήινα
515 2292 686 2327 περισκόπει,
704 2290 771 2317 ἀλλὰ
791 2291 826 2317 τὰ
842 2290 887 2316 οὺ⁴

97 2339 186 2375 ράνια,
200 2335 230 2365 οὗ
243 2339 257 2365 ό
272 2339 388 2374 Χριστός
401 2339 484 2364 ἐστιν.
511 2347 520 2363 ι
539 2338 570 2364 Et
587 2336 771 2372 συνηγέρθητε
791 2346 799 2361 ι
819 2335 885 2370 γὰρ,

96 2386 172 2421 φησι,
190 2395 198 2411 ι
211 2385 250 2420 τῷ
272 2384 396 2420 Χριστῷ,
419 2385 454 2411 τὰ.
470 2384 526 2411 ἄνω
543 2383 658 2418 ζητεῖτε,
680 2381 710 2410 οὗ
731 2383 745 2409 ὸ
770 2381 887 2418 Χριστός

96 2433 180 2458 ἐστιν.
193 2441 202 2457 ›
216 2431 308 2463 Οὕτως
321 2430 467 2466 ὲπλὰσθης.
476 2430 547 2456 Αὐτὸ
555 2430 584 2456 τὺ
592 2429 750 2464 διάπλασμα
758 2428 885 2455 διδασκα-

95 2478 166 2505 λεῖόν
181 2479 240 2504 ἐστι
255 2477 302 2504 τοῦ
325 2477 417 2508 τέλους
442 2477 509 2512 πρὸς
533 2476 547 2503 ὃ
570 2476 694 2510 γέγονας.
715 2474 824 2509 Ἑγένου
842 2474 886 2500 ἵνα

97 2524 162 2550 θεὸν
180 2523 290 2559 βλέπῃς,
304 2523 353 2558 οὐχ
377 2523 420 2549 ἴνα
439 2522 485 2548 ἐπὶ
508 2522 559 2557 γῆν
580 2520 694 2557 σύρηταί
718 2528 764 2546 σου
784 2520 800 2554 ή
819 2518 885 2554 ζωὴ,

97 2570 146 2605 οὐχ
158 2569 201 2595 ἵνα
216 2568 264 2604 τὴν
283 2563 406 2603 κτηνώδη
426 2567 490 2604 ἔχῃς
516 2566 674 2598 ἀπόλαυσιν,
696 2565 752 2592 ἀλλ’
772 2565 816 2591 ἵνα
837 2564 887 2600 τὴν

96 2616 221 2651 οὐράνιον
241 2614 367 2650 ὲπιτελῇς
397 2613 543 2640 πολιτείαν.
570 2612 620 2639 Διὰ
646 2611 725 2639 τοῦτο
754 2610 836 2646 συψοῦ
862 2611 887 2637 ot

97 2660 231 2696 ὀφθαλμοὶ
250 2661 279 2686 ὲν
299 2659 402 2694 κεφαλῇ
425 2658 520 2690 αὑτοῦ,
540 2659 554 2685 ὁ
575 2658 655 2693 σοφός
670 2666 752 2693 φησιν
775 2656 888 2692 Ἐκκλη-

100 2707 221 2742 σιαστής.
237 2706 315 2737 Τίνος
333 2705 361 2732 δὲ
377 2705 427 2732 οὐκ
441 2706 470 2732 ὲν
485 2705 589 2740 κεφαλῇ
610 2705 635 2731 οἱ
648 2704 799 2739 ὀφθαλμοίς
819 2703 887 2729 Ἀλλ’

98 2753 128 2780 ιν
155 2752 278 2787 κεφαλῇ,
302 2751 457 2783 τουτέστιν,
490 2751 534 2778 ἴνα
559 2751 594 2777 τὰ
618 2750 708 2786 ὑψηλὰ
737 2749 886 2777 σκοπῶσιν.

104 2798 134 2826 '0
148 2798 176 2824 δὲ
195 2799 234 2829 είς
248 2798 282 2824 τὰ
298 2797 388 2832 ὑψηλὰ
407 2796 444 2833 μὴ
460 2796 577 2832 βλέπων,
593 2796 650 2824 ἀλλ’
674 2797 714 2828 εἰς
739 2795 774 2822 τὰ
794 2795 885 2830 γήινα,

134 2857 144 2873 ¹
157 2857 261 2886 Coloss.
279 2863 320 2890 ιιι,
337 2857 362 2884 ι.
381 2859 390 2873 ³
407 2857 492 2886 Eccle.
511 2865 539 2890 ιι,
556 2857 599 2885 ιι.

975 1733 1114 1762 Formavit
1142 1734 1215 1762 Deus
1239 1735 1378 1762 hominem
1407 1739 1532 1768 rectum;
1561 1735 1727 1770 singularem

936 1781 1007 1809 hanc
1030 1782 1100 1814 tibi,
1125 1781 1226 1814 homo,
1252 1781 1368 1808 fortnam
1391 1781 1546 1813 concessit,
1572 1790 1653 1816 quant
1682 1782 1727 1810 alii

937 1827 1011 1855 dedit
1027 1827 1185 1854 animalium
1209 1827 1288 1854 nulli.
1313 1826 1496 1859 Quamobrem
1513 1827 1524 1853 ?
1544 1828 1607 1862 quia
1631 1828 1727 1862 singu-

938 1874 1022 1900 larcttt
1038 1873 1121 1900 etiam
1138 1873 1273 1900 actionem
1290 1877 1349 1900 erat
1362 1873 1524 1900 traditurus.
1541 1872 1654 1908 Reliqua
1668 1873 1728 1900 ani-

937 1920 1018 1946 malia
1033 1923 1097 1947 sunt
1114 1919 1210 1952 bruta,
1232 1923 1259 1946 et
1281 1919 1327 1946 illa
1351 1923 1492 1954 spectant,
1520 1920 1553 1947 ad
1578 1928 1638 1954 quae
1663 1925 1727 1947 nata

939 1969 1015 1993 sunt.
1031 1964 1071 1991 Ad
1087 1969 1196 2000 pastum
1213 1965 1305 2000 genita
1322 1969 1386 1992 suttt
1409 1972 1518 2000 pecora.
1547 1965 1640 2000 Itaque
1664 1973 1728 2001 pro-

936 2019 999 2039 nam
1015 2011 1201 2046 deorsumque
1224 2015 1380 2046 vergentem
1408 2010 1522 2038 formam
1548 2011 1669 2045 habent,
1695 2016 1726 2038 ttt

935 2062 1057 2085 ventrem
1069 2077 1076 2090 ,
1093 2061 1120 2084 et
1136 2064 1197 2092 quae
1210 2056 1296 2084 ventri
1312 2056 1434 2091 subjecta
1450 2061 1531 2087 sunt,
1549 2055 1669 2083 videant.
1686 2054 1728 2082 Si-

936 2102 1047 2138 quidem
1063 2110 1159 2130 eorum
1176 2103 1293 2132 felicitas
1306 2106 1349 2129 est
1364 2102 1484 2137 expletio
1499 2102 1603 2129 ventris
1613 2121 1620 2134 ,
1634 2108 1667 2128 ac
1681 2108 1728 2128 vo-

901 2164 923 2193 Β
939 2148 1039 2184 luptas.
1060 2148 1149 2175 IIouto
1169 2156 1233 2175 vero
1253 2155 1307 2174 non
1324 2151 1446 2174 ventrem
1463 2145 1594 2181 despicit,
1611 2146 1658 2172 sed
1677 2153 1727 2173 su-

938 2196 1046 2230 periora
1060 2199 1206 2223 contuetur
1220 2203 1228 2227 ;
1242 2199 1324 2229 caput
1337 2194 1376 2221 illi
1393 2193 1508 2221 sublime
1521 2198 1580 2225 est,
1596 2197 1626 2220 ut
1641 2200 1728 2228 genus

938 2242 1050 2269 C(eleste
1073 2241 1224 2275 suspiciat;
1247 2241 1319 2267 oculi
1344 2247 1399 2267 non
1426 2239 1541 2266 tendunt
1564 2239 1591 2266 in
1615 2243 1727 2266 terram.
1760 2239 1768 2242 “

938 2287 1073 2320 Quocirca
1093 2294 1127 2313 ne
1145 2286 1197 2312 vim
1219 2284 1321 2312 inferas
1339 2288 1444 2311 natura:
1464 2288 1526 2311 luat.
1552 2284 1672 2312 Terrena
1693 2290 1729 2311 ne

938 2337 1062 2368 spectes,
1081 2332 1129 2359 sed
1144 2331 1266 2359 caelestia
1278 2350 1285 2362 ,
1303 2331 1349 2358 ubi
1375 2329 1503 2358 Christus
1520 2334 1572 2358 est.
1588 2339 1598 2356 ι
1613 2329 1641 2357 Si
1659 2338 1727 2357 con-

939 2379 1094 2411 Surrexisti,
1111 2388 1120 2404 ι
1131 2378 1229 2413 inquit,
1242 2386 1251 2402 ι
1263 2385 1326 2404 cum
1335 2377 1454 2407 Christo.
1466 2385 1527 2411 qua:
1534 2384 1642 2404 sursum
1653 2382 1728 2408 sunt,

938 2426 1052 2461 qumrite
1060 2445 1067 2458 ,
1082 2425 1126 2452 ubi
1139 2424 1266 2451 Christus
1276 2427 1318 2451 est
1330 2423 1352 2449 ⁷.
1365 2432 1374 2448 ι
1384 2422 1430 2450 Sic
1441 2422 1524 2457 igitur
1535 2423 1668 2449 formatus
1679 2429 1711 2448 es
1719 2441 1728 2453 ,

938 2475 966 2500 et
984 2471 1071 2498 forma
1091 2474 1137 2497 tua
1157 2475 1183 2498 te
1202 2474 1310 2502 monet,
1327 2469 1361 2496 ad
1381 2476 1463 2504 quem
1481 2472 1562 2496 natus
1579 2469 1618 2496 sis
1635 2468 1728 2495 ﬁnem.

938 2517 1051 2546 Genitus
1066 2525 1096 2544 es
1107 2536 1115 2548 ι
1131 2520 1161 2544 ιιι
1180 2515 1264 2544 Deum
1282 2515 1375 2542 videas
1391 2519 1418 2542 et
1439 2514 1632 2549 contempleris
1643 2533 1652 2546 ,
1673 2521 1728 2540 non

938 2569 970 2592 ut
985 2564 1061 2591 humi
1076 2563 1182 2598 dejecta
1199 2567 1293 2597 serpat
1308 2562 1364 2588 vita
1383 2565 1444 2592 tua,
1463 2568 1519 2588 non
1539 2564 1569 2587 ιιι
1591 2558 1727 2594 Pecudum

938 2610 1092 2644 voluptates
1105 2607 1285 2643 consecteris,
1300 2606 1346 2634 sed
1361 2609 1392 2632 ut
1402 2606 1487 2633 vitam
1499 2605 1637 2632 cmlestem
1650 2611 1726 2640 agas.

939 2656 1044 2683 Idcirco
1067 2654 1196 2689 sapientis
1220 2652 1292 2680 oculi
1316 2652 1366 2687 (ut
1385 2651 1497 2686 sapiens
1521 2651 1609 2686 inquit
1632 2650 1727 2678 Eccle-

939 2700 1059 2736 siastes)
1075 2700 1102 2727 in
1113 2699 1218 2734 capite,
1235 2702 1299 2726 suttt
1314 2697 1401 2733 ipsius
1412 2697 1431 2723 ³.
1450 2696 1505 2724 Cur
1518 2700 1608 2723 autem
1623 2703 1679 2722 non
1693 2695 1728 2722 ad

938 2751 1020 2782 caput
1030 2746 1078 2774 sed
1092 2745 1120 2773 in
1135 2743 1243 2780 capite?
1254 2751 1352 2777 nempe
1370 2746 1398 2769 ιιι
1413 2750 1474 2777 qua:
1490 2741 1597 2769 excelsa
1613 2748 1645 2767 ac.
1661 2740 1727 2767 sub-

939 2794 1013 2822 limia
1036 2796 1118 2825 sunt,
1139 2792 1297 2818 intueantur
1313 2795 1339 2816 et
1358 2787 1500 2823 spectent;
1521 2787 1572 2820 Qui
1588 2790 1678 2814 autem
1694 2794 1726 2814 ea
