  <div class='ocr_page' id='page_1' title='image "/cluster/home/n/w/nwhite01/storage/ocr_20150623/44/njp.32101009003169/153.png"; bbox 0 0 1977 3071; ppageno 0'>
   <div class='ocr_carea' id='block_1_1' title="bbox 240 99 293 128">
    <p class='ocr_par' dir='ltr' id='par_1_1' title="bbox 240 99 293 128">
     <span class='ocr_line' id='line_1_1' title="bbox 240 99 293 128; baseline 0.019 -1"><span class='ocrx_word' id='word_1_1' title='bbox 240 99 293 128; x_wconf 77' lang='grc'><strong>295</strong></span> 
     </span>
    </p>
   </div>
   <div class='ocr_carea' id='block_1_2' title="bbox 868 97 1245 127">
    <p class='ocr_par' dir='ltr' id='par_1_2' title="bbox 868 97 1245 127">
     <span class='ocr_line' id='line_1_2' title="bbox 868 97 1245 127; baseline -0.003 -1"><span class='ocrx_word' id='word_1_2' title='bbox 868 99 896 126; x_wconf 86' lang='lat' dir='ltr'><strong>S.</strong></span> <span class='ocrx_word' id='word_1_3' title='bbox 917 98 1079 127; x_wconf 79' lang='lat' dir='ltr'><strong>GREGORII</strong></span> <span class='ocrx_word' id='word_1_4' title='bbox 1095 97 1245 126; x_wconf 71' lang='lat' dir='ltr'><strong>NYSSENI</strong></span> 
     </span>
    </p>
   </div>
   <div class='ocr_carea' id='block_1_3' title="bbox 1811 95 1864 123">
    <p class='ocr_par' dir='ltr' id='par_1_3' title="bbox 1811 95 1864 123">
     <span class='ocr_line' id='line_1_3' title="bbox 1811 95 1864 123; baseline 0 -1"><span class='ocrx_word' id='word_1_5' title='bbox 1811 95 1864 123; x_wconf 73' lang='lat'><strong>296</strong></span> 
     </span>
    </p>
   </div>
   <div class='ocr_carea' id='block_1_4' title="bbox 242 153 1041 193">
    <p class='ocr_par' dir='ltr' id='par_1_4' title="bbox 242 155 1024 193">
     <span class='ocr_line' id='line_1_4' title="bbox 242 155 1024 193; baseline -0.005 -5"><span class='ocrx_word' id='word_1_6' title='bbox 242 168 296 188; x_wconf 90' lang='lat' dir='ltr'><strong>non</strong></span> <span class='ocrx_word' id='word_1_7' title='bbox 311 158 424 193; x_wconf 84' lang='lat' dir='ltr'><strong>aspicit,</strong></span> <span class='ocrx_word' id='word_1_8' title='bbox 439 156 485 184; x_wconf 86' lang='lat' dir='ltr'><strong>sed</strong></span> <span class='ocrx_word' id='word_1_9' title='bbox 499 159 606 184; x_wconf 86' lang='lat' dir='ltr'><strong>terrena</strong></span> <span class='ocrx_word' id='word_1_10' title='bbox 617 178 624 189; x_wconf 93' lang='lat'><strong>,</strong></span> <span class='ocrx_word' id='word_1_11' title='bbox 639 155 662 184; x_wconf 87' lang='lat' dir='ltr'><strong>is</strong></span> <span class='ocrx_word' id='word_1_12' title='bbox 674 156 768 183; x_wconf 85' lang='lat' dir='ltr'><strong>oculos</strong></span> <span class='ocrx_word' id='word_1_13' title='bbox 782 156 857 183; x_wconf 90' lang='lat' dir='ltr'><strong>lmmi</strong></span> <span class='ocrx_word' id='word_1_14' title='bbox 874 157 978 184; x_wconf 79' lang='lat' dir='ltr'><strong>deﬁxos</strong></span> <span class='ocrx_word' id='word_1_15' title='bbox 992 164 1024 183; x_wconf 81' lang='lat' dir='ltr'><strong>ac</strong></span> 
     </span>
    </p>
   </div>
   <div class='ocr_carea' id='block_1_5' title="bbox 1093 153 1864 193">
    <p class='ocr_par' dir='ltr' id='par_1_5' title="bbox 1093 153 1864 191">
     <span class='ocr_line' id='line_1_5' title="bbox 1093 153 1864 191; baseline -0.004 -8"><span class='ocrx_word' id='word_1_16' title='bbox 1093 157 1228 191; x_wconf 75' lang='grc' dir='ltr'>φθα).μοί)ς</span> <span class='ocrx_word' id='word_1_17' title='bbox 1251 155 1306 191; x_wconf 74' lang='grc' dir='ltr'>ἔχει</span> <span class='ocrx_word' id='word_1_18' title='bbox 1324 156 1362 187; x_wconf 85' lang='grc' dir='ltr'><strong>εις</strong></span> <span class='ocrx_word' id='word_1_19' title='bbox 1378 156 1428 190; x_wconf 79' lang='grc' dir='ltr'><strong>γῆν</strong></span> <span class='ocrx_word' id='word_1_20' title='bbox 1449 154 1620 190; x_wconf 84' lang='grc' dir='ltr'>συρομένους.</span> <span class='ocrx_word' id='word_1_21' title='bbox 1645 153 1792 188; x_wconf 71' lang='grc' dir='ltr'>Όφθαλμοὶ</span> <span class='ocrx_word' id='word_1_22' title='bbox 1810 155 1864 180; x_wconf 78' lang='grc' dir='ltr'>τοι-</span> 
     </span>
    </p>
   </div>
   <div class='ocr_carea' id='block_1_6' title="bbox 242 199 1027 238">
    <p class='ocr_par' dir='ltr' id='par_1_6' title="bbox 242 199 1027 238">
     <span class='ocr_line' id='line_1_6' title="bbox 242 199 1027 238; baseline -0.006 -6"><span class='ocrx_word' id='word_1_23' title='bbox 242 203 362 238; x_wconf 85' lang='lat' dir='ltr'><strong>sepultos</strong></span> <span class='ocrx_word' id='word_1_24' title='bbox 388 203 478 229; x_wconf 80' lang='lat' dir='ltr'><strong>habet.</strong></span> <span class='ocrx_word' id='word_1_25' title='bbox 504 199 583 228; x_wconf 81' lang='lat' dir='ltr'><strong>Oculi</strong></span> <span class='ocrx_word' id='word_1_26' title='bbox 606 209 671 236; x_wconf 87' lang='lat' dir='ltr'><strong>ergo</strong></span> <span class='ocrx_word' id='word_1_27' title='bbox 694 201 815 228; x_wconf 84' lang='lat' dir='ltr'><strong>rotundi.</strong></span> <span class='ocrx_word' id='word_1_28' title='bbox 842 201 930 236; x_wconf 80' lang='lat' dir='ltr'><strong>Caput</strong></span> <span class='ocrx_word' id='word_1_29' title='bbox 946 209 1027 235; x_wconf 92' lang='lat' dir='ltr'><strong>super</strong></span> 
     </span>
    </p>
   </div>
   <div class='ocr_carea' id='block_1_7' title="bbox 243 246 1028 283">
    <p class='ocr_par' dir='ltr' id='par_1_7' title="bbox 243 246 1028 283">
     <span class='ocr_line' id='line_1_7' title="bbox 243 246 1028 283; baseline -0.004 -7"><span class='ocrx_word' id='word_1_30' title='bbox 243 251 371 276; x_wconf 86' lang='lat' dir='ltr'><strong>lmmeros</strong></span> <span class='ocrx_word' id='word_1_31' title='bbox 385 248 503 283; x_wconf 85' lang='lat' dir='ltr'><strong>positum</strong></span> <span class='ocrx_word' id='word_1_32' title='bbox 515 267 522 279; x_wconf 89' lang='lat'><strong>,</strong></span> <span class='ocrx_word' id='word_1_33' title='bbox 539 255 593 274; x_wconf 91' lang='lat' dir='ltr'><strong>non</strong></span> <span class='ocrx_word' id='word_1_34' title='bbox 611 254 798 281; x_wconf 87' lang='lat' dir='ltr'><strong>compressum</strong></span> <span class='ocrx_word' id='word_1_35' title='bbox 810 267 816 277; x_wconf 82' lang='lat'>.</span> <span class='ocrx_word' id='word_1_36' title='bbox 832 254 864 274; x_wconf 90' lang='lat' dir='ltr'><strong>ne</strong></span> <span class='ocrx_word' id='word_1_37' title='bbox 878 247 913 273; x_wconf 79' lang='lat' dir='ltr'><strong>sit</strong></span> <span class='ocrx_word' id='word_1_38' title='bbox 928 246 1028 273; x_wconf 80' lang='lat' dir='ltr'><strong>humile</strong></span> 
     </span>
    </p>
   </div>
   <div class='ocr_carea' id='block_1_8' title="bbox 243 291 1028 329">
    <p class='ocr_par' dir='ltr' id='par_1_8' title="bbox 243 291 1028 329">
     <span class='ocr_line' id='line_1_8' title="bbox 243 291 1028 329; baseline -0.004 -8"><span class='ocrx_word' id='word_1_39' title='bbox 243 301 323 329; x_wconf 88' lang='lat' dir='ltr'><strong>atque</strong></span> <span class='ocrx_word' id='word_1_40' title='bbox 343 294 495 328; x_wconf 50' lang='lat' dir='ltr'><strong>alxjeetuin,</strong></span> <span class='ocrx_word' id='word_1_41' title='bbox 515 292 561 320; x_wconf 85' lang='lat' dir='ltr'><strong>sed</strong></span> <span class='ocrx_word' id='word_1_42' title='bbox 580 293 678 319; x_wconf 85' lang='lat' dir='ltr'><strong>decoro</strong></span> <span class='ocrx_word' id='word_1_43' title='bbox 698 292 813 320; x_wconf 80' lang='lat' dir='ltr'><strong>cervicis</strong></span> <span class='ocrx_word' id='word_1_44' title='bbox 833 292 953 319; x_wconf 90' lang='lat' dir='ltr'><strong>culmine</strong></span> <span class='ocrx_word' id='word_1_45' title='bbox 975 291 1028 318; x_wconf 80' lang='lat' dir='ltr'><strong>ful-</strong></span> 
     </span>
    </p>
   </div>
   <div class='ocr_carea' id='block_1_9' title="bbox 244 337 1026 372">
    <p class='ocr_par' dir='ltr' id='par_1_9' title="bbox 244 337 1026 372">
     <span class='ocr_line' id='line_1_9' title="bbox 244 337 1026 372; baseline -0.005 -5"><span class='ocrx_word' id='word_1_46' title='bbox 244 346 300 367; x_wconf 89' lang='lat' dir='ltr'><strong>tum</strong></span> <span class='ocrx_word' id='word_1_47' title='bbox 316 340 420 366; x_wconf 89' lang='lat' dir='ltr'><strong>tollitur</strong></span> <span class='ocrx_word' id='word_1_48' title='bbox 431 339 458 365; x_wconf 88' lang='lat' dir='ltr'><strong>in</strong></span> <span class='ocrx_word' id='word_1_49' title='bbox 474 339 600 366; x_wconf 85' lang='lat' dir='ltr'><strong>sublime.</strong></span> <span class='ocrx_word' id='word_1_50' title='bbox 613 337 734 366; x_wconf 68' lang='lat' dir='ltr'><strong>Geminm</strong></span> <span class='ocrx_word' id='word_1_51' title='bbox 752 339 893 365; x_wconf 87' lang='lat' dir='ltr'><strong>oculorum</strong></span> <span class='ocrx_word' id='word_1_52' title='bbox 912 338 1026 372; x_wconf 73' lang='lat' dir='ltr'><strong>pupulaz.</strong></span> 
     </span>
    </p>
   </div>
   <div class='ocr_carea' id='block_1_10' title="bbox 243 384 1029 419">
    <p class='ocr_par' dir='ltr' id='par_1_10' title="bbox 243 384 1029 419">
     <span class='ocr_line' id='line_1_10' title="bbox 243 384 1029 419; baseline -0.004 -6"><span class='ocrx_word' id='word_1_53' title='bbox 243 386 338 413; x_wconf 79' lang='lat' dir='ltr'><strong>Nonne</strong></span> <span class='ocrx_word' id='word_1_54' title='bbox 355 385 422 412; x_wconf 87' lang='lat' dir='ltr'><strong>satis</strong></span> <span class='ocrx_word' id='word_1_55' title='bbox 438 393 509 411; x_wconf 91' lang='lat' dir='ltr'><strong>unus</strong></span> <span class='ocrx_word' id='word_1_56' title='bbox 528 389 587 411; x_wconf 85' lang='lat' dir='ltr'><strong>erat</strong></span> <span class='ocrx_word' id='word_1_57' title='bbox 607 385 727 411; x_wconf 84' lang='lat' dir='ltr'><strong>oculus?</strong></span> <span class='ocrx_word' id='word_1_58' title='bbox 743 392 791 411; x_wconf 91' lang='lat' dir='ltr'><strong>cur</strong></span> <span class='ocrx_word' id='word_1_59' title='bbox 807 384 889 419; x_wconf 76' lang='lat' dir='ltr'><strong>igitur</strong></span> <span class='ocrx_word' id='word_1_60' title='bbox 905 384 959 411; x_wconf 91' lang='lat' dir='ltr'><strong>duo</strong></span> <span class='ocrx_word' id='word_1_61' title='bbox 973 384 1029 411; x_wconf 87' lang='lat' dir='ltr'><strong>dati</strong></span> 
     </span>
    </p>
   </div>
   <div class='ocr_carea' id='block_1_11' title="bbox 243 429 1029 460">
    <p class='ocr_par' dir='ltr' id='par_1_11' title="bbox 243 429 1029 460">
     <span class='ocr_line' id='line_1_11' title="bbox 243 429 1029 460; baseline -0.005 -2"><span class='ocrx_word' id='word_1_62' title='bbox 243 435 308 459; x_wconf 89' lang='lat' dir='ltr'><strong>sunt</strong></span> <span class='ocrx_word' id='word_1_63' title='bbox 319 431 329 456; x_wconf 74' lang='grc' dir='ltr'><strong><em>τ</em></strong></span> <span class='ocrx_word' id='word_1_64' title='bbox 342 434 371 456; x_wconf 93' lang='lat' dir='ltr'><strong>nt</strong></span> <span class='ocrx_word' id='word_1_65' title='bbox 382 430 434 456; x_wconf 89' lang='lat' dir='ltr'><strong>sibi</strong></span> <span class='ocrx_word' id='word_1_66' title='bbox 447 429 567 456; x_wconf 80' lang='lat' dir='ltr'><strong>vicissim</strong></span> <span class='ocrx_word' id='word_1_67' title='bbox 579 433 671 456; x_wconf 86' lang='lat' dir='ltr'><strong>essent</strong></span> <span class='ocrx_word' id='word_1_68' title='bbox 684 429 802 460; x_wconf 77' lang='lat' dir='ltr'><strong>auxilio,</strong></span> <span class='ocrx_word' id='word_1_69' title='bbox 816 433 846 455; x_wconf 92' lang='lat' dir='ltr'><strong>ut</strong></span> <span class='ocrx_word' id='word_1_70' title='bbox 863 429 1029 456; x_wconf 89' lang='lat' dir='ltr'><strong>deﬁcientem</strong></span> 
     </span>
    </p>
   </div>
   <div class='ocr_carea' id='block_1_12' title="bbox 244 473 1031 508">
    <p class='ocr_par' dir='ltr' id='par_1_12' title="bbox 244 473 1031 508">
     <span class='ocr_line' id='line_1_12' title="bbox 244 473 1031 508; baseline -0.001 -7"><span class='ocrx_word' id='word_1_71' title='bbox 244 483 327 502; x_wconf 88' lang='lat' dir='ltr'><strong>unum</strong></span> <span class='ocrx_word' id='word_1_72' title='bbox 353 475 421 502; x_wconf 89' lang='lat' dir='ltr'><strong>alter</strong></span> <span class='ocrx_word' id='word_1_73' title='bbox 440 475 639 501; x_wconf 81' lang='lat' dir='ltr'><strong>consolaretur.</strong></span> <span class='ocrx_word' id='word_1_74' title='bbox 658 473 809 505; x_wconf 66' lang='lat' dir='ltr'><strong>Praeterea,</strong></span> <span class='ocrx_word' id='word_1_75' title='bbox 836 475 899 508; x_wconf 93' lang='lat' dir='ltr'><strong>quia</strong></span> <span class='ocrx_word' id='word_1_76' title='bbox 922 473 1031 500; x_wconf 85' lang='lat' dir='ltr'><strong>videndi</strong></span> 
     </span>
    </p>
   </div>
   <div class='ocr_carea' id='block_1_13' title="bbox 243 518 1030 553">
    <p class='ocr_par' dir='ltr' id='par_1_13' title="bbox 243 518 1030 553">
     <span class='ocr_line' id='line_1_13' title="bbox 243 518 1030 553; baseline -0.004 -6"><span class='ocrx_word' id='word_1_77' title='bbox 243 521 285 547; x_wconf 82' lang='lat' dir='ltr'><strong>vis</strong></span> <span class='ocrx_word' id='word_1_78' title='bbox 301 521 324 547; x_wconf 89' lang='lat' dir='ltr'><strong>si</strong></span> <span class='ocrx_word' id='word_1_79' title='bbox 340 520 374 547; x_wconf 86' lang='lat' dir='ltr'><strong>ab</strong></span> <span class='ocrx_word' id='word_1_80' title='bbox 390 527 445 546; x_wconf 92' lang='lat' dir='ltr'><strong>uno</strong></span> <span class='ocrx_word' id='word_1_81' title='bbox 459 523 565 546; x_wconf 90' lang='lat' dir='ltr'><strong>tantum</strong></span> <span class='ocrx_word' id='word_1_82' title='bbox 582 518 744 553; x_wconf 83' lang='lat' dir='ltr'><strong>proﬁueret,</strong></span> <span class='ocrx_word' id='word_1_83' title='bbox 761 522 833 545; x_wconf 84' lang='lat' dir='ltr'><strong>esset</strong></span> <span class='ocrx_word' id='word_1_84' title='bbox 849 518 1030 551; x_wconf 82' lang='lat' dir='ltr'><strong>imbecillior;</strong></span> 
     </span>
    </p>
   </div>
   <div class='ocr_carea' id='block_1_14' title="bbox 246 555 1032 596">
    <p class='ocr_par' dir='ltr' id='par_1_14' title="bbox 246 555 1032 596">
     <span class='ocr_line' id='line_1_14' title="bbox 246 555 1032 596; baseline -0.004 -4"><span class='ocrx_word' id='word_1_85' title='bbox 246 573 260 592; x_wconf 89' lang='lat' dir='ltr'><strong>a</strong></span> <span class='ocrx_word' id='word_1_86' title='bbox 276 566 383 592; x_wconf 86' lang='lat' dir='ltr'><strong>duobus</strong></span> <span class='ocrx_word' id='word_1_87' title='bbox 398 569 487 591; x_wconf 88' lang='lat' dir='ltr'><strong>autem</strong></span> <span class='ocrx_word' id='word_1_88' title='bbox 505 555 628 591; x_wconf 62' lang='lat' dir='ltr'><strong>fontibus</strong></span> <span class='ocrx_word' id='word_1_89' title='bbox 639 571 786 596; x_wconf 82' lang='lat' dir='ltr'><strong>emanans,</strong></span> <span class='ocrx_word' id='word_1_90' title='bbox 805 563 909 590; x_wconf 89' lang='lat' dir='ltr'><strong>ﬁrmior</strong></span> <span class='ocrx_word' id='word_1_91' title='bbox 921 567 972 590; x_wconf 84' lang='lat' dir='ltr'><strong>est.</strong></span> <span class='ocrx_word' id='word_1_92' title='bbox 989 562 1032 590; x_wconf 89' lang='lat' dir='ltr'><strong>Si-</strong></span> 
     </span>
    </p>
   </div>
   <div class='ocr_carea' id='block_1_15' title="bbox 246 609 1033 644">
    <p class='ocr_par' dir='ltr' id='par_1_15' title="bbox 246 609 1033 644">
     <span class='ocr_line' id='line_1_15' title="bbox 246 609 1033 644; baseline -0.004 -6"><span class='ocrx_word' id='word_1_93' title='bbox 246 611 301 638; x_wconf 92' lang='lat' dir='ltr'><strong>mul</strong></span> <span class='ocrx_word' id='word_1_94' title='bbox 315 611 388 638; x_wconf 91' lang='lat' dir='ltr'><strong>enim</strong></span> <span class='ocrx_word' id='word_1_95' title='bbox 406 610 534 644; x_wconf 86' lang='lat' dir='ltr'><strong>utrinque</strong></span> <span class='ocrx_word' id='word_1_96' title='bbox 547 609 724 644; x_wconf 73' lang='lat' dir='ltr'><strong>progrediens</strong></span> <span class='ocrx_word' id='word_1_97' title='bbox 736 629 743 641; x_wconf 86' lang='lat'><strong>,</strong></span> <span class='ocrx_word' id='word_1_98' title='bbox 758 613 784 636; x_wconf 88' lang='lat' dir='ltr'><strong>ct</strong></span> <span class='ocrx_word' id='word_1_99' title='bbox 798 616 976 640; x_wconf 89' lang='lat' dir='ltr'><strong>concurrens,</strong></span> <span class='ocrx_word' id='word_1_100' title='bbox 992 611 1033 634; x_wconf 72' lang='grc' dir='ltr'>ιιι--</span> 
     </span>
    </p>
   </div>
   <div class='ocr_carea' id='block_1_16' title="bbox 246 654 1032 691">
    <p class='ocr_par' dir='ltr' id='par_1_16' title="bbox 246 654 1032 691">
     <span class='ocr_line' id='line_1_16' title="bbox 246 654 1032 691; baseline -0.003 -9"><span class='ocrx_word' id='word_1_101' title='bbox 246 663 298 691; x_wconf 88' lang='lat' dir='ltr'><strong>que</strong></span> <span class='ocrx_word' id='word_1_102' title='bbox 309 656 335 682; x_wconf 93' lang='lat' dir='ltr'><strong>in</strong></span> <span class='ocrx_word' id='word_1_103' title='bbox 350 663 432 682; x_wconf 90' lang='lat' dir='ltr'><strong>unum</strong></span> <span class='ocrx_word' id='word_1_104' title='bbox 445 654 585 682; x_wconf 84' lang='lat' dir='ltr'><strong>conﬂuens</strong></span> <span class='ocrx_word' id='word_1_105' title='bbox 597 655 781 689; x_wconf 79' lang='lat' dir='ltr'><strong>conjungitur.</strong></span> <span class='ocrx_word' id='word_1_106' title='bbox 794 654 900 681; x_wconf 83' lang='lat' dir='ltr'><strong>Etenim</strong></span> <span class='ocrx_word' id='word_1_107' title='bbox 913 654 947 680; x_wconf 89' lang='lat' dir='ltr'><strong>ab</strong></span> <span class='ocrx_word' id='word_1_108' title='bbox 960 658 1032 681; x_wconf 89' lang='lat' dir='ltr'><strong>utro-</strong></span> 
     </span>
    </p>
   </div>
   <div class='ocr_carea' id='block_1_17' title="bbox 246 699 1034 736">
    <p class='ocr_par' dir='ltr' id='par_1_17' title="bbox 246 699 1034 736">
     <span class='ocr_line' id='line_1_17' title="bbox 246 699 1034 736; baseline -0.003 -8"><span class='ocrx_word' id='word_1_109' title='bbox 246 709 299 736; x_wconf 88' lang='lat' dir='ltr'><strong>que</strong></span> <span class='ocrx_word' id='word_1_110' title='bbox 315 701 395 728; x_wconf 88' lang='lat' dir='ltr'><strong>oculo</strong></span> <span class='ocrx_word' id='word_1_111' title='bbox 412 706 539 735; x_wconf 86' lang='lat' dir='ltr'><strong>tanquam</strong></span> <span class='ocrx_word' id='word_1_112' title='bbox 553 707 568 726; x_wconf 87' lang='lat' dir='ltr'><strong>a</strong></span> <span class='ocrx_word' id='word_1_113' title='bbox 581 700 683 735; x_wconf 91' lang='lat' dir='ltr'><strong>duplici</strong></span> <span class='ocrx_word' id='word_1_114' title='bbox 700 699 801 735; x_wconf 87' lang='lat' dir='ltr'><strong>Euripo</strong></span> <span class='ocrx_word' id='word_1_115' title='bbox 814 700 892 735; x_wconf 82' lang='lat' dir='ltr'><strong>longe</strong></span> <span class='ocrx_word' id='word_1_116' title='bbox 907 700 1034 734; x_wconf 89' lang='lat' dir='ltr'><strong>prodiens</strong></span> 
     </span>
    </p>
   </div>
   <div class='ocr_carea' id='block_1_18' title="bbox 247 744 1032 780">
    <p class='ocr_par' dir='ltr' id='par_1_18' title="bbox 247 744 1032 780">
     <span class='ocr_line' id='line_1_18' title="bbox 247 744 1032 780; baseline -0.003 -7"><span class='ocrx_word' id='word_1_117' title='bbox 247 747 350 774; x_wconf 78' lang='lat' dir='ltr'><strong>canalis</strong></span> <span class='ocrx_word' id='word_1_118' title='bbox 370 746 425 773; x_wconf 87' lang='lat' dir='ltr'><strong>coit</strong></span> <span class='ocrx_word' id='word_1_119' title='bbox 445 750 472 773; x_wconf 89' lang='lat' dir='ltr'><strong>el.</strong></span> <span class='ocrx_word' id='word_1_120' title='bbox 493 746 649 780; x_wconf 75' lang='lat' dir='ltr'><strong>copulatur.</strong></span> <span class='ocrx_word' id='word_1_121' title='bbox 673 744 770 772; x_wconf 80' lang='lat' dir='ltr'><strong>Nonne</strong></span> <span class='ocrx_word' id='word_1_122' title='bbox 781 745 920 780; x_wconf 89' lang='lat' dir='ltr'><strong>conspicis</strong></span> <span class='ocrx_word' id='word_1_123' title='bbox 934 751 1032 776; x_wconf 82' lang='lat' dir='ltr'><strong>senes,</strong></span> 
     </span>
    </p>
   </div>
   <div class='ocr_carea' id='block_1_19' title="bbox 247 790 1036 825">
    <p class='ocr_par' dir='ltr' id='par_1_19' title="bbox 247 790 1036 825">
     <span class='ocr_line' id='line_1_19' title="bbox 247 790 1036 825; baseline -0.001 -8"><span class='ocrx_word' id='word_1_124' title='bbox 247 792 292 825; x_wconf 89' lang='lat' dir='ltr'><strong>qui</strong></span> <span class='ocrx_word' id='word_1_125' title='bbox 312 798 355 818; x_wconf 88' lang='lat' dir='ltr'><strong>res</strong></span> <span class='ocrx_word' id='word_1_126' title='bbox 378 791 404 817; x_wconf 86' lang='lat' dir='ltr'><strong>in</strong></span> <span class='ocrx_word' id='word_1_127' title='bbox 422 790 581 825; x_wconf 78' lang='lat' dir='ltr'><strong>propinquo</strong></span> <span class='ocrx_word' id='word_1_128' title='bbox 605 790 671 818; x_wconf 83' lang='lat' dir='ltr'><strong>sitas</strong></span> <span class='ocrx_word' id='word_1_129' title='bbox 695 790 796 817; x_wconf 88' lang='lat' dir='ltr'><strong>intueri</strong></span> <span class='ocrx_word' id='word_1_130' title='bbox 819 798 874 817; x_wconf 92' lang='lat' dir='ltr'><strong>non</strong></span> <span class='ocrx_word' id='word_1_131' title='bbox 898 790 1036 825; x_wconf 85' lang='lat' dir='ltr'><strong>possunt?</strong></span> 
     </span>
    </p>
   </div>
   <div class='ocr_carea' id='block_1_20' title="bbox 249 826 1070 871">
    <p class='ocr_par' dir='ltr' id='par_1_20' title="bbox 249 826 1070 871">
     <span class='ocr_line' id='line_1_20' title="bbox 249 826 1070 871; baseline -0.001 -7"><span class='ocrx_word' id='word_1_132' title='bbox 249 837 300 864; x_wconf 88' lang='lat' dir='ltr'><strong>Ubi</strong></span> <span class='ocrx_word' id='word_1_133' title='bbox 324 840 413 864; x_wconf 90' lang='lat' dir='ltr'><strong>autem</strong></span> <span class='ocrx_word' id='word_1_134' title='bbox 437 837 549 864; x_wconf 89' lang='lat' dir='ltr'><strong>obtutus</strong></span> <span class='ocrx_word' id='word_1_135' title='bbox 565 840 695 871; x_wconf 83' lang='lat' dir='ltr'><strong>tanquam</strong></span> <span class='ocrx_word' id='word_1_136' title='bbox 711 836 939 864; x_wconf 80' lang='lat' dir='ltr'><strong>concurrentibus</strong></span> <span class='ocrx_word' id='word_1_137' title='bbox 954 837 1034 863; x_wconf 88' lang='lat' dir='ltr'><strong>undis</strong></span> <span class='ocrx_word' id='word_1_138' title='bbox 1050 826 1070 853; x_wconf 72' lang='grc' dir='ltr'><strong><em>Β</em></strong></span> 
     </span>
    </p>
   </div>
   <div class='ocr_carea' id='block_1_21' title="bbox 249 881 1035 917">
    <p class='ocr_par' dir='ltr' id='par_1_21' title="bbox 249 881 1035 917">
     <span class='ocr_line' id='line_1_21' title="bbox 249 881 1035 917; baseline -0.001 -8"><span class='ocrx_word' id='word_1_139' title='bbox 249 883 276 909; x_wconf 91' lang='lat' dir='ltr'><strong>in</strong></span> <span class='ocrx_word' id='word_1_140' title='bbox 293 890 377 909; x_wconf 90' lang='lat' dir='ltr'><strong>unum</strong></span> <span class='ocrx_word' id='word_1_141' title='bbox 393 881 573 914; x_wconf 81' lang='lat' dir='ltr'><strong>conﬂuxerit,</strong></span> <span class='ocrx_word' id='word_1_142' title='bbox 591 889 635 908; x_wconf 87' lang='lat' dir='ltr'><strong>res</strong></span> <span class='ocrx_word' id='word_1_143' title='bbox 652 882 718 916; x_wconf 76' lang='lat' dir='ltr'><strong>ipsa:</strong></span> <span class='ocrx_word' id='word_1_144' title='bbox 736 881 841 909; x_wconf 90' lang='lat' dir='ltr'><strong>ﬁrmius</strong></span> <span class='ocrx_word' id='word_1_145' title='bbox 856 882 1035 917; x_wconf 82' lang='lat' dir='ltr'><strong>comprehen-</strong></span> 
     </span>
    </p>
   </div>
   <div class='ocr_carea' id='block_1_22' title="bbox 249 924 1033 960">
    <p class='ocr_par' dir='ltr' id='par_1_22' title="bbox 249 924 1033 960">
     <span class='ocr_line' id='line_1_22' title="bbox 249 924 1033 960; baseline 0.003 -9"><span class='ocrx_word' id='word_1_146' title='bbox 249 925 361 952; x_wconf 87' lang='lat' dir='ltr'><strong>dunltir.</strong></span> <span class='ocrx_word' id='word_1_147' title='bbox 377 924 436 951; x_wconf 86' lang='lat' dir='ltr'><strong>Jam</strong></span> <span class='ocrx_word' id='word_1_148' title='bbox 451 925 592 952; x_wconf 90' lang='lat' dir='ltr'><strong>oculorum</strong></span> <span class='ocrx_word' id='word_1_149' title='bbox 607 926 739 952; x_wconf 65' lang='lat' dir='ltr'><strong>custodiae</strong></span> <span class='ocrx_word' id='word_1_150' title='bbox 753 934 833 960; x_wconf 86' lang='lat' dir='ltr'><strong>quam</strong></span> <span class='ocrx_word' id='word_1_151' title='bbox 848 927 940 954; x_wconf 69' lang='lat' dir='ltr'><strong>multae</strong></span> <span class='ocrx_word' id='word_1_152' title='bbox 954 928 1033 954; x_wconf 85' lang='lat' dir='ltr'><strong>sunt!</strong></span> 
     </span>
    </p>
   </div>
   <div class='ocr_carea' id='block_1_23' title="bbox 249 969 1037 1007">
    <p class='ocr_par' dir='ltr' id='par_1_23' title="bbox 249 969 1037 1007">
     <span class='ocr_line' id='line_1_23' title="bbox 249 969 1037 1007; baseline 0.005 -11"><span class='ocrx_word' id='word_1_153' title='bbox 249 969 354 997; x_wconf 88' lang='lat' dir='ltr'><strong>Tunica</strong></span> <span class='ocrx_word' id='word_1_154' title='bbox 372 970 447 998; x_wconf 91' lang='lat' dir='ltr'><strong>intus</strong></span> <span class='ocrx_word' id='word_1_155' title='bbox 464 978 536 1004; x_wconf 87' lang='lat' dir='ltr'><strong>una,</strong></span> <span class='ocrx_word' id='word_1_156' title='bbox 553 969 602 998; x_wconf 88' lang='lat' dir='ltr'><strong>sed</strong></span> <span class='ocrx_word' id='word_1_157' title='bbox 617 971 675 998; x_wconf 62' lang='lat' dir='ltr'><strong>haec</strong></span> <span class='ocrx_word' id='word_1_158' title='bbox 692 979 748 998; x_wconf 92' lang='lat' dir='ltr'><strong>non</strong></span> <span class='ocrx_word' id='word_1_159' title='bbox 763 977 822 999; x_wconf 87' lang='lat' dir='ltr'><strong>erat</strong></span> <span class='ocrx_word' id='word_1_160' title='bbox 839 972 908 1000; x_wconf 84' lang='lat' dir='ltr'><strong>satis</strong></span> <span class='ocrx_word' id='word_1_161' title='bbox 924 981 931 1005; x_wconf 87' lang='lat'><strong>;</strong></span> <span class='ocrx_word' id='word_1_162' title='bbox 949 980 1037 1007; x_wconf 89' lang='lat' dir='ltr'><strong>neque</strong></span> 
     </span>
    </p>
   </div>
   <div class='ocr_carea' id='block_1_24' title="bbox 248 1016 1035 1051">
    <p class='ocr_par' dir='ltr' id='par_1_24' title="bbox 248 1016 1035 1051">
     <span class='ocr_line' id='line_1_24' title="bbox 248 1016 1035 1051; baseline 0.004 -9"><span class='ocrx_word' id='word_1_163' title='bbox 248 1016 321 1043; x_wconf 88' lang='lat' dir='ltr'><strong>enim</strong></span> <span class='ocrx_word' id='word_1_164' title='bbox 345 1017 444 1043; x_wconf 89' lang='lat' dir='ltr'><strong>molem</strong></span> <span class='ocrx_word' id='word_1_165' title='bbox 465 1024 519 1043; x_wconf 88' lang='lat' dir='ltr'><strong>una</strong></span> <span class='ocrx_word' id='word_1_166' title='bbox 540 1016 696 1045; x_wconf 87' lang='lat' dir='ltr'><strong>conﬁceret.</strong></span> <span class='ocrx_word' id='word_1_167' title='bbox 724 1017 795 1049; x_wconf 81' lang='lat' dir='ltr'><strong>Aut.</strong></span> <span class='ocrx_word' id='word_1_168' title='bbox 821 1018 844 1045; x_wconf 91' lang='lat' dir='ltr'><strong>si</strong></span> <span class='ocrx_word' id='word_1_169' title='bbox 867 1019 1035 1051; x_wconf 75' lang='lat' dir='ltr'><strong>conﬁceret,</strong></span> 
     </span>
    </p>
   </div>
   <div class='ocr_carea' id='block_1_25' title="bbox 250 1060 1038 1097">
    <p class='ocr_par' dir='ltr' id='par_1_25' title="bbox 250 1060 1038 1097">
     <span class='ocr_line' id='line_1_25' title="bbox 250 1060 1038 1097; baseline 0.004 -10"><span class='ocrx_word' id='word_1_170' title='bbox 250 1060 433 1088; x_wconf 87' lang='lat' dir='ltr'><strong>crassitudine</strong></span> <span class='ocrx_word' id='word_1_171' title='bbox 460 1068 510 1088; x_wconf 86' lang='lat' dir='ltr'><strong>sua</strong></span> <span class='ocrx_word' id='word_1_172' title='bbox 537 1062 668 1089; x_wconf 86' lang='lat' dir='ltr'><strong>cernendi</strong></span> <span class='ocrx_word' id='word_1_173' title='bbox 695 1061 748 1088; x_wconf 92' lang='lat' dir='ltr'><strong>vim</strong></span> <span class='ocrx_word' id='word_1_174' title='bbox 773 1062 929 1097; x_wconf 76' lang='lat' dir='ltr'><strong>obtegeret,</strong></span> <span class='ocrx_word' id='word_1_175' title='bbox 956 1066 1038 1097; x_wconf 85' lang='lat' dir='ltr'><strong>atque</strong></span> 
     </span>
    </p>
   </div>
   <div class='ocr_carea' id='block_1_26' title="bbox 251 1107 1038 1142">
    <p class='ocr_par' dir='ltr' id='par_1_26' title="bbox 251 1107 1038 1142">
     <span class='ocr_line' id='line_1_26' title="bbox 251 1107 1038 1142; baseline 0.001 -8"><span class='ocrx_word' id='word_1_176' title='bbox 251 1107 403 1142; x_wconf 87' lang='lat' dir='ltr'><strong>impediret.</strong></span> <span class='ocrx_word' id='word_1_177' title='bbox 417 1107 599 1140; x_wconf 87' lang='lat' dir='ltr'><strong>Quamobrem</strong></span> <span class='ocrx_word' id='word_1_178' title='bbox 613 1115 727 1135; x_wconf 86' lang='lat' dir='ltr'><strong>necesse</strong></span> <span class='ocrx_word' id='word_1_179' title='bbox 741 1107 793 1134; x_wconf 80' lang='lat' dir='ltr'><strong>fuit</strong></span> <span class='ocrx_word' id='word_1_180' title='bbox 804 1126 811 1139; x_wconf 90' lang='lat'><strong>,</strong></span> <span class='ocrx_word' id='word_1_181' title='bbox 827 1112 856 1134; x_wconf 92' lang='lat' dir='ltr'><strong>ut</strong></span> <span class='ocrx_word' id='word_1_182' title='bbox 870 1112 942 1136; x_wconf 86' lang='lat' dir='ltr'><strong>esset</strong></span> <span class='ocrx_word' id='word_1_183' title='bbox 955 1109 1038 1136; x_wconf 86' lang='lat' dir='ltr'><strong>etiam</strong></span> 
     </span>
    </p>
   </div>
   <div class='ocr_carea' id='block_1_27' title="bbox 250 1152 1038 1188">
    <p class='ocr_par' dir='ltr' id='par_1_27' title="bbox 250 1152 1038 1188">
     <span class='ocr_line' id='line_1_27' title="bbox 250 1152 1038 1188; baseline 0.004 -9"><span class='ocrx_word' id='word_1_184' title='bbox 250 1153 411 1188; x_wconf 84' lang='lat' dir='ltr'><strong>perspicua,</strong></span> <span class='ocrx_word' id='word_1_185' title='bbox 433 1157 460 1180; x_wconf 87' lang='lat' dir='ltr'><strong>et</strong></span> <span class='ocrx_word' id='word_1_186' title='bbox 478 1153 556 1181; x_wconf 84' lang='lat' dir='ltr'><strong>levis.</strong></span> <span class='ocrx_word' id='word_1_187' title='bbox 575 1152 634 1180; x_wconf 87' lang='lat' dir='ltr'><strong>Una</strong></span> <span class='ocrx_word' id='word_1_188' title='bbox 656 1153 740 1187; x_wconf 82' lang='lat' dir='ltr'><strong>igitur</strong></span> <span class='ocrx_word' id='word_1_189' title='bbox 763 1154 927 1188; x_wconf 86' lang='lat' dir='ltr'><strong>perspicua,</strong></span> <span class='ocrx_word' id='word_1_190' title='bbox 954 1155 1038 1182; x_wconf 85' lang='lat' dir='ltr'><strong>altera</strong></span> 
     </span>
    </p>
   </div>
   <div class='ocr_carea' id='block_1_28' title="bbox 251 1198 1038 1234">
    <p class='ocr_par' dir='ltr' id='par_1_28' title="bbox 251 1198 1038 1234">
     <span class='ocr_line' id='line_1_28' title="bbox 251 1198 1038 1234; baseline 0.003 -10"><span class='ocrx_word' id='word_1_191' title='bbox 251 1199 341 1226; x_wconf 88' lang='lat' dir='ltr'><strong>tenuis</strong></span> <span class='ocrx_word' id='word_1_192' title='bbox 355 1206 362 1231; x_wconf 90' lang='lat'><strong>;</strong></span> <span class='ocrx_word' id='word_1_193' title='bbox 375 1199 419 1225; x_wconf 92' lang='lat' dir='ltr'><strong>illa</strong></span> <span class='ocrx_word' id='word_1_194' title='bbox 431 1199 541 1233; x_wconf 83' lang='lat' dir='ltr'><strong>quidem</strong></span> <span class='ocrx_word' id='word_1_195' title='bbox 555 1199 712 1233; x_wconf 81' lang='lat' dir='ltr'><strong>crystallina</strong></span> <span class='ocrx_word' id='word_1_196' title='bbox 723 1217 730 1230; x_wconf 92' lang='lat'><strong>,</strong></span> <span class='ocrx_word' id='word_1_197' title='bbox 745 1198 801 1226; x_wconf 59' lang='lat' dir='ltr'><strong>haec</strong></span> <span class='ocrx_word' id='word_1_198' title='bbox 815 1203 904 1226; x_wconf 88' lang='lat' dir='ltr'><strong>autem</strong></span> <span class='ocrx_word' id='word_1_199' title='bbox 921 1206 1038 1234; x_wconf 87' lang='lat' dir='ltr'><strong>cornea;</strong></span> 
     </span>
    </p>
   </div>
   <div class='ocr_carea' id='block_1_29' title="bbox 250 1243 1041 1278">
    <p class='ocr_par' dir='ltr' id='par_1_29' title="bbox 250 1243 1041 1278">
     <span class='ocr_line' id='line_1_29' title="bbox 250 1243 1041 1278; baseline 0.004 -8"><span class='ocrx_word' id='word_1_200' title='bbox 250 1247 278 1271; x_wconf 87' lang='lat' dir='ltr'><strong>et</strong></span> <span class='ocrx_word' id='word_1_201' title='bbox 292 1250 352 1278; x_wconf 70' lang='lat' dir='ltr'><strong>quae</strong></span> <span class='ocrx_word' id='word_1_202' title='bbox 367 1243 500 1278; x_wconf 84' lang='lat' dir='ltr'><strong>protegit,</strong></span> <span class='ocrx_word' id='word_1_203' title='bbox 513 1243 628 1276; x_wconf 89' lang='lat' dir='ltr'><strong>ﬁrmior,</strong></span> <span class='ocrx_word' id='word_1_204' title='bbox 641 1251 702 1278; x_wconf 68' lang='lat' dir='ltr'><strong>quae</strong></span> <span class='ocrx_word' id='word_1_205' title='bbox 716 1244 789 1271; x_wconf 85' lang='lat' dir='ltr'><strong>intus</strong></span> <span class='ocrx_word' id='word_1_206' title='bbox 802 1248 859 1276; x_wconf 87' lang='lat' dir='ltr'><strong>est,</strong></span> <span class='ocrx_word' id='word_1_207' title='bbox 874 1245 993 1278; x_wconf 86' lang='lat' dir='ltr'><strong>tenuior,</strong></span> <span class='ocrx_word' id='word_1_208' title='bbox 1007 1253 1041 1273; x_wconf 88' lang='lat' dir='ltr'><strong>ne</strong></span> 
     </span>
    </p>
   </div>
   <div class='ocr_carea' id='block_1_30' title="bbox 252 1289 1042 1325">
    <p class='ocr_par' dir='ltr' id='par_1_30' title="bbox 252 1289 1042 1325">
     <span class='ocr_line' id='line_1_30' title="bbox 252 1289 1042 1325; baseline 0.003 -9"><span class='ocrx_word' id='word_1_209' title='bbox 252 1289 354 1316; x_wconf 88' lang='lat' dir='ltr'><strong>aditum</strong></span> <span class='ocrx_word' id='word_1_210' title='bbox 380 1289 575 1316; x_wconf 85' lang='lat' dir='ltr'><strong>intercluderet</strong></span> <span class='ocrx_word' id='word_1_211' title='bbox 588 1309 596 1321; x_wconf 91' lang='lat'><strong>,</strong></span> <span class='ocrx_word' id='word_1_212' title='bbox 615 1289 696 1316; x_wconf 85' lang='lat' dir='ltr'><strong>tertia</strong></span> <span class='ocrx_word' id='word_1_213' title='bbox 720 1290 879 1325; x_wconf 83' lang='lat' dir='ltr'><strong>crystallina</strong></span> <span class='ocrx_word' id='word_1_214' title='bbox 891 1311 897 1322; x_wconf 88' lang='lat'><strong>,</strong></span> <span class='ocrx_word' id='word_1_215' title='bbox 923 1294 953 1317; x_wconf 88' lang='lat' dir='ltr'><strong>ut</strong></span> <span class='ocrx_word' id='word_1_216' title='bbox 969 1291 995 1317; x_wconf 93' lang='lat' dir='ltr'><strong>in</strong></span> <span class='ocrx_word' id='word_1_217' title='bbox 1011 1299 1042 1318; x_wconf 86' lang='lat' dir='ltr'><strong>se</strong></span> 
     </span>
    </p>
   </div>
   <div class='ocr_carea' id='block_1_31' title="bbox 253 1335 1041 1371">
    <p class='ocr_par' dir='ltr' id='par_1_31' title="bbox 253 1335 1041 1371">
     <span class='ocr_line' id='line_1_31' title="bbox 253 1335 1041 1371; baseline 0.004 -10"><span class='ocrx_word' id='word_1_218' title='bbox 253 1335 426 1370; x_wconf 87' lang='lat' dir='ltr'><strong>splendorem</strong></span> <span class='ocrx_word' id='word_1_219' title='bbox 444 1335 624 1370; x_wconf 86' lang='lat' dir='ltr'><strong>conspicuum</strong></span> <span class='ocrx_word' id='word_1_220' title='bbox 643 1335 808 1362; x_wconf 89' lang='lat' dir='ltr'><strong>contineret.</strong></span> <span class='ocrx_word' id='word_1_221' title='bbox 827 1335 968 1364; x_wconf 82' lang='lat' dir='ltr'><strong>Accedunt</strong></span> <span class='ocrx_word' id='word_1_222' title='bbox 984 1337 1041 1371; x_wconf 83' lang='lat' dir='ltr'><strong>pal—</strong></span> 
     </span>
    </p>
   </div>
   <div class='ocr_carea' id='block_1_32' title="bbox 253 1379 1043 1416">
    <p class='ocr_par' dir='ltr' id='par_1_32' title="bbox 253 1379 1043 1416">
     <span class='ocr_line' id='line_1_32' title="bbox 253 1379 1043 1416; baseline 0.004 -10"><span class='ocrx_word' id='word_1_223' title='bbox 253 1380 360 1415; x_wconf 68' lang='lat' dir='ltr'><strong>pebrae,</strong></span> <span class='ocrx_word' id='word_1_224' title='bbox 378 1387 439 1414; x_wconf 67' lang='lat' dir='ltr'><strong>qua:</strong></span> <span class='ocrx_word' id='word_1_225' title='bbox 457 1384 521 1407; x_wconf 91' lang='lat' dir='ltr'><strong>sunt</strong></span> <span class='ocrx_word' id='word_1_226' title='bbox 534 1379 677 1407; x_wconf 87' lang='lat' dir='ltr'><strong>oculorum</strong></span> <span class='ocrx_word' id='word_1_227' title='bbox 694 1380 901 1415; x_wconf 86' lang='lat' dir='ltr'><strong>integumenta,</strong></span> <span class='ocrx_word' id='word_1_228' title='bbox 927 1386 955 1409; x_wconf 90' lang='lat' dir='ltr'><strong>et</strong></span> <span class='ocrx_word' id='word_1_229' title='bbox 981 1389 1043 1416; x_wconf 90' lang='lat' dir='ltr'><strong>pro-</strong></span> 
     </span>
    </p>
   </div>
   <div class='ocr_carea' id='block_1_33' title="bbox 254 1425 1044 1462">
    <p class='ocr_par' dir='ltr' id='par_1_33' title="bbox 254 1425 1044 1462">
     <span class='ocr_line' id='line_1_33' title="bbox 254 1425 1044 1462; baseline 0.004 -10"><span class='ocrx_word' id='word_1_230' title='bbox 254 1426 406 1461; x_wconf 80' lang='lat' dir='ltr'><strong>pugnacula</strong></span> <span class='ocrx_word' id='word_1_231' title='bbox 432 1430 459 1453; x_wconf 90' lang='lat' dir='ltr'><strong>et</strong></span> <span class='ocrx_word' id='word_1_232' title='bbox 486 1425 640 1457; x_wconf 85' lang='lat' dir='ltr'><strong>domicilia,</strong></span> <span class='ocrx_word' id='word_1_233' title='bbox 671 1430 753 1461; x_wconf 86' lang='lat' dir='ltr'><strong>atque</strong></span> <span class='ocrx_word' id='word_1_234' title='bbox 779 1427 929 1455; x_wconf 90' lang='lat' dir='ltr'><strong>custodes:</strong></span> <span class='ocrx_word' id='word_1_235' title='bbox 956 1435 1044 1462; x_wconf 83' lang='lat' dir='ltr'><strong>neque</strong></span> 
     </span>
    </p>
   </div>
   <div class='ocr_carea' id='block_1_34' title="bbox 255 1471 1044 1506">
    <p class='ocr_par' dir='ltr' id='par_1_34' title="bbox 255 1471 1044 1506">
     <span class='ocr_line' id='line_1_34' title="bbox 255 1471 1044 1506; baseline 0.003 -8"><span class='ocrx_word' id='word_1_236' title='bbox 255 1471 326 1498; x_wconf 90' lang='lat' dir='ltr'><strong>enim</strong></span> <span class='ocrx_word' id='word_1_237' title='bbox 342 1479 441 1499; x_wconf 88' lang='lat' dir='ltr'><strong>manus</strong></span> <span class='ocrx_word' id='word_1_238' title='bbox 456 1479 504 1499; x_wconf 86' lang='lat' dir='ltr'><strong>eos</strong></span> <span class='ocrx_word' id='word_1_239' title='bbox 522 1472 592 1498; x_wconf 90' lang='lat' dir='ltr'><strong>tueri</strong></span> <span class='ocrx_word' id='word_1_240' title='bbox 610 1472 773 1506; x_wconf 87' lang='lat' dir='ltr'><strong>potuissent.</strong></span> <span class='ocrx_word' id='word_1_241' title='bbox 791 1471 859 1499; x_wconf 85' lang='lat' dir='ltr'><strong>Nam</strong></span> <span class='ocrx_word' id='word_1_242' title='bbox 877 1472 942 1500; x_wconf 90' lang='lat' dir='ltr'><strong>dum</strong></span> <span class='ocrx_word' id='word_1_243' title='bbox 957 1474 1044 1500; x_wconf 91' lang='lat' dir='ltr'><strong>oculis</strong></span> 
     </span>
    </p>
   </div>
   <div class='ocr_carea' id='block_1_35' title="bbox 255 1515 1045 1552">
    <p class='ocr_par' dir='ltr' id='par_1_35' title="bbox 255 1515 1045 1552">
     <span class='ocr_line' id='line_1_35' title="bbox 255 1515 1045 1552; baseline 0.005 -10"><span class='ocrx_word' id='word_1_244' title='bbox 255 1516 321 1551; x_wconf 72' lang='lat' dir='ltr'><strong>ipsa:</strong></span> <span class='ocrx_word' id='word_1_245' title='bbox 341 1515 444 1543; x_wconf 84' lang='lat' dir='ltr'><strong>ferrent</strong></span> <span class='ocrx_word' id='word_1_246' title='bbox 466 1516 615 1548; x_wconf 85' lang='lat' dir='ltr'><strong>auxilium,</strong></span> <span class='ocrx_word' id='word_1_247' title='bbox 639 1517 748 1544; x_wconf 90' lang='lat' dir='ltr'><strong>interim</strong></span> <span class='ocrx_word' id='word_1_248' title='bbox 772 1517 945 1545; x_wconf 67' lang='lat' dir='ltr'><strong>laederentur.</strong></span> <span class='ocrx_word' id='word_1_249' title='bbox 971 1519 1045 1552; x_wconf 91' lang='lat' dir='ltr'><strong>Quo-</strong></span> 
     </span>
    </p>
   </div>
   <div class='ocr_carea' id='block_1_36' title="bbox 260 1562 1044 1598">
    <p class='ocr_par' dir='ltr' id='par_1_36' title="bbox 260 1562 1044 1598">
     <span class='ocr_line' id='line_1_36' title="bbox 260 1562 1044 1598; baseline 0.005 -10"><span class='ocrx_word' id='word_1_250' title='bbox 260 1562 334 1589; x_wconf 83' lang='lat' dir='ltr'><strong>circa</strong></span> <span class='ocrx_word' id='word_1_251' title='bbox 351 1565 450 1596; x_wconf 74' lang='lat' dir='ltr'><strong>pracsto</strong></span> <span class='ocrx_word' id='word_1_252' title='bbox 467 1566 532 1589; x_wconf 89' lang='lat' dir='ltr'><strong>sunt</strong></span> <span class='ocrx_word' id='word_1_253' title='bbox 547 1562 699 1597; x_wconf 60' lang='lat' dir='ltr'><strong>palpebrae,</strong></span> <span class='ocrx_word' id='word_1_254' title='bbox 714 1571 774 1598; x_wconf 65' lang='lat' dir='ltr'><strong>qum</strong></span> <span class='ocrx_word' id='word_1_255' title='bbox 790 1571 874 1598; x_wconf 84' lang='lat' dir='ltr'><strong>supra</strong></span> <span class='ocrx_word' id='word_1_256' title='bbox 891 1565 1044 1598; x_wconf 79' lang='lat' dir='ltr'><strong>excubant,</strong></span> 
     </span>
    </p>
   </div>
   <div class='ocr_carea' id='block_1_37' title="bbox 255 1607 1046 1643">
    <p class='ocr_par' dir='ltr' id='par_1_37' title="bbox 255 1607 1046 1643">
     <span class='ocr_line' id='line_1_37' title="bbox 255 1607 1046 1643; baseline 0.003 -8"><span class='ocrx_word' id='word_1_257' title='bbox 255 1610 283 1635; x_wconf 79' lang='lat' dir='ltr'><strong>et</strong></span> <span class='ocrx_word' id='word_1_258' title='bbox 303 1607 483 1642; x_wconf 85' lang='lat' dir='ltr'><strong>simulatque</strong></span> <span class='ocrx_word' id='word_1_259' title='bbox 502 1607 696 1635; x_wconf 62' lang='lat' dir='ltr'><strong>detrimentum</strong></span> <span class='ocrx_word' id='word_1_260' title='bbox 718 1614 930 1643; x_wconf 72' lang='lat' dir='ltr'><strong>praesenserant,</strong></span> <span class='ocrx_word' id='word_1_261' title='bbox 954 1611 1046 1638; x_wconf 85' lang='lat' dir='ltr'><strong>statim</strong></span> 
     </span>
    </p>
   </div>
   <div class='ocr_carea' id='block_1_38' title="bbox 257 1652 1048 1690">
    <p class='ocr_par' dir='ltr' id='par_1_38' title="bbox 257 1652 1048 1690">
     <span class='ocr_line' id='line_1_38' title="bbox 257 1652 1048 1690; baseline 0.005 -11"><span class='ocrx_word' id='word_1_262' title='bbox 257 1652 353 1680; x_wconf 84' lang='lat' dir='ltr'><strong>oeulos</strong></span> <span class='ocrx_word' id='word_1_263' title='bbox 368 1652 500 1688; x_wconf 69' lang='lat' dir='ltr'><strong>obtt-gunt</strong></span> <span class='ocrx_word' id='word_1_264' title='bbox 512 1657 540 1680; x_wconf 91' lang='lat' dir='ltr'><strong>et</strong></span> <span class='ocrx_word' id='word_1_265' title='bbox 553 1652 713 1681; x_wconf 84' lang='lat' dir='ltr'><strong>defendunt.</strong></span> <span class='ocrx_word' id='word_1_266' title='bbox 728 1653 818 1687; x_wconf 84' lang='lat' dir='ltr'><strong>Quare</strong></span> <span class='ocrx_word' id='word_1_267' title='bbox 831 1658 857 1682; x_wconf 88' lang='lat' dir='ltr'><strong>et</strong></span> <span class='ocrx_word' id='word_1_268' title='bbox 872 1655 983 1690; x_wconf 69' lang='lat' dir='ltr'><strong>pupillae</strong></span> <span class='ocrx_word' id='word_1_269' title='bbox 996 1656 1048 1683; x_wconf 89' lang='lat' dir='ltr'><strong>sub</strong></span> 
     </span>
    </p>
   </div>
   <div class='ocr_carea' id='block_1_39' title="bbox 258 1698 915 1735">
    <p class='ocr_par' dir='ltr' id='par_1_39' title="bbox 258 1698 915 1735">
     <span class='ocr_line' id='line_1_39' title="bbox 258 1698 915 1735; baseline 0.005 -10"><span class='ocrx_word' id='word_1_270' title='bbox 258 1698 305 1725; x_wconf 91' lang='lat' dir='ltr'><strong>tali</strong></span> <span class='ocrx_word' id='word_1_271' title='bbox 319 1699 379 1726; x_wconf 88' lang='lat' dir='ltr'><strong>velo</strong></span> <span class='ocrx_word' id='word_1_272' title='bbox 395 1700 534 1727; x_wconf 71' lang='lat' dir='ltr'><strong>collocatae</strong></span> <span class='ocrx_word' id='word_1_273' title='bbox 549 1707 603 1727; x_wconf 93' lang='lat' dir='ltr'><strong>non</strong></span> <span class='ocrx_word' id='word_1_274' title='bbox 618 1699 697 1727; x_wconf 80' lang='lat' dir='ltr'><strong>facile</strong></span> <span class='ocrx_word' id='word_1_275' title='bbox 713 1700 771 1728; x_wconf 69' lang='lat' dir='ltr'><strong>laedi</strong></span> <span class='ocrx_word' id='word_1_276' title='bbox 789 1705 915 1735; x_wconf 89' lang='lat' dir='ltr'><strong>possunt.</strong></span> 
     </span>
    </p>
   </div>
   <div class='ocr_carea' id='block_1_40' title="bbox 1078 195 1863 235">
    <p class='ocr_par' dir='ltr' id='par_1_40' title="bbox 1078 195 1863 235">
     <span class='ocr_line' id='line_1_40' title="bbox 1078 195 1863 235; baseline -0.006 -8"><span class='ocrx_word' id='word_1_277' title='bbox 1078 210 1125 227; x_wconf 86' lang='grc' dir='ltr'>νυν</span> <span class='ocrx_word' id='word_1_278' title='bbox 1155 195 1285 235; x_wconf 46' lang='grc' dir='ltr'>κὰθὶίνται</span> <span class='ocrx_word' id='word_1_279' title='bbox 1318 200 1508 234; x_wconf 77' lang='grc' dir='ltr'>κυκλοτερεῖς,</span> <span class='ocrx_word' id='word_1_280' title='bbox 1540 198 1660 233; x_wconf 79' lang='grc' dir='ltr'><strong>κεφαλῆς</strong></span> <span class='ocrx_word' id='word_1_281' title='bbox 1687 197 1863 232; x_wconf 82' lang='grc' dir='ltr'><strong>ἐπικειμένης</strong></span> 
     </span>
    </p>
   </div>
   <div class='ocr_carea' id='block_1_41' title="bbox 1078 242 1866 281">
    <p class='ocr_par' dir='ltr' id='par_1_41' title="bbox 1078 242 1866 281">
     <span class='ocr_line' id='line_1_41' title="bbox 1078 242 1866 281; baseline -0.005 -9"><span class='ocrx_word' id='word_1_282' title='bbox 1078 248 1133 277; x_wconf 78' lang='grc' dir='ltr'>τοῖς</span> <span class='ocrx_word' id='word_1_283' title='bbox 1153 245 1247 281; x_wconf 72' lang='grc' dir='ltr'>ὤμοις.</span> <span class='ocrx_word' id='word_1_284' title='bbox 1268 245 1334 272; x_wconf 81' lang='grc' dir='ltr'>Οὐδὲ</span> <span class='ocrx_word' id='word_1_285' title='bbox 1353 245 1421 279; x_wconf 76' lang='grc' dir='ltr'>αὑτὴ</span> <span class='ocrx_word' id='word_1_286' title='bbox 1447 244 1612 276; x_wconf 76' lang='grc' dir='ltr'><strong>ἐνδεδυκυῖα,</strong></span> <span class='ocrx_word' id='word_1_287' title='bbox 1629 243 1672 269; x_wconf 82' lang='grc' dir='ltr'>ἵνα</span> <span class='ocrx_word' id='word_1_288' title='bbox 1695 242 1732 278; x_wconf 86' lang='grc' dir='ltr'>μὴ</span> <span class='ocrx_word' id='word_1_289' title='bbox 1749 243 1866 277; x_wconf 83' lang='grc' dir='ltr'>ταπεινὴ</span> 
     </span>
    </p>
   </div>
   <div class='ocr_carea' id='block_1_42' title="bbox 1078 288 1865 327">
    <p class='ocr_par' dir='ltr' id='par_1_42' title="bbox 1078 288 1865 327">
     <span class='ocr_line' id='line_1_42' title="bbox 1078 288 1865 327; baseline -0.004 -11"><span class='ocrx_word' id='word_1_290' title='bbox 1078 288 1112 327; x_wconf 79' lang='grc' dir='ltr'><strong>ᾖ·</strong></span> <span class='ocrx_word' id='word_1_291' title='bbox 1146 290 1202 316; x_wconf 80' lang='grc' dir='ltr'>ἀλλ’</span> <span class='ocrx_word' id='word_1_292' title='bbox 1233 290 1374 326; x_wconf 78' lang='grc' dir='ltr'><strong>ἐρείσματι</strong></span> <span class='ocrx_word' id='word_1_293' title='bbox 1410 288 1540 324; x_wconf 81' lang='grc' dir='ltr'><strong>ἀξιολόγῳ</strong></span> <span class='ocrx_word' id='word_1_294' title='bbox 1570 288 1608 323; x_wconf 83' lang='grc' dir='ltr'>τῷ</span> <span class='ocrx_word' id='word_1_295' title='bbox 1639 288 1731 322; x_wconf 81' lang='grc' dir='ltr'>αὐχένι</span> <span class='ocrx_word' id='word_1_296' title='bbox 1759 288 1865 314; x_wconf 78' lang='grc' dir='ltr'>ἐπίκει-</span> 
     </span>
    </p>
   </div>
   <div class='ocr_carea' id='block_1_43' title="bbox 1079 332 1864 370">
    <p class='ocr_par' dir='ltr' id='par_1_43' title="bbox 1079 332 1864 370">
     <span class='ocr_line' id='line_1_43' title="bbox 1079 332 1864 370; baseline -0.003 -8"><span class='ocrx_word' id='word_1_297' title='bbox 1079 344 1134 363; x_wconf 83' lang='grc' dir='ltr'>ται.</span> <span class='ocrx_word' id='word_1_298' title='bbox 1149 337 1221 362; x_wconf 79' lang='grc' dir='ltr'><strong>’Λνω</strong></span> <span class='ocrx_word' id='word_1_299' title='bbox 1239 337 1255 370; x_wconf 83' lang='grc' dir='ltr'><strong>ἡ</strong></span> <span class='ocrx_word' id='word_1_300' title='bbox 1277 335 1398 370; x_wconf 81' lang='grc' dir='ltr'>κεφαλὴ,</span> <span class='ocrx_word' id='word_1_301' title='bbox 1427 334 1473 361; x_wconf 74' lang='grc' dir='ltr'><strong>καὶ</strong></span> <span class='ocrx_word' id='word_1_302' title='bbox 1494 334 1626 368; x_wconf 74' lang='grc' dir='ltr'>ὀφθαλμοὶ</span> <span class='ocrx_word' id='word_1_303' title='bbox 1647 333 1751 368; x_wconf 83' lang='grc' dir='ltr'>δίδυμοι</span> <span class='ocrx_word' id='word_1_304' title='bbox 1779 332 1864 367; x_wconf 74' lang='grc' dir='ltr'>βολαί.</span> 
     </span>
    </p>
   </div>
   <div class='ocr_carea' id='block_1_44' title="bbox 1081 378 1868 416">
    <p class='ocr_par' dir='ltr' id='par_1_44' title="bbox 1081 378 1868 416">
     <span class='ocr_line' id='line_1_44' title="bbox 1081 378 1868 416; baseline -0.006 -8"><span class='ocrx_word' id='word_1_305' title='bbox 1081 382 1136 408; x_wconf 72' lang='grc' dir='ltr'>Οὐκ</span> <span class='ocrx_word' id='word_1_306' title='bbox 1149 382 1238 416; x_wconf 76' lang='grc' dir='ltr'>ἤρκει,</span> <span class='ocrx_word' id='word_1_307' title='bbox 1254 381 1314 407; x_wconf 67' lang='grc' dir='ltr'>εἰπέ</span> <span class='ocrx_word' id='word_1_308' title='bbox 1330 388 1385 414; x_wconf 81' lang='grc' dir='ltr'>μοι,</span> <span class='ocrx_word' id='word_1_309' title='bbox 1402 378 1458 412; x_wconf 62' lang='lat' dir='ltr'><strong>sig;</strong></span> <span class='ocrx_word' id='word_1_310' title='bbox 1481 379 1559 406; x_wconf 75' lang='grc' dir='ltr'><strong>Ἀλλὰ</strong></span> <span class='ocrx_word' id='word_1_311' title='bbox 1578 379 1624 405; x_wconf 87' lang='grc' dir='ltr'><strong>δύο</strong></span> <span class='ocrx_word' id='word_1_312' title='bbox 1637 378 1771 414; x_wconf 82' lang='grc' dir='ltr'>ὀφθαλμοὶ</span> <span class='ocrx_word' id='word_1_313' title='bbox 1785 378 1868 413; x_wconf 70' lang='grc' dir='ltr'>ἀλλή-</span> 
     </span>
    </p>
   </div>
   <div class='ocr_carea' id='block_1_45' title="bbox 1080 424 1867 461">
    <p class='ocr_par' dir='ltr' id='par_1_45' title="bbox 1080 424 1867 461">
     <span class='ocr_line' id='line_1_45' title="bbox 1080 424 1867 461; baseline -0.004 -8"><span class='ocrx_word' id='word_1_314' title='bbox 1080 427 1133 453; x_wconf 85' lang='grc' dir='ltr'>λων</span> <span class='ocrx_word' id='word_1_315' title='bbox 1147 427 1278 461; x_wconf 80' lang='grc' dir='ltr'><strong>διάδοχοι,</strong></span> <span class='ocrx_word' id='word_1_316' title='bbox 1295 426 1338 452; x_wconf 79' lang='grc' dir='ltr'><strong>ἵνα</strong></span> <span class='ocrx_word' id='word_1_317' title='bbox 1351 426 1367 460; x_wconf 88' lang='grc' dir='ltr'>ὴ</span> <span class='ocrx_word' id='word_1_318' title='bbox 1383 425 1428 452; x_wconf 73' lang='grc' dir='ltr'>τοῦ</span> <span class='ocrx_word' id='word_1_319' title='bbox 1446 426 1504 456; x_wconf 76' lang='grc' dir='ltr'>ἐνὸς</span> <span class='ocrx_word' id='word_1_320' title='bbox 1518 425 1638 456; x_wconf 78' lang='grc' dir='ltr'><strong>διάλυσις</strong></span> <span class='ocrx_word' id='word_1_321' title='bbox 1649 425 1697 459; x_wconf 87' lang='grc' dir='ltr'>τὴν</span> <span class='ocrx_word' id='word_1_322' title='bbox 1712 424 1759 450; x_wconf 77' lang='grc' dir='ltr'>τοῦ</span> <span class='ocrx_word' id='word_1_323' title='bbox 1772 424 1867 460; x_wconf 76' lang='grc' dir='ltr'>ἑτέρου</span> 
     </span>
    </p>
   </div>
   <div class='ocr_carea' id='block_1_46' title="bbox 1082 471 1868 507">
    <p class='ocr_par' dir='ltr' id='par_1_46' title="bbox 1082 471 1868 507">
     <span class='ocr_line' id='line_1_46' title="bbox 1082 471 1868 507; baseline -0.003 -9"><span class='ocrx_word' id='word_1_324' title='bbox 1082 472 1256 507; x_wconf 77' lang='grc' dir='ltr'>παραμυθίαν</span> <span class='ocrx_word' id='word_1_325' title='bbox 1271 471 1330 506; x_wconf 72' lang='grc' dir='ltr'><strong>ἔχῃ.</strong></span> <span class='ocrx_word' id='word_1_326' title='bbox 1351 471 1465 497; x_wconf 79' lang='grc' dir='ltr'>Ἔπειτα</span> <span class='ocrx_word' id='word_1_327' title='bbox 1486 471 1532 497; x_wconf 82' lang='grc' dir='ltr'>καὶ</span> <span class='ocrx_word' id='word_1_328' title='bbox 1549 471 1602 497; x_wconf 77' lang='grc' dir='ltr'><strong>ἀπὺ</strong></span> <span class='ocrx_word' id='word_1_329' title='bbox 1624 471 1682 502; x_wconf 63' lang='lat' dir='ltr'><strong>eve;</strong></span> <span class='ocrx_word' id='word_1_330' title='bbox 1701 471 1868 505; x_wconf 81' lang='grc' dir='ltr'>προερχόμε-</span> 
     </span>
    </p>
   </div>
   <div class='ocr_carea' id='block_1_47' title="bbox 1082 515 1868 553">
    <p class='ocr_par' dir='ltr' id='par_1_47' title="bbox 1082 515 1868 553">
     <span class='ocr_line' id='line_1_47' title="bbox 1082 515 1868 553; baseline -0.004 -9"><span class='ocrx_word' id='word_1_331' title='bbox 1082 527 1127 544; x_wconf 88' lang='grc' dir='ltr'><strong>νον</strong></span> <span class='ocrx_word' id='word_1_332' title='bbox 1151 517 1181 544; x_wconf 76' lang='grc' dir='ltr'><strong>τδ</strong></span> <span class='ocrx_word' id='word_1_333' title='bbox 1207 517 1333 553; x_wconf 66' lang='grc' dir='ltr'>ὁρατικὴν</span> <span class='ocrx_word' id='word_1_334' title='bbox 1347 537 1354 549; x_wconf 86' lang='grc'><strong>,</strong></span> <span class='ocrx_word' id='word_1_335' title='bbox 1371 517 1564 551; x_wconf 81' lang='grc' dir='ltr'>ἀσθενέστερον</span> <span class='ocrx_word' id='word_1_336' title='bbox 1583 523 1590 530; x_wconf 84' lang='grc'><strong>”</strong></span> <span class='ocrx_word' id='word_1_337' title='bbox 1606 518 1637 543; x_wconf 78' lang='grc' dir='ltr'>ἐκ</span> <span class='ocrx_word' id='word_1_338' title='bbox 1653 517 1681 542; x_wconf 80' lang='grc' dir='ltr'>δὲ</span> <span class='ocrx_word' id='word_1_339' title='bbox 1701 516 1747 542; x_wconf 84' lang='grc' dir='ltr'><strong>δύο</strong></span> <span class='ocrx_word' id='word_1_340' title='bbox 1772 515 1868 550; x_wconf 73' lang='grc' dir='ltr'>πηγῶν</span> 
     </span>
    </p>
   </div>
   <div class='ocr_carea' id='block_1_48' title="bbox 1084 561 1868 598">
    <p class='ocr_par' dir='ltr' id='par_1_48' title="bbox 1084 561 1868 598">
     <span class='ocr_line' id='line_1_48' title="bbox 1084 561 1868 598; baseline -0.001 -9"><span class='ocrx_word' id='word_1_341' title='bbox 1084 563 1301 598; x_wconf 86' lang='grc' dir='ltr'>συμϐαλλόμενος</span> <span class='ocrx_word' id='word_1_342' title='bbox 1318 563 1332 589; x_wconf 81' lang='grc' dir='ltr'><strong>ό</strong></span> <span class='ocrx_word' id='word_1_343' title='bbox 1349 562 1427 593; x_wconf 84' lang='grc' dir='ltr'>ὸλκὺς</span> <span class='ocrx_word' id='word_1_344' title='bbox 1438 582 1445 594; x_wconf 83' lang='grc'><strong>,</strong></span> <span class='ocrx_word' id='word_1_345' title='bbox 1461 562 1639 597; x_wconf 82' lang='grc' dir='ltr'>εὐτονώτερος</span> <span class='ocrx_word' id='word_1_346' title='bbox 1666 561 1777 595; x_wconf 68' lang='grc' dir='ltr'>γίνεται.</span> <span class='ocrx_word' id='word_1_347' title='bbox 1796 562 1868 596; x_wconf 87' lang='grc' dir='ltr'>Προ-</span> 
     </span>
    </p>
   </div>
   <div class='ocr_carea' id='block_1_49' title="bbox 1082 607 1870 643">
    <p class='ocr_par' dir='ltr' id='par_1_49' title="bbox 1082 607 1870 643">
     <span class='ocr_line' id='line_1_49' title="bbox 1082 607 1870 643; baseline -0.003 -8"><span class='ocrx_word' id='word_1_348' title='bbox 1082 608 1163 635; x_wconf 82' lang='grc' dir='ltr'>ῑοῦσα</span> <span class='ocrx_word' id='word_1_349' title='bbox 1180 608 1234 643; x_wconf 80' lang='grc' dir='ltr'><strong>γὰρ</strong></span> <span class='ocrx_word' id='word_1_350' title='bbox 1249 610 1265 642; x_wconf 76' lang='grc' dir='ltr'>ἡ</span> <span class='ocrx_word' id='word_1_351' title='bbox 1279 608 1350 642; x_wconf 73' lang='grc' dir='ltr'>ὄψις,</span> <span class='ocrx_word' id='word_1_352' title='bbox 1366 607 1433 642; x_wconf 80' lang='grc' dir='ltr'>ὁμοῦ</span> <span class='ocrx_word' id='word_1_353' title='bbox 1452 608 1499 642; x_wconf 76' lang='grc' dir='ltr'>μὲν</span> <span class='ocrx_word' id='word_1_354' title='bbox 1517 607 1753 643; x_wconf 77' lang='grc' dir='ltr'>προσαναπαύεται</span> <span class='ocrx_word' id='word_1_355' title='bbox 1765 607 1802 642; x_wconf 84' lang='grc' dir='ltr'><strong>τῷ</strong></span> <span class='ocrx_word' id='word_1_356' title='bbox 1813 607 1870 633; x_wconf 86' lang='grc' dir='ltr'>δια-</span> 
     </span>
    </p>
   </div>
   <div class='ocr_carea' id='block_1_50' title="bbox 1082 652 1868 690">
    <p class='ocr_par' dir='ltr' id='par_1_50' title="bbox 1082 652 1868 690">
     <span class='ocr_line' id='line_1_50' title="bbox 1082 652 1868 690; baseline -0.004 -9"><span class='ocrx_word' id='word_1_357' title='bbox 1082 654 1239 690; x_wconf 74' lang='grc' dir='ltr'><strong>τειχίσματι</strong></span> <span class='ocrx_word' id='word_1_358' title='bbox 1255 654 1306 689; x_wconf 86' lang='grc' dir='ltr'>τῆς</span> <span class='ocrx_word' id='word_1_359' title='bbox 1320 653 1401 689; x_wconf 80' lang='grc' dir='ltr'>ῥινὸς,</span> <span class='ocrx_word' id='word_1_360' title='bbox 1419 654 1485 688; x_wconf 82' lang='grc' dir='ltr'>ὁμοῦ</span> <span class='ocrx_word' id='word_1_361' title='bbox 1498 653 1526 679; x_wconf 86' lang='grc' dir='ltr'><strong>δὲ</strong></span> <span class='ocrx_word' id='word_1_362' title='bbox 1543 653 1734 689; x_wconf 71' lang='grc' dir='ltr'><strong>προκύπτουσα</strong></span> <span class='ocrx_word' id='word_1_363' title='bbox 1751 652 1868 679; x_wconf 81' lang='grc' dir='ltr'>ἑνοῦται·</span> 
     </span>
    </p>
   </div>
   <div class='ocr_carea' id='block_1_51' title="bbox 1083 696 1869 734">
    <p class='ocr_par' dir='ltr' id='par_1_51' title="bbox 1083 696 1869 734">
     <span class='ocr_line' id='line_1_51' title="bbox 1083 696 1869 734; baseline -0.003 -9"><span class='ocrx_word' id='word_1_364' title='bbox 1083 696 1138 725; x_wconf 72' lang='grc' dir='ltr'>οἷον</span> <span class='ocrx_word' id='word_1_365' title='bbox 1148 699 1201 734; x_wconf 84' lang='grc' dir='ltr'><strong>γάρ</strong></span> <span class='ocrx_word' id='word_1_366' title='bbox 1216 707 1257 730; x_wconf 85' lang='grc' dir='ltr'><strong>τις</strong></span> <span class='ocrx_word' id='word_1_367' title='bbox 1268 698 1360 733; x_wconf 79' lang='grc' dir='ltr'>όχετὺς</span> <span class='ocrx_word' id='word_1_368' title='bbox 1371 698 1417 733; x_wconf 80' lang='grc' dir='ltr'>ἀφ’</span> <span class='ocrx_word' id='word_1_369' title='bbox 1432 698 1562 733; x_wconf 82' lang='grc' dir='ltr'>ἑκατέρας</span> <span class='ocrx_word' id='word_1_370' title='bbox 1576 698 1625 732; x_wconf 82' lang='grc' dir='ltr'>τῆς</span> <span class='ocrx_word' id='word_1_371' title='bbox 1637 698 1723 732; x_wconf 46' lang='lat' dir='ltr'><strong>bviam;</strong></span> <span class='ocrx_word' id='word_1_372' title='bbox 1738 698 1869 732; x_wconf 78' lang='grc' dir='ltr'>πρόεισιν,</span> 
     </span>
    </p>
   </div>
   <div class='ocr_carea' id='block_1_52' title="bbox 1084 743 1871 779">
    <p class='ocr_par' dir='ltr' id='par_1_52' title="bbox 1084 743 1871 779">
     <span class='ocr_line' id='line_1_52' title="bbox 1084 743 1871 779; baseline -0.001 -9"><span class='ocrx_word' id='word_1_373' title='bbox 1084 744 1208 771; x_wconf 73' lang='grc' dir='ltr'>ἐντεῦθεν</span> <span class='ocrx_word' id='word_1_374' title='bbox 1220 744 1298 770; x_wconf 78' lang='grc' dir='ltr'>τοῦτο</span> <span class='ocrx_word' id='word_1_375' title='bbox 1310 744 1340 770; x_wconf 80' lang='grc' dir='ltr'>τὸ</span> <span class='ocrx_word' id='word_1_376' title='bbox 1353 744 1491 778; x_wconf 80' lang='grc' dir='ltr'>ὁρατικὸν,</span> <span class='ocrx_word' id='word_1_377' title='bbox 1507 743 1631 770; x_wconf 82' lang='grc' dir='ltr'>κάκεῖθεν</span> <span class='ocrx_word' id='word_1_378' title='bbox 1648 744 1743 769; x_wconf 83' lang='grc' dir='ltr'>ὲκεῖνο.</span> <span class='ocrx_word' id='word_1_379' title='bbox 1758 743 1871 779; x_wconf 66' lang='grc' dir='ltr'><strong>Πόρρω-</strong></span> 
     </span>
    </p>
   </div>
   <div class='ocr_carea' id='block_1_53' title="bbox 1085 786 1872 823">
    <p class='ocr_par' dir='ltr' id='par_1_53' title="bbox 1085 786 1872 823">
     <span class='ocr_line' id='line_1_53' title="bbox 1085 786 1872 823; baseline -0.004 -8"><span class='ocrx_word' id='word_1_380' title='bbox 1085 789 1129 815; x_wconf 81' lang='grc' dir='ltr'><strong>θεν</strong></span> <span class='ocrx_word' id='word_1_381' title='bbox 1145 788 1173 815; x_wconf 80' lang='grc' dir='ltr'>δὲ</span> <span class='ocrx_word' id='word_1_382' title='bbox 1186 789 1218 823; x_wconf 82' lang='grc' dir='ltr'>τῇ</span> <span class='ocrx_word' id='word_1_383' title='bbox 1238 787 1358 823; x_wconf 82' lang='grc' dir='ltr'>συμϐολῇ</span> <span class='ocrx_word' id='word_1_384' title='bbox 1373 787 1478 814; x_wconf 80' lang='grc' dir='ltr'>ἑνοῦται</span> <span class='ocrx_word' id='word_1_385' title='bbox 1487 796 1493 802; x_wconf 93' lang='grc'><strong>·</strong></span> <span class='ocrx_word' id='word_1_386' title='bbox 1505 787 1647 822; x_wconf 77' lang='grc' dir='ltr'>ἑνούμενον</span> <span class='ocrx_word' id='word_1_387' title='bbox 1658 786 1685 812; x_wconf 82' lang='grc' dir='ltr'>δὲ</span> <span class='ocrx_word' id='word_1_388' title='bbox 1698 787 1872 822; x_wconf 77' lang='grc' dir='ltr'>ἰσχυρότερον</span> 
     </span>
    </p>
   </div>
   <div class='ocr_carea' id='block_1_54' title="bbox 1085 830 1873 868">
    <p class='ocr_par' dir='ltr' id='par_1_54' title="bbox 1085 830 1873 868">
     <span class='ocr_line' id='line_1_54' title="bbox 1085 830 1873 868; baseline -0.003 -10"><span class='ocrx_word' id='word_1_389' title='bbox 1085 833 1197 868; x_wconf 81' lang='grc' dir='ltr'>γίνεται.</span> <span class='ocrx_word' id='word_1_390' title='bbox 1213 831 1260 863; x_wconf 89' lang='grc' dir='ltr'><strong>Τίς</strong></span> <span class='ocrx_word' id='word_1_391' title='bbox 1273 833 1290 867; x_wconf 80' lang='grc' dir='ltr'>ὴ</span> <span class='ocrx_word' id='word_1_392' title='bbox 1311 831 1451 863; x_wconf 69' lang='grc' dir='ltr'>ἀπόδειξις</span> <span class='ocrx_word' id='word_1_393' title='bbox 1466 832 1507 857; x_wconf 80' lang='grc' dir='ltr'>ὅτι</span> <span class='ocrx_word' id='word_1_394' title='bbox 1523 830 1649 863; x_wconf 82' lang='grc' dir='ltr'>ὲνοῦται;</span> <span class='ocrx_word' id='word_1_395' title='bbox 1665 831 1713 865; x_wconf 81' lang='grc' dir='ltr'><strong>οὐχ</strong></span> <span class='ocrx_word' id='word_1_396' title='bbox 1728 831 1794 865; x_wconf 81' lang='grc' dir='ltr'>ὁρᾷς</span> <span class='ocrx_word' id='word_1_397' title='bbox 1807 831 1873 862; x_wconf 72' lang='grc' dir='ltr'>τοὺς</span> 
     </span>
    </p>
   </div>
   <div class='ocr_carea' id='block_1_55' title="bbox 1085 874 1873 915">
    <p class='ocr_par' dir='ltr' id='par_1_55' title="bbox 1085 874 1873 915">
     <span class='ocr_line' id='line_1_55' title="bbox 1085 874 1873 915; baseline -0.006 -8"><span class='ocrx_word' id='word_1_398' title='bbox 1085 881 1214 915; x_wconf 82' lang='grc' dir='ltr'>γέροντας</span> <span class='ocrx_word' id='word_1_399' title='bbox 1224 900 1232 913; x_wconf 63' lang='grc' dir='ltr'>τ</span> <span class='ocrx_word' id='word_1_400' title='bbox 1241 878 1280 905; x_wconf 83' lang='grc' dir='ltr'><strong>ὅτι</strong></span> <span class='ocrx_word' id='word_1_401' title='bbox 1289 877 1352 913; x_wconf 76' lang='grc' dir='ltr'>πρὸς</span> <span class='ocrx_word' id='word_1_402' title='bbox 1359 876 1391 903; x_wconf 83' lang='grc' dir='ltr'>τὰ</span> <span class='ocrx_word' id='word_1_403' title='bbox 1401 876 1448 912; x_wconf 84' lang='grc' dir='ltr'>μὲν</span> <span class='ocrx_word' id='word_1_404' title='bbox 1456 874 1535 908; x_wconf 82' lang='grc' dir='ltr'>ὲγγὺς</span> <span class='ocrx_word' id='word_1_405' title='bbox 1542 876 1570 902; x_wconf 82' lang='grc' dir='ltr'>οὺ</span> <span class='ocrx_word' id='word_1_406' title='bbox 1581 875 1734 910; x_wconf 72' lang='grc' dir='ltr'>βλέπουσινς</span> <span class='ocrx_word' id='word_1_407' title='bbox 1763 877 1873 912; x_wconf 78' lang='grc' dir='ltr'><strong>Ἐπειδὴ</strong></span> 
     </span>
    </p>
   </div>
   <div class='ocr_carea' id='block_1_56' title="bbox 1086 922 1874 960">
    <p class='ocr_par' dir='ltr' id='par_1_56' title="bbox 1086 922 1874 960">
     <span class='ocr_line' id='line_1_56' title="bbox 1086 922 1874 960; baseline -0.005 -9"><span class='ocrx_word' id='word_1_408' title='bbox 1086 925 1140 960; x_wconf 86' lang='grc' dir='ltr'><strong>γὰρ</strong></span> <span class='ocrx_word' id='word_1_409' title='bbox 1156 924 1268 955; x_wconf 83' lang='grc' dir='ltr'>ἀσθενές</span> <span class='ocrx_word' id='word_1_410' title='bbox 1289 925 1346 950; x_wconf 76' lang='grc' dir='ltr'>ἐστι</span> <span class='ocrx_word' id='word_1_411' title='bbox 1365 923 1395 950; x_wconf 80' lang='grc' dir='ltr'>τὸ</span> <span class='ocrx_word' id='word_1_412' title='bbox 1422 923 1546 958; x_wconf 79' lang='grc' dir='ltr'>ὁρατικὸν</span> <span class='ocrx_word' id='word_1_413' title='bbox 1569 922 1736 957; x_wconf 78' lang='grc' dir='ltr'>σχιζόμενον,</span> <span class='ocrx_word' id='word_1_414' title='bbox 1749 922 1778 948; x_wconf 79' lang='grc' dir='ltr'><strong>τὸ</strong></span> <span class='ocrx_word' id='word_1_415' title='bbox 1789 922 1874 955; x_wconf 71' lang='grc' dir='ltr'>ἐγγὺς</span> 
     </span>
    </p>
   </div>
   <div class='ocr_carea' id='block_1_57' title="bbox 1086 964 1874 1006">
    <p class='ocr_par' dir='ltr' id='par_1_57' title="bbox 1086 964 1874 1006">
     <span class='ocr_line' id='line_1_57' title="bbox 1086 964 1874 1006; baseline -0.005 -9"><span class='ocrx_word' id='word_1_416' title='bbox 1086 971 1134 1006; x_wconf 76' lang='grc' dir='ltr'>οὐχ</span> <span class='ocrx_word' id='word_1_417' title='bbox 1157 970 1226 1006; x_wconf 78' lang='grc' dir='ltr'><strong>ὁρᾷ·</strong></span> <span class='ocrx_word' id='word_1_418' title='bbox 1252 970 1317 997; x_wconf 70' lang='grc' dir='ltr'>ὅπου</span> <span class='ocrx_word' id='word_1_419' title='bbox 1340 969 1369 996; x_wconf 78' lang='grc' dir='ltr'>δὲ</span> <span class='ocrx_word' id='word_1_420' title='bbox 1391 970 1406 1003; x_wconf 82' lang='grc' dir='ltr'>ἡ</span> <span class='ocrx_word' id='word_1_421' title='bbox 1426 968 1547 1004; x_wconf 81' lang='grc' dir='ltr'>συμϐολὴ</span> <span class='ocrx_word' id='word_1_422' title='bbox 1574 968 1619 1003; x_wconf 80' lang='grc' dir='ltr'>τῆς</span> <span class='ocrx_word' id='word_1_423' title='bbox 1641 967 1727 1002; x_wconf 68' lang='grc' dir='ltr'>ὅψεως</span> <span class='ocrx_word' id='word_1_424' title='bbox 1743 964 1797 993; x_wconf 78' lang='grc' dir='ltr'>οἷον</span> <span class='ocrx_word' id='word_1_425' title='bbox 1825 968 1874 994; x_wconf 75' lang='grc' dir='ltr'>ἐπὶ</span> 
     </span>
    </p>
   </div>
   <div class='ocr_carea' id='block_1_58' title="bbox 1087 1013 1875 1051">
    <p class='ocr_par' dir='ltr' id='par_1_58' title="bbox 1087 1013 1875 1051">
     <span class='ocr_line' id='line_1_58' title="bbox 1087 1013 1875 1051; baseline -0.006 -8"><span class='ocrx_word' id='word_1_426' title='bbox 1087 1016 1255 1051; x_wconf 83' lang='grc' dir='ltr'>πλημμύρας</span> <span class='ocrx_word' id='word_1_427' title='bbox 1267 1015 1338 1046; x_wconf 67' lang='grc' dir='ltr'>τινὸς</span> <span class='ocrx_word' id='word_1_428' title='bbox 1360 1014 1431 1041; x_wconf 77' lang='grc' dir='ltr'>κατὰ</span> <span class='ocrx_word' id='word_1_429' title='bbox 1448 1014 1496 1049; x_wconf 89' lang='grc' dir='ltr'>τὴν</span> <span class='ocrx_word' id='word_1_430' title='bbox 1514 1013 1575 1048; x_wconf 75' lang='grc' dir='ltr'>ὄψιν</span> <span class='ocrx_word' id='word_1_431' title='bbox 1589 1013 1744 1048; x_wconf 81' lang='grc' dir='ltr'><strong>γινομένης,</strong></span> <span class='ocrx_word' id='word_1_432' title='bbox 1760 1013 1875 1039; x_wconf 61' lang='grc' dir='ltr'>εὐτονως</span> 
     </span>
    </p>
   </div>
   <div class='ocr_carea' id='block_1_59' title="bbox 1087 1057 1876 1096">
    <p class='ocr_par' dir='ltr' id='par_1_59' title="bbox 1087 1057 1876 1096">
     <span class='ocr_line' id='line_1_59' title="bbox 1087 1057 1876 1096; baseline -0.004 -9"><span class='ocrx_word' id='word_1_433' title='bbox 1087 1061 1154 1096; x_wconf 82' lang='grc' dir='ltr'>τέρα</span> <span class='ocrx_word' id='word_1_434' title='bbox 1169 1061 1272 1095; x_wconf 84' lang='grc' dir='ltr'>γίνεται</span> <span class='ocrx_word' id='word_1_435' title='bbox 1298 1059 1351 1086; x_wconf 84' lang='grc' dir='ltr'><strong>τῶν</strong></span> <span class='ocrx_word' id='word_1_436' title='bbox 1383 1058 1520 1094; x_wconf 73' lang='grc' dir='ltr'>αἰσθητῶν</span> <span class='ocrx_word' id='word_1_437' title='bbox 1534 1059 1550 1092; x_wconf 89' lang='grc' dir='ltr'>ὴ</span> <span class='ocrx_word' id='word_1_438' title='bbox 1568 1057 1714 1095; x_wconf 47' lang='grc' dir='ltr'>ἀνάληψιςι</span> <span class='ocrx_word' id='word_1_439' title='bbox 1726 1058 1780 1084; x_wconf 79' lang='grc' dir='ltr'><strong>Καὶ</strong></span> <span class='ocrx_word' id='word_1_440' title='bbox 1793 1058 1876 1084; x_wconf 79' lang='grc' dir='ltr'>πόσαι</span> 
     </span>
    </p>
   </div>
   <div class='ocr_carea' id='block_1_60' title="bbox 1089 1103 1876 1142">
    <p class='ocr_par' dir='ltr' id='par_1_60' title="bbox 1089 1103 1876 1142">
     <span class='ocr_line' id='line_1_60' title="bbox 1089 1103 1876 1142; baseline -0.004 -10"><span class='ocrx_word' id='word_1_441' title='bbox 1089 1107 1152 1142; x_wconf 76' lang='grc' dir='ltr'>περὶ</span> <span class='ocrx_word' id='word_1_442' title='bbox 1165 1106 1210 1132; x_wconf 83' lang='grc' dir='ltr'><strong>τὸν</strong></span> <span class='ocrx_word' id='word_1_443' title='bbox 1224 1105 1361 1140; x_wconf 72' lang='grc' dir='ltr'>ὀφθαλμὸν</span> <span class='ocrx_word' id='word_1_444' title='bbox 1377 1104 1495 1139; x_wconf 80' lang='grc' dir='ltr'>φυλακαί</span> <span class='ocrx_word' id='word_1_445' title='bbox 1509 1112 1515 1136; x_wconf 88' lang='grc'><strong>;</strong></span> <span class='ocrx_word' id='word_1_446' title='bbox 1533 1103 1622 1130; x_wconf 83' lang='grc' dir='ltr'>Χιτὼν</span> <span class='ocrx_word' id='word_1_447' title='bbox 1633 1103 1736 1130; x_wconf 76' lang='grc' dir='ltr'>ἔνδοθεν</span> <span class='ocrx_word' id='word_1_448' title='bbox 1746 1112 1752 1119; x_wconf 91' lang='grc'>·</span> <span class='ocrx_word' id='word_1_449' title='bbox 1765 1103 1812 1130; x_wconf 74' lang='grc' dir='ltr'><strong>καὶ</strong></span> <span class='ocrx_word' id='word_1_450' title='bbox 1824 1104 1876 1130; x_wconf 77' lang='grc' dir='ltr'>οὐκ</span> 
     </span>
    </p>
   </div>
   <div class='ocr_carea' id='block_1_61' title="bbox 1089 1147 1877 1188">
    <p class='ocr_par' dir='ltr' id='par_1_61' title="bbox 1089 1147 1877 1188">
     <span class='ocr_line' id='line_1_61' title="bbox 1089 1147 1877 1188; baseline -0.005 -10"><span class='ocrx_word' id='word_1_451' title='bbox 1089 1153 1171 1188; x_wconf 85' lang='grc' dir='ltr'>ἀρκεῖ</span> <span class='ocrx_word' id='word_1_452' title='bbox 1189 1148 1284 1182; x_wconf 75' lang='grc' dir='ltr'>οὗτος·</span> <span class='ocrx_word' id='word_1_453' title='bbox 1302 1151 1331 1177; x_wconf 72' lang='grc' dir='ltr'>οὐ</span> <span class='ocrx_word' id='word_1_454' title='bbox 1357 1150 1412 1185; x_wconf 81' lang='grc' dir='ltr'><strong>γάρ</strong></span> <span class='ocrx_word' id='word_1_455' title='bbox 1425 1149 1541 1185; x_wconf 79' lang='grc' dir='ltr'>ἠδύνατο</span> <span class='ocrx_word' id='word_1_456' title='bbox 1567 1148 1606 1181; x_wconf 76' lang='grc' dir='ltr'>εἷς</span> <span class='ocrx_word' id='word_1_457' title='bbox 1631 1149 1719 1184; x_wconf 72' lang='grc' dir='ltr'>παχὺς</span> <span class='ocrx_word' id='word_1_458' title='bbox 1740 1147 1820 1176; x_wconf 73' lang='grc' dir='ltr'>εἶναι.</span> <span class='ocrx_word' id='word_1_459' title='bbox 1844 1148 1877 1174; x_wconf 82' lang='grc' dir='ltr'><strong>Εἰ</strong></span> 
     </span>
    </p>
   </div>
   <div class='ocr_carea' id='block_1_62' title="bbox 1090 1193 1878 1233">
    <p class='ocr_par' dir='ltr' id='par_1_62' title="bbox 1090 1193 1878 1233">
     <span class='ocr_line' id='line_1_62' title="bbox 1090 1193 1878 1233; baseline -0.003 -9"><span class='ocrx_word' id='word_1_460' title='bbox 1090 1198 1178 1233; x_wconf 80' lang='grc' dir='ltr'>παχὺς</span> <span class='ocrx_word' id='word_1_461' title='bbox 1198 1195 1247 1232; x_wconf 69' lang='grc' dir='ltr'>ἦν,</span> <span class='ocrx_word' id='word_1_462' title='bbox 1269 1196 1454 1232; x_wconf 82' lang='grc' dir='ltr'>προκάλυμμα</span> <span class='ocrx_word' id='word_1_463' title='bbox 1480 1195 1511 1222; x_wconf 83' lang='grc' dir='ltr'>ἂν</span> <span class='ocrx_word' id='word_1_464' title='bbox 1524 1193 1558 1230; x_wconf 77' lang='grc' dir='ltr'>ἦν</span> <span class='ocrx_word' id='word_1_465' title='bbox 1577 1195 1627 1230; x_wconf 84' lang='grc' dir='ltr'>τῆς</span> <span class='ocrx_word' id='word_1_466' title='bbox 1644 1195 1741 1230; x_wconf 72' lang='grc' dir='ltr'>ὂψεως.</span> <span class='ocrx_word' id='word_1_467' title='bbox 1759 1195 1832 1222; x_wconf 82' lang='grc' dir='ltr'>Ἔδει</span> <span class='ocrx_word' id='word_1_468' title='bbox 1848 1196 1878 1222; x_wconf 86' lang='grc' dir='ltr'>δὲ</span> 
     </span>
    </p>
   </div>
   <div class='ocr_carea' id='block_1_63' title="bbox 1090 1238 1879 1278">
    <p class='ocr_par' dir='ltr' id='par_1_63' title="bbox 1090 1238 1879 1278">
     <span class='ocr_line' id='line_1_63' title="bbox 1090 1238 1879 1278; baseline -0.004 -7"><span class='ocrx_word' id='word_1_469' title='bbox 1090 1244 1216 1278; x_wconf 80' lang='grc' dir='ltr'><strong>διαφανὲς</strong></span> <span class='ocrx_word' id='word_1_470' title='bbox 1231 1241 1300 1269; x_wconf 79' lang='grc' dir='ltr'>εἶναι</span> <span class='ocrx_word' id='word_1_471' title='bbox 1319 1242 1366 1268; x_wconf 67' lang='grc' dir='ltr'>καὶ</span> <span class='ocrx_word' id='word_1_472' title='bbox 1388 1241 1514 1276; x_wconf 72' lang='grc' dir='ltr'>ἐλαφρόν.</span> <span class='ocrx_word' id='word_1_473' title='bbox 1530 1241 1634 1268; x_wconf 77' lang='grc' dir='ltr'>Οὐκοῦν</span> <span class='ocrx_word' id='word_1_474' title='bbox 1647 1238 1686 1273; x_wconf 75' lang='grc' dir='ltr'>εἷς</span> <span class='ocrx_word' id='word_1_475' title='bbox 1699 1242 1822 1276; x_wconf 85' lang='grc' dir='ltr'>διαυγὴς,</span> <span class='ocrx_word' id='word_1_476' title='bbox 1837 1239 1879 1273; x_wconf 74' lang='grc' dir='ltr'>εἷς</span> 
     </span>
    </p>
   </div>
   <div class='ocr_carea' id='block_1_64' title="bbox 1091 1288 1880 1326">
    <p class='ocr_par' dir='ltr' id='par_1_64' title="bbox 1091 1288 1880 1326">
     <span class='ocr_line' id='line_1_64' title="bbox 1091 1288 1880 1326; baseline -0.004 -9"><span class='ocrx_word' id='word_1_477' title='bbox 1091 1290 1202 1326; x_wconf 77' lang='grc' dir='ltr'>άραιός·</span> <span class='ocrx_word' id='word_1_478' title='bbox 1219 1291 1232 1316; x_wconf 88' lang='grc' dir='ltr'><strong>ό</strong></span> <span class='ocrx_word' id='word_1_479' title='bbox 1254 1289 1303 1324; x_wconf 80' lang='grc' dir='ltr'><strong>μὲν</strong></span> <span class='ocrx_word' id='word_1_480' title='bbox 1319 1288 1560 1324; x_wconf 81' lang='grc' dir='ltr'>κρυσταλλοειδὴς,</span> <span class='ocrx_word' id='word_1_481' title='bbox 1579 1290 1593 1315; x_wconf 86' lang='grc' dir='ltr'><strong>ό</strong></span> <span class='ocrx_word' id='word_1_482' title='bbox 1614 1288 1643 1314; x_wconf 81' lang='grc' dir='ltr'>δὲ</span> <span class='ocrx_word' id='word_1_483' title='bbox 1660 1288 1850 1324; x_wconf 79' lang='grc' dir='ltr'>κερατοειδὴς·</span> <span class='ocrx_word' id='word_1_484' title='bbox 1865 1290 1880 1315; x_wconf 82' lang='grc' dir='ltr'><strong>ό</strong></span> 
     </span>
    </p>
   </div>
   <div class='ocr_carea' id='block_1_65' title="bbox 1093 1334 1879 1372">
    <p class='ocr_par' dir='ltr' id='par_1_65' title="bbox 1093 1334 1879 1372">
     <span class='ocr_line' id='line_1_65' title="bbox 1093 1334 1879 1372; baseline -0.001 -9"><span class='ocrx_word' id='word_1_485' title='bbox 1093 1335 1353 1372; x_wconf 80' lang='grc' dir='ltr'>προκεκαλυμμένος</span> <span class='ocrx_word' id='word_1_486' title='bbox 1369 1334 1572 1370; x_wconf 52' lang='grc' dir='ltr'>ἱσχυρότεροςώ</span> <span class='ocrx_word' id='word_1_487' title='bbox 1586 1334 1692 1361; x_wconf 73' lang='grc' dir='ltr'>ἔνδοθεν</span> <span class='ocrx_word' id='word_1_488' title='bbox 1708 1335 1879 1370; x_wconf 78' lang='grc' dir='ltr'>ἀραιότερος,</span> 
     </span>
    </p>
   </div>
   <div class='ocr_carea' id='block_1_66' title="bbox 1094 1380 1882 1418">
    <p class='ocr_par' dir='ltr' id='par_1_66' title="bbox 1094 1380 1882 1418">
     <span class='ocr_line' id='line_1_66' title="bbox 1094 1380 1882 1418; baseline -0.001 -9"><span class='ocrx_word' id='word_1_489' title='bbox 1094 1383 1136 1409; x_wconf 80' lang='grc' dir='ltr'><strong>ἵνα</strong></span> <span class='ocrx_word' id='word_1_490' title='bbox 1154 1382 1191 1418; x_wconf 83' lang='grc' dir='ltr'><strong>μὴ</strong></span> <span class='ocrx_word' id='word_1_491' title='bbox 1204 1381 1295 1417; x_wconf 84' lang='grc' dir='ltr'>κωλύῃ</span> <span class='ocrx_word' id='word_1_492' title='bbox 1310 1382 1358 1417; x_wconf 84' lang='grc' dir='ltr'><strong>τὴν</strong></span> <span class='ocrx_word' id='word_1_493' title='bbox 1382 1380 1507 1415; x_wconf 82' lang='grc' dir='ltr'>πάροδον.</span> <span class='ocrx_word' id='word_1_494' title='bbox 1529 1380 1559 1407; x_wconf 90' lang='lat'><strong>&#39;0</strong></span> <span class='ocrx_word' id='word_1_495' title='bbox 1573 1381 1662 1416; x_wconf 80' lang='grc' dir='ltr'>τρίτος</span> <span class='ocrx_word' id='word_1_496' title='bbox 1687 1381 1882 1416; x_wconf 70' lang='grc' dir='ltr'>κρυσταλλοειι</span> 
     </span>
    </p>
   </div>
   <div class='ocr_carea' id='block_1_67' title="bbox 1093 1422 1882 1463">
    <p class='ocr_par' dir='ltr' id='par_1_67' title="bbox 1093 1422 1882 1463">
     <span class='ocr_line' id='line_1_67' title="bbox 1093 1422 1882 1463; baseline -0.001 -9"><span class='ocrx_word' id='word_1_497' title='bbox 1093 1428 1150 1463; x_wconf 82' lang='grc' dir='ltr'>δὴς,</span> <span class='ocrx_word' id='word_1_498' title='bbox 1169 1428 1212 1454; x_wconf 80' lang='grc' dir='ltr'>ἵνα</span> <span class='ocrx_word' id='word_1_499' title='bbox 1229 1429 1257 1454; x_wconf 85' lang='grc' dir='ltr'>ὲν</span> <span class='ocrx_word' id='word_1_500' title='bbox 1274 1422 1367 1462; x_wconf 80' lang='grc' dir='ltr'>ἑαυτῷ</span> <span class='ocrx_word' id='word_1_501' title='bbox 1386 1426 1435 1462; x_wconf 86' lang='grc' dir='ltr'>τὴν</span> <span class='ocrx_word' id='word_1_502' title='bbox 1454 1426 1571 1462; x_wconf 75' lang='grc' dir='ltr'>ἔμφασιν</span> <span class='ocrx_word' id='word_1_503' title='bbox 1597 1427 1644 1453; x_wconf 73' lang='grc' dir='ltr'><strong>καὶ</strong></span> <span class='ocrx_word' id='word_1_504' title='bbox 1670 1427 1718 1461; x_wconf 82' lang='grc' dir='ltr'><strong>τὴν</strong></span> <span class='ocrx_word' id='word_1_505' title='bbox 1741 1426 1882 1461; x_wconf 81' lang='grc' dir='ltr'>διαύγειαν</span> 
     </span>
    </p>
   </div>
   <div class='ocr_carea' id='block_1_68' title="bbox 1096 1472 1883 1510">
    <p class='ocr_par' dir='ltr' id='par_1_68' title="bbox 1096 1472 1883 1510">
     <span class='ocr_line' id='line_1_68' title="bbox 1096 1472 1883 1510; baseline -0.001 -10"><span class='ocrx_word' id='word_1_506' title='bbox 1096 1474 1214 1509; x_wconf 80' lang='grc' dir='ltr'>ἑκάτερα</span> <span class='ocrx_word' id='word_1_507' title='bbox 1232 1473 1291 1510; x_wconf 73' lang='grc' dir='ltr'><strong>ἔχῃ.</strong></span> <span class='ocrx_word' id='word_1_508' title='bbox 1317 1473 1440 1508; x_wconf 80' lang='grc' dir='ltr'>Προϐολὴ</span> <span class='ocrx_word' id='word_1_509' title='bbox 1464 1473 1493 1499; x_wconf 85' lang='grc' dir='ltr'>τὺ</span> <span class='ocrx_word' id='word_1_510' title='bbox 1517 1472 1668 1508; x_wconf 82' lang='grc' dir='ltr'>βλέφαρον,</span> <span class='ocrx_word' id='word_1_511' title='bbox 1694 1472 1883 1508; x_wconf 80' lang='grc' dir='ltr'>προκάλυμμα</span> 
     </span>
    </p>
   </div>
   <div class='ocr_carea' id='block_1_69' title="bbox 1095 1515 1883 1554">
    <p class='ocr_par' dir='ltr' id='par_1_69' title="bbox 1095 1515 1883 1554">
     <span class='ocr_line' id='line_1_69' title="bbox 1095 1515 1883 1554; baseline -0.003 -7"><span class='ocrx_word' id='word_1_512' title='bbox 1095 1520 1173 1547; x_wconf 72' lang='grc' dir='ltr'>τοῦτο</span> <span class='ocrx_word' id='word_1_513' title='bbox 1190 1520 1336 1554; x_wconf 76' lang='grc' dir='ltr'>σκέπασμα</span> <span class='ocrx_word' id='word_1_514' title='bbox 1347 1539 1354 1550; x_wconf 88' lang='grc'><strong>,</strong></span> <span class='ocrx_word' id='word_1_515' title='bbox 1368 1519 1414 1545; x_wconf 77' lang='grc' dir='ltr'>καὶ</span> <span class='ocrx_word' id='word_1_516' title='bbox 1430 1515 1486 1545; x_wconf 75' lang='grc' dir='ltr'>οῖον</span> <span class='ocrx_word' id='word_1_517' title='bbox 1509 1519 1666 1554; x_wconf 77' lang='grc' dir='ltr'>οἰκητήριον</span> <span class='ocrx_word' id='word_1_518' title='bbox 1679 1519 1726 1545; x_wconf 79' lang='grc' dir='ltr'><strong>καὶ</strong></span> <span class='ocrx_word' id='word_1_519' title='bbox 1744 1519 1883 1554; x_wconf 80' lang='grc' dir='ltr'>φυλακτή-</span> 
     </span>
    </p>
   </div>
   <div class='ocr_carea' id='block_1_70' title="bbox 1095 1563 1884 1601">
    <p class='ocr_par' dir='ltr' id='par_1_70' title="bbox 1095 1563 1884 1601">
     <span class='ocr_line' id='line_1_70' title="bbox 1095 1563 1884 1601; baseline -0.001 -9"><span class='ocrx_word' id='word_1_520' title='bbox 1095 1565 1154 1601; x_wconf 77' lang='grc' dir='ltr'>ριόν</span> <span class='ocrx_word' id='word_1_521' title='bbox 1173 1565 1256 1591; x_wconf 77' lang='grc' dir='ltr'>ἐστιν.</span> <span class='ocrx_word' id='word_1_522' title='bbox 1280 1563 1406 1590; x_wconf 85' lang='grc' dir='ltr'>Ἐδύνατο</span> <span class='ocrx_word' id='word_1_523' title='bbox 1423 1564 1568 1596; x_wconf 79' lang='grc' dir='ltr'>σκεπάζειν</span> <span class='ocrx_word' id='word_1_524' title='bbox 1583 1565 1599 1599; x_wconf 86' lang='grc' dir='ltr'>ἡ</span> <span class='ocrx_word' id='word_1_525' title='bbox 1612 1564 1682 1598; x_wconf 85' lang='grc' dir='ltr'>χείρ.</span> <span class='ocrx_word' id='word_1_526' title='bbox 1696 1564 1767 1596; x_wconf 85' lang='grc' dir='ltr'><strong>Ἕως</strong></span> <span class='ocrx_word' id='word_1_527' title='bbox 1783 1565 1884 1600; x_wconf 83' lang='grc' dir='ltr'>ἧρχετο</span> 
     </span>
    </p>
   </div>
   <div class='ocr_carea' id='block_1_71' title="bbox 1095 1609 1884 1646">
    <p class='ocr_par' dir='ltr' id='par_1_71' title="bbox 1095 1609 1884 1646">
     <span class='ocr_line' id='line_1_71' title="bbox 1095 1609 1884 1646; baseline 0 -10"><span class='ocrx_word' id='word_1_528' title='bbox 1095 1611 1112 1646; x_wconf 80' lang='grc' dir='ltr'><strong>ἡ</strong></span> <span class='ocrx_word' id='word_1_529' title='bbox 1136 1611 1207 1646; x_wconf 78' lang='grc' dir='ltr'>χεὶρ,</span> <span class='ocrx_word' id='word_1_530' title='bbox 1221 1609 1335 1645; x_wconf 71' lang='grc' dir='ltr'>ἔφθανεν</span> <span class='ocrx_word' id='word_1_531' title='bbox 1352 1611 1367 1637; x_wconf 85' lang='grc' dir='ltr'><strong>ὀ</strong></span> <span class='ocrx_word' id='word_1_532' title='bbox 1386 1610 1524 1646; x_wconf 80' lang='grc' dir='ltr'>ὀφθαλμὸς</span> <span class='ocrx_word' id='word_1_533' title='bbox 1547 1610 1754 1645; x_wconf 83' lang='grc' dir='ltr'>ἁμαυρωθῆναι.</span> <span class='ocrx_word' id='word_1_534' title='bbox 1773 1610 1829 1637; x_wconf 81' lang='grc' dir='ltr'><strong>Νῦν</strong></span> <span class='ocrx_word' id='word_1_535' title='bbox 1854 1610 1884 1637; x_wconf 77' lang='grc' dir='ltr'>δὲ</span> 
     </span>
    </p>
   </div>
   <div class='ocr_carea' id='block_1_72' title="bbox 1097 1655 1882 1691">
    <p class='ocr_par' dir='ltr' id='par_1_72' title="bbox 1097 1655 1882 1691">
     <span class='ocr_line' id='line_1_72' title="bbox 1097 1655 1882 1691; baseline 0 -8"><span class='ocrx_word' id='word_1_536' title='bbox 1097 1656 1213 1691; x_wconf 69' lang='grc' dir='ltr'>ὶγγιύθεν</span> <span class='ocrx_word' id='word_1_537' title='bbox 1229 1655 1389 1691; x_wconf 85' lang='grc' dir='ltr'>παράκειται</span> <span class='ocrx_word' id='word_1_538' title='bbox 1399 1655 1429 1681; x_wconf 79' lang='grc' dir='ltr'><strong>τὸ</strong></span> <span class='ocrx_word' id='word_1_539' title='bbox 1439 1655 1579 1691; x_wconf 78' lang='grc' dir='ltr'>βλέφαρον,</span> <span class='ocrx_word' id='word_1_540' title='bbox 1589 1656 1602 1682; x_wconf 75' lang='grc' dir='ltr'><strong><em>ὃ</em></strong></span> <span class='ocrx_word' id='word_1_541' title='bbox 1619 1656 1722 1683; x_wconf 77' lang='grc' dir='ltr'>ἄνωθεν</span> <span class='ocrx_word' id='word_1_542' title='bbox 1737 1656 1882 1683; x_wconf 73' lang='grc' dir='ltr'>ἐπίκειται-</span> 
     </span>
    </p>
   </div>
   <div class='ocr_carea' id='block_1_73' title="bbox 1097 1701 1885 1738">
    <p class='ocr_par' dir='ltr' id='par_1_73' title="bbox 1097 1701 1885 1738">
     <span class='ocr_line' id='line_1_73' title="bbox 1097 1701 1885 1738; baseline 0 -10"><span class='ocrx_word' id='word_1_543' title='bbox 1097 1702 1164 1738; x_wconf 83' lang='grc' dir='ltr'>όμοῦ</span> <span class='ocrx_word' id='word_1_544' title='bbox 1178 1710 1208 1728; x_wconf 90' lang='grc' dir='ltr'><strong>τε</strong></span> <span class='ocrx_word' id='word_1_545' title='bbox 1224 1701 1321 1737; x_wconf 81' lang='grc' dir='ltr'>ᾔσθετο</span> <span class='ocrx_word' id='word_1_546' title='bbox 1333 1702 1382 1737; x_wconf 83' lang='grc' dir='ltr'><strong>τῆς</strong></span> <span class='ocrx_word' id='word_1_547' title='bbox 1400 1701 1502 1737; x_wconf 86' lang='grc' dir='ltr'>βλάϐης</span> <span class='ocrx_word' id='word_1_548' title='bbox 1516 1701 1563 1728; x_wconf 71' lang='grc' dir='ltr'><strong>καὶ</strong></span> <span class='ocrx_word' id='word_1_549' title='bbox 1584 1702 1716 1737; x_wconf 81' lang='grc' dir='ltr'>προέϐαλε</span> <span class='ocrx_word' id='word_1_550' title='bbox 1732 1701 1763 1728; x_wconf 81' lang='grc' dir='ltr'>τὸ</span> <span class='ocrx_word' id='word_1_551' title='bbox 1780 1702 1885 1737; x_wconf 83' lang='grc' dir='ltr'>προκά-</span> 
     </span>
    </p>
   </div>
   <div class='ocr_carea' id='block_1_74' title="bbox 256 1744 1514 1784">
    <p class='ocr_par' dir='ltr' id='par_1_74' title="bbox 256 1744 1514 1784">
     <span class='ocr_line' id='line_1_74' title="bbox 256 1744 1514 1784; baseline 0.002 -13"><span class='ocrx_word' id='word_1_552' title='bbox 256 1745 360 1781; x_wconf 86' lang='grc' dir='ltr'>λυμμα.</span> <span class='ocrx_word' id='word_1_553' title='bbox 376 1745 425 1772; x_wconf 83' lang='grc' dir='ltr'><strong>Διὰ</strong></span> <span class='ocrx_word' id='word_1_554' title='bbox 439 1744 517 1772; x_wconf 81' lang='grc' dir='ltr'>τοῦτο</span> <span class='ocrx_word' id='word_1_555' title='bbox 536 1746 583 1772; x_wconf 77' lang='grc' dir='ltr'>καὶ</span> <span class='ocrx_word' id='word_1_556' title='bbox 598 1746 666 1781; x_wconf 86' lang='grc' dir='ltr'>κόρη</span> <span class='ocrx_word' id='word_1_557' title='bbox 682 1746 734 1772; x_wconf 79' lang='grc' dir='ltr'><strong>ὑπὸ</strong></span> <span class='ocrx_word' id='word_1_558' title='bbox 749 1747 979 1782; x_wconf 78' lang='grc' dir='ltr'>παραπετάσματι</span> <span class='ocrx_word' id='word_1_559' title='bbox 994 1747 1175 1784; x_wconf 82' lang='grc' dir='ltr'>καθεζομένη,</span> <span class='ocrx_word' id='word_1_560' title='bbox 1185 1748 1235 1774; x_wconf 76' lang='grc' dir='ltr'><strong>οὐκ</strong></span> <span class='ocrx_word' id='word_1_561' title='bbox 1245 1748 1288 1774; x_wconf 79' lang='grc' dir='ltr'>ἀεὶ</span> <span class='ocrx_word' id='word_1_562' title='bbox 1301 1747 1514 1783; x_wconf 80' lang='grc' dir='ltr'>εὐεπιχείρητος.</span> 
     </span>
    </p>
   </div>
   <div class='ocr_carea' id='block_1_75' title="bbox 294 1792 1048 1828">
    <p class='ocr_par' dir='ltr' id='par_1_75' title="bbox 294 1792 1048 1828">
     <span class='ocr_line' id='line_1_75' title="bbox 294 1792 1048 1828; baseline 0.004 -10"><span class='ocrx_word' id='word_1_563' title='bbox 294 1792 350 1819; x_wconf 88' lang='lat' dir='ltr'><strong>Soli</strong></span> <span class='ocrx_word' id='word_1_564' title='bbox 373 1799 406 1819; x_wconf 87' lang='lat' dir='ltr'><strong>ex</strong></span> <span class='ocrx_word' id='word_1_565' title='bbox 422 1792 549 1820; x_wconf 84' lang='lat' dir='ltr'><strong>omnibus</strong></span> <span class='ocrx_word' id='word_1_566' title='bbox 563 1793 692 1820; x_wconf 81' lang='lat' dir='ltr'><strong>membris</strong></span> <span class='ocrx_word' id='word_1_567' title='bbox 706 1793 777 1820; x_wconf 77' lang='lat' dir='ltr'><strong>oculi</strong></span> <span class='ocrx_word' id='word_1_568' title='bbox 801 1793 992 1828; x_wconf 80' lang='lat' dir='ltr'><strong>palpebrarum</strong></span> <span class='ocrx_word' id='word_1_569' title='bbox 1005 1799 1048 1821; x_wconf 87' lang='lat' dir='ltr'><strong>te—</strong></span> 
     </span>
    </p>
   </div>
   <div class='ocr_carea' id='block_1_76' title="bbox 258 1837 1046 1873">
    <p class='ocr_par' dir='ltr' id='par_1_76' title="bbox 258 1837 1046 1873">
     <span class='ocr_line' id='line_1_76' title="bbox 258 1837 1046 1873; baseline 0.004 -10"><span class='ocrx_word' id='word_1_570' title='bbox 258 1837 394 1872; x_wconf 82' lang='lat' dir='ltr'><strong>gumentis</strong></span> <span class='ocrx_word' id='word_1_571' title='bbox 405 1837 504 1871; x_wconf 83' lang='lat' dir='ltr'><strong>operti,</strong></span> <span class='ocrx_word' id='word_1_572' title='bbox 520 1837 642 1872; x_wconf 82' lang='lat' dir='ltr'><strong>contingi</strong></span> <span class='ocrx_word' id='word_1_573' title='bbox 656 1838 762 1865; x_wconf 88' lang='lat' dir='ltr'><strong>nolunt.</strong></span> <span class='ocrx_word' id='word_1_574' title='bbox 780 1837 867 1865; x_wconf 85' lang='lat' dir='ltr'><strong>Densa</strong></span> <span class='ocrx_word' id='word_1_575' title='bbox 887 1838 962 1866; x_wconf 85' lang='lat' dir='ltr'><strong>adest</strong></span> <span class='ocrx_word' id='word_1_576' title='bbox 976 1838 1046 1873; x_wconf 89' lang='lat' dir='ltr'><strong>pilo-</strong></span> 
     </span>
    </p>
   </div>
   <div class='ocr_carea' id='block_1_77' title="bbox 259 1882 1046 1920">
    <p class='ocr_par' dir='ltr' id='par_1_77' title="bbox 259 1882 1046 1920">
     <span class='ocr_line' id='line_1_77' title="bbox 259 1882 1046 1920; baseline 0.003 -10"><span class='ocrx_word' id='word_1_577' title='bbox 259 1891 321 1910; x_wconf 91' lang='lat' dir='ltr'><strong>rum</strong></span> <span class='ocrx_word' id='word_1_578' title='bbox 338 1891 426 1918; x_wconf 81' lang='lat' dir='ltr'><strong>seges.</strong></span> <span class='ocrx_word' id='word_1_579' title='bbox 442 1882 516 1910; x_wconf 82' lang='lat' dir='ltr'><strong>Cur?</strong></span> <span class='ocrx_word' id='word_1_580' title='bbox 531 1887 561 1910; x_wconf 85' lang='lat' dir='ltr'><strong>ul</strong></span> <span class='ocrx_word' id='word_1_581' title='bbox 575 1884 725 1919; x_wconf 82' lang='lat' dir='ltr'><strong>superioris</strong></span> <span class='ocrx_word' id='word_1_582' title='bbox 741 1888 821 1919; x_wconf 88' lang='lat' dir='ltr'><strong>atque</strong></span> <span class='ocrx_word' id='word_1_583' title='bbox 834 1885 971 1913; x_wconf 78' lang='lat' dir='ltr'><strong>inferioris</strong></span> <span class='ocrx_word' id='word_1_584' title='bbox 988 1886 1046 1920; x_wconf 88' lang='lat' dir='ltr'><strong>pal-</strong></span> 
     </span>
    </p>
   </div>
   <div class='ocr_carea' id='block_1_78' title="bbox 258 1929 1048 1963">
    <p class='ocr_par' dir='ltr' id='par_1_78' title="bbox 258 1929 1048 1963">
     <span class='ocr_line' id='line_1_78' title="bbox 258 1929 1048 1963; baseline 0.005 -8"><span class='ocrx_word' id='word_1_585' title='bbox 258 1929 348 1963; x_wconf 66' lang='lat' dir='ltr'><strong>pebra</strong></span> <span class='ocrx_word' id='word_1_586' title='bbox 368 1929 526 1962; x_wconf 77' lang='lat' dir='ltr'><strong>complexus</strong></span> <span class='ocrx_word' id='word_1_587' title='bbox 543 1930 631 1956; x_wconf 83' lang='lat' dir='ltr'><strong>acrior</strong></span> <span class='ocrx_word' id='word_1_588' title='bbox 644 1930 690 1956; x_wconf 87' lang='lat' dir='ltr'><strong>sit.</strong></span> <span class='ocrx_word' id='word_1_589' title='bbox 709 1929 757 1956; x_wconf 81' lang='lat' dir='ltr'><strong>Pili</strong></span> <span class='ocrx_word' id='word_1_590' title='bbox 778 1931 850 1958; x_wconf 87' lang='lat' dir='ltr'><strong>enim</strong></span> <span class='ocrx_word' id='word_1_591' title='bbox 871 1931 908 1957; x_wconf 93' lang='lat' dir='ltr'><strong>illi</strong></span> <span class='ocrx_word' id='word_1_592' title='bbox 934 1931 1004 1958; x_wconf 90' lang='lat' dir='ltr'><strong>inter</strong></span> <span class='ocrx_word' id='word_1_593' title='bbox 1018 1938 1048 1959; x_wconf 86' lang='lat' dir='ltr'><strong>se</strong></span> 
     </span>
    </p>
   </div>
   <div class='ocr_carea' id='block_1_79' title="bbox 259 1974 1046 2010">
    <p class='ocr_par' dir='ltr' id='par_1_79' title="bbox 259 1974 1046 2010">
     <span class='ocr_line' id='line_1_79' title="bbox 259 1974 1046 2010; baseline 0.003 -9"><span class='ocrx_word' id='word_1_594' title='bbox 259 1974 374 2001; x_wconf 76' lang='lat' dir='ltr'><strong>connexi</strong></span> <span class='ocrx_word' id='word_1_595' title='bbox 385 1979 465 2008; x_wconf 83' lang='lat' dir='ltr'><strong>atque</strong></span> <span class='ocrx_word' id='word_1_596' title='bbox 480 1974 603 2008; x_wconf 76' lang='lat' dir='ltr'><strong>impliciti</strong></span> <span class='ocrx_word' id='word_1_597' title='bbox 614 1979 678 2002; x_wconf 88' lang='lat' dir='ltr'><strong>sunt</strong></span> <span class='ocrx_word' id='word_1_598' title='bbox 691 1975 814 2010; x_wconf 68' lang='lat' dir='ltr'><strong>quaedam</strong></span> <span class='ocrx_word' id='word_1_599' title='bbox 829 1977 912 2003; x_wconf 88' lang='lat' dir='ltr'><strong>veluti</strong></span> <span class='ocrx_word' id='word_1_600' title='bbox 927 1977 1046 2004; x_wconf 85' lang='lat' dir='ltr'><strong>vincula.</strong></span> 
     </span>
    </p>
   </div>
   <div class='ocr_carea' id='block_1_80' title="bbox 260 2019 1049 2057">
    <p class='ocr_par' dir='ltr' id='par_1_80' title="bbox 260 2019 1049 2057">
     <span class='ocr_line' id='line_1_80' title="bbox 260 2019 1049 2057; baseline 0.005 -11"><span class='ocrx_word' id='word_1_601' title='bbox 260 2019 300 2047; x_wconf 85' lang='lat' dir='ltr'><strong>Ad</strong></span> <span class='ocrx_word' id='word_1_602' title='bbox 317 2019 374 2046; x_wconf 71' lang='lat' dir='ltr'><strong>haec</strong></span> <span class='ocrx_word' id='word_1_603' title='bbox 390 2020 510 2048; x_wconf 81' lang='lat' dir='ltr'><strong>minutas</strong></span> <span class='ocrx_word' id='word_1_604' title='bbox 527 2021 622 2055; x_wconf 90' lang='lat' dir='ltr'><strong>procul</strong></span> <span class='ocrx_word' id='word_1_605' title='bbox 643 2025 737 2048; x_wconf 84' lang='lat' dir='ltr'><strong>arcent</strong></span> <span class='ocrx_word' id='word_1_606' title='bbox 749 2021 891 2055; x_wconf 84' lang='lat' dir='ltr'><strong>bestiolas,</strong></span> <span class='ocrx_word' id='word_1_607' title='bbox 907 2023 1049 2057; x_wconf 78' lang='lat' dir='ltr'><strong>lanugino-</strong></span> 
     </span>
    </p>
   </div>
   <div class='ocr_carea' id='block_1_81' title="bbox 260 2066 1047 2103">
    <p class='ocr_par' dir='ltr' id='par_1_81' title="bbox 260 2066 1047 2103">
     <span class='ocr_line' id='line_1_81' title="bbox 260 2066 1047 2103; baseline 0.004 -10"><span class='ocrx_word' id='word_1_608' title='bbox 260 2073 360 2100; x_wconf 83' lang='lat' dir='ltr'><strong>sasque</strong></span> <span class='ocrx_word' id='word_1_609' title='bbox 379 2066 474 2094; x_wconf 89' lang='lat' dir='ltr'><strong>sordes</strong></span> <span class='ocrx_word' id='word_1_610' title='bbox 498 2067 607 2102; x_wconf 90' lang='lat' dir='ltr'><strong>pupillis</strong></span> <span class='ocrx_word' id='word_1_611' title='bbox 634 2067 851 2103; x_wconf 71' lang='lat' dir='ltr'><strong>appropinquare</strong></span> <span class='ocrx_word' id='word_1_612' title='bbox 863 2076 917 2096; x_wconf 89' lang='lat' dir='ltr'><strong>non</strong></span> <span class='ocrx_word' id='word_1_613' title='bbox 944 2070 1047 2102; x_wconf 90' lang='lat' dir='ltr'><strong>sinunt,</strong></span> 
     </span>
    </p>
   </div>
   <div class='ocr_carea' id='block_1_82' title="bbox 261 2112 1087 2158">
    <p class='ocr_par' dir='ltr' id='par_1_82' title="bbox 261 2112 1087 2158">
     <span class='ocr_line' id='line_1_82' title="bbox 261 2112 1087 2158; baseline 0.005 -20"><span class='ocrx_word' id='word_1_614' title='bbox 261 2119 346 2147; x_wconf 85' lang='lat' dir='ltr'><strong>seque</strong></span> <span class='ocrx_word' id='word_1_615' title='bbox 361 2112 415 2140; x_wconf 89' lang='lat' dir='ltr'><strong>illis</strong></span> <span class='ocrx_word' id='word_1_616' title='bbox 437 2112 583 2141; x_wconf 86' lang='lat' dir='ltr'><strong>imbecillis</strong></span> <span class='ocrx_word' id='word_1_617' title='bbox 600 2118 680 2148; x_wconf 87' lang='lat' dir='ltr'><strong>atque</strong></span> <span class='ocrx_word' id='word_1_618' title='bbox 705 2114 779 2141; x_wconf 92' lang='lat' dir='ltr'><strong>omni</strong></span> <span class='ocrx_word' id='word_1_619' title='bbox 799 2114 906 2148; x_wconf 65' lang='lat' dir='ltr'><strong>injuria</strong></span> <span class='ocrx_word' id='word_1_620' title='bbox 922 2115 1048 2142; x_wconf 85' lang='lat' dir='ltr'><strong>obnoxiis</strong></span> <span class='ocrx_word' id='word_1_621' title='bbox 1065 2132 1087 2158; x_wconf 70' lang='grc' dir='ltr'>υ</span> 
     </span>
    </p>
   </div>
   <div class='ocr_carea' id='block_1_83' title="bbox 261 2158 1049 2194">
    <p class='ocr_par' dir='ltr' id='par_1_83' title="bbox 261 2158 1049 2194">
     <span class='ocr_line' id='line_1_83' title="bbox 261 2158 1049 2194; baseline 0.006 -11"><span class='ocrx_word' id='word_1_622' title='bbox 261 2162 478 2193; x_wconf 76' lang='lat' dir='ltr'><strong>propugnatores</strong></span> <span class='ocrx_word' id='word_1_623' title='bbox 495 2158 624 2193; x_wconf 67' lang='lat' dir='ltr'><strong>praebent.</strong></span> <span class='ocrx_word' id='word_1_624' title='bbox 643 2158 732 2194; x_wconf 79' lang='lat' dir='ltr'><strong>Atque</strong></span> <span class='ocrx_word' id='word_1_625' title='bbox 760 2159 797 2186; x_wconf 90' lang='lat' dir='ltr'><strong>ita</strong></span> <span class='ocrx_word' id='word_1_626' title='bbox 814 2167 909 2187; x_wconf 87' lang='lat' dir='ltr'><strong>eorum</strong></span> <span class='ocrx_word' id='word_1_627' title='bbox 925 2161 1049 2188; x_wconf 78' lang='lat' dir='ltr'><strong>custodia</strong></span> 
     </span>
    </p>
   </div>
   <div class='ocr_carea' id='block_1_84' title="bbox 261 2201 1050 2241">
    <p class='ocr_par' dir='ltr' id='par_1_84' title="bbox 261 2201 1050 2241">
     <span class='ocr_line' id='line_1_84' title="bbox 261 2201 1050 2241; baseline 0.005 -13"><span class='ocrx_word' id='word_1_628' title='bbox 261 2201 340 2229; x_wconf 88' lang='lat' dir='ltr'><strong>nobis</strong></span> <span class='ocrx_word' id='word_1_629' title='bbox 355 2209 417 2229; x_wconf 90' lang='lat' dir='ltr'><strong>cum</strong></span> <span class='ocrx_word' id='word_1_630' title='bbox 431 2201 539 2235; x_wconf 84' lang='lat' dir='ltr'><strong>decora,</strong></span> <span class='ocrx_word' id='word_1_631' title='bbox 553 2207 609 2230; x_wconf 87' lang='lat' dir='ltr'><strong>tuin</strong></span> <span class='ocrx_word' id='word_1_632' title='bbox 625 2204 706 2231; x_wconf 86' lang='lat' dir='ltr'><strong>etiam</strong></span> <span class='ocrx_word' id='word_1_633' title='bbox 719 2204 794 2231; x_wconf 90' lang='lat' dir='ltr'><strong>utilis</strong></span> <span class='ocrx_word' id='word_1_634' title='bbox 808 2209 859 2232; x_wconf 82' lang='lat' dir='ltr'><strong>est.</strong></span> <span class='ocrx_word' id='word_1_635' title='bbox 873 2205 941 2238; x_wconf 84' lang='lat' dir='ltr'><strong>Quid</strong></span> <span class='ocrx_word' id='word_1_636' title='bbox 954 2213 1050 2241; x_wconf 87' lang='lat' dir='ltr'><strong>super-</strong></span> 
     </span>
    </p>
   </div>
   <div class='ocr_carea' id='block_1_85' title="bbox 261 2247 1051 2287">
    <p class='ocr_par' dir='ltr' id='par_1_85' title="bbox 261 2247 1051 2287">
     <span class='ocr_line' id='line_1_85' title="bbox 261 2247 1051 2287; baseline 0.009 -15"><span class='ocrx_word' id='word_1_637' title='bbox 261 2247 354 2273; x_wconf 91' lang='lat' dir='ltr'><strong>cilium</strong></span> <span class='ocrx_word' id='word_1_638' title='bbox 368 2247 379 2273; x_wconf 85' lang='lat'><strong>?</strong></span> <span class='ocrx_word' id='word_1_639' title='bbox 391 2255 481 2275; x_wconf 90' lang='lat' dir='ltr'><strong>nonne</strong></span> <span class='ocrx_word' id='word_1_640' title='bbox 492 2248 541 2275; x_wconf 87' lang='lat' dir='ltr'><strong>tibi</strong></span> <span class='ocrx_word' id='word_1_641' title='bbox 553 2249 710 2283; x_wconf 89' lang='lat' dir='ltr'><strong>adjumento</strong></span> <span class='ocrx_word' id='word_1_642' title='bbox 720 2256 759 2277; x_wconf 87' lang='lat' dir='ltr'><strong>est</strong></span> <span class='ocrx_word' id='word_1_643' title='bbox 772 2258 825 2286; x_wconf 92' lang='lat' dir='ltr'><strong>quo</strong></span> <span class='ocrx_word' id='word_1_644' title='bbox 839 2252 940 2278; x_wconf 83' lang='lat' dir='ltr'><strong>rectius</strong></span> <span class='ocrx_word' id='word_1_645' title='bbox 950 2251 1051 2287; x_wconf 81' lang='lat' dir='ltr'><strong>dirigas</strong></span> 
     </span>
    </p>
   </div>
   <div class='ocr_carea' id='block_1_86' title="bbox 261 2292 1051 2331">
    <p class='ocr_par' dir='ltr' id='par_1_86' title="bbox 261 2292 1051 2331">
     <span class='ocr_line' id='line_1_86' title="bbox 261 2292 1051 2331; baseline 0.009 -13"><span class='ocrx_word' id='word_1_646' title='bbox 261 2292 347 2319; x_wconf 82' lang='lat' dir='ltr'><strong>aciem</strong></span> <span class='ocrx_word' id='word_1_647' title='bbox 359 2293 522 2331; x_wconf 70' lang='lat' dir='ltr'><strong>oculorum?</strong></span> <span class='ocrx_word' id='word_1_648' title='bbox 535 2294 561 2320; x_wconf 93' lang='lat' dir='ltr'><strong>id</strong></span> <span class='ocrx_word' id='word_1_649' title='bbox 572 2294 643 2329; x_wconf 89' lang='lat' dir='ltr'><strong>quod</strong></span> <span class='ocrx_word' id='word_1_650' title='bbox 658 2295 709 2322; x_wconf 81' lang='lat' dir='ltr'><strong>hoc</strong></span> <span class='ocrx_word' id='word_1_651' title='bbox 718 2302 879 2330; x_wconf 73' lang='lat' dir='ltr'><strong>argumento</strong></span> <span class='ocrx_word' id='word_1_652' title='bbox 895 2298 1051 2325; x_wconf 89' lang='lat' dir='ltr'><strong>conﬁrmari</strong></span> 
     </span>
    </p>
   </div>
   <div class='ocr_carea' id='block_1_87' title="bbox 262 2337 1053 2378">
    <p class='ocr_par' dir='ltr' id='par_1_87' title="bbox 262 2337 1053 2378">
     <span class='ocr_line' id='line_1_87' title="bbox 262 2337 1053 2378; baseline 0.01 -15"><span class='ocrx_word' id='word_1_653' title='bbox 262 2341 353 2371; x_wconf 84' lang='lat' dir='ltr'><strong>potest</strong></span> <span class='ocrx_word' id='word_1_654' title='bbox 364 2337 496 2370; x_wconf 86' lang='lat' dir='ltr'><strong>:Quando</strong></span> <span class='ocrx_word' id='word_1_655' title='bbox 510 2340 620 2367; x_wconf 90' lang='lat' dir='ltr'><strong>conaris</strong></span> <span class='ocrx_word' id='word_1_656' title='bbox 645 2341 748 2375; x_wconf 86' lang='lat' dir='ltr'><strong>aliquid</strong></span> <span class='ocrx_word' id='word_1_657' title='bbox 764 2343 860 2376; x_wconf 90' lang='lat' dir='ltr'><strong>procul</strong></span> <span class='ocrx_word' id='word_1_658' title='bbox 874 2344 992 2378; x_wconf 87' lang='lat' dir='ltr'><strong>positum</strong></span> <span class='ocrx_word' id='word_1_659' title='bbox 1010 2344 1053 2371; x_wconf 86' lang='lat' dir='ltr'><strong>in-</strong></span> 
     </span>
    </p>
   </div>
   <div class='ocr_carea' id='block_1_88' title="bbox 263 2383 1050 2424">
    <p class='ocr_par' dir='ltr' id='par_1_88' title="bbox 263 2383 1050 2424">
     <span class='ocr_line' id='line_1_88' title="bbox 263 2383 1050 2424; baseline 0.011 -16"><span class='ocrx_word' id='word_1_660' title='bbox 263 2383 344 2414; x_wconf 85' lang='lat' dir='ltr'><strong>tueri,</strong></span> <span class='ocrx_word' id='word_1_661' title='bbox 371 2391 422 2410; x_wconf 91' lang='lat' dir='ltr'><strong>cur</strong></span> <span class='ocrx_word' id='word_1_662' title='bbox 455 2391 566 2411; x_wconf 89' lang='lat' dir='ltr'><strong>manum</strong></span> <span class='ocrx_word' id='word_1_663' title='bbox 591 2391 731 2414; x_wconf 73' lang='lat' dir='ltr'><strong>extensam</strong></span> <span class='ocrx_word' id='word_1_664' title='bbox 748 2388 901 2422; x_wconf 89' lang='lat' dir='ltr'><strong>superciliis</strong></span> <span class='ocrx_word' id='word_1_665' title='bbox 923 2390 1050 2424; x_wconf 90' lang='lat' dir='ltr'><strong>imponis,</strong></span> 
     </span>
    </p>
   </div>
   <div class='ocr_carea' id='block_1_89' title="bbox 263 2428 1052 2467">
    <p class='ocr_par' dir='ltr' id='par_1_89' title="bbox 263 2428 1052 2467">
     <span class='ocr_line' id='line_1_89' title="bbox 263 2428 1052 2467; baseline 0.013 -14"><span class='ocrx_word' id='word_1_666' title='bbox 263 2428 316 2454; x_wconf 92' lang='lat' dir='ltr'><strong>nisi</strong></span> <span class='ocrx_word' id='word_1_667' title='bbox 332 2432 362 2454; x_wconf 88' lang='lat' dir='ltr'><strong>ut</strong></span> <span class='ocrx_word' id='word_1_668' title='bbox 372 2428 480 2456; x_wconf 86' lang='lat' dir='ltr'><strong>videndi</strong></span> <span class='ocrx_word' id='word_1_669' title='bbox 493 2430 534 2456; x_wconf 88' lang='lat' dir='ltr'><strong>vis</strong></span> <span class='ocrx_word' id='word_1_670' title='bbox 550 2438 631 2466; x_wconf 82' lang='lat' dir='ltr'><strong>supra</strong></span> <span class='ocrx_word' id='word_1_671' title='bbox 644 2432 759 2467; x_wconf 72' lang='lat' dir='ltr'><strong>disiecta</strong></span> <span class='ocrx_word' id='word_1_672' title='bbox 783 2441 838 2461; x_wconf 89' lang='lat' dir='ltr'><strong>non</strong></span> <span class='ocrx_word' id='word_1_673' title='bbox 853 2439 955 2462; x_wconf 85' lang='lat' dir='ltr'><strong>temere</strong></span> <span class='ocrx_word' id='word_1_674' title='bbox 968 2435 1052 2463; x_wconf 88' lang='lat' dir='ltr'><strong>dissi-</strong></span> 
     </span>
    </p>
   </div>
   <div class='ocr_carea' id='block_1_90' title="bbox 264 2475 1053 2513">
    <p class='ocr_par' dir='ltr' id='par_1_90' title="bbox 264 2475 1053 2513">
     <span class='ocr_line' id='line_1_90' title="bbox 264 2475 1053 2513; baseline 0.01 -13"><span class='ocrx_word' id='word_1_675' title='bbox 264 2479 354 2509; x_wconf 82' lang='lat' dir='ltr'><strong>petur,</strong></span> <span class='ocrx_word' id='word_1_676' title='bbox 368 2475 414 2502; x_wconf 89' lang='lat' dir='ltr'><strong>sed</strong></span> <span class='ocrx_word' id='word_1_677' title='bbox 431 2483 529 2502; x_wconf 86' lang='lat' dir='ltr'><strong>manus</strong></span> <span class='ocrx_word' id='word_1_678' title='bbox 543 2477 652 2511; x_wconf 78' lang='lat' dir='ltr'><strong>obiectu</strong></span> <span class='ocrx_word' id='word_1_679' title='bbox 668 2478 843 2513; x_wconf 78' lang='lat' dir='ltr'><strong>coniunctior</strong></span> <span class='ocrx_word' id='word_1_680' title='bbox 859 2480 973 2508; x_wconf 88' lang='lat' dir='ltr'><strong>ulterius</strong></span> <span class='ocrx_word' id='word_1_681' title='bbox 984 2481 1053 2508; x_wconf 84' lang='lat' dir='ltr'><strong>fera-</strong></span> 
     </span>
    </p>
   </div>
   <div class='ocr_carea' id='block_1_91' title="bbox 263 2520 1053 2560">
    <p class='ocr_par' dir='ltr' id='par_1_91' title="bbox 263 2520 1053 2560">
     <span class='ocr_line' id='line_1_91' title="bbox 263 2520 1053 2560; baseline 0.01 -14"><span class='ocrx_word' id='word_1_682' title='bbox 263 2525 308 2547; x_wconf 92' lang='lat' dir='ltr'><strong>tur</strong></span> <span class='ocrx_word' id='word_1_683' title='bbox 321 2525 346 2547; x_wconf 89' lang='lat' dir='ltr'><strong>ct</strong></span> <span class='ocrx_word' id='word_1_684' title='bbox 358 2520 476 2552; x_wconf 84' lang='lat' dir='ltr'><strong>acutius,</strong></span> <span class='ocrx_word' id='word_1_685' title='bbox 493 2528 525 2549; x_wconf 89' lang='lat' dir='ltr'><strong>ac</strong></span> <span class='ocrx_word' id='word_1_686' title='bbox 541 2523 644 2550; x_wconf 87' lang='lat' dir='ltr'><strong>rectius</strong></span> <span class='ocrx_word' id='word_1_687' title='bbox 654 2531 767 2552; x_wconf 86' lang='lat' dir='ltr'><strong>munere</strong></span> <span class='ocrx_word' id='word_1_688' title='bbox 781 2524 912 2560; x_wconf 81' lang='lat' dir='ltr'><strong>fungatur</strong></span> <span class='ocrx_word' id='word_1_689' title='bbox 928 2526 1000 2553; x_wconf 86' lang='lat' dir='ltr'><strong>suo?</strong></span> <span class='ocrx_word' id='word_1_690' title='bbox 1013 2527 1053 2554; x_wconf 89' lang='lat' dir='ltr'><strong>sic</strong></span> 
     </span>
    </p>
   </div>
   <div class='ocr_carea' id='block_1_92' title="bbox 263 2565 1054 2606">
    <p class='ocr_par' dir='ltr' id='par_1_92' title="bbox 263 2565 1054 2606">
     <span class='ocr_line' id='line_1_92' title="bbox 263 2565 1054 2606; baseline 0.01 -15"><span class='ocrx_word' id='word_1_691' title='bbox 263 2565 374 2592; x_wconf 83' lang='lat' dir='ltr'><strong>obtenta</strong></span> <span class='ocrx_word' id='word_1_692' title='bbox 389 2573 471 2593; x_wconf 81' lang='lat' dir='ltr'><strong>manu</strong></span> <span class='ocrx_word' id='word_1_693' title='bbox 487 2566 598 2595; x_wconf 88' lang='lat' dir='ltr'><strong>luminis</strong></span> <span class='ocrx_word' id='word_1_694' title='bbox 616 2570 749 2597; x_wconf 87' lang='lat' dir='ltr'><strong>transitus</strong></span> <span class='ocrx_word' id='word_1_695' title='bbox 765 2570 901 2604; x_wconf 77' lang='lat' dir='ltr'><strong>dirigitur.</strong></span> <span class='ocrx_word' id='word_1_696' title='bbox 915 2572 986 2606; x_wconf 84' lang='lat' dir='ltr'><strong>Ergo</strong></span> <span class='ocrx_word' id='word_1_697' title='bbox 1007 2579 1054 2599; x_wconf 91' lang='lat' dir='ltr'><strong>su-</strong></span> 
     </span>
    </p>
   </div>
   <div class='ocr_carea' id='block_1_93' title="bbox 264 2611 1053 2649">
    <p class='ocr_par' dir='ltr' id='par_1_93' title="bbox 264 2611 1053 2649">
     <span class='ocr_line' id='line_1_93' title="bbox 264 2611 1053 2649; baseline 0.009 -12"><span class='ocrx_word' id='word_1_698' title='bbox 264 2611 375 2645; x_wconf 86' lang='lat' dir='ltr'><strong>percilia</strong></span> <span class='ocrx_word' id='word_1_699' title='bbox 387 2615 445 2639; x_wconf 87' lang='lat' dir='ltr'><strong>tum</strong></span> <span class='ocrx_word' id='word_1_700' title='bbox 462 2613 560 2641; x_wconf 85' lang='lat' dir='ltr'><strong>oculos</strong></span> <span class='ocrx_word' id='word_1_701' title='bbox 577 2619 686 2649; x_wconf 82' lang='lat' dir='ltr'><strong>regunt,</strong></span> <span class='ocrx_word' id='word_1_702' title='bbox 706 2620 763 2648; x_wconf 88' lang='lat' dir='ltr'><strong>tum</strong></span> <span class='ocrx_word' id='word_1_703' title='bbox 776 2616 886 2644; x_wconf 89' lang='lat' dir='ltr'><strong>sudoris</strong></span> <span class='ocrx_word' id='word_1_704' title='bbox 898 2617 1053 2644; x_wconf 83' lang='lat' dir='ltr'><strong>multitudi--</strong></span> 
     </span>
    </p>
   </div>
   <div class='ocr_carea' id='block_1_94' title="bbox 265 2658 1055 2698">
    <p class='ocr_par' dir='ltr' id='par_1_94' title="bbox 265 2658 1055 2698">
     <span class='ocr_line' id='line_1_94' title="bbox 265 2658 1055 2698; baseline 0.01 -15"><span class='ocrx_word' id='word_1_705' title='bbox 265 2664 336 2689; x_wconf 90' lang='lat' dir='ltr'><strong>nem,</strong></span> <span class='ocrx_word' id='word_1_706' title='bbox 351 2665 386 2684; x_wconf 92' lang='lat' dir='ltr'><strong>ne</strong></span> <span class='ocrx_word' id='word_1_707' title='bbox 398 2658 432 2685; x_wconf 88' lang='lat' dir='ltr'><strong>ab</strong></span> <span class='ocrx_word' id='word_1_708' title='bbox 444 2666 475 2685; x_wconf 79' lang='lat' dir='ltr'><strong>ea</strong></span> <span class='ocrx_word' id='word_1_709' title='bbox 493 2663 686 2695; x_wconf 74' lang='lat' dir='ltr'><strong>contegantur,</strong></span> <span class='ocrx_word' id='word_1_710' title='bbox 700 2661 864 2696; x_wconf 88' lang='lat' dir='ltr'><strong>propellunt,</strong></span> <span class='ocrx_word' id='word_1_711' title='bbox 877 2670 959 2698; x_wconf 84' lang='lat' dir='ltr'><strong>seque</strong></span> <span class='ocrx_word' id='word_1_712' title='bbox 971 2663 1009 2690; x_wconf 89' lang='lat' dir='ltr'><strong>illi</strong></span> <span class='ocrx_word' id='word_1_713' title='bbox 1026 2668 1055 2691; x_wconf 91' lang='lat' dir='ltr'><strong>ut</strong></span> 
     </span>
    </p>
   </div>
   <div class='ocr_carea' id='block_1_95' title="bbox 264 2704 1054 2741">
    <p class='ocr_par' dir='ltr' id='par_1_95' title="bbox 264 2704 1054 2741">
     <span class='ocr_line' id='line_1_95' title="bbox 264 2704 1054 2741; baseline 0.008 -12"><span class='ocrx_word' id='word_1_714' title='bbox 264 2710 373 2730; x_wconf 86' lang='lat' dir='ltr'><strong>murum</strong></span> <span class='ocrx_word' id='word_1_715' title='bbox 395 2704 538 2739; x_wconf 87' lang='lat' dir='ltr'><strong>objiciunt.</strong></span> <span class='ocrx_word' id='word_1_716' title='bbox 556 2704 623 2737; x_wconf 88' lang='lat' dir='ltr'><strong>Quis</strong></span> <span class='ocrx_word' id='word_1_717' title='bbox 641 2706 762 2741; x_wconf 80' lang='lat' dir='ltr'><strong>agricola</strong></span> <span class='ocrx_word' id='word_1_718' title='bbox 778 2711 832 2733; x_wconf 85' lang='lat' dir='ltr'><strong>tam</strong></span> <span class='ocrx_word' id='word_1_719' title='bbox 859 2711 932 2734; x_wconf 82' lang='lat' dir='ltr'><strong>recte</strong></span> <span class='ocrx_word' id='word_1_720' title='bbox 947 2707 1054 2735; x_wconf 87' lang='lat' dir='ltr'><strong>vineam</strong></span> 
     </span>
    </p>
   </div>
   <div class='ocr_carea' id='block_1_96' title="bbox 267 2748 1054 2786">
    <p class='ocr_par' dir='ltr' id='par_1_96' title="bbox 267 2748 1054 2786">
     <span class='ocr_line' id='line_1_96' title="bbox 267 2748 1054 2786; baseline 0.008 -11"><span class='ocrx_word' id='word_1_721' title='bbox 267 2748 422 2784; x_wconf 88' lang='lat' dir='ltr'><strong>disponere,</strong></span> <span class='ocrx_word' id='word_1_722' title='bbox 461 2750 692 2786; x_wconf 84' lang='lat' dir='ltr'><strong>circumjectaque</strong></span> <span class='ocrx_word' id='word_1_723' title='bbox 729 2752 847 2780; x_wconf 87' lang='lat' dir='ltr'><strong>macerie</strong></span> <span class='ocrx_word' id='word_1_724' title='bbox 885 2754 1054 2782; x_wconf 88' lang='lat' dir='ltr'><strong>communire</strong></span> 
     </span>
    </p>
   </div>
   <div class='ocr_carea' id='block_1_97' title="bbox 1135 1793 1886 1829">
    <p class='ocr_par' dir='ltr' id='par_1_97' title="bbox 1135 1793 1886 1829">
     <span class='ocr_line' id='line_1_97' title="bbox 1135 1793 1886 1829; baseline 0.001 -9"><span class='ocrx_word' id='word_1_725' title='bbox 1135 1793 1286 1828; x_wconf 76' lang='grc' dir='ltr'>Ἀνέπαφον</span> <span class='ocrx_word' id='word_1_726' title='bbox 1295 1793 1373 1820; x_wconf 76' lang='grc' dir='ltr'>τοῦτο</span> <span class='ocrx_word' id='word_1_727' title='bbox 1387 1793 1465 1828; x_wconf 86' lang='grc' dir='ltr'>μόνον</span> <span class='ocrx_word' id='word_1_728' title='bbox 1479 1794 1533 1820; x_wconf 85' lang='grc' dir='ltr'>τῶν</span> <span class='ocrx_word' id='word_1_729' title='bbox 1543 1793 1572 1820; x_wconf 77' lang='grc' dir='ltr'>ἐν</span> <span class='ocrx_word' id='word_1_730' title='bbox 1583 1795 1647 1829; x_wconf 82' lang='grc' dir='ltr'>ἡμῖν</span> <span class='ocrx_word' id='word_1_731' title='bbox 1663 1794 1750 1829; x_wconf 82' lang='grc' dir='ltr'>μελῶν</span> <span class='ocrx_word' id='word_1_732' title='bbox 1763 1794 1886 1829; x_wconf 84' lang='grc' dir='ltr'>βούλεται</span> 
     </span>
    </p>
   </div>
   <div class='ocr_carea' id='block_1_98' title="bbox 1099 1836 1887 1874">
    <p class='ocr_par' dir='ltr' id='par_1_98' title="bbox 1099 1836 1887 1874">
     <span class='ocr_line' id='line_1_98' title="bbox 1099 1836 1887 1874; baseline 0 -9"><span class='ocrx_word' id='word_1_733' title='bbox 1099 1836 1169 1865; x_wconf 73' lang='grc' dir='ltr'>εἶναι</span> <span class='ocrx_word' id='word_1_734' title='bbox 1185 1839 1199 1865; x_wconf 86' lang='grc' dir='ltr'><strong>ό</strong></span> <span class='ocrx_word' id='word_1_735' title='bbox 1219 1838 1371 1873; x_wconf 81' lang='grc' dir='ltr'>ὁφθαλμὸς¹,</span> <span class='ocrx_word' id='word_1_736' title='bbox 1387 1838 1440 1864; x_wconf 79' lang='grc' dir='ltr'><strong>ὑπὸ</strong></span> <span class='ocrx_word' id='word_1_737' title='bbox 1459 1839 1686 1874; x_wconf 83' lang='grc' dir='ltr'>παραπετάσματι</span> <span class='ocrx_word' id='word_1_738' title='bbox 1705 1839 1744 1874; x_wconf 83' lang='grc' dir='ltr'>τῷ</span> <span class='ocrx_word' id='word_1_739' title='bbox 1760 1839 1887 1874; x_wconf 79' lang='grc' dir='ltr'>βλεφάρῳ</span> 
     </span>
    </p>
   </div>
   <div class='ocr_carea' id='block_1_99' title="bbox 1099 1884 1886 1921">
    <p class='ocr_par' dir='ltr' id='par_1_99' title="bbox 1099 1884 1886 1921">
     <span class='ocr_line' id='line_1_99' title="bbox 1099 1884 1886 1921; baseline 0.003 -11"><span class='ocrx_word' id='word_1_740' title='bbox 1099 1884 1311 1920; x_wconf 83' lang='grc' dir='ltr'>καλυπτόμενος.</span> <span class='ocrx_word' id='word_1_741' title='bbox 1334 1884 1437 1915; x_wconf 78' lang='grc' dir='ltr'>’Λκίδες</span> <span class='ocrx_word' id='word_1_742' title='bbox 1456 1884 1510 1911; x_wconf 83' lang='grc' dir='ltr'>τῶν</span> <span class='ocrx_word' id='word_1_743' title='bbox 1526 1885 1627 1921; x_wconf 81' lang='grc' dir='ltr'>τριχῶν</span> <span class='ocrx_word' id='word_1_744' title='bbox 1647 1885 1886 1921; x_wconf 82' lang='grc' dir='ltr'>περιϐεϐλημέναι.</span> 
     </span>
    </p>
   </div>
   <div class='ocr_carea' id='block_1_100' title="bbox 1100 1929 1888 1966">
    <p class='ocr_par' dir='ltr' id='par_1_100' title="bbox 1100 1929 1888 1966">
     <span class='ocr_line' id='line_1_100' title="bbox 1100 1929 1888 1966; baseline 0.001 -9"><span class='ocrx_word' id='word_1_745' title='bbox 1100 1930 1150 1957; x_wconf 77' lang='grc' dir='ltr'><strong>Διὰ</strong></span> <span class='ocrx_word' id='word_1_746' title='bbox 1170 1931 1206 1962; x_wconf 79' lang='grc' dir='ltr'><strong>τι,</strong></span> <span class='ocrx_word' id='word_1_747' title='bbox 1222 1930 1266 1956; x_wconf 83' lang='grc' dir='ltr'><strong>ἵνα</strong></span> <span class='ocrx_word' id='word_1_748' title='bbox 1286 1929 1467 1964; x_wconf 77' lang='grc' dir='ltr'>ἀκριϐεστέρα</span> <span class='ocrx_word' id='word_1_749' title='bbox 1484 1930 1595 1965; x_wconf 86' lang='grc' dir='ltr'>γένηται</span> <span class='ocrx_word' id='word_1_750' title='bbox 1622 1931 1638 1965; x_wconf 87' lang='grc' dir='ltr'>ὴ</span> <span class='ocrx_word' id='word_1_751' title='bbox 1660 1931 1809 1966; x_wconf 79' lang='grc' dir='ltr'>περιπλοκὴ</span> <span class='ocrx_word' id='word_1_752' title='bbox 1833 1931 1888 1958; x_wconf 82' lang='grc' dir='ltr'>τῶν</span> 
     </span>
    </p>
   </div>
   <div class='ocr_carea' id='block_1_101' title="bbox 1102 1973 1888 2011">
    <p class='ocr_par' dir='ltr' id='par_1_101' title="bbox 1102 1973 1888 2011">
     <span class='ocr_line' id='line_1_101' title="bbox 1102 1973 1888 2011; baseline 0.001 -9"><span class='ocrx_word' id='word_1_753' title='bbox 1102 1976 1242 2011; x_wconf 83' lang='grc' dir='ltr'>βλεφάρων</span> <span class='ocrx_word' id='word_1_754' title='bbox 1251 1975 1297 2001; x_wconf 81' lang='grc' dir='ltr'>τοῦ</span> <span class='ocrx_word' id='word_1_755' title='bbox 1312 1975 1368 2001; x_wconf 83' lang='grc' dir='ltr'><strong>ἄνω</strong></span> <span class='ocrx_word' id='word_1_756' title='bbox 1381 1975 1449 2010; x_wconf 75' lang='grc' dir='ltr'>πρὸς</span> <span class='ocrx_word' id='word_1_757' title='bbox 1459 1974 1489 2001; x_wconf 82' lang='grc' dir='ltr'><strong>τὸ</strong></span> <span class='ocrx_word' id='word_1_758' title='bbox 1504 1975 1588 2002; x_wconf 84' lang='grc' dir='ltr'>κάτω.</span> <span class='ocrx_word' id='word_1_759' title='bbox 1601 1973 1661 2001; x_wconf 74' lang='grc' dir='ltr'><strong>υἷυν</strong></span> <span class='ocrx_word' id='word_1_760' title='bbox 1676 1976 1729 2011; x_wconf 88' lang='grc' dir='ltr'><strong>γὰρ</strong></span> <span class='ocrx_word' id='word_1_761' title='bbox 1745 1976 1888 2011; x_wconf 77' lang='grc' dir='ltr'>σύνδεσμοί</span> 
     </span>
    </p>
   </div>
   <div class='ocr_carea' id='block_1_102' title="bbox 1101 2020 1889 2057">
    <p class='ocr_par' dir='ltr' id='par_1_102' title="bbox 1101 2020 1889 2057">
     <span class='ocr_line' id='line_1_102' title="bbox 1101 2020 1889 2057; baseline 0.001 -8"><span class='ocrx_word' id='word_1_762' title='bbox 1101 2023 1169 2049; x_wconf 85' lang='grc' dir='ltr'>εἰσιν</span> <span class='ocrx_word' id='word_1_763' title='bbox 1184 2022 1311 2056; x_wconf 83' lang='grc' dir='ltr'>ἀλλήλαις</span> <span class='ocrx_word' id='word_1_764' title='bbox 1323 2021 1553 2056; x_wconf 85' lang='grc' dir='ltr'>περιπλεκόμεναι</span> <span class='ocrx_word' id='word_1_765' title='bbox 1569 2022 1596 2048; x_wconf 76' lang='grc' dir='ltr'><strong>αἱ</strong></span> <span class='ocrx_word' id='word_1_766' title='bbox 1610 2022 1710 2057; x_wconf 82' lang='grc' dir='ltr'>τρίχες·</span> <span class='ocrx_word' id='word_1_767' title='bbox 1727 2020 1785 2049; x_wconf 78' lang='grc' dir='ltr'>εἶτα</span> <span class='ocrx_word' id='word_1_768' title='bbox 1798 2023 1889 2050; x_wconf 77' lang='grc' dir='ltr'>καὶτὰ</span> 
     </span>
    </p>
   </div>
   <div class='ocr_carea' id='block_1_103' title="bbox 1101 2067 1888 2106">
    <p class='ocr_par' dir='ltr' id='par_1_103' title="bbox 1101 2067 1888 2106">
     <span class='ocr_line' id='line_1_103' title="bbox 1101 2067 1888 2106; baseline 0.001 -11"><span class='ocrx_word' id='word_1_769' title='bbox 1101 2068 1185 2095; x_wconf 78' lang='grc' dir='ltr'>λεπτὰ</span> <span class='ocrx_word' id='word_1_770' title='bbox 1201 2067 1255 2095; x_wconf 85' lang='grc' dir='ltr'>τῶν</span> <span class='ocrx_word' id='word_1_771' title='bbox 1271 2067 1346 2099; x_wconf 77' lang='grc' dir='ltr'><strong>ζώων</strong></span> <span class='ocrx_word' id='word_1_772' title='bbox 1367 2068 1505 2103; x_wconf 81' lang='grc' dir='ltr'>πόρῤωθεν</span> <span class='ocrx_word' id='word_1_773' title='bbox 1518 2068 1661 2101; x_wconf 52' lang='lat' dir='ltr'><strong>tvvs-ilia,</strong></span> <span class='ocrx_word' id='word_1_774' title='bbox 1680 2069 1726 2095; x_wconf 71' lang='grc' dir='ltr'>καὶ</span> <span class='ocrx_word' id='word_1_775' title='bbox 1739 2069 1773 2096; x_wconf 88' lang='grc' dir='ltr'>τὰ</span> <span class='ocrx_word' id='word_1_776' title='bbox 1785 2069 1888 2106; x_wconf 84' lang='grc' dir='ltr'>χνοώδη</span> 
     </span>
    </p>
   </div>
   <div class='ocr_carea' id='block_1_104' title="bbox 1101 2113 1891 2150">
    <p class='ocr_par' dir='ltr' id='par_1_104' title="bbox 1101 2113 1891 2150">
     <span class='ocr_line' id='line_1_104' title="bbox 1101 2113 1891 2150; baseline 0.001 -9"><span class='ocrx_word' id='word_1_777' title='bbox 1101 2115 1150 2141; x_wconf 76' lang='grc' dir='ltr'><strong>οὐκ</strong></span> <span class='ocrx_word' id='word_1_778' title='bbox 1176 2115 1207 2150; x_wconf 75' lang='grc' dir='ltr'>ἑᾷ</span> <span class='ocrx_word' id='word_1_779' title='bbox 1231 2113 1379 2149; x_wconf 84' lang='grc' dir='ltr'>πλησιάσαι</span> <span class='ocrx_word' id='word_1_780' title='bbox 1401 2115 1434 2149; x_wconf 84' lang='grc' dir='ltr'>τῇ</span> <span class='ocrx_word' id='word_1_781' title='bbox 1461 2114 1529 2150; x_wconf 82' lang='grc' dir='ltr'>κόρῃ</span> <span class='ocrx_word' id='word_1_782' title='bbox 1561 2113 1696 2150; x_wconf 83' lang='grc' dir='ltr'>δυναμένῃ</span> <span class='ocrx_word' id='word_1_783' title='bbox 1722 2115 1891 2150; x_wconf 82' lang='grc' dir='ltr'>πανταχόθεν</span> 
     </span>
    </p>
   </div>
   <div class='ocr_carea' id='block_1_105' title="bbox 1101 2159 1893 2196">
    <p class='ocr_par' dir='ltr' id='par_1_105' title="bbox 1101 2159 1893 2196">
     <span class='ocr_line' id='line_1_105' title="bbox 1101 2159 1893 2196; baseline 0 -9"><span class='ocrx_word' id='word_1_784' title='bbox 1101 2159 1299 2196; x_wconf 77' lang='grc' dir='ltr'>ἀμαυροῦσθαι.</span> <span class='ocrx_word' id='word_1_785' title='bbox 1315 2159 1408 2185; x_wconf 82' lang='grc' dir='ltr'>Οἱκεία</span> <span class='ocrx_word' id='word_1_786' title='bbox 1422 2159 1463 2190; x_wconf 76' lang='grc' dir='ltr'><strong>τις</strong></span> <span class='ocrx_word' id='word_1_787' title='bbox 1477 2160 1533 2186; x_wconf 81' lang='grc' dir='ltr'>ἐστι</span> <span class='ocrx_word' id='word_1_788' title='bbox 1551 2159 1657 2195; x_wconf 80' lang='grc' dir='ltr'>φυλακὴ</span> <span class='ocrx_word' id='word_1_789' title='bbox 1673 2160 1737 2195; x_wconf 72' lang='grc' dir='ltr'>περὶ</span> <span class='ocrx_word' id='word_1_790' title='bbox 1755 2161 1829 2196; x_wconf 79' lang='grc' dir='ltr'>ἡμᾶς</span> <span class='ocrx_word' id='word_1_791' title='bbox 1842 2170 1893 2187; x_wconf 85' lang='grc' dir='ltr'>πε-</span> 
     </span>
    </p>
   </div>
   <div class='ocr_carea' id='block_1_106' title="bbox 1103 2204 1892 2241">
    <p class='ocr_par' dir='ltr' id='par_1_106' title="bbox 1103 2204 1892 2241">
     <span class='ocr_line' id='line_1_106' title="bbox 1103 2204 1892 2241; baseline 0.001 -10"><span class='ocrx_word' id='word_1_792' title='bbox 1103 2205 1242 2240; x_wconf 78' lang='grc' dir='ltr'>ρικειμένη</span> <span class='ocrx_word' id='word_1_793' title='bbox 1256 2204 1298 2231; x_wconf 81' lang='grc' dir='ltr'>διὰ</span> <span class='ocrx_word' id='word_1_794' title='bbox 1318 2204 1371 2230; x_wconf 83' lang='grc' dir='ltr'><strong>τῶν</strong></span> <span class='ocrx_word' id='word_1_795' title='bbox 1393 2204 1504 2239; x_wconf 79' lang='grc' dir='ltr'>τριχῶν·</span> <span class='ocrx_word' id='word_1_796' title='bbox 1522 2204 1589 2239; x_wconf 81' lang='grc' dir='ltr'><strong>ὁμοῦ</strong></span> <span class='ocrx_word' id='word_1_797' title='bbox 1614 2205 1662 2239; x_wconf 84' lang='grc' dir='ltr'>μὲν</span> <span class='ocrx_word' id='word_1_798' title='bbox 1680 2206 1712 2240; x_wconf 85' lang='grc' dir='ltr'>τῇ</span> <span class='ocrx_word' id='word_1_799' title='bbox 1734 2208 1892 2241; x_wconf 74' lang='grc' dir='ltr'>περιγραφῇ</span> 
     </span>
    </p>
   </div>
   <div class='ocr_carea' id='block_1_107' title="bbox 1102 2250 1894 2287">
    <p class='ocr_par' dir='ltr' id='par_1_107' title="bbox 1102 2250 1894 2287">
     <span class='ocr_line' id='line_1_107' title="bbox 1102 2250 1894 2287; baseline 0.003 -11"><span class='ocrx_word' id='word_1_800' title='bbox 1102 2251 1269 2286; x_wconf 80' lang='grc' dir='ltr'>εὐπρέπειαν</span> <span class='ocrx_word' id='word_1_801' title='bbox 1282 2250 1458 2285; x_wconf 78' lang='grc' dir='ltr'>χαριζομένη.</span> <span class='ocrx_word' id='word_1_802' title='bbox 1476 2250 1543 2285; x_wconf 85' lang='grc' dir='ltr'>ὁμοῦ</span> <span class='ocrx_word' id='word_1_803' title='bbox 1556 2250 1584 2276; x_wconf 82' lang='grc' dir='ltr'>δὲ</span> <span class='ocrx_word' id='word_1_804' title='bbox 1604 2251 1652 2286; x_wconf 85' lang='grc' dir='ltr'>τὴν</span> <span class='ocrx_word' id='word_1_805' title='bbox 1668 2251 1800 2286; x_wconf 79' lang='grc' dir='ltr'>ὠφέλειαν</span> <span class='ocrx_word' id='word_1_806' title='bbox 1821 2261 1894 2287; x_wconf 82' lang='grc' dir='ltr'>παρ-</span> 
     </span>
    </p>
   </div>
   <div class='ocr_carea' id='block_1_108' title="bbox 1103 2296 1895 2334">
    <p class='ocr_par' dir='ltr' id='par_1_108' title="bbox 1103 2296 1895 2334">
     <span class='ocr_line' id='line_1_108' title="bbox 1103 2296 1895 2334; baseline 0.003 -11"><span class='ocrx_word' id='word_1_807' title='bbox 1103 2297 1231 2332; x_wconf 78' lang='grc' dir='ltr'>εχομένη.</span> <span class='ocrx_word' id='word_1_808' title='bbox 1254 2296 1354 2331; x_wconf 81' lang='grc' dir='ltr'>Ὀφρὺς</span> <span class='ocrx_word' id='word_1_809' title='bbox 1377 2296 1432 2323; x_wconf 83' lang='grc' dir='ltr'><strong>ἄνω</strong></span> <span class='ocrx_word' id='word_1_810' title='bbox 1455 2296 1592 2332; x_wconf 80' lang='grc' dir='ltr'>προϐεϐλη</span> <span class='ocrx_word' id='word_1_811' title='bbox 1598 2297 1665 2332; x_wconf 87' lang='grc' dir='ltr'>μένη</span> <span class='ocrx_word' id='word_1_812' title='bbox 1680 2299 1778 2324; x_wconf 79' lang='grc' dir='ltr'>οἰκεῖον</span> <span class='ocrx_word' id='word_1_813' title='bbox 1793 2298 1895 2334; x_wconf 85' lang='grc' dir='ltr'>προϐό-</span> 
     </span>
    </p>
   </div>
   <div class='ocr_carea' id='block_1_109' title="bbox 1102 2341 1893 2378">
    <p class='ocr_par' dir='ltr' id='par_1_109' title="bbox 1102 2341 1893 2378">
     <span class='ocr_line' id='line_1_109' title="bbox 1102 2341 1893 2378; baseline 0 -10"><span class='ocrx_word' id='word_1_814' title='bbox 1102 2342 1186 2373; x_wconf 87' lang='grc' dir='ltr'>λαιον,</span> <span class='ocrx_word' id='word_1_815' title='bbox 1203 2342 1247 2368; x_wconf 78' lang='grc' dir='ltr'><strong>ἵνα</strong></span> <span class='ocrx_word' id='word_1_816' title='bbox 1270 2341 1423 2377; x_wconf 85' lang='grc' dir='ltr'>κατευθύνῃ</span> <span class='ocrx_word' id='word_1_817' title='bbox 1437 2341 1468 2368; x_wconf 79' lang='grc' dir='ltr'>τὸ</span> <span class='ocrx_word' id='word_1_818' title='bbox 1489 2341 1625 2377; x_wconf 74' lang='grc' dir='ltr'>ὁρατικόν.</span> <span class='ocrx_word' id='word_1_819' title='bbox 1638 2342 1686 2374; x_wconf 86' lang='grc' dir='ltr'><strong>Τίς</strong></span> <span class='ocrx_word' id='word_1_820' title='bbox 1701 2343 1718 2378; x_wconf 75' lang='grc' dir='ltr'><strong>ἡ</strong></span> <span class='ocrx_word' id='word_1_821' title='bbox 1737 2342 1893 2375; x_wconf 80' lang='grc' dir='ltr'>ἀπόδειξις;</span> 
     </span>
    </p>
   </div>
   <div class='ocr_carea' id='block_1_110' title="bbox 1103 2387 1895 2423">
    <p class='ocr_par' dir='ltr' id='par_1_110' title="bbox 1103 2387 1895 2423">
     <span class='ocr_line' id='line_1_110' title="bbox 1103 2387 1895 2423; baseline 0 -8"><span class='ocrx_word' id='word_1_822' title='bbox 1103 2388 1188 2415; x_wconf 84' lang='grc' dir='ltr'>Ὅταν</span> <span class='ocrx_word' id='word_1_823' title='bbox 1209 2387 1344 2422; x_wconf 81' lang='grc' dir='ltr'>βουληθῇς</span> <span class='ocrx_word' id='word_1_824' title='bbox 1367 2387 1509 2423; x_wconf 73' lang='grc' dir='ltr'>πόρρωθεν</span> <span class='ocrx_word' id='word_1_825' title='bbox 1525 2387 1684 2421; x_wconf 82' lang='grc' dir='ltr'>σκοπεῦσαι,</span> <span class='ocrx_word' id='word_1_826' title='bbox 1701 2389 1747 2415; x_wconf 81' lang='grc' dir='ltr'>καὶ</span> <span class='ocrx_word' id='word_1_827' title='bbox 1766 2388 1895 2420; x_wconf 83' lang='grc' dir='ltr'>κοιλάνας</span> 
     </span>
    </p>
   </div>
   <div class='ocr_carea' id='block_1_111' title="bbox 1102 2432 1895 2469">
    <p class='ocr_par' dir='ltr' id='par_1_111' title="bbox 1102 2432 1895 2469">
     <span class='ocr_line' id='line_1_111' title="bbox 1102 2432 1895 2469; baseline 0.003 -10"><span class='ocrx_word' id='word_1_828' title='bbox 1102 2433 1151 2468; x_wconf 81' lang='grc' dir='ltr'>τὴν</span> <span class='ocrx_word' id='word_1_829' title='bbox 1166 2435 1244 2468; x_wconf 86' lang='grc' dir='ltr'>χεῖρα</span> <span class='ocrx_word' id='word_1_830' title='bbox 1265 2432 1427 2469; x_wconf 75' lang='grc' dir='ltr'>ὑπερτείνῃς</span> <span class='ocrx_word' id='word_1_831' title='bbox 1441 2433 1495 2458; x_wconf 85' lang='grc' dir='ltr'>τῶν</span> <span class='ocrx_word' id='word_1_832' title='bbox 1517 2433 1638 2468; x_wconf 77' lang='grc' dir='ltr'>ὀφρύων,</span> <span class='ocrx_word' id='word_1_833' title='bbox 1653 2433 1696 2460; x_wconf 72' lang='grc' dir='ltr'><strong>διὰ</strong></span> <span class='ocrx_word' id='word_1_834' title='bbox 1717 2433 1743 2460; x_wconf 84' lang='grc' dir='ltr'>τί</span> <span class='ocrx_word' id='word_1_835' title='bbox 1761 2433 1839 2460; x_wconf 74' lang='grc' dir='ltr'>τοῦτο</span> <span class='ocrx_word' id='word_1_836' title='bbox 1856 2434 1895 2468; x_wconf 81' lang='grc' dir='ltr'><strong>γί-</strong></span> 
     </span>
    </p>
   </div>
   <div class='ocr_carea' id='block_1_112' title="bbox 1103 2478 1892 2515">
    <p class='ocr_par' dir='ltr' id='par_1_112' title="bbox 1103 2478 1892 2515">
     <span class='ocr_line' id='line_1_112' title="bbox 1103 2478 1892 2515; baseline 0.001 -9"><span class='ocrx_word' id='word_1_837' title='bbox 1103 2488 1194 2512; x_wconf 87' lang='grc' dir='ltr'>νεται;</span> <span class='ocrx_word' id='word_1_838' title='bbox 1211 2479 1269 2506; x_wconf 88' lang='grc' dir='ltr'><strong>Ἵνα</strong></span> <span class='ocrx_word' id='word_1_839' title='bbox 1282 2479 1311 2505; x_wconf 80' lang='grc' dir='ltr'><strong>τὸ</strong></span> <span class='ocrx_word' id='word_1_840' title='bbox 1327 2479 1373 2505; x_wconf 74' lang='grc' dir='ltr'>ἐπὶ</span> <span class='ocrx_word' id='word_1_841' title='bbox 1387 2479 1417 2504; x_wconf 84' lang='grc' dir='ltr'>τὺ</span> <span class='ocrx_word' id='word_1_842' title='bbox 1433 2478 1488 2505; x_wconf 74' lang='grc' dir='ltr'><strong>ἂνω</strong></span> <span class='ocrx_word' id='word_1_843' title='bbox 1508 2479 1720 2515; x_wconf 84' lang='grc' dir='ltr'>διαφορούμενον</span> <span class='ocrx_word' id='word_1_844' title='bbox 1735 2480 1784 2515; x_wconf 84' lang='grc' dir='ltr'>τῆς</span> <span class='ocrx_word' id='word_1_845' title='bbox 1794 2479 1892 2514; x_wconf 49' lang='lat' dir='ltr'><strong>Misene,</strong></span> 
     </span>
    </p>
   </div>
   <div class='ocr_carea' id='block_1_113' title="bbox 1105 2525 1894 2561">
    <p class='ocr_par' dir='ltr' id='par_1_113' title="bbox 1105 2525 1894 2561">
     <span class='ocr_line' id='line_1_113' title="bbox 1105 2525 1894 2561; baseline 0 -9"><span class='ocrx_word' id='word_1_846' title='bbox 1105 2525 1142 2561; x_wconf 85' lang='grc' dir='ltr'>μὴ</span> <span class='ocrx_word' id='word_1_847' title='bbox 1160 2526 1220 2560; x_wconf 76' lang='grc' dir='ltr'>εἰκῆ</span> <span class='ocrx_word' id='word_1_848' title='bbox 1236 2525 1412 2560; x_wconf 74' lang='grc' dir='ltr'>σκεδάννηται</span> <span class='ocrx_word' id='word_1_849' title='bbox 1435 2525 1662 2559; x_wconf 87' lang='grc' dir='ltr'>κατευθυνόμενον</span> <span class='ocrx_word' id='word_1_850' title='bbox 1677 2526 1709 2552; x_wconf 87' lang='grc' dir='ltr'>ὲκ</span> <span class='ocrx_word' id='word_1_851' title='bbox 1727 2525 1776 2560; x_wconf 82' lang='grc' dir='ltr'>τῆς</span> <span class='ocrx_word' id='word_1_852' title='bbox 1792 2526 1894 2561; x_wconf 77' lang='grc' dir='ltr'>προϐο-</span> 
     </span>
    </p>
   </div>
   <div class='ocr_carea' id='block_1_114' title="bbox 1104 2569 1894 2606">
    <p class='ocr_par' dir='ltr' id='par_1_114' title="bbox 1104 2569 1894 2606">
     <span class='ocr_line' id='line_1_114' title="bbox 1104 2569 1894 2606; baseline 0.001 -10"><span class='ocrx_word' id='word_1_853' title='bbox 1104 2571 1152 2606; x_wconf 79' lang='grc' dir='ltr'><strong>λῆς</strong></span> <span class='ocrx_word' id='word_1_854' title='bbox 1173 2571 1221 2606; x_wconf 81' lang='grc' dir='ltr'>τῆς</span> <span class='ocrx_word' id='word_1_855' title='bbox 1234 2569 1339 2606; x_wconf 77' lang='grc' dir='ltr'>χειρὸς,</span> <span class='ocrx_word' id='word_1_856' title='bbox 1356 2569 1403 2595; x_wconf 75' lang='grc' dir='ltr'>καὶ</span> <span class='ocrx_word' id='word_1_857' title='bbox 1417 2570 1463 2596; x_wconf 73' lang='grc' dir='ltr'>ἐπὶ</span> <span class='ocrx_word' id='word_1_858' title='bbox 1489 2570 1519 2596; x_wconf 83' lang='grc' dir='ltr'>τὺ</span> <span class='ocrx_word' id='word_1_859' title='bbox 1542 2570 1696 2606; x_wconf 76' lang='grc' dir='ltr'>ἔμπροσθεν</span> <span class='ocrx_word' id='word_1_860' title='bbox 1721 2569 1894 2606; x_wconf 74' lang='grc' dir='ltr'>ὠθούμενον,</span> 
     </span>
    </p>
   </div>
   <div class='ocr_carea' id='block_1_115' title="bbox 1104 2613 1894 2650">
    <p class='ocr_par' dir='ltr' id='par_1_115' title="bbox 1104 2613 1894 2650">
     <span class='ocr_line' id='line_1_115' title="bbox 1104 2613 1894 2650; baseline 0 -9"><span class='ocrx_word' id='word_1_861' title='bbox 1104 2614 1301 2650; x_wconf 78' lang='grc' dir='ltr'>ἀκριϐεστέραν</span> <span class='ocrx_word' id='word_1_862' title='bbox 1317 2615 1390 2640; x_wconf 83' lang='grc' dir='ltr'>ποιεῖ</span> <span class='ocrx_word' id='word_1_863' title='bbox 1405 2613 1452 2640; x_wconf 80' lang='grc' dir='ltr'><strong>τοῦ</strong></span> <span class='ocrx_word' id='word_1_864' title='bbox 1470 2613 1597 2649; x_wconf 79' lang='grc' dir='ltr'>ὁρατικοῦ</span> <span class='ocrx_word' id='word_1_865' title='bbox 1611 2614 1659 2649; x_wconf 87' lang='grc' dir='ltr'>τὴν</span> <span class='ocrx_word' id='word_1_866' title='bbox 1677 2614 1813 2642; x_wconf 86' lang='grc' dir='ltr'>διάθεσιν·</span> <span class='ocrx_word' id='word_1_867' title='bbox 1826 2615 1844 2650; x_wconf 86' lang='grc' dir='ltr'>ἥ</span> <span class='ocrx_word' id='word_1_868' title='bbox 1864 2623 1894 2641; x_wconf 80' lang='grc' dir='ltr'><strong>τε</strong></span> 
     </span>
    </p>
   </div>
   <div class='ocr_carea' id='block_1_116' title="bbox 1105 2659 1895 2696">
    <p class='ocr_par' dir='ltr' id='par_1_116' title="bbox 1105 2659 1895 2696">
     <span class='ocr_line' id='line_1_116' title="bbox 1105 2659 1895 2696; baseline -0.001 -9"><span class='ocrx_word' id='word_1_869' title='bbox 1105 2659 1220 2694; x_wconf 82' lang='grc' dir='ltr'>πάροδος</span> <span class='ocrx_word' id='word_1_870' title='bbox 1241 2659 1287 2686; x_wconf 77' lang='grc' dir='ltr'>τοῦ</span> <span class='ocrx_word' id='word_1_871' title='bbox 1305 2659 1453 2694; x_wconf 78' lang='grc' dir='ltr'>βλεπτικοῦ</span> <span class='ocrx_word' id='word_1_872' title='bbox 1482 2659 1676 2688; x_wconf 84' lang='grc' dir='ltr'>κατευθύνεται</span> <span class='ocrx_word' id='word_1_873' title='bbox 1692 2661 1744 2687; x_wconf 79' lang='grc' dir='ltr'><strong>ὑπὸ</strong></span> <span class='ocrx_word' id='word_1_874' title='bbox 1756 2662 1805 2696; x_wconf 81' lang='grc' dir='ltr'>τῆς</span> <span class='ocrx_word' id='word_1_875' title='bbox 1823 2661 1895 2687; x_wconf 77' lang='grc' dir='ltr'>κατὰ</span> 
     </span>
    </p>
   </div>
   <div class='ocr_carea' id='block_1_117' title="bbox 1104 2705 1895 2742">
    <p class='ocr_par' dir='ltr' id='par_1_117' title="bbox 1104 2705 1895 2742">
     <span class='ocr_line' id='line_1_117' title="bbox 1104 2705 1895 2742; baseline 0.001 -10"><span class='ocrx_word' id='word_1_876' title='bbox 1104 2706 1153 2741; x_wconf 82' lang='grc' dir='ltr'>τὴν</span> <span class='ocrx_word' id='word_1_877' title='bbox 1164 2707 1242 2741; x_wconf 85' lang='grc' dir='ltr'>χεῖρα</span> <span class='ocrx_word' id='word_1_878' title='bbox 1257 2705 1401 2741; x_wconf 81' lang='grc' dir='ltr'>προϐολῆς.</span> <span class='ocrx_word' id='word_1_879' title='bbox 1419 2705 1468 2731; x_wconf 87' lang='grc' dir='ltr'>Διά</span> <span class='ocrx_word' id='word_1_880' title='bbox 1481 2705 1559 2732; x_wconf 83' lang='grc' dir='ltr'>τοῦτο</span> <span class='ocrx_word' id='word_1_881' title='bbox 1573 2706 1674 2742; x_wconf 82' lang='grc' dir='ltr'>ὀφρύες</span> <span class='ocrx_word' id='word_1_882' title='bbox 1692 2706 1761 2742; x_wconf 86' lang='grc' dir='ltr'>ὁμοῦ</span> <span class='ocrx_word' id='word_1_883' title='bbox 1783 2706 1831 2742; x_wconf 81' lang='grc' dir='ltr'>μὲν</span> <span class='ocrx_word' id='word_1_884' title='bbox 1848 2706 1895 2733; x_wconf 69' lang='grc' dir='ltr'><strong>τὸν</strong></span> 
     </span>
    </p>
   </div>
   <div class='ocr_carea' id='block_1_118' title="bbox 1106 2750 1895 2787">
    <p class='ocr_par' dir='ltr' id='par_1_118' title="bbox 1106 2750 1895 2787">
     <span class='ocr_line' id='line_1_118' title="bbox 1106 2750 1895 2787; baseline 0.001 -10"><span class='ocrx_word' id='word_1_885' title='bbox 1106 2751 1243 2779; x_wconf 74' lang='grc' dir='ltr'>ὀφθαλμὸν</span> <span class='ocrx_word' id='word_1_886' title='bbox 1266 2750 1498 2784; x_wconf 80' lang='grc' dir='ltr'>κατευθύνουσαι,</span> <span class='ocrx_word' id='word_1_887' title='bbox 1512 2751 1579 2787; x_wconf 84' lang='grc' dir='ltr'><strong>ὁμοῦ</strong></span> <span class='ocrx_word' id='word_1_888' title='bbox 1595 2752 1624 2779; x_wconf 82' lang='grc' dir='ltr'><strong>δὲ</strong></span> <span class='ocrx_word' id='word_1_889' title='bbox 1648 2753 1694 2779; x_wconf 73' lang='grc' dir='ltr'>καὶ</span> <span class='ocrx_word' id='word_1_890' title='bbox 1717 2752 1762 2780; x_wconf 85' lang='grc' dir='ltr'>τὸν</span> <span class='ocrx_word' id='word_1_891' title='bbox 1789 2753 1821 2778; x_wconf 86' lang='grc' dir='ltr'>ὲκ</span> <span class='ocrx_word' id='word_1_892' title='bbox 1841 2751 1895 2779; x_wconf 76' lang='grc' dir='ltr'>τῶν</span> 
     </span>
    </p>
   </div>
  </div>
