  <div class='ocr_page' id='page_1' title='image "/cluster/home/n/w/nwhite01/storage/ocr_20150623/44/njp.32101009003169/154.png"; bbox 0 0 1977 3071; ppageno 0'>
   <div class='ocr_carea' id='block_1_1' title="bbox 127 100 178 128">
    <p class='ocr_par' dir='ltr' id='par_1_1' title="bbox 127 100 178 128">
     <span class='ocr_line' id='line_1_1' title="bbox 127 100 178 128; baseline -0.02 0"><span class='ocrx_word' id='word_1_1' title='bbox 127 100 178 128; x_wconf 67' lang='lat'><strong>291</strong></span> 
     </span>
    </p>
   </div>
   <div class='ocr_carea' id='block_1_2' title="bbox 806 103 1072 132">
    <p class='ocr_par' dir='ltr' id='par_1_2' title="bbox 806 103 1072 132">
     <span class='ocr_line' id='line_1_2' title="bbox 806 103 1072 132; baseline -0.008 0"><span class='ocrx_word' id='word_1_2' title='bbox 806 104 850 131; x_wconf 86' lang='lat' dir='ltr'><strong>DE</strong></span> <span class='ocrx_word' id='word_1_3' title='bbox 869 105 947 132; x_wconf 77' lang='lat' dir='ltr'><strong>VlTA</strong></span> <span class='ocrx_word' id='word_1_4' title='bbox 960 103 1072 131; x_wconf 85' lang='lat' dir='ltr'><strong>MOSIS.</strong></span> 
     </span>
    </p>
   </div>
   <div class='ocr_carea' id='block_1_3' title="bbox 1697 109 1749 138">
    <p class='ocr_par' dir='ltr' id='par_1_3' title="bbox 1697 109 1749 138">
     <span class='ocr_line' id='line_1_3' title="bbox 1697 109 1749 138; baseline 0 0"><span class='ocrx_word' id='word_1_5' title='bbox 1697 109 1749 138; x_wconf 69' lang='lat'><strong>2‘8</strong></span> 
     </span>
    </p>
   </div>
   <div class='ocr_carea' id='block_1_4' title="bbox 130 166 924 212">
    <p class='ocr_par' dir='ltr' id='par_1_4' title="bbox 130 169 912 208">
     <span class='ocr_line' id='line_1_4' title="bbox 130 169 912 208; baseline 0.008 -13"><span class='ocrx_word' id='word_1_6' title='bbox 130 170 217 196; x_wconf 80' lang='grc' dir='ltr'>πόνων</span> <span class='ocrx_word' id='word_1_7' title='bbox 231 169 328 204; x_wconf 82' lang='grc' dir='ltr'><strong>ἱδρῶτα</strong></span> <span class='ocrx_word' id='word_1_8' title='bbox 342 169 391 195; x_wconf 67' lang='grc' dir='ltr'><strong>οὐκ</strong></span> <span class='ocrx_word' id='word_1_9' title='bbox 402 169 486 196; x_wconf 81' lang='grc' dir='ltr'><strong>ἐῶσαι</strong></span> <span class='ocrx_word' id='word_1_10' title='bbox 498 170 636 206; x_wconf 73' lang='grc' dir='ltr'>ὲπιρῥέειν</span> <span class='ocrx_word' id='word_1_11' title='bbox 652 170 699 197; x_wconf 74' lang='grc' dir='ltr'><strong>καὶ</strong></span> <span class='ocrx_word' id='word_1_12' title='bbox 713 172 826 208; x_wconf 79' lang='grc' dir='ltr'><strong>κώλυμα</strong></span> <span class='ocrx_word' id='word_1_13' title='bbox 840 174 912 207; x_wconf 82' lang='grc' dir='ltr'>γίνε-</span> 
     </span>
    </p>
   </div>
   <div class='ocr_carea' id='block_1_5' title="bbox 960 166 1746 212">
    <p class='ocr_par' dir='ltr' id='par_1_5' title="bbox 966 172 1746 212">
     <span class='ocr_line' id='line_1_5' title="bbox 966 172 1746 212; baseline 0.006 -12"><span class='ocrx_word' id='word_1_14' title='bbox 966 173 1063 209; x_wconf 80' lang='lat' dir='ltr'><strong>possit,</strong></span> <span class='ocrx_word' id='word_1_15' title='bbox 1081 177 1110 200; x_wconf 89' lang='lat' dir='ltr'><strong>ut</strong></span> <span class='ocrx_word' id='word_1_16' title='bbox 1130 172 1204 201; x_wconf 93' lang='lat' dir='ltr'><strong>nullo</strong></span> <span class='ocrx_word' id='word_1_17' title='bbox 1220 174 1381 201; x_wconf 91' lang='lat' dir='ltr'><strong>torrentium</strong></span> <span class='ocrx_word' id='word_1_18' title='bbox 1408 175 1509 210; x_wconf 84' lang='lat' dir='ltr'><strong>impetu</strong></span> <span class='ocrx_word' id='word_1_19' title='bbox 1533 174 1592 204; x_wconf 69' lang='lat' dir='ltr'><strong>lmdi</strong></span> <span class='ocrx_word' id='word_1_20' title='bbox 1607 184 1698 212; x_wconf 84' lang='lat' dir='ltr'><strong>queat.</strong></span> <span class='ocrx_word' id='word_1_21' title='bbox 1716 185 1746 206; x_wconf 60' lang='grc' dir='ltr'><strong>ει</strong></span> 
     </span>
    </p>
   </div>
   <div class='ocr_carea' id='block_1_6' title="bbox 127 213 909 254">
    <p class='ocr_par' dir='ltr' id='par_1_6' title="bbox 127 213 909 254">
     <span class='ocr_line' id='line_1_6' title="bbox 127 213 909 254; baseline 0.008 -14"><span class='ocrx_word' id='word_1_22' title='bbox 127 215 190 241; x_wconf 80' lang='grc' dir='ltr'>σθαι</span> <span class='ocrx_word' id='word_1_23' title='bbox 206 215 266 246; x_wconf 87' lang='grc' dir='ltr'>ταῖς</span> <span class='ocrx_word' id='word_1_24' title='bbox 290 213 378 249; x_wconf 73' lang='grc' dir='ltr'>ὄψεσι.</span> <span class='ocrx_word' id='word_1_25' title='bbox 404 215 453 241; x_wconf 82' lang='grc' dir='ltr'><strong>Διὰ</strong></span> <span class='ocrx_word' id='word_1_26' title='bbox 468 214 546 241; x_wconf 72' lang='grc' dir='ltr'>τοῦτο</span> <span class='ocrx_word' id='word_1_27' title='bbox 571 216 731 251; x_wconf 73' lang='grc' dir='ltr'><strong>τειχίζουσιν</strong></span> <span class='ocrx_word' id='word_1_28' title='bbox 757 218 784 244; x_wconf 86' lang='grc' dir='ltr'><strong>αί</strong></span> <span class='ocrx_word' id='word_1_29' title='bbox 801 218 909 254; x_wconf 83' lang='grc' dir='ltr'>ὀφρύες.</span> 
     </span>
    </p>
   </div>
   <div class='ocr_carea' id='block_1_7' title="bbox 126 259 910 299">
    <p class='ocr_par' dir='ltr' id='par_1_7' title="bbox 126 259 910 299">
     <span class='ocr_line' id='line_1_7' title="bbox 126 259 910 299; baseline 0.008 -14"><span class='ocrx_word' id='word_1_30' title='bbox 126 260 205 291; x_wconf 70' lang='lat' dir='ltr'><strong>&quot;oio;</strong></span> <span class='ocrx_word' id='word_1_31' title='bbox 221 259 411 294; x_wconf 80' lang='grc' dir='ltr'><strong>ἀμπελουργὸς</strong></span> <span class='ocrx_word' id='word_1_32' title='bbox 435 260 505 286; x_wconf 68' lang='grc' dir='ltr'><strong>οὕτω</strong></span> <span class='ocrx_word' id='word_1_33' title='bbox 517 261 628 287; x_wconf 85' lang='grc' dir='ltr'>δύναται</span> <span class='ocrx_word' id='word_1_34' title='bbox 648 262 736 294; x_wconf 83' lang='grc' dir='ltr'>καλῶς</span> <span class='ocrx_word' id='word_1_35' title='bbox 762 263 910 299; x_wconf 83' lang='grc' dir='ltr'><strong>ἀπαρτίσαι</strong></span> 
     </span>
    </p>
   </div>
   <div class='ocr_carea' id='block_1_8' title="bbox 124 304 910 344">
    <p class='ocr_par' dir='ltr' id='par_1_8' title="bbox 124 304 910 344">
     <span class='ocr_line' id='line_1_8' title="bbox 124 304 910 344; baseline 0.006 -13"><span class='ocrx_word' id='word_1_36' title='bbox 124 304 174 339; x_wconf 75' lang='grc' dir='ltr'><strong>τὴν</strong></span> <span class='ocrx_word' id='word_1_37' title='bbox 189 305 320 339; x_wconf 76' lang='grc' dir='ltr'><strong>ἄμπελον,</strong></span> <span class='ocrx_word' id='word_1_38' title='bbox 331 304 413 339; x_wconf 78' lang='grc' dir='ltr'>ὀφρύϊ</span> <span class='ocrx_word' id='word_1_39' title='bbox 439 305 594 340; x_wconf 76' lang='grc' dir='ltr'>περιϐαλεῖν</span> <span class='ocrx_word' id='word_1_40' title='bbox 606 326 613 338; x_wconf 88' lang='grc'><strong>,</strong></span> <span class='ocrx_word' id='word_1_41' title='bbox 627 306 665 338; x_wconf 82' lang='grc' dir='ltr'>ὡς</span> <span class='ocrx_word' id='word_1_42' title='bbox 687 307 910 344; x_wconf 79' lang='grc' dir='ltr'><strong>δυσεπιχείρητον</strong></span> 
     </span>
    </p>
   </div>
   <div class='ocr_carea' id='block_1_9' title="bbox 126 348 910 390">
    <p class='ocr_par' dir='ltr' id='par_1_9' title="bbox 126 348 910 390">
     <span class='ocr_line' id='line_1_9' title="bbox 126 348 910 390; baseline 0.008 -14"><span class='ocrx_word' id='word_1_43' title='bbox 126 350 209 385; x_wconf 78' lang='grc' dir='ltr'>αὐτὴν</span> <span class='ocrx_word' id='word_1_44' title='bbox 227 348 306 383; x_wconf 87' lang='grc' dir='ltr'>εἴναι,</span> <span class='ocrx_word' id='word_1_45' title='bbox 331 350 368 381; x_wconf 80' lang='grc' dir='ltr'>ὡς</span> <span class='ocrx_word' id='word_1_46' title='bbox 387 350 424 386; x_wconf 87' lang='grc' dir='ltr'>μὴ</span> <span class='ocrx_word' id='word_1_47' title='bbox 449 351 623 387; x_wconf 84' lang='grc' dir='ltr'>εὑεπίδρομον</span> <span class='ocrx_word' id='word_1_48' title='bbox 648 350 716 380; x_wconf 76' lang='grc' dir='ltr'>εἶναι</span> <span class='ocrx_word' id='word_1_49' title='bbox 742 355 803 386; x_wconf 84' lang='grc' dir='ltr'>ταῖς</span> <span class='ocrx_word' id='word_1_50' title='bbox 820 364 910 390; x_wconf 87' lang='grc' dir='ltr'>παρα-</span> 
     </span>
    </p>
   </div>
   <div class='ocr_carea' id='block_1_10' title="bbox 125 395 911 434">
    <p class='ocr_par' dir='ltr' id='par_1_10' title="bbox 125 395 911 434">
     <span class='ocr_line' id='line_1_10' title="bbox 125 395 911 434; baseline 0.008 -13"><span class='ocrx_word' id='word_1_51' title='bbox 125 395 265 430; x_wconf 83' lang='grc' dir='ltr'>κειμέναις</span> <span class='ocrx_word' id='word_1_52' title='bbox 283 395 432 430; x_wconf 75' lang='grc' dir='ltr'><strong>χαράδραις</strong></span> <span class='ocrx_word' id='word_1_53' title='bbox 443 395 498 423; x_wconf 85' lang='grc' dir='ltr'><strong>τῶν</strong></span> <span class='ocrx_word' id='word_1_54' title='bbox 511 396 618 432; x_wconf 84' lang='grc' dir='ltr'>χώρων,</span> <span class='ocrx_word' id='word_1_55' title='bbox 633 397 670 429; x_wconf 85' lang='grc' dir='ltr'>ὡς</span> <span class='ocrx_word' id='word_1_56' title='bbox 686 399 813 434; x_wconf 80' lang='grc' dir='ltr'>ἐποίησεν</span> <span class='ocrx_word' id='word_1_57' title='bbox 828 401 843 426; x_wconf 83' lang='grc' dir='ltr'>ὁ</span> <span class='ocrx_word' id='word_1_58' title='bbox 858 400 911 427; x_wconf 82' lang='grc' dir='ltr'><strong>Κύ-</strong></span> 
     </span>
    </p>
   </div>
   <div class='ocr_carea' id='block_1_11' title="bbox 126 441 909 481">
    <p class='ocr_par' dir='ltr' id='par_1_11' title="bbox 126 441 909 481">
     <span class='ocr_line' id='line_1_11' title="bbox 126 441 909 481; baseline 0.009 -15"><span class='ocrx_word' id='word_1_59' title='bbox 126 449 182 476; x_wconf 82' lang='grc' dir='ltr'>ριος</span> <span class='ocrx_word' id='word_1_60' title='bbox 196 441 244 476; x_wconf 82' lang='grc' dir='ltr'><strong>τὴν</strong></span> <span class='ocrx_word' id='word_1_61' title='bbox 258 441 312 467; x_wconf 83' lang='grc' dir='ltr'><strong>τῶν</strong></span> <span class='ocrx_word' id='word_1_62' title='bbox 332 441 440 476; x_wconf 79' lang='grc' dir='ltr'><strong>ὀφρύων</strong></span> <span class='ocrx_word' id='word_1_63' title='bbox 455 442 618 478; x_wconf 73' lang='grc' dir='ltr'>περιϐολήνς</span> <span class='ocrx_word' id='word_1_64' title='bbox 633 444 825 478; x_wconf 78' lang='grc' dir='ltr'>Ἀσμενοειδῶς</span> <span class='ocrx_word' id='word_1_65' title='bbox 845 446 909 481; x_wconf 85' lang='grc' dir='ltr'>ἡμῖν</span> 
     </span>
    </p>
   </div>
   <div class='ocr_carea' id='block_1_12' title="bbox 126 487 908 526">
    <p class='ocr_par' dir='ltr' id='par_1_12' title="bbox 126 487 908 526">
     <span class='ocr_line' id='line_1_12' title="bbox 126 487 908 526; baseline 0.008 -14"><span class='ocrx_word' id='word_1_66' title='bbox 126 487 308 522; x_wconf 75' lang='grc' dir='ltr'>περιέγραψεν</span> <span class='ocrx_word' id='word_1_67' title='bbox 323 487 377 513; x_wconf 78' lang='grc' dir='ltr'><strong>ἀπὸ</strong></span> <span class='ocrx_word' id='word_1_68' title='bbox 392 488 456 522; x_wconf 80' lang='grc' dir='ltr'>μιᾶς</span> <span class='ocrx_word' id='word_1_69' title='bbox 479 488 617 523; x_wconf 76' lang='grc' dir='ltr'>συμϐολῆς</span> <span class='ocrx_word' id='word_1_70' title='bbox 635 489 684 524; x_wconf 80' lang='grc' dir='ltr'><strong>τὴν</strong></span> <span class='ocrx_word' id='word_1_71' title='bbox 699 490 769 517; x_wconf 76' lang='grc' dir='ltr'>κατὰ</span> <span class='ocrx_word' id='word_1_72' title='bbox 788 491 849 525; x_wconf 81' lang='grc' dir='ltr'><strong>ρίνα</strong></span> <span class='ocrx_word' id='word_1_73' title='bbox 866 492 908 526; x_wconf 77' lang='grc' dir='ltr'><strong>ἐφ’</strong></span> 
     </span>
    </p>
   </div>
   <div class='ocr_carea' id='block_1_13' title="bbox 125 532 908 570">
    <p class='ocr_par' dir='ltr' id='par_1_13' title="bbox 125 532 908 570">
     <span class='ocr_line' id='line_1_13' title="bbox 125 532 908 570; baseline 0.009 -13"><span class='ocrx_word' id='word_1_74' title='bbox 125 532 244 567; x_wconf 77' lang='grc' dir='ltr'>ἑκάτερα</span> <span class='ocrx_word' id='word_1_75' title='bbox 267 532 468 567; x_wconf 79' lang='grc' dir='ltr'>μεριζομένην,</span> <span class='ocrx_word' id='word_1_76' title='bbox 487 533 530 558; x_wconf 76' lang='grc' dir='ltr'>ἵνα</span> <span class='ocrx_word' id='word_1_77' title='bbox 555 534 569 559; x_wconf 83' lang='grc' dir='ltr'>ὁ</span> <span class='ocrx_word' id='word_1_78' title='bbox 600 533 679 569; x_wconf 83' lang='grc' dir='ltr'>ἱδρὼς</span> <span class='ocrx_word' id='word_1_79' title='bbox 703 535 765 570; x_wconf 83' lang='grc' dir='ltr'>τῇδε</span> <span class='ocrx_word' id='word_1_80' title='bbox 797 537 908 564; x_wconf 79' lang='grc' dir='ltr'>κάκεῖσε</span> 
     </span>
    </p>
   </div>
   <div class='ocr_carea' id='block_1_14' title="bbox 125 577 907 617">
    <p class='ocr_par' dir='ltr' id='par_1_14' title="bbox 125 577 907 617">
     <span class='ocr_line' id='line_1_14' title="bbox 125 577 907 617; baseline 0.008 -15"><span class='ocrx_word' id='word_1_81' title='bbox 125 577 279 612; x_wconf 76' lang='grc' dir='ltr'>περιρρέων</span> <span class='ocrx_word' id='word_1_82' title='bbox 299 577 434 612; x_wconf 79' lang='grc' dir='ltr'>μηδεμίαν</span> <span class='ocrx_word' id='word_1_83' title='bbox 461 578 590 612; x_wconf 82' lang='grc' dir='ltr'>ἀσχολίαν</span> <span class='ocrx_word' id='word_1_84' title='bbox 606 580 713 616; x_wconf 83' lang='grc' dir='ltr'>παρέχῃ</span> <span class='ocrx_word' id='word_1_85' title='bbox 726 581 765 616; x_wconf 86' lang='grc' dir='ltr'><strong>τῷ</strong></span> <span class='ocrx_word' id='word_1_86' title='bbox 781 582 907 617; x_wconf 83' lang='grc' dir='ltr'>γεωργῷ,</span> 
     </span>
    </p>
   </div>
   <div class='ocr_carea' id='block_1_15' title="bbox 127 621 906 663">
    <p class='ocr_par' dir='ltr' id='par_1_15' title="bbox 127 621 906 663">
     <span class='ocr_line' id='line_1_15' title="bbox 127 621 906 663; baseline 0.009 -16"><span class='ocrx_word' id='word_1_87' title='bbox 127 621 192 656; x_wconf 84' lang='grc' dir='ltr'>μηδὲ</span> <span class='ocrx_word' id='word_1_88' title='bbox 210 622 434 656; x_wconf 77' lang='grc' dir='ltr'>ἀπομασσόμενος</span> <span class='ocrx_word' id='word_1_89' title='bbox 445 622 489 649; x_wconf 82' lang='grc' dir='ltr'><strong>τὸν</strong></span> <span class='ocrx_word' id='word_1_90' title='bbox 504 623 602 658; x_wconf 80' lang='grc' dir='ltr'>ἱδρῶτα</span> <span class='ocrx_word' id='word_1_91' title='bbox 619 624 666 659; x_wconf 83' lang='grc' dir='ltr'><strong>τὴν</strong></span> <span class='ocrx_word' id='word_1_92' title='bbox 679 627 757 660; x_wconf 86' lang='grc' dir='ltr'>χεῖρα</span> <span class='ocrx_word' id='word_1_93' title='bbox 776 627 906 663; x_wconf 83' lang='grc' dir='ltr'><strong>ἀπαγάγῃ</strong></span> 
     </span>
    </p>
   </div>
   <div class='ocr_carea' id='block_1_16' title="bbox 123 668 906 705">
    <p class='ocr_par' dir='ltr' id='par_1_16' title="bbox 123 668 906 705">
     <span class='ocr_line' id='line_1_16' title="bbox 123 668 906 705; baseline 0.008 -12"><span class='ocrx_word' id='word_1_94' title='bbox 123 668 174 702; x_wconf 80' lang='grc' dir='ltr'><strong>τῆς</strong></span> <span class='ocrx_word' id='word_1_95' title='bbox 198 668 337 702; x_wconf 82' lang='grc' dir='ltr'>ἀμπέλου,</span> <span class='ocrx_word' id='word_1_96' title='bbox 351 668 407 694; x_wconf 86' lang='grc' dir='ltr'>ἀλλ’</span> <span class='ocrx_word' id='word_1_97' title='bbox 430 668 497 703; x_wconf 78' lang='grc' dir='ltr'>ὁμοῦ</span> <span class='ocrx_word' id='word_1_98' title='bbox 524 678 552 696; x_wconf 87' lang='grc' dir='ltr'>τε</span> <span class='ocrx_word' id='word_1_99' title='bbox 579 671 627 705; x_wconf 80' lang='grc' dir='ltr'><strong>ῥέῃ</strong></span> <span class='ocrx_word' id='word_1_100' title='bbox 644 672 657 696; x_wconf 87' lang='grc' dir='ltr'><strong>ὀ</strong></span> <span class='ocrx_word' id='word_1_101' title='bbox 685 671 763 705; x_wconf 77' lang='grc' dir='ltr'>ἱδρὼς</span> <span class='ocrx_word' id='word_1_102' title='bbox 788 672 831 699; x_wconf 84' lang='grc' dir='ltr'><strong>διὰ</strong></span> <span class='ocrx_word' id='word_1_103' title='bbox 852 673 906 699; x_wconf 77' lang='grc' dir='ltr'><strong>τῶν</strong></span> 
     </span>
    </p>
   </div>
   <div class='ocr_carea' id='block_1_17' title="bbox 126 711 909 750">
    <p class='ocr_par' dir='ltr' id='par_1_17' title="bbox 126 711 909 750">
     <span class='ocr_line' id='line_1_17' title="bbox 126 711 909 750; baseline 0.005 -11"><span class='ocrx_word' id='word_1_104' title='bbox 126 712 198 739; x_wconf 80' lang='grc' dir='ltr'>ιδίων</span> <span class='ocrx_word' id='word_1_105' title='bbox 210 711 320 747; x_wconf 80' lang='grc' dir='ltr'><strong>ὀχετῶν,</strong></span> <span class='ocrx_word' id='word_1_106' title='bbox 336 712 418 738; x_wconf 84' lang='grc' dir='ltr'>πάλαι</span> <span class='ocrx_word' id='word_1_107' title='bbox 433 712 479 738; x_wconf 82' lang='grc' dir='ltr'><strong>τοῦ</strong></span> <span class='ocrx_word' id='word_1_108' title='bbox 492 713 658 749; x_wconf 80' lang='grc' dir='ltr'><strong>δημιουργοῦ</strong></span> <span class='ocrx_word' id='word_1_109' title='bbox 676 715 756 741; x_wconf 80' lang='grc' dir='ltr'>αὐτὸν</span> <span class='ocrx_word' id='word_1_110' title='bbox 770 715 909 750; x_wconf 76' lang='grc' dir='ltr'>ἐξοχετεύ-</span> 
     </span>
    </p>
   </div>
   <div class='ocr_carea' id='block_1_18' title="bbox 125 757 908 797">
    <p class='ocr_par' dir='ltr' id='par_1_18' title="bbox 125 757 908 797">
     <span class='ocr_line' id='line_1_18' title="bbox 125 757 908 797; baseline 0.006 -14"><span class='ocrx_word' id='word_1_111' title='bbox 125 765 220 789; x_wconf 87' lang='grc' dir='ltr'>σαντος</span> <span class='ocrx_word' id='word_1_112' title='bbox 242 757 287 783; x_wconf 75' lang='grc' dir='ltr'><strong>ἐπὶ</strong></span> <span class='ocrx_word' id='word_1_113' title='bbox 312 757 346 784; x_wconf 75' lang='grc' dir='ltr'>τὰ</span> <span class='ocrx_word' id='word_1_114' title='bbox 374 757 508 793; x_wconf 76' lang='grc' dir='ltr'>ἄχρηστα,</span> <span class='ocrx_word' id='word_1_115' title='bbox 525 758 592 793; x_wconf 80' lang='grc' dir='ltr'>ὀμοῢ</span> <span class='ocrx_word' id='word_1_116' title='bbox 617 768 645 785; x_wconf 85' lang='grc' dir='ltr'>τε</span> <span class='ocrx_word' id='word_1_117' title='bbox 668 760 682 786; x_wconf 87' lang='grc' dir='ltr'><strong>ὀ</strong></span> <span class='ocrx_word' id='word_1_118' title='bbox 704 760 841 795; x_wconf 77' lang='grc' dir='ltr'>ὀφθαλμὸς</span> <span class='ocrx_word' id='word_1_119' title='bbox 858 762 908 797; x_wconf 80' lang='grc' dir='ltr'><strong>τὴν</strong></span> 
     </span>
    </p>
   </div>
   <div class='ocr_carea' id='block_1_19' title="bbox 126 803 906 840">
    <p class='ocr_par' dir='ltr' id='par_1_19' title="bbox 126 803 906 840">
     <span class='ocr_line' id='line_1_19' title="bbox 126 803 906 840; baseline 0.003 -10"><span class='ocrx_word' id='word_1_120' title='bbox 126 803 192 830; x_wconf 83' lang='grc' dir='ltr'>ἰδίαν</span> <span class='ocrx_word' id='word_1_121' title='bbox 212 803 351 838; x_wconf 79' lang='grc' dir='ltr'>ἐνέργειαν</span> <span class='ocrx_word' id='word_1_122' title='bbox 368 803 525 830; x_wconf 77' lang='grc' dir='ltr'>ἐπιτελοῖεν.</span> <span class='ocrx_word' id='word_1_123' title='bbox 540 803 601 830; x_wconf 76' lang='grc' dir='ltr'>Ἐὰν</span> <span class='ocrx_word' id='word_1_124' title='bbox 620 804 793 840; x_wconf 78' lang='grc' dir='ltr'><strong>βουληθῶμεν</strong></span> <span class='ocrx_word' id='word_1_125' title='bbox 809 807 906 839; x_wconf 78' lang='grc' dir='ltr'>εἰπεῖν,</span> 
     </span>
    </p>
   </div>
   <div class='ocr_carea' id='block_1_20' title="bbox 126 849 908 886">
    <p class='ocr_par' dir='ltr' id='par_1_20' title="bbox 126 849 908 886">
     <span class='ocr_line' id='line_1_20' title="bbox 126 849 908 886; baseline 0.005 -12"><span class='ocrx_word' id='word_1_126' title='bbox 126 849 188 884; x_wconf 74' lang='grc' dir='ltr'>περὶ</span> <span class='ocrx_word' id='word_1_127' title='bbox 212 849 300 883; x_wconf 84' lang='grc' dir='ltr'>μόνων</span> <span class='ocrx_word' id='word_1_128' title='bbox 315 849 368 874; x_wconf 85' lang='grc' dir='ltr'><strong>τῶν</strong></span> <span class='ocrx_word' id='word_1_129' title='bbox 390 849 430 880; x_wconf 83' lang='grc' dir='ltr'><strong>είς</strong></span> <span class='ocrx_word' id='word_1_130' title='bbox 444 849 516 883; x_wconf 82' lang='grc' dir='ltr'>ἡμᾶς</span> <span class='ocrx_word' id='word_1_131' title='bbox 541 849 616 884; x_wconf 79' lang='grc' dir='ltr'>παρὰ</span> <span class='ocrx_word' id='word_1_132' title='bbox 641 850 708 876; x_wconf 79' lang='grc' dir='ltr'>Θεοῦ</span> <span class='ocrx_word' id='word_1_133' title='bbox 735 851 887 886; x_wconf 83' lang='grc' dir='ltr'>γενομένων</span> <span class='ocrx_word' id='word_1_134' title='bbox 901 872 908 884; x_wconf 94' lang='grc'><strong>,</strong></span> 
     </span>
    </p>
   </div>
   <div class='ocr_carea' id='block_1_21' title="bbox 125 894 910 929">
    <p class='ocr_par' dir='ltr' id='par_1_21' title="bbox 125 894 910 929">
     <span class='ocr_line' id='line_1_21' title="bbox 125 894 910 929; baseline 0.004 -9"><span class='ocrx_word' id='word_1_135' title='bbox 125 894 256 928; x_wconf 69' lang='grc' dir='ltr'>ἐπιλείψει</span> <span class='ocrx_word' id='word_1_136' title='bbox 273 894 370 929; x_wconf 78' lang='grc' dir='ltr'><strong>ἡμᾶςὴ</strong></span> <span class='ocrx_word' id='word_1_137' title='bbox 386 894 476 929; x_wconf 83' lang='grc' dir='ltr'>ἡμέρα</span> <span class='ocrx_word' id='word_1_138' title='bbox 497 894 598 922; x_wconf 77' lang='grc' dir='ltr'>ἅπασα.</span> <span class='ocrx_word' id='word_1_139' title='bbox 616 895 684 922; x_wconf 74' lang='grc' dir='ltr'>Ἀλλ’</span> <span class='ocrx_word' id='word_1_140' title='bbox 698 896 727 928; x_wconf 80' lang='grc' dir='ltr'><strong>ἐξ</strong></span> <span class='ocrx_word' id='word_1_141' title='bbox 736 896 795 927; x_wconf 81' lang='grc' dir='ltr'>ἐνὸς</span> <span class='ocrx_word' id='word_1_142' title='bbox 809 897 910 923; x_wconf 81' lang='grc' dir='ltr'><strong>τούτων</strong></span> 
     </span>
    </p>
   </div>
   <div class='ocr_carea' id='block_1_22' title="bbox 965 219 1749 255">
    <p class='ocr_par' dir='ltr' id='par_1_22' title="bbox 965 219 1749 255">
     <span class='ocr_line' id='line_1_22' title="bbox 965 219 1749 255; baseline 0.006 -8"><span class='ocrx_word' id='word_1_143' title='bbox 965 220 1036 247; x_wconf 85' lang='lat' dir='ltr'><strong>Deus</strong></span> <span class='ocrx_word' id='word_1_144' title='bbox 1062 219 1155 247; x_wconf 88' lang='lat' dir='ltr'><strong>oculos</strong></span> <span class='ocrx_word' id='word_1_145' title='bbox 1169 222 1278 247; x_wconf 89' lang='lat' dir='ltr'><strong>nostros</strong></span> <span class='ocrx_word' id='word_1_146' title='bbox 1303 220 1457 254; x_wconf 84' lang='lat' dir='ltr'><strong>superciliis</strong></span> <span class='ocrx_word' id='word_1_147' title='bbox 1469 223 1657 255; x_wconf 73' lang='lat' dir='ltr'><strong>communivit,</strong></span> <span class='ocrx_word' id='word_1_148' title='bbox 1674 225 1712 251; x_wconf 85' lang='lat' dir='ltr'><strong>sic</strong></span> <span class='ocrx_word' id='word_1_149' title='bbox 1733 233 1749 252; x_wconf 66' lang='grc' dir='ltr'><strong>ιι</strong></span> 
     </span>
    </p>
   </div>
   <div class='ocr_carea' id='block_1_23' title="bbox 964 264 1749 299">
    <p class='ocr_par' dir='ltr' id='par_1_23' title="bbox 964 264 1749 299">
     <span class='ocr_line' id='line_1_23' title="bbox 964 264 1749 299; baseline 0.005 -7"><span class='ocrx_word' id='word_1_150' title='bbox 964 265 1076 293; x_wconf 76' lang='lat' dir='ltr'><strong>naribus</strong></span> <span class='ocrx_word' id='word_1_151' title='bbox 1091 265 1220 299; x_wconf 91' lang='lat' dir='ltr'><strong>utrinque</strong></span> <span class='ocrx_word' id='word_1_152' title='bbox 1236 264 1440 298; x_wconf 79' lang='lat' dir='ltr'><strong>circumductis,</strong></span> <span class='ocrx_word' id='word_1_153' title='bbox 1457 270 1486 293; x_wconf 92' lang='lat' dir='ltr'><strong>ut</strong></span> <span class='ocrx_word' id='word_1_154' title='bbox 1503 267 1554 294; x_wconf 87' lang='lat' dir='ltr'><strong>hac</strong></span> <span class='ocrx_word' id='word_1_155' title='bbox 1574 268 1636 296; x_wconf 90' lang='lat' dir='ltr'><strong>illac</strong></span> <span class='ocrx_word' id='word_1_156' title='bbox 1664 269 1749 296; x_wconf 83' lang='lat' dir='ltr'><strong>sudor</strong></span> 
     </span>
    </p>
   </div>
   <div class='ocr_carea' id='block_1_24' title="bbox 964 311 1748 350">
    <p class='ocr_par' dir='ltr' id='par_1_24' title="bbox 964 311 1748 350">
     <span class='ocr_line' id='line_1_24' title="bbox 964 311 1748 350; baseline 0.006 -13"><span class='ocrx_word' id='word_1_157' title='bbox 964 311 1075 338; x_wconf 79' lang='lat' dir='ltr'><strong>aﬂluens</strong></span> <span class='ocrx_word' id='word_1_158' title='bbox 1089 311 1189 338; x_wconf 82' lang='lat' dir='ltr'><strong>nullam</strong></span> <span class='ocrx_word' id='word_1_159' title='bbox 1204 311 1328 346; x_wconf 77' lang='lat' dir='ltr'><strong>agricolze</strong></span> <span class='ocrx_word' id='word_1_160' title='bbox 1341 312 1492 339; x_wconf 77' lang='lat' dir='ltr'><strong>molestiam</strong></span> <span class='ocrx_word' id='word_1_161' title='bbox 1508 314 1634 347; x_wconf 57' lang='lat' dir='ltr'><strong>praebeat,</strong></span> <span class='ocrx_word' id='word_1_162' title='bbox 1649 322 1748 350; x_wconf 84' lang='lat' dir='ltr'><strong>quam-</strong></span> 
     </span>
    </p>
   </div>
   <div class='ocr_carea' id='block_1_25' title="bbox 961 356 1746 393">
    <p class='ocr_par' dir='ltr' id='par_1_25' title="bbox 961 356 1746 393">
     <span class='ocr_line' id='line_1_25' title="bbox 961 356 1746 393; baseline 0.005 -11"><span class='ocrx_word' id='word_1_163' title='bbox 961 356 1054 383; x_wconf 73' lang='lat' dir='ltr'><strong>obrem</strong></span> <span class='ocrx_word' id='word_1_164' title='bbox 1075 364 1090 382; x_wconf 86' lang='lat' dir='ltr'><strong>a</strong></span> <span class='ocrx_word' id='word_1_165' title='bbox 1109 357 1163 383; x_wconf 84' lang='lat' dir='ltr'><strong>vite</strong></span> <span class='ocrx_word' id='word_1_166' title='bbox 1177 363 1287 383; x_wconf 86' lang='lat' dir='ltr'><strong>manum</strong></span> <span class='ocrx_word' id='word_1_167' title='bbox 1307 356 1452 389; x_wconf 74' lang='lat' dir='ltr'><strong>dimoveat,</strong></span> <span class='ocrx_word' id='word_1_168' title='bbox 1474 357 1537 384; x_wconf 94' lang='lat' dir='ltr'><strong>dum</strong></span> <span class='ocrx_word' id='word_1_169' title='bbox 1550 359 1656 393; x_wconf 80' lang='lat' dir='ltr'><strong>cogitur</strong></span> <span class='ocrx_word' id='word_1_170' title='bbox 1671 360 1746 387; x_wconf 90' lang='lat' dir='ltr'><strong>illum</strong></span> 
     </span>
    </p>
   </div>
   <div class='ocr_carea' id='block_1_26' title="bbox 961 401 1748 438">
    <p class='ocr_par' dir='ltr' id='par_1_26' title="bbox 961 401 1748 438">
     <span class='ocr_line' id='line_1_26' title="bbox 961 401 1748 438; baseline 0.004 -9"><span class='ocrx_word' id='word_1_171' title='bbox 961 401 1135 437; x_wconf 80' lang='lat' dir='ltr'><strong>abstergere?</strong></span> <span class='ocrx_word' id='word_1_172' title='bbox 1152 401 1204 429; x_wconf 81' lang='lat' dir='ltr'><strong>Per</strong></span> <span class='ocrx_word' id='word_1_173' title='bbox 1215 409 1281 429; x_wconf 88' lang='lat' dir='ltr'><strong>suos</strong></span> <span class='ocrx_word' id='word_1_174' title='bbox 1300 402 1371 429; x_wconf 92' lang='lat' dir='ltr'><strong>enim</strong></span> <span class='ocrx_word' id='word_1_175' title='bbox 1386 402 1485 430; x_wconf 83' lang='lat' dir='ltr'><strong>ductus</strong></span> <span class='ocrx_word' id='word_1_176' title='bbox 1501 403 1536 430; x_wconf 84' lang='lat' dir='ltr'><strong>ab</strong></span> <span class='ocrx_word' id='word_1_177' title='bbox 1546 404 1643 438; x_wconf 82' lang='lat' dir='ltr'><strong>opiﬁce</strong></span> <span class='ocrx_word' id='word_1_178' title='bbox 1660 404 1748 432; x_wconf 79' lang='lat' dir='ltr'><strong>I‘actus</strong></span> 
     </span>
    </p>
   </div>
   <div class='ocr_carea' id='block_1_27' title="bbox 960 447 1743 482">
    <p class='ocr_par' dir='ltr' id='par_1_27' title="bbox 960 447 1743 482">
     <span class='ocr_line' id='line_1_27' title="bbox 960 447 1743 482; baseline 0.001 -8"><span class='ocrx_word' id='word_1_179' title='bbox 960 447 1019 475; x_wconf 85' lang='lat' dir='ltr'><strong>sine</strong></span> <span class='ocrx_word' id='word_1_180' title='bbox 1030 447 1130 481; x_wconf 85' lang='lat' dir='ltr'><strong>injuria</strong></span> <span class='ocrx_word' id='word_1_181' title='bbox 1142 447 1244 479; x_wconf 85' lang='lat' dir='ltr'><strong>deﬂuit,</strong></span> <span class='ocrx_word' id='word_1_182' title='bbox 1257 450 1284 475; x_wconf 90' lang='lat' dir='ltr'><strong>et</strong></span> <span class='ocrx_word' id='word_1_183' title='bbox 1302 447 1375 474; x_wconf 89' lang='lat' dir='ltr'><strong>oculi</strong></span> <span class='ocrx_word' id='word_1_184' title='bbox 1394 455 1462 482; x_wconf 87' lang='lat' dir='ltr'><strong>opus</strong></span> <span class='ocrx_word' id='word_1_185' title='bbox 1478 455 1558 476; x_wconf 89' lang='lat' dir='ltr'><strong>suum</strong></span> <span class='ocrx_word' id='word_1_186' title='bbox 1575 448 1658 476; x_wconf 86' lang='lat' dir='ltr'><strong>libere</strong></span> <span class='ocrx_word' id='word_1_187' title='bbox 1677 456 1743 475; x_wconf 84' lang='lat' dir='ltr'><strong>con-</strong></span> 
     </span>
    </p>
   </div>
   <div class='ocr_carea' id='block_1_28' title="bbox 961 491 1747 529">
    <p class='ocr_par' dir='ltr' id='par_1_28' title="bbox 961 491 1747 529">
     <span class='ocr_line' id='line_1_28' title="bbox 961 491 1747 529; baseline 0.004 -11"><span class='ocrx_word' id='word_1_188' title='bbox 961 492 1065 519; x_wconf 80' lang='lat' dir='ltr'><strong>iiciunt.</strong></span> <span class='ocrx_word' id='word_1_189' title='bbox 1083 491 1138 519; x_wconf 85' lang='lat' dir='ltr'><strong>Nos</strong></span> <span class='ocrx_word' id='word_1_190' title='bbox 1149 492 1207 519; x_wconf 88' lang='lat' dir='ltr'><strong>dies</strong></span> <span class='ocrx_word' id='word_1_191' title='bbox 1223 492 1281 527; x_wconf 87' lang='lat' dir='ltr'><strong>ipse</strong></span> <span class='ocrx_word' id='word_1_192' title='bbox 1293 492 1411 525; x_wconf 85' lang='lat' dir='ltr'><strong>deﬁciat,</strong></span> <span class='ocrx_word' id='word_1_193' title='bbox 1427 493 1449 520; x_wconf 96' lang='lat' dir='ltr'><strong>si</strong></span> <span class='ocrx_word' id='word_1_194' title='bbox 1472 500 1555 519; x_wconf 88' lang='lat' dir='ltr'><strong>unum</strong></span> <span class='ocrx_word' id='word_1_195' title='bbox 1571 501 1603 520; x_wconf 79' lang='lat' dir='ltr'><strong>ex</strong></span> <span class='ocrx_word' id='word_1_196' title='bbox 1627 493 1670 525; x_wconf 87' lang='lat' dir='ltr'><strong>iis,</strong></span> <span class='ocrx_word' id='word_1_197' title='bbox 1688 502 1747 529; x_wconf 65' lang='lat' dir='ltr'><strong>quae</strong></span> 
     </span>
    </p>
   </div>
   <div class='ocr_carea' id='block_1_29' title="bbox 961 536 1748 574">
    <p class='ocr_par' dir='ltr' id='par_1_29' title="bbox 961 536 1748 574">
     <span class='ocr_line' id='line_1_29' title="bbox 961 536 1748 574; baseline 0.005 -12"><span class='ocrx_word' id='word_1_198' title='bbox 961 543 1068 563; x_wconf 93' lang='lat' dir='ltr'><strong>summo</strong></span> <span class='ocrx_word' id='word_1_199' title='bbox 1081 536 1197 563; x_wconf 87' lang='lat' dir='ltr'><strong>artilicio</strong></span> <span class='ocrx_word' id='word_1_200' title='bbox 1211 537 1239 564; x_wconf 91' lang='lat' dir='ltr'><strong>in</strong></span> <span class='ocrx_word' id='word_1_201' title='bbox 1255 537 1334 565; x_wconf 90' lang='lat' dir='ltr'><strong>nobis</strong></span> <span class='ocrx_word' id='word_1_202' title='bbox 1346 545 1361 564; x_wconf 91' lang='lat' dir='ltr'><strong>a</strong></span> <span class='ocrx_word' id='word_1_203' title='bbox 1388 536 1443 565; x_wconf 87' lang='lat' dir='ltr'><strong>Deo</strong></span> <span class='ocrx_word' id='word_1_204' title='bbox 1461 538 1582 573; x_wconf 81' lang='lat' dir='ltr'><strong>perfecta</strong></span> <span class='ocrx_word' id='word_1_205' title='bbox 1594 544 1668 571; x_wconf 86' lang='lat' dir='ltr'><strong>sunt,</strong></span> <span class='ocrx_word' id='word_1_206' title='bbox 1688 547 1748 574; x_wconf 90' lang='lat' dir='ltr'><strong>per-</strong></span> 
     </span>
    </p>
   </div>
   <div class='ocr_carea' id='block_1_30' title="bbox 957 582 1742 619">
    <p class='ocr_par' dir='ltr' id='par_1_30' title="bbox 957 582 1742 619">
     <span class='ocr_line' id='line_1_30' title="bbox 957 582 1742 619; baseline 0.005 -11"><span class='ocrx_word' id='word_1_207' title='bbox 957 582 1034 616; x_wconf 85' lang='lat' dir='ltr'><strong>sequi</strong></span> <span class='ocrx_word' id='word_1_208' title='bbox 1064 582 1190 615; x_wconf 79' lang='lat' dir='ltr'><strong>velimus,</strong></span> <span class='ocrx_word' id='word_1_209' title='bbox 1213 586 1242 609; x_wconf 90' lang='lat' dir='ltr'><strong>ut</strong></span> <span class='ocrx_word' id='word_1_210' title='bbox 1264 590 1296 610; x_wconf 78' lang='lat' dir='ltr'><strong>ex</strong></span> <span class='ocrx_word' id='word_1_211' title='bbox 1315 583 1367 610; x_wconf 90' lang='lat' dir='ltr'><strong>hoc</strong></span> <span class='ocrx_word' id='word_1_212' title='bbox 1392 583 1465 618; x_wconf 89' lang='lat' dir='ltr'><strong>quod</strong></span> <span class='ocrx_word' id='word_1_213' title='bbox 1484 584 1634 619; x_wconf 77' lang='lat' dir='ltr'><strong>attigimus,</strong></span> <span class='ocrx_word' id='word_1_214' title='bbox 1663 585 1742 612; x_wconf 80' lang='lat' dir='ltr'><strong>facile</strong></span> 
     </span>
    </p>
   </div>
   <div class='ocr_carea' id='block_1_31' title="bbox 957 627 1745 664">
    <p class='ocr_par' dir='ltr' id='par_1_31' title="bbox 957 627 1745 664">
     <span class='ocr_line' id='line_1_31' title="bbox 957 627 1745 664; baseline 0.004 -11"><span class='ocrx_word' id='word_1_215' title='bbox 957 627 1072 662; x_wconf 81' lang='lat' dir='ltr'><strong>potestis</strong></span> <span class='ocrx_word' id='word_1_216' title='bbox 1106 627 1265 663; x_wconf 74' lang='lat' dir='ltr'><strong>intelligere.</strong></span> <span class='ocrx_word' id='word_1_217' title='bbox 1297 627 1396 655; x_wconf 84' lang='lat' dir='ltr'><strong>Verum</strong></span> <span class='ocrx_word' id='word_1_218' title='bbox 1421 629 1448 655; x_wconf 90' lang='lat' dir='ltr'><strong>in</strong></span> <span class='ocrx_word' id='word_1_219' title='bbox 1473 629 1617 663; x_wconf 63' lang='lat' dir='ltr'><strong>praesentia</strong></span> <span class='ocrx_word' id='word_1_220' title='bbox 1643 630 1745 664; x_wconf 83' lang='lat' dir='ltr'><strong>negotii</strong></span> 
     </span>
    </p>
   </div>
   <div class='ocr_carea' id='block_1_32' title="bbox 960 672 1747 708">
    <p class='ocr_par' dir='ltr' id='par_1_32' title="bbox 960 672 1747 708">
     <span class='ocr_line' id='line_1_32' title="bbox 960 672 1747 708; baseline 0.005 -10"><span class='ocrx_word' id='word_1_221' title='bbox 960 672 1100 706; x_wconf 83' lang='lat' dir='ltr'><strong>cujusdam</strong></span> <span class='ocrx_word' id='word_1_222' title='bbox 1124 680 1208 700; x_wconf 82' lang='lat' dir='ltr'><strong>causa</strong></span> <span class='ocrx_word' id='word_1_223' title='bbox 1236 681 1286 701; x_wconf 88' lang='lat' dir='ltr'><strong>nos</strong></span> <span class='ocrx_word' id='word_1_224' title='bbox 1312 674 1364 701; x_wconf 88' lang='lat' dir='ltr'><strong>iter</strong></span> <span class='ocrx_word' id='word_1_225' title='bbox 1389 674 1509 702; x_wconf 77' lang='lat' dir='ltr'><strong>facturos</strong></span> <span class='ocrx_word' id='word_1_226' title='bbox 1541 674 1685 708; x_wconf 86' lang='lat' dir='ltr'><strong>dimittite,</strong></span> <span class='ocrx_word' id='word_1_227' title='bbox 1717 680 1747 702; x_wconf 89' lang='lat' dir='ltr'><strong>ut</strong></span> 
     </span>
    </p>
   </div>
   <div class='ocr_carea' id='block_1_33' title="bbox 962 717 1746 754">
    <p class='ocr_par' dir='ltr' id='par_1_33' title="bbox 962 717 1746 754">
     <span class='ocr_line' id='line_1_33' title="bbox 962 717 1746 754; baseline 0.005 -10"><span class='ocrx_word' id='word_1_228' title='bbox 962 717 1086 744; x_wconf 82' lang='lat' dir='ltr'><strong>celeriter</strong></span> <span class='ocrx_word' id='word_1_229' title='bbox 1096 718 1173 745; x_wconf 77' lang='lat' dir='ltr'><strong>vobis</strong></span> <span class='ocrx_word' id='word_1_230' title='bbox 1186 718 1335 746; x_wconf 86' lang='lat' dir='ltr'><strong>i&#39;ncolumes</strong></span> <span class='ocrx_word' id='word_1_231' title='bbox 1346 719 1454 753; x_wconf 87' lang='lat' dir='ltr'><strong>redditi,</strong></span> <span class='ocrx_word' id='word_1_232' title='bbox 1467 720 1539 754; x_wconf 89' lang='lat' dir='ltr'><strong>quod</strong></span> <span class='ocrx_word' id='word_1_233' title='bbox 1553 720 1687 754; x_wconf 79' lang='lat' dir='ltr'><strong>reliquum</strong></span> <span class='ocrx_word' id='word_1_234' title='bbox 1703 726 1746 748; x_wconf 89' lang='lat' dir='ltr'><strong>est</strong></span> 
     </span>
    </p>
   </div>
   <div class='ocr_carea' id='block_1_34' title="bbox 961 762 1745 800">
    <p class='ocr_par' dir='ltr' id='par_1_34' title="bbox 961 762 1745 800">
     <span class='ocr_line' id='line_1_34' title="bbox 961 762 1745 800; baseline 0.005 -12"><span class='ocrx_word' id='word_1_235' title='bbox 961 762 1023 789; x_wconf 68' lang='lat' dir='ltr'><strong>atris</strong></span> <span class='ocrx_word' id='word_1_236' title='bbox 1035 762 1115 789; x_wconf 86' lang='lat' dir='ltr'><strong>alieni</strong></span> <span class='ocrx_word' id='word_1_237' title='bbox 1135 763 1332 797; x_wconf 83' lang='lat' dir='ltr'><strong>persolvamus.</strong></span> <span class='ocrx_word' id='word_1_238' title='bbox 1358 763 1431 791; x_wconf 89' lang='lat' dir='ltr'><strong>illius</strong></span> <span class='ocrx_word' id='word_1_239' title='bbox 1445 764 1546 791; x_wconf 83' lang='lat' dir='ltr'><strong>auxilio</strong></span> <span class='ocrx_word' id='word_1_240' title='bbox 1571 765 1678 796; x_wconf 81' lang='lat' dir='ltr'><strong>conﬁsi.</strong></span> <span class='ocrx_word' id='word_1_241' title='bbox 1699 767 1745 800; x_wconf 88' lang='lat' dir='ltr'><strong>qui</strong></span> 
     </span>
    </p>
   </div>
   <div class='ocr_carea' id='block_1_35' title="bbox 961 808 1744 846">
    <p class='ocr_par' dir='ltr' id='par_1_35' title="bbox 961 808 1744 846">
     <span class='ocr_line' id='line_1_35' title="bbox 961 808 1744 846; baseline 0.004 -10"><span class='ocrx_word' id='word_1_242' title='bbox 961 817 1013 836; x_wconf 85' lang='lat' dir='ltr'><strong>nos</strong></span> <span class='ocrx_word' id='word_1_243' title='bbox 1024 810 1188 843; x_wconf 84' lang='lat' dir='ltr'><strong>procreavit.</strong></span> <span class='ocrx_word' id='word_1_244' title='bbox 1202 811 1303 845; x_wconf 86' lang='lat' dir='ltr'><strong>quique</strong></span> <span class='ocrx_word' id='word_1_245' title='bbox 1318 810 1440 845; x_wconf 80' lang='lat' dir='ltr'><strong>singulas</strong></span> <span class='ocrx_word' id='word_1_246' title='bbox 1456 811 1483 837; x_wconf 91' lang='lat' dir='ltr'><strong>in</strong></span> <span class='ocrx_word' id='word_1_247' title='bbox 1498 811 1578 838; x_wconf 89' lang='lat' dir='ltr'><strong>nobis</strong></span> <span class='ocrx_word' id='word_1_248' title='bbox 1591 808 1682 846; x_wconf 78' lang='lat' dir='ltr'><strong>partes</strong></span> <span class='ocrx_word' id='word_1_249' title='bbox 1690 816 1744 838; x_wconf 81' lang='lat' dir='ltr'><strong>tam</strong></span> 
     </span>
    </p>
   </div>
   <div class='ocr_carea' id='block_1_36' title="bbox 962 854 1743 892">
    <p class='ocr_par' dir='ltr' id='par_1_36' title="bbox 962 854 1743 892">
     <span class='ocr_line' id='line_1_36' title="bbox 962 854 1743 892; baseline 0.003 -12"><span class='ocrx_word' id='word_1_250' title='bbox 962 854 1068 889; x_wconf 79' lang='lat' dir='ltr'><strong>egregie</strong></span> <span class='ocrx_word' id='word_1_251' title='bbox 1086 854 1198 889; x_wconf 83' lang='lat' dir='ltr'><strong>perfecit</strong></span> <span class='ocrx_word' id='word_1_252' title='bbox 1223 859 1250 882; x_wconf 87' lang='lat' dir='ltr'><strong>et</strong></span> <span class='ocrx_word' id='word_1_253' title='bbox 1268 855 1385 882; x_wconf 81' lang='lat' dir='ltr'><strong>absolvit</strong></span> <span class='ocrx_word' id='word_1_254' title='bbox 1402 864 1409 882; x_wconf 91' lang='lat'>:</span> <span class='ocrx_word' id='word_1_255' title='bbox 1427 855 1472 883; x_wconf 86' lang='lat' dir='ltr'><strong>cui</strong></span> <span class='ocrx_word' id='word_1_256' title='bbox 1492 857 1577 892; x_wconf 79' lang='lat' dir='ltr'><strong>gloria</strong></span> <span class='ocrx_word' id='word_1_257' title='bbox 1595 856 1621 884; x_wconf 90' lang='lat' dir='ltr'><strong>in</strong></span> <span class='ocrx_word' id='word_1_258' title='bbox 1644 858 1743 884; x_wconf 60' lang='lat' dir='ltr'><strong>Saecula</strong></span> 
     </span>
    </p>
   </div>
   <div class='ocr_carea' id='block_1_37' title="bbox 964 899 1247 927">
    <p class='ocr_par' dir='ltr' id='par_1_37' title="bbox 964 899 1247 927">
     <span class='ocr_line' id='line_1_37' title="bbox 964 899 1247 927; baseline 0.004 -1"><span class='ocrx_word' id='word_1_259' title='bbox 964 900 1136 926; x_wconf 77' lang='lat' dir='ltr'><strong>szeeulorum.</strong></span> <span class='ocrx_word' id='word_1_260' title='bbox 1151 899 1247 927; x_wconf 78' lang='lat' dir='ltr'><strong>Amen.</strong></span> 
     </span>
    </p>
   </div>
   <div class='ocr_carea' id='block_1_38' title="bbox 125 940 1744 982">
    <p class='ocr_par' dir='ltr' id='par_1_38' title="bbox 125 940 1744 982">
     <span class='ocr_line' id='line_1_38' title="bbox 125 940 1744 982; baseline 0.004 -16"><span class='ocrx_word' id='word_1_261' title='bbox 125 940 232 967; x_wconf 83' lang='grc' dir='ltr'>πάντων</span> <span class='ocrx_word' id='word_1_262' title='bbox 244 941 321 974; x_wconf 81' lang='grc' dir='ltr'>ὑμεῖς</span> <span class='ocrx_word' id='word_1_263' title='bbox 336 940 432 966; x_wconf 80' lang='grc' dir='ltr'>λαϐετε</span> <span class='ocrx_word' id='word_1_264' title='bbox 448 940 497 975; x_wconf 77' lang='grc' dir='ltr'><strong>τὴν</strong></span> <span class='ocrx_word' id='word_1_265' title='bbox 511 940 622 968; x_wconf 82' lang='grc' dir='ltr'>ἔννοιαν.</span> <span class='ocrx_word' id='word_1_266' title='bbox 644 942 732 977; x_wconf 83' lang='grc' dir='ltr'>Ἠμᾶς</span> <span class='ocrx_word' id='word_1_267' title='bbox 749 942 776 969; x_wconf 80' lang='grc' dir='ltr'>δὲ</span> <span class='ocrx_word' id='word_1_268' title='bbox 795 943 987 979; x_wconf 76' lang='grc' dir='ltr'>ἐπειγομένους</span> <span class='ocrx_word' id='word_1_269' title='bbox 1003 945 1049 971; x_wconf 77' lang='grc' dir='ltr'>ἐπί</span> <span class='ocrx_word' id='word_1_270' title='bbox 1063 953 1124 971; x_wconf 83' lang='grc' dir='ltr'>τινα</span> <span class='ocrx_word' id='word_1_271' title='bbox 1139 945 1196 972; x_wconf 73' lang='grc' dir='ltr'>ὁδὸν</span> <span class='ocrx_word' id='word_1_272' title='bbox 1213 945 1363 979; x_wconf 81' lang='grc' dir='ltr'>ἀναγκαίαν</span> <span class='ocrx_word' id='word_1_273' title='bbox 1380 946 1437 980; x_wconf 77' lang='grc' dir='ltr'>μετ’</span> <span class='ocrx_word' id='word_1_274' title='bbox 1449 945 1535 982; x_wconf 77' lang='grc' dir='ltr'>εὐχῶν</span> <span class='ocrx_word' id='word_1_275' title='bbox 1554 947 1744 982; x_wconf 73' lang='grc' dir='ltr'>προπέμψατε,</span> 
     </span>
    </p>
   </div>
   <div class='ocr_carea' id='block_1_39' title="bbox 126 987 1745 1031">
    <p class='ocr_par' dir='ltr' id='par_1_39' title="bbox 126 987 1745 1031">
     <span class='ocr_line' id='line_1_39' title="bbox 126 987 1745 1031; baseline 0.006 -19"><span class='ocrx_word' id='word_1_276' title='bbox 126 987 168 1013; x_wconf 81' lang='grc' dir='ltr'>ἵνα</span> <span class='ocrx_word' id='word_1_277' title='bbox 188 988 216 1013; x_wconf 78' lang='grc' dir='ltr'>ὲν</span> <span class='ocrx_word' id='word_1_278' title='bbox 236 987 312 1022; x_wconf 81' lang='grc' dir='ltr'>τάχει</span> <span class='ocrx_word' id='word_1_279' title='bbox 330 988 392 1022; x_wconf 82' lang='grc' dir='ltr'>ὑμῖν</span> <span class='ocrx_word' id='word_1_280' title='bbox 411 987 605 1020; x_wconf 79' lang='grc' dir='ltr'><strong>ἀποσωθέντες,</strong></span> <span class='ocrx_word' id='word_1_281' title='bbox 625 989 672 1015; x_wconf 77' lang='grc' dir='ltr'>καὶ</span> <span class='ocrx_word' id='word_1_282' title='bbox 689 989 742 1016; x_wconf 81' lang='grc' dir='ltr'><strong>τῶν</strong></span> <span class='ocrx_word' id='word_1_283' title='bbox 759 990 924 1026; x_wconf 79' lang='grc' dir='ltr'>λειπομένων</span> <span class='ocrx_word' id='word_1_284' title='bbox 939 992 1082 1026; x_wconf 80' lang='grc' dir='ltr'>ἀποδῶμεν</span> <span class='ocrx_word' id='word_1_285' title='bbox 1096 992 1125 1018; x_wconf 81' lang='grc' dir='ltr'>τὸ</span> <span class='ocrx_word' id='word_1_286' title='bbox 1137 993 1225 1027; x_wconf 79' lang='grc' dir='ltr'>χρέος,</span> <span class='ocrx_word' id='word_1_287' title='bbox 1243 993 1332 1027; x_wconf 76' lang='grc' dir='ltr'>χάριτι</span> <span class='ocrx_word' id='word_1_288' title='bbox 1345 990 1394 1020; x_wconf 76' lang='grc' dir='ltr'><strong>¹τοῦ</strong></span> <span class='ocrx_word' id='word_1_289' title='bbox 1407 995 1496 1022; x_wconf 86' lang='grc' dir='ltr'>πάντα</span> <span class='ocrx_word' id='word_1_290' title='bbox 1519 995 1745 1031; x_wconf 75' lang='grc' dir='ltr'>οἱκονομήσαντος</span> 
     </span>
    </p>
   </div>
   <div class='ocr_carea' id='block_1_40' title="bbox 125 1035 1745 1078">
    <p class='ocr_par' dir='ltr' id='par_1_40' title="bbox 125 1035 1745 1078">
     <span class='ocr_line' id='line_1_40' title="bbox 125 1035 1745 1078; baseline 0.007 -19"><span class='ocrx_word' id='word_1_291' title='bbox 125 1035 188 1070; x_wconf 80' lang='grc' dir='ltr'>περὶ</span> <span class='ocrx_word' id='word_1_292' title='bbox 201 1036 272 1070; x_wconf 72' lang='grc' dir='ltr'>ἡμᾶς</span> <span class='ocrx_word' id='word_1_293' title='bbox 287 1035 399 1070; x_wconf 77' lang='grc' dir='ltr'>Κυρίου,</span> <span class='ocrx_word' id='word_1_294' title='bbox 412 1035 458 1061; x_wconf 81' lang='grc' dir='ltr'>τοῦ</span> <span class='ocrx_word' id='word_1_295' title='bbox 479 1035 620 1068; x_wconf 60' lang='grc' dir='ltr'>κξίσαντος</span> <span class='ocrx_word' id='word_1_296' title='bbox 637 1038 710 1072; x_wconf 75' lang='grc' dir='ltr'>ἡμᾶς</span> <span class='ocrx_word' id='word_1_297' title='bbox 727 1039 759 1073; x_wconf 80' lang='grc' dir='ltr'><strong>τῇ</strong></span> <span class='ocrx_word' id='word_1_298' title='bbox 775 1039 870 1065; x_wconf 79' lang='grc' dir='ltr'>ἑαυτοῦ</span> <span class='ocrx_word' id='word_1_299' title='bbox 886 1039 988 1074; x_wconf 78' lang='grc' dir='ltr'>χάριτι,</span> <span class='ocrx_word' id='word_1_300' title='bbox 1004 1041 1045 1066; x_wconf 78' lang='grc' dir='ltr'><strong>ὅτι</strong></span> <span class='ocrx_word' id='word_1_301' title='bbox 1068 1040 1142 1075; x_wconf 86' lang='grc' dir='ltr'><strong>αὺτῷ</strong></span> <span class='ocrx_word' id='word_1_302' title='bbox 1153 1042 1169 1075; x_wconf 83' lang='grc' dir='ltr'>ἡ</span> <span class='ocrx_word' id='word_1_303' title='bbox 1186 1041 1248 1074; x_wconf 77' lang='grc' dir='ltr'>δόξα</span> <span class='ocrx_word' id='word_1_304' title='bbox 1262 1042 1308 1068; x_wconf 80' lang='grc' dir='ltr'><strong>καὶ</strong></span> <span class='ocrx_word' id='word_1_305' title='bbox 1327 1041 1357 1068; x_wconf 79' lang='grc' dir='ltr'><strong>τὸ</strong></span> <span class='ocrx_word' id='word_1_306' title='bbox 1373 1042 1483 1078; x_wconf 81' lang='grc' dir='ltr'>κράτος,</span> <span class='ocrx_word' id='word_1_307' title='bbox 1506 1043 1547 1075; x_wconf 79' lang='grc' dir='ltr'><strong>είς</strong></span> <span class='ocrx_word' id='word_1_308' title='bbox 1570 1043 1632 1075; x_wconf 81' lang='grc' dir='ltr'>τοὺς</span> <span class='ocrx_word' id='word_1_309' title='bbox 1646 1043 1745 1076; x_wconf 79' lang='grc' dir='ltr'>αἰῶνας</span> 
     </span>
    </p>
   </div>
   <div class='ocr_carea' id='block_1_41' title="bbox 123 1079 419 1117">
    <p class='ocr_par' dir='ltr' id='par_1_41' title="bbox 123 1079 419 1117">
     <span class='ocr_line' id='line_1_41' title="bbox 123 1079 419 1117; baseline 0.003 -11"><span class='ocrx_word' id='word_1_310' title='bbox 123 1079 177 1107; x_wconf 75' lang='grc' dir='ltr'><strong>τῶν</strong></span> <span class='ocrx_word' id='word_1_311' title='bbox 193 1080 306 1108; x_wconf 82' lang='grc' dir='ltr'>αἰώνων.</span> <span class='ocrx_word' id='word_1_312' title='bbox 325 1081 419 1117; x_wconf 78' lang='grc' dir='ltr'>Ἀμήν.</span> 
     </span>
    </p>
   </div>
   <div class='ocr_carea' id='block_1_42' title="bbox 135 1176 322 1192">
    <p class='ocr_par' dir='ltr' id='par_1_42' title="bbox 135 1176 322 1192">
     <span class='ocr_line' id='line_1_42' title="bbox 135 1176 322 1192; baseline -0.005 -2"><span class='ocrx_word' id='word_1_313' title='bbox 135 1176 322 1192; x_wconf 46' lang='grc' dir='ltr'><strong>ππ</strong></span> 
     </span>
    </p>
   </div>
   <div class='ocr_carea' id='block_1_43' title="bbox 323 1176 1730 1198">
    <p class='ocr_par' dir='ltr' id='par_1_43' title="bbox 323 1176 1730 1198">
     <span class='ocr_line' id='line_1_43' title="bbox 323 1176 1730 1198; baseline 0.004 -5"><span class='ocrx_word' id='word_1_314' title='bbox 323 1176 1730 1198; x_wconf 45' lang='lat' dir='ltr'><strong><em>m</em></strong></span> 
     </span>
    </p>
   </div>
   <div class='ocr_carea' id='block_1_44' title="bbox 514 1247 1364 1292">
    <p class='ocr_par' dir='ltr' id='par_1_44' title="bbox 514 1247 1364 1292">
     <span class='ocr_line' id='line_1_44' title="bbox 514 1247 1364 1292; baseline 0.004 -3"><span class='ocrx_word' id='word_1_315' title='bbox 514 1247 627 1289; x_wconf 88' lang='grc' dir='ltr'><strong>ΤΟΥ</strong></span> <span class='ocrx_word' id='word_1_316' title='bbox 648 1248 719 1289; x_wconf 89' lang='grc' dir='ltr'><strong>ΕΝ</strong></span> <span class='ocrx_word' id='word_1_317' title='bbox 745 1247 926 1290; x_wconf 91' lang='grc' dir='ltr'><strong>ΑΓΙΟΙΣ</strong></span> <span class='ocrx_word' id='word_1_318' title='bbox 953 1248 1169 1291; x_wconf 88' lang='grc' dir='ltr'><strong>ΠΑἹῬΟΣ.</strong></span> <span class='ocrx_word' id='word_1_319' title='bbox 1202 1248 1364 1292; x_wconf 90' lang='grc' dir='ltr'><strong>ΗΜΩΝ</strong></span> 
     </span>
    </p>
   </div>
   <div class='ocr_carea' id='block_1_45' title="bbox 654 1342 1211 1410">
    <p class='ocr_par' dir='ltr' id='par_1_45' title="bbox 654 1342 1211 1410">
     <span class='ocr_line' id='line_1_45' title="bbox 654 1342 1211 1410; baseline 0.002 -3"><span class='ocrx_word' id='word_1_320' title='bbox 654 1342 1211 1410; x_wconf 85' lang='grc' dir='ltr'><strong>ΓΡΗΓΟΡΙΟΥ</strong></span> 
     </span>
    </p>
   </div>
   <div class='ocr_carea' id='block_1_46' title="bbox 752 1448 1114 1482">
    <p class='ocr_par' dir='ltr' id='par_1_46' title="bbox 752 1448 1114 1482">
     <span class='ocr_line' id='line_1_46' title="bbox 752 1448 1114 1482; baseline 0.006 -8"><span class='ocrx_word' id='word_1_321' title='bbox 752 1448 949 1478; x_wconf 82' lang='grc' dir='ltr'><strong>ΕΠΙΣΚΟΠΟΥ</strong></span> <span class='ocrx_word' id='word_1_322' title='bbox 967 1450 1100 1478; x_wconf 82' lang='grc' dir='ltr'><strong>ΝΥΣΣΗΣ</strong></span> <span class='ocrx_word' id='word_1_323' title='bbox 1107 1469 1114 1482; x_wconf 85' lang='grc'><strong>,</strong></span> 
     </span>
    </p>
   </div>
   <div class='ocr_carea' id='block_1_47' title="bbox 471 1523 1408 1594">
    <p class='ocr_par' dir='ltr' id='par_1_47' title="bbox 471 1523 1408 1594">
     <span class='ocr_line' id='line_1_47' title="bbox 471 1523 1408 1594; baseline 0.003 -15"><span class='ocrx_word' id='word_1_324' title='bbox 471 1524 649 1580; x_wconf 91' lang='grc' dir='ltr'><strong>ΠΕΡΙ</strong></span> <span class='ocrx_word' id='word_1_325' title='bbox 689 1523 839 1581; x_wconf 89' lang='grc' dir='ltr'><strong>ΤΟΥ</strong></span> <span class='ocrx_word' id='word_1_326' title='bbox 865 1524 1043 1583; x_wconf 91' lang='grc' dir='ltr'>ΒΙΟΥ</span> <span class='ocrx_word' id='word_1_327' title='bbox 1076 1525 1408 1594; x_wconf 88' lang='grc' dir='ltr'><strong>ΜΩΣΕΩΣ,</strong></span> 
     </span>
    </p>
   </div>
   <div class='ocr_carea' id='block_1_48' title="bbox 542 1633 1324 1662">
    <p class='ocr_par' dir='ltr' id='par_1_48' title="bbox 542 1633 1324 1662">
     <span class='ocr_line' id='line_1_48' title="bbox 542 1633 1324 1662; baseline 0.005 -4"><span class='ocrx_word' id='word_1_328' title='bbox 542 1634 568 1658; x_wconf 83' lang='lat' dir='ltr'><strong>Il</strong></span> <span class='ocrx_word' id='word_1_329' title='bbox 599 1634 691 1660; x_wconf 85' lang='grc' dir='ltr'><strong>ΠΕΡΙ</strong></span> <span class='ocrx_word' id='word_1_330' title='bbox 714 1635 782 1660; x_wconf 84' lang='grc' dir='ltr'><strong>ΤΗΣ</strong></span> <span class='ocrx_word' id='word_1_331' title='bbox 800 1633 882 1660; x_wconf 78' lang='lat' dir='ltr'><strong>KAT&#39;</strong></span> <span class='ocrx_word' id='word_1_332' title='bbox 897 1633 1043 1660; x_wconf 79' lang='lat' dir='ltr'><strong>APETUN</strong></span> <span class='ocrx_word' id='word_1_333' title='bbox 1062 1634 1324 1662; x_wconf 83' lang='grc' dir='ltr'><strong>ΤΕΛΕῙΟΤΗΤΟΣ.</strong></span> 
     </span>
    </p>
   </div>
   <div class='ocr_carea' id='block_1_49' title="bbox 421 1787 1448 1886">
    <p class='ocr_par' dir='ltr' id='par_1_49' title="bbox 421 1787 1448 1886">
     <span class='ocr_line' id='line_1_49' title="bbox 421 1787 1448 1886; baseline -0.001 -22"><span class='ocrx_word' id='word_1_334' title='bbox 421 1787 1448 1886; x_wconf 77' lang='lat' dir='ltr'><strong>S.P.N.GREGORH,</strong></span> 
     </span>
    </p>
   </div>
   <div class='ocr_carea' id='block_1_50' title="bbox 763 1921 1100 1955">
    <p class='ocr_par' dir='ltr' id='par_1_50' title="bbox 763 1921 1100 1955">
     <span class='ocr_line' id='line_1_50' title="bbox 763 1921 1100 1955; baseline 0.003 -7"><span class='ocrx_word' id='word_1_335' title='bbox 763 1922 919 1951; x_wconf 82' lang='lat' dir='ltr'><strong>EPISCOPI</strong></span> <span class='ocrx_word' id='word_1_336' title='bbox 935 1921 1084 1950; x_wconf 83' lang='lat' dir='ltr'><strong>NYSSENI</strong></span> <span class='ocrx_word' id='word_1_337' title='bbox 1093 1942 1100 1955; x_wconf 89' lang='lat'><strong>,</strong></span> 
     </span>
    </p>
   </div>
   <div class='ocr_carea' id='block_1_51' title="bbox 599 2001 1260 2071">
    <p class='ocr_par' dir='ltr' id='par_1_51' title="bbox 599 2001 1260 2071">
     <span class='ocr_line' id='line_1_51' title="bbox 599 2001 1260 2071; baseline -0.003 -13"><span class='ocrx_word' id='word_1_338' title='bbox 599 2003 690 2058; x_wconf 88' lang='lat' dir='ltr'><strong>DE</strong></span> <span class='ocrx_word' id='word_1_339' title='bbox 737 2003 910 2060; x_wconf 85' lang='lat' dir='ltr'><strong>VITA</strong></span> <span class='ocrx_word' id='word_1_340' title='bbox 949 2001 1217 2058; x_wconf 87' lang='lat' dir='ltr'><strong>MOYSIS</strong></span> <span class='ocrx_word' id='word_1_341' title='bbox 1240 2040 1260 2071; x_wconf 86' lang='lat'><strong>,</strong></span> 
     </span>
    </p>
   </div>
   <div class='ocr_carea' id='block_1_52' title="bbox 902 2096 962 2117">
    <p class='ocr_par' dir='ltr' id='par_1_52' title="bbox 902 2096 962 2117">
     <span class='ocr_line' id='line_1_52' title="bbox 902 2096 962 2117; baseline -0.017 0"><span class='ocrx_word' id='word_1_342' title='bbox 902 2096 962 2117; x_wconf 77' lang='lat' dir='ltr'><strong>SIVE</strong></span> 
     </span>
    </p>
   </div>
   <div class='ocr_carea' id='block_1_53' title="bbox 315 2145 1550 2176">
    <p class='ocr_par' dir='ltr' id='par_1_53' title="bbox 315 2145 1550 2176">
     <span class='ocr_line' id='line_1_53' title="bbox 315 2145 1550 2176; baseline -0.003 0"><span class='ocrx_word' id='word_1_343' title='bbox 315 2148 358 2176; x_wconf 86' lang='lat' dir='ltr'><strong>DE</strong></span> <span class='ocrx_word' id='word_1_344' title='bbox 387 2147 622 2176; x_wconf 80' lang='lat' dir='ltr'><strong>PERFECTIONE</strong></span> <span class='ocrx_word' id='word_1_345' title='bbox 657 2148 749 2175; x_wconf 67' lang='lat' dir='ltr'><strong>VITE</strong></span> <span class='ocrx_word' id='word_1_346' title='bbox 788 2147 834 2175; x_wconf 77' lang='lat' dir='ltr'><strong>EX</strong></span> <span class='ocrx_word' id='word_1_347' title='bbox 868 2146 1098 2175; x_wconf 62' lang='lat' dir='ltr'><strong>PRJESCRIPTO</strong></span> <span class='ocrx_word' id='word_1_348' title='bbox 1135 2146 1299 2174; x_wconf 79' lang='lat' dir='ltr'><strong>VIRTUTIS</strong></span> <span class='ocrx_word' id='word_1_349' title='bbox 1341 2145 1550 2174; x_wconf 66' lang='lat' dir='ltr'><strong>INSTITUTIE.</strong></span> 
     </span>
    </p>
   </div>
   <div class='ocr_carea' id='block_1_54' title="bbox 341 2223 1532 2258">
    <p class='ocr_par' dir='ltr' id='par_1_54' title="bbox 341 2223 1532 2258">
     <span class='ocr_line' id='line_1_54' title="bbox 341 2223 1532 2258; baseline -0.004 -6"><span class='ocrx_word' id='word_1_350' title='bbox 341 2227 377 2252; x_wconf 81' lang='lat' dir='ltr'><strong>Ex</strong></span> <span class='ocrx_word' id='word_1_351' title='bbox 389 2228 596 2258; x_wconf 86' lang='lat' dir='ltr'><strong>interpretatione</strong></span> <span class='ocrx_word' id='word_1_352' title='bbox 609 2227 722 2258; x_wconf 78' lang='lat' dir='ltr'><strong>Gregorii</strong></span> <span class='ocrx_word' id='word_1_353' title='bbox 734 2227 904 2258; x_wconf 80' lang='lat' dir='ltr'><strong>Trapezunlii,</strong></span> <span class='ocrx_word' id='word_1_354' title='bbox 915 2232 968 2251; x_wconf 83' lang='lat' dir='ltr'><strong>rec.</strong></span> <span class='ocrx_word' id='word_1_355' title='bbox 982 2227 1009 2249; x_wconf 88' lang='lat' dir='ltr'><strong>et</strong></span> <span class='ocrx_word' id='word_1_356' title='bbox 1020 2228 1091 2250; x_wconf 78' lang='lat' dir='ltr'><strong>aucta</strong></span> <span class='ocrx_word' id='word_1_357' title='bbox 1104 2233 1117 2250; x_wconf 71' lang='grc' dir='ltr'>ει</span> <span class='ocrx_word' id='word_1_358' title='bbox 1127 2224 1251 2250; x_wconf 84' lang='lat' dir='ltr'><strong>Frontone</strong></span> <span class='ocrx_word' id='word_1_359' title='bbox 1265 2224 1355 2249; x_wconf 63' lang='lat' dir='ltr'><strong>Ducaeo</strong></span> <span class='ocrx_word' id='word_1_360' title='bbox 1367 2225 1392 2249; x_wconf 86' lang='lat' dir='ltr'><strong>S.</strong></span> <span class='ocrx_word' id='word_1_361' title='bbox 1406 2225 1428 2248; x_wconf 80' lang='lat' dir='ltr'><strong>J.</strong></span> <span class='ocrx_word' id='word_1_362' title='bbox 1446 2223 1532 2248; x_wconf 84' lang='lat' dir='ltr'><strong>Thcol.</strong></span> 
     </span>
    </p>
   </div>
   <div class='ocr_carea' id='block_1_55' title="bbox 160 2368 924 2412">
    <p class='ocr_par' dir='ltr' id='par_1_55' title="bbox 160 2375 910 2412">
     <span class='ocr_line' id='line_1_55' title="bbox 160 2375 910 2412; baseline -0.007 -6"><span class='ocrx_word' id='word_1_363' title='bbox 160 2375 222 2406; x_wconf 80' lang='grc' dir='ltr'>Οἷόν</span> <span class='ocrx_word' id='word_1_364' title='bbox 248 2386 275 2404; x_wconf 86' lang='grc' dir='ltr'>τι</span> <span class='ocrx_word' id='word_1_365' title='bbox 296 2377 444 2412; x_wconf 79' lang='grc' dir='ltr'>πάσχουσιν</span> <span class='ocrx_word' id='word_1_366' title='bbox 463 2376 487 2402; x_wconf 80' lang='grc' dir='ltr'>οἱ</span> <span class='ocrx_word' id='word_1_367' title='bbox 510 2376 563 2402; x_wconf 79' lang='grc' dir='ltr'><strong>τῶν</strong></span> <span class='ocrx_word' id='word_1_368' title='bbox 590 2375 710 2402; x_wconf 76' lang='grc' dir='ltr'>ἱππικῶν</span> <span class='ocrx_word' id='word_1_369' title='bbox 729 2375 842 2410; x_wconf 79' lang='grc' dir='ltr'>ἀγώνων</span> <span class='ocrx_word' id='word_1_370' title='bbox 866 2384 910 2409; x_wconf 76' lang='grc' dir='ltr'>φι-</span> 
     </span>
    </p>
   </div>
   <div class='ocr_carea' id='block_1_56' title="bbox 960 2368 1744 2412">
    <p class='ocr_par' dir='ltr' id='par_1_56' title="bbox 996 2368 1744 2407">
     <span class='ocr_line' id='line_1_56' title="bbox 996 2368 1744 2407; baseline -0.011 -5"><span class='ocrx_word' id='word_1_371' title='bbox 996 2373 1228 2407; x_wconf 83' lang='lat' dir='ltr'><strong>Quemadmodum</strong></span> <span class='ocrx_word' id='word_1_372' title='bbox 1245 2371 1292 2406; x_wconf 86' lang='lat' dir='ltr'><strong>qui</strong></span> <span class='ocrx_word' id='word_1_373' title='bbox 1313 2374 1449 2398; x_wconf 87' lang='lat' dir='ltr'><strong>certamen</strong></span> <span class='ocrx_word' id='word_1_374' title='bbox 1463 2375 1593 2404; x_wconf 85' lang='lat' dir='ltr'><strong>equomm</strong></span> <span class='ocrx_word' id='word_1_375' title='bbox 1606 2375 1659 2395; x_wconf 90' lang='lat' dir='ltr'><strong>non</strong></span> <span class='ocrx_word' id='word_1_376' title='bbox 1685 2368 1744 2396; x_wconf 73' lang='lat' dir='ltr'><strong>sine</strong></span> 
     </span>
    </p>
   </div>
   <div class='ocr_carea' id='block_1_57' title="bbox 125 2421 905 2459">
    <p class='ocr_par' dir='ltr' id='par_1_57' title="bbox 125 2421 905 2459">
     <span class='ocr_line' id='line_1_57' title="bbox 125 2421 905 2459; baseline -0.004 -9"><span class='ocrx_word' id='word_1_377' title='bbox 125 2424 294 2459; x_wconf 82' lang='grc' dir='ltr'>λοοεάμονες,</span> <span class='ocrx_word' id='word_1_378' title='bbox 313 2423 337 2449; x_wconf 85' lang='grc' dir='ltr'>οῖ</span> <span class='ocrx_word' id='word_1_379' title='bbox 359 2425 414 2454; x_wconf 78' lang='grc' dir='ltr'>τοῖς</span> <span class='ocrx_word' id='word_1_380' title='bbox 436 2423 501 2458; x_wconf 88' lang='grc' dir='ltr'>παρ’</span> <span class='ocrx_word' id='word_1_381' title='bbox 521 2422 610 2448; x_wconf 84' lang='grc' dir='ltr'>αὐτῶν</span> <span class='ocrx_word' id='word_1_382' title='bbox 632 2421 859 2456; x_wconf 79' lang='grc' dir='ltr'>σπουδαζομένοις</span> <span class='ocrx_word' id='word_1_383' title='bbox 877 2421 905 2447; x_wconf 77' lang='grc' dir='ltr'><strong>ὲν</strong></span> 
     </span>
    </p>
   </div>
   <div class='ocr_carea' id='block_1_58' title="bbox 124 2466 907 2504">
    <p class='ocr_par' dir='ltr' id='par_1_58' title="bbox 124 2466 907 2504">
     <span class='ocr_line' id='line_1_58' title="bbox 124 2466 907 2504; baseline -0.005 -8"><span class='ocrx_word' id='word_1_384' title='bbox 124 2472 184 2501; x_wconf 72' lang='grc' dir='ltr'>ταῖς</span> <span class='ocrx_word' id='word_1_385' title='bbox 198 2469 322 2504; x_wconf 85' lang='grc' dir='ltr'>ἁμίλλαις</span> <span class='ocrx_word' id='word_1_386' title='bbox 335 2469 388 2495; x_wconf 74' lang='grc' dir='ltr'><strong>τῶν</strong></span> <span class='ocrx_word' id='word_1_387' title='bbox 404 2468 520 2503; x_wconf 84' lang='grc' dir='ltr'>δρόμων,</span> <span class='ocrx_word' id='word_1_388' title='bbox 536 2467 588 2494; x_wconf 80' lang='grc' dir='ltr'>κᾶν</span> <span class='ocrx_word' id='word_1_389' title='bbox 604 2467 686 2503; x_wconf 79' lang='grc' dir='ltr'>μηδὲν</span> <span class='ocrx_word' id='word_1_390' title='bbox 702 2466 855 2502; x_wconf 81' lang='grc' dir='ltr'>προθυμίας</span> <span class='ocrx_word' id='word_1_391' title='bbox 867 2467 907 2498; x_wconf 86' lang='grc' dir='ltr'><strong>είς</strong></span> 
     </span>
    </p>
   </div>
   <div class='ocr_carea' id='block_1_59' title="bbox 125 2511 907 2550">
    <p class='ocr_par' dir='ltr' id='par_1_59' title="bbox 125 2511 907 2550">
     <span class='ocr_line' id='line_1_59' title="bbox 125 2511 907 2550; baseline -0.006 -8"><span class='ocrx_word' id='word_1_392' title='bbox 125 2516 155 2542; x_wconf 75' lang='grc' dir='ltr'><strong>τὸ</strong></span> <span class='ocrx_word' id='word_1_393' title='bbox 165 2516 245 2550; x_wconf 83' lang='grc' dir='ltr'>τάχος</span> <span class='ocrx_word' id='word_1_394' title='bbox 270 2514 439 2545; x_wconf 77' lang='grc' dir='ltr'>ἐλλείπωσιν,</span> <span class='ocrx_word' id='word_1_395' title='bbox 457 2514 530 2548; x_wconf 76' lang='grc' dir='ltr'>ὅμως</span> <span class='ocrx_word' id='word_1_396' title='bbox 553 2513 605 2539; x_wconf 77' lang='grc' dir='ltr'>ὑπὸ</span> <span class='ocrx_word' id='word_1_397' title='bbox 618 2513 668 2547; x_wconf 82' lang='grc' dir='ltr'><strong>τῆς</strong></span> <span class='ocrx_word' id='word_1_398' title='bbox 684 2512 747 2547; x_wconf 79' lang='grc' dir='ltr'>περὶ</span> <span class='ocrx_word' id='word_1_399' title='bbox 765 2511 815 2546; x_wconf 84' lang='grc' dir='ltr'><strong>τὴν</strong></span> <span class='ocrx_word' id='word_1_400' title='bbox 828 2511 907 2546; x_wconf 83' lang='grc' dir='ltr'>νίκην</span> 
     </span>
    </p>
   </div>
   <div class='ocr_carea' id='block_1_60' title="bbox 127 2557 906 2594">
    <p class='ocr_par' dir='ltr' id='par_1_60' title="bbox 127 2557 906 2594">
     <span class='ocr_line' id='line_1_60' title="bbox 127 2557 906 2594; baseline -0.006 -7"><span class='ocrx_word' id='word_1_401' title='bbox 127 2561 245 2594; x_wconf 80' lang='grc' dir='ltr'>σπουδῆς</span> <span class='ocrx_word' id='word_1_402' title='bbox 263 2560 405 2586; x_wconf 79' lang='grc' dir='ltr'>ὲπιὸοῶσιν</span> <span class='ocrx_word' id='word_1_403' title='bbox 420 2559 532 2591; x_wconf 69' lang='grc' dir='ltr'>ἄνωθεν,</span> <span class='ocrx_word' id='word_1_404' title='bbox 545 2558 590 2585; x_wconf 79' lang='grc' dir='ltr'>τὸν</span> <span class='ocrx_word' id='word_1_405' title='bbox 604 2557 741 2593; x_wconf 75' lang='grc' dir='ltr'>ὀφθαλμὸν</span> <span class='ocrx_word' id='word_1_406' title='bbox 755 2557 794 2592; x_wconf 87' lang='grc' dir='ltr'>τῷ</span> <span class='ocrx_word' id='word_1_407' title='bbox 815 2557 906 2592; x_wconf 84' lang='grc' dir='ltr'>δρόμῳ</span> 
     </span>
    </p>
   </div>
   <div class='ocr_carea' id='block_1_61' title="bbox 128 2602 906 2641">
    <p class='ocr_par' dir='ltr' id='par_1_61' title="bbox 128 2602 906 2641">
     <span class='ocr_line' id='line_1_61' title="bbox 128 2602 906 2641; baseline -0.006 -8"><span class='ocrx_word' id='word_1_408' title='bbox 128 2606 366 2641; x_wconf 79' lang='grc' dir='ltr'>συμπεριάγοντες,</span> <span class='ocrx_word' id='word_1_409' title='bbox 377 2606 424 2632; x_wconf 73' lang='grc' dir='ltr'><strong>καὶ</strong></span> <span class='ocrx_word' id='word_1_410' title='bbox 438 2604 632 2640; x_wconf 68' lang='grc' dir='ltr'>παρακινοῦσι-δ</span> <span class='ocrx_word' id='word_1_411' title='bbox 644 2603 692 2635; x_wconf 77' lang='grc' dir='ltr'><strong>(ὥς</strong></span> <span class='ocrx_word' id='word_1_412' title='bbox 701 2612 732 2637; x_wconf 81' lang='grc' dir='ltr'><strong>γε</strong></span> <span class='ocrx_word' id='word_1_413' title='bbox 742 2602 906 2637; x_wconf 77' lang='grc' dir='ltr'>νομίζουσιν)</span> 
     </span>
    </p>
   </div>
   <div class='ocr_carea' id='block_1_62' title="bbox 127 2647 908 2685">
    <p class='ocr_par' dir='ltr' id='par_1_62' title="bbox 127 2647 908 2685">
     <span class='ocr_line' id='line_1_62' title="bbox 127 2647 908 2685; baseline -0.005 -8"><span class='ocrx_word' id='word_1_414' title='bbox 127 2652 166 2682; x_wconf 86' lang='grc' dir='ltr'>εις</span> <span class='ocrx_word' id='word_1_415' title='bbox 185 2650 313 2685; x_wconf 80' lang='grc' dir='ltr'>ὀξυτέραν</span> <span class='ocrx_word' id='word_1_416' title='bbox 329 2650 416 2685; x_wconf 81' lang='grc' dir='ltr'>ὁρμὴν</span> <span class='ocrx_word' id='word_1_417' title='bbox 434 2650 480 2676; x_wconf 82' lang='grc' dir='ltr'>τὺν</span> <span class='ocrx_word' id='word_1_418' title='bbox 497 2649 618 2684; x_wconf 83' lang='grc' dir='ltr'>ἡνίοχον,</span> <span class='ocrx_word' id='word_1_419' title='bbox 643 2648 834 2680; x_wconf 80' lang='grc' dir='ltr'>ὲπικλάζοντες</span> <span class='ocrx_word' id='word_1_420' title='bbox 851 2647 908 2681; x_wconf 71' lang='grc' dir='ltr'>ἅμα</span> 
     </span>
    </p>
   </div>
   <div class='ocr_carea' id='block_1_63' title="bbox 127 2693 908 2732">
    <p class='ocr_par' dir='ltr' id='par_1_63' title="bbox 127 2693 908 2732">
     <span class='ocr_line' id='line_1_63' title="bbox 127 2693 908 2732; baseline -0.006 -7"><span class='ocrx_word' id='word_1_421' title='bbox 127 2701 182 2730; x_wconf 75' lang='grc' dir='ltr'>τοῖς</span> <span class='ocrx_word' id='word_1_422' title='bbox 195 2699 298 2730; x_wconf 82' lang='grc' dir='ltr'>ἵπποις,</span> <span class='ocrx_word' id='word_1_423' title='bbox 311 2699 358 2725; x_wconf 84' lang='grc' dir='ltr'><strong>καὶ</strong></span> <span class='ocrx_word' id='word_1_424' title='bbox 375 2698 434 2724; x_wconf 75' lang='grc' dir='ltr'><strong>ἀντὶ</strong></span> <span class='ocrx_word' id='word_1_425' title='bbox 450 2697 580 2732; x_wconf 82' lang='grc' dir='ltr'>μάστιγος</span> <span class='ocrx_word' id='word_1_426' title='bbox 590 2697 639 2731; x_wconf 83' lang='grc' dir='ltr'><strong>τὴν</strong></span> <span class='ocrx_word' id='word_1_427' title='bbox 654 2698 731 2731; x_wconf 87' lang='grc' dir='ltr'>χεῖρα</span> <span class='ocrx_word' id='word_1_428' title='bbox 744 2695 803 2721; x_wconf 83' lang='grc' dir='ltr'><strong>κατ’</strong></span> <span class='ocrx_word' id='word_1_429' title='bbox 818 2693 908 2720; x_wconf 83' lang='grc' dir='ltr'>αὐτῶν</span> 
     </span>
    </p>
   </div>
   <div class='ocr_carea' id='block_1_64' title="bbox 129 2740 909 2780">
    <p class='ocr_par' dir='ltr' id='par_1_64' title="bbox 129 2740 909 2780">
     <span class='ocr_line' id='line_1_64' title="bbox 129 2740 909 2780; baseline -0.006 -9"><span class='ocrx_word' id='word_1_430' title='bbox 129 2745 313 2780; x_wconf 76' lang='grc' dir='ltr'>προτείνοντές</span> <span class='ocrx_word' id='word_1_431' title='bbox 335 2753 365 2770; x_wconf 75' lang='grc' dir='ltr'>τε</span> <span class='ocrx_word' id='word_1_432' title='bbox 388 2744 435 2770; x_wconf 71' lang='grc' dir='ltr'><strong>καὶ</strong></span> <span class='ocrx_word' id='word_1_433' title='bbox 457 2743 634 2774; x_wconf 71' lang='grc' dir='ltr'>ἐπισείοντες·</span> <span class='ocrx_word' id='word_1_434' title='bbox 649 2743 713 2777; x_wconf 77' lang='grc' dir='ltr'>οὐχ,</span> <span class='ocrx_word' id='word_1_435' title='bbox 729 2742 769 2768; x_wconf 76' lang='grc' dir='ltr'><strong>ὅτι</strong></span> <span class='ocrx_word' id='word_1_436' title='bbox 790 2741 863 2767; x_wconf 82' lang='grc' dir='ltr'>τελεῖ</span> <span class='ocrx_word' id='word_1_437' title='bbox 874 2740 909 2766; x_wconf 85' lang='grc' dir='ltr'><strong>τὰ</strong></span> 
     </span>
    </p>
   </div>
   <div class='ocr_carea' id='block_1_65' title="bbox 128 2785 909 2825">
    <p class='ocr_par' dir='ltr' id='par_1_65' title="bbox 128 2785 909 2825">
     <span class='ocr_line' id='line_1_65' title="bbox 128 2785 909 2825; baseline -0.008 -8"><span class='ocrx_word' id='word_1_438' title='bbox 128 2791 255 2825; x_wconf 82' lang='grc' dir='ltr'>γινόμενα</span> <span class='ocrx_word' id='word_1_439' title='bbox 272 2790 339 2825; x_wconf 68' lang='grc' dir='ltr'>πρὸς</span> <span class='ocrx_word' id='word_1_440' title='bbox 353 2790 401 2824; x_wconf 79' lang='grc' dir='ltr'><strong>τὴν</strong></span> <span class='ocrx_word' id='word_1_441' title='bbox 416 2790 503 2824; x_wconf 78' lang='grc' dir='ltr'>νίκην,</span> <span class='ocrx_word' id='word_1_442' title='bbox 520 2788 606 2815; x_wconf 75' lang='grc' dir='ltr'>ταῦτα</span> <span class='ocrx_word' id='word_1_443' title='bbox 627 2788 774 2820; x_wconf 80' lang='grc' dir='ltr'>ποιοῦντες,</span> <span class='ocrx_word' id='word_1_444' title='bbox 791 2786 847 2815; x_wconf 80' lang='grc' dir='ltr'>ἀλλ’</span> <span class='ocrx_word' id='word_1_445' title='bbox 868 2785 909 2812; x_wconf 83' lang='grc' dir='ltr'><strong>εὐ-</strong></span> 
     </span>
    </p>
   </div>
   <div class='ocr_carea' id='block_1_66' title="bbox 289 2835 626 2866">
    <p class='ocr_par' dir='ltr' id='par_1_66' title="bbox 289 2835 626 2866">
     <span class='ocr_line' id='line_1_66' title="bbox 289 2835 626 2866; baseline -0.003 0"><span class='ocrx_word' id='word_1_446' title='bbox 289 2837 423 2866; x_wconf 68' lang='grc' dir='ltr'>ΡΑτιιοι..</span> <span class='ocrx_word' id='word_1_447' title='bbox 441 2835 498 2865; x_wconf 81' lang='lat' dir='ltr'><strong>Gn.</strong></span> <span class='ocrx_word' id='word_1_448' title='bbox 517 2835 626 2865; x_wconf 77' lang='lat' dir='ltr'><strong>XLIV.</strong></span> 
     </span>
    </p>
   </div>
   <div class='ocr_carea' id='block_1_67' title="bbox 960 2413 1743 2455">
    <p class='ocr_par' dir='ltr' id='par_1_67' title="bbox 960 2413 1743 2455">
     <span class='ocr_line' id='line_1_67' title="bbox 960 2413 1743 2455; baseline -0.01 -8"><span class='ocrx_word' id='word_1_449' title='bbox 960 2427 1058 2455; x_wconf 78' lang='lat' dir='ltr'><strong>magna</strong></span> <span class='ocrx_word' id='word_1_450' title='bbox 1081 2418 1259 2446; x_wconf 83' lang='lat' dir='ltr'><strong>delectatione</strong></span> <span class='ocrx_word' id='word_1_451' title='bbox 1285 2416 1369 2444; x_wconf 87' lang='lat' dir='ltr'><strong>animi</strong></span> <span class='ocrx_word' id='word_1_452' title='bbox 1399 2419 1533 2449; x_wconf 85' lang='lat' dir='ltr'><strong>spectant,</strong></span> <span class='ocrx_word' id='word_1_453' title='bbox 1557 2416 1607 2441; x_wconf 81' lang='lat' dir='ltr'><strong>etsi</strong></span> <span class='ocrx_word' id='word_1_454' title='bbox 1627 2413 1692 2440; x_wconf 92' lang='lat' dir='ltr'><strong>nihil</strong></span> <span class='ocrx_word' id='word_1_455' title='bbox 1710 2413 1743 2439; x_wconf 72' lang='lat' dir='ltr'><strong>ad</strong></span> 
     </span>
    </p>
   </div>
   <div class='ocr_carea' id='block_1_68' title="bbox 960 2460 1743 2499">
    <p class='ocr_par' dir='ltr' id='par_1_68' title="bbox 960 2460 1743 2499">
     <span class='ocr_line' id='line_1_68' title="bbox 960 2460 1743 2499; baseline -0.01 -6"><span class='ocrx_word' id='word_1_456' title='bbox 960 2473 1071 2493; x_wconf 89' lang='lat' dir='ltr'><strong>cursum</strong></span> <span class='ocrx_word' id='word_1_457' title='bbox 1094 2464 1237 2499; x_wconf 74' lang='lat' dir='ltr'><strong>diligentia:</strong></span> <span class='ocrx_word' id='word_1_458' title='bbox 1250 2463 1289 2490; x_wconf 88' lang='lat' dir='ltr'><strong>illi</strong></span> <span class='ocrx_word' id='word_1_459' title='bbox 1314 2462 1530 2497; x_wconf 64' lang='lat' dir='ltr'><strong>praetermittam,</strong></span> <span class='ocrx_word' id='word_1_460' title='bbox 1550 2467 1620 2495; x_wconf 88' lang='lat' dir='ltr'><strong>quos</strong></span> <span class='ocrx_word' id='word_1_461' title='bbox 1635 2460 1743 2486; x_wconf 77' lang='lat' dir='ltr'><strong>vincere</strong></span> 
     </span>
    </p>
   </div>
   <div class='ocr_carea' id='block_1_69' title="bbox 960 2504 1743 2546">
    <p class='ocr_par' dir='ltr' id='par_1_69' title="bbox 960 2504 1743 2546">
     <span class='ocr_line' id='line_1_69' title="bbox 960 2504 1743 2546; baseline -0.013 -8"><span class='ocrx_word' id='word_1_462' title='bbox 960 2514 1065 2546; x_wconf 84' lang='lat' dir='ltr'><strong>optant.</strong></span> <span class='ocrx_word' id='word_1_463' title='bbox 1079 2509 1167 2537; x_wconf 90' lang='lat' dir='ltr'><strong>oculis</strong></span> <span class='ocrx_word' id='word_1_464' title='bbox 1178 2513 1268 2536; x_wconf 87' lang='lat' dir='ltr'><strong>tamen</strong></span> <span class='ocrx_word' id='word_1_465' title='bbox 1288 2514 1398 2534; x_wconf 87' lang='lat' dir='ltr'><strong>cursum</strong></span> <span class='ocrx_word' id='word_1_466' title='bbox 1416 2505 1538 2540; x_wconf 81' lang='lat' dir='ltr'><strong>ipsorum</strong></span> <span class='ocrx_word' id='word_1_467' title='bbox 1556 2504 1664 2532; x_wconf 80' lang='lat' dir='ltr'><strong>solliciti</strong></span> <span class='ocrx_word' id='word_1_468' title='bbox 1682 2511 1743 2538; x_wconf 79' lang='lat' dir='ltr'><strong>pro-</strong></span> 
     </span>
    </p>
   </div>
   <div class='ocr_carea' id='block_1_70' title="bbox 960 2549 1744 2591">
    <p class='ocr_par' dir='ltr' id='par_1_70' title="bbox 960 2549 1744 2591">
     <span class='ocr_line' id='line_1_70' title="bbox 960 2549 1744 2591; baseline -0.011 -8"><span class='ocrx_word' id='word_1_469' title='bbox 960 2556 1116 2591; x_wconf 82' lang='lat' dir='ltr'><strong>spicientes,</strong></span> <span class='ocrx_word' id='word_1_470' title='bbox 1132 2554 1250 2581; x_wconf 79' lang='lat' dir='ltr'><strong>clamant</strong></span> <span class='ocrx_word' id='word_1_471' title='bbox 1264 2553 1380 2587; x_wconf 78' lang='lat' dir='ltr'><strong>desuper</strong></span> <span class='ocrx_word' id='word_1_472' title='bbox 1406 2555 1487 2586; x_wconf 82' lang='lat' dir='ltr'><strong>atque</strong></span> <span class='ocrx_word' id='word_1_473' title='bbox 1502 2550 1655 2579; x_wconf 87' lang='lat' dir='ltr'><strong>hortantur.</strong></span> <span class='ocrx_word' id='word_1_474' title='bbox 1675 2549 1744 2576; x_wconf 87' lang='lat' dir='ltr'><strong>inci-</strong></span> 
     </span>
    </p>
   </div>
   <div class='ocr_carea' id='block_1_71' title="bbox 960 2594 1743 2634">
    <p class='ocr_par' dir='ltr' id='par_1_71' title="bbox 960 2594 1743 2634">
     <span class='ocr_line' id='line_1_71' title="bbox 960 2594 1743 2634; baseline -0.011 -6"><span class='ocrx_word' id='word_1_475' title='bbox 960 2605 1071 2634; x_wconf 87' lang='lat' dir='ltr'><strong>tareque</strong></span> <span class='ocrx_word' id='word_1_476' title='bbox 1085 2607 1118 2627; x_wconf 89' lang='lat' dir='ltr'><strong>ac</strong></span> <span class='ocrx_word' id='word_1_477' title='bbox 1143 2599 1248 2627; x_wconf 84' lang='lat' dir='ltr'><strong>eilicere</strong></span> <span class='ocrx_word' id='word_1_478' title='bbox 1273 2605 1303 2625; x_wconf 84' lang='lat' dir='ltr'><strong>se</strong></span> <span class='ocrx_word' id='word_1_479' title='bbox 1332 2600 1438 2632; x_wconf 86' lang='lat' dir='ltr'><strong>putant,</strong></span> <span class='ocrx_word' id='word_1_480' title='bbox 1454 2598 1483 2622; x_wconf 85' lang='lat' dir='ltr'><strong>ut</strong></span> <span class='ocrx_word' id='word_1_481' title='bbox 1498 2595 1617 2630; x_wconf 86' lang='lat' dir='ltr'><strong>velocius</strong></span> <span class='ocrx_word' id='word_1_482' title='bbox 1641 2594 1743 2620; x_wconf 80' lang='lat' dir='ltr'><strong>feratur</strong></span> 
     </span>
    </p>
   </div>
   <div class='ocr_carea' id='block_1_72' title="bbox 958 2641 1744 2682">
    <p class='ocr_par' dir='ltr' id='par_1_72' title="bbox 958 2641 1744 2682">
     <span class='ocr_line' id='line_1_72' title="bbox 958 2641 1744 2682; baseline -0.01 -9"><span class='ocrx_word' id='word_1_483' title='bbox 958 2647 1062 2682; x_wconf 73' lang='lat' dir='ltr'><strong>auriga,</strong></span> <span class='ocrx_word' id='word_1_484' title='bbox 1078 2653 1139 2673; x_wconf 90' lang='lat' dir='ltr'><strong>cum</strong></span> <span class='ocrx_word' id='word_1_485' title='bbox 1164 2652 1218 2672; x_wconf 88' lang='lat' dir='ltr'><strong>una</strong></span> <span class='ocrx_word' id='word_1_486' title='bbox 1237 2652 1298 2671; x_wconf 87' lang='lat' dir='ltr'><strong>cum</strong></span> <span class='ocrx_word' id='word_1_487' title='bbox 1325 2643 1402 2678; x_wconf 89' lang='lat' dir='ltr'><strong>equis</strong></span> <span class='ocrx_word' id='word_1_488' title='bbox 1430 2643 1584 2677; x_wconf 74' lang='lat' dir='ltr'><strong>clangorem</strong></span> <span class='ocrx_word' id='word_1_489' title='bbox 1602 2641 1693 2670; x_wconf 84' lang='lat' dir='ltr'><strong>edant.</strong></span> <span class='ocrx_word' id='word_1_490' title='bbox 1712 2648 1744 2666; x_wconf 80' lang='lat' dir='ltr'><strong>ac</strong></span> 
     </span>
    </p>
   </div>
   <div class='ocr_carea' id='block_1_73' title="bbox 960 2687 1744 2726">
    <p class='ocr_par' dir='ltr' id='par_1_73' title="bbox 960 2687 1744 2726">
     <span class='ocr_line' id='line_1_73' title="bbox 960 2687 1744 2726; baseline -0.01 -8"><span class='ocrx_word' id='word_1_491' title='bbox 960 2699 1070 2718; x_wconf 86' lang='lat' dir='ltr'><strong>manum</strong></span> <span class='ocrx_word' id='word_1_492' title='bbox 1085 2691 1163 2726; x_wconf 89' lang='lat' dir='ltr'><strong>quasi</strong></span> <span class='ocrx_word' id='word_1_493' title='bbox 1193 2690 1326 2726; x_wconf 74' lang='lat' dir='ltr'><strong>ﬂagellum</strong></span> <span class='ocrx_word' id='word_1_494' title='bbox 1351 2690 1378 2716; x_wconf 93' lang='lat' dir='ltr'><strong>in</strong></span> <span class='ocrx_word' id='word_1_495' title='bbox 1405 2689 1479 2723; x_wconf 82' lang='lat' dir='ltr'><strong>ipsos</strong></span> <span class='ocrx_word' id='word_1_496' title='bbox 1499 2687 1645 2715; x_wconf 84' lang='lat' dir='ltr'><strong>exlendant</strong></span> <span class='ocrx_word' id='word_1_497' title='bbox 1663 2690 1744 2718; x_wconf 83' lang='lat' dir='ltr'><strong>atque</strong></span> 
     </span>
    </p>
   </div>
   <div class='ocr_carea' id='block_1_74' title="bbox 960 2731 1743 2771">
    <p class='ocr_par' dir='ltr' id='par_1_74' title="bbox 960 2731 1743 2771">
     <span class='ocr_line' id='line_1_74' title="bbox 960 2731 1743 2771; baseline -0.013 -7"><span class='ocrx_word' id='word_1_498' title='bbox 960 2737 1103 2768; x_wconf 78' lang='lat' dir='ltr'><strong>incutiant.</strong></span> <span class='ocrx_word' id='word_1_499' title='bbox 1119 2745 1172 2764; x_wconf 93' lang='lat' dir='ltr'><strong>non</strong></span> <span class='ocrx_word' id='word_1_500' title='bbox 1187 2736 1250 2771; x_wconf 88' lang='lat' dir='ltr'><strong>quia</strong></span> <span class='ocrx_word' id='word_1_501' title='bbox 1267 2735 1399 2766; x_wconf 86' lang='lat' dir='ltr'><strong>nesciant,</strong></span> <span class='ocrx_word' id='word_1_502' title='bbox 1417 2735 1473 2761; x_wconf 69' lang='lat' dir='ltr'><strong>haec</strong></span> <span class='ocrx_word' id='word_1_503' title='bbox 1481 2733 1547 2760; x_wconf 91' lang='lat' dir='ltr'><strong>nihil</strong></span> <span class='ocrx_word' id='word_1_504' title='bbox 1559 2732 1591 2758; x_wconf 84' lang='lat' dir='ltr'><strong>ad</strong></span> <span class='ocrx_word' id='word_1_505' title='bbox 1603 2731 1743 2757; x_wconf 76' lang='lat' dir='ltr'><strong>victoriam</strong></span> 
     </span>
    </p>
   </div>
   <div class='ocr_carea' id='block_1_75' title="bbox 959 2777 1744 2817">
    <p class='ocr_par' dir='ltr' id='par_1_75' title="bbox 959 2777 1744 2817">
     <span class='ocr_line' id='line_1_75' title="bbox 959 2777 1744 2817; baseline -0.015 -5"><span class='ocrx_word' id='word_1_506' title='bbox 959 2783 1093 2816; x_wconf 73' lang='lat' dir='ltr'><strong>conferre,</strong></span> <span class='ocrx_word' id='word_1_507' title='bbox 1119 2783 1165 2812; x_wconf 86' lang='lat' dir='ltr'><strong>sed</strong></span> <span class='ocrx_word' id='word_1_508' title='bbox 1186 2783 1249 2817; x_wconf 85' lang='lat' dir='ltr'><strong>quia</strong></span> <span class='ocrx_word' id='word_1_509' title='bbox 1263 2780 1477 2809; x_wconf 84' lang='lat' dir='ltr'><strong>benevolentiam</strong></span> <span class='ocrx_word' id='word_1_510' title='bbox 1501 2786 1533 2806; x_wconf 86' lang='lat' dir='ltr'><strong>ac</strong></span> <span class='ocrx_word' id='word_1_511' title='bbox 1551 2777 1669 2805; x_wconf 73' lang='lat' dir='ltr'><strong>Studium</strong></span> <span class='ocrx_word' id='word_1_512' title='bbox 1681 2782 1744 2807; x_wconf 70' lang='lat' dir='ltr'><strong>erga</strong></span> 
     </span>
    </p>
   </div>
   <div class='ocr_carea' id='block_1_76' title="bbox 1548 2824 1588 2853">
    <p class='ocr_par' dir='ltr' id='par_1_76' title="bbox 1548 2824 1588 2853">
     <span class='ocr_line' id='line_1_76' title="bbox 1548 2824 1588 2853; baseline 0.025 -1"><span class='ocrx_word' id='word_1_513' title='bbox 1548 2824 1588 2853; x_wconf 79' lang='lat'><strong>10</strong></span> 
     </span>
    </p>
   </div>
  </div>
