1977 3071
248 113 301 142 299

876 111 904 138 S.
926 109 1088 139 GREGORII
1109 111 1253 139 NYSSENI

1816 112 1867 141 500

249 170 385 196 certantes
420 174 486 195 voce
500 166 678 202 corporisque
700 167 829 200 moxibus,
855 172 951 195 natura
966 168 1033 195 duce

1086 168 1143 204 νοίᾳ
1159 170 1192 204 τῇ
1210 169 1277 205 πρὸς
1297 168 1359 199 τοὺς
1375 168 1599 202 ἀγωνιζομένους,
1617 170 1691 204 φωνῇ
1705 178 1734 196 τε
1748 170 1794 197 καὶ
1804 172 1867 206 σχή-

249 213 400 248 signilicare
426 213 620 248 impelluntur:
637 212 677 239 sic
704 213 770 239 mihi
789 213 839 248 ipsi
856 214 888 241 de
905 218 931 240 te
947 213 1034 240 facere

248 258 352 290 videor,
373 258 459 285 amice
475 265 506 284 ac
521 258 605 285 frater
620 258 789 286 charissime.
807 258 874 286 Nam
893 266 953 286 cum
965 263 993 285 tu
1006 259 1034 286 in

248 303 357 331 virtutis
385 303 483 335 stadio,
498 311 582 338 prope
611 303 704 331 divino
725 311 807 331 cursu
826 311 858 331 ac
886 304 1035 331 certamine

249 355 416 382 perseveres,
433 352 460 375 et
479 348 512 374 ad
534 355 659 382 supernae
673 349 825 376 vocationis
853 350 963 384 przemia
978 356 1034 376 ere-

248 394 304 421 bris
318 393 518 428 levissimisque
544 393 658 421 saltibus
670 393 792 426 festines,
813 395 932 422 acclamo
953 399 1034 430 atque

248 443 366 479 impello,
381 448 409 471 et
433 443 570 478 diligentia
588 443 735 479 studioque
749 444 887 472 intendere
906 445 1035 472 velocita-

248 494 301 516 tem
315 489 406 524 jubeo.
422 488 487 521 Quae
509 489 599 516 omnia
627 496 682 516 non
699 489 759 516 ideo
779 489 859 520 facio,
874 490 936 524 quia
952 494 1036 518 teme-

248 534 320 561 rario
332 534 448 568 quodam
465 533 557 561 Studio
578 533 616 560 tui
640 533 774 565 detinear,
792 534 838 562 sed
853 535 915 569 quia
931 537 960 562 ut
971 534 1035 561 cha-

248 580 356 607 rissimo
371 579 424 606 ﬁlio
439 586 540 606 morem
556 579 603 606 tibi
617 587 711 614 gerere
727 581 862 608 studeam.
875 579 943 607 Cum
959 580 1033 607 enim

248 625 344 653 litteris
361 625 415 652 tuis
437 625 557 660 petieris,
586 629 616 652 ut
632 626 678 652 tibi
707 633 721 652 a
735 626 813 654 nobis
829 626 862 653 ad
887 626 1034 661 perfectam

248 672 332 698 vitam
347 671 495 698 admonitio
515 670 636 705 quaedam
651 672 850 703 conscribatur,
871 679 977 706 aequum
989 679 1034 698 ar-

248 718 264 743 b
277 717 339 744 trati
356 725 461 750 sumus,
480 721 508 745 ut
524 717 575 745 hoc
590 717 661 746 libro
675 723 779 751 nostro,
803 707 853 746 etsi
876 719 941 746 nihil
961 718 1034 746 aliud

250 762 317 789 forte
332 762 466 795 utilitatis,
488 767 605 790 attamen
623 763 688 791 illud
705 764 826 799 profecto
842 771 895 791 non
912 769 1034 791 contem-

248 806 365 834 nendum
387 807 447 838 tibi,
464 815 514 834 nos
531 807 605 842 ipsos
629 815 715 835 saera:
729 808 888 835 obedientizc
900 814 1035 843 propona-

1089 222 1153 248 ματι
1170 213 1217 248 τὴν
1237 214 1354 248 σπουδὴν
1371 213 1423 240 ὑπὸ
1447 213 1599 249 προθυμίας
1626 214 1848 249 ἐπισημαίνοντες
1859 225 1865 231 ·

1086 259 1205 286 τοιοῦτόν
1220 260 1246 286 τί
1264 268 1309 295 μοι
1330 260 1402 287 δοκῶ
1421 259 1467 286 καὶ
1483 259 1562 290 αὐτὸς
1576 260 1664 286 ποιεῖν
1687 260 1734 286 ἐπὶ
1752 261 1808 292 σοῦ,
1823 261 1869 295 φί-

1087 306 1139 332 λων
1161 306 1267 340 μοικαὶ
1292 306 1413 341 ἀδελφῶν
1430 305 1595 340 τιμιώτατε,
1612 305 1652 331 ὅτι
1677 314 1723 332 σου
1746 306 1816 333 κατὰ
1840 307 1869 332 τδ

1087 352 1136 387 τῆς
1149 352 1249 388 ἀρετῆς
1265 352 1371 379 στάδιον
1390 351 1480 383 καλῶς
1502 350 1731 385 ὲναγωνιζομένου
1752 351 1790 387 τῷ
1805 351 1870 386 θείῳ

1086 396 1187 432 δρόμῳ,
1203 397 1250 423 καὶ
1270 397 1337 432 πρὸς
1356 396 1387 422 τὸ
1401 396 1527 432 βραϐεῖον
1540 396 1590 430 τῆς
1611 396 1666 423 ἂνω
1681 396 1803 431 κλήσεως
1819 406 1869 423 πυ-

1087 443 1160 474 κνοῐς
1182 451 1211 469 τε
1236 443 1283 470 καὶ
1306 442 1418 476 κούφοις
1439 441 1641 476 συντεινομένου
1666 442 1721 473 τοῖς
1740 441 1867 476 ἅλμασιν,

1088 487 1222 522 ὑποφωνῶ
1235 495 1265 513 τε
1279 487 1325 513 καὶ
1335 487 1500 518 ὲπισπεύδω,
1510 486 1556 512 καὶ
1567 485 1712 512 ἐπιτείνειν
1722 486 1754 521 τῇ
1769 486 1867 520 σπουδῇ

1086 532 1117 558 τὸ
1132 532 1213 567 τάχος
1236 532 1436 567 διακελεύομαι.
1460 531 1533 558 Ποιῶ
1549 531 1577 557 δὲ
1597 531 1698 563 ταῦτα,
1717 531 1766 557 οὐκ
1780 531 1869 566 ἀλόγῳ

1087 578 1140 605 τινὶ
1155 577 1294 613 προθυμίᾳ
1318 577 1386 613 πρὸς
1407 577 1483 604 τοῦτο
1502 576 1661 612 φερόμενος,
1678 576 1734 602 ἀλλ’
1749 576 1786 607 ὡς
1803 577 1869 610 ἀγα-

1087 623 1166 658 πητῷ
1179 623 1266 658 τέκνῳ
1283 623 1342 650 καθ’
1355 623 1452 658 ἡδονὴν
1466 622 1655 657 χαριζόμενος.
1670 622 1726 656 Τῆς
1737 622 1791 657 γὰρ
1810 623 1870 648 ἐπι-

1088 669 1193 703 στολῆς,
1209 669 1242 703 ἣν
1257 668 1352 704 πρώην
1367 667 1522 703 διεπέμψω,
1534 667 1635 702 ταύτην
1649 667 1869 702 ἀπαγγελλούσης

1086 715 1135 749 τὴν
1151 715 1266 749 αἴτησιν,
1284 714 1314 741 τὸ
1337 714 1462 748 γενέσθαι
1479 713 1520 740 σοί
1538 722 1597 740 τινα
1621 714 1683 748 παρ’
1706 713 1781 748 ἡμῶν
1803 714 1870 740 ὐπο-

1087 760 1174 796 οήκην
1190 761 1228 791 εἰς
1246 760 1290 786 τὸν
1316 760 1416 786 τέλειον
1443 760 1512 794 βίον·
1535 758 1650 794 πρέπειν
1673 758 1765 793 ᾠήθην
1781 766 1870 793 παρα-

1089 807 1177 841 σχεῖν·
1191 806 1254 832 ἄλλο
1270 807 1318 841 μὲν
1337 806 1377 832 σοι
1400 814 1424 832 τι
1444 806 1577 841 χρήσιμον
1592 806 1623 831 ὲκ
1643 804 1696 830 τῶν
1717 804 1870 839 λεγομένων

249 858 308 878 Inus
321 851 483 886 exemplum.
495 851 562 878 Nam
579 852 601 879 si
613 859 664 879 nos
680 852 726 887 qui
742 857 796 878 tam
816 852 962 879 multarum
977 851 1033 879 ani-

1086 852 1150 883 ῐσως
1161 851 1248 883 οῦδὲν,
1260 851 1325 878 αὐτὸ
1341 851 1368 878 δὲ
1387 851 1466 878 τοῦτο
1488 851 1596 881 πάντως
1611 850 1661 876 οὐκ
1678 850 1823 885 ἄχρηστον,
1838 849 1869 875 τὸ

248 903 351 922 marum
368 903 461 922 curam
487 900 516 923 ut
534 901 625 931 patres
647 898 777 932 gerimus,
794 897 939 925 convenire
956 897 1035 924 duxi-

249 949 309 968 mus
321 941 383 968 huic
403 942 548 974 senectuti,
567 946 596 969 ut
609 942 898 977 modeslaejuventutis
910 942 1036 970 mandata

248 987 408 1022 susriperel,
434 988 553 1023 majores
569 988 721 1024 obedientia
737 989 765 1015 in
788 992 814 1016 te
829 988 952 1024 profecto
964 988 1037 1016 vires

250 1033 369 1064 habebit,
382 1041 444 1060 cum
459 1034 492 1061 ad
506 1033 655 1069 parendum
667 1038 761 1061 nostro
773 1035 894 1068 exemplo
906 1034 1036 1068 juventus

249 1082 294 1103 tua
315 1076 396 1104 fuerit
410 1066 527 1105 erudita.
550 1077 602 1104 Sed
621 1066 678 1104 hiet:
706 1066 937 1105 hactenus—Nam
957 1079 1036 1105 nobis

250 1121 302 1149 Deo
331 1122 400 1149 duce
429 1126 456 1149 et
480 1123 590 1156 auspice
616 1122 704 1149 nostri
734 1123 867 1150 sermonis
897 1123 1037 1157 proposito

248 1165 430 1201 incipiendum
449 1169 502 1193 est.
519 1165 624 1193 Petiisti
650 1173 664 1192 a
683 1174 735 1198 me,
757 1166 917 1193 charissime
939 1167 987 1198 lili,
1008 1171 1036 1194 ut

248 1211 296 1238 tibi
324 1219 447 1247 quamam
477 1212 513 1238 sit
534 1211 653 1246 perfecta
674 1212 748 1243 vita,
769 1211 914 1247 diligenter
933 1213 1037 1240 descri-

249 1258 308 1284 bam
331 1266 338 1284 τ
363 1257 436 1292 quod
462 1261 487 1284 te
519 1257 581 1285 ideo
611 1258 679 1285 velle
704 1265 758 1285 non
784 1259 898 1291 dubito,
924 1263 954 1286 ut
974 1266 1036 1286 cum

249 1305 385 1332 inveneris
401 1304 475 1340 quod
498 1304 611 1339 quaeris,
633 1304 665 1330 ad
685 1305 767 1331 vitam
796 1307 869 1331 tuam
892 1305 963 1339 quod
993 1305 1036 1332 in-

249 1350 356 1381 venisti,
376 1349 576 1377 accommodes.
598 1349 653 1384 Ego
668 1357 732 1376 vero
750 1349 804 1376 duo
828 1350 854 1376 in
877 1350 926 1376 hac
952 1357 996 1383 re,
1010 1355 1037 1378 et

252 1396 333 1422 ambo
345 1395 412 1422 mihi
434 1395 536 1430 pariter
550 1394 740 1429 impossibilia,
759 1395 908 1429 conspicio.
925 1395 992 1422 Utru
1005 1403 1036 1422 u-

248 1449 301 1476 que
332 1441 415 1472 enim.
435 1445 462 1468 et
493 1439 687 1475 perfectionem
704 1440 831 1468 videlicet
852 1441 912 1468 vitae
932 1441 1037 1469 ratione

248 1489 413 1521 describere,
431 1493 458 1516 et
473 1489 544 1524 quod
558 1489 662 1516 ratione
679 1489 921 1524 comprehendisti,
938 1489 965 1516 in
979 1489 1032 1516 vita
1046 1509 1068 1538 ο

248 1535 307 1569 ipsa
317 1538 480 1565 monstrare.
494 1542 576 1570 supra
591 1535 662 1562 vires
675 1542 749 1562 meas
759 1542 819 1562 esse
832 1535 908 1562 facile
922 1535 1010 1562 fateor
1023 1544 1030 1563 :

247 1580 347 1615 quippe
361 1580 406 1614 qui
421 1584 511 1615 putem
529 1580 622 1607 multis
645 1580 726 1608 etiam
745 1580 771 1606 in
787 1580 887 1607 virtute
901 1585 1032 1616 praestan-

248 1625 363 1652 tioribus
375 1628 402 1651 et
420 1625 527 1659 magnis
546 1625 656 1651 omnino
682 1625 748 1652 viris
762 1625 881 1652 difﬁcilia
900 1625 955 1653 lure
972 1634 1032 1654 esse

247 1671 334 1703 dictu,
351 1671 406 1698 imo
436 1678 501 1698 vero
527 1670 714 1704 impossibilia.
758 1669 857 1697 Verum
877 1679 911 1698 ne
939 1671 1033 1698 videar

248 1716 284 1743 ibi
296 1716 399 1748 timere,
431 1720 462 1743 ut
479 1715 621 1743 Psalmista
645 1715 681 1742 ait
695 1716 717 1749 ',
738 1715 783 1742 ubi
800 1716 882 1742 timor
907 1724 959 1743 non
980 1719 1048 1749 est,‘

248 1762 358 1797 planum
375 1762 402 1789 id
424 1762 461 1789 ita
482 1761 590 1789 faciam.
616 1761 749 1789 Perfectio
774 1761 802 1788 in
825 1761 952 1789 omnibus
972 1762 1033 1790 aliis

248 1815 308 1843 quae
326 1815 408 1836 sensu
424 1807 620 1842 percipiuntur,
640 1806 763 1834 terminis
783 1806 945 1842 quibusdam
959 1815 1034 1834 com-

247 1853 435 1889 prehenditur,
450 1856 480 1878 ut
499 1852 574 1879 verbi
603 1859 696 1884 causa,
713 1851 740 1878 in
756 1856 858 1886 quanto
875 1855 930 1878 tam
945 1852 1033 1879 conti-

248 1906 304 1926 nuo
323 1905 403 1932 quam
418 1897 546 1925 discreto.
562 1896 656 1924 Omnis
668 1897 740 1924 enim
755 1903 881 1924 mensura
895 1897 1033 1931 quantita-

248 1944 284 1972 tis
297 1942 584 1978 propriisquibusdam
610 1942 733 1969 terminis
759 1943 941 1969 concluditur.
965 1941 1032 1970 Nam

247 1989 294 2024 qui
307 1989 340 2015 ad
366 1987 487 2015 cubitum
512 1987 554 2014 vel
576 1986 715 2014 denarium
738 1987 849 2022 respicit
878 1995 1032 2019 numerant,

247 2041 301 2061 non
318 2037 360 2061 est
371 2033 492 2064 nescius,
504 2031 575 2059 unde
584 2035 730 2066 utrumque
743 2032 859 2059 istorum
878 2033 989 2067 incepit,
1007 2037 1033 2060 et

247 2086 302 2114 quo
317 2078 410 2109 exivit,
426 2076 525 2112 quibus
537 2076 644 2102 illorum
660 2076 722 2103 finis
731 2076 862 2103 habeatur
877 2080 957 2112 atque
973 2085 1034 2112 per-

247 2124 339 2151 fectio.
352 2122 381 2150 ln
392 2123 491 2149 virtute
507 2129 569 2149 vero
585 2121 656 2148 hunc
671 2122 705 2148 ab
716 2122 846 2156 Apestolo
858 2122 1034 2156 perfectionis

1086 897 1210 932 γενέσθαι
1223 898 1263 924 σοὶ
1275 898 1325 932 τῆς
1340 897 1491 928 εὐπειθείας
1502 896 1662 930 ὑπόδειγμα.
1674 896 1704 921 Ei
1714 896 1768 930 γὰρ
1776 896 1867 930 ἡμεῖς,

1086 945 1110 970 οἱ
1133 944 1266 971 τοσούτων
1283 944 1376 979 ψυχῶν
1392 944 1421 970 ὲν
1439 943 1563 977 πατέρων
1586 942 1662 974 τάξει
1685 941 1868 976 προτεταγμέ-

1087 998 1136 1022 νοι,
1151 990 1265 1025 πρέπειν
1282 989 1395 1024 οἰόμεθα
1413 990 1446 1024 τῇ
1470 988 1550 1027 πολιᾷ
1564 987 1659 1022 ταύτῃ,
1677 986 1799 1022 νεότητος
1817 995 1870 1013 σω-

1088 1036 1237 1071 φρονούσης
1252 1035 1390 1070 ἐπίταγμα
1413 1034 1555 1069 δέχεσθαι,
1572 1032 1662 1068 πολλῷ
1682 1031 1780 1067 μᾶλλον
1797 1031 1870 1062 εἰκός

1088 1083 1160 1108 ἔστιν
1177 1083 1205 1108 ὲν
1218 1082 1258 1108 σοι
1277 1081 1459 1116 κρατυνοῆναι
1481 1081 1510 1106 τὸ
1532 1080 1580 1113 τῆς
1603 1078 1758 1110 εὐπειθείας
1775 1078 1871 1113 κατόρ-

1088 1127 1167 1162 Οωμα
1180 1127 1246 1162 πρὸς
1266 1126 1389 1161 ὑπακοὴν
1408 1125 1530 1152 ἑκούσιον
1544 1125 1576 1151 δι’
1596 1125 1674 1160 ἡμῶν
1694 1123 1870 1158 παιδοτριϐη-

1088 1173 1180 1207 Θείσης
1195 1181 1236 1198 σοι
1251 1172 1299 1207 τῆς
1311 1171 1445 1205 νεότητος.
1456 1170 1510 1197 Καὶ
1524 1169 1609 1197 ταῦτα
1623 1170 1671 1204 μὲν
1683 1170 1722 1201 εἰς
1733 1168 1868 1195 τοσοῦτον.

1093 1217 1279 1253 Ἐγχειρητέον
1294 1218 1323 1243 δὲ
1340 1217 1389 1253 ἤδη
1409 1216 1448 1251 τῷ
1462 1215 1632 1251 προκειμένῳ
1643 1236 1649 1248 ,
1665 1215 1730 1241 Θεὸν
1750 1214 1871 1249 καθηγε-

1088 1264 1156 1299 μόνα
1170 1263 1362 1299 ποιησαμένοις
1380 1262 1426 1288 τοῦ
1444 1262 1532 1295 λόγου.
1556 1260 1751 1296 Ἐπεζήτησας,
1764 1258 1786 1287 ὦ
1806 1259 1870 1294 φίλη

1087 1309 1203 1344 κεφαλὴ,
1219 1308 1411 1343 ὑπογραφῆναί
1435 1315 1475 1334 σοι
1492 1308 1556 1342 παρ’
1580 1306 1668 1342 ἡμῶν,
1683 1306 1724 1337 τίς
1740 1306 1754 1332 ό
1770 1305 1870 1336 τέλειός

1085 1354 1144 1380 ἐστι
1159 1353 1225 1388 βίος·
1241 1353 1340 1388 δηλαδὴ
1357 1352 1423 1388 πρὸς
1435 1351 1512 1378 τοῦτο
1527 1351 1642 1386 βλέπων,
1652 1350 1689 1381 ὡς
1702 1351 1779 1385 εἴπερ
1794 1350 1871 1384 εὐρε-

1086 1399 1146 1434 θείη
1162 1399 1201 1433 τῷ
1215 1399 1286 1434 λόγῳ
1301 1398 1331 1425 τὸ
1344 1397 1569 1432 σπουδαζόμενον,
1581 1397 1752 1431 μετενεγκεῖν
1768 1395 1806 1426 εις
1824 1395 1870 1421 τὸν

1087 1445 1151 1471 ῖδιον
1170 1445 1226 1478 βίον
1237 1444 1286 1479 τὴν
1301 1443 1352 1470 ὑπὸ
1366 1443 1412 1470 τοῦ
1422 1443 1502 1477 λόγου
1520 1442 1683 1478 μηνυθεῖσαν
1694 1441 1783 1476 χάριν.
1800 1440 1872 1474 Ἐγὼ

1085 1489 1158 1516 δὲέν
1173 1489 1337 1523 ἀμφοτέροις
1356 1489 1452 1523 ἐπίσης
1468 1487 1614 1523 ἀμηχανῶ·
1628 1487 1658 1513 τό
1679 1495 1708 1512 τε
1722 1487 1775 1520 γὰρ
1794 1494 1872 1521 περι⁹

1084 1535 1173 1561 λαϐεῖν
1189 1534 1259 1568 λόγῳ
1271 1533 1318 1569 τὴν
1334 1533 1500 1568 τελειότητα,
1518 1532 1606 1558 καὶτὸ
1621 1532 1667 1558 ἐπὶ
1684 1531 1730 1558 τοῦ
1748 1531 1804 1566 βίου
1817 1531 1870 1556 δεῖ·

1083 1580 1127 1613 ξαι
1137 1581 1205 1615 ὅπερ
1221 1580 1254 1606 ἂν
1269 1581 1283 1606 ὁ
1297 1579 1374 1614 λόγος
1385 1579 1550 1614 κατανοήσῃ,
1565 1578 1634 1613 ὑπὲρ
1649 1577 1696 1613 τὴν
1711 1577 1778 1612 ἐμὴν
1793 1576 1871 1603 55w-

1085 1635 1130 1662 μιν
1151 1627 1280 1662 ἑκάτερον
1303 1626 1405 1652 τούτοιν
1429 1623 1498 1652 εἷναί
1515 1633 1595 1660 φημι.
1613 1624 1689 1659 Τάχα
1703 1623 1731 1650 δὲ
1755 1624 1804 1649 οὐκ
1817 1623 1872 1656 ἐγὼ

1086 1673 1174 1708 μόνος,
1192 1672 1259 1699 ἀλλὰ
1281 1673 1326 1698 καὶ
1352 1672 1443 1698 πολλοὶ
1461 1672 1515 1698 τῶν
1545 1671 1669 1705 μεγάλων
1684 1679 1714 1696 τε
1738 1669 1785 1696 καὶ
1811 1670 1872 1695 κατ’

1084 1718 1184 1754 ἀρετὴν
1200 1718 1378 1752 προεχόντων,
1397 1716 1642 1752 ἀνέφικτοναὺτοῖς
1657 1713 1727 1742 εἶναι
1741 1715 1770 1741 τὸ
1785 1713 1874 1741 τοιοῦ-

1084 1771 1128 1789 τον
1157 1762 1376 1797 ὁμολογήσουσιν.
1396 1761 1439 1793 Ὠς
1453 1761 1474 1787 δ’
1489 1761 1522 1787 ἂν
1545 1761 1582 1796 μὴ
1606 1759 1721 1794 δοκοίην,
1735 1758 1806 1785 κατὰ
1826 1758 1872 1785 τὸν

1080 1807 1226 1843 Ψαλμῳδὸν
1245 1808 1331 1834 εἰπεῖν
1343 1828 1350 1839 ,
1369 1808 1425 1834 ἐκεῖ
1445 1805 1584 1840 φοϐεῖσθαι
1612 1805 1693 1839 φόϐον
1705 1825 1713 1838 ,
1728 1805 1794 1830 ὅπου
1821 1804 1872 1830 οὐκ

1085 1853 1142 1880 ἐστι
1158 1853 1238 1888 φόϐος
1249 1861 1256 1869 ·
1272 1853 1446 1888 σαφέστερον.
1459 1852 1473 1879 ὃ
1484 1851 1623 1887 βούλομαι,
1637 1851 1804 1886 παραστήσω
1816 1858 1870 1876 σοι.

1090 1899 1121 1926 'H
1135 1899 1269 1934 τελειότης
1286 1899 1331 1925 ἐπὶ
1356 1899 1404 1933 μὲν
1423 1898 1476 1924 τῶν
1498 1897 1585 1924 ἄλλων
1601 1897 1728 1924 ἁπάντων
1739 1916 1745 1927 ,
1762 1896 1812 1922 ὅσα
1836 1896 1871 1931 τῇ

1083 1945 1205 1980 αίσθήσει
1220 1945 1368 1980 μετρεῖται,
1383 1943 1481 1978 πέρασί
1497 1951 1567 1970 τισιν
1583 1942 1745 1979 ὡρισμένοις
1758 1941 1872 1979 διαλαμ-

1085 1991 1204 2022 ϐάνεται,
1218 1986 1272 2016 οἷον
1283 1989 1329 2015 ἐπὶ
1342 1989 1388 2015 τοῦ
1400 1986 1493 2017 ποσοῦ.
1508 1987 1555 2014 τοῦ
1574 1996 1602 2013 τε
1623 1986 1750 2022 συνεχοῦς
1764 1986 1810 2012 καὶ
1823 1985 1870 2011 τοῦ

1084 2035 1271 2071 διωρισμένου.
1291 2035 1347 2061 Πᾶν
1364 2034 1418 2068 γὰρ
1433 2033 1463 2060 τὸ
1477 2035 1505 2060 ὲν
1527 2033 1656 2068 ποσότητι
1676 2032 1781 2067 μέτρον,
1797 2031 1872 2062 ἰδίοις

1083 2081 1154 2107 τισὶν
1168 2081 1241 2116 ὅροις
1266 2079 1477 2115 ἐμπεριέχεται·
1494 2079 1541 2105 καὶ
1554 2078 1568 2104 ὁ
1591 2077 1658 2112 πρὸς
1673 2077 1718 2103 τὸν
1736 2078 1834 2111 πῆχυν,
1853 2076 1870 2111 ἢ

1084 2127 1133 2162 τὴν
1158 2125 1203 2153 τοῦ
1219 2125 1333 2162 ἀριθμοῦ
1355 2125 1453 2152 δεκάδα
1474 2124 1590 2158 βλέπων,
1607 2121 1659 2149 οῐδε
1676 2122 1706 2148 τὸ
1730 2122 1783 2148 ἀπό
1798 2130 1872 2152 τινος

247 2169 392 2197 terminum
419 2175 480 2196 esse
496 2167 657 2198 didicimus,
674 2168 744 2202 quod
760 2167 851 2194 nullus
871 2168 897 2194 in
920 2169 976 2203 ipsa
999 2169 1033 2196 sit

1086 2172 1246 2208 ἀρξάμενον,
1262 2172 1308 2198 καὶ
1334 2172 1373 2202 εἰς
1389 2171 1415 2196 τὶ
1441 2169 1604 2204 καταλῆξαν,
1620 2169 1649 2195 ὲν
1667 2165 1688 2201 ᾧ
1703 2169 1759 2194 ἐστι
1780 2167 1810 2193 τὸ
1825 2167 1871 2192 τέ-

247 2215 380 2242 terminus
395 2223 401 2241 :
417 2213 515 2248 quippe
527 2220 588 2239 cum
599 2213 643 2240 ille
656 2213 713 2247 ipse
723 2212 823 2240 Paulus
832 2213 863 2246 ",
876 2213 1033 2248 vierivinus

247 2267 271 2290 et
288 2266 375 2289 tuente
388 2261 549 2291 altissimus,
566 2268 672 2294 semper
689 2267 719 2286 ac
730 2259 831 2295 jugiter
848 2268 895 2295 per
907 2261 1032 2287 virtutem

247 2314 326 2334 suum
353 2313 464 2333 cursum
489 2305 653 2336 intenderet,
673 2311 723 2332 nec
745 2312 863 2339 unquam
881 2305 914 2332 ad
931 2306 1033 2340 majora

247 2351 429 2378 conscendere
444 2350 590 2384 negligeret
607 2358 614 2376 :
633 2356 686 2376 non
702 2349 774 2376 enim
792 2353 877 2376 tutum
894 2350 930 2376 illi
945 2354 1002 2377 erat
1018 2358 1031 2377 a

247 2404 329 2424 cursu
343 2396 497 2423 desistere:
520 2403 568 2422 cur
590 2395 626 2422 ita
643 2395 654 2421 ?
678 2394 811 2427 Quoniam
835 2403 915 2423 omne
932 2397 1031 2423 bonum

247 2442 304 2476 ipsa
321 2444 428 2473 natura,
445 2448 496 2475 qua
507 2440 607 2468 bonum
624 2444 676 2472 est,
693 2448 748 2468 non
776 2441 856 2468 habet
875 2442 1030 2472 terminum.

247 2488 293 2514 sed
322 2486 454 2514 contrarii
483 2487 685 2521 comparatione
714 2487 887 2518 terminatur,
921 2493 950 2514 ut
978 2489 1030 2515 vita

247 2537 343 2566 morte,
363 2534 407 2560 lux
422 2533 550 2565 tenebris,
565 2537 591 2560 et
606 2533 716 2560 omnino
739 2533 838 2560 bonum
854 2541 934 2560 omne
954 2535 979 2561 in
999 2542 1031 2560 eo

247 2579 356 2610 desinit,
385 2578 456 2614 quod
489 2579 539 2612 ipsi
576 2579 743 2605 contrarium
770 2586 831 2608 esse
859 2579 1027 2612 intelligitur.

247 2622 337 2655 Quare
352 2622 580 2658 quemadmodum
595 2623 657 2650 vita:
671 2623 734 2650 linis
749 2625 844 2650 mortis
861 2624 967 2651 initium
977 2628 1028 2655 est,

245 2670 286 2696 sic
300 2677 398 2696 cursus
422 2667 507 2704 ipsius
524 2668 584 2696 linis
597 2669 642 2704 qui
666 2668 815 2696 secundum
835 2669 960 2696 virtutem
977 2674 1028 2702 est,

247 2714 335 2742 vitiosi
351 2722 449 2741 cursus
467 2714 573 2741 initium
603 2714 752 2743 invenitur.
783 2713 839 2740 Non
860 2715 942 2749 igitur
961 2715 1029 2743 falso

279 2827 289 2842 '
306 2826 378 2854 P521.
394 2833 454 2857 llll,
473 2825 513 2851 lii.
553 2825 573 2840 “
592 2824 706 2860 Philipp.
723 2833 763 2851 ιιι.

1084 2219 1154 2245 λειον
1171 2217 1251 2252 ἔχειν.
1274 2216 1335 2243 Ἐπὶ
1351 2216 1378 2242 δὲ
1401 2215 1450 2250 τῆς
1467 2215 1566 2250 ἀρετῆς
1580 2213 1654 2249 παρὰ
1669 2212 1715 2239 τοῦ
1741 2211 1872 2238 Ἀποστά-

1085 2264 1131 2290 λου
1156 2263 1203 2289 ἕνα
1218 2262 1384 2296 τελειότητος
1399 2261 1460 2295 ὅρον
1477 2259 1623 2294 ἐμάθομεν,
1636 2258 1667 2284 τὺ
1684 2258 1720 2292 μὴ
1735 2257 1806 2292 ἔχειν
1821 2257 1872 2283 αὖ-

1085 2309 1134 2343 τὴν
1149 2309 1221 2343 ὅρον.
1243 2308 1272 2333 ’0
1285 2306 1339 2341 γὰρ
1358 2306 1440 2336 πολὺς
1453 2305 1556 2335 ἐκεῖνος
1573 2304 1620 2330 καὶ
1633 2303 1732 2338 ὑψηλὸς
1745 2302 1792 2337 τὴν
1810 2302 1871 2328 διά-

1085 2364 1168 2384 νοιαν,
1178 2355 1191 2380 ὁ
1200 2354 1268 2384 θεῖος
1282 2352 1449 2383 Ἀπόστολος,
1457 2351 1500 2377 διὰ
1511 2351 1558 2385 τῆς
1565 2349 1663 2384 ἀρετῆς
1675 2349 1786 2384 τρέχων,
1794 2347 1871 2374 οὐδέ-

1085 2408 1150 2426 ποτε
1176 2400 1231 2430 τοῖς
1257 2397 1409 2433 ἔμπροσθεν
1440 2395 1661 2429 ἐπεκτεινόμενος
1687 2393 1872 2428 ἔληξενόὗδὲ

1083 2445 1138 2480 γὰρ
1157 2444 1279 2478 ἀσφαλὴς
1298 2442 1370 2477 αὖτῷ
1384 2440 1417 2477 ἦν
1435 2443 1451 2475 ἠ
1464 2441 1510 2467 τοῦ
1522 2441 1621 2475 δρόμου
1636 2440 1737 2470 στάσις.
1758 2438 1805 2464 Διὰ
1824 2437 1870 2467 τί;

1085 2491 1144 2516 ’Ότι
1162 2490 1214 2515 πᾶν
1227 2488 1327 2522 ἀγαθὸν
1340 2489 1373 2522 τῇ
1388 2486 1484 2513 ἑαυτοῦ
1501 2485 1579 2520 φύσει
1596 2485 1657 2519 ὅρον
1675 2484 1724 2509 οὐκ
1751 2483 1816 2517 ἔχει,
1835 2482 1870 2516 τῇ

1082 2536 1110 2562 δὲ
1127 2535 1172 2561 τοῦ
1189 2534 1309 2561 ἐναντίου
1338 2532 1486 2568 παραθέσει
1506 2530 1642 2566 ὁρίζεται·
1658 2529 1694 2559 ὡς
1710 2529 1725 2562 ὴ
1748 2527 1812 2562 ζωὴ.
1830 2526 1872 2561 τῷ

1084 2581 1204 2615 θανάτῳ·
1221 2579 1267 2606 καὶ
1286 2579 1315 2605 τὸ
1333 2578 1400 2612 φῶς,
1416 2578 1454 2612 τῷ
1468 2577 1572 2603 σκότει·
1588 2575 1634 2601 καὶ
1647 2575 1700 2600 πᾶν
1714 2574 1781 2604 ὅλως
1801 2573 1872 2605 ἅγακ

1084 2626 1129 2652 θον
1145 2627 1182 2657 εἰς
1198 2625 1286 2651 πάντα
1299 2623 1333 2650 τὰ
1350 2625 1405 2654 τοῖς
1426 2621 1536 2656 ἀγαθοῖς
1551 2622 1582 2646 ἐκ
1602 2619 1648 2645 τοῦ
1662 2618 1781 2645 ἐναντίου
1795 2616 1872 2642 νοού-

1086 2680 1164 2706 μενα,
1175 2671 1260 2706 λήγει.
1283 2670 1326 2701 Ὠς
1343 2669 1396 2704 γὰρ
1407 2669 1436 2694 τὸ
1452 2667 1502 2701 τῆς
1519 2666 1589 2701 ζωῆς
1605 2666 1681 2695 τέλος
1700 2664 1770 2699 ἁρχὴ
1789 2663 1872 2689 θανά-

1083 2726 1130 2744 του
1144 2718 1216 2743 ὲστξν
1227 2724 1233 2732 ι
1245 2716 1315 2742 οὓτω
1332 2716 1379 2741 καὶ
1392 2715 1437 2742 τοῦ
1449 2714 1508 2741 κατ’
1519 2713 1619 2748 ἀρετὴν
1631 2712 1733 2747 δρόμου
1749 2711 1766 2744 ἡ
1776 2709 1874 2740 στάσις
