1977 3071
117 87 166 116 501

769 84 810 111 DE
829 83 911 111 VlTA
931 82 1067 111 MOYSIS.

1696 83 1746 110 305

115 145 187 181 ἁρχὴ
202 143 249 170 τοῦ
265 142 334 170 κατὰ
345 142 442 168 κακίαν
461 142 562 176 γίνεται
584 143 693 179 δρόμου.
707 143 810 170 Οὐκοῦν
826 145 856 170 οὑ
872 145 908 171 δι-

962 151 977 170 a
991 142 1071 170 nobis
1097 141 1201 169 diitum
1217 146 1260 170 est
1288 141 1456 176 impossibile
1467 149 1528 182 esse
1551 140 1744 176 perfectionem

116 189 233 225 εψεύσθη
248 190 262 215 ό
276 189 352 222 λόγος
365 189 441 223 ἡμῖν,
451 189 589 224 ἀμήχανον
602 189 648 215 ἐπὶ
657 190 706 224 τῆς
719 190 818 225 ἀρετῆς
837 189 905 217 εἶναι

115 236 164 271 τὴν
172 235 221 269 τῆς
232 234 400 269 τελειότητος
412 234 557 270 περίληψιν
565 234 650 268 λέγων
661 244 667 249 ο
680 236 785 271 ἐδείχθη
795 236 858 270 γοῦν
867 237 906 263 ὅτι

115 281 145 307 τὸ
160 280 410 316 διαλαμϐανόμενον
433 280 558 316 πέρασιν,
575 281 660 316 ἀρετὴ
671 282 721 308 οὐκ
734 281 818 309 ἔστιν.

157 326 234 352 Ἐπεὶ
249 325 278 352 δὲ
294 326 341 352 καὶ
359 327 415 357 τοῖς
434 325 556 360 μετιοῦσι
579 326 624 352 τὸν
645 327 705 353 κατ’
719 327 819 362 ἀρετὴν
840 327 906 362 βίον,

116 371 244 399 ἀδύνατον
255 370 322 398 εἶναι
337 369 412 398 εἷπον
426 371 457 397 τὺ
469 371 595 406 ἐπιϐῆναι
611 372 660 407 τῆς
675 372 847 407 τελειότητος·
862 372 906 399 οὖ-

115 427 169 450 τως
182 418 195 444 6
206 417 284 452 λόγος
292 417 411 452 καὶπερὶ
421 417 516 443 τούτου
531 417 772 452 σαφηνισθήσεται.
783 418 819 444 Τὸ
834 418 908 453 πρώ-

116 472 168 495 τως
181 464 229 490 καὶ
242 462 345 497 κυρίως
363 462 473 496 ἀγαθὸν,
494 459 524 490 οὗ
538 463 554 498 ἡ
576 462 656 498 φύσις
672 463 806 498 ἀγαθότης
822 464 906 495 ἐστὶν,

116 508 182 536 αὐτὸ
191 508 220 535 τὸ
226 506 313 542 Θεῖον,
322 508 336 534 ὃ
346 508 372 534 τί
380 516 445 534 ποτε
455 509 487 542 τῇ
498 507 576 542 φύσει
586 509 695 539 νοεῖται,
705 508 784 534 τοῦτο
793 508 838 535 καὶ
850 507 906 534 ἔστι

117 555 164 581 καὶ
177 553 348 588 ὀνομάζεται.
373 552 448 579 Ἐπεὶ
461 551 507 580 οὖν
519 553 606 584 οὐδεὶς
629 553 730 588 ἀρετῆς
744 553 816 589 ὅρος,
838 553 907 588 πλὴν

117 600 226 632 κακίας,
233 599 350 635 ἐδείχθη,
357 599 544 634 ἀπαράδεκτον
553 598 581 625 δὲ
589 598 636 625 τοῦ
648 598 768 625 ἐναντίου
780 599 811 625 τὸ
819 599 905 632 Θεῖον-

116 647 241 683 ἀόριστος
251 645 304 681 ἄρα
316 646 362 672 καὶ
376 645 553 680 ἀπεράτωτος
567 646 584 680 ἡ
599 645 659 671 θεία
672 644 752 679 φύσις
768 645 908 680 καταλαμ-

116 692 236 718 ϐάνεται.
257 689 336 716 Ἀλλὰ
348 689 406 725 μὴν
425 691 438 716 ὁ
454 689 503 724 τὴν
519 689 607 724 ἀληθῆ
622 688 722 724 μετιὼν
737 689 848 724 ἀρετὴν,
862 689 907 715 οὺ-

116 737 159 764 δὲν
171 737 263 772 ἕτερον
279 735 376 770 ῆΘεοῦ
393 735 501 770 μετέχει
514 744 520 749 ·
534 734 598 761 δῖότι
616 734 696 766 αὑτός
715 736 788 760 ἐστιν
807 735 823 769 ἡ
840 743 908 762 παν-

116 782 194 818 τελὴς
208 781 302 817 ἀρετή.
327 781 403 807 Ἐπεὶ
418 779 464 806 οὖν
477 780 506 807 τὺ
522 781 554 815 τῇ
569 780 648 815 φύσει
665 780 757 811 καλὸν,
772 780 907 816 ἐπιθυμη-

116 828 161 854 τδν
174 829 212 860 είς
227 827 371 863 μετουσίαν
381 827 488 859 πάντως
503 827 561 853 ἐστι
576 828 629 858 τοῖς
641 826 814 860 γινώσκουσι,
829 827 908 854 τοῦτο

116 873 146 901 δὲ
161 874 223 909 ὅρον
240 873 289 899 οὐκ
313 872 387 908 ἔχει·
413 872 568 906 ἀναγκαίως
585 873 631 899 καὶ
652 874 668 908 ἡ
682 872 729 899 τοῦ
751 873 908 908 μετέχοντος

117 919 250 955 ἐπιθυμία
263 919 301 953 τῷ
315 918 432 954 ἀορίστῳ
453 918 728 953 συμπαρατείνουσα,
746 918 839 945 στάσιν
860 919 910 945 οὐκ

117 966 182 1001 ἔχει.
213 965 317 992 Οὐκοῦν
338 965 439 1000 ἄπορόν
468 965 526 991 ὲστι
552 965 708 992 παντάπασι
737 964 783 991 τοῦ
805 964 908 994 τελείου

117 1011 223 1045 τυχεῖν·
249 1010 313 1037 διότι
338 1011 355 1045 ἡ
373 1010 519 1046 τελειότης,
534 1009 625 1042 καθὼς
648 1011 764 1046 εἴρηται,
785 1012 858 1046 ὅροις
879 1010 908 1036 οὐ

116 1055 328 1091 διαλαμϐάνεται
346 1064 352 1070 ·
381 1055 431 1090 τῆς
454 1055 483 1082 δὲ
507 1056 606 1090 ἀρετῆς
630 1052 670 1087 εἷς
696 1056 757 1091 ὄρος
781 1055 849 1086 ἐστὶ,
881 1055 909 1081 τὸ

117 1101 251 1136 ἀόριστον.
277 1101 339 1133 Ηῶς
363 1098 410 1127 οὖν
434 1100 466 1128 ἄν
485 1109 526 1132 τις
547 1100 641 1128 ἐπι-τὸ
662 1100 825 1135 ζητούμενον
842 1099 909 1134 φθά-

118 1155 174 1174 σειε
194 1147 298 1182 πέρας,
322 1147 372 1182 οὐχ
389 1147 524 1182 εὑρίσκων
540 1146 569 1172 τὸ
588 1146 690 1181 πέραςς
708 1146 746 1172 Οὐ
764 1146 816 1181 μὴν
832 1146 907 1171 ἐπει-

117 1192 149 1227 δὴ
172 1192 285 1219 καθόλου
306 1192 335 1218 τὸ
359 1192 523 1226 ζητούμενον
541 1191 660 1226 ἄληπτον
675 1193 688 1217 ο
704 1191 782 1225 λόγος
803 1191 909 1217 ὑπέδει-

118 1237 179 1271 ξεν,
195 1237 344 1273 ἀμελητέον
359 1237 392 1264 ἂν
409 1237 453 1272 εἴη
473 1237 522 1272 τῆς
543 1237 654 1272 ἐντολῆς
673 1237 719 1264 τοῦ
744 1237 862 1272 Κυρίου,
890 1237 907 1272 ἤ

118 1292 185 1318 φησι
197 1292 203 1298 ”
231 1294 239 1309 ι
251 1283 360 1311 Γίνεσθε
381 1283 488 1315 τέλειοι,
507 1284 544 1315 ὡς
569 1284 583 1310 ὁ
600 1284 693 1318 Πατὴρ
707 1282 783 1318 ὑμῶν
797 1284 811 1309 ὁ
828 1283 908 1318 οὐρά-

117 1338 173 1361 νιος
185 1329 286 1361 τέλειός
301 1330 383 1356 ἐστιν.
397 1338 406 1355 ι
431 1328 493 1355 Ἐπὶ
509 1329 563 1365 γὰρ
579 1329 632 1356 τῶν
646 1329 725 1363 φύσει
740 1328 839 1361 καλῶν,
857 1328 907 1355 κᾶν

119 1375 157 1410 μὴ
175 1374 222 1402 τοῦ
240 1374 340 1406 παντὸς
354 1375 444 1409 τυχεῖν
459 1374 569 1400 δυνατὸν
585 1373 614 1411 ᾖ,
637 1374 667 1400 τὺ
684 1374 731 1401 καὶ
747 1374 784 1409 μὴ
799 1373 844 1400 τοῦ
860 1373 908 1408 μέ-

120 1428 183 1455 ρους
209 1421 364 1455 ἀποτυχεῖν,
387 1419 484 1455 κέρδος
505 1419 537 1446 ἂν
564 1419 606 1454 εἴη
631 1419 701 1454 μέγα
723 1420 778 1450 τοῖς
795 1427 826 1453 γε
846 1418 907 1445 νοῦν

118 1465 220 1500 ἔχουσι.
233 1466 326 1492 Πᾶσαν
336 1464 595 1491 τοίνυνὲπιδεικτέον
609 1464 736 1500 σπουδὴν,
755 1464 793 1499 μὴ
809 1473 907 1490 παντε-

959 195 991 215 ac
1007 188 1086 214 tinent
1111 186 1220 214 virtutis
1247 187 1476 221 comprehendere
1496 195 1503 213 :
1529 186 1745 214 demonstratum

958 233 1029 260 enim
1046 232 1101 267 jam
1117 236 1168 264 est,
1192 232 1264 267 quod
1287 232 1371 261 nullis
1382 233 1468 260 virtus
1482 233 1606 261 terminis
1622 233 1746 260 contine-

960 281 1015 305 tur.

993 322 1070 350 Nunc
1095 327 1185 351 autem
1218 323 1333 351 alterum
1353 325 1445 356 etiam,
1471 324 1543 359 quod
1563 325 1669 352 scilicet
1688 325 1746 351 im-

959 369 1089 404 possibile
1112 369 1148 396 sit
1166 369 1217 401 eis,
1246 370 1370 405 quicum
1386 370 1488 397 virtute
1508 371 1613 403 vivunt,
1633 371 1666 398 ad
1685 378 1746 405 per-

959 415 1103 442 fectionem
1129 415 1265 450 ﬁnemque
1288 417 1399 444 virtutis
1424 416 1576 451 pervenire,
1599 417 1678 444 nobis
1698 424 1746 443 ex-

958 461 1125 496 planandum
1142 461 1260 489 videtur.
1280 461 1401 489 Primum
1420 462 1504 496 igitur
1519 469 1550 488 ac
1570 462 1680 496 proprie
1694 462 1745 489 bo-

958 515 1036 538 num,
1062 507 1144 542 cujus
1158 511 1257 534 natura
1282 507 1389 535 bonitas
1404 511 1457 540 est,
1475 507 1556 540 Deus,
1584 507 1656 539 dico,
1675 507 1744 542 ipse,

958 553 1143 588 quodcunque
1168 558 1267 580 natura
1290 560 1350 580 esse
1375 553 1546 588 intelligitur.
1575 553 1693 588 idipsum
1719 559 1749 580 et

957 603 1010 630 est.
1037 603 1065 626 et
1091 603 1284 634 nuncupatur:
1313 607 1373 634 qum
1396 599 1505 634 quidem
1531 599 1621 626 divina
1649 603 1746 626 natura

959 644 1102 678 (quoniam
1121 645 1215 672 nullus
1241 645 1351 672 virtutis
1372 645 1505 672 terminus
1528 649 1626 680 praeter
1651 645 1746 672 vitium

958 694 1009 722 est,
1029 695 1059 717 ut
1079 689 1136 725 jam
1162 690 1316 718 rationibus
1338 690 1586 725 comprobavimus,
1612 690 1747 718 Dii-initas

958 736 1029 762 enim
1045 737 1210 763 contrarium
1229 736 1367 771 suscipere
1382 744 1435 763 non
1453 739 1551 771 potest)
1571 737 1746 763 interminata

958 785 999 809 est
1014 789 1046 809 ac
1059 781 1176 809 infinita.
1197 782 1231 809 At
1247 783 1311 809 Vero
1323 784 1368 817 qui
1383 791 1438 809 non
1460 783 1597 815 simulate,
1619 783 1666 810 sed
1685 790 1747 810 vere.

958 828 1087 854 virtutem
1113 828 1249 862 sequitur,
1278 828 1342 860 Deo,
1361 828 1406 863 qui
1433 828 1554 862 perfecta
1578 829 1667 856 virtus
1693 833 1745 860 cst,

935 856 1168 908 3participatione
1193 873 1379 908 coniungitur.
1404 872 1476 901 Deus
1492 879 1581 901 autem
1597 875 1746 901 terminum

960 927 1014 946 non
1040 919 1131 946 habet.
1149 918 1240 952 Quare
1263 926 1325 946 cum
1346 919 1406 953 ejus
1431 920 1503 954 quod
1525 923 1623 946 natura
1643 920 1745 946 bonum

959 971 1011 997 est,
1035 965 1147 992 omnino
1170 965 1318 1000 participes
1331 973 1393 993 esse
1416 965 1582 998 desiderent,
1607 966 1653 1000 qui
1675 966 1743 992 illud

959 1014 1110 1040 noverunt.
1134 1018 1248 1038 necesse
1263 1015 1315 1042 est,
1341 1011 1530 1046 participantis
1546 1019 1655 1046 quoque
1672 1011 1746 1038 desi-

959 1056 1076 1087 derium,
1089 1064 1150 1083 cum
1161 1056 1194 1082 ad
1206 1056 1411 1084 interminatum
1423 1057 1614 1093 infinitumque
1625 1059 1745 1093 seipsum

958 1100 1096 1133 extendat,
1107 1101 1212 1128 nullum
1220 1101 1317 1128 habeat
1335 1102 1448 1135 exitum,
1473 1110 1527 1136 quo
1534 1110 1642 1130 cessare
1649 1103 1745 1137 possit.

959 1146 1032 1178 Quas
1047 1146 1082 1173 ob
1101 1154 1148 1174 res
1158 1146 1182 1174 si
1204 1146 1288 1173 nullis
1308 1147 1369 1173 vitae
1387 1148 1520 1182 perfectio
1536 1148 1661 1175 terminis
1678 1155 1746 1175 cou-

958 1192 1070 1224 tiuetur,
1088 1192 1110 1219 si
1126 1191 1236 1219 virtutis
1250 1192 1277 1218 id
1293 1192 1382 1226 ipsum
1396 1194 1529 1220 terminus
1541 1197 1592 1225 est,
1613 1194 1685 1228 quod
1704 1193 1746 1220 in-

958 1238 1103 1265 terminata
1116 1237 1161 1269 sit,
1175 1237 1343 1272 impossibile
1355 1238 1466 1265 omnino
1481 1244 1533 1271 est,
1551 1239 1587 1265 ita
1600 1239 1746 1274 perfectio-

958 1292 1020 1311 nem
1040 1284 1111 1311 hanc
1125 1288 1173 1311 aut
1195 1292 1224 1311 re
1238 1284 1383 1319 consequi,
1407 1289 1454 1312 aut
1468 1285 1559 1313 verbis
1576 1286 1697 1320 assequi,
1717 1290 1747 1312 ut

958 1329 991 1356 ad
1008 1329 1105 1356 altiora
1136 1329 1208 1357 ullus
1236 1337 1368 1357 ascensus
1400 1330 1580 1365 relinquatur.
1604 1330 1746 1363 Quomodo

959 1375 1042 1410 igitur
1057 1375 1091 1402 ad
1121 1375 1203 1402 ﬁnem
1221 1375 1366 1410 quasitum
1399 1376 1534 1410 quispiam
1564 1380 1746 1411 perventurus

957 1425 1007 1452 est,
1025 1428 1086 1448 cum
1101 1420 1163 1448 ﬁnis
1178 1421 1269 1448 nullus
1282 1421 1462 1448 inveniatur?
1481 1421 1538 1449 Non
1555 1427 1657 1454 tamen,
1675 1430 1746 1457 quo-

957 1467 1030 1493 niam
1063 1466 1136 1501 quod
1156 1467 1288 1502 quaeritur
1313 1467 1414 1494 exitum
1441 1475 1495 1494 non
1525 1468 1615 1500 habet,
1644 1468 1747 1496 ideirco

117 1510 171 1543 λῶς
186 1512 312 1537 ἐκπεσεῖν
325 1510 375 1546 τῆς
393 1510 568 1546 ἐνδεχομένης
583 1510 749 1545 τελειότητος
759 1519 765 1526 ⁸
779 1509 847 1536 ἀλλὰ
862 1518 906 1536 το-

960 1517 1122 1548 pneceptum
1138 1513 1204 1540 illud
1216 1513 1324 1540 Domini
1340 1514 1543 1549 negligendum,
1561 1522 1615 1549 quo
1627 1515 1745 1542 dicitur:

119 1557 213 1584 σοῠτον
228 1557 275 1583 ἀπ’
285 1556 371 1592 αὐτῆς
384 1557 546 1592 κτήσασθαι,
564 1557 625 1583 ὅσον
635 1556 666 1582 ἂν
680 1556 743 1582 ἰδεῖν
755 1556 802 1582 τοῦ
813 1556 908 1591 ζητου-

120 1602 199 1637 μένου
213 1602 390 1637 χωρήσωμεν.
408 1601 484 1636 Τάχα
503 1601 556 1636 γὰρ
569 1601 600 1627 τὸ
613 1600 699 1632 οὕτως
715 1600 796 1635 ἔχειν,
811 1601 848 1632 ὡς
866 1600 909 1626 ἀεὶ

118 1647 206 1674 θέλειν
218 1648 247 1673 ὲν
260 1646 300 1682 τῷ
313 1647 388 1682 καλῷ
402 1647 432 1673 τὺ
449 1647 529 1674 πλέον
544 1647 625 1682 ἔχειν,
642 1648 658 1683 ἡ
673 1647 723 1682 τῆς
737 1647 908 1683 ἀνθρωπίνης

118 1693 225 1728 φύσεως
240 1693 375 1728 τελειότης
392 1693 460 1721 ἐστί.
487 1694 565 1719 Δοκεῖ
582 1693 609 1720 δέ
627 1702 670 1728 μοι
686 1693 775 1726 καλῶς
789 1694 860 1729 ἔχειν
875 1695 908 1730 τῇ

120 1738 214 1774 Γραφῇ
230 1739 295 1773 περὶ
317 1738 412 1765 τούτου
430 1738 573 1773 συμϐούλῳ
591 1738 753 1773 χρήσασθαι.
775 1739 842 1773 Φησὶ
855 1739 909 1774 γάρ

119 1792 172 1809 που
184 1783 228 1810 διὰ
241 1783 290 1818 τῆς
307 1782 419 1809 Ἡσαΐου
433 1783 600 1818 προφητείας
615 1785 631 1818 ή
648 1783 707 1809 θεία
720 1784 808 1818 φωνή·
820 1795 827 1809 ι
845 1785 909 1819 Ἐμ-

119 1828 235 1863 mem
254 1829 293 1860 είς
308 1828 433 1864 Ἀϐραὰμ
444 1828 489 1854 τὸν
505 1828 611 1862 πατέρα
623 1829 711 1864 ὑμῶν,
729 1830 775 1855 καὶ
791 1830 830 1860 εἰς
839 1829 909 1865 Σάρε

120 1876 170 1910 ραν
178 1874 226 1909 τὴν
239 1874 387 1900 ὠδίνουσαν
399 1874 480 1909 ὑμᾶς.
489 1884 497 1899 ι
510 1873 601 1900 Ταῦτα
617 1874 672 1909 γὰρ
686 1874 794 1905 πάντως
808 1876 822 1900 ὁ
832 1874 910 1908 λόγος

120 1921 176 1951 τοῖς
195 1919 247 1952 ἔξω
260 1919 310 1953 τῆς
325 1919 424 1955 ἀρετῆς
439 1919 624 1955 πλανωμένοις
641 1920 838 1952 διακελεύεται,
855 1920 908 1953 ἵνα,

123 1965 248 2000 καθάπερ
261 1966 285 1991 ot
300 1966 328 1991 ὲν
339 1964 450 1999 πελάγει
466 1966 515 2001 τῆς
529 1966 636 1998 εὐθείας
651 1965 698 1992 τοῦ
715 1966 823 2000 λιμένος
837 1975 908 2002 παρ-

120 2010 286 2046 ενεχθέντες,
303 2010 372 2037 κατὰ
390 2011 419 2037 τὸ
436 2011 519 2045 φανὲν
539 2013 650 2046 σημεῖον
664 2011 714 2046 τῆς
727 2011 831 2047 πλάνης
847 2013 909 2038 ἑαυ-

120 2057 182 2088 τοὺς
194 2056 385 2090 ἐπανάγουσιν,
400 2056 416 2092 ἢ
436 2056 538 2092 πυρσὸν
559 2057 658 2089 ἰδόντες
671 2057 725 2084 ἀπὸ
739 2057 821 2091 ὕψους
833 2058 909 2092 αἰρό-

123 2110 220 2136 μενον,
241 2101 258 2137 ἢ
283 2102 404 2137 κορυφήν
427 2110 498 2133 τινος
529 2102 684 2137 ἀκρωρείας
709 2103 908 2136 ἀναφανεῖσαν,

121 2146 166 2173 τὸν
184 2146 265 2173 αὑτὸν
287 2147 386 2182 τρόπον
404 2147 468 2179 τοὺς
481 2147 659 2183 ἀκυϐερνήτῳ
676 2149 708 2183 τῇ
721 2147 825 2183 διανοίᾳ
839 2148 910 2174 κατὰ

964 1567 972 1583 ι
982 1557 1097 1586 Perfecti
1108 1561 1205 1590 estote,
1231 1559 1301 1586 sicut
1313 1562 1340 1586 et
1360 1559 1440 1587 Pater
1452 1567 1542 1588 vester
1552 1561 1673 1587 rmlestis
1687 1569 1748 1595 per-

961 1603 1047 1630 fectus
1063 1608 1105 1631 est
1118 1605 1166 1630 η.»
1185 1603 1253 1631 Nam
1275 1605 1327 1632 etsi
1345 1609 1431 1632 totum
1456 1606 1587 1640 consequi
1615 1614 1746 1641 nequeas,

960 1653 1052 1677 tamen
1077 1650 1104 1676 in
1123 1650 1203 1677 rebus
1221 1651 1360 1681 omnibus.
1387 1659 1445 1684 quae
1471 1656 1567 1677 natura
1580 1651 1658 1678 bonae
1672 1655 1746 1682 sunt.

960 1701 1015 1721 non
1030 1702 1144 1729 parvum
1166 1699 1209 1722 est
1223 1695 1328 1722 lucrum
1352 1695 1415 1729 (nisi
1433 1696 1562 1730 desipias)
1583 1697 1623 1723 vel
1641 1701 1747 1731 partem

960 1747 1053 1767 earum
1081 1739 1200 1775 aliquam
1225 1741 1368 1775 consequi.
1395 1740 1481 1768 Omne
1507 1742 1590 1776 igitur
1612 1743 1746 1773 studium.

960 1792 1067 1812 omnem
1085 1792 1190 1818 curam,
1217 1785 1387 1820 diligentiam
1413 1785 1529 1820 denique
1543 1794 1651 1814 onmem
1667 1786 1746 1813 adhi-

959 1830 1084 1862 beamus,
1102 1838 1135 1857 ne
1155 1831 1189 1857 ab
1201 1837 1230 1857 ea
1246 1830 1412 1865 perfectione
1424 1832 1594 1863 decidamus,
1613 1832 1646 1858 ad
1663 1840 1746 1867 quam

960 1877 1102 1912 pervenire
1115 1876 1247 1911 possibile
1259 1877 1294 1904 sit
1307 1886 1313 1903 :
1332 1880 1493 1911 tantumque
1507 1878 1592 1912 ipsius
1606 1879 1748 1913 possidea-

960 1930 1032 1954 mus,
1057 1926 1188 1956 quantum
1205 1930 1302 1957 capere
1320 1930 1478 1958 possumus.
1498 1924 1537 1950 Ita
1561 1924 1634 1951 enim
1652 1932 1682 1952 se
1699 1924 1748 1951 ha-

961 1968 1036 1999 bere,
1053 1972 1082 1994 ut
1095 1967 1127 1994 ad
1144 1968 1272 1995 ulteriora
1291 1976 1398 2003 semper
1414 1969 1440 1995 in
1457 1969 1557 1996 virtute
1572 1976 1603 1996 ac
1615 1969 1688 1996 bono
1704 1977 1748 1996 ve-

960 2013 994 2040 lis
1017 2013 1173 2045 ascendere,
1205 2013 1231 2040 id
1258 2013 1346 2048 ipsum
1375 2014 1465 2041 forsan
1488 2015 1615 2041 humanae
1643 2018 1749 2042 natura:

960 2058 1091 2093 perfectio
1105 2062 1156 2085 cst.
1174 2057 1227 2086 Sed
1244 2064 1318 2086 recte
1332 2058 1373 2094 (ut
1388 2060 1452 2086 mihi
1465 2060 1585 2094 videtur)
1600 2060 1747 2092 faciemus,

961 2104 984 2131 si
1002 2104 1051 2131 hac
1071 2109 1165 2131 nostra
1179 2105 1206 2131 in
1219 2105 1370 2139 qumstione
1382 2113 1466 2132 sacra:
1478 2105 1626 2140 Scriptura!
1639 2110 1749 2132 utamur

962 2150 1087 2176 consilio.
1098 2149 1150 2176 Per
1163 2150 1322 2185 prophetam
1333 2151 1417 2185 igitur
1427 2150 1523 2178 Isaiam
1538 2151 1628 2178 divina
1638 2159 1688 2178 vox
1697 2152 1749 2177 cla-

121 2191 169 2226 τὴν
184 2191 231 2218 τοῦ
250 2192 306 2227 βίου
329 2192 466 2219 θάλασσαν
489 2193 690 2228 πλανωμένους,
707 2193 746 2228 τῷ
769 2194 840 2220 κατά
861 2195 908 2228 τὴν

963 2199 1017 2220 mat
1030 2203 1036 2220 :
1061 2205 1070 2219 ι
1081 2194 1215 2229 Respicite
1228 2195 1254 2221 in
1270 2195 1405 2222 Abraham
1417 2200 1519 2231 patrem
1531 2200 1663 2228 vestrum,
1677 2201 1703 2223 et
1721 2197 1748 2224 in

123 2238 229 2273 Σάρῥαν
245 2238 290 2264 καὶ
311 2238 436 2273 Ἀὄραὰμ
458 2238 636 2274 ὑποδείγματι
659 2239 739 2265 πάλιν
759 2238 909 2274 κατευθύνῃ

123 2284 190 2320 πρὸς
202 2284 247 2310 τὸν
269 2284 366 2319 λιμένα
387 2284 433 2311 τοῦ
449 2285 522 2311 θείου
541 2285 703 2320 θελήματος.
733 2285 841 2319 Ἐπειδὴ
857 2285 911 2320 γὰρ

123 2330 190 2365 πρὸς
210 2330 241 2356 τὸ
257 2330 323 2364 θῆλύ
338 2339 368 2357 τε
385 2331 432 2357 καὶ
443 2330 528 2366 ἄρρεν
544 2332 559 2366 ἡ
573 2331 732 2366 ἀνθρωπίνη
749 2331 911 2367 μεμέρισται

124 2376 213 2410 φύσις,
237 2376 284 2402 καὶ
299 2376 464 2412 ἀμφοτέροις
481 2377 577 2411 ἐπίσης
592 2378 652 2403 κατ’
676 2376 800 2409 ἐξουσίαν
816 2378 831 2412 ἡ
845 2377 912 2412 πρὸς

125 2421 224 2458 ἀρετὴν
240 2422 287 2448 καὶ
302 2422 399 2449 κακίαν
408 2423 511 2458 αἵρεσις
523 2423 665 2458 πρόκειται
678 2432 683 2437 ·
700 2423 743 2449 διὰ
760 2423 837 2449 τοῦτο
850 2424 914 2450 ἑκα-

126 2467 196 2503 τέρῳ
214 2468 338 2504 τμήματι
355 2469 386 2494 τὸ
403 2468 569 2504 κατάλληλον
585 2470 636 2504 τῆς
648 2470 749 2504 ἀρετῆς
763 2470 914 2504 ὑπόδειγμα

127 2514 200 2549 παρὰ
210 2515 258 2550 τῆς
274 2514 348 2546 θείας
364 2514 520 2550 προεδείχθη
538 2515 640 2550 φωνῆς,
661 2516 703 2542 ἵνα
718 2516 784 2550 πρὸς
799 2516 828 2541 τὺ
851 2524 915 2549 συγ-

126 2560 202 2593 γενὲς
218 2560 341 2596 ἑκάτεροι
362 2560 516 2594 βλέποντες,
538 2560 605 2596 πρὸς
629 2561 678 2595 μὲν
689 2562 734 2587 τὸν
755 2561 877 2596 ’Λὸραὰμ
889 2562 913 2587 οἶ

126 2604 231 2640 ἄνδρες,
248 2606 315 2641 πρὸς
332 2606 359 2632 δὲ
375 2606 423 2639 τὴν
438 2606 546 2641 Σάρραν
560 2607 590 2632 τὸ
604 2607 697 2642 ἕτερον
716 2607 806 2642 μέρος,
823 2607 913 2642 ἀμφό-

126 2659 199 2686 τεροι
213 2651 257 2677 διὰ
279 2651 333 2677 τῶν
355 2652 463 2678 οἰκείων
484 2652 688 2687 ὑποδειγμάτιιιν
709 2653 773 2688 πρὺς
790 2653 835 2679 τὸν
852 2654 911 2679 κατ’

127 2695 227 2731 ἀρετὴν
240 2695 295 2728 βίον
309 2695 495 2723 διευθύνοιντο.
521 2698 599 2728 Ἴσως
613 2697 635 2724 δ’
657 2698 690 2724 ἂν
700 2698 788 2724 τοίνυν
801 2698 913 2742 ἐξαρκέ-

166 2794 185 2810 ¹⁵
207 2794 298 2821 “fallit,
319 2803 344 2824 ιλ,
361 2796 403 2820 ιίέιὲ,
447 2796 466 2810 ²¹
485 2795 533 2821 ἷιμι,
554 2797 630 2826 Ι,1,“2.

962 2239 1057 2266 Saram
1067 2248 1127 2274 qua!
1136 2247 1182 2267 vos
1193 2242 1297 2275 peperit
1310 2243 1340 2270 ".
1349 2252 1357 2266 ι
1377 2242 1438 2270 llaec
1446 2242 1518 2270 enim
1527 2243 1635 2270 divinus
1647 2251 1747 2274 sermo,

962 2293 1016 2311 non
1027 2285 1059 2312 iis
1069 2287 1115 2320 qui
1127 2286 1153 2312 in
1165 2286 1263 2314 virtute
1273 2292 1443 2321 permanent,
1454 2289 1500 2315 sed
1518 2289 1551 2316 iis
1563 2290 1608 2323 qui
1624 2296 1638 2315 a
1650 2289 1749 2317 virtute

963 2330 1101 2360 aberrant.
1112 2331 1242 2365 prmcipit.
1253 2330 1286 2357 Ut
1294 2333 1521 2366 quemadmodum
1531 2333 1576 2368 qui
1588 2337 1749 2369 tempestate

963 2382 995 2402 ac
1006 2375 1030 2401 vi
1043 2380 1185 2403 ventorum
1197 2377 1275 2412 longe
1285 2385 1299 2404 a
1312 2382 1384 2406 recta
1401 2379 1581 2414 navigationis
1590 2387 1646 2407 suae
1661 2380 1703 2407 via
1722 2381 1748 2407 in

964 2422 1074 2457 pelagus
1083 2423 1170 2450 exacti
1182 2424 1285 2455 sunt,si
1293 2425 1333 2451 vel
1343 2425 1442 2460 ignem,
1453 2425 1494 2452 vel
1505 2433 1635 2453 cacumen
1648 2426 1749 2453 montis

965 2469 1168 2503 prospexerint,
1196 2469 1275 2497 facile
1298 2478 1327 2498 se
1354 2471 1387 2497 ab
1402 2479 1496 2498 errore
1518 2472 1544 2498 iu
1561 2476 1647 2499 tutum
1669 2473 1748 2499 redu-

965 2518 1029 2541 cunt
1042 2524 1048 2541 :
1061 2515 1266 2550 siequicunque
1288 2515 1370 2550 hujus
1385 2517 1445 2544 vita:
1462 2517 1588 2544 fluctibus
1614 2518 1748 2552 oppressi.

967 2568 981 2586 a
995 2561 1094 2587 virtute
1108 2562 1247 2593 aberrant,
1261 2563 1385 2596 exernplo
1399 2563 1511 2590 Abrahae
1524 2571 1555 2590 nc
1571 2563 1654 2596 Sane,
1671 2563 1749 2598 quasi

967 2607 1084 2641 qundam
1100 2608 1296 2642 gubernaculo.
1310 2609 1342 2635 ad
1363 2609 1461 2637 divina:
1477 2611 1623 2637 voluntatis
1643 2614 1749 2643 portum

963 2657 1140 2679 revocantur.
1167 2653 1205 2680 Ac
1231 2653 1293 2680 ideo
1309 2655 1436 2688 qmniam
1457 2655 1483 2681 in
1504 2655 1653 2680 masrulnm
1671 2660 1694 2680 et
1712 2655 1749 2679 ti—

966 2698 1067 2725 minam
1086 2703 1182 2725 natura
1202 2699 1319 2726 humana
1338 2701 1425 2726 (ὶιινίκξι
1442 2706 1492 2734 νει,
1516 2705 1540 2726 et
1557 2701 1664 2734 uirique
1679 2700 1751 2734 pmi-
