1977 3071
222 99 276 128 5οό

843 96 870 124 S.
891 97 1054 124 GllECOBIl
1073 97 1216 124 NYSSENI

1795 95 1851 124 ελι

222 161 264 183 ter
283 155 366 182 libera
395 157 450 182 tam
472 154 504 181 ad
523 155 661 186 virtutem,
686 162 765 190 quam
785 154 817 181 ad
835 155 929 182 vilium
946 163 1010 189 pro-

1065 164 1117 181 σειε
1136 155 1180 181 καὶ
1195 156 1258 190 ἡμῖν
1270 154 1327 185 ἑνός
1341 162 1410 184 τινος
1422 152 1474 179 τῶν
1487 153 1555 179 κατά
1570 153 1614 179 τὸν
1629 151 1684 187 βίον
1699 152 1850 187 εὐδοκίμων

222 201 312 237 posita
324 205 367 228 est
383 201 495 228 electio:
516 200 619 227 idcirco
634 199 800 227 conveniens
818 200 925 235 utrique
939 201 1009 234 parti

222 255 237 274 a
255 246 347 274 divina
362 253 429 272 voce
449 245 618 280 propositum
637 249 681 272 est
692 245 857 280 exemplum,
871 245 904 272 ad
921 245 1009 271 Abra-

223 292 285 320 ham
300 295 327 319 et
343 291 439 318 Saram
455 291 602 325 respicere.
620 295 648 317 ut
664 291 716 317 viri
729 297 743 316 a
758 291 828 322 viro,
846 294 871 317 et
883 290 1010 317 mulieres

225 345 240 365 a
259 337 374 364 muliere
394 337 504 371 propria
527 336 677 370 idoneaque
703 339 808 363 natura:
830 336 1010 371 suscipientes

226 383 360 417 exempla,
374 382 482 409 {acilius
497 389 561 408 suos
573 382 604 408 ad
619 381 745 408 virtutem
757 381 875 416 dirigant
885 389 1006 416 gressus.

225 429 315 462 Quare
330 428 352 455 si
369 435 420 455 nos
435 435 544 462 quoque
561 427 641 454 unius
653 427 758 462 probati
774 427 856 454 vitam
872 427 899 454 in
915 435 1007 454 exem-

1060 202 1076 237 ή
1091 202 1182 236 μνήμη
1200 202 1248 236 τὴν
1263 201 1309 227 τοῦ
1328 199 1430 235 πυρσοῦ
1442 198 1534 234 χρείαν
1550 197 1703 233 πληρῶσαι,
1721 198 1768 224 καὶ
1784 198 1852 224 ὑπο-

1060 246 1154 278 δεῖξαι,
1170 245 1228 276 πῶς
1245 246 1301 271 ἐστι
1317 244 1428 270 δυνατὸν
1442 243 1480 278 τῷ
1494 243 1619 277 ἀκλύστῳ
1632 243 1681 278 τῆς
1694 242 1793 277 ἀρετῆς
1809 243 1850 269 λι-

1063 290 1122 325 μένι
1136 290 1184 324 τήν
1205 290 1292 324 ψυχήν
1316 287 1490 324 καθορμίσαι,
1513 286 1635 322 μηδαμοῦ
1654 288 1713 318 ταῖς
1727 286 1774 313 τοῦ
1790 287 1850 320 βίου

1061 335 1154 368 ζάλαις
1173 335 1398 370 ἐγχειμασθεῐσαν
1410 353 1416 364 ,
1441 333 1507 368 μηδὲ
1523 333 1593 359 κατὰ
1611 332 1660 364 τὰς
1683 333 1850 367 ἐπαλλήλους

1062 382 1117 408 τῶν
1134 381 1227 408 παθῶν
1239 379 1384 416 τρικυμίας
1394 379 1433 414 τῷ
1446 378 1518 414 βυθῷ
1531 378 1579 414 τὴς
1587 378 1683 409 κακίας
1699 378 1850 413 ἐνναυαγή-

1063 435 1157 453 σασαν.

224 477 297 512 plmn
311 475 517 510 sumpserimus,
538 474 662 506 suﬂiciet,
684 479 713 501 ut
735 475 769 502 sit
783 478 912 509 tanquam
930 482 945 501 e
959 474 1067 509 specula
1089 473 1130 500 fax
1150 473 1297 508 allulgens,
1322 477 1349 500 ct
1369 472 1493 500 ostendat
1511 471 1646 507 quomodo
1670 470 1727 498 ﬁeri
1750 470 1848 505 possit.

223 526 250 548 ut
268 521 317 548 hos
334 521 394 547 vita:
406 519 504 547 ﬂuctus
529 520 631 554 absque
650 519 792 554 naufragio
817 527 987 554 superemus,
1005 520 1177 555 animamque
1200 523 1321 546 nostram
1342 518 1574 553 perturbationum
1597 516 1676 544 undis
1696 516 1849 544 obsessam

217 566 249 592 -in
264 564 322 591 vitii
337 564 454 598 demergi
471 564 606 598 profundo
619 564 730 591 minime
745 565 876 597 sinamus,
894 564 942 592 sed
961 565 988 591 in
1009 565 1173 592 tutissimum
1191 564 1298 591 virtutis
1319 568 1425 598 portum
1442 563 1618 590 deducamus.

257 609 361 635 Idcirco
377 609 448 635 enim
473 608 638 635 credendum
657 613 695 637 est
716 609 1004 644 praestantissimorum

225 654 342 680 virorum
366 652 437 680 vitas
462 652 678 688 exquisitissime
700 654 877 688 perscriptas,
895 658 924 680 ut
950 654 1006 681 vita

222 703 315 726 nostra
331 698 482 725 imitatione
495 700 527 726 ad
544 698 670 726 virtutem
687 706 718 725 ac
732 699 831 726 bonum
849 700 951 727 rectius
961 699 1007 726 de-

221 746 346 772 ducatur.
357 744 408 772 Sed
423 744 495 772 dicet
508 745 642 780 quispiam
659 754 664 770 :
676 744 817 778 Quomodo
829 747 851 774 si
864 754 913 774 nec
926 746 1008 773 Chal-

223 790 299 818 daeus
315 798 374 817 sum
391 797 451 825 ego.
466 794 496 817 ut
509 790 542 817 de
556 791 689 818 Abraham
703 791 842 823 scribitur,
858 799 907 819 nec
922 791 1008 818 alum-

222 845 275 865 nus
295 837 366 872 regis
380 836 503 872 [Egyptii
528 837 600 868 lilia;
615 841 644 863 ut
658 837 691 864 de
709 837 799 872 Moyse
815 837 954 872 Scriptura
964 841 1006 864 te-

222 887 323 915 statur,
352 891 402 910 nec
419 883 536 918 denique
561 890 623 910 cum
651 883 801 918 priscorum
825 883 916 918 aliquo
940 883 1006 909 mihi

222 928 372 963 quidquam
399 936 544 955 connuuuc
558 928 601 959 sit,
619 927 733 963 alicujus
748 935 840 955 eorum
856 931 950 962 potero
968 927 1008 954 vi-

223 979 278 1001 tam
294 974 445 1008 consequi:
462 981 524 1000 cum
539 973 606 1012 nihil
617 973 741 1005 habeant,
755 980 809 1008 quo
824 974 925 1008 possim
941 973 1008 1000 adeo

229 1019 343 1046 diversa:
356 1019 416 1046 vitae
427 1026 457 1046 ac
469 1027 573 1046 morum
583 1019 713 1054 longeque
722 1019 835 1046 aliorum
848 1019 1008 1046 smculorum

223 1065 361 1092 hominem
380 1065 502 1092 imitari?
519 1065 575 1093 Nos
589 1072 654 1092 vero
668 1065 904 1100 respondebimus,
921 1072 1010 1100 neque

223 1111 256 1138 ad
281 1111 387 1142 vitium,
406 1119 493 1145 neque
518 1111 551 1138 ad
573 1111 701 1138 virtutem
720 1111 866 1145 pertinere,
889 1112 912 1139 si
928 1111 1010 1139 Chal-

222 1157 299 1183 dtcus
313 1157 376 1191 quis
390 1156 443 1183 sit:
465 1163 515 1184 nec
531 1157 554 1184 si
579 1156 606 1183 in
624 1156 741 1191 Egypto
756 1157 837 1186 vivat,
856 1161 902 1184 aut
918 1157 944 1184 in
959 1157 1010 1184 Ba-

221 1202 322 1237 bylone
346 1205 480 1233 versetur,
502 1200 564 1228 ideo
578 1208 593 1228 a
609 1204 681 1228 recta
698 1201 807 1228 virtutis
828 1201 882 1228 vita
899 1201 1011 1236 expelli-

225 1252 287 1280 tur;
302 1254 351 1275 nec
367 1247 439 1275 enim
462 1247 491 1274 in
503 1246 597 1274 Iudaea
612 1247 713 1279 solum,
731 1250 760 1273 ut
774 1247 923 1281 quondam,
941 1247 1010 1274 Deus

224 1292 400 1327 cognoscitur
415 1292 452 1318 "z
472 1299 561 1326 neque
573 1291 649 1322 Sion,
667 1295 697 1318 ut
717 1291 806 1318 littera
822 1298 920 1318 sonare
940 1291 1010 1318 vide-

218 1343 279 1371 tur,
292 1343 333 1365 est
345 1337 391 1364 Dei
405 1337 586 1368 domicilium,
602 1337 649 1364 sed
664 1336 794 1364 subtilius
808 1340 890 1372 atque
903 1337 1011 1364 acutius

225 1383 305 1411 nobis
331 1381 531 1418 inspiciendum
547 1387 600 1414 est,
630 1386 660 1409 ut
675 1381 818 1409 videamus
844 1389 914 1417 quos
929 1381 1011 1409 Chal-

224 1429 309 1460 daos,
325 1431 372 1454 aut
395 1435 464 1462 quos
478 1426 623 1461 Egyptios
647 1425 791 1459 fugiendos
806 1424 945 1460 Scriptura
962 1432 1010 1459 per

226 1474 368 1501 historiam
395 1473 534 1503 admonet,
560 1475 587 1498 et
602 1479 656 1506 qua
681 1470 827 1506 Babylonis
850 1470 1010 1505 captivitate

225 1518 332 1546 liberati
357 1517 391 1545 ad
420 1517 614 1545 beatitudinem
643 1515 752 1543 tandem
779 1515 1006 1543 conscendamus.

227 1564 301 1597 Quas
317 1563 353 1590 ob
369 1571 414 1590 res
429 1562 534 1597 Moyses
552 1561 597 1589 ille
610 1561 638 1588 in
651 1562 802 1596 exemplum
817 1561 896 1589 nobis
911 1569 1010 1596 propo-

226 1612 320 1639 natur,
336 1607 414 1642 cujus
439 1608 519 1634 vitam
546 1606 568 1634 si
585 1607 661 1641 prius
680 1606 760 1641 (sicut
781 1614 795 1633 a
813 1606 913 1634 divinis
934 1607 1010 1634 libris

229 1653 387 1689 didicimus)
405 1654 521 1681 breviter
536 1659 739 1688 percurramus,
757 1651 796 1679 sic
813 1651 920 1679 demum
945 1659 1011 1679 cou-

227 1705 388 1729 sentaneum
413 1700 534 1727 historiae
557 1706 667 1726 sensum
697 1697 932 1733 investigabimus,
956 1705 1011 1732 quo

227 1745 374 1782 perfectam
392 1745 532 1772 hominum
561 1744 645 1770 vitam
667 1742 776 1770 facilius
802 1750 1009 1778 cognoscemus.

229 1792 365 1820 Scribilur
391 1791 473 1827 igitur
487 1791 509 1806 "
534 1789 654 1825 Moysen,
682 1789 790 1824 quando
815 1787 933 1824 Egyptii
954 1788 1012 1824 lege

229 1836 347 1872 tyranni,
363 1835 477 1863 masculi
493 1834 666 1862 Hebraeorum
685 1833 812 1860 infantuli
831 1833 921 1860 vivere
936 1837 1011 1860 veta-

229 1883 337 1914 l-antur,
357 1885 422 1908 tunc
442 1881 468 1908 in
484 1881 572 1907 lucem
592 1879 694 1907 editum
713 1879 808 1910 fuisse,
828 1886 908 1913 quem
924 1878 1012 1913 gratia

228 1927 344 1961 quadam
359 1925 449 1953 statim
465 1925 499 1951 ab
513 1924 686 1951 incunabulis
701 1923 801 1950 scitum
815 1931 847 1950 ac
861 1923 1011 1958 elegantem

230 1979 292 1998 cttm
318 1970 450 1998 vidissent
476 1973 613 2004 parentes,
642 1969 739 2002 majori
764 1969 854 1996 studio
880 1969 964 1996 fuisse
983 1973 1013 1996 ut

229 2017 312 2044 vitam
334 2017 358 2044 ei
375 2019 582 2047 censervarent,
604 2019 728 2041 conatos.
751 2014 852 2042 Deinde
881 2022 942 2041 cum
973 2020 1013 2050 ty-

229 2062 307 2089 ranni
327 2061 407 2088 mina
425 2060 640 2096 praevaluissent,
655 2066 709 2086 non
736 2063 835 2086 temere
863 2060 890 2086 in
912 2060 1012 2088 ﬂuenta

227 2107 281 2136 Nili
297 2107 456 2143 projectum,
483 2105 539 2134 sed,
550 2106 578 2132 in
593 2104 685 2132 arcula
702 2104 820 2139 quadam
836 2105 1011 2138 collocatum,

1084 609 1168 644 ,Τάχα
1189 609 1242 644 γὰρ
1268 609 1315 636 καὶ
1335 608 1428 635 τούτου
1447 608 1526 643 χάριν
1548 609 1564 643 ἠ
1582 607 1635 634 τῶν
1654 607 1762 642 ὑψηλῶν
1777 607 1849 633 ὲκεί-

1057 664 1109 682 νων
1125 655 1245 682 πολιτεία
1257 655 1290 681 δι’
1306 654 1448 689 ἀκριϐείας
1462 655 1618 690 ἱστόρηται,
1637 653 1674 685 ὡς
1691 653 1722 680 ἂν
1738 653 1782 679 διὰ
1798 653 1850 687 τῆς

1055 701 1110 727 τῶν
1126 701 1399 737 προκατωρθωκότων
1411 700 1551 735 μιμήσεως
1566 699 1580 725 ὁ
1597 698 1692 733 ἐφεξῆς
1710 699 1766 733 βίος
1781 698 1850 732 πρὸς

1058 747 1088 773 τὺ
1115 747 1216 780 ἀγαθον
1240 745 1428 773 ἀπευθύνοιτο.
1453 745 1485 772 Τί
1505 743 1561 777 οὖν,
1582 745 1639 780 ἐρεῖ
1658 753 1710 776 τις,
1735 745 1758 770 εἰ
1779 745 1848 779 μήτε

1059 793 1192 824 Χαλδαῖος
1211 793 1275 826 ἐγὼ,
1286 792 1380 827 ὥσπερ
1390 793 1404 819 ὁ
1418 792 1543 828 Ἀϐραὰμ.
1562 791 1765 826 μνημονεύεται,
1779 792 1848 826 μήτε

1059 838 1106 873 τῆς
1121 837 1256 873 θυγατρῦς
1275 837 1321 864 τοῦ
1345 837 1492 872 Αἰγυπτίου
1517 837 1656 871 τρόφιμος,
1676 837 1712 868 ὡς
1725 837 1788 872 περὶ
1800 836 1848 862 τοῦ

1057 884 1197 916 Μωῦσέως
1209 884 1223 909 ὁ
1238 884 1316 917 λόγος
1333 884 1452 918 κατέχει,
1471 883 1592 918 μηδόλως
1608 883 1636 908 ἐν
1653 884 1707 914 τοῖς
1719 883 1849 914 τοιούτοις

1059 930 1126 965 προς
1141 930 1200 956 τινὰ
1211 930 1264 956 τῶν
1279 929 1399 965 ἀρχαίων
1411 930 1479 964 ἔχων
1494 938 1519 956 τι
1535 929 1605 955 κατὰ
1616 929 1660 955 τον
1676 929 1735 964 βίον
1749 929 1848 955 κατάλ-

1059 977 1138 1012 ληλον
1152 986 1158 992 '
1179 977 1237 1008 πῶς
1257 977 1295 1008 είς
1312 977 1360 1012 τὴν
1375 977 1458 1011 αὐτὴν
1470 976 1545 1009 τάξιν
1559 976 1598 1002 ἐνὶ
1612 975 1713 1002 τούτων
1730 975 1849 1010 ἐμαυτδν

1060 1018 1233 1059 καταστήσω,
1258 1024 1294 1058 μὴ
1317 1023 1385 1058 ἔχων
1404 1023 1478 1054 ὅπως
1497 1023 1542 1048 τὸν
1562 1022 1686 1048 τοσοῦτον
1703 1022 1849 1056 ἀφεστῶτα

1059 1069 1104 1096 διὰ
1120 1069 1173 1095 τῶν
1190 1069 1412 1103 ἐπιτηδευμάτων
1431 1069 1609 1104 μιμήσωμαι;
1637 1067 1708 1103 Πρδς
1723 1067 1751 1093 ὃν
1769 1067 1847 1102 ἐμοῦ·

1062 1123 1122 1149 μεν,
1134 1115 1173 1140 ὅτι
1190 1113 1252 1140 οὕτε
1263 1113 1301 1148 τῷ
1313 1113 1442 1139 Χαλδαῖον
1452 1110 1520 1139 εἶναι
1534 1112 1633 1139 κακίαν
1647 1112 1663 1147 ἢ
1680 1112 1777 1147 ἀρετὴν
1792 1112 1850 1147 κρί-

1061 1169 1141 1195 νομεν
1152 1169 1158 1175 ·
1175 1159 1235 1186 οὕτε
1247 1161 1280 1195 τῇ
1296 1160 1324 1185 ἐν
1336 1159 1464 1193 Αἰγύπτῳ
1474 1157 1540 1193 ζωῇ,
1553 1157 1612 1184 οὔτε
1626 1159 1658 1193 τῇ
1673 1159 1701 1183 ἐν
1710 1158 1849 1184 Βαϐυλῶνι

1060 1205 1194 1241 διατριϐῇ,
1218 1205 1263 1231 τοῦ
1285 1205 1342 1239 βίου
1354 1213 1396 1236 τις
1412 1203 1458 1231 τοῦ
1479 1203 1539 1230 κατ’
1556 1203 1654 1239 ἀρετὴν
1667 1203 1828 1235 ἐξοικίξεται
1841 1211 1847 1217 ·

1061 1251 1115 1278 οὐδ’
1131 1248 1163 1278 αὖ
1182 1250 1262 1278 πάλιν
1277 1250 1306 1276 ἐν
1320 1251 1352 1285 τῇ
1370 1249 1485 1285 Ἰουδαίᾳ
1499 1248 1604 1284 [μόνον]
1619 1249 1737 1282 γνωστὸς
1757 1249 1770 1274 ὁ
1782 1248 1849 1279 Θεδς

1060 1298 1116 1328 τοῖς
1127 1295 1213 1328 ἀξίοις
1226 1295 1331 1330 γίνεται
1345 1303 1351 1310 ·
1369 1295 1428 1321 οὐδὲ
1452 1294 1532 1325 Σιὼν,
1552 1293 1622 1320 κατὰ
1635 1293 1683 1329 τὴν
1703 1293 1848 1328 πρόχειρον

1060 1342 1174 1375 ἔννοιαν,
1183 1341 1215 1368 τὺ
1229 1341 1300 1367 θεῖόν
1315 1341 1388 1367 ἐστιν
1401 1341 1553 1375 οἰκητήριον
1563 1347 1570 1355 ’
1584 1339 1652 1366 ἀλλά
1667 1348 1738 1370 τινος
1755 1339 1849 1365 λεπτο-

1060 1387 1142 1422 τέρας
1150 1387 1214 1422 ήμῖν
1225 1385 1303 1422 χρεία
1310 1386 1359 1421 τῆς
1365 1385 1491 1417 διανοίας,
1498 1385 1544 1411 καὶ
1554 1384 1684 1420 ὀξυτέρας
1691 1386 1741 1420 τῆς
1749 1385 1847 1420 ὅψεως,

1061 1433 1098 1464 ὡς
1110 1432 1199 1458 suam
1215 1432 1246 1458 ἐκ
1267 1432 1315 1466 τῆς
1329 1431 1458 1466 ἱστορίας,
1477 1430 1561 1457 ποίων
1576 1430 1716 1458 Χαλδαίων
1733 1432 1749 1465 ἢ
1763 1432 1848 1464 Αἰγυ-

1024 1490 1045 1519 C
1063 1478 1147 1505 πτίων
1180 1478 1274 1513 mppx»
1305 1477 1460 1512 γενόμενοι,
1485 1478 1532 1503 καὶ
1568 1476 1648 1508 ποίας
1672 1477 1848 1517 Βαϐυλωνίων

1062 1512 1247 1559 αἰχμαλωσίας
1262 1523 1452 1554 ἀπολυθέντες,
1468 1522 1513 1549 τοῦ
1530 1512 1701 1558 μακαριστοί)
1717 1522 1773 1557 βίου
1788 1523 1847 1548 ἐπι.

1060 1568 1208 1603 ϐησόμεθα.
1233 1567 1353 1602 Μωῦσῆς
1376 1567 1464 1594 τοίνυν
1480 1568 1546 1602 ἡμῖν
1566 1568 1605 1598 είς
1622 1567 1770 1602 ὑπόδειγμα
1790 1566 1848 1601 βῖον

1061 1614 1219 1649 προτεθήτω
1233 1613 1270 1648 τῷ
1281 1614 1369 1649 λόγῳ·
1384 1610 1414 1640 οὗ
1430 1613 1473 1640 τὸν
1487 1613 1542 1648 βίον
1554 1613 1660 1648 πρῶτον
1675 1613 1703 1639 ἐν
1715 1613 1847 1648 ἐπιδρομῇ

1061 1659 1218 1692 διελθόντες,
1235 1659 1324 1690 καθὼς
1343 1659 1417 1694 παρὰ
1434 1659 1484 1693 τῆς
1499 1658 1573 1690 θείας
1584 1659 1673 1693 φωνῆς
1690 1659 1849 1694 μεμαθήκα-

1063 1713 1123 1740 μεν,
1135 1705 1205 1731 οὒτω
1216 1705 1264 1740 τὴν
1279 1705 1432 1740 πρόσφορον
1442 1706 1475 1739 τῇ
1489 1704 1591 1740 ἱστορίᾳ
1605 1703 1723 1730 διάνοιαν
1735 1705 1773 1735 εἰς
1784 1705 1849 1739 ἀρε-

1062 1750 1111 1785 τῆς
1128 1749 1267 1784 ὑποθήκην
1285 1749 1506 1785 ὰναζητήσομεν,
1528 1749 1561 1775 δι’
1578 1746 1611 1784 ἧς
1628 1749 1672 1775 τδν
1689 1749 1788 1775 τέλειον
1812 1749 1850 1780 ὥς

1062 1795 1090 1822 ἐν
1103 1795 1254 1830 ἀνθρώποις
1280 1795 1335 1830 βίον
1351 1794 1566 1829 ὲπιγνωσόμεθα.
1583 1795 1698 1828 Λέγεται
1723 1794 1812 1821 τοίνυν
1834 1795 1849 1820 ὁ

1062 1841 1182 1876 Μωῡσῆς
1206 1841 1332 1876 τεχθῆναι
1361 1840 1420 1875 μὲν⁷
1448 1841 1492 1867 ὅτε
1512 1840 1702 1874 ζωογονεῖσθαι
1715 1840 1744 1866 τὸ
1766 1839 1849 1876 ἄῤῥεν

1063 1887 1091 1912 ἐν
1113 1888 1167 1917 τοῖς
1186 1887 1354 1920 τικτομένοις
1372 1887 1386 1913 ὁ
1400 1886 1447 1912 τοῦ
1463 1885 1594 1921 τυράννου
1614 1886 1694 1921 νόμος
1709 1885 1848 1916 διεκώλυε.

1063 1932 1207 1968 προλαϐεῖν
1222 1932 1250 1958 δὲ
1267 1934 1299 1967 τῇ
1325 1933 1415 1967 χάριτι
1438 1932 1528 1957 πᾶσαν
1549 1931 1597 1967 τὴν
1614 1931 1662 1958 ἀπέ
1690 1931 1735 1958 τοῦ
1752 1932 1848 1966 χρόνου

1063 1978 1208 2013 γινομένην
1227 1978 1418 2012 συνεισφοράν·
1439 1977 1486 2003 καὶ
1508 1976 1588 2008 εὐθὺς
1611 1977 1663 2003 ἀπὸ
1686 1976 1849 2011 σπαργάνων

1064 2023 1171 2053 ἀστεῖος
1183 2022 1286 2056 ὀφθεὶς,
1307 2022 1384 2048 ὄκνον
1398 2022 1545 2057 ἐμποιῆσαι
1557 2023 1613 2053 τοῖς
1627 2021 1847 2056 γεννησάμένοις.

1065 2066 1171 2101 θανάτῳ
1187 2066 1231 2092 τὸν
1246 2066 1363 2092 τοιοῦτον
1380 2066 1548 2102 ἐξαφανίσαι.
1565 2063 1622 2092 Εἴθ’
1636 2066 1673 2097 ὡς
1687 2067 1849 2101 ὑπερίσχυεν

1064 2111 1191 2147 ἡὰπειλὴ
1220 2111 1264 2138 τοῦ
1281 2112 1431 2147 τυράννου,
1461 2112 1497 2147 μὴ
1522 2111 1614 2143 ἅπλῶς
1639 2111 1782 2147 ἐρῤιφῆναι
1811 2112 1850 2146 τῷ

229 2154 308 2190 cujus
323 2155 400 2181 rima:
417 2152 549 2180 bitumine
563 2159 595 2179 ac
616 2152 675 2187 pice
688 2151 760 2178 illita:
776 2150 894 2183 fuerant,
910 2151 947 2179 ita
964 2151 1010 2178 llu-

1067 2157 1166 2192 ῥείθρῳ
1192 2157 1237 2184 τοῦ
1260 2157 1370 2190 Νείλου,
1403 2157 1459 2184 ἀλλ’
1488 2157 1628 2184 ἐντεθέντα
1655 2156 1762 2192 κιϐωτῷ
1784 2165 1848 2190 τινι,

226 2200 295 2227 mini
311 2199 476 2234 expositum,
493 2197 639 2232 divinaque
663 2197 801 2224 voluntate
815 2204 875 2223 eam
891 2197 1012 2225 arculam

229 2249 340 2280 regente
360 2244 394 2272 ad
409 2252 468 2272 eam
492 2244 577 2278 ripam
605 2243 694 2270 amnis
708 2243 859 2270 verticibus
881 2250 1014 2278 aquarum

228 2291 355 2326 ejectam,
376 2298 428 2325 qua
447 2290 519 2325 regis
540 2293 606 2316 tunc
621 2289 674 2316 tilia
689 2289 758 2316 l'orte
779 2288 958 2323 spatiabatur.
976 2288 1014 2316 Ita

230 2345 292 2364 cum
314 2336 434 2364 infantili
453 2336 544 2370 vagitu
563 2343 592 2362 se
606 2334 725 2369 prodens
745 2339 869 2369 repertus
881 2339 964 2367 esset,
980 2335 1015 2362 ob

230 2381 354 2417 gratiam,
375 2388 434 2416 quae
451 2381 478 2407 in
499 2387 531 2406 eo
551 2379 710 2413 apparebat,
730 2385 756 2408 et
773 2380 889 2414 speciem
906 2388 920 2407 a
944 2380 1016 2415 regis

234 2427 288 2455 ﬁlia
299 2427 426 2459 dilecttts,
438 2426 465 2452 in
478 2425 562 2452 lilium
575 2425 624 2451 fuit
637 2424 793 2459 adoptatus.
807 2424 906 2452 Verum
919 2430 1015 2453 natura

233 2473 350 2508 quadam
378 2472 459 2498 insita
483 2470 659 2497 mammillam
682 2470 840 2506 alienigenae
862 2471 1016 2505 fastidiens,

233 2513 349 2546 consilio
364 2516 507 2552 cujusdam
527 2523 560 2543 ex
584 2515 754 2550 propinquis,
782 2524 796 2542 a
818 2517 927 2551 propria
946 2526 1015 2544 cnu-

233 2565 314 2590 tritur
330 2567 450 2597 parente.
475 2562 542 2588 Cum
556 2568 620 2588 vero
638 2561 665 2587 in
689 2561 763 2596 regia
776 2561 948 2593 educatione,
967 2562 1016 2589 do-

232 2609 373 2643 ctrinaque
393 2607 515 2635 saeculari
532 2614 564 2634 ex
587 2606 698 2641 ephebis
710 2606 765 2640 jam
785 2610 857 2634 esset
878 2614 1015 2642 egressus,

233 2655 366 2690 inglorius
382 2655 480 2689 degere
499 2653 570 2688 apud
588 2660 653 2680 suos
668 2653 808 2684 maluisse,
826 2660 908 2687 quam
925 2654 1014 2680 ﬁctam

233 2701 317 2732 illam,
334 2699 412 2734 cujus
429 2699 572 2734 adoptatus
587 2697 613 2724 in
630 2697 713 2724 tilium
728 2702 796 2729 erat,
823 2703 936 2726 matrem
951 2707 1014 2734 pro-

268 2787 288 2801 ¹³
304 2788 376 2817 Psal.
392 2795 473 2820 Lxxv,
493 2786 515 2812 Ι.
556 2786 576 2801 ⁸³
594 2785 677 2812 Exod.
695 2793 723 2815 ll,
737 2785 753 2811 2
765 2793 825 2821 sqq.

1067 2203 1196 2238 ἀσφάλτῳ
1207 2203 1253 2230 καὶ
1267 2204 1351 2240 πίσσῃ
1363 2203 1434 2230 κατὰ
1447 2203 1494 2235 τὰς
1509 2203 1641 2239 ἁρμονίας
1653 2202 1848 2239 διαχρισθείσῃ,

1063 2248 1134 2275 οὕτω
1143 2249 1251 2284 δοθῆναι
1263 2249 1301 2284 τῷ
1317 2249 1431 2285 ῥεύματι
1441 2249 1529 2283 (τοῦτο
1541 2249 1595 2284 γὰρ
1607 2250 1631 2275 oi
1646 2249 1679 2276 δι’
1693 2248 1850 2284 ἐπιμελείας

1064 2293 1098 2320 τὰ
1111 2295 1170 2321 κατ’
1192 2295 1271 2321 αὑτὸν
1298 2295 1488 2330 ἱστορήσαντες
1513 2294 1688 2331 διηγήσαντο)
1701 2302 1708 2309 ⁸
1732 2294 1805 2326 θείας
1821 2294 1850 2320 δέ

1064 2349 1136 2373 τινος
1150 2341 1290 2376 δυνάμεως
1312 2341 1361 2376 τὴν
1381 2340 1495 2367 κισωτδν
1520 2339 1704 2376 κυϐερνώσης,
1729 2338 1774 2365 ἐπί
1789 2347 1849 2365 τινα

1067 2386 1135 2413 κατὰ
1149 2387 1180 2413 τὸ
1193 2386 1304 2420 πλάγιον
1316 2386 1398 2422 ὄχθην
1410 2385 1614 2422 ἐξορμισθῆναι,
1631 2385 1790 2420 αὐτομάτως
1801 2386 1850 2419 τῆς

1066 2431 1181 2458 κιϐωτοῦ
1197 2432 1255 2458 κατ’
1267 2433 1354 2458 ἐκεῖνο
1368 2432 1398 2458 τὺ
1413 2431 1493 2467 μέρος
1511 2431 1562 2457 ὑπὸ
1575 2432 1624 2466 τῆς
1638 2431 1722 2466 φορᾶς
1738 2430 1790 2456 τῶν
1801 2438 1849 2456 κυ-

1069 2478 1161 2512 μάτων
1178 2478 1406 2513 ἐκκυμανθείσης.
1431 2477 1486 2512 Τῆς
1507 2477 1534 2503 δὲ
1554 2476 1688 2511 θυγατρὸς
1705 2475 1751 2502 τοῦ
1776 2475 1849 2510 βασι-

1067 2521 1135 2552 λέως
1158 2522 1286 2557 ἐπιούσης
1304 2521 1375 2548 κατὰ
1389 2522 1451 2552 τοὺς
1466 2521 1600 2556 λειμῶνας
1622 2522 1670 2554 τῆς
1683 2520 1765 2554 ὄχθης
1777 2519 1848 2546 ἐκεί-

1068 2576 1126 2603 νης,
1178 2567 1271 2602 ἔτυχεν
1286 2569 1302 2602 ἡ
1324 2567 1437 2598 κιϐωτὸς
1456 2566 1637 2599 ἐπωκείλασα,
1655 2566 1759 2601 εὕρεμα
1773 2565 1848 2599 γενέ-

1070 2613 1130 2639 σθαι
1148 2614 1180 2647 τῇ
1203 2613 1328 2647 βασιλίδι,
1349 2613 1485 2648 βρεφικῶς
1509 2612 1646 2647 ἐμϐοήσας
1665 2613 1696 2647 τῇ
1718 2611 1848 2646 λάρνακι·

1069 2658 1158 2691 ὀψθεὶς
1181 2659 1209 2684 δὲ
1235 2659 1303 2693 μετὰ
1328 2659 1375 2693 τῆς
1400 2658 1609 2692 ἐπιφαινομένης
1635 2657 1708 2691 αὐτῷ
1731 2657 1848 2691 χάριτος,

1068 2703 1147 2734 εὐθὺς
1161 2703 1350 2730 οἰκειώσασθαι
1365 2704 1398 2730 δι’
1413 2704 1520 2735 εὐνοίας
1536 2704 1585 2738 τὴν
1602 2703 1733 2738 βασιλίδα,
1751 2701 1796 2728 καὶ
1812 2702 1850 2732 εἰς
