1977 3071
91 119 145 148 805

741 121 782 148 DE
802 121 880 149 VlTA
900 121 1035 150 MOYSlS.

1664 126 1717 154 306

90 176 150 204 υίοῦ
179 177 255 210 τάξιν
275 176 470 213 ἀναληφθῆναι.
495 177 690 213 Ἀποστραφεὶς
705 179 733 205 δὲ
758 180 879 214 φυσικῶς

941 181 1010 209 iteri.
1027 181 1155 216 (Egyptio
1167 186 1258 209 autem
1272 182 1329 209 viro
1340 181 1368 209 in
1381 182 1555 210 Hebraeorum
1571 185 1715 220 quemdam

90 224 141 257 τὴν
157 223 304 257 ἀλλόφυλον
316 222 410 258 θηλὴν,
426 223 533 258 ἐπινοίᾳ
545 224 617 255 τινος
630 223 684 250 τῶν
703 224 770 259 πρὸς
786 225 882 258 γένους

84 268 209 302 οἰκείων,
232 269 420 303 ἀνατραφῆναι
437 268 476 303 τῷ
497 268 616 304 μητρῴῳ
632 268 710 304 μαζῴ
721 277 727 284 ·
755 270 838 302 ἐκϐὰς
853 270 882 296 δὲ

89 313 140 348 ἤδη
158 313 206 348 τὴν
224 313 330 348 ἠλικίαν
345 313 400 339 τῶν
421 313 524 340 παίδων
544 314 574 340 ὲν
591 314 716 349 βασιλικῇ
731 316 763 350 τῇ
783 317 880 351 τροφῇ,

90 359 138 386 xxi.
157 358 312 389 παιδευθεὶς
323 358 373 392 τὴν
386 357 485 391 ἔξωθεν
499 359 655 391 παίδευσιν,
665 358 679 384 ὃ
693 358 772 394 δόξης
791 356 882 394 ἐνομί-

90 405 152 436 ζετο
166 403 243 439 παρὰ
260 405 315 435 τοῖς
333 403 442 436 ἔξωθεν,
457 404 506 439 οὐχ
525 404 610 430 εἵλετο
631 403 671 431 ἔτι
687 404 882 438 καταδέξασθαι

89 451 140 486 τὴν
159 450 358 486 σεσοφισμένην
381 450 489 485 ἐκείνην
509 451 651 485 ὁμολογεῖν
675 451 790 487 μητέρα,
812 449 883 488 ᾗπερ

91 499 131 530 εἰς
143 498 201 525 υἱοῦ
220 498 298 530 τάξιν
322 498 492 533 εἰσεποιήθη,
508 498 574 525 ἀλλὰ
589 498 634 525 ἐπὶ
649 499 697 534 τὴν
714 499 785 526 κατὰ
802 499 883 533 φύσιν

90 543 249 571 ἐπανελθεῖν
266 543 357 575 πάλιν,
381 543 429 570 καὶ
445 544 502 574 τοῖς
518 543 666 578 ὁμοφύλοις
679 544 884 579 ἐγκαταμιχθῆ-

91 597 146 616 ναι.
171 589 270 624 Μάχης
285 589 313 615 δὲ
335 588 471 624 συστάσης
497 588 614 623 Ἑϐραίῳ
638 590 690 615 τινὶ
715 590 782 624 πρὸς
799 589 884 623 Αἰγύ-

91 642 179 666 πτιον,
209 633 387 669 συμμαχῆσαι
405 643 435 660 τε
457 633 495 668 τῷ
523 634 625 669 οἰκείῳ,
651 635 699 661 καὶ
719 635 823 661 ἀνελεῖν
838 635 883 661 τὸν

90 680 247 715 ἀλλόφυλον.
275 677 343 706 Εἶτα
366 679 579 715 συμπλακέντων
607 680 731 715 αλλήλοις
751 680 884 716 Ἐϐραίων

90 725 138 752 δύο
145 724 235 757 τινῶν,
245 725 438 752 καταστέλλειν
447 727 474 752 ἐν
488 726 578 757 αὐτοῖς
591 725 638 761 τὴν
651 726 814 760 φιλονεικίαν
826 734 884 752 πει-

92 770 200 806 ρᾶσθαι.
212 770 421 805 Συμὸουλεύσας
436 770 526 802 καλῶς
540 770 622 806 ἔχειν,
640 771 772 805 ἀδελφοὺς
792 771 883 802 ὄντας,

93 815 131 850 μὴ
147 815 231 850 θυμὸν
242 815 381 850 διαιτητὴν
398 815 533 842 ποιεῖσθαι
547 815 600 842 τῶν
617 816 882 851 ἀμφισὸητημάτων,

933 229 1064 264 impetum
1078 229 1195 256 laciente
1209 229 1310 261 occiso,
1326 229 1396 257 duos
1412 229 1587 258 Hebraeorum
1604 237 1716 261 conten-

933 276 1007 304 tione
1021 280 1172 305 commotos
1188 277 1215 304 in
1231 277 1330 308 rixam,
1349 276 1499 310 admonuit,
1515 286 1569 306 non
1590 279 1628 306 ita
1650 289 1716 308 con-

933 324 1022 357 citati,
1051 325 1098 353 sed
1120 329 1228 357 natura,
1253 332 1313 360 quas
1329 325 1530 360 propinquitate
1554 326 1628 362 ipsos
1651 336 1716 355 con-

930 373 1033 408 junxit,
1061 374 1256 406 cbnciliatriee,
1282 378 1309 401 et
1336 373 1415 408 quasi
1440 373 1532 409 judice
1560 376 1718 412 arbitroque

934 419 1034 449 fratres
1052 422 1090 448 uti
1103 426 1239 459 oportere.
1264 421 1317 449 Sed
1334 422 1368 449 ab
1382 429 1426 453 eo,
1445 422 1492 457 qui
1507 423 1631 457 proximo
1646 425 1718 459 inju-

934 468 1004 495 riatn
1024 468 1162 503 aﬂ'erebat,
1185 469 1311 504 repulsus
1332 469 1365 496 ad
1383 470 1642 506 contemplationem
1667 472 1719 499 hac

934 517 1098 544 contumelia
1121 517 1278 552 impellitur.
1295 517 1443 544 Civitatum
1463 517 1535 545 enim
1554 518 1719 546 turbationi-

935 564 986 592 bus
998 565 1110 592 omnino
1123 565 1239 596 relietis,
1262 572 1354 592 secum
1373 565 1463 593 vivere
1478 565 1584 598 maluit,
1600 565 1654 593 tilia
1671 573 1719 593 cu-

932 611 1042 645 jusdam
1057 612 1215 647 alienigena:
1226 613 1253 640 in
1267 620 1378 640 uxorem
1392 613 1492 640 ducta:
1511 613 1558 648 qui
1573 616 1649 640 tanta
1660 617 1719 641 erat

934 658 967 686 ad
990 659 1178 693 pernoscenda
1201 660 1309 694 ingenia
1324 660 1465 688 hominum
1480 668 1626 696 moresque
1645 669 1719 689 com-

935 707 1144 742 prchendendos
1155 708 1298 742 prudentia
1311 708 1450 744 prmditus,
1462 712 1492 736 ut
1504 709 1583 736 unica
1595 717 1624 736 re
1631 713 1719 744 gesta,

934 763 1014 789 quam
1027 755 1133 790 Moyses
1147 756 1279 784 adversus
1294 760 1434 790 pastorum
1449 756 1504 783 vim
1517 764 1615 792 magno
1628 756 1720 784 animo

936 801 1047 833 fecerat,
1074 803 1256 830 adolescentis
1281 803 1410 831 virtutem
1436 803 1621 838 conspexerit,
1647 803 1720 838 quod

91 860 160 888 ἀλλὰ
170 860 220 896 τὴν
235 861 325 896 φύσιν.
345 861 494 893 Ἀπωσθεὶς
507 861 534 888 δὲ
547 862 622 897 παρὰ
633 861 680 888 τοῦ
696 861 762 897 πρὸς
777 861 883 888 ἀδικίαν

941 858 988 878 non
1003 852 1114 886 proprio
1129 852 1205 879 lucro
1223 857 1269 879 aut
1283 852 1361 880 laude
1373 856 1537 885 commotus,
1550 861 1601 888 pro
1610 853 1719 888 justitia

92 907 247 942 βλέποντος,
278 907 405 942 ἀφορμὴν
429 907 479 942 τῆς
506 907 628 942 μείζονος
653 907 810 942 φιλοσοφίας
835 906 884 942 τὴν

91 951 203 986 ἀτιμίαν
213 951 313 986 ταύτην
323 951 486 987 ποιήσασθαι
495 960 502 966 '
517 951 621 987 καὶτῆς
632 952 700 987 μετὰ
711 951 765 978 τῶν
780 951 885 978 πολλῶν

91 996 279 1031 σι·νδιαγωγῆς
289 997 383 1032 πόρρω
391 997 545 1031 γενόμενος,
559 997 661 1023 ὶδιάσαι
668 997 707 1032 τῷ
719 997 788 1032 μετὰ
798 996 884 1023 ταῦτα

93 1042 153 1078 βίῳ,
167 1043 301 1076 κηδεύσας
322 1043 375 1069 τινὶ
389 1042 444 1069 τῶν
460 1043 628 1078 ἀλλοφύλων,
648 1043 725 1078 ἀνδρὶ
739 1042 884 1078 διορατικῷ

90 1087 138 1114 τοῦ
155 1087 297 1122 βελτίονος,
311 1088 358 1114 καὶ
376 1087 478 1123 κρίνειν
491 1087 544 1122 ἤθη
560 1095 590 1113 τε
603 1087 650 1114 καὶ
669 1087 724 1122 βίον
735 1086 886 1122 ἀνθρώπων

91 1133 299 1169 ἐπεσκεμμένῳ,
314 1133 343 1165 ὁς
359 1133 403 1160 διὰ
415 1134 479 1168 μιᾶς
492 1133 706 1169 πράξεως,λέγω
715 1132 747 1168 δὴ
758 1134 806 1168 τῆς
815 1132 886 1159 κατὰ

91 1178 146 1204 τῶν
164 1179 302 1214 ποιμένων
325 1179 423 1214 ὁρμῆς,
448 1180 540 1206 ἐνιδὼν
560 1178 607 1205 τοῦ
629 1178 688 1205 νέου
709 1179 758 1212 τὴν
775 1178 886 1214 ἀρετὴν,

92 1225 166 1257 ὅπως
179 1226 210 1252 οὐ
237 1226 304 1261 πρὸς
329 1227 427 1253 οἰκεῖον
453 1226 561 1261 βλέπων
584 1225 691 1260 κέρδος,
716 1224 762 1250 τοῦ
783 1224 887 1250 δικαίου

938 900 1110 934 pugnaverit,
1138 901 1184 928 sed
1201 900 1307 935 justqu
1332 901 1421 936 ipsum
1445 909 1493 936 per
1509 909 1550 934 se,
1567 909 1599 930 ac
1622 908 1720 930 natura

936 955 984 975 sua
1003 947 1145 975 honestum
1159 948 1297 983 judicans,
1325 955 1448 984 pastores
1468 950 1516 985 qui
1528 950 1597 977 nihil
1621 951 1648 978 in
1678 959 1723 979 se-

937 995 1028 1029 ipsum
1046 1000 1202 1030 peecarunt,
1231 997 1385 1032 castigavit,
1415 1004 1564 1032 eorumque
1592 998 1721 1033 injuriam

936 1041 1042 1075 repulit.
1070 1040 1244 1076 Quapropter
1268 1042 1397 1070 virtutem
1423 1043 1533 1077 juvenis
1558 1043 1720 1077 admiratus,

938 1093 962 1117 el
973 1087 1182 1123 praestantiorem
1193 1086 1278 1122 ipsam
1293 1087 1407 1115 aliorum
1423 1087 1526 1116 divitiis
1549 1089 1721 1122 existimans,

941 1131 1023 1158 tiliam
1043 1133 1068 1158 ei
1090 1131 1202 1158 tradidit
1217 1133 1245 1159 in
1260 1140 1382 1166 nxorem,
1407 1133 1620 1170 facultatemque
1647 1135 1722 1168 fecit,

941 1180 971 1203 ut
991 1177 1050 1212 ipse
1071 1185 1264 1214 quamcunque
1285 1179 1391 1207 vivendi
1416 1179 1550 1207 rationem
1568 1180 1660 1213 vellet,
1674 1181 1724 1209 eli-

940 1226 1024 1258 geret.

91 1269 316 1305 ὁπερεμάχησεν,
342 1270 399 1297 ἀλλ⁴
417 1270 483 1297 αὐτὸ
503 1270 533 1296 τὺ
553 1269 656 1296 δίκαιον
672 1268 760 1303 τίμιον
776 1269 809 1302 τῇ
829 1268 882 1303 ἰδίᾳ
900 1266 980 1302 φύσει
1002 1267 1112 1302 κρίνων,
1133 1268 1181 1304 τὴν
1196 1268 1303 1296 ἀδικίαν
1319 1270 1375 1297 τῶν
1393 1273 1528 1307 ποιμένων
1541 1271 1652 1298 ἐκόλασε
1671 1271 1726 1297 τῶν

93 1315 132 1346 εἰς
158 1315 261 1342 ἐκεῖνον
286 1315 558 1351 πεπλημμεληκότων
584 1314 675 1345 οὐδὲν,
700 1313 829 1348 ἀγασθεὶς
859 1313 905 1339 ἐπὶ
936 1313 1042 1344 τούτοις
1067 1313 1112 1340 τδν
1134 1314 1212 1346 νέον,
1238 1315 1286 1342 καὶ⁵
1311 1315 1358 1342 τοῦ
1383 1317 1583 1345 πολυταλάντου
1610 1317 1726 1345 πλούτου

97 1361 256 1398 τιμιωτέραν
271 1361 353 1388 αὐτοῦ
369 1362 417 1397 τὴν
428 1362 528 1397 ἀρετὴν
543 1362 571 1388 ὲν
589 1363 622 1397 τῇ
638 1361 788 1397 φαινομένῃ
803 1360 884 1396 πενία
903 1360 1007 1396 κρίνας,
1026 1361 1204 1393 συνοικίζεται
1220 1362 1294 1399 αὐτῷ
1305 1363 1354 1400 τὴν
1373 1364 1520 1401 θυγατέρα,
1541 1365 1589 1392 καὶ
1607 1365 1667 1392 κατ’
1683 1365 1727 1399 ἐξ·

94 1407 186 1432 ουσίαν
202 1407 287 1441 ἐφῆκε
305 1406 350 1433 τὸν
366 1407 533 1442 καταθύμιον
554 1407 674 1442 μετιέναι
692 1405 759 1441 βίον.

131 1452 177 1487 Τῷ
197 1452 224 1478 δὲ
244 1450 278 1479 ἓν
292 1452 380 1488 δρειός
402 1461 432 1478 τε
456 1452 502 1479 καὶ
517 1451 656 1483 ίδιὰζουσα
673 1452 689 1487 ἡ
705 1451 771 1486 ζωὴ,
796 1449 886 1484 πάσης

973 1447 1007 1474 At
1035 1449 1080 1475 ille
1107 1453 1263 1477 montanam
1290 1457 1322 1478 ac
1336 1451 1486 1478 solitariam
1510 1452 1601 1488 elegit,
1622 1453 1668 1481 ubi
1693 1454 1728 1482 ab

95 1497 225 1533 ἀγοραίου
239 1497 343 1533 τύρϐης
364 1498 571 1534 ἀπηλλαγμένη,
588 1498 616 1524 ἐν
631 1499 663 1533 τῇ
679 1496 732 1523 τῶν
749 1495 892 1532 προὸάτων

97 1542 243 1577 ἐπιμελείᾳ
258 1541 384 1577 κατὰτὴν
399 1542 501 1578 ἔρημον
518 1542 653 1574 ἰδιάζοντι.
671 1541 773 1576 Χρόνου
790 1540 819 1567 δὲ
833 1540 890 1566 δια-

96 1588 236 1622 γεγονότος
246 1588 274 1613 ἐν
288 1587 326 1623 τῷ
338 1588 450 1623 τοιούτῳ
466 1589 514 1623 τῆς
531 1588 603 1623 ζωῆς
614 1588 688 1620 εἴδει,
699 1588 779 1623 φησὶν
793 1588 810 1623 ἡ
824 1587 894 1613 ἱστο-

100 1633 155 1668 ρία,
173 1633 290 1668 φοϐερὰν
304 1633 429 1667 γενέσθαι
451 1633 523 1668 αὐτῷ
539 1633 707 1668 θεοφάνειαν,
722 1634 750 1659 ὲν
771 1632 894 1667 σταθηρᾷ

100 1679 270 1714 μεσημϐρίᾳ,
295 1679 381 1713 φωτὸς
404 1680 497 1714 ἐτέρου
518 1679 588 1714 ὑπὲρ
603 1679 633 1705 τὸ
648 1678 758 1713 ἡλιακὸν
773 1678 829 1712 φῶς
844 1677 893 1709 τὰς

97 1723 173 1758 Wet:
188 1725 449 1760 περιαστράψαντος.
467 1725 518 1750 Τὸν
539 1724 567 1750 δὲ
588 1724 742 1757 ξενισθέντα
760 1723 799 1758 τῷ
815 1723 893 1759 ἀήθει

98 1769 148 1804 τῆς
157 1769 229 1801 θέας,
238 1770 387 1803 ἀναῦλέψαι
398 1779 426 1796 τε
441 1771 509 1805 πρὸς
519 1771 549 1796 τὺ
559 1770 631 1805 ὅρος,
643 1770 690 1796 καὶ
705 1770 767 1796 ἰδεῖν
782 1769 892 1804 θάμνον,

100 1815 146 1850 ἀφ’
162 1813 192 1842 οὗ
206 1816 353 1852 πυροειδῶς
366 1817 395 1842 τὸ
411 1816 511 1851 φέγγος
526 1817 667 1852 ἐξήπτετο,
677 1816 730 1843 τῶν
743 1816 771 1842 δὲ
789 1815 894 1842 κλάδων

100 1861 148 1888 τοῦ
165 1861 266 1896 Θάμνου
282 1862 406 1897 καθάπερ
425 1864 453 1889 ἐν
470 1863 557 1897 δρόσῳ
580 1863 613 1897 τῇ
630 1860 714 1896 φλογῖ
728 1861 895 1888 συναναθαλ-

101 1906 212 1938 λόντων,
226 1907 314 1933 εἰπεῖν
323 1907 411 1934 ταῦτα
423 1908 456 1933 τὰ
468 1908 577 1943 ῥήματα
590 1907 658 1942 πρὸς
671 1907 765 1934 ἑαυτὸν
779 1908 892 1940 ἐκεῖνον,

101 1953 144 1980 ὅτι
160 1952 377 1987 ιΔιαὸὰςδψομαι
390 1953 419 1979 τὸ
432 1953 502 1988 μέγα
519 1953 610 1988 ὅραμα
622 1953 844 1983 τοῦτο.ιΕίπόντα
853 1953 891 1985 δὲ,

103 1996 203 2032 μηκέτι
227 1997 317 2032 μόνοις
338 1999 393 2029 τοῖς
416 1998 564 2033 ὀφθαλμοῖς
580 1998 609 2024 τὸ
632 1997 725 2033 θαῦμα
735 1998 782 2024 τοῦ
805 1998 893 2033 φωτὸς

102 2041 230 2074 δέξασθαι
242 2051 248 2058 ·
265 2043 321 2069 ἀλλ’
336 2043 350 2069 δ
364 2043 472 2069 πάντων
487 2044 545 2070 ἐστὶ
558 2042 786 2078 παραδοξότατον,
802 2043 832 2070 τὸ
845 2043 893 2069 καὶ

102 2086 153 2121 τὴν
167 2087 251 2122 ἀκοὴν
268 2088 328 2117 ταῖς
351 2088 441 2114 ἀκτῖσι
471 2087 518 2114 τοῦ
539 2088 656 2122 φέγγους
682 2087 890 2123 ἐναυγασθῆναι.

105 2132 176 2168 Πρὸς
192 2133 247 2168 γὰρ
268 2133 426 2168 ἀμφοτέρας
440 2134 489 2164 τὰς
499 2133 638 2168 αἰσθήσεις
650 2135 666 2168 ἡ
682 2133 728 2160 τοῦ
742 2133 829 2167 φωτὸς
844 2141 892 2168 με·

105 2178 229 2214 ρισθεῐσα
242 2179 332 2214 χάρις,
343 2180 392 2211 τὰς
408 2179 456 2214 μὲν
473 2179 548 2214 ὄψεις
562 2181 622 2211 ταῖς
634 2178 688 2205 τῶν
701 2179 819 2206 ἀκτίνων
831 2187 898 2214 μαρ-

107 2226 244 2259 μαρυγαῖς
258 2224 438 2260 περιηύγαζε,
458 2225 508 2260 τὴν
526 2225 554 2251 δὲ
573 2224 657 2260 ἀκοὴν
675 2225 731 2256 τοῖς
748 2224 898 2259 ἀκηράτοις

105 2270 238 2304 δόγμασιν
263 2271 452 2305 ἐφωταγώγει.
487 2270 594 2297 Κωλύει
618 2269 683 2304 γοῦν
707 2270 724 2304 ὴ
740 2269 785 2296 τοῦ
809 2269 898 2304 φωτὸς

106 2316 210 2342 ἐκείνου
238 2316 312 2351 φωνὴ
331 2316 484 2352 προσϐῆναι
505 2315 543 2351 τῷ
561 2315 619 2352 δρει
639 2315 684 2342 τὸν
698 2315 828 2347 Μωῡσέα,
841 2317 898 2347 τοῖς

106 2363 214 2396 νεκροῖς
230 2362 384 2397 ὑποδήμασι
397 2363 594 2398 βεϐαρημένον,
610 2362 666 2389 ἀλλ’
681 2362 833 2389 ἐκλύσαντα
843 2361 897 2388 τῶν

106 2407 195 2433 ποδῶν
219 2407 249 2433 τὸ
275 2408 410 2442 ὑπόδημα,
434 2409 505 2436 οὕτω
519 2409 569 2444 τῆς
591 2409 642 2443 γῆς
664 2407 760 2442 ψαύειν
779 2408 896 2443 ἐκείνης,

107 2454 156 2488 ὅση
174 2452 214 2488 τῷ
229 2452 293 2488 θείῳ
310 2455 379 2488 φωτὶ
401 2456 599 2490 κατελάμπετο.
629 2455 689 2482 Ἐπὶ
711 2455 816 2486 τούτοις
834 2455 898 2491 (χρὴ

107 2499 162 2535 γὰρ
181 2497 257 2535 οἶμαι
276 2501 313 2535 μὴ
329 2501 389 2528 λίαν
404 2502 582 2537 ὲμὸραδύνειν
605 2503 637 2537 τῇ
655 2501 720 2537 ψιλῇ
739 2501 787 2528 τοῦ
803 2501 898 2536 ἀνδρὸς

109 2546 233 2580 ἱστορία,
253 2548 309 2577 τοῖς
328 2546 432 2580 λόγοις,
452 2548 489 2580 ὡς
514 2548 547 2575 ἂν
570 2548 618 2574 καὶ
639 2547 693 2573 τῶν
711 2546 898 2582 προκειμένων

108 2590 223 2624 ἔχοιντο)
230 2590 396 2625 δυναμωθιιὶς
404 2592 437 2626 τῇ
448 2591 560 2627 ὁφθείσῃ
569 2591 721 2627 θεοφανείᾳ,
730 2590 861 2626 ῥύσασθαι
868 2591 899 2617 τὸ

109 2633 246 2668 ὁμόφυλον
261 2634 309 2669 τῆς
322 2635 443 2667 δουλείας
453 2636 506 2662 τῶν
521 2635 676 2669 Αἰγυπτίων
689 2635 896 2671 προστάσσεται.

111 2681 167 2707 Καὶ
176 2679 212 2710 ὡς
225 2679 258 2706 ἂν
269 2679 385 2714 μάλιστα
402 2681 481 2715 μάθοι
497 2681 545 2716 τὴν
562 2681 738 2716 ἐγγινομένην
751 2681 824 2716 αύτῷ
841 2681 898 2707 θεό-

112 2726 159 2753 θεν
173 2726 258 2761 ἰσχὺν,
273 2727 304 2752 ἐκ
323 2726 378 2753 τῶν
403 2727 432 2754 ἐν
447 2727 524 2762 χερσὶ
537 2729 652 2754 ποιεῖται
666 2727 714 2763 τὴν
725 2729 821 2764 πεῖραν
835 2727 898 2762 θείῳ

164 2815 174 2830 ⁸
188 2815 270 2843 Exod.
294 2823 334 2849 ιιι,
356 2816 384 2845 5.

943 1493 1016 1520 omni
1031 1494 1248 1522 eircumforanea
1264 1495 1343 1523 turba
1359 1501 1491 1529 remotus,
1511 1497 1539 1525 in
1555 1498 1646 1525 ovium
1662 1506 1728 1527 cura

943 1539 995 1566 sibi
1016 1540 1043 1566 in
1057 1539 1166 1568 deserto
1183 1542 1349 1569 attendebat.
1369 1541 1429 1575 Quo
1442 1543 1469 1570 in
1479 1551 1580 1578 genere
1595 1545 1657 1572 vitae
1673 1553 1728 1573 non

944 1592 1027 1620 parvo
1050 1591 1187 1614 transacto
1206 1588 1336 1620 temporis
1357 1588 1456 1622 spatio,
1485 1590 1637 1618 mirabilem
1662 1591 1730 1619 dicit

944 1630 1058 1657 historia
1084 1631 1172 1665 ipsum
1189 1631 1290 1659 vidisse
1313 1632 1458 1660 visionem.
1486 1631 1517 1659 ln
1539 1633 1629 1660 medio
1655 1634 1728 1662 enim

944 1677 1072 1712 claroque
1098 1677 1142 1704 die
1158 1677 1209 1703 alia
1233 1677 1416 1711 praestantior,
1442 1685 1525 1712 quam
1549 1679 1646 1706 solaris
1671 1679 1728 1712 lux,

944 1722 1018 1750 circa
1032 1723 1126 1750 oculos
1140 1723 1199 1757 ejus
1212 1722 1324 1750 eﬂulsit.
1341 1723 1429 1758 Cujus
1444 1723 1482 1751 rei
1498 1724 1644 1752 insolentia
1666 1733 1729 1752 eum

944 1769 1109 1803 respexisset
1125 1768 1158 1795 ad
1173 1773 1302 1801 montem,
1318 1768 1461 1796 arbustum
1479 1769 1579 1796 ardens
1598 1770 1730 1797 scribitur

945 1815 1098 1848 aspexisse:
1109 1813 1187 1848 cujus
1201 1814 1268 1840 rami
1281 1821 1342 1840 eum
1357 1813 1494 1845 arderent,
1505 1815 1584 1849 quasi
1599 1815 1729 1842 continua

945 1860 1104 1895 irrigatione
1128 1859 1310 1892 virescebant,
1336 1859 1556 1896 admiratumque
1571 1869 1664 1889 secum
1688 1862 1730 1888 div

944 1905 1032 1933 xisse:
1049 1916 1057 1931 ι
1066 1905 1167 1933 Vadam
1178 1912 1205 1933 et
1214 1906 1311 1934 videbo
1318 1906 1452 1934 visionem
1464 1907 1533 1934 hanc
1544 1915 1667 1942 magnam
1678 1907 1726 1939 ¹⁹,ι

944 1959 979 1978 ne
992 1951 1118 1979 videlicet
1132 1952 1229 1979 oculos
1242 1951 1341 1985 solum,
1356 1953 1536 1980 verumetiam
1551 1954 1634 1988 (quod
1647 1953 1729 1981 mira-

943 1997 1026 2025 bilius
1050 1997 1102 2032 est)
1122 1998 1245 2025 auditum
1264 1997 1348 2025 radiis
1371 1998 1432 2033 ejus
1457 1999 1527 2026 lucis
1552 1999 1729 2027 illuminaret.

943 2042 1048 2070 Natura
1069 2043 1141 2070 enim
1159 2044 1233 2071 illius
1249 2044 1330 2078 lueis,
1348 2044 1432 2072 veluti
1446 2045 1475 2072 in
1489 2044 1606 2072 duorum
1624 2046 1730 2080 objecta

945 2095 1076 2115 sensttum
1102 2089 1199 2121 divisa,
1222 2095 1252 2117 ut
1267 2089 1294 2116 in
1320 2090 1416 2117 oculos
1431 2089 1576 2124 splendore
1593 2090 1731 2118 radiorum

948 2133 1077 2169 fulgebat,
1091 2134 1131 2161 sic
1141 2134 1341 2162 immortalibus
1353 2135 1475 2161 auditum
1487 2135 1659 2170 dogmatibus
1671 2135 1732 2162 illu-

948 2180 1061 2207 strabat.
1086 2180 1176 2207 Vetuit
1203 2180 1286 2215 igitur
1312 2180 1381 2207 lueis
1399 2179 1472 2207 illius
1494 2187 1544 2206 vox
1564 2180 1596 2207 ad
1613 2186 1731 2207 montem

948 2229 1117 2253 mortuorum
1133 2225 1287 2253 calceorum
1307 2225 1426 2260 pondere
1448 2233 1574 2260 pressum
1591 2225 1731 2259 accedere,

949 2272 1110 2306 solvereque
1118 2271 1200 2305 jussit
1214 2270 1411 2303 calceamenta,
1421 2278 1453 2298 ac
1463 2271 1572 2298 demum
1585 2271 1658 2298 nudo
1666 2272 1733 2306 pede

948 2320 1050 2344 terram
1076 2317 1149 2343 illam
1166 2316 1311 2351 attingere,
1337 2323 1397 2351 quae
1419 2316 1512 2343 divina
1532 2316 1593 2344 luce
1612 2317 1734 2351 resplen-

948 2363 1039 2390 debat.
1062 2362 1162 2389 Deinde
1180 2369 1215 2389 ne
1239 2362 1344 2397 longior
1364 2362 1392 2389 in
1409 2361 1523 2389 historia
1541 2362 1603 2394 sim,
1627 2366 1654 2389 et
1672 2365 1700 2388 ut
1717 2369 1734 2389 ιι

949 2407 1088 2443 proposito
1103 2414 1157 2434 non
1172 2406 1320 2439 discedam,
1342 2406 1393 2434 hac
1407 2406 1513 2434 visione
1528 2406 1733 2438 corroboratus,

949 2453 982 2480 ab
1009 2452 1198 2488 Egyptiorum
1223 2452 1354 2479 servitute
1384 2459 1449 2479 suos
1475 2451 1592 2478 liberare
1608 2451 1732 2485 jubetur.

950 2499 1001 2527 Sed
1017 2503 1046 2526 ιιι
1060 2499 1186 2530 disceret,
1196 2501 1297 2533 quanta
1311 2497 1441 2524 divinitus
1452 2496 1537 2524 virtus
1552 2497 1603 2524 sibi
1618 2501 1734 2531 praesta-

949 2550 1032 2577 retur,
1050 2545 1086 2571 ita
1104 2543 1158 2571 Deo
1170 2544 1292 2577 jubente,
1307 2543 1369 2570 istis
1383 2550 1443 2578 qua:
1459 2546 1536 2570 erant
1551 2542 1578 2569 in
1594 2549 1674 2568 manu
1688 2549 1735 2577 pe-

950 2591 1064 2619 ricttlutn
1082 2591 1155 2617 fecit.
1178 2590 1242 2617 Erat
1253 2590 1305 2617 hoc
1318 2592 1407 2616 autem
1421 2587 1662 2623 ejusmodizVirga
1678 2593 1736 2614 ma-

949 2645 986 2664 nu
1003 2637 1029 2664 in
1043 2642 1141 2664 terram
1160 2635 1279 2670 projecta
1297 2634 1379 2661 vitam
1398 2634 1510 2668 accipit,
1534 2633 1615 2668 inque
1635 2631 1735 2659 animal

949 2682 1073 2709 vertitur.
1093 2680 1211 2707 Colubra
1232 2679 1259 2706 id
1276 2683 1334 2706 erat
1348 2679 1465 2711 animal;
1483 2684 1634 2712 rursusque
1652 2683 1734 2703 manu

949 2731 1067 2762 recepta,
1080 2729 1110 2753 ut
1126 2725 1198 2761 virga
1214 2726 1288 2759 prius
1303 2728 1360 2752 erat
1376 2723 1466 2752 subito
1482 2723 1552 2750 facta
1570 2725 1621 2750 est.
1640 2720 1734 2749 Manus
