1977 3071
250 113 306 140 507
337 109 340 114 ’

872 112 900 139 S.
918 110 1081 139 GBEGORII
1101 108 1246 136 NYSSENI

1821 105 1876 136 508

251 177 358 206 quoque
372 169 399 196 in
410 169 470 197 sinu
482 171 631 202 recondita,
650 170 676 197 iu
693 171 763 197 nivis
779 170 924 197 candorem
941 170 1031 196 immu-

1090 167 1290 203 προστάγματι.
1309 165 1338 192 'll
1355 166 1382 192 δὲ
1403 167 1484 200 πεῖρα
1496 164 1530 201 ἦν
1555 166 1641 200 αὖτη”
1655 162 1771 196 Ῥἀῦδος
1791 166 1876 192 ἐκπε-

251 220 332 246 tatur,
349 219 376 242 et
394 215 490 242 iterum
507 215 533 242 in
550 216 674 242 eumdem
691 216 781 243 sinum
796 216 917 243 immissa
933 216 959 242 in
981 216 1036 250 pri-

250 261 349 287 stinam
369 260 447 287 rediit
467 264 602 287 naturam.
623 260 806 288 Descendente
825 265 914 288 autem
931 261 991 295 ipso
1009 262 1035 287 in

250 305 408 341 Egyplum,
427 305 631 341 addueenteque
655 314 748 334 secum
771 314 883 333 uxorem
906 307 1035 341 alienige-

249 360 322 383 nam,
339 355 365 378 et
387 351 486 378 liberos
506 351 556 378 sibi
578 351 612 378 ab
629 359 659 379 ea
682 355 775 383 natos,
798 352 909 387 angelus
927 352 1034 378 obviam

249 397 336 424 factus
354 397 478 424 timorem
496 397 591 424 mortis
609 397 733 425 intulisse
750 396 854 425 fertur:
874 405 952 432 quem
974 405 1034 424 mu-

248 443 298 469 lier
323 443 541 470 circumciSiouis
567 441 614 469 filii
643 442 775 478 sanguine
802 441 880 469 facile
908 442 1033 477 placavit.

217 488 221 491 '
249 486 325 514 Tunc
343 488 432 514 Aaron
454 494 561 521 quoque
582 487 665 514 frater
684 487 744 521 ejus
767 487 896 515 divinitus
917 487 1034 514 monitus

247 533 354 560 obviam
371 533 479 568 prodiit,
491 538 517 559 et
527 533 604 567 paqu
619 537 680 568 post
691 533 718 560 in
729 533 888 560 concionem
905 533 938 560 ab
953 533 1035 561 utris-

248 585 301 613 que
322 578 439 613 populus
469 577 612 613 Egyptius
635 583 816 612 convocatur,
842 579 954 606 libertas
978 583 1034 606 tam

248 623 382 650 laboriosa
400 623 530 651 servitute
546 624 685 658 oppressis
699 624 869 659 proponitur.
889 624 956 651 Cum
975 625 1034 659 ipso

247 675 355 702 quoque
365 672 480 704 tyranno
488 670 538 696 bac
545 669 578 697 de
585 677 614 697 re
625 670 783 705 loquuntur.
790 670 913 699 Irritatus
922 671 966 698 ille
976 679 1033 698 ma-

247 714 288 747 gis
304 721 385 748 quam
402 718 475 746 ante,
493 722 554 742 cum
574 716 601 744 in
618 723 666 744 eos
683 717 729 752 qui
747 721 880 752 prmerant
895 717 1032 752 operibus,

247 763 304 786 tum
317 759 343 786 in
356 760 430 794 ipsos
440 759 585 794 lsraelitas,
595 766 674 797 auget
687 762 713 788 in
724 763 864 797 portandis
875 763 1033 791 imbricibus

247 806 649 841 pensum,imperatduriora,ut
659 815 712 834 non
722 808 809 835 solum
819 808 884 839 luto,
892 808 939 835 sed
949 808 1033 843 paleis

247 850 410 886 stipulisque
420 852 579 886 colligendis
590 852 679 880 afflicti
691 852 775 881 Judaei
787 855 990 882 eontabescant.
1000 856 1033 881 At

247 896 424 923 veroPharao
436 897 472 932 (id
485 898 556 924 enim
571 906 668 925 nomen
686 903 744 926 erat
755 899 880 935 tyranno)
903 900 1032 929 divinitus

247 942 327 969 factis
337 942 475 969 miraculis
486 950 518 969 ac
532 943 617 977 signis
626 945 752 972 resistere
762 946 922 978 conabatur,
937 947 970 974 ad
983 947 1032 974 hoc

246 994 387 1022 magorum
404 996 470 1015 usus
485 989 638 1024 praestigiis.
655 989 801 1025 Pastquam
817 995 907 1018 autem
922 992 948 1018 in
964 999 1033 1026 pra-:-

247 1032 334 1060 Sentia
349 1030 537 1069 Egyptiorum
552 1034 656 1069 virgam
667 1042 744 1062 suam
760 1035 786 1062 in
803 1040 955 1071 serpentem
971 1037 1032 1063 ani-

247 1080 350 1104 masset
362 1077 478 1112 Moyses,
496 1078 565 1105 idem
579 1086 688 1114 quoque
705 1080 762 1106 suis
773 1081 799 1106 in
814 1081 896 1115 virgis
908 1089 937 1109 se
950 1081 1033 1108 factu-

246 1130 292 1149 ros
307 1123 497 1150 existimabant
513 1123 591 1159 Magi.
608 1124 660 1151 Sed
678 1124 810 1152 fallaciam
825 1125 970 1154 efﬁcacitas
987 1134 1030 1154 re-

244 1169 362 1203 darguit,
371 1169 434 1195 dum
448 1177 559 1204 serpens
569 1177 601 1196 ex
611 1169 711 1204 Moysis
721 1170 796 1204 virga
807 1177 965 1203 conversus,
974 1179 1032 1199 ma-

244 1215 303 1249 gica
321 1215 403 1249 ligna,
420 1220 558 1248 serpentes
578 1215 681 1241 scilicet
699 1215 874 1247 comedendo,
892 1217 991 1244 nullam
1003 1217 1030 1244 iu

243 1261 305 1288 aliis
315 1268 375 1287 esse
387 1260 440 1287 vim
449 1259 482 1286 ad
501 1260 708 1294 propulsandam
730 1260 868 1294 injuriam,
885 1265 930 1288 aut
947 1262 1029 1289 vitam

243 1305 359 1332 dandam
369 1305 498 1336 ostendit,
509 1307 605 1338 prazter
614 1304 730 1339 speciem
740 1312 820 1340 quam
830 1306 916 1334 oculis
923 1314 1028 1334 eorum.

242 1351 289 1385 qui
305 1350 383 1378 facile
396 1350 483 1384 decipi
495 1354 630 1384 poterant,
647 1351 787 1385 przestigia:
801 1350 939 1386 Magorum
952 1352 1029 1379 exhi-

243 1397 365 1424 bueraut.
380 1396 456 1423 Tunc
469 1396 668 1423 consentientes
683 1400 798 1431 tyranno
812 1397 955 1432 [Egyptios
972 1405 1030 1425 om-

242 1448 291 1467 nes
303 1448 364 1466 cum
380 1439 494 1467 vidisset
509 1439 624 1474 Moyses,
641 1441 667 1466 in
684 1441 837 1468 universam
854 1449 947 1469 eorum
963 1450 1029 1477 geu-

242 1489 312 1516 tem,
333 1485 441 1512 nemine
465 1485 575 1511 omnino
592 1491 721 1520 excepto,
746 1486 926 1514 intolerabilia
948 1488 1029 1516 infert

242 1531 365 1558 vulnera.
382 1530 629 1558 Commovebantur
640 1535 728 1558 autem
738 1532 816 1566 jussu
827 1532 887 1568 ejus
901 1533 935 1560 ad
957 1534 1030 1562 hunc

242 1577 269 1604 in
285 1575 427 1611 Egyptios
439 1576 579 1610 impetum,
593 1580 720 1611 tanquam
738 1578 874 1606 exercitus
888 1579 1028 1612 obediens,

241 1622 373 1649 elementa
389 1621 456 1655 ipsa,
471 1629 530 1655 quae
546 1621 572 1648 in
588 1621 639 1648 hoc
652 1622 778 1649 universo
786 1628 945 1656 cernuntur,
956 1629 1027 1652 terra

241 1667 356 1697 scilicet,
373 1666 453 1701 ignis,
470 1674 526 1697 aer,
542 1673 622 1701 aqua.
646 1667 678 1693 ad
698 1667 837 1700 hominum
859 1671 1026 1704 propositum

241 1712 362 1739 actiones
378 1718 442 1738 suas
460 1712 672 1739 commutabant.

1088 213 1171 239 σοῦσα
1184 212 1234 246 τῆς
1247 211 1345 247 χειρὸς,
1367 211 1502 246 ἐψυχώθη.
1521 212 1568 237 καὶ
1583 210 1651 243 ζῶον
1672 210 1779 245 ἐγένετο
1801 210 1876 244 (δρά-

1086 267 1142 285 κων
1160 259 1188 285 δὲ
1202 258 1232 285 τὸ
1247 258 1315 289 ζῶον
1333 256 1379 293 ἦν)
1390 267 1398 274 ·
1415 259 1461 284 κα¹ι
1481 257 1560 285 πάλιν
1573 256 1626 283 ὑπὸ
1643 256 1694 292 τῆς
1708 256 1796 291 χειρὸς
1810 257 1876 283 ἀνα-

1086 304 1225 340 ληφθεῖσα.
1239 305 1307 340 ὅπερ
1319 302 1353 339 ἧν
1372 304 1425 340 πρὸ
1455 304 1503 339 τῆς
1525 303 1693 338 θηριὼσεως,
1709 303 1796 329 ἐκεῖνο
1814 302 1875 337 ἐγέ-

1085 359 1156 377 νετο.
1173 350 1226 376 Καὶ
1254 351 1269 384 ἡ
1286 350 1333 385 τῆς
1349 350 1438 385 χειρὸς
1456 349 1612 383 ἐπιφάνεια,
1629 347 1676 375 νῦν
1690 348 1739 383 μὲν
1755 347 1875 384 προϐλη-

1086 400 1163 426 θεῖσα
1177 400 1223 426 τοῦ
1239 399 1350 429 κόλπου.
1366 399 1405 430 είς
1417 399 1504 433 χιόνος
1525 397 1689 433 μεταποιηθη
1705 396 1855 432 λευκότητα
1865 417 1874 428 ,

1085 444 1166 470 πάλιν
1175 444 1204 470 δὲ
1214 443 1278 470 εἴσω
1291 442 1336 470 τοῦ
1349 442 1430 469 αὐτοῦ
1441 442 1583 477 γενομένη.
1596 443 1642 468 ἐπὶ
1654 441 1702 476 τὴν
1716 441 1782 468 ἰδίαν
1792 443 1875 468 ἐπαν-

1085 491 1193 525 έρχεται
1206 489 1295 524 φύσιν.
1307 488 1454 520 Κατιόντος
1465 487 1493 513 δὲ
1502 487 1547 513 τοῦ
1557 486 1677 518 Μωσέως
1685 486 1730 512 ἐπὶ
1737 486 1786 521 τὴν
1792 486 1875 520 Δίγυ-

1084 543 1161 566 πτον,
1178 535 1224 562 καὶ
1237 533 1455 569 συνεπαγομένου
1462 532 1509 568 τὴν
1520 532 1641 567 γαμετὴν
1654 532 1702 567 τὴν
1714 531 1872 564 ἀλλόφυλον,

1085 581 1131 607 καὶ
1143 581 1206 612 τοὺς
1219 581 1267 607 ἀπ’
1283 579 1390 615 ἐκείνης
1407 578 1481 614 αὺτῷ
1495 578 1640 613 γεγονότας
1655 577 1761 610 παῖδας,
1772 578 1815 604 ὅτε
1830 586 1874 608 τις

1085 626 1132 652 καὶ
1147 625 1261 660 ἄγγελος
1275 624 1348 659 αὐτῷ
1362 624 1526 658 συναντῆσαι
1549 623 1665 657 λέγεται,
1686 623 1731 649 τὸν
1743 622 1807 657 περὶ
1825 621 1873 648 τοῦ

1085 671 1199 698 θανάτου
1224 670 1304 705 φόϐον
1335 670 1455 703 ἐπάγων,
1483 668 1512 695 ὃν
1532 669 1549 703 ἡ
1578 667 1646 703 γυνὴ
1661 666 1700 702 τῷ
1712 667 1808 702 αἵματι
1823 667 1874 701 τῆς

1085 716 1234 752 περιτομῆς
1248 715 1295 742 τοῦ
1310 715 1404 746 παιδὸς
1416 715 1544 740 ἱλεώσατο
1555 721 1562 728 ·
1578 713 1639 739 τότε
1656 713 1785 747 συντυχία
1798 711 1873 746 γίνε-

1083 771 1127 789 ται
1136 761 1182 788 τοῦ
1190 759 1442 796 Ἀαρὼν,καὶαὺτοῦ
1457 759 1547 786 θεόθεν
1562 758 1784 793 παρορμηθέντας
1804 757 1873 791 πρὸς

1084 807 1132 843 τὴν
1147 806 1317 842 συνάντησιν.
1340 803 1407 833 Εἶτα
1423 805 1488 841 παρ’
1504 804 1667 840 ἀμφοτέρων
1677 805 1728 830 ὁὲν
1742 803 1875 838 Αἰγύπτῳ

1084 853 1147 884 λαὸς
1179 854 1218 884 εἱς
1236 852 1382 886 ἐκκλησίαν
1398 851 1490 886 κοινὴν
1510 850 1709 885 συναγείρεται,
1734 849 1780 876 καὶ
1792 849 1809 884 ἡ
1823 848 1874 883 τῆς

1083 898 1203 928 δουλείας
1219 897 1363 933 ἀπαλλαγὴ
1388 898 1445 928 τοῖς
1467 896 1650 930 πεπονηκόσιν
1675 895 1726 930 ήδη
1742 895 1774 929 τῇ
1794 902 1875 921 κακο-

1083 944 1242 979 παθείᾳτῶν
1249 943 1336 979 ἔργων
1351 942 1584 978 περιαγγέλλεται,
1597 942 1644 968 καὶ
1656 940 1723 976 πρὸς
1733 940 1813 967 αὐτὸν
1826 940 1874 967 τὸν

1082 985 1211 1024 τύραννον
1222 991 1235 1016 ὁ
1247 990 1322 1023 παρά
1336 988 1431 1015 τούτου
1451 989 1556 1022 γίνεται
1569 987 1658 1021 λόγος.
1675 986 1875 1022 Ἀγανάκτησις

1083 1037 1128 1062 ἐπὶ
1145 1035 1248 1067 τούτοις
1255 1035 1302 1062 τοῦ
1309 1035 1453 1070 τυράννου,
1461 1035 1532 1061 κατά
1547 1043 1577 1061 τε
1593 1034 1648 1061 τῶν
1657 1033 1875 1060 ἐπιστατούντων

1082 1083 1138 1111 τοῖς
1153 1080 1253 1116 ἐργοις,
1269 1081 1314 1107 καὶ
1325 1080 1396 1107 κατά
1407 1080 1462 1107 τῶν
1485 1079 1660 1115 Ἰσραηλιτῶν
1669 1079 1756 1105 αὐτῶν
1773 1078 1874 1113 μείζων

1083 1125 1099 1159 ἢ
1113 1124 1243 1160 πρότερον
1256 1131 1262 1137 ·
1275 1125 1320 1151 καὶ
1333 1126 1346 1151 ὁ
1355 1126 1404 1161 τῆς
1414 1124 1553 1156 πλινθείας
1572 1124 1653 1159 φόρος
1664 1123 1872 1156 ἐπαύξεταῳεαί

1082 1170 1281 1206 ἐπιπονώτερον
1290 1171 1320 1197 τὸ
1331 1171 1471 1205 ἐπίταγμα
1478 1170 1698 1206 καταπέμπεται,
1708 1170 1738 1196 οὐ
1747 1169 1785 1205 τῷ
1794 1168 1875 1204 πηλῷ

1083 1216 1155 1251 μόνῳ
1169 1215 1404 1248 κακοπαθούντων,
1419 1216 1487 1243 ἀλλὰ
1499 1217 1545 1243 καὶ
1560 1225 1592 1242 πε
1598 1216 1624 1251 p‘t
1634 1217 1663 1242 τὸ
1671 1216 1770 1251 ἄκυρόν
1780 1224 1809 1242 τε
1826 1215 1875 1242 καὶ

1081 1262 1130 1296 τὴν
1148 1262 1273 1297 καλάμην
1282 1262 1535 1299 ταλαιπωρούντων.
1553 1262 1607 1289 Τοῦ
1623 1262 1651 1289 δὲ
1667 1262 1765 1298 Φαραὼ
1784 1262 1873 1297 (τοῦτο

1081 1308 1135 1343 γὰρ
1147 1306 1180 1344 ἧν
1188 1308 1272 1343 ὄνομα
1281 1308 1320 1343 τῷ
1330 1309 1451 1344 τυράννῳ
1460 1309 1513 1335 τῶν
1529 1308 1695 1343 Αἰγυπτίων)
1712 1309 1767 1339 τοϊς
1781 1308 1873 1334 θεόθεν

1081 1354 1145 1389 παρ’
1155 1353 1237 1379 αὑτοῦ
1246 1352 1399 1388 γενομένοις
1409 1353 1530 1388 σημείοις
1538 1353 1765 1388 ἀντισοφιστεύειν
1772 1353 1814 1379 διὰ
1823 1353 1873 1388 τῆς

1081 1399 1134 1426 τῶν
1145 1399 1250 1434 γοήτων
1268 1399 1436 1434 μαγγανείας
1449 1399 1661 1435 ἐπιχειροῦντος,
1678 1400 1722 1425 ὅτε
1734 1399 1814 1426 πάλιν
1824 1399 1873 1425 τοῦ

1079 1445 1218 1477 Μωῡσέως
1231 1446 1261 1471 ὲν
1283 1445 1434 1480 ὀφθαλμοῖς
1458 1445 1512 1472 τῶν
1529 1445 1684 1480 Αἰγυπτίων
1706 1444 1754 1479 τὴν
1776 1444 1873 1480 ράδδον

1043 1501 1064 1530 c
1081 1491 1178 1518 ἑαυτοῦ
1193 1492 1225 1527 θη
1232 1491 1387 1527 ριώσαντος,
1402 1492 1431 1518 τὸ
1445 1492 1501 1518 ἴσον
1511 1491 1639 1526 ἐνομίσθη
1660 1491 1872 1525 θαυματοποιεῖν

1083 1538 1100 1572 ἡ
1117 1537 1228 1572 γοητεία
1244 1538 1272 1564 ἐν
1290 1538 1350 1568 ταῖς
1366 1536 1420 1563 τῶν
1437 1537 1531 1572 μάγων
1548 1536 1666 1572 ῥάϐδοις,
1682 1536 1736 1562 Καὶ
1749 1535 1870 1571 ἠλέγχθη

1081 1582 1124 1608 διὰ
1137 1583 1185 1617 τῆς
1195 1582 1334 1617 ἐνεργείας
1348 1582 1379 1608 τὸ
1390 1582 1510 1617 σόφισμα
1520 1590 1526 1596 ·
1547 1582 1682 1615 δείξαντος
1698 1580 1745 1607 τοῦ
1757 1581 1873 1616 δράκον-

1080 1635 1126 1659 τος
1138 1627 1184 1653 τοῦ
1208 1629 1239 1654 ἐκ
1259 1628 1309 1662 τῆς
1331 1627 1469 1659 Μωῢσέως
1491 1627 1588 1662 ῥάϐδου
1614 1626 1826 1662 μεταϐληθέντος
1839 1627 1871 1652 ἐκ

1081 1673 1128 1699 τοῦ
1139 1673 1281 1708 διαφαγεῖν
1294 1673 1327 1699 τὰ
1344 1674 1459 1708 γοητικὰ
1472 1673 1548 1706 ξύλα,
1562 1674 1624 1704 τοὺς
1637 1673 1711 1707 ὄφεις
1722 1672 1812 1706 δῆθεν,
1829 1673 1872 1698 ὅτι

1083 1717 1208 1753 οὐδεμίαν
1225 1718 1376 1753 ἀμυντικὴν
1396 1718 1456 1744 οὐδὲ
1478 1718 1595 1753 ζωτικὴν
1615 1726 1675 1744 τινα
1699 1717 1812 1752 δύναμιν
1831 1715 1870 1743 εἴ·

239 1767 287 1792 χον
300 1759 327 1785 αί
347 1758 402 1785 τῶν
420 1758 525 1793 γοήτων
546 1757 648 1793 ῥάϐδοι,
665 1757 734 1793 πλὴν
748 1758 795 1785 τοῦ
818 1760 964 1794 σχήματος,
980 1761 993 1787 ὃ
1010 1763 1065 1793 τοῖς
1088 1763 1234 1798 ὀφθαλμοῖς
1253 1766 1307 1789 τῶν
1326 1763 1532 1798 εὐεξαπατήτων
1546 1764 1563 1798 ἡ
1576 1763 1684 1798 γοητεία
1703 1762 1872 1798 σοφισαμένη

243 1805 391 1841 παρέδειξε,
413 1804 479 1830 Τότε
506 1803 725 1839 συμφρονοῦντας
746 1803 807 1832 ἰδὼν
824 1806 838 1831 ὁ
857 1806 976 1841 Μωῦσῆς
995 1807 1033 1842 τῷ
1053 1809 1250 1844 καθηγουμένῳ
1269 1809 1317 1844 τῆς
1338 1809 1436 1841 κακίας
1456 1809 1509 1835 πᾶν
1531 1809 1561 1835 τὸ
1584 1808 1756 1843 ὑποχείριον,
1778 1807 1871 1843 κοινὴν

240 1853 336 1886 ἐπάγει
355 1852 435 1879 παντὶ
450 1851 487 1887 τῷ
507 1851 576 1878 ἐθνει
605 1851 659 1878 τῶν
683 1852 838 1886 Αἰγυπτίων
857 1853 973 1889 πληγὴν,
1000 1855 1095 1882 οὐδένα
1118 1856 1166 1891 τῆς
1182 1856 1237 1883 τῶν
1260 1856 1351 1883 κακῶν
1370 1856 1467 1891 πείρας
1482 1855 1683 1890 ὑπεξελόμενος.
1705 1855 1873 1881 Συνεκινεῖτο

240 1899 266 1925 δὲ
277 1899 350 1934 αὐτῷ
363 1899 430 1934 πρὸς
444 1898 491 1934 τὴν
506 1898 631 1933 τοιαύτην
652 1898 723 1925 κατά
736 1899 789 1925 τῶν
807 1900 962 1933 Αἰγυπτίων
976 1901 1072 1936 ὁρμὴν,
1089 1899 1144 1929 οἷόν
1164 1911 1206 1934 τις
1234 1903 1348 1938 στρατὸς
1366 1902 1530 1937 ὑποχείριος,
1545 1901 1615 1927 αὐτὰ
1626 1901 1660 1928 τά
1677 1901 1794 1935 στοιχεῖα
1815 1898 1872 1926 τῶν

240 1944 333 1975 ὀντων,
347 1943 380 1970 τὰ
405 1944 434 1970 ὲν
448 1943 486 1978 τῷ
502 1944 583 1970 παντὶ
604 1943 787 1979 θεωρούμενα,
801 1944 837 1979 γῆ
855 1953 886 1971 τε
904 1945 951 1972 καὶ
968 1945 1034 1981 πῦρ,
1054 1947 1101 1973 καὶ
1116 1947 1180 1983 ἀὴρ,
1196 1947 1243 1974 καὶ
1256 1947 1337 1982 ὕδωρ,
1354 1948 1387 1982 τῇ
1403 1947 1560 1982 προαιρέσει
1575 1946 1628 1972 τῶν
1646 1945 1796 1982 ἀνθρώπιον
1821 1945 1872 1976 τὰς

240 1990 377 2027 ἆνεργείας
396 1990 651 2022 συνεξαλλάσσοντα.

277 2038 377 2065 Eodem
389 2037 460 2064 enim
472 2044 580 2072 quoque
591 2041 711 2072 tempore
723 2040 804 2071 atque
819 2037 914 2064 eodem
930 2038 957 2065 in
970 2038 1031 2066 loco

241 2082 326 2110 Judaei
339 2083 372 2109 ab
383 2082 471 2110 ollicio
484 2090 539 2109 non
554 2082 722 2114 recedentes,
733 2082 770 2108 nil
786 2082 848 2108 mali
865 2083 1030 2112 sentiebant.

242 2129 362 2164 Egyptii
386 2136 452 2156 vero
474 2135 615 2163 perperam
635 2131 662 2155 et
680 2128 831 2162 cogitantes
859 2133 887 2156 et
922 2134 1032 2164 agentes

242 2175 342 2201 acriter
353 2175 551 2209 plectebantur.
561 2172 627 2200 Nam
642 2180 711 2207 aqua
722 2181 769 2208 per
783 2173 937 2201 universam
951 2174 1032 2211 Αἰπ-

242 2225 317 2255 ptum
333 2222 359 2247 in
377 2221 535 2254 sanguinem
547 2219 661 2254 jubente
675 2218 767 2254 Moyse
780 2227 913 2248 conversa
928 2228 979 2255 est,
1000 2226 1029 2249 ut

242 2267 284 2294 vel
296 2267 386 2300 pisces
397 2266 448 2300 ipsi
464 2266 496 2292 ab
504 2272 635 2300 aquarum
647 2264 833 2292 crassitudine
841 2273 939 2293 carnea
952 2274 1030 2294 neca-

243 2317 337 2338 rentur
344 2320 352 2338 :
359 2310 459 2338 Iudaeis
468 2311 533 2338 solis
539 2312 649 2345 sanguis
661 2319 731 2346 aqua
739 2315 797 2338 erat
805 2311 1031 2346 limpidior.Unde

241 2357 337 2384 habuit
346 2357 517 2383 occasionem
528 2363 572 2383 ars
581 2357 685 2390 magica
705 2357 846 2391 sanguinis
865 2358 981 2392 speciem
1002 2358 1030 2385 in

242 2410 322 2437 aqua,
349 2410 409 2436 qua:
433 2401 504 2436 apud
528 2401 654 2429 Hebraeos
679 2403 874 2435 inveniebatur,
898 2403 1032 2431 fallaciter

242 2447 434 2474 adumbrandi.
461 2447 592 2475 Similiter
615 2455 724 2483 quoque
751 2456 880 2476 ranarum
909 2450 1030 2484 irrepens

242 2493 400 2524 multitudo,
417 2501 531 2528 quarum
545 2494 684 2528 generatio
699 2502 753 2522 non
768 2496 885 2522 naturali
902 2504 984 2523 cursu
1000 2503 1030 2524 e-

243 2539 432 2570 lementorum,
445 2539 492 2567 sed
504 2540 616 2571 coactis,
630 2543 660 2567 ut
672 2540 709 2567 ita
718 2541 817 2572 dicam,
827 2540 1031 2575 elementis,ju-

243 2585 322 2612 bente
339 2584 430 2620 Moyse
449 2585 520 2612 facta
539 2590 590 2618 est,
609 2589 637 2613 et
654 2587 770 2620 repletas
785 2586 880 2614 domos
896 2586 1030 2614 infestans

241 2630 308 2658 Solis
323 2631 480 2665 turpissima
490 2631 625 2666 Egyptiis
636 2631 769 2658 inferebat
784 2631 910 2659 fastidia:
924 2631 1030 2660 Iudaeo-

242 2684 300 2702 rum
320 2683 383 2702 vero
407 2677 461 2702 vita
475 2676 541 2703 nihil
555 2685 586 2703 ex
604 2677 758 2711 bujusmodi
780 2677 901 2704 bestiolis
922 2678 1027 2705 incom-

242 2720 312 2746 modi
325 2721 486 2754 patiebatur.
504 2720 550 2747 Sic
562 2721 643 2748 etiam
658 2728 705 2747 aer
719 2721 820 2747 nullam
830 2721 882 2748 diei
894 2730 926 2749 ac
939 2723 1028 2750 noutis

241 2764 358 2792 faciebat
375 2766 569 2798 differentiam,
589 2765 723 2800 {Egyptiis
738 2766 764 2792 in
785 2766 879 2794 eadem
898 2768 1027 2796 continue

241 2811 424 2840 crassitudine
441 2802 652 2846 palpitantibus:
674 2815 701 2839 at
715 2810 816 2840 Judteis
833 2813 900 2841 nihil
914 2814 976 2841 novi
989 2816 1028 2842 af-

1117 2041 1156 2076 Τῇ
1171 2041 1225 2077 γὰρ
1239 2041 1307 2076 αὐτῇ
1327 2041 1451 2076 δυνάμει,
1468 2041 1539 2068 κατὰ
1558 2041 1603 2068 τὸν
1621 2041 1701 2068 αὐτὸν
1717 2041 1762 2067 καὶ
1776 2041 1871 2075 χρόνον

1083 2077 1131 2112 καὶ
1143 2087 1233 2119 τόπον,
1250 2087 1280 2114 τό
1292 2096 1321 2114 τε
1333 2086 1468 2115 ἀτακτοῠν
1481 2087 1633 2120 ἐκολάζετο,
1645 2088 1690 2114 καὶ
1700 2087 1803 2118 ἀπαθὲς
1816 2087 1871 2113 διέο

1082 2140 1146 2166 μενε
1164 2131 1195 2158 τὸ
1211 2133 1310 2164 κακίας
1329 2132 1480 2168 ἐλεύθερον.
1498 2133 1593 2168 Πάσης
1606 2133 1660 2168 γὰρ
1671 2133 1732 2159 τότε
1746 2132 1795 2167 τῆς
1815 2132 1871 2158 τῶν

1081 2177 1184 2204 ὑδάτων
1200 2178 1307 2212 φύσεως
1323 2178 1394 2205 κατὰ
1409 2178 1457 2214 τὴν
1475 2178 1610 2212 Αἴγυπτον
1625 2178 1663 2212 τῷ
1678 2178 1871 2213 προστάγματι

1081 2223 1220 2254 Μωῦσέως
1239 2224 1279 2254 είς
1298 2221 1367 2259 αἷμα
1381 2224 1542 2259 τραπείσης,
1560 2224 1595 2256 ὡς
1617 2224 1663 2250 καὶ
1682 2225 1744 2255 τοὺς
1764 2223 1870 2258 ἰχθύας,

1082 2270 1122 2300 εἰς
1136 2269 1260 2304 σαρκώδη
1275 2270 1415 2306 παχύτητα
1428 2270 1474 2297 τοῦ
1489 2270 1583 2302 ὓδατος
1598 2271 1796 2306 μετατεθέντος,
1808 2271 1871 2297 δια-

1083 2314 1228 2350 φθαρῆναι,
1244 2316 1302 2347 τοῖς
1322 2316 1456 2352 Ἑϐραίοις
1470 2316 1629 2352 ἀρυομένοις
1646 2315 1734 2350 μόνοις
1751 2315 1823 2351 ὕδωρ
1838 2315 1871 2342 τὸ

1082 2359 1151 2395 αἷμα
1165 2358 1209 2395 ἦν.
1227 2361 1307 2388 Ὅθεν
1326 2361 1387 2397 ἔσχε
1402 2363 1449 2389 καὶ
1469 2363 1485 2397 ή
1508 2362 1660 2397 μαγγανεία
1676 2362 1771 2397 καιρὸν
1785 2362 1813 2388 ἐν
1829 2361 1870 2397 τῷ

1083 2406 1158 2441 παρά
1167 2407 1223 2437 τοῖς
1242 2406 1376 2442 Ἑϐραίοις
1387 2408 1572 2443 εὑρισκομένῳ
1583 2408 1657 2434 ὕδατι
1671 2408 1701 2434 τὸ
1717 2407 1870 2441 αἱματῶδες

1082 2449 1150 2483 εἶδος
1176 2452 1421 2487 παρασοφίσασθαι.
1439 2453 1574 2485 Ὡσαύτως
1591 2454 1638 2480 καὶ
1653 2453 1707 2480 τῶν
1726 2452 1869 2488 βατράχων

1082 2495 1258 2530 ἐφερψὰντων
1273 2497 1305 2531 τῇ
1319 2497 1448 2532 Αἰγύπτῳ
1458 2498 1529 2525 κατὰ
1546 2498 1576 2524 τὸ
1588 2498 1684 2533 ἀθρόον
1700 2495 1748 2533 (ὧν
1763 2499 1780 2533 ἡ
1791 2498 1869 2532 γένε-

1082 2549 1124 2572 σις
1136 2542 1185 2568 οὐκ
1200 2542 1344 2578 ἀκολουθίᾳ
1353 2543 1406 2569 τινὶ
1418 2544 1524 2578 φὺσεως
1535 2545 1714 2580 νενομισμένῃ
1726 2544 1794 2579 πρὸς
1806 2552 1869 2570 τοσ-

1081 2586 1158 2613 οὖτον
1181 2587 1261 2622 ὲχέθη
1284 2588 1385 2624 πλῆθος
1395 2597 1414 2620 ·,
1425 2589 1481 2615 ἀλλ’
1501 2590 1567 2616 αὐτὸ
1582 2590 1612 2616 τὸ
1627 2590 1799 2625 πρόσταγμα,
1817 2589 1869 2624 τῆς

1079 2633 1134 2659 τῶν
1151 2633 1293 2669 βατράχων
1307 2635 1462 2667 συστάσεως
1479 2636 1527 2671 τὴν
1543 2636 1724 2669 ἀναφανεῖσαν
1743 2635 1803 2662 τότε
1818 2634 1868 2661 τοῦ

1082 2677 1151 2710 ζώου
1176 2679 1257 2713 φύσιν
1286 2681 1490 2717 ὲκαινοτόμησε)
1505 2682 1535 2709 τδ
1557 2682 1607 2717 μὲν
1624 2682 1772 2716 Αἰγύπτιον
1793 2681 1868 2708 ἅπαν

1082 2726 1138 2755 τοῖς
1150 2724 1254 2759 θηρίοις
1270 2726 1375 2758 τούτοις
1395 2728 1464 2754 κατὰ
1486 2728 1535 2758 τὰς
1547 2729 1666 2762 οἰκήσεις
1683 2726 1868 2762 στενοχωρού-

1084 2778 1162 2804 μενον
1187 2771 1397 2807 κατεφθείρετο·
1423 2773 1477 2798 τῶν
1499 2773 1527 2799 δὲ
1545 2773 1676 2808 Ἑϐραίων
1699 2773 1749 2807 τῆς
1771 2771 1869 2806 ἀηδίας

1082 2816 1182 2851 ταύτης
1210 2817 1403 2853 ἐκαθάρευενὴ
1419 2817 1486 2854 ζωή.
1505 2819 1620 2851 Οὕτωςὸ
1636 2819 1688 2855 ἀὴρ
1707 2820 1764 2850 τοῖς
1781 2818 1869 2852 Δίγυ-
