1977 3071
208 80 254 107 Sil

820 83 848 111 S.
869 84 1031 114 GREGORII
1051 84 1199 112 NYSSENI

1781 88 1837 114 312

210 147 265 169 tam
281 131 419 175 pervenit:
437 142 476 169 sic
490 142 546 169 ictu
561 141 686 170 Mosaicae
701 143 783 179 virgae
796 145 824 172 in
838 145 991 180 oppositam

1048 145 1175 178 γίνεσθαι,
1201 146 1225 171 εἰ
1253 145 1323 172 κατά
1346 154 1372 172 τι
1397 145 1477 181 μέρος
1506 146 1591 182 αὐτῆς
1609 145 1695 180 ἀρχὴν
1720 145 1735 180 ἡ
1755 145 1838 180 ῥῆξις

209 195 295 222 usque
307 188 402 222 ripam,
415 189 566 223 hincatque
581 189 809 219 hinccedentibus
823 192 911 226 aquis,
927 191 995 218 scis-
1013 204 1017 208 -

208 240 271 259 sura
280 233 409 266 pervenit.
420 233 511 268 Itaque
524 233 593 261 facto
607 242 655 269 per
666 235 784 262 medium
794 237 903 271 pelagus
916 236 995 263 itine-

207 286 245 310 re,
256 285 308 304 una
322 286 381 305 cum
399 279 525 307 universo
542 281 639 316 populo
655 282 735 310 siccis
750 283 863 317 pedibus
884 282 994 316 profun-

207 324 267 350 dam
277 324 360 351 maris
377 325 503 360 abyssum
520 333 680 360 permensus
691 333 742 361 est,
756 335 806 356 nec
819 328 994 355 extimuitrc-

208 374 287 404 pente
294 374 396 397 structa
408 371 453 398 illa
466 379 500 399 ex
512 371 639 400 ﬂuctibus
649 374 759 406 Inmnia,
771 381 832 401 cum
843 378 993 409 utraqueex

208 421 284 449 parte
293 416 507 451 undaeaquarum
514 419 592 453 quasi
604 420 673 446 muri
685 420 874 448 consisterent.
888 420 995 447 Pharao

207 465 298 489 autem
314 463 415 496 impetu
433 463 514 490 animi
531 465 694 497 concitatus,
709 473 758 500 per
772 473 869 493 novam
881 466 954 492 illam
966 465 994 492 in

208 508 284 542 aquis
305 508 374 535 viam
395 509 557 544 insequitur.
573 509 641 536 Tum
659 517 724 538 vero
746 510 818 538 unda
841 511 920 537 unda:
940 510 993 537 ite-

208 559 267 578 rum
280 552 411 587 jungitur,
425 557 452 580 et
464 553 593 582 redeunte
604 554 630 581 in
644 559 731 582 semet
745 556 823 586 mari,
837 555 993 590 pristinum-

208 605 260 630 que
273 601 450 632 recuperante
466 602 577 630 statum,
593 606 646 626 una
660 599 688 625 lit
704 607 800 626 rursus
811 607 887 634 aqua:
900 599 991 627 facies.

207 641 311 669 Hebraei
330 642 363 670 ad
379 644 533 678 oppositum
544 644 620 672 littus
629 644 779 673 incolumes
787 653 847 672 cum
856 645 994 680 pervenis—

211 691 282 719 sent,
297 695 311 714 a
328 688 408 723 longo
422 697 469 723 per
482 689 599 716 medium
615 690 726 725 pelagus
742 691 839 718 itinere
851 691 994 726 quiescen-

208 736 378 765 tes,cantum
391 733 502 768 Deo,qui
516 734 687 762 incruentum
702 736 833 764 adversus
845 737 949 764 hostem
961 736 995 764 si-

208 775 236 802 bi
254 776 402 809 tropliaeum
425 778 590 812 praebuerat,
611 783 689 813 grato
709 781 799 807 animo
820 781 992 815 cecinerunt,

1046 189 1125 226 λάϐῃ,
1146 191 1204 217 κατ’
1228 191 1336 218 εὐθεῖαν
1358 192 1425 226 πρὸς
1445 192 1475 218 τὺ
1494 191 1585 226 ἕτερον
1602 191 1766 226 διεξέρχεται
1784 192 1837 217 πέ-

1047 244 1095 270 ρας
1109 245 1115 250 ·
1142 237 1212 263 οὕτω
1234 237 1335 268 παντὸς
1359 237 1404 264 τοῦ
1426 238 1559 271 πελάγους
1580 237 1698 270 ἐκείνου,
1714 237 1785 263 κατὰ
1804 237 1837 263 τὸ

1045 281 1129 316 ἄκρον
1146 282 1349 318 ὑπορραγέντος
1361 284 1394 318 τῇ
1404 282 1504 317 ῥάϐδῳ,
1522 283 1568 309 ἐπὶ
1580 282 1629 317 τὴν
1642 282 1836 318 ἀντικειμένην

1045 326 1132 361 ὄχθην
1151 327 1197 353 καὶ
1214 328 1230 361 ἠ
1241 327 1294 354 τῶν
1309 328 1437 363 κυμάτων
1453 328 1528 363 ῥῆξις
1548 329 1674 364 ἐπέρασε.
1687 328 1741 355 Καὶ
1751 337 1837 356 κατα-

1046 371 1096 403 6ἀς
1107 372 1154 398 ἐπὶ
1168 372 1198 399 τὸ
1210 372 1291 409 βάθος
1306 375 1320 400 ό
1328 374 1458 408 Μωῡσῆς.
1471 373 1529 400 καθ’
1539 373 1553 399 ὃ
1564 373 1694 408 διετμήθη
1705 373 1736 400 τὺ
1749 373 1836 400 πέλα-

1046 425 1103 450 γος,
1123 417 1171 443 σὺν
1182 419 1262 444 παντὶ
1275 419 1313 454 τῷ
1327 418 1385 454 λαῷ
1403 419 1492 454 βύθιος
1510 417 1554 454 ἦν,
1571 420 1599 446 ὲν
1618 419 1726 454 ἀϐρόχῳ
1743 427 1773 445 τε
1784 419 1836 445 καὶ

1045 461 1197 498 ἡλιουμένῳ
1225 462 1264 498 τῷ
1289 462 1412 499 σώματι·
1431 463 1476 490 καὶ
1499 463 1568 498 πεζῇ
1588 463 1638 495 τὰς
1650 463 1783 495 ἀϐύσσους
1803 464 1835 490 ὲν

1045 507 1119 543 ξηρῷ
1128 507 1167 543 τῷ
1183 508 1299 544 πυθμένι
1325 510 1374 544 τῆς
1396 508 1532 544 θαλάσσης
1550 508 1764 544 διεξερχόμενος,
1781 509 1835 536 οὐκ

1045 553 1172 580 ἐδεδοίκει
1198 554 1246 590 τὴν
1267 554 1437 589 αὐτοσχέδιον
1452 555 1556 590 ἐκείνην
1580 555 1612 581 ὲκ
1636 555 1764 590 κυμάτων
1774 563 1834 581 τει-

1044 599 1176 633 χοποιΐαν,
1193 599 1268 626 ἔνθεν
1281 600 1328 626 καὶ
1343 599 1428 633 ἐνθεν,
1441 600 1544 634 τείχους
1562 599 1649 635 δίκην,
1666 609 1835 636 παραπεπη-

1044 645 1124 679 γυίας
1140 645 1231 677 αὐτοῖς
1249 646 1280 672 ὲκ
1298 646 1419 680 πλαγίων
1432 647 1481 681 τῆς
1503 646 1602 681 ἇλμης.
1619 646 1671 673 Τοῦ
1687 647 1715 674 δὲ
1732 646 1835 682 Φαραὼ

1046 690 1116 724 μετὰ
1128 689 1180 716 τῶν
1191 690 1347 724 Αἰγυπτίων
1362 691 1582 722 συνεισπεσόντος
1595 691 1641 717 ἐπὶ
1652 691 1683 717 τὸ
1703 691 1834 725 πέλαγος,

1045 730 1116 762 κατὰ
1131 735 1181 771 τὴν
1192 736 1434 771 καινοτομηθεῖσαν
1446 736 1553 771 ἐκείνην
1567 737 1624 763 όδὸν
1633 738 1661 763 ὲν
1671 738 1726 768 τοῖς
1742 737 1833 768 ὕδασι,

1046 781 1128 807 πάλιν
1158 781 1322 808 συνάπτεται
1340 780 1371 807 τὺ
1394 781 1466 816 ὕδωρ
1479 781 1518 816 τῷ
1535 781 1621 813 ὓδατι,
1644 781 1691 808 καὶ
1714 781 1835 808 ἀνακλυ-

209 821 396 857 ΑΞςγριὶοι-υηι
408 824 527 850 exercitu
540 824 677 857 universo,
688 826 777 860 equis,
790 827 922 858 armis,ac
933 835 995 855 cur-

1048 826 1157 862 σθεισης
1172 827 1239 862 πρὸς
1251 827 1349 862 ἑαυτὴν
1364 827 1413 861 τῆς
1424 813 1561 862 θαλάσσης
1576 826 1646 853 κατὰ
1654 827 1683 853 τὸ
1700 827 1835 862 πρότερον

208 867 285 894 ribus
298 867 364 894 mari
376 868 522 904 absorptis.
542 869 603 896 Mox
620 871 706 905 pergit
724 871 839 906 Moyses,
860 873 996 908 triumque

209 913 313 941 dierum
331 913 426 941 itinere
442 915 577 948 confecto,
591 924 653 945 cum
670 924 739 952 aqua
754 918 891 950 dellceret,
907 919 933 945 in
947 927 995 945 ειη-

209 959 313 993 gnstias
323 959 466 994 redigitur,
481 969 536 988 non
552 961 692 992 inveniens
705 971 759 998 quo
774 963 845 991 sitim
859 965 995 993 exercitus

210 1006 354 1033 solaretur.
375 1005 439 1033 Erat
456 1014 583 1042 namque,
604 1008 637 1035 ad
655 1017 733 1043 quem
754 1013 845 1037 castra
862 1010 995 1042 locarant,

210 1051 286 1079 lacus
301 1052 410 1087 quidam
425 1053 592 1082 marinarum
605 1062 749 1090 aquarum,
761 1061 842 1091 atque
855 1057 922 1084 adeo
938 1065 997 1084 ma-

209 1096 269 1124 rina
285 1098 417 1132 amarior;
434 1099 478 1126 cui
494 1107 556 1126 cum
572 1100 752 1135 adsedissent,
767 1102 867 1137 sitique
883 1106 996 1138 torque-

209 1146 315 1175 rentur,
325 1142 430 1179 Moyses
440 1143 532 1172 divino
543 1147 663 1174 monitus
676 1148 798 1181 oraculo,
811 1148 913 1183 lignum
923 1148 995 1183 quod

211 1188 238 1215 in
255 1189 294 1216 eis
310 1189 377 1216 locis
389 1190 540 1222 invenerat,
556 1192 583 1218 in
603 1192 662 1220 illas
682 1200 767 1228 aquas
787 1194 900 1221 marinis
919 1201 997 1221 acer-

210 1234 301 1261 biores
317 1234 445 1263 immisit:
471 1240 498 1263 et
527 1236 611 1269 illico,
635 1241 733 1264 natura
759 1238 836 1273 ligni,
866 1246 996 1273 aquarum

211 1279 301 1305 ablata
321 1280 514 1314 amaritudine,
527 1281 620 1308 dulces
640 1285 722 1317 atque
743 1283 875 1316 potabiles
895 1283 998 1310 etl‘ectae

210 1324 331 1352 fuerunt.
353 1324 439 1353 Nubis
460 1326 558 1354 deinde
579 1326 674 1359 ductu,
696 1335 776 1362 quam
801 1329 996 1363 praecedentem

211 1372 406 1406 sequebantur,
417 1376 443 1400 et
454 1380 507 1408 qua
523 1377 612 1401 stante
628 1374 680 1408 ipsi
693 1381 801 1409 quoque
814 1379 903 1402 castra
917 1379 998 1403 meta-

211 1417 321 1450 bantur,
339 1418 373 1444 ad
388 1419 475 1446 locum
493 1418 638 1446 deveniunt
655 1419 734 1454 aquis
753 1424 835 1454 atque
854 1421 997 1448 arboribus

1047 873 1150 907 σχῆμα,
1163 872 1211 907 μία
1227 872 1273 898 τοῦ
1289 872 1384 904 ὓδατος
1396 873 1540 906 ἐπιφάνειά
1550 881 1580 898 τε
1590 873 1637 899 καὶ
1648 872 1708 907 ὄψις
1716 872 1832 906 γίνεται,

1046 918 1096 953 ἤδη
1111 917 1164 945 τῶν
1185 918 1358 954 Ἰσραηλιτῶν
1375 918 1421 944 ἐπὶ
1443 918 1492 952 τῆς
1510 918 1597 954 πέραν
1610 918 1699 953 ἠϊόνος
1716 918 1748 944 τὸ
1763 917 1833 944 πολύ

1045 972 1075 989 τε
1091 964 1137 990 καὶ
1150 963 1274 990 σύντονον
1301 964 1350 999 τῆς
1367 963 1411 990 διὰ
1423 963 1469 990 τοῦ
1484 964 1617 998 πελάγους
1634 964 1745 999 πορείας
1765 964 1834 990 ἀνω

1047 1009 1199 1041 παυόντων,
1213 1010 1258 1036 ὅτε
1271 1010 1318 1036 καὶ
1329 1009 1378 1045 τὴν
1395 1010 1526 1036 ἐπινίκιον
1541 1008 1612 1045 ἦσαν
1630 1009 1701 1044 ᾠδὴν
1713 1009 1750 1044 τῷ
1760 1007 1832 1043 Θεῷ,

1046 1055 1085 1090 τῷ
1096 1056 1157 1081 τότε
1176 1056 1343 1090 ἀναίμακτον
1355 1055 1424 1091 ὑπὲρ
1438 1055 1525 1082 αὐτῶν
1539 1055 1675 1090 ὲγείραντι
1692 1055 1833 1090 τρόπαιον,

1047 1100 1155 1126 πάντων
1172 1101 1340 1136 πανστρατιᾷ
1358 1101 1412 1127 τῶν
1431 1100 1598 1134 Αἰγυπτίων,
1617 1100 1707 1131 αὐτοῖς
1723 1099 1770 1126 καὶ
1789 1098 1835 1126 ῐπ-

1047 1155 1108 1178 ποις
1124 1146 1171 1172 καὶ
1181 1145 1272 1178 ὅπλοις
1287 1147 1333 1173 καὶ
1355 1146 1484 1182 ἅρμασιν,
1501 1147 1701 1182 ἀφανισθέντων
1721 1145 1772 1172 ὑπὸ
1783 1145 1834 1172 τοῦ

1048 1191 1153 1222 ὓδατος,
1171 1189 1237 1217 Εἶτα
1252 1190 1373 1227 πρόεισιν
1387 1192 1433 1218 ἐπὶ
1448 1191 1482 1218 τὰ
1503 1192 1597 1227 πρόσω
1612 1193 1626 1218 ὁ
1637 1191 1768 1225 Μωῦσῆς,
1783 1189 1835 1217 καὶ

1046 1236 1129 1272 τριῶν
1149 1234 1260 1272 ἡμερῶν
1284 1236 1397 1271 ἄνυδρον
1409 1236 1547 1267 διοδεύσας
1559 1236 1628 1268 ὁδὸν,
1649 1236 1677 1262 ὲν
1693 1233 1834 1270 ἀμηχανίᾳ

1047 1283 1162 1316 γίνεται,
1187 1282 1224 1316 μὴ
1239 1281 1307 1316 ἔχων
1321 1282 1395 1313 ὅπως
1408 1281 1455 1308 τοῦ
1475 1281 1590 1317 στρατοῦ
1603 1281 1632 1308 τὸ
1646 1280 1721 1315 δίψος
1742 1288 1833 1315 παρα-

1049 1328 1210 1364 μυθήσηται.
1228 1325 1282 1354 Ἦν
1304 1328 1357 1363 γάρ
1374 1336 1416 1360 τις
1428 1327 1520 1363 λίμνη,
1536 1327 1599 1363 περὶ
1615 1327 1647 1362 ἣν
1667 1325 1832 1361 ἐστρατοπέ-

1047 1375 1152 1405 δευσαν,
1185 1374 1329 1401 θαλασσίου
1361 1374 1465 1406 ὓδατος,
1485 1373 1583 1409 μᾶλλον
1599 1373 1627 1399 δὲ
1644 1371 1794 1407 πικροτέρα
1815 1371 1833 1405 ἢ

1048 1419 1118 1446 κατά
1130 1418 1275 1445 θάλασσαν.
1293 1418 1370 1446 Ἐπεὶ
1390 1415 1435 1444 οὖν
1459 1417 1678 1452 προσκαθήμενοι
1690 1414 1728 1450 τῷ
1745 1413 1832 1444 ὕδατι,

212 1463 440 1490 amoenissimum.
464 1464 610 1492 Duodecim
632 1465 703 1492 enim
727 1466 847 1493 fontibus
870 1467 997 1494 continue

1048 1464 1086 1500 τῷ
1101 1465 1172 1499 δίψει
1183 1463 1229 1490 τοῦ
1242 1463 1336 1495 ὕδατος
1353 1463 1548 1497 κατεφλὲγοντο
1559 1469 1565 1476 ·
1583 1460 1673 1487 θεόθεν
1683 1458 1755 1493 αὐτῷ
1766 1466 1835 1504 συμ-

213 1509 387 1544 irrigabatur,
397 1514 422 1536 et
434 1511 603 1546 septuaginta
615 1512 712 1547 palmis
722 1513 845 1541 consitus
859 1518 926 1545 erat,
936 1521 996 1548 quae

213 1563 298 1590 parvo
312 1555 364 1583 hoc
381 1563 504 1587 numero.
518 1564 550 1585 eo
561 1558 633 1592 quod
647 1558 849 1593 pulchritudine
861 1563 888 1586 et
902 1566 997 1594 proce—

213 1602 294 1628 ritate
309 1601 482 1633 excellerent,
503 1603 634 1630 miraculo
650 1603 804 1631 videntibus
822 1609 910 1631 erant.
928 1604 997 1631 Hinc

214 1651 287 1674 mota
304 1655 399 1674 rursus
412 1648 466 1674 dux
479 1648 525 1675 illa
539 1648 633 1681 nubes,
646 1649 729 1676 alium
743 1649 769 1676 in
785 1649 872 1676 IOcum
888 1649 998 1676 deduxit

214 1693 374 1720 exercitum.
386 1693 449 1720 Erat
465 1694 508 1721 hic
518 1698 607 1721 autem
620 1692 754 1727 desertus,
767 1703 848 1722 arena
862 1695 996 1728 obtectus,

214 1746 247 1765 ac
270 1739 380 1771 sterilis,
398 1747 448 1767 nec
466 1740 520 1767 ullo
537 1747 668 1774 aquarum
691 1741 792 1768 ﬂuento
812 1741 996 1775 irrigabatur:

214 1784 259 1811 ubi
280 1792 376 1812 rursus
395 1785 511 1820 populus
531 1786 576 1813 siti
598 1785 774 1821 alliigebatur.
792 1786 827 1813 At
845 1786 951 1822 Moyses
965 1793 999 1813 ex

215 1829 304 1864 lapide
320 1829 437 1864 quodam
452 1830 527 1865 virga
542 1838 683 1866 percusso,
705 1831 903 1865 jucundissima
919 1836 999 1866 atque

215 1875 404 1908 eopiosissima
416 1884 546 1911 aquarum
559 1877 659 1904 lluenta
671 1878 781 1904 exsilire
791 1878 861 1904 fecit.
871 1877 918 1904 llic
927 1886 1001 1905 com-

216 1924 323 1948 meatus
336 1922 417 1947 etiam
430 1922 528 1953 omnis,
544 1929 624 1956 quem
640 1927 768 1950 exeuntes
780 1923 814 1949 ab
824 1922 942 1957 ASgypto
954 1923 1001 1949 all-

217 1966 360 1997 dnxerant,
378 1973 439 1992 cum
457 1967 609 1998 defecisset.
624 1971 651 1994 et
664 1968 779 2002 populus
797 1967 866 1995 fame
894 1975 1001 2003 preme-

217 2017 304 2044 retur,
322 2013 480 2040 miraculum
498 2013 536 2045 lit,
559 2013 630 2048 quod
644 2021 699 2047 prae
713 2013 818 2040 caeteris
830 2017 872 2040 est
886 2013 1002 2040 incredi-

218 2057 291 2084 bile:
312 2064 366 2084 non
387 2064 402 2083 a
421 2061 492 2083 terra
507 2057 583 2091 ipsis,
599 2062 628 2083 ut
640 2057 718 2089 solet,
735 2065 795 2091 quae
815 2058 914 2084 victum
932 2066 1001 2092 prae-

219 2102 338 2133 stabant,
351 2102 519 2135 oriebantur,
532 2101 577 2128 sed
590 2109 605 2128 a
615 2101 685 2128 coelo
698 2102 819 2136 quotidie
833 2102 902 2130 roris
916 2102 1002 2130 instar

1047 1510 1146 1545 ϐουλῆς
1158 1509 1354 1544 γεγενημένης,
1373 1509 1449 1541 ξύλον
1465 1517 1491 1534 τι
1506 1507 1569 1543 περὶ
1582 1506 1628 1533 τὸν
1639 1505 1718 1533 τόπον
1735 1503 1833 1538 εὑρὼν,

1047 1554 1175 1590 ἐμϐάλλει
1197 1553 1236 1589 τῷ
1261 1554 1354 1581 ὕδατι·
1378 1553 1408 1580 τὸ
1430 1553 1458 1579 δὲ
1476 1551 1646 1587 παραχρῆμα
1659 1550 1772 1584 πότιμον
1788 1546 1833 1582 ἦν,

1046 1599 1093 1625 τοῦ
1109 1599 1186 1630 ξύλου
1201 1600 1234 1634 τῇ
1246 1599 1334 1633 οἰκείᾳ
1348 1598 1459 1632 δυνάμει
1470 1597 1518 1632 τὴν
1529 1597 1574 1623 τοῦ
1592 1595 1685 1626 ὓδατος
1700 1594 1780 1628 φύσιν
1794 1593 1834 1624 είς

1048 1645 1143 1680 ἡδονὴν
1167 1645 1199 1671 ὲκ
1222 1643 1332 1679 πικρίας
1356 1642 1599 1678 μετακεράσαντος.
1612 1641 1666 1675 Τῆς
1681 1639 1708 1665 δὲ
1721 1637 1834 1673 νεφέλης

1050 1689 1255 1725 μεταναστάσης
1269 1689 1315 1714 ἐπὶ
1328 1689 1361 1715 τὰ
1372 1688 1475 1724 πρόσω,
1494 1688 1614 1714 κάκεῖνοι
1626 1686 1671 1712 ἐπὶ
1685 1686 1717 1720 τῇ
1729 1683 1835 1718 κινήσει

1048 1735 1094 1762 τοῦ
1108 1734 1267 1770 ὁδηγοῦντος
1280 1733 1539 1769 συμμετανίσταντο,
1550 1729 1677 1757 ἁεὶτοῦτο
1684 1727 1834 1758 ποιοῦντες,

1049 1780 1198 1816 παυόμενοι
1213 1789 1244 1807 τε
1261 1780 1310 1815 τῆς
1330 1778 1452 1814 πορείας,
1469 1779 1497 1804 ὲν
1511 1774 1587 1812 ᾧπερ
1606 1777 1638 1802 ἂν
1654 1775 1775 1811 ἡστάσις
1785 1774 1835 1808 τῆς

1050 1827 1162 1862 νεφέλης
1190 1827 1219 1853 τὸ
1238 1827 1286 1861 τῆς
1314 1825 1493 1856 ἀναπαύσεως
1518 1824 1600 1850 ἔδωκε
1626 1821 1760 1856 σύνθημα,
1788 1820 1835 1846 καὶ

1050 1874 1213 1909 ἀπαίροντες
1238 1872 1328 1904 πάλιν,
1353 1867 1439 1906 οὗπερ
1457 1870 1489 1897 ἂν
1513 1871 1529 1905 ἡ
1549 1869 1647 1904 νεφέλη
1663 1868 1711 1902 τῆς
1725 1865 1835 1901 πορείας

1051 1920 1139 1947 αὐτῶν
1165 1918 1335 1953 ἀφηγήσατο.
1359 1916 1604 1950 Καταλαμϐἁνουσι
1630 1914 1668 1944 δὲ,
1688 1911 1726 1947 τῷ
1746 1911 1836 1946 ὁδηγῷ

1050 1964 1136 1999 τούτῳ
1160 1963 1298 1998 ἑπόμενοι,
1316 1962 1399 1988 τόπον
1425 1961 1501 1987 ὕδατι
1530 1960 1637 1994 ποτίμῳ
1655 1957 1835 1993 κατάῤῥυτον,

1051 2009 1240 2037 δυοδεκαίδεκα
1253 2009 1353 2043 πηγαῖς
1360 2006 1482 2041 ἀφθόνως
1495 2004 1733 2041 περικλυζόμενον.
1748 2000 1837 2028 Ἐὗδο-

1055 2058 1174 2092 μήκοντα
1203 2055 1231 2081 δὲ
1256 2053 1325 2089 ἦσαν
1353 2054 1377 2080 οἱ
1401 2053 1530 2087 φοίνικες,
1556 2048 1702 2086 ἀρκοῦντες
1727 2047 1774 2074 καὶ
1807 2047 1837 2092 ὲν

1053 2090 1135 2136 ὃλίγῳ
1169 2100 1207 2135 τῷ
1235 2098 1344 2134 ἀριθμῷ
1368 2098 1434 2124 πολὺ
1467 2097 1577 2130 ποιῆσαι
1606 2095 1662 2125 τοῖς
1693 2092 1776 2128 ὁρῶσι
1806 2090 1837 2116 τὺ

219 2147 381 2174 deﬂuebant.
405 2147 510 2174 Etenim
533 2147 584 2175 sub
606 2148 795 2182 crepusculum
817 2148 933 2182 sparsim
958 2156 997 2176 ros

1056 2145 1209 2182 Οαῷαπῷ
1227 2145 1385 2180 ὑπεραίρειν
1402 2143 1471 2170 κατὰ
1488 2143 1518 2169 τὸ
1531 2140 1626 2171 καλλος
1637 2148 1666 2165 τε
1688 2138 1735 2165 καὶ
1755 2136 1837 2172 μέγε-

219 2193 435 2227 diﬂ‘undebatur,
457 2194 502 2229 qui
527 2193 554 2220 in
576 2194 666 2221 cibum
688 2201 718 2221 se
733 2193 814 2220 dabat
832 2193 1001 2229 legentibus:

220 2243 298 2276 isque
308 2249 362 2269 non
376 2248 492 2276 aqucum
506 2244 575 2273 erat,
590 2245 619 2268 ut
631 2241 658 2268 in
674 2248 735 2268 rore
747 2240 805 2267 ﬁeri
820 2241 930 2272 assolet,
943 2240 1003 2268 stil-

219 2288 352 2322 licidium,
372 2287 420 2315 sed
440 2288 498 2314 loco
516 2292 652 2323 guttarum
667 2287 818 2322 crystallini
838 2286 956 2321 grumuli
976 2286 1003 2312 in

219 2333 356 2361 coriandri
373 2333 485 2361 seminis
498 2333 610 2360 formam
624 2333 788 2367 conglobati,
802 2332 872 2367 quod
888 2331 1005 2359 rustica-

219 2381 267 2407 tim
279 2379 378 2407 dicitur
391 2379 556 2415 κολίανδρον,
573 2380 791 2407 descendebant:
810 2379 856 2414 qui
865 2379 898 2406 ad
913 2378 1003 2405 cibum

220 2426 327 2453 collecti
343 2429 451 2460 gustum
467 2425 554 2452 mellis
572 2433 639 2459 pene
653 2425 810 2452 alTei-ebant.

1057 2196 1111 2226 θος.
1133 2192 1218 2219 Πάλιν
1244 2191 1370 2217 κάκεῖθεν
1394 2191 1407 2216 ὁ
1426 2188 1522 2224 ὁδηγὺς
1538 2189 1555 2223 ἡ
1575 2186 1671 2221 νεφέλη
1690 2184 1757 2219 πρὸς
1779 2183 1836 2209 ἓτε-

1059 2248 1104 2276 ρον
1132 2239 1192 2272 ἀγει
1211 2237 1291 2263 τόπον
1318 2235 1363 2262 τὸν
1386 2234 1499 2269 στρατὸν
1514 2233 1698 2267 ἀναστήσασα.
1717 2229 1838 2276 Ἔρημος

1056 2273 1084 2312 δέ
1104 2293 1146 2316 τις
1171 2279 1247 2313 οὗτος
1277 2278 1332 2316 ἦν,
1363 2281 1391 2307 ὲν
1418 2279 1548 2314 αὑχμηρᾷ
1580 2278 1626 2304 καὶ
1655 2273 1837 2307 διακεκαλυμ-

1060 2331 1126 2366 μένῃ
1160 2329 1192 2364 τῇ
1230 2327 1357 2362 ψάμμῳ,
1408 2325 1542 2360 μηδεμιᾶς
1565 2322 1682 2366 γὺὃάτων
1729 2318 1838 2366 ίκμαδος

1059 2362 1268 2407 ύπονοτιζούσης
1295 2371 1339 2397 τὸν
1370 2370 1474 2405 χῶρον,
1505 2370 1533 2395 ὲν
1559 2365 1581 2402 ᾧ
1606 2367 1686 2394 πάλιν
1711 2365 1757 2391 τοι]
1777 2362 1838 2389 λαὸν

1056 2420 1104 2447 τοῦ
1118 2420 1210 2453 δίψους
1227 2417 1474 2451 καταπονήσαντος,
1493 2415 1580 2449 πέτρα
1591 2421 1634 2444 τις
1649 2411 1694 2437 ἐπὶ
1704 2408 1838 2445 γεωλόφου

222 2474 311 2510 ῥάϐδῳ
334 2455 468 2508 πληγεῖσα
490 2455 632 2508 παρὰ-τοῦ
657 2473 806 2503 Μωῦσέως,
823 2470 894 2506 ὕδωρ
909 2470 1045 2497 ἐκδίδωσιν
1060 2468 1107 2504 ἡδύ
1130 2475 1160 2513 τε
1176 2466 1233 2513 qua}
1250 2463 1456 2513 πότιμονκκαὶ⁵
1536 2460 1629 2513 γρείας
1645 2458 1691 2513 τοῦ
1714 2455 1838 2513 coercitos

221 2504 286 2547 λαοῦ
297 2504 504 2554 δαψιλέστερον.
521 2504 604 2545 ’Ἔνθα
618 2518 650 2552 δὴ
666 2518 712 2543 καὶ
725 2518 774 2552 τῆς
788 2504 964 2551 παρασκευῆς
980 2514 1033 2541 τῶν
1050 2512 1158 2549 τροφῶν
1174 2509 1361 2543 ἐπιλιπούσης,
1380 2508 1412 2543 ἢν
1427 2507 1457 2539 ἐξ
1479 2507 1616 2554 Αἰγύπτου
1632 2505 1698 2554 προς
1713 2504 1762 2554 την
1775 2504 1838 2554 ὁδοι-

222 2567 320 2603 πορίαν
337 2567 532 2598 ἐπεσιτίσαντο,
549 2565 594 2592 καὶ
606 2565 676 2600 λιμῷ
696 2564 743 2591 τοῦ
763 2563 827 2590 λαοῦ
855 2562 1032 2597 πιεζομένου⁸
1054 2561 1157 2594 γίνεται
1176 2557 1206 2584 τὸ
1220 2554 1526 2605 πάντων-ἀπιστότατο;ι
1549 2552 1650 2605 eauti.
1668 2551 1718 2576 οὐκ
1733 2551 1765 2605 ἐξ

222 2595 294 2640 κατὰ
305 2613 335 2640 τὸ
348 2595 549 2648 νενομισμένον,
564 2595 725 2645 αὑτοέςπτῆς
746 2609 847 2643 τροφῆς
866 2595 1039 2641 φαινομένης,
1053 2604 1109 2631 ἀλλ’
1128 2602 1228 2630 ἄνωθεν
1247 2602 1279 2627 ὲκ
1297 2599 1342 2626 τοῦ
1365 2598 1478 2648 ούρανοῦ
1491 2596 1662 2648 λδροσοειδως
1679 2595 1841 2648 καταρρεομ-

223 2670 282 2696 σης.
301 2660 400 2695 Δρόσος
410 2642 469 2694 ’γὰρ
486 2642 576 2689 αὐτοῖς
589 2642 710 2691 ἑπεχεῖτο
727 2642 797 2682 κατὰ
813 2642 858 2681 τὸν
874 2654 986 2690 ὖρϐρον·
1003 2652 1091 2690 τροφὴ
1107 2651 1139 2688 δὲ
1151 2652 1209 2698 τοῖς
1228 2647 1476 2698 ὑποδεχομένοις-ί).
1489 2645 1581 2698 δρόσος
1597 2644 1709 2698 ἐγίνετο,

223 2686 407 2742 ἐκχεόμενον,
422 2686 460 2731 οὐ.
475 2705 550 2740 ῥανὶς
567 2686 703 2738 ύδατύλδης
714 2701 758 2737 ἦν,
773 2701 863 2732 καθὼς
880 2686 994 2734 σύνηθές
1015 2686 1090 2725 ἐστιν
1106 2686 1133 2723 ἓν
1148 2696 1235 2742 δρόσῳ
1258 2693 1397 2742 γίνεσθαιῖ
1422 2692 1476 2742 ἀλλ’
1494 2691 1553 2741 ἀντ)ἶ
1573 2690 1709 2742 σταγόνων
1723 2686 1840 2742 ’θρόμὸοι

224 2735 295 2783 τινὲξ
312 2735 545 2787 κρυσταλλοειδεῖςν
559 2749 589 2775 τὸ
604 2735 686 2780 εἶδος,
703 2735 774 2774 κατὰ
800 2747 830 2773 τὸ
856 2745 959 2781 σχῆμα,
984 2744 998 2770 ὃ
1018 2741 1183 2778 ὁιγροικικῶς
1204 2740 1310 2787 λέγεται
1335 2738 1487 2772 κολίανδρον
1506 2735 1553 2763 τοῦ
1574 2735 1665 2771 κορίου
1679 2735 1840 2768 σπέρματος.

226 2786 423 2838 «gemmea-rs;
443 2795 598 2830 κατέρρεον,
616 2791 652 2821 ὧν
668 2796 684 2828 ή
705 2793 797 2828 γεῦσις
808 2793 856 2828 τὴν
868 2793 914 2819 τοῦ
932 2791 1038 2827 μέλιτος
1056 2789 1151 2825 ἡδονὴν
1166 2786 1334 2822 ὑπεκρίνετο.
