1977 3071
60 99 112 128 313

62 203 92 229 τὸ
109 203 209 234 πάντας
225 203 271 228 ἐπὶ
287 201 335 240 τῂν
360 202 489 238 συλλογὴν
506 202 642 235 ἐξιόντας,
661 203 689 228 ὲν
709 203 846 238 διαφόροις

64 249 109 281 (ὡς
119 248 202 282 ιίκὺς)
218 247 335 282 ἡλικίαις
345 256 374 273 τε
385 248 431 274 καὶ
441 248 578 282 δυνάμεσι,
591 249 657 283 μήτε
669 248 777 275 ἔλαττον
789 249 846 275 ’ἐτε-

64 302 108 329 ρον
121 293 223 328 ἑτέρου,
239 292 308 319 κατὰ
323 293 371 327 τὴν
382 294 430 328 τῆς
442 293 581 327 δυνάμεως
594 293 732 328 διαφορὰν,
750 302 845 328 συγκο-

65 338 188 373 μίζεσθαι
198 346 205 354 ·
220 338 288 365 ἀλλὰ
302 338 457 374 μετρεῖσθαι
469 340 501 373 τῇ
517 339 630 365 ἑκάστου
647 339 723 375 χρείᾳ
736 339 767 365 τὸ
784 348 846 366 συν-

65 385 204 419 αγόμενον,
219 384 256 415 ὡς
273 385 340 419 μήτε
361 384 405 410 τὸν
416 383 599 420 δυνατώτερον
614 385 644 410 τὸ
659 385 739 412 πλέον
762 385 843 420 ἔχειν,

67 429 133 463 μήτε
156 428 327 455 ἐλαττοῦσθαι
342 428 390 464 τῆς
412 429 560 463 ἰσομοιρίας
574 429 621 455 τὸν
643 429 846 465 ἀσθενέστερον.

65 474 148 500 Πάλιν
170 474 216 499 ἐπὶ
228 474 315 508 τούτῳ
329 473 420 508 ἕτερον
435 473 525 508 θαῦμα
540 475 556 509 ἡ
573 475 678 510 ίστορία
693 476 784 511 φησὶν,
805 477 845 502 ὅτι

65 518 94 544 τὸ
107 518 173 554 πρὸς
192 519 297 554 ἡμέραν
317 518 430 549 ἕκαστος
444 519 631 553 κομιζόμενος,
648 520 724 546 οὐδὲν
740 521 780 552 εἰς
797 523 846 557 τὴν
869 535 874 539 ι

64 564 128 598 ἑξῆς
145 563 297 591 ἀπετίθετο.
327 563 372 598 Τῷ
398 564 425 590 δὲ
447 564 575 600 φειδωλία
596 565 650 591 τινὶ
672 565 740 601 πρὸς
751 567 798 602 τὴν
815 568 847 593 ὲκ

64 611 113 646 τῆς
128 611 265 646 παρούσης
279 611 381 645 τροφῆς
395 611 580 646 ταμιεύσαντι,
591 611 725 647 ἄχρηστον
735 611 768 648 ἦν
779 613 847 648 πρὸς

64 656 166 690 τροφὴν
190 655 221 682 τὸ
243 657 389 688 ἀπόθετον,
416 657 455 688 είς
481 657 630 692 σκωλήκων
658 657 738 692 φύσιν
763 667 846 694 μετα-

65 701 233 736 ποιούμενον.
250 701 382 736 Πρόσεστί
396 710 422 727 τι
441 701 487 728 καὶ
501 701 564 728 ἄλλο
580 703 612 737 τῇ
635 703 709 738 παρὰ
724 703 773 738 τῆς
784 711 847 738 τρο-

64 746 117 780 φῆς
133 746 232 780 ταύτης
255 747 358 782 ἱστορίᾳ
373 746 532 782 παράδοξον.
558 747 618 774 Τῶν
639 747 693 782 γὰρ
709 748 757 783 τῆς
771 748 847 774 ἐϐδο-

66 791 148 826 μάδος
161 791 271 827 ἡμερῶν
289 792 339 826 τῆς
360 793 433 827 μιᾶς,
450 793 519 819 κατά
532 801 591 819 τινα
614 793 692 827 λόγον
707 795 845 829 μυστικὸν,

715 102 757 128 DE
776 102 855 129 VITA
876 100 1014 129 MOYSIS.

96 156 187 192 Τούτῳ
196 156 224 183 δὲ
235 156 275 191 τῷ
289 157 405 192 θαύματι
424 156 613 193 συνεθεωρεῖτο
628 158 673 184 καὶ
689 157 719 184 τὸ
736 159 826 194 ἕτερον
836 167 842 173 ·
859 162 880 189 Α

1635 100 1686 130 314

936 158 1003 184 lluie
1022 158 1151 186 miraculo
1176 159 1321 186 accedebat
1350 164 1376 186 et
1391 159 1484 186 aliud:
1509 159 1602 187 multis
1612 161 1684 187 enim

899 210 952 231 nec
970 203 1026 236 pari
1039 206 1126 236 artate,
1145 211 1195 230 nec
1207 203 1321 234 viribus,
1341 207 1368 230 ut
1396 208 1607 231 Consentaneum
1632 208 1685 236 est,

899 249 1053 284 {ritualibus
1070 249 1103 275 ad
1121 249 1307 276 collectionem
1321 248 1529 280 confluentibus,
1556 257 1612 276 non
1635 250 1683 277 nti-

901 304 952 323 nus
971 295 1041 323 alter
1061 296 1156 327 altero,
1175 299 1221 322 aut
1249 303 1358 330 propter
1377 299 1493 326 aetatem,
1509 299 1556 321 aut
1576 299 1685 330 propter

899 341 1087 369 inﬁrmitatem
1114 341 1166 368 sibi
1190 341 1338 375 assumpsit
1368 350 1374 368 :
1406 348 1456 367 nec
1486 340 1531 375 qui
1561 341 1684 372 validior,

899 387 949 414 sibi
963 387 1024 422 plus
1045 393 1125 422 quam
1141 389 1212 413 esset
1225 393 1304 420 opus,
1321 393 1370 412 nec
1387 386 1433 420 qui
1451 385 1582 412 infirmior
1596 386 1686 412 minus

899 433 926 459 in
941 439 973 458 eo
987 433 1030 459 die
1041 431 1130 467 potuit
1148 431 1278 465 arripere.
1305 431 1382 458 Aliud
1402 431 1513 466 insuper
1524 431 1685 457 miraculum

901 477 1014 504 historia
1026 478 1119 508 habet,
1132 476 1204 511 quod
1222 477 1325 503 scilicet
1338 484 1393 504 uno
1409 476 1453 503 die
1469 477 1611 503 collectum
1629 475 1687 502 fue-

899 527 950 552 rat.
962 522 1022 556 eju’s
1038 521 1105 548 nihil
1118 521 1229 548 omnino
1246 521 1271 547 in
1290 521 1441 548 crastinum
1465 520 1548 547 fuisse
1562 527 1687 547 reserva-

899 570 967 593 tum.
985 566 1062 599 Quod
1072 567 1094 593 si
1105 566 1168 601 quis
1180 566 1276 592 timore
1293 565 1385 593 furtiut
1397 566 1542 600 quamdam
1558 566 1610 592 sibi
1625 573 1687 600 paro

899 609 1009 636 ticulam
1022 610 1054 636 ad
1069 610 1218 636 crastinum
1230 614 1432 642 conservasset,
1454 613 1539 636 totum
1555 609 1626 644 quod
1644 618 1687 637 re-

899 655 1018 689 positum
1046 658 1113 686 erat,
1145 663 1193 689 per
1219 659 1326 682 noctem
1355 660 1509 690 corruptum
1532 656 1558 682 in
1581 663 1686 683 vermes

900 699 1157 727 transformabatur.
1170 700 1218 728 Est
1231 701 1257 727 in
1275 701 1325 727 hac
1340 701 1451 728 historia
1465 700 1594 735 quiddam
1611 701 1688 727 mira-

900 745 954 772 bile
970 754 976 772 :
994 753 1054 772 nam
1074 754 1135 772 cum
1153 754 1185 773 ex
1202 746 1378 773 hebdomada:
1394 746 1491 773 diebus
1503 753 1556 772 una
1573 747 1686 781 mystica

901 791 1006 818 ratione
1021 791 1138 826 quadam
1150 793 1304 819 cessatione
1317 792 1350 819 ab
1360 791 1484 819 Hebraeis
1497 792 1685 823 houoraretur,

64 838 184 873 ἀπραξίᾳ
208 839 400 873 τετιμημένης,
418 839 447 865 ἐν
471 840 502 874 τῇ
526 839 578 874 πρὸ
595 840 678 875 αὐτῆς
694 840 786 876 ἡμέρᾳ
798 841 847 875 τῆς

901 845 931 864 ne
957 837 1022 871 quid
1048 837 1076 864 in
1091 845 1122 865 ea
1147 837 1190 865 die
1218 842 1315 873 praeter
1337 837 1563 865 consuetudinem
1596 836 1687 864 facere

65 882 136 916 ἴσης,
166 882 204 914 ὡς
231 882 298 918 πρὸς
325 883 370 910 τὸν
400 883 553 919 ἔμπροσθεν
579 884 675 920 χρόνον
705 885 850 920 γινομένης

64 928 211 964 ἐπιρροῆς,
244 929 292 956 καὶ
316 930 364 964 τῆς
393 929 447 956 τῶν
479 930 658 964 συλλεγόντων
696 931 850 966 προθυμίας

63 974 93 1000 τὸ
136 974 193 1001 ἴσον
217 974 348 1009 ἐχούσης·
373 975 514 1002 διπλάσιον
545 976 686 1012 εὑρίσκετο
715 978 762 1004 τοῦ
789 987 851 1005 συν-

63 1018 148 1052 ήθους
177 1019 276 1055 μέτρου
307 1020 337 1046 τὸ
364 1022 560 1056 συναγόμενον·
590 1022 627 1054 ὡς
651 1023 685 1049 ἂν
717 1024 850 1059 μηδεμίαν

63 1063 151 1099 ἔχοιεν
176 1064 318 1101 ἀφορμὴν,
346 1067 379 1101 τῇ
407 1067 456 1102 τῆς
488 1067 591 1102 τροφῆς
628 1069 735 1106 ἀνάγκῃ
760 1078 850 1105 παρα-

62 1109 139 1136 λύειν
173 1110 222 1146 τῆς
244 1111 379 1147 ἀπραξίας
411 1112 457 1139 τὸν
476 1113 567 1148 νόμον.
604 1114 648 1140 Ἐν
686 1111 708 1148 ᾧ
735 1115 766 1151 δὴ
804 1116 851 1142 καὶ

63 1155 146 1182 πλέον
172 1156 188 1192 ἡ
215 1156 275 1183 θεία
301 1158 435 1185 ἐδείκνυτο
463 1159 585 1194 δύναμις,
611 1159 651 1186 ὅτι
675 1162 735 1192 ταῖς
756 1161 849 1193 ἄλλαις

62 1202 192 1237 ἡμέραις,
213 1203 404 1238 ἀχρειουμένου
418 1204 465 1231 τοῦ
490 1205 708 1240 περισσεύοντος,
726 1207 755 1232 ὲν
781 1208 849 1243 μόνῃ

61 1249 95 1282 τῇ
114 1247 168 1283 πρὸ
187 1248 233 1274 τοῦ
260 1249 394 1277 σαϐϐάτου
412 1253 572 1286 παρασκευῇ
588 1251 676 1286 (τοῦτο
694 1252 748 1287 γὰρ
765 1252 849 1288 ὄνομα

61 1294 95 1327 τῇ
128 1292 262 1328 ἀπράκτῳ
297 1295 404 1330 ἡμέρᾳ.)
438 1295 468 1322 τδ
495 1296 657 1331 ταμιευθὲν,
688 1297 848 1334 ἀδιάφθορον

62 1338 182 1372 ἔμεινεν,
207 1340 244 1371 ὡς
268 1342 327 1367 κατ’
340 1341 414 1367 οὐδὲν
430 1339 498 1368 εἶναι
521 1341 567 1368 τοῦ
582 1343 739 1378 προσφάτου
761 1343 848 1371 δοκεῖν

62 1383 222 1420 ἑωλότερον.
249 1384 315 1413 Εἶτα
332 1387 448 1422 πόλεμος
463 1388 554 1420 αὐτοῖς
578 1391 767 1425 συγκροτεῖται
782 1380 850 1425 πρός

60 1438 88 1456 τι
103 1430 182 1463 ἔθνος
197 1431 342 1466 ἀλλόφυλον
356 1433 552 1469 (Ἀμαληκίτας
566 1435 594 1461 δὲ
613 1436 674 1467 τοὺς
689 1437 747 1463 κατ’
762 1436 850 1463 αὐτῶν

61 1475 126 1502 τότε
141 1477 290 1508 συστάντας
304 1478 429 1513 ὀνομάζει
443 1480 457 1506 ό
470 1480 557 1515 λόγος)
570 1489 575 1495 ’
598 1481 645 1508 καὶ
663 1482 722 1508 τότε
741 1481 849 1517 πρῶτον

62 1522 104 1553 είς
138 1522 288 1558 παράταξιν
315 1524 344 1550 τὸ
379 1525 570 1560 Ίσραηλιτικὺν
604 1527 788 1559 ὲξοπλίζεται·
819 1528 849 1554 οὐ

63 1567 236 1602 πανστρατιᾷ
256 1567 362 1595 πάντων
377 1570 593 1605 συγκινηθέντων
616 1571 662 1598 ἐπὶ
683 1572 731 1607 τὴν
749 1572 849 1607 μάχην,

62 1611 122 1638 ἀλλ’
140 1612 294 1647 ἀριστίνδην
308 1613 510 1650 ἐξειλεγμένων,
525 1616 570 1642 καὶ
589 1616 644 1642 τῶν
659 1617 687 1642 ὲν
700 1617 791 1649 αὐτοῖς
806 1617 851 1644 λο-

63 1657 156 1690 γάδων
170 1658 375 1694 ἀναδεξαμένων
388 1660 432 1686 τὸν
443 1661 560 1696 πόλεμον
571 1670 577 1676 ·
589 1662 617 1688 ἐν
629 1659 652 1695 ᾧ
665 1662 745 1689 πάλιν
759 1663 851 1689 καινὸν

62 1703 152 1735 ἔδειξε
168 1705 332 1739 στρατηγίας
351 1705 450 1740 τρόπον
471 1707 485 1732 ό
507 1707 636 1742 Μωῦσῆς.
661 1707 714 1734 Τοῦ
729 1709 784 1743 γὰρ
799 1709 852 1743 ’1η-

63 1748 125 1780 σοῦ,
153 1749 182 1780 ὃς
207 1750 275 1784 μετὰ
291 1750 336 1776 τὸν
358 1751 476 1778 Μωῦσέα
499 1752 545 1778 τοῦ
574 1753 639 1779 λαοῦ
664 1753 850 1788 καθηγήσατο,

62 1793 126 1820 τότε
146 1796 201 1826 τοῖς
230 1795 423 1831 Ἀμαληκίταις
443 1797 488 1823 τὸν
512 1798 626 1832 στρατὸν
649 1798 850 1832 ἀντεξάγοντος,

62 1839 118 1871 ἔξω
133 1840 187 1866 τῶν
202 1841 291 1867 ὃπλων
306 1843 320 1868 ὁ
335 1843 455 1877 Μωῡσῆς
473 1843 518 1869 ἐπί
530 1852 602 1874 τινος
618 1846 733 1876 σκοπιᾶς
753 1846 852 1879 γεωλό-

62 1894 116 1918 φου
141 1886 209 1920 πρὸς
225 1887 270 1912 τὸν
292 1887 404 1922 οὐρανὸν
427 1888 582 1922 ἀναϐλέπει,
603 1891 775 1918 συνεστώτων
788 1893 852 1919 ἑκάς

61 1929 187 1963 τέρωθεν
201 1929 275 1964 αὺτῷ
291 1931 337 1957 δύο
351 1931 403 1957 τῶν
425 1933 593 1967 ἐπιτηδείων,
610 1934 653 1960 ὅτε
674 1935 791 1962 τοιοῦτον
806 1937 852 1963 ἐπὶ

60 1976 121 2007 τοῖς
147 1976 298 2009 γινομένοις
319 1977 411 2011 θαῦμα
424 1979 498 2014 παρὰ
514 1979 561 2013 τῆς
577 1979 695 2014 ἱστορίας
707 1981 852 2016 ἀκούομεν·

61 2021 94 2046 Ei
121 2020 174 2055 μὲν
195 2021 280 2056 ἐπῆρε
297 2023 363 2057 πρὸς
378 2024 491 2058 οὐρανὸν
515 2024 562 2056 τὰς
584 2027 677 2060 χεῖρας
694 2027 708 2052 ό
721 2027 848 2061 Μωῡσῆς,

60 2064 255 2100 ιπεῤῥώννυτο
279 2066 348 2093 κατὰ
369 2067 422 2094 τῶν
444 2068 549 2103 ἐχθρῶν
571 2069 600 2095 τὸ
624 2069 760 2105 ὑπήκοον·
782 2073 806 2098 εί
823 2071 850 2097 δὲ

60 2110 198 2145 καθῆκεν,
213 2111 327 2137 ἐνεδίδου
350 2112 397 2138 καὶ
410 2113 424 2138 ὁ
441 2113 553 2147 στρατὸς
566 2115 599 2149 τῇ
614 2115 668 2141 τῶν
691 2115 850 2150 ἀλλοφύλων

901 886 1074 917 cogerentur,
1093 883 1216 917 quamvis
1234 886 1309 909 tanto
1324 882 1351 909 in
1364 882 1478 916 collegio
1496 882 1686 916 unusquisque

901 928 1032 960 studium,
1044 932 1174 962 quantum
1187 929 1214 955 in
1227 928 1332 955 caeteris
1345 927 1452 959 diebus,
1466 927 1509 954 die
1524 932 1598 954 sexta
1610 927 1686 953 adhi-

903 973 1109 1007 beret,duplum
1124 976 1213 999 tamen
1227 973 1369 999 collectum
1383 972 1434 999 sibi
1447 979 1507 999 esse
1521 971 1685 998 inveniebat.

902 1026 935 1046 ne
963 1024 1036 1046 esset
1062 1018 1089 1045 in
1111 1026 1194 1046 causa
1225 1018 1313 1045 victus
1336 1018 1488 1045 necessitas
1510 1017 1686 1052 quamobrem

901 1071 982 1098 opere
1008 1065 1100 1098 aliquo
1115 1064 1158 1091 lex
1183 1063 1341 1090 violaretur.
1359 1063 1388 1090 In
1413 1071 1467 1098 quo
1486 1063 1576 1090 etiatn‘
1594 1062 1687 1089 divina

901 1109 1074 1137 elucescebat
1103 1110 1248 1144 potentia:
1276 1117 1338 1136 nam
1362 1117 1424 1136 cum
1447 1108 1558 1143 reliquis
1579 1107 1685 1140 diebus,

901 1154 973 1190 quod
991 1160 1133 1190 supererat
1145 1159 1376 1189 corrumperetur,
1393 1154 1420 1180 in
1439 1154 1496 1181 sola
1509 1161 1569 1188 qua:
1589 1153 1688 1180 sabba-

903 1205 958 1227 tum
987 1201 1155 1236 preecedebat
1181 1201 1330 1228 Parasceve
1355 1200 1499 1227 collectum
1527 1199 1589 1234 (hoc
1614 1198 1687 1226 enim

902 1246 996 1273 otiosae
1020 1247 1058 1273 illi
1084 1246 1138 1273 diei
1155 1253 1253 1274 nomen
1269 1246 1331 1281 fuit)
1348 1246 1536 1280 incorruptum
1553 1245 1686 1280 perdura-

902 1291 959 1323 bat,
986 1292 1023 1319 ita
1038 1296 1068 1319 ut
1092 1292 1238 1320 recentiori
1267 1292 1352 1319 nihilo
1368 1292 1509 1319 rancidius
1537 1291 1686 1318 videretur.

901 1337 1004 1365 Bellum
1045 1337 1144 1365 deinde
1188 1338 1332 1366 adversum
1361 1341 1468 1373 gentem
1510 1337 1687 1371 alienigenam

901 1383 1065 1411 Amalecitas
1076 1384 1184 1411 nomine
1197 1384 1310 1417 exarSit,
1322 1387 1348 1411 et
1359 1388 1424 1410 tunc
1441 1383 1557 1418 primum
1583 1381 1688 1410 Hebraei

901 1428 1051 1455 constructi
1077 1429 1104 1455 in
1118 1429 1203 1456 aciem
1226 1432 1301 1461 sunt,
1327 1436 1381 1455 non
1398 1435 1503 1459 omnes,
1522 1427 1570 1454 sed
1596 1427 1687 1459 electi,

901 1474 1001 1508 quibus
1015 1473 1107 1506 Josue,
1132 1475 1178 1509 qui
1193 1479 1254 1509 post
1267 1473 1376 1509 Moysen
1399 1473 1580 1508 gubernacula
1595 1472 1687 1507 populi

901 1524 1068 1554 susceperat,
1082 1519 1198 1554 praefuit.
1215 1519 1280 1546 Nam
1294 1519 1399 1555 Moyses
1415 1525 1491 1547 extra
1505 1519 1640 1554 prmlium,
1661 1519 1687 1546 in

900 1566 969 1593 colle
986 1566 1103 1600 quodam
1121 1566 1218 1593 altiore
1233 1574 1286 1593 una
1304 1573 1366 1593 cum
1394 1565 1501 1593 duobus
1524 1565 1688 1593 necessariis

901 1612 1070 1643 constiterat,
1082 1611 1117 1649 ad
1128 1613 1212 1639 costus
1226 1612 1373 1644 aspiciens,
1388 1612 1497 1645 quando
1510 1612 1587 1645 (utin
1603 1611 1688 1638 histo-

900 1658 940 1684 ria
958 1658 1086 1684 traditum
1101 1659 1153 1693 est)
1171 1659 1197 1685 id
1223 1666 1332 1693 quoque
1356 1658 1427 1685 inter
1448 1661 1545 1684 caetera
1565 1657 1688 1683 mirabile

901 1703 974 1730 dictu
987 1704 1087 1731 factum
1100 1708 1150 1732 est.
1165 1703 1232 1730 Nam
1245 1711 1307 1731 cuin
1318 1703 1422 1738 Moyses
1438 1711 1534 1730 manus
1549 1703 1574 1729 in
1586 1703 1686 1729 cmlum

901 1749 1028 1782 clevaret,
1057 1755 1121 1777 tunc
1148 1750 1249 1785 ingenti
1274 1750 1364 1776 animo
1389 1750 1528 1777 irruebant
1541 1749 1568 1776 in
1593 1749 1687 1775 hostes

901 1795 1023 1829 Ilebrwi;
1039 1803 1101 1824 cum
1123 1803 1188 1823 vero
1203 1804 1300 1822 manus
1316 1795 1475 1826 remisisset,
1511 1799 1574 1821 tunc
1592 1800 1686 1820 contra

902 1841 1050 1869 ferociores
1066 1841 1129 1868 facti
1144 1841 1245 1872 hostes,
1267 1840 1395 1867 facillime
1416 1839 1525 1866 Iudaeos
1542 1839 1684 1873 pellebant.

901 1886 978 1919 Quod
1006 1885 1147 1921 aliquoties
1179 1885 1277 1912 factum
1296 1884 1374 1911 facile
1405 1884 1606 1915 intellexerunt,
1639 1885 1685 1918 qui

901 1940 963 1960 curn
998 1939 1031 1959 eo
1058 1935 1145 1959 erant.
1183 1930 1274 1965 Itaque
1305 1930 1390 1965 Moysi
1426 1930 1503 1956 ulnas
1540 1930 1688 1957 subeuntes

900 1978 1006 2006 occulta
1030 1977 1145 2012 quadam
1160 1976 1194 2004 de
1212 1983 1293 2003 cattsa
1323 1975 1461 2010 graviores
1478 1975 1564 2002 factas
1590 1983 1686 2001 manus

900 2024 960 2058 ejus
974 2023 1172 2051 sustentabant.
1193 2021 1288 2049 Verum
1302 2021 1365 2056 quia
1385 2020 1574 2048 imbecilliores
1598 2026 1685 2052 erant,

901 2077 981 2104 quam
993 2072 1021 2096 ut
1037 2071 1148 2103 possent
1168 2071 1271 2095 rectum
1294 2067 1397 2094 diutius
1414 2066 1525 2101 Moysen
1539 2066 1686 2095 sustinere,

902 2115 991 2150 lapide
1015 2114 1053 2142 illi
1069 2115 1096 2141 in
1110 2114 1201 2141 sedem
1218 2113 1360 2148 supposito
1390 2112 1497 2139 facilius
1524 2111 1689 2137 adminiculo

59 2157 137 2191 ὁρμῇ
150 2163 158 2170 ⁵
176 2156 190 2182 ὅ
208 2156 239 2191 δὴ
265 2157 387 2189 συνέντες
407 2159 432 2184 οἱ
451 2159 625 2193 παρεστῶτες
644 2160 728 2196 αὐτῷ,
744 2161 850 2197 βαρείας

905 2160 1060 2191 effecerunt,
1073 2163 1102 2186 nt
1114 2166 1210 2186 manus
1232 2159 1258 2184 in
1278 2157 1378 2185 coelum
1390 2157 1494 2184 levatas
1508 2156 1610 2183 diutius
1625 2156 1689 2182 reti-

59 2210 90 2227 τε
110 2201 162 2227 καὶ
177 2200 361 2237 δυσκινήτους,
385 2202 416 2229 ἐκ
439 2212 511 2235 τινος
536 2205 728 2240 κεκρυμμένης
751 2206 849 2239 αἰτίας,

58 2247 109 2273 τοῦ
129 2247 270 2278 Μωῦσέως
285 2247 333 2280 τὰς
356 2250 450 2283 χεῖρας
465 2251 660 2285 γεγενημένας,
682 2251 851 2287 ἑκατέρωθεν

59 2291 218 2323 ὕποὸἁντες
234 2293 385 2327 ὐπήρειδον.
413 2294 488 2320 Ἐπεὶ
508 2294 537 2320 δὲ
561 2295 748 2331 ἀσθενέστεροι
770 2294 850 2332 ἦσαν,

57 2338 75 2372 ἢ
101 2338 178 2364 ὥστε
201 2337 305 2372 ἀνέχειν
320 2339 401 2365 αὐτὸν
423 2339 452 2365 ἐν
468 2339 551 2374 ὀρθίῳ
572 2339 610 2374 τῷ
635 2341 762 2376 σχήματι,
786 2341 852 2376 λίθῳ

56 2385 111 2419 τὴν
129 2383 265 2418 καθέδραν
280 2384 361 2410 αὑτοῦ
374 2385 576 2419 ύπερείσαντες,
589 2386 675 2418 οὕτως
689 2388 729 2418 εἰς
740 2387 852 2421 οὐρανὸν

56 2429 192 2464 ἐπαίρειν
214 2429 259 2455 τὸν
283 2430 400 2456 Μωῡσέα
422 2430 454 2456 δι’
475 2431 577 2457 ἑαυτῶν
591 2431 638 2462 τὰς
653 2433 746 2466 χεῖρας
761 2432 853 2467 ἐποίη-

57 2483 130 2501 σαν·
157 2471 189 2500 οὗ
212 2474 356 2509 γενομένου
380 2475 449 2500 κατὰ
468 2474 566 2509 κράτος
588 2476 700 2510 ἡττᾶται
725 2475 775 2501 ὑπὸ
798 2475 852 2502 τῶν

64 2519 246 2555 Ἰσραηλιτῶν
265 2520 294 2545 τὸ
313 2520 468 2554 ἀλλόφυλον.
491 2521 551 2546 Ἐπὶ
565 2521 593 2547 δὲ
607 2521 652 2546 τοῦ
673 2520 755 2547 αὐτοῦ
768 2521 851 2547 τόπου

56 2567 108 2600 τῆς
136 2564 252 2598 νεφέλης
273 2565 413 2599 μενούσης,
437 2565 454 2600 ἣ
477 2566 622 2600 καθηγείτο
643 2566 689 2592 τοῦ
714 2566 778 2592 λαοῦ
800 2567 851 2601 τῆς

56 2611 181 2646 πορείας
190 2618 198 2624 ·
217 2610 320 2644 ἀνάγκη
333 2611 406 2637 πᾶσα.
417 2610 460 2645 ἦν,
478 2612 543 2646 μηδὲ
557 2613 602 2638 τὸν
614 2612 676 2638 λαὺν
693 2613 852 2647 μετανίστα-

57 2657 143 2687 σθαι,
176 2654 288 2689 μηδενὸς
311 2655 383 2686 ὕντος
407 2655 453 2682 τοῦ
479 2656 682 2691 καθηγουμένου
710 2657 777 2692 πρὸς
801 2657 850 2693 τὴν

58 2702 244 2737 μετάστασιν.
267 2699 360 2731 Οὕτως
382 2700 411 2726 δὲ
435 2702 525 2732 αὐτοῖς
540 2702 658 2737 ἀμογητὶ
672 2703 723 2737 τῆς
740 2704 807 2738 πρὸς
821 2703 851 2729 τὸ

903 2210 988 2233 ueret.
1003 2205 1062 2238 Quo
1074 2205 1145 2231 facto
1158 2204 1210 2230 fusi
1224 2202 1336 2230 omnino
1351 2202 1490 2236 fugatique
1509 2201 1601 2228 hostes
1613 2205 1686 2227 sunt.

902 2251 969 2278 Cum
985 2255 1074 2277 autent
1094 2249 1187 2276 eodem
1203 2249 1230 2275 in
1260 2248 1320 2275 loco
1339 2248 1425 2275 nubes
1436 2250 1624 2281 maneretque
1639 2254 1684 2280 po-

902 2296 958 2332 puli
977 2297 1026 2323 viae
1045 2295 1099 2322 dux
1114 2298 1181 2326 erat,
1199 2302 1250 2321 nec
1262 2294 1351 2328 ipsum
1368 2293 1495 2328 populum
1507 2293 1560 2319 alio
1575 2292 1688 2319 commi-

903 2349 981 2377 grare
997 2348 1108 2368 necesse
1135 2341 1214 2375 plane
1240 2334 1300 2372 fuit,
1323 2347 1383 2366 cum
1399 2339 1493 2366 ducem
1519 2339 1688 2374 migrationis

903 2396 958 2415 non
980 2387 1104 2414 haberet.
1123 2386 1168 2414 Sic
1184 2394 1248 2422 ergo
1264 2394 1325 2413 cum
1349 2385 1381 2412 ad
1396 2386 1494 2412 rictum
1515 2385 1569 2412 illis
1586 2385 1688 2420 absque

903 2434 993 2461 labore
1017 2437 1115 2460 cuncta
1145 2436 1329 2467 suppeterent,
1357 2439 1419 2458 cunt
1440 2438 1486 2458 aer
1501 2439 1609 2458 sursum
1635 2431 1688 2457 illis

903 2487 999 2513 panctn
1017 2478 1167 2513 depluerct,
1187 2478 1314 2504 deorsum
1334 2484 1396 2503 vero
1409 2484 1489 2511 rupes
1504 2480 1595 2510 potum
1616 2483 1686 2509 prcc-

904 2524 989 2555 beret,
1003 2530 1152 2558 rursusque
1169 2522 1254 2549 nuch
1269 2529 1375 2549 omnem
1391 2522 1452 2548 cceli
1472 2521 1620 2548 molestiam
1637 2521 1688 2547 mi.

904 2571 1020 2604 tignret:
1044 2569 1083 2596 sic
1102 2573 1130 2595 ut
1154 2568 1268 2595 interdiu
1295 2573 1389 2594 aestum
1413 2571 1535 2598 arceret,
1555 2570 1581 2593 et
1605 2571 1685 2593 noctu

903 2616 1028 2642 ﬂammeo
1042 2615 1159 2650 quodam
1187 2614 1291 2649 fulgore
1306 2613 1431 2640 tenebras
1459 2613 1612 2646 dissiparet,
1629 2612 1686 2639 sine

904 2661 1027 2688 molestia
1045 2661 1070 2687 iu
1089 2661 1133 2687 illa
1148 2660 1249 2687 deserti
1263 2660 1371 2694 regione
1383 2659 1520 2686 montibus
1535 2657 1684 2692 subjacenti

904 2705 1093 2737 versabantur,
1114 2706 1140 2731 in
1152 2712 1204 2739 qua
1218 2706 1355 2732 exercitus
1366 2709 1455 2731 castra
1473 2707 1608 2738 posuerat.

57 2748 110 2782 ζῇν
128 2746 262 2780 εὐπορίας
276 2745 425 2781 παρούσης.
441 2747 543 2774 ἄνωθεν
561 2748 610 2782 μὲν
624 2748 669 2774 τοῦ
684 2749 764 2783 ἀέρος
778 2750 884 2785 ἕτοιμον
899 2751 988 2782 αὐτοῖς
1007 2751 1098 2782 ὕοντος
1111 2751 1201 2786 ἄρτον,
1214 2750 1333 2777 κάτωθεν
1345 2750 1372 2776 δὲ
1384 2750 1432 2783 τῆς
1447 2749 1545 2784 πέτρος
1560 2748 1589 2774 τὶι
1606 2747 1684 2774 ποτὸν

59 2791 258 2827 παρεχούσης,
282 2793 330 2827 τῆς
347 2792 369 2818 δ’
393 2790 426 2819 αὖ
448 2793 561 2828 νεφέλης
584 2793 630 2828 τὴν
659 2794 788 2829 ὕπαιθρον
817 2797 913 2830 ἀηδίαν
936 2797 1136 2830 θεραπευούτης
1150 2817 1156 2823 ,
1179 2797 1215 2827 ὡς
1243 2796 1288 2822 καὶ
1307 2795 1356 2822 τοῦ
1375 2795 1493 2826 θάλπους
1513 2793 1684 2828 διατείχισμα
