1977 3071
273 123 325 153 3’15

863 117 905 151 's.
927 123 1090 151 GREGORII
1110 124 1252 151 NYSSENI

1844 125 1900 152 316

280 179 398 215 γενέσθαι
419 179 451 214 τῇ
468 178 568 213 ἡμέρᾳ,
591 178 637 204 καὶ
661 179 693 214 τῇ
711 178 788 206 νυκτὶ
805 179 878 206 λύειν
900 180 945 206 τὸν
962 179 1051 214 ζόφον,
1066 181 1094 207 εν
1115 181 1183 215 αὐγῇ
1199 188 1251 206 τινι
1270 180 1405 216 πυροειδεῖ
1420 180 1664 215 καταλάμπουσαν·
1684 179 1784 212 ἄλυπος
1806 181 1900 212 αὐτοῖς

275 224 308 260 ἦν
321 225 338 260 ἡ
353 232 422 251 κατα
437 224 483 259 τὴν
499 223 599 259 ἔρημον
614 223 720 258 ἐκείνην
735 224 762 250 ἐν
777 225 809 259 τῇ
826 224 949 259 ὑπωρείᾳ
967 224 1013 250 τοῦ
1029 226 1108 259 ὅρους
1126 225 1260 259 διατριϐὴ,
1274 225 1333 251 καθ’
1349 225 1381 259 ἢν
1395 225 1484 260 ἵδρυτο
1498 225 1528 262 to
1543 223 1730 259 στρατόπεδον.

314 270 360 297 llis
396 271 432 296 ita
455 269 534 297 factis
567 269 669 304 majora
697 270 900 305 occultioraque
933 272 1099 306 mysteriaA

280 316 359 347 Deus,
376 321 400 342 et
414 315 501 350 ipsum
515 315 653 342 ductorem
667 319 692 342 et
705 316 831 350 populum
853 317 988 351 instruere
999 324 1062 343 cum

280 362 420 392 voluisset,
441 361 567 394 praecepit
594 360 693 395 populo
716 368 763 395 per
786 361 894 397 Moysen
913 361 944 393 ¹⁸,
962 365 991 388 ιιι
1008 366 1063 388 tam

280 414 394 440 corpore
408 413 490 439 quam
510 406 600 432 animo
615 406 732 433 mundus
756 406 841 438 ﬁeret,
857 407 924 434 adeo
940 410 968 433 ut
982 407 1063 433 etiam

280 453 314 479 ab
332 452 397 486 ipsis
423 451 554 478 uxoribus
585 455 660 478 certo
683 451 801 486 quodam
825 451 930 479 dierum
952 459 1065 479 numero

281 498 437 529 abstineret,
475 497 732 532 aspersionibusque
753 497 916 532 quibusdam
943 498 1066 525 maculas

280 543 456 578 abstergeret,
471 547 500 569 ιιι
512 543 586 569 omni
611 543 669 570 labe
683 543 766 570 animi
793 544 970 578 corporisque
985 543 1068 578 depo-

281 589 343 619 sita,
369 589 486 616 mundus
503 588 535 615 ad
563 592 682 616 montem
704 588 779 616 Sinai
804 594 896 624 posset
919 589 1065 622 accedere;

282 634 326 667 qui
338 633 446 667 quidem
463 640 541 659 mons
557 633 662 660 ratione
676 633 816 660 utentibus
833 633 920 660 solum
941 633 986 660 illo
1001 637 1070 660 tem-

283 686 349 712 pore
360 678 463 704 adituri]
492 678 647 712 prmstabat,
669 685 757 712 neque
785 678 826 705 bis
857 678 995 710 omnibus,
1020 677 1070 705 sed

283 724 350 751 viris
377 723 571 750 solummodo:
596 730 646 750 nec
673 723 739 750 viris
755 723 837 750 etiam
859 723 997 755 omnibus,
1022 722 1071 750 sed

286 769 338 796 illis
352 773 468 800 tantum,
488 769 535 802 qui
560 768 704 803 diligenter
721 776 736 795 a
764 776 793 796 se
811 775 917 795 omnem
937 769 1071 795 maculam

237 824 246 832 κ
285 815 462 849 expulissent.
481 812 604 840 Studium
620 818 708 841 autem
723 814 851 841 omnibus
868 818 926 841 erat
939 821 993 841 non
1009 821 1073 848 par-

286 867 360 892 vum,
375 867 408 887 ne
419 859 482 894 quid
504 859 646 886 brutorum
661 860 745 887 monti
763 860 980 895 appropinquare
997 863 1073 894 pate-

286 909 391 931 rentur.
417 904 495 936 Quod
525 905 547 931 si
572 903 641 931 forte
668 904 746 932 aliter
767 904 916 936 acciderit,
939 905 1073 939 lapidibus

287 950 366 977 obrui
392 957 406 976 a
431 950 529 984 populo
555 954 686 977 statutum
709 955 782 983 erat,
809 951 940 986 quidquid
965 951 1074 977 brutum

287 995 363 1030 juxta
377 1000 492 1022 montem
506 995 687 1030 apparuisset.

288 1040 335 1067 τοῦ
355 1040 432 1076 ὅρους
444 1048 450 1055 ·

289 1086 362 1114 κατὰ
375 1086 405 1116 τὸ
421 1086 483 1120 ὅρος
502 1085 670 1121 -ραινὸμενον,

1153 272 1197 298 Ἐν
1213 271 1298 306 τούτῳ
1310 271 1338 298 δὲ
1352 271 1397 298 καί
1412 280 1484 302 τινος
1497 271 1587 301 αὐτοῖς
1597 269 1816 305 ἁποῤῥητοτὲρας
1831 271 1904 305 μυή-

1116 324 1184 347 σεως
1207 316 1221 341 ὁ
1245 317 1364 351 Μωῦσῆς
1385 316 1545 350 καθηγεῖτο·
1567 315 1651 349 αὐτῆς
1668 316 1716 349 τῆς
1732 314 1806 346 θείας
1821 315 1903 342 δι)νά-

1116 371 1198 397 μεως,
1221 362 1265 388 διὰ
1293 362 1346 388 τῶν
1364 363 1434 397 ὑπὲρ
1449 362 1525 396 λόγον
1549 361 1702 395 θαυμάτων,
1719 360 1765 386 τόν
1793 369 1822 387 τε
1839 360 1907 386 λαὸν

1116 409 1219 437 πάντα.
1235 408 1281 434 καὶ
1298 408 1377 434 αὐτὸν
1401 407 1446 434 τὸν
1465 407 1638 441 καθηγεμόνα
1661 405 1906 441 μυσταγωγούσης.

1121 454 1153 480 'H
1178 453 1206 480 δὲ
1239 453 1416 489 μυσταγωγία
1450 453 1542 480 τοῦτον
1576 452 1737 479 ἐπιτελεῖται
1769 452 1815 477 τὸν
1841 451 1908 486 τρό-

1117 506 1184 525 πον’
1210 498 1359 533 Προείρητο
1379 497 1416 532 τῷ
1441 497 1507 532 λαῷ,
1525 497 1577 524 τῶν
1600 506 1629 524 τε
1655 497 1741 523 ἄλλων
1765 497 1910 531 μολυσμά-

1117 551 1171 569 των
1192 543 1270 574 ἐκτὸς
1294 541 1362 569 εἶναι
1387 542 1506 573 πάντων,
1532 543 1583 568 ὅσα
1611 542 1673 577 περὶ
1698 542 1728 568 τὸ
1757 542 1836 576 σῶμα
1860 542 1911 567 καὶ

1118 587 1205 622 ψυχὴν
1231 587 1390 623 καθορᾶται,
1415 587 1462 614 καὶ
1486 586 1725 622 περιρῥαντηρίοις
1756 587 1830 612 τισὶν
1856 586 1912 620 ἀερ-

1119 631 1292 665 αγνίσασθαι,
1310 631 1356 658 κα)⁸
1371 632 1453 658 αὑτοῦ
1466 632 1501 658 ’δὲ
1527 632 1572 658 τοῦ
1598 631 1686 666 γάμου
1703 632 1732 657 ὲν
1755 630 1830 666 ῥητῷ
1856 639 1913 657 τινι

1121 676 1232 712 ἡμερῶν
1247 676 1355 712 ἀριθμῷ
1370 676 1545 712 καθαρεῦσαι,
1565 676 1602 707 ὼς
1618 676 1706 710 πάσης
1722 675 1863 711 ὲμπαθοῦς
1882 684 1914 701 τε

1122 722 1168 748 καὶ
1199 722 1357 757 σωματικῆς
1395 721 1540 752 διαθέσεως
1577 720 1765 752 ὲκπλυθὲντα,
1789 719 1914 754 καθαρόν

1124 768 1226 799 πάθους
1245 769 1394 804 προσϐῆναι
1416 768 1456 804 τῷ
1477 769 1534 802 ὄρει
1558 768 1771 803 μυηθησόμενον.
1792 768 1858 793 Σινᾶ
1885 767 1916 793 δὲ

1123 811 1156 850 ἦν
1181 813 1227 840 τοῦ
1253 814 1332 848 ὅρους
1356 812 1485 848 τοῦνομα,
1504 813 1519 840 ὅ
1545 813 1635 848 μόνοις
1652 812 1755 847 ἀνείθη,
1781 811 1852 839 κατὰ
1868 811 1916 837 τὸν

1124 860 1220 896 καιρὸν
1242 860 1354 891 ἐκεῖνον,
1369 861 1425 890 τοῖς
1441 859 1559 893 λογικοῖς
1575 860 1620 890 εἰς
1635 858 1769 890 ἐπίϐασιν,
1787 857 1834 884 καὶ
1850 856 1918 882 τοὺ-

1125 914 1179 932 των
1203 907 1259 937 τοῖς
1283 905 1396 940 ἀνδράσι
1423 905 1521 940 μόνοις,
1550 905 1598 931 καὶ
1624 904 1725 930 τούτων
1749 903 1829 929 πάλιν
1858 903 1918 933 τοῖς

1128 950 1227 982 παντὸς
1244 950 1433 985 ἀφαγνισθεῖσι
1449 950 1610 985 μιάσματος.
1628 949 1736 984 Φυλακὴ
1752 949 1780 975 δὲ
1794 949 1869 974 πᾶσα
1882 946 1919 982 ἦν

1129 997 1176 1022 καὶ
1198 995 1364 1031 προμήθεια,
1386 995 1433 1021 τοῦ
1453 995 1534 1030 μηδὲν
1551 994 1605 1021 τῶν
1620 994 1723 1028 ἀλόγων
1739 993 1919 1022 ἐπιϐατεῦσαι

471 1040 495 1066 εἰ
511 1039 541 1066 δέ
567 1048 617 1066 που
642 1041 689 1067 καὶ
712 1040 827 1075 γένοιτο,
859 1039 1075 1075 καταλευσθῆναι
1099 1040 1175 1075 παρὰ
1190 1040 1236 1066 τοῦ
1251 1039 1316 1066 λαοῦ
1332 1040 1385 1066 πᾶν
1400 1040 1494 1075 ὅτιπερ
1513 1039 1546 1066 ἂν
1569 1037 1603 1074 ἦν
1630 1039 1679 1073 τῆς
1694 1039 1790 1073 ἀλόγου
1809 1037 1919 1072 φύσεως

327 1132 375 1160 His
401 1132 437 1158 ita
453 1131 608 1166 dispositis,
629 1132 657 1158 in
676 1139 775 1159 sereno
791 1132 836 1160 die
853 1132 944 1160 ‘subito
960 1129 1079 1157 tenebris

1165 1128 1231 1157 Εἶτα
1249 1130 1279 1157 τὺ
1305 1130 1426 1167 ἐναέριον
1449 1132 1505 1165 φῶς
1525 1133 1557 1158 ἐκ
1575 1130 1698 1166 καθαρᾶς
1721 1130 1827 1166 αἰθρίας
1844 1130 1920 1165 ζόφῳ

291 1184 370 1203 ircns
393 1177 580 1204 circumdatus
602 1177 662 1209 fuit,
678 1181 703 1203 et
714 1178 784 1212 ignis
800 1181 827 1204 et
843 1175 934 1204 medio
949 1174 1077 1202 tenebra-

291 1229 353 1248 rum
366 1223 510 1255 exsiliens,
528 1230 560 1249 ac
573 1227 671 1255 totum,
685 1227 716 1249 ut
729 1222 884 1254 videbatur,
899 1221 1002 1249 montis
1019 1225 1077 1248 tra-

292 1271 366 1294 ctum
378 1267 542 1302 depascens,
554 1268 674 1296 terrebat
685 1269 897 1304 prospicientes,
911 1275 972 1295 cum
983 1270 1076 1294 essent

296 1311 371 1339 fumo
389 1317 469 1347 atque
491 1313 607 1347 caligine
621 1313 712 1340 omnia
732 1313 851 1346 repleta;
871 1312 1022 1339 adducebat
1042 1316 1083 1339 ta-

294 1365 357 1384 men
374 1357 406 1384 ad
439 1361 558 1384 montem
581 1357 709 1391 populum
732 1356 849 1392 Moyses,
880 1358 1005 1392 quamvis
1024 1357 1081 1392 ipse

295 1411 402 1438 quoque
414 1402 602 1437 hujuscemodi
619 1403 679 1429 visu
690 1404 786 1430 timore
798 1404 940 1438 perculsus
962 1403 999 1429 ita
1011 1406 1081 1435 erat,
1122 1405 1128 1411 ‘

298 1454 326 1476 ut
342 1448 478 1476 lsrnelilas
489 1449 578 1475 celare
588 1448 614 1475 id
629 1449 740 1476 minime
753 1454 863 1484 posset:
880 1450 927 1477 sed
944 1449 985 1477 vcl
997 1449 1083 1484 ipsius

297 1495 421 1530 corporis
450 1494 568 1521 motibus
594 1498 756 1521 commotum
792 1502 821 1522 se
857 1495 1009 1530 patefecit:
1036 1502 1085 1522 nec

298 1542 371 1566 enim
389 1544 493 1566 tantum
526 1547 574 1574 per
585 1539 688 1572 oculos,
705 1540 882 1567 verumetiam
897 1549 943 1575 per
961 1541 1084 1568 auditum

299 1592 387 1614 terror
400 1586 504 1613 animas
519 1585 662 1613 im‘adcbat
683 1595 690 1612 :
703 1594 763 1613 cum
779 1587 888 1614 coalitus
900 1587 1018 1614 terriﬁca
1033 1595 1085 1614 vox

299 1631 422 1667 qumdam
440 1631 467 1657 in
484 1635 581 1658 cuncta
598 1631 720 1666 subjecta
744 1632 866 1659 locorum
890 1632 977 1667 spatia
994 1640 1085 1660 erum-

302 1682 386 1712 peret,
399 1677 479 1712 cujus
494 1677 597 1712 primus
621 1678 729 1712 quidem
745 1679 862 1712 impetus
879 1678 1001 1712 cujusvis
1012 1679 1085 1705 auri-

301 1724 351 1751 bus
367 1723 545 1750 intolerabilis
568 1723 689 1750 buccina:
713 1723 832 1750 sonitum
849 1723 984 1751 referebat
1001 1733 1006 1750 :
1041 1724 1087 1751 sed
1101 1713 1122 1742 (ἶ

302 1777 409 1796 onmem
426 1769 559 1804 ejusmodi
577 1770 763 1804 exemplorum
780 1773 910 1797 terrorem
931 1770 1088 1801 excedebat,

303 1819 458 1851 quantoque
469 1815 555 1850 magis
566 1816 798 1850 progrediebatur,
809 1820 885 1844 tanto
900 1816 1090 1843 terribiliorem

303 1869 399 1888 sonum
411 1862 523 1895 edebat;
539 1869 590 1889 vox
602 1867 690 1889 autem
711 1863 755 1889 illa
775 1862 825 1889 fuit
843 1863 1000 1890 articulata.
1023 1862 1089 1889 Nam

303 1914 349 1934 aer
365 1907 469 1942 absque
477 1908 616 1935 vocalibus
628 1908 817 1935 instrumentis
827 1915 880 1935 non
897 1909 1005 1935 inanem
1025 1915 1090 1935 ora-

304 1952 417 1984 tionem,
433 1952 481 1980 sed
505 1953 705 1987 signiﬁcantem
720 1954 812 1980 divina
825 1954 958 1981 formabat
977 1954 1090 1985 virtute,

305 2005 365 2032 qua:
390 1999 490 2033 populo
517 1998 591 2033 leges
616 2002 698 2033 atque
723 1999 847 2026 instituta
877 1999 1003 2034 ponebat.
1028 1999 1093 2032 Qua:

306 2044 395 2070 omnia
412 2052 472 2071 cum
488 2043 559 2071 ferre
577 2044 692 2078 populus
708 2051 761 2070 non
784 2049 888 2079 posset,
906 2045 1063 2080 impetravit
1079 2052 1094 2071 a

306 2089 407 2124 Moyse,
422 2094 474 2116 uta
491 2089 556 2120 Deo,
569 2090 627 2124 ipso
642 2089 788 2121 mediante,
805 2090 846 2116 lex
862 2090 914 2117 sibi
928 2091 1093 2123 traderetur,

307 2142 358 2161 nec
375 2143 404 2161 se
427 2133 574 2169 quidquam
592 2137 813 2166 retraetaturum,
834 2134 882 2162 sed
905 2135 994 2162 omnia
1011 2135 1094 2162 sicuti

307 2180 342 2207 ab
357 2178 419 2214 ipso
434 2179 488 2207 Deo
514 2187 561 2214 per
588 2179 699 2214 Moysen
719 2179 771 2206 sibi
790 2180 898 2213 tradita,
927 2180 1095 2208 crediturum

308 2225 426 2253 asseruit
448 2234 454 2252 :
472 2225 509 2252 ita
536 2225 653 2260 populus
674 2225 783 2259 quidem
800 2225 833 2252 ad
857 2225 979 2260 subjecta
995 2226 1096 2254 montis

308 2272 367 2299 loca
386 2271 640 2306 relabitur.Moyses
661 2279 725 2298 vero
737 2271 811 2298 solus
828 2271 854 2298 in
871 2275 961 2298 monte
974 2272 1095 2304 relictus,

309 2321 403 2344 contra
423 2325 504 2351 quam
527 2317 615 2344 caeteri
642 2317 764 2344 homines
788 2316 841 2351 pati
864 2318 963 2349 solent,
985 2317 1097 2346 atl‘eetus

308 2366 360 2390 est.
376 2361 442 2388 Nam
456 2369 517 2388 cum
541 2362 630 2388 caeteri
648 2370 742 2389 omnes
758 2361 872 2390 desolati
889 2365 986 2399 magis,
1007 2365 1033 2391 in
1048 2373 1093 2392 so-
1113 2380 1132 2405 υ

310 2408 407 2434 cictate
427 2407 517 2434 minus
537 2407 660 2438 timeant,
679 2406 736 2442 ipse
749 2407 897 2436 derelictus
920 2410 994 2436 solus
1012 2410 1096 2436 auda-

309 2455 369 2481 cior
382 2453 468 2480 factus
485 2457 536 2480 est.
552 2453 629 2481 Unde
642 2454 739 2488 patuit,
753 2463 806 2482 non
819 2459 848 2482 ut
864 2455 987 2482 timidum
1002 2463 1097 2490 quem-

311 2499 372 2526 dam
386 2499 559 2533 perterritum
577 2499 604 2526 in
623 2501 757 2535 principio
776 2500 874 2532 fuisse,
890 2501 937 2528 sed
965 2501 1098 2528 charitale

311 2543 432 2570 timentis
466 2544 558 2578 populi
591 2543 674 2572 fuisse
709 2550 886 2573 commotum.
917 2545 1007 2577 Quare.
1035 2554 1097 2573 eum

313 2589 390 2625 quasi
403 2597 471 2616 onus
484 2590 618 2624 quoddam
631 2591 755 2618 timorem
769 2590 859 2626 populi
871 2590 1051 2624 deposuisset,
1065 2599 1098 2618 ac

313 2635 341 2663 in
357 2642 385 2662 se
402 2635 460 2669 ipso
473 2635 560 2663 factus
575 2641 657 2669 esset,
673 2641 739 2664 tunc
763 2638 843 2664 etiam
861 2637 888 2662 in
903 2636 989 2670 ipsam
1005 2636 1099 2671 caligi-

313 2690 375 2710 nem
405 2682 533 2708 audacter
559 2682 717 2715 ingreditur.
748 2681 840 2716 Itaque
865 2681 936 2708 inter
952 2682 1097 2708 invisibilia

314 2731 448 2760 versatur,
460 2728 575 2763 necjam
599 2728 768 2756 intuentibus
796 2730 917 2762 apparet.
936 2725 1003 2755 Nam
1029 2727 1098 2755 divi-

354 2822 374 2837 ”
400 2819 487 2848 Exod.
503 2827 558 2850 xu,
578 2819 592 2845 -ὶ
606 2826 664 2853 sqq.

332 2888 356 2897 ,ρ

1128 1176 1353 1212 κατεμελαίνετο,
1380 1177 1417 1208 ὡς
1438 1176 1552 1211 ἀόρατον
1576 1176 1700 1211 γενέσθαι
1728 1177 1758 1202 τὸ
1785 1176 1858 1211 ὄρος,
1889 1177 1920 1202 ὲν

1129 1222 1221 1257 κύκλῳ
1248 1222 1287 1257 τῷ
1311 1222 1402 1258 γνόφῳ
1430 1222 1632 1257 διειλημμένον·
1662 1222 1715 1257 πῦρ
1746 1230 1775 1248 τε
1807 1222 1840 1247 ἐκ
1872 1221 1920 1246 τοῦ

1130 1269 1230 1303 γνόφου
1257 1268 1462 1302 διαφαινόμενον
1493 1268 1610 1303 φοϐερὰν
1640 1267 1723 1294 ἐποίει
1750 1268 1805 1298 τοῖς
1835 1266 1920 1301 ὁρῶσι

1129 1314 1179 1349 τὴν
1199 1313 1269 1348 ὄψιν,
1287 1313 1452 1349 πανταχόθεν
1473 1314 1523 1349 τὴν
1547 1313 1675 1348 περιοχὴν
1696 1311 1743 1338 τοῦ
1762 1311 1842 1346 ὅρους
1859 1313 1921 1338 ἐπι-

1134 1359 1306 1394 ϐοσκόμενον,
1322 1359 1359 1391 ὡς
1377 1359 1424 1386 καὶ¹
1441 1359 1536 1393 καπνῷ
1553 1359 1596 1385 διὰ
1609 1359 1658 1393 τῆς
1676 1357 1722 1384 τοῦ
1742 1358 1826 1393 πυρὸς
1853 1358 1922 1384 ὑπο-

1133 1405 1234 1440 δρομῆς
1258 1404 1329 1432 ἅπαν
1354 1405 1385 1431 τὸ
1415 1405 1574 1440 φαινόμενον
1598 1403 1790 1438 ὑποτύφεσθαι.
1814 1404 1923 1437 Ἠγείτο

1132 1450 1160 1477 δὲ
1183 1449 1229 1476 τοῦ
1260 1450 1324 1476 λαοῦ
1359 1451 1373 1476 ό
1405 1450 1524 1485 Μωῠσῆς
1558 1449 1626 1485 πρὸς
1651 1449 1698 1484 τὴν
1727 1449 1835 1479 ἄνοδον,
1861 1449 1923 1475 οὐδὲ

1134 1495 1213 1527 αὐτὸς
1231 1495 1339 1530 θαρρὦν
1359 1496 1389 1522 τὸ
1408 1495 1559 1530 ὁρώμενον,
1585 1494 1652 1521 ἀλλὰ
1673 1493 1851 1529 κατεπτηκὼς
1871 1493 1923 1529 τὴν

1133 1541 1222 1576 ψυχὴν
1239 1541 1291 1568 ὑπὸ
1309 1541 1401 1573 δέους,
1424 1541 1470 1567 κα)¹
1490 1540 1519 1567 τὸ
1542 1540 1621 1575 σῶμα
1641 1539 1679 1574 τῷ
1702 1540 1776 1575 φόϐῳ
1801 1548 1924 1574 συγκρα-

1136 1588 1299 1622 δαινόμενος,
1314 1587 1352 1619 ὡς
1377 1587 1444 1622 μηδὲ
1466 1587 1534 1621 πρὸς
1549 1588 1610 1618 τοὺς
1632 1587 1798 1622 Ἰσραηλίτας
1819 1587 1849 1612 τὸ
1868 1586 1923 1613 πά-

1138 1634 1184 1665 θος
1207 1635 1257 1669 τῆς
1281 1633 1369 1668 ψυχῆς
1389 1632 1614 1668 ἐπικρύπτεσθαι,
1638 1633 1776 1668 ὁμολογεῖν
1802 1641 1833 1658 τε
1855 1632 1923 1667 πρὸς

1138 1679 1236 1710 αὐτοὺς
1256 1678 1286 1704 τὸ
1310 1678 1537 1713 καταπεπλῆχθαι
1555 1679 1610 1709 τοῖς
1626 1678 1805 1713 φαινομένοις,
1824 1678 1870 1704 καὶ
1886 1677 1924 1712 μὴ

1139 1726 1266 1761 ἀτρεμεῖν
1283 1725 1312 1751 ἐν
1325 1724 1364 1759 τῷ
1389 1724 1504 1759 σώματι.
1518 1722 1572 1751 Ἦν
1590 1724 1644 1759 γὰρ
1665 1724 1695 1750 τὺ
1717 1724 1876 1758 φαινόμενον
1893 1724 1924 1749 οὗ

1139 1770 1258 1797 τοιοῦτον
1282 1770 1371 1804 μόνον,
1394 1761 1449 1796 οἷον
1479 1769 1608 1804 ἔκπληξιν
1637 1770 1669 1804 τῇ
1704 1767 1775 1803 ψυχῇ
1804 1768 1845 1794 διὰ
1870 1767 1925 1794 τῶν

1141 1816 1286 1852 ὀφθαλμῶν
1299 1817 1457 1852 ἐμποιῆσαι,
1472 1815 1540 1842 ἀλλὰ
1560 1815 1603 1841 διὰ
1624 1817 1673 1850 τῆς
1689 1815 1772 1849 ἀκοῆς
1789 1815 1925 1849 εῐσηχεῖτο

1141 1863 1174 1889 τὰ
1196 1862 1312 1898 φοϐερά·
1328 1863 1419 1897 φωνῆς
1440 1861 1541 1888 ἄνωθεν
1566 1860 1793 1895 καταπληκτικῶς
1815 1862 1926 1895 ὲπιρῤηι

1142 1909 1277 1944 γνυμένης
1291 1909 1334 1942 ἐφ’
1348 1908 1419 1934 ἆπαν
1442 1907 1472 1933 τὸ
1492 1907 1680 1942 ὑποκείμενον,
1699 1905 1733 1941 ἧς
1755 1906 1859 1941 χαλεπὴ
1877 1906 1926 1941 μὲν

1143 1955 1189 1981 καὶ
1202 1956 1218 1989 ἡ
1236 1953 1329 1988 πρώτη
1341 1953 1476 1988 προσϐολὴ
1492 1953 1539 1979 καὶ
1552 1952 1620 1986 ἀκοῇ
1639 1951 1712 1986 πάσῃ
1736 1951 1927 1982 δυσέντευκτος

1142 1997 1190 2036 ἦν·
1215 2000 1244 2025 ὲν
1265 1999 1401 2034 ὁμοιότητι
1421 1997 1470 2033 μὲν
1483 1999 1532 2032 τῆς
1553 1997 1607 2023 τῶν
1625 1997 1782 2031 σαλπίγγων
1797 1997 1866 2031 ἠχῆς
1884 2004 1928 2030 γι-

1144 2046 1270 2082 γνομένη,
1289 2044 1423 2079 παριοῦσα
1445 2044 1472 2070 δὲ
1485 2044 1523 2079 τῷ
1537 2044 1642 2079 φοϐερῷ
1656 2044 1700 2070 καὶ
1716 2043 1928 2078 καταπληκτικῷ

1143 2094 1193 2128 τῆς
1217 2093 1307 2126 φωνῆς
1327 2091 1399 2117 ἆπαν
1422 2089 1540 2116 τοιοῦτον
1561 2090 1711 2124 ὑπόδειγμα
1724 2097 1730 2104 ⁵
1753 2088 1928 2124 φοϐερωτέρα

1145 2138 1172 2163 δὲ
1198 2135 1330 2172 προϊοῦσα
1351 2135 1482 2169 ἐγίγνετο,
1506 2135 1549 2160 ἀεὶ
1570 2134 1638 2170 πρὸς
1655 2135 1686 2160 τὸ
1701 2133 1927 2169 καταπληκτικῶ-

1145 2191 1223 2218 τερον
1238 2182 1283 2209 διὰ
1302 2171 1459 2216 προσθήκης
1483 2180 1528 2206 τὸν
1551 2178 1617 2215 ἦχον
1642 2180 1724 2215 αὐτῆς
1747 2180 1927 2206 ἐπιτείνουσα.

1152 2229 1185 2255 ἸΙ
1207 2228 1235 2254 δὲ
1251 2227 1326 2262 φωνὴ
1351 2226 1420 2260 αὕτη
1436 2226 1566 2261 ἔναρθρος
1582 2224 1626 2261 ἦν,
1649 2225 1709 2260 θείᾳ
1725 2225 1847 2260 δυνάμει,
1870 2225 1929 2260 δίχα

1146 2274 1200 2300 τῶν
1223 2272 1382 2308 φωνητικῶν
1403 2272 1539 2307 ὀργάνων,
1562 2271 1608 2297 τοῦ
1635 2271 1716 2306 ἀέρος
1741 2271 1928 2306 διαρθροῦντος

1147 2318 1192 2343 τδν
1206 2316 1294 2351 λόγον.
1314 2314 1367 2342 Ἦν
1389 2315 1417 2341 δὲ
1439 2316 1453 2341 ὁ
1471 2315 1549 2349 λόγος
1562 2315 1611 2341 οὐκ
1631 2316 1690 2350 εἰκῆ
1711 2314 1927 2350 διαρθρούμενος,

1147 2363 1205 2390 ἀλλ’
1221 2361 1373 2397 ἐνομοθέτει
1386 2360 1421 2387 τὰ
1436 2361 1494 2387 θεῖα
1509 2360 1669 2396 διδάγματα.
1687 2361 1740 2386 Καὶ
1753 2361 1768 2394 ἡ
1786 2360 1835 2395 μὲν
1855 2359 1930 2395 φωνὴ

1147 2407 1288 2443 προϊοῦσα,
1300 2407 1332 2432 δι’
1348 2406 1492 2436 ἐπιδόσεως
1504 2404 1611 2440 ηὔξετο,
1624 2405 1671 2431 καὶ
1689 2405 1819 2439 ὑπερήχει
1832 2405 1930 2439 ἑαυτὴν

1146 2454 1162 2488 ἡ
1179 2451 1305 2485 σάλπιγξ,
1319 2451 1368 2482 τὰς
1384 2450 1571 2485 προλαϐούσας
1590 2449 1680 2484 φωνὰς
1700 2449 1742 2475 ἀεὶ
1755 2450 1814 2480 ταῖς
1834 2448 1930 2484 ἑφεξῆς

1146 2498 1361 2533 ὑπερϐάλλουσα.
1391 2497 1421 2522 Ὀ
1436 2496 1464 2522 δὲ
1479 2496 1541 2527 λαὸς
1557 2496 1629 2527 ἅπας
1650 2496 1737 2531 ἥττων
1757 2493 1801 2530 ἦν,
1823 2494 1839 2530 ἢ
1860 2494 1931 2520 ὥστε

1146 2542 1290 2578 ἀνέχεσθαι
1309 2542 1339 2568 τὸ
1356 2541 1516 2576 φαινόμενόν
1532 2549 1561 2567 τε
1574 2541 1621 2567 καὶ
1639 2541 1818 2576 ἀκουόμενον·
1833 2539 1872 2566 διὸ
1885 2540 1932 2566 καὶ

1149 2589 1225 2624 κοινὴ
1237 2587 1312 2622 παρὰ
1324 2587 1431 2613 πάντων
1443 2586 1549 2621 αἴτησις
1569 2586 1735 2621 προσάγεται
1753 2584 1791 2620 τῷ
1809 2585 1930 2617 Μωῡσεί,

1149 2635 1182 2661 δι’
1197 2634 1300 2661 ἐκείνου
1318 2633 1505 2666 μεσιτευθῆναι
1525 2632 1570 2658 τὺν
1589 2631 1685 2666 νόμον·
1701 2631 1737 2662 ὡς
1754 2631 1803 2656 οὐκ
1820 2631 1932 2665 ἀπιστή-

1151 2688 1242 2710 σοντος
1256 2678 1302 2705 τοῦ
1313 2677 1388 2708 λαοῦ,
1406 2676 1475 2702 θεῖον
1489 2673 1558 2703 εἶναι
1567 2677 1760 2712 παράγγελμα,
1776 2676 1829 2701 πᾶν
1840 2675 1933 2710 ὅτιπερ

1151 2726 1184 2753 ἂν
1248 2725 1311 2759 παρ’
1335 2723 1438 2750 ἐκείνου
1465 2723 1535 2749 κατὰ
1560 2722 1609 2758 τὴν
1634 2721 1735 2750 ἄνωθεν
1761 2720 1933 2748 διδασκαλίαν
