  <div class='ocr_page' id='page_1' title='image "/cluster/home/n/w/nwhite01/storage/ocr_20150623/44/njp.32101009003169/164.png"; bbox 0 0 1977 3071; ppageno 0'>
   <div class='ocr_carea' id='block_1_1' title="bbox 79 122 132 150">
    <p class='ocr_par' dir='ltr' id='par_1_1' title="bbox 79 122 132 150">
     <span class='ocr_line' id='line_1_1' title="bbox 79 122 132 150; baseline -0.038 0"><span class='ocrx_word' id='word_1_1' title='bbox 79 122 132 150; x_wconf 76' lang='grc'><strong>517</strong></span> 
     </span>
    </p>
   </div>
   <div class='ocr_carea' id='block_1_2' title="bbox 732 124 1024 153">
    <p class='ocr_par' dir='ltr' id='par_1_2' title="bbox 732 124 1024 153">
     <span class='ocr_line' id='line_1_2' title="bbox 732 124 1024 153; baseline -0.007 -1"><span class='ocrx_word' id='word_1_2' title='bbox 732 125 776 152; x_wconf 61' lang='lat' dir='ltr'><strong>DIC</strong></span> <span class='ocrx_word' id='word_1_3' title='bbox 794 124 874 152; x_wconf 83' lang='lat' dir='ltr'><strong>VlTA</strong></span> <span class='ocrx_word' id='word_1_4' title='bbox 888 124 1024 153; x_wconf 80' lang='lat' dir='ltr'><strong>MOYSIS.</strong></span> 
     </span>
    </p>
   </div>
   <div class='ocr_carea' id='block_1_3' title="bbox 1660 131 1714 159">
    <p class='ocr_par' dir='ltr' id='par_1_3' title="bbox 1660 131 1714 159">
     <span class='ocr_line' id='line_1_3' title="bbox 1660 131 1714 159; baseline 0 0"><span class='ocrx_word' id='word_1_5' title='bbox 1660 131 1714 159; x_wconf 72' lang='lat'><strong>318</strong></span> 
     </span>
    </p>
   </div>
   <div class='ocr_carea' id='block_1_4' title="bbox 81 179 870 222">
    <p class='ocr_par' dir='ltr' id='par_1_4' title="bbox 81 179 870 219">
     <span class='ocr_line' id='line_1_4' title="bbox 81 179 870 219; baseline 0.003 -12"><span class='ocrx_word' id='word_1_6' title='bbox 81 180 345 216; x_wconf 65' lang='grc' dir='ltr'><strong>παραγγελλόμενον.</strong></span> <span class='ocrx_word' id='word_1_7' title='bbox 372 182 455 208; x_wconf 81' lang='grc' dir='ltr'>Πάλιν</span> <span class='ocrx_word' id='word_1_8' title='bbox 487 179 533 210; x_wconf 80' lang='grc' dir='ltr'>οῦν</span> <span class='ocrx_word' id='word_1_9' title='bbox 567 183 635 217; x_wconf 72' lang='grc' dir='ltr'>πρὸς</span> <span class='ocrx_word' id='word_1_10' title='bbox 655 183 704 219; x_wconf 79' lang='grc' dir='ltr'>τὴν</span> <span class='ocrx_word' id='word_1_11' title='bbox 732 183 870 218; x_wconf 77' lang='grc' dir='ltr'>ὑπώρειαν</span> 
     </span>
    </p>
   </div>
   <div class='ocr_carea' id='block_1_5' title="bbox 922 179 1712 222">
    <p class='ocr_par' dir='ltr' id='par_1_5' title="bbox 923 184 1712 222">
     <span class='ocr_line' id='line_1_5' title="bbox 923 184 1712 222; baseline 0.009 -12"><span class='ocrx_word' id='word_1_12' title='bbox 923 191 964 210; x_wconf 74' lang='lat' dir='ltr'><strong>na:</strong></span> <span class='ocrx_word' id='word_1_13' title='bbox 979 184 1139 212; x_wconf 88' lang='lat' dir='ltr'><strong>initiationis</strong></span> <span class='ocrx_word' id='word_1_14' title='bbox 1157 185 1267 221; x_wconf 79' lang='lat' dir='ltr'><strong>adytum</strong></span> <span class='ocrx_word' id='word_1_15' title='bbox 1284 186 1425 222; x_wconf 80' lang='lat' dir='ltr'><strong>ingressus</strong></span> <span class='ocrx_word' id='word_1_16' title='bbox 1434 194 1494 214; x_wconf 92' lang='lat' dir='ltr'><strong>cum</strong></span> <span class='ocrx_word' id='word_1_17' title='bbox 1512 187 1641 216; x_wconf 83' lang='lat' dir='ltr'><strong>invisibili</strong></span> <span class='ocrx_word' id='word_1_18' title='bbox 1658 197 1712 218; x_wconf 90' lang='lat' dir='ltr'><strong>non</strong></span> 
     </span>
    </p>
   </div>
   <div class='ocr_carea' id='block_1_6' title="bbox 82 225 868 264">
    <p class='ocr_par' dir='ltr' id='par_1_6' title="bbox 82 225 868 264">
     <span class='ocr_line' id='line_1_6' title="bbox 82 225 868 264; baseline 0.006 -13"><span class='ocrx_word' id='word_1_19' title='bbox 82 226 189 252; x_wconf 74' lang='grc' dir='ltr'>πάντων</span> <span class='ocrx_word' id='word_1_20' title='bbox 212 225 469 261; x_wconf 82' lang='grc' dir='ltr'>καταδραμούντων,</span> <span class='ocrx_word' id='word_1_21' title='bbox 488 228 568 263; x_wconf 56' lang='grc' dir='ltr'>μόνικ</span> <span class='ocrx_word' id='word_1_22' title='bbox 585 229 733 264; x_wconf 78' lang='grc' dir='ltr'><strong>ὑπελείφθη</strong></span> <span class='ocrx_word' id='word_1_23' title='bbox 750 230 764 256; x_wconf 85' lang='lat'><strong>6</strong></span> <span class='ocrx_word' id='word_1_24' title='bbox 786 230 868 256; x_wconf 83' lang='grc' dir='ltr'>Μωῦ-</span> 
     </span>
    </p>
   </div>
   <div class='ocr_carea' id='block_1_7' title="bbox 81 268 867 309">
    <p class='ocr_par' dir='ltr' id='par_1_7' title="bbox 81 268 867 309">
     <span class='ocr_line' id='line_1_7' title="bbox 81 268 867 309; baseline 0.005 -12"><span class='ocrx_word' id='word_1_25' title='bbox 81 268 148 306; x_wconf 51' lang='grc' dir='ltr'>σῆς,</span> <span class='ocrx_word' id='word_1_26' title='bbox 165 271 196 297; x_wconf 72' lang='grc' dir='ltr'>τὸ</span> <span class='ocrx_word' id='word_1_27' title='bbox 216 272 346 303; x_wconf 76' lang='grc' dir='ltr'>ἐναντίον,</span> <span class='ocrx_word' id='word_1_28' title='bbox 370 273 386 307; x_wconf 85' lang='grc' dir='ltr'>ἢ</span> <span class='ocrx_word' id='word_1_29' title='bbox 410 273 479 308; x_wconf 79' lang='grc' dir='ltr'>ὅπερ</span> <span class='ocrx_word' id='word_1_30' title='bbox 505 274 608 305; x_wconf 83' lang='grc' dir='ltr'>ἐκεῖνος</span> <span class='ocrx_word' id='word_1_31' title='bbox 631 272 677 309; x_wconf 75' lang='grc' dir='ltr'>ἦν,</span> <span class='ocrx_word' id='word_1_32' title='bbox 706 275 747 309; x_wconf 78' lang='grc' dir='ltr'><strong>ἐφ’</strong></span> <span class='ocrx_word' id='word_1_33' title='bbox 770 275 867 301; x_wconf 79' lang='grc' dir='ltr'>ἑαυτοῦ</span> 
     </span>
    </p>
   </div>
   <div class='ocr_carea' id='block_1_8' title="bbox 83 315 868 355">
    <p class='ocr_par' dir='ltr' id='par_1_8' title="bbox 83 315 868 355">
     <span class='ocr_line' id='line_1_8' title="bbox 83 315 868 355; baseline 0.008 -14"><span class='ocrx_word' id='word_1_34' title='bbox 83 315 178 347; x_wconf 74' lang='grc' dir='ltr'>δείξας.</span> <span class='ocrx_word' id='word_1_35' title='bbox 194 316 254 341; x_wconf 86' lang='grc' dir='ltr'><strong>Τῶν</strong></span> <span class='ocrx_word' id='word_1_36' title='bbox 267 317 322 351; x_wconf 76' lang='grc' dir='ltr'><strong>γὰρ</strong></span> <span class='ocrx_word' id='word_1_37' title='bbox 331 316 419 343; x_wconf 80' lang='grc' dir='ltr'>ἄλλων</span> <span class='ocrx_word' id='word_1_38' title='bbox 434 318 562 345; x_wconf 80' lang='grc' dir='ltr'>ἁπάντων</span> <span class='ocrx_word' id='word_1_39' title='bbox 583 320 611 346; x_wconf 84' lang='grc' dir='ltr'><strong>ὲν</strong></span> <span class='ocrx_word' id='word_1_40' title='bbox 629 321 662 354; x_wconf 84' lang='grc' dir='ltr'>τῇ</span> <span class='ocrx_word' id='word_1_41' title='bbox 677 320 802 355; x_wconf 79' lang='grc' dir='ltr'>κοινωνίᾳ</span> <span class='ocrx_word' id='word_1_42' title='bbox 815 321 868 346; x_wconf 83' lang='grc' dir='ltr'><strong>τῶν</strong></span> 
     </span>
    </p>
   </div>
   <div class='ocr_carea' id='block_1_9' title="bbox 81 362 868 400">
    <p class='ocr_par' dir='ltr' id='par_1_9' title="bbox 81 362 868 400">
     <span class='ocr_line' id='line_1_9' title="bbox 81 362 868 400; baseline 0.008 -14"><span class='ocrx_word' id='word_1_43' title='bbox 81 362 315 396; x_wconf 78' lang='grc' dir='ltr'>συμμετεχόντων,</span> <span class='ocrx_word' id='word_1_44' title='bbox 332 363 431 398; x_wconf 82' lang='grc' dir='ltr'>μᾶλλον</span> <span class='ocrx_word' id='word_1_45' title='bbox 453 363 626 400; x_wconf 75' lang='grc' dir='ltr'>θαρρούντων</span> <span class='ocrx_word' id='word_1_46' title='bbox 646 365 680 392; x_wconf 84' lang='grc' dir='ltr'><strong>τὰ</strong></span> <span class='ocrx_word' id='word_1_47' title='bbox 696 365 809 400; x_wconf 71' lang='grc' dir='ltr'>φοϐερὰ,</span> <span class='ocrx_word' id='word_1_48' title='bbox 823 362 868 392; x_wconf 72' lang='grc' dir='ltr'>οῦ-</span> 
     </span>
    </p>
   </div>
   <div class='ocr_carea' id='block_1_10' title="bbox 80 407 867 447">
    <p class='ocr_par' dir='ltr' id='par_1_10' title="bbox 80 407 867 447">
     <span class='ocr_line' id='line_1_10' title="bbox 80 407 867 447; baseline 0.006 -14"><span class='ocrx_word' id='word_1_49' title='bbox 80 416 126 439; x_wconf 85' lang='grc' dir='ltr'><strong>τος</strong></span> <span class='ocrx_word' id='word_1_50' title='bbox 150 407 290 443; x_wconf 74' lang='grc' dir='ltr'><strong>μονωθεὶς,</strong></span> <span class='ocrx_word' id='word_1_51' title='bbox 312 409 366 436; x_wconf 82' lang='grc' dir='ltr'>τῶν</span> <span class='ocrx_word' id='word_1_52' title='bbox 385 409 560 437; x_wconf 77' lang='grc' dir='ltr'><strong>συνεστώτων</strong></span> <span class='ocrx_word' id='word_1_53' title='bbox 579 410 801 446; x_wconf 74' lang='grc' dir='ltr'>θαρραλεώτερος</span> <span class='ocrx_word' id='word_1_54' title='bbox 824 410 867 447; x_wconf 80' lang='grc' dir='ltr'><strong>ἦν,</strong></span> 
     </span>
    </p>
   </div>
   <div class='ocr_carea' id='block_1_11' title="bbox 80 455 870 493">
    <p class='ocr_par' dir='ltr' id='par_1_11' title="bbox 80 455 870 493">
     <span class='ocr_line' id='line_1_11' title="bbox 80 455 870 493; baseline 0.004 -12"><span class='ocrx_word' id='word_1_55' title='bbox 80 455 118 486; x_wconf 77' lang='grc' dir='ltr'>ὡς</span> <span class='ocrx_word' id='word_1_56' title='bbox 132 455 164 482; x_wconf 81' lang='grc' dir='ltr'>ἐκ</span> <span class='ocrx_word' id='word_1_57' title='bbox 180 455 276 482; x_wconf 87' lang='grc' dir='ltr'>τούτου</span> <span class='ocrx_word' id='word_1_58' title='bbox 290 456 368 491; x_wconf 84' lang='grc' dir='ltr'>δῆλον</span> <span class='ocrx_word' id='word_1_59' title='bbox 384 456 519 490; x_wconf 82' lang='grc' dir='ltr'>γενέσθαι,</span> <span class='ocrx_word' id='word_1_60' title='bbox 536 457 566 483; x_wconf 83' lang='grc' dir='ltr'>τὸ</span> <span class='ocrx_word' id='word_1_61' title='bbox 583 457 619 493; x_wconf 80' lang='grc' dir='ltr'>μὴ</span> <span class='ocrx_word' id='word_1_62' title='bbox 634 457 698 484; x_wconf 84' lang='grc' dir='ltr'>ῑδιον</span> <span class='ocrx_word' id='word_1_63' title='bbox 717 457 798 484; x_wconf 83' lang='grc' dir='ltr'>αὑτοῦ</span> <span class='ocrx_word' id='word_1_64' title='bbox 818 457 870 484; x_wconf 78' lang='grc' dir='ltr'>πά-</span> 
     </span>
    </p>
   </div>
   <div class='ocr_carea' id='block_1_12' title="bbox 82 497 869 537">
    <p class='ocr_par' dir='ltr' id='par_1_12' title="bbox 82 497 869 537">
     <span class='ocr_line' id='line_1_12' title="bbox 82 497 869 537; baseline 0.005 -12"><span class='ocrx_word' id='word_1_65' title='bbox 82 499 127 530; x_wconf 80' lang='grc' dir='ltr'>οος</span> <span class='ocrx_word' id='word_1_66' title='bbox 137 500 182 526; x_wconf 78' lang='grc' dir='ltr'><strong>τὸν</strong></span> <span class='ocrx_word' id='word_1_67' title='bbox 198 500 279 534; x_wconf 71' lang='grc' dir='ltr'>φόϐον</span> <span class='ocrx_word' id='word_1_68' title='bbox 299 498 379 532; x_wconf 75' lang='grc' dir='ltr'>εἶναι,</span> <span class='ocrx_word' id='word_1_69' title='bbox 393 497 415 534; x_wconf 83' lang='grc' dir='ltr'>ᾧ</span> <span class='ocrx_word' id='word_1_70' title='bbox 438 502 498 527; x_wconf 80' lang='grc' dir='ltr'>κατ’</span> <span class='ocrx_word' id='word_1_71' title='bbox 513 501 600 536; x_wconf 83' lang='grc' dir='ltr'>ἀρχὰς</span> <span class='ocrx_word' id='word_1_72' title='bbox 621 502 780 537; x_wconf 79' lang='grc' dir='ltr'>συνεσχέθη,</span> <span class='ocrx_word' id='word_1_73' title='bbox 802 502 869 529; x_wconf 77' lang='grc' dir='ltr'>ἀλλὰ</span> 
     </span>
    </p>
   </div>
   <div class='ocr_carea' id='block_1_13' title="bbox 81 546 869 583">
    <p class='ocr_par' dir='ltr' id='par_1_13' title="bbox 81 546 869 583">
     <span class='ocr_line' id='line_1_13' title="bbox 81 546 869 583; baseline 0.003 -11"><span class='ocrx_word' id='word_1_74' title='bbox 81 546 125 572; x_wconf 71' lang='grc' dir='ltr'>διὰ</span> <span class='ocrx_word' id='word_1_75' title='bbox 145 546 195 582; x_wconf 82' lang='grc' dir='ltr'><strong>τὴν</strong></span> <span class='ocrx_word' id='word_1_76' title='bbox 212 547 279 582; x_wconf 82' lang='grc' dir='ltr'>πρὸς</span> <span class='ocrx_word' id='word_1_77' title='bbox 293 547 356 578; x_wconf 81' lang='grc' dir='ltr'>τοὺς</span> <span class='ocrx_word' id='word_1_78' title='bbox 375 547 580 582; x_wconf 77' lang='grc' dir='ltr'><strong>κατεπτηχότας</strong></span> <span class='ocrx_word' id='word_1_79' title='bbox 599 547 769 583; x_wconf 76' lang='grc' dir='ltr'><strong>συμπάθειαν</strong></span> <span class='ocrx_word' id='word_1_80' title='bbox 783 548 869 575; x_wconf 84' lang='grc' dir='ltr'>ταῦτα</span> 
     </span>
    </p>
   </div>
   <div class='ocr_carea' id='block_1_14' title="bbox 81 590 870 629">
    <p class='ocr_par' dir='ltr' id='par_1_14' title="bbox 81 590 870 629">
     <span class='ocr_line' id='line_1_14' title="bbox 81 590 870 629; baseline 0.003 -11"><span class='ocrx_word' id='word_1_81' title='bbox 81 592 189 619; x_wconf 80' lang='grc' dir='ltr'>παθεῖν.</span> <span class='ocrx_word' id='word_1_82' title='bbox 211 592 318 628; x_wconf 78' lang='grc' dir='ltr'><strong>Ἐπειδὴ</strong></span> <span class='ocrx_word' id='word_1_83' title='bbox 331 593 429 624; x_wconf 81' lang='grc' dir='ltr'><strong>τοίνυν,</strong></span> <span class='ocrx_word' id='word_1_84' title='bbox 445 590 501 619; x_wconf 73' lang='grc' dir='ltr'>οἷόν</span> <span class='ocrx_word' id='word_1_85' title='bbox 510 602 582 624; x_wconf 87' lang='grc' dir='ltr'>τινος</span> <span class='ocrx_word' id='word_1_86' title='bbox 589 593 698 628; x_wconf 81' lang='grc' dir='ltr'>ἄχθους,</span> <span class='ocrx_word' id='word_1_87' title='bbox 710 594 758 629; x_wconf 80' lang='grc' dir='ltr'>τῆς</span> <span class='ocrx_word' id='word_1_88' title='bbox 768 594 870 625; x_wconf 80' lang='grc' dir='ltr'>δειλίας</span> 
     </span>
    </p>
   </div>
   <div class='ocr_carea' id='block_1_15' title="bbox 82 636 869 674">
    <p class='ocr_par' dir='ltr' id='par_1_15' title="bbox 82 636 869 674">
     <span class='ocr_line' id='line_1_15' title="bbox 82 636 869 674; baseline 0.003 -11"><span class='ocrx_word' id='word_1_89' title='bbox 82 637 128 663; x_wconf 73' lang='grc' dir='ltr'><strong>τοῦ</strong></span> <span class='ocrx_word' id='word_1_90' title='bbox 144 636 210 663; x_wconf 81' lang='grc' dir='ltr'>λαοῦ</span> <span class='ocrx_word' id='word_1_91' title='bbox 227 637 390 672; x_wconf 75' lang='grc' dir='ltr'><strong>γυμνωθεὶς,</strong></span> <span class='ocrx_word' id='word_1_92' title='bbox 405 638 447 672; x_wconf 72' lang='grc' dir='ltr'><strong>ἐφ’</strong></span> <span class='ocrx_word' id='word_1_93' title='bbox 469 638 566 664; x_wconf 76' lang='grc' dir='ltr'>ἑαυτοῦ</span> <span class='ocrx_word' id='word_1_94' title='bbox 585 636 635 674; x_wconf 78' lang='grc' dir='ltr'><strong>ἦν·</strong></span> <span class='ocrx_word' id='word_1_95' title='bbox 651 639 712 665; x_wconf 84' lang='grc' dir='ltr'>τότε</span> <span class='ocrx_word' id='word_1_96' title='bbox 731 640 777 665; x_wconf 72' lang='grc' dir='ltr'>καὶ</span> <span class='ocrx_word' id='word_1_97' title='bbox 787 639 869 665; x_wconf 76' lang='grc' dir='ltr'>αὑτοῦ</span> 
     </span>
    </p>
   </div>
   <div class='ocr_carea' id='block_1_16' title="bbox 82 681 870 720">
    <p class='ocr_par' dir='ltr' id='par_1_16' title="bbox 82 681 870 720">
     <span class='ocr_line' id='line_1_16' title="bbox 82 681 870 720; baseline 0.005 -13"><span class='ocrx_word' id='word_1_98' title='bbox 82 682 238 717; x_wconf 83' lang='grc' dir='ltr'>κατατολμᾷ</span> <span class='ocrx_word' id='word_1_99' title='bbox 257 681 303 708; x_wconf 85' lang='grc' dir='ltr'><strong>τοῦ</strong></span> <span class='ocrx_word' id='word_1_100' title='bbox 325 682 424 717; x_wconf 68' lang='grc' dir='ltr'>γνόφου</span> <span class='ocrx_word' id='word_1_101' title='bbox 435 690 442 698; x_wconf 91' lang='grc'><strong>·</strong></span> <span class='ocrx_word' id='word_1_102' title='bbox 457 684 504 710; x_wconf 67' lang='grc' dir='ltr'>καὶ</span> <span class='ocrx_word' id='word_1_103' title='bbox 525 684 600 716; x_wconf 79' lang='grc' dir='ltr'>ἐντὸς</span> <span class='ocrx_word' id='word_1_104' title='bbox 619 684 674 711; x_wconf 84' lang='grc' dir='ltr'><strong>τῶν</strong></span> <span class='ocrx_word' id='word_1_105' title='bbox 689 685 811 720; x_wconf 77' lang='grc' dir='ltr'><strong>ἀοράτων</strong></span> <span class='ocrx_word' id='word_1_106' title='bbox 828 685 870 719; x_wconf 77' lang='grc' dir='ltr'>γι-</span> 
     </span>
    </p>
   </div>
   <div class='ocr_carea' id='block_1_17' title="bbox 82 729 870 766">
    <p class='ocr_par' dir='ltr' id='par_1_17' title="bbox 82 729 870 766">
     <span class='ocr_line' id='line_1_17' title="bbox 82 729 870 766; baseline 0.004 -12"><span class='ocrx_word' id='word_1_107' title='bbox 82 737 166 760; x_wconf 84' lang='grc' dir='ltr'>νεται,</span> <span class='ocrx_word' id='word_1_108' title='bbox 193 729 292 764; x_wconf 80' lang='grc' dir='ltr'>μηκέτι</span> <span class='ocrx_word' id='word_1_109' title='bbox 312 731 368 761; x_wconf 87' lang='grc' dir='ltr'>τοῖς</span> <span class='ocrx_word' id='word_1_110' title='bbox 387 729 470 765; x_wconf 75' lang='grc' dir='ltr'>ὁρῶσι</span> <span class='ocrx_word' id='word_1_111' title='bbox 493 730 653 765; x_wconf 76' lang='grc' dir='ltr'><strong>φαινόμενος</strong></span> <span class='ocrx_word' id='word_1_112' title='bbox 670 729 748 766; x_wconf 77' lang='grc' dir='ltr'>[πρὸς</span> <span class='ocrx_word' id='word_1_113' title='bbox 769 731 824 766; x_wconf 83' lang='grc' dir='ltr'><strong>γὰρ</strong></span> <span class='ocrx_word' id='word_1_114' title='bbox 840 731 870 758; x_wconf 83' lang='grc' dir='ltr'>τὸ</span> 
     </span>
    </p>
   </div>
   <div class='ocr_carea' id='block_1_18' title="bbox 82 774 870 812">
    <p class='ocr_par' dir='ltr' id='par_1_18' title="bbox 82 774 870 812">
     <span class='ocr_line' id='line_1_18' title="bbox 82 774 870 812; baseline 0.004 -12"><span class='ocrx_word' id='word_1_115' title='bbox 82 775 199 810; x_wconf 70' lang='grc' dir='ltr'>ἄρρητον</span> <span class='ocrx_word' id='word_1_116' title='bbox 212 775 260 810; x_wconf 84' lang='grc' dir='ltr'>τῆς</span> <span class='ocrx_word' id='word_1_117' title='bbox 279 774 352 806; x_wconf 80' lang='grc' dir='ltr'>Θείας</span> <span class='ocrx_word' id='word_1_118' title='bbox 370 776 564 810; x_wconf 86' lang='grc' dir='ltr'>μυσταγωγίας</span> <span class='ocrx_word' id='word_1_119' title='bbox 579 777 737 812; x_wconf 63' lang='grc' dir='ltr'>παραδυεὶς.</span> <span class='ocrx_word' id='word_1_120' title='bbox 753 778 812 803; x_wconf 72' lang='grc' dir='ltr'>ἐκεῖ</span> <span class='ocrx_word' id='word_1_121' title='bbox 831 776 870 812; x_wconf 89' lang='grc' dir='ltr'>τῷ</span> 
     </span>
    </p>
   </div>
   <div class='ocr_carea' id='block_1_19' title="bbox 82 820 870 859">
    <p class='ocr_par' dir='ltr' id='par_1_19' title="bbox 82 820 870 859">
     <span class='ocr_line' id='line_1_19' title="bbox 82 820 870 859; baseline 0.004 -13"><span class='ocrx_word' id='word_1_122' title='bbox 82 820 190 856; x_wconf 80' lang='grc' dir='ltr'><strong>ἀοράτῳ</strong></span> <span class='ocrx_word' id='word_1_123' title='bbox 214 822 306 856; x_wconf 79' lang='grc' dir='ltr'>συνῆν,</span> <span class='ocrx_word' id='word_1_124' title='bbox 330 821 367 857; x_wconf 83' lang='grc' dir='ltr'>μὴ</span> <span class='ocrx_word' id='word_1_125' title='bbox 384 821 544 857; x_wconf 85' lang='grc' dir='ltr'>ὁρώμενος],</span> <span class='ocrx_word' id='word_1_126' title='bbox 565 822 707 855; x_wconf 81' lang='grc' dir='ltr'><strong>διδάσκων,</strong></span> <span class='ocrx_word' id='word_1_127' title='bbox 730 821 816 859; x_wconf 82' lang='grc' dir='ltr'>οἶμαι,</span> <span class='ocrx_word' id='word_1_128' title='bbox 836 822 870 849; x_wconf 76' lang='grc' dir='ltr'><strong>δι’</strong></span> 
     </span>
    </p>
   </div>
   <div class='ocr_carea' id='block_1_20' title="bbox 82 863 871 903">
    <p class='ocr_par' dir='ltr' id='par_1_20' title="bbox 82 863 871 903">
     <span class='ocr_line' id='line_1_20' title="bbox 82 863 871 903; baseline 0.004 -11"><span class='ocrx_word' id='word_1_129' title='bbox 82 863 119 893; x_wconf 83' lang='grc' dir='ltr'>ὧν</span> <span class='ocrx_word' id='word_1_130' title='bbox 132 867 268 901; x_wconf 77' lang='grc' dir='ltr'>ἐποίησεν,</span> <span class='ocrx_word' id='word_1_131' title='bbox 282 867 323 893; x_wconf 80' lang='grc' dir='ltr'>ὅτι</span> <span class='ocrx_word' id='word_1_132' title='bbox 333 867 373 893; x_wconf 86' lang='grc' dir='ltr'>δεῖ</span> <span class='ocrx_word' id='word_1_133' title='bbox 383 867 429 894; x_wconf 79' lang='grc' dir='ltr'><strong>τὸν</strong></span> <span class='ocrx_word' id='word_1_134' title='bbox 444 867 574 903; x_wconf 83' lang='grc' dir='ltr'>μέλλοντα</span> <span class='ocrx_word' id='word_1_135' title='bbox 587 870 706 895; x_wconf 84' lang='grc' dir='ltr'>συνεῖναι</span> <span class='ocrx_word' id='word_1_136' title='bbox 717 868 786 903; x_wconf 80' lang='grc' dir='ltr'><strong>Θεῷ,</strong></span> <span class='ocrx_word' id='word_1_137' title='bbox 798 869 871 901; x_wconf 81' lang='grc' dir='ltr'>ἐξελ-</span> 
     </span>
    </p>
   </div>
   <div class='ocr_carea' id='block_1_21' title="bbox 82 913 871 949">
    <p class='ocr_par' dir='ltr' id='par_1_21' title="bbox 82 913 871 949">
     <span class='ocr_line' id='line_1_21' title="bbox 82 913 871 949; baseline 0.004 -11"><span class='ocrx_word' id='word_1_138' title='bbox 82 913 137 939; x_wconf 79' lang='grc' dir='ltr'>θεῖν</span> <span class='ocrx_word' id='word_1_139' title='bbox 157 913 210 939; x_wconf 79' lang='grc' dir='ltr'>πᾶν</span> <span class='ocrx_word' id='word_1_140' title='bbox 223 913 252 939; x_wconf 68' lang='grc' dir='ltr'>τδ</span> <span class='ocrx_word' id='word_1_141' title='bbox 274 913 444 948; x_wconf 78' lang='grc' dir='ltr'>φαινόμενον,</span> <span class='ocrx_word' id='word_1_142' title='bbox 465 914 512 940; x_wconf 81' lang='grc' dir='ltr'><strong>καὶ</strong></span> <span class='ocrx_word' id='word_1_143' title='bbox 532 914 578 941; x_wconf 75' lang='grc' dir='ltr'><strong>ἐπὶ</strong></span> <span class='ocrx_word' id='word_1_144' title='bbox 596 914 627 940; x_wconf 86' lang='grc' dir='ltr'><strong>τὺ</strong></span> <span class='ocrx_word' id='word_1_145' title='bbox 645 914 761 949; x_wconf 86' lang='grc' dir='ltr'>ἀόρατόν</span> <span class='ocrx_word' id='word_1_146' title='bbox 780 923 809 941; x_wconf 86' lang='grc' dir='ltr'><strong>τε</strong></span> <span class='ocrx_word' id='word_1_147' title='bbox 824 915 871 941; x_wconf 76' lang='grc' dir='ltr'>καὶ</span> 
     </span>
    </p>
   </div>
   <div class='ocr_carea' id='block_1_22' title="bbox 81 957 872 994">
    <p class='ocr_par' dir='ltr' id='par_1_22' title="bbox 81 957 872 994">
     <span class='ocr_line' id='line_1_22' title="bbox 81 957 872 994; baseline 0.004 -11"><span class='ocrx_word' id='word_1_148' title='bbox 81 957 290 993; x_wconf 84' lang='grc' dir='ltr'>ἀκατάληπτον,</span> <span class='ocrx_word' id='word_1_149' title='bbox 312 958 360 994; x_wconf 87' lang='grc' dir='ltr'>τὴν</span> <span class='ocrx_word' id='word_1_150' title='bbox 383 958 479 985; x_wconf 81' lang='grc' dir='ltr'>ἑαυτοῦ</span> <span class='ocrx_word' id='word_1_151' title='bbox 502 959 637 989; x_wconf 82' lang='grc' dir='ltr'>διάνοιαν.</span> <span class='ocrx_word' id='word_1_152' title='bbox 658 957 714 986; x_wconf 75' lang='grc' dir='ltr'>οἷον</span> <span class='ocrx_word' id='word_1_153' title='bbox 736 960 781 986; x_wconf 78' lang='grc' dir='ltr'>ἐπι</span> <span class='ocrx_word' id='word_1_154' title='bbox 810 969 872 987; x_wconf 88' lang='grc' dir='ltr'>τινα</span> 
     </span>
    </p>
   </div>
   <div class='ocr_carea' id='block_1_23' title="bbox 81 1002 871 1038">
    <p class='ocr_par' dir='ltr' id='par_1_23' title="bbox 81 1002 871 1038">
     <span class='ocr_line' id='line_1_23' title="bbox 81 1002 871 1038; baseline 0.004 -10"><span class='ocrx_word' id='word_1_155' title='bbox 81 1002 162 1037; x_wconf 82' lang='grc' dir='ltr'>δρους</span> <span class='ocrx_word' id='word_1_156' title='bbox 180 1002 301 1038; x_wconf 66' lang='grc' dir='ltr'>κορυφὴν</span> <span class='ocrx_word' id='word_1_157' title='bbox 315 1003 503 1036; x_wconf 84' lang='grc' dir='ltr'>ἀνατείναντα,</span> <span class='ocrx_word' id='word_1_158' title='bbox 519 1005 578 1030; x_wconf 69' lang='grc' dir='ltr'><strong>ἐκεῖ</strong></span> <span class='ocrx_word' id='word_1_159' title='bbox 593 1004 733 1030; x_wconf 74' lang='grc' dir='ltr'>πιστεύειν</span> <span class='ocrx_word' id='word_1_160' title='bbox 751 1003 820 1031; x_wconf 83' lang='grc' dir='ltr'>εἶναι</span> <span class='ocrx_word' id='word_1_161' title='bbox 841 1006 871 1032; x_wconf 87' lang='grc' dir='ltr'><strong>τὺ</strong></span> 
     </span>
    </p>
   </div>
   <div class='ocr_carea' id='block_1_24' title="bbox 81 1045 872 1085">
    <p class='ocr_par' dir='ltr' id='par_1_24' title="bbox 81 1045 872 1085">
     <span class='ocr_line' id='line_1_24' title="bbox 81 1045 872 1085; baseline 0.004 -11"><span class='ocrx_word' id='word_1_162' title='bbox 81 1048 168 1080; x_wconf 79' lang='grc' dir='ltr'>Θείον,</span> <span class='ocrx_word' id='word_1_163' title='bbox 191 1049 219 1074; x_wconf 85' lang='grc' dir='ltr'>ὲν</span> <span class='ocrx_word' id='word_1_164' title='bbox 232 1045 253 1082; x_wconf 84' lang='grc' dir='ltr'>ᾧ</span> <span class='ocrx_word' id='word_1_165' title='bbox 266 1048 316 1074; x_wconf 85' lang='grc' dir='ltr'>οὐκ</span> <span class='ocrx_word' id='word_1_166' title='bbox 327 1049 477 1083; x_wconf 75' lang='grc' dir='ltr'><strong>ἐφικνεῖται</strong></span> <span class='ocrx_word' id='word_1_167' title='bbox 496 1050 512 1084; x_wconf 82' lang='grc' dir='ltr'><strong>ἡ</strong></span> <span class='ocrx_word' id='word_1_168' title='bbox 528 1050 700 1083; x_wconf 80' lang='grc' dir='ltr'>κατανόησις.</span> <span class='ocrx_word' id='word_1_169' title='bbox 724 1050 872 1085; x_wconf 82' lang='grc' dir='ltr'>Γενόμενος</span> 
     </span>
    </p>
   </div>
   <div class='ocr_carea' id='block_1_25' title="bbox 79 1093 870 1130">
    <p class='ocr_par' dir='ltr' id='par_1_25' title="bbox 79 1093 870 1130">
     <span class='ocr_line' id='line_1_25' title="bbox 79 1093 870 1130; baseline 0.004 -10"><span class='ocrx_word' id='word_1_170' title='bbox 79 1093 109 1120; x_wconf 76' lang='grc' dir='ltr'><strong>δὲ</strong></span> <span class='ocrx_word' id='word_1_171' title='bbox 121 1094 150 1120; x_wconf 80' lang='grc' dir='ltr'>ὲν</span> <span class='ocrx_word' id='word_1_172' title='bbox 159 1095 269 1130; x_wconf 74' lang='grc' dir='ltr'><strong>¹ἐκείνῳ,</strong></span> <span class='ocrx_word' id='word_1_173' title='bbox 282 1093 387 1129; x_wconf 86' lang='grc' dir='ltr'>δέχεται</span> <span class='ocrx_word' id='word_1_174' title='bbox 399 1095 431 1121; x_wconf 87' lang='grc' dir='ltr'><strong>τὰ</strong></span> <span class='ocrx_word' id='word_1_175' title='bbox 446 1094 504 1121; x_wconf 85' lang='grc' dir='ltr'>θεῖα</span> <span class='ocrx_word' id='word_1_176' title='bbox 516 1096 723 1130; x_wconf 81' lang='grc' dir='ltr'>προστάγματα.</span> <span class='ocrx_word' id='word_1_177' title='bbox 732 1096 824 1123; x_wconf 82' lang='grc' dir='ltr'>Ταῦτα</span> <span class='ocrx_word' id='word_1_178' title='bbox 841 1097 870 1123; x_wconf 80' lang='grc' dir='ltr'><strong>δὲ</strong></span> 
     </span>
    </p>
   </div>
   <div class='ocr_carea' id='block_1_26' title="bbox 80 1138 870 1178">
    <p class='ocr_par' dir='ltr' id='par_1_26' title="bbox 80 1138 870 1178">
     <span class='ocr_line' id='line_1_26' title="bbox 80 1138 870 1178; baseline 0.003 -12"><span class='ocrx_word' id='word_1_179' title='bbox 80 1138 113 1176; x_wconf 78' lang='grc' dir='ltr'>ἦν</span> <span class='ocrx_word' id='word_1_180' title='bbox 127 1141 225 1176; x_wconf 78' lang='grc' dir='ltr'>ἀρετῆς</span> <span class='ocrx_word' id='word_1_181' title='bbox 236 1140 405 1174; x_wconf 77' lang='grc' dir='ltr'>διδασκαλία,</span> <span class='ocrx_word' id='word_1_182' title='bbox 425 1139 458 1176; x_wconf 83' lang='grc' dir='ltr'><strong>ἧς</strong></span> <span class='ocrx_word' id='word_1_183' title='bbox 470 1142 500 1168; x_wconf 82' lang='grc' dir='ltr'><strong>τὸ</strong></span> <span class='ocrx_word' id='word_1_184' title='bbox 520 1141 667 1176; x_wconf 79' lang='grc' dir='ltr'>κεφάλαιον</span> <span class='ocrx_word' id='word_1_185' title='bbox 686 1142 739 1177; x_wconf 84' lang='grc' dir='ltr'>ἄρα</span> <span class='ocrx_word' id='word_1_186' title='bbox 756 1142 831 1168; x_wconf 71' lang='grc' dir='ltr'>ἐστὶν</span> <span class='ocrx_word' id='word_1_187' title='bbox 854 1143 870 1178; x_wconf 82' lang='grc' dir='ltr'>ἡ</span> 
     </span>
    </p>
   </div>
   <div class='ocr_carea' id='block_1_27' title="bbox 80 1187 871 1224">
    <p class='ocr_par' dir='ltr' id='par_1_27' title="bbox 80 1187 871 1224">
     <span class='ocr_line' id='line_1_27' title="bbox 80 1187 871 1224; baseline 0.003 -12"><span class='ocrx_word' id='word_1_188' title='bbox 80 1187 214 1217; x_wconf 73' lang='grc' dir='ltr'>εὐσέϐεια,</span> <span class='ocrx_word' id='word_1_189' title='bbox 229 1187 318 1213; x_wconf 75' lang='grc' dir='ltr'>καὶτὸ</span> <span class='ocrx_word' id='word_1_190' title='bbox 329 1187 379 1219; x_wconf 78' lang='grc' dir='ltr'><strong>τὰς</strong></span> <span class='ocrx_word' id='word_1_191' title='bbox 398 1187 555 1222; x_wconf 79' lang='grc' dir='ltr'><strong>πρεπούσας</strong></span> <span class='ocrx_word' id='word_1_192' title='bbox 574 1187 723 1223; x_wconf 70' lang='grc' dir='ltr'>ὑπολήψεις</span> <span class='ocrx_word' id='word_1_193' title='bbox 740 1188 803 1223; x_wconf 64' lang='grc' dir='ltr'><strong>περ)⁸</strong></span> <span class='ocrx_word' id='word_1_194' title='bbox 821 1189 871 1224; x_wconf 81' lang='grc' dir='ltr'>τῆς</span> 
     </span>
    </p>
   </div>
   <div class='ocr_carea' id='block_1_28' title="bbox 80 1231 870 1268">
    <p class='ocr_par' dir='ltr' id='par_1_28' title="bbox 80 1231 870 1268">
     <span class='ocr_line' id='line_1_28' title="bbox 80 1231 870 1268; baseline 0.001 -11"><span class='ocrx_word' id='word_1_195' title='bbox 80 1231 154 1263; x_wconf 79' lang='grc' dir='ltr'>θείας</span> <span class='ocrx_word' id='word_1_196' title='bbox 168 1231 274 1266; x_wconf 79' lang='grc' dir='ltr'>φύσεως</span> <span class='ocrx_word' id='word_1_197' title='bbox 285 1231 356 1267; x_wconf 77' lang='grc' dir='ltr'>ἔχειν</span> <span class='ocrx_word' id='word_1_198' title='bbox 365 1241 371 1247; x_wconf 90' lang='grc'>·</span> <span class='ocrx_word' id='word_1_199' title='bbox 386 1231 423 1263; x_wconf 87' lang='grc' dir='ltr'>ὡς</span> <span class='ocrx_word' id='word_1_200' title='bbox 435 1232 594 1268; x_wconf 82' lang='grc' dir='ltr'><strong>ὑπέρκειται</strong></span> <span class='ocrx_word' id='word_1_201' title='bbox 609 1233 710 1264; x_wconf 78' lang='grc' dir='ltr'>παντὸς</span> <span class='ocrx_word' id='word_1_202' title='bbox 719 1232 870 1266; x_wconf 88' lang='grc' dir='ltr'>γνωστικοῦ</span> 
     </span>
    </p>
   </div>
   <div class='ocr_carea' id='block_1_29' title="bbox 81 1278 871 1314">
    <p class='ocr_par' dir='ltr' id='par_1_29' title="bbox 81 1278 871 1314">
     <span class='ocr_line' id='line_1_29' title="bbox 81 1278 871 1314; baseline 0 -10"><span class='ocrx_word' id='word_1_203' title='bbox 81 1278 214 1313; x_wconf 82' lang='grc' dir='ltr'>νοήματός</span> <span class='ocrx_word' id='word_1_204' title='bbox 234 1286 264 1304; x_wconf 86' lang='grc' dir='ltr'>τε</span> <span class='ocrx_word' id='word_1_205' title='bbox 284 1278 331 1304; x_wconf 71' lang='grc' dir='ltr'>καὶ</span> <span class='ocrx_word' id='word_1_206' title='bbox 344 1278 554 1314; x_wconf 84' lang='grc' dir='ltr'>ὺποδείγματος,</span> <span class='ocrx_word' id='word_1_207' title='bbox 570 1279 657 1305; x_wconf 79' lang='grc' dir='ltr'><strong>οὐδενὶ</strong></span> <span class='ocrx_word' id='word_1_208' title='bbox 670 1279 724 1305; x_wconf 83' lang='grc' dir='ltr'><strong>τῶν</strong></span> <span class='ocrx_word' id='word_1_209' title='bbox 737 1287 871 1312; x_wconf 87' lang='grc' dir='ltr'>γινωσκο-</span> 
     </span>
    </p>
   </div>
   <div class='ocr_carea' id='block_1_30' title="bbox 82 1323 870 1359">
    <p class='ocr_par' dir='ltr' id='par_1_30' title="bbox 82 1323 870 1359">
     <span class='ocr_line' id='line_1_30' title="bbox 82 1323 870 1359; baseline 0.001 -10"><span class='ocrx_word' id='word_1_210' title='bbox 82 1324 170 1358; x_wconf 81' lang='grc' dir='ltr'><strong>μένων</strong></span> <span class='ocrx_word' id='word_1_211' title='bbox 191 1324 371 1359; x_wconf 75' lang='grc' dir='ltr'>ὀμοιουμένη.</span> <span class='ocrx_word' id='word_1_212' title='bbox 401 1323 515 1350; x_wconf 85' lang='grc' dir='ltr'>Κελεύει</span> <span class='ocrx_word' id='word_1_213' title='bbox 540 1324 595 1358; x_wconf 79' lang='grc' dir='ltr'><strong>γὰρ</strong></span> <span class='ocrx_word' id='word_1_214' title='bbox 619 1324 688 1359; x_wconf 83' lang='grc' dir='ltr'>πρὸς</span> <span class='ocrx_word' id='word_1_215' title='bbox 712 1324 793 1359; x_wconf 80' lang='grc' dir='ltr'>μηδὲν</span> <span class='ocrx_word' id='word_1_216' title='bbox 815 1323 870 1350; x_wconf 84' lang='grc' dir='ltr'>τῶν</span> 
     </span>
    </p>
   </div>
   <div class='ocr_carea' id='block_1_31' title="bbox 80 1368 870 1404">
    <p class='ocr_par' dir='ltr' id='par_1_31' title="bbox 80 1368 870 1404">
     <span class='ocr_line' id='line_1_31' title="bbox 80 1368 870 1404; baseline -0.001 -8"><span class='ocrx_word' id='word_1_217' title='bbox 80 1369 365 1404; x_wconf 70' lang='grc' dir='ltr'>καταλαμϐανομένων</span> <span class='ocrx_word' id='word_1_218' title='bbox 373 1371 402 1395; x_wconf 77' lang='grc' dir='ltr'><strong>ὲν</strong></span> <span class='ocrx_word' id='word_1_219' title='bbox 413 1371 474 1400; x_wconf 84' lang='grc' dir='ltr'>ταῖς</span> <span class='ocrx_word' id='word_1_220' title='bbox 484 1370 547 1404; x_wconf 75' lang='grc' dir='ltr'>περὶ</span> <span class='ocrx_word' id='word_1_221' title='bbox 561 1369 628 1395; x_wconf 84' lang='grc' dir='ltr'>Θεοῦ</span> <span class='ocrx_word' id='word_1_222' title='bbox 647 1369 796 1404; x_wconf 71' lang='grc' dir='ltr'>ὐπολήψεσι</span> <span class='ocrx_word' id='word_1_223' title='bbox 810 1368 870 1404; x_wconf 80' lang='grc' dir='ltr'><strong>βλέ-</strong></span> 
     </span>
    </p>
   </div>
   <div class='ocr_carea' id='block_1_32' title="bbox 80 1415 869 1451">
    <p class='ocr_par' dir='ltr' id='par_1_32' title="bbox 80 1415 869 1451">
     <span class='ocr_line' id='line_1_32' title="bbox 80 1415 869 1451; baseline 0 -10"><span class='ocrx_word' id='word_1_224' title='bbox 80 1424 153 1447; x_wconf 86' lang='grc' dir='ltr'>πειν,</span> <span class='ocrx_word' id='word_1_225' title='bbox 179 1415 245 1451; x_wconf 78' lang='grc' dir='ltr'>μηδέ</span> <span class='ocrx_word' id='word_1_226' title='bbox 264 1424 316 1441; x_wconf 87' lang='grc' dir='ltr'>τινι</span> <span class='ocrx_word' id='word_1_227' title='bbox 334 1415 389 1442; x_wconf 83' lang='grc' dir='ltr'><strong>τῶν</strong></span> <span class='ocrx_word' id='word_1_228' title='bbox 411 1417 443 1441; x_wconf 82' lang='grc' dir='ltr'>ὲκ</span> <span class='ocrx_word' id='word_1_229' title='bbox 463 1415 640 1450; x_wconf 67' lang='grc' dir='ltr'>καταλήψεως</span> <span class='ocrx_word' id='word_1_230' title='bbox 659 1416 869 1450; x_wconf 77' lang='grc' dir='ltr'>γινωσκομένων</span> 
     </span>
    </p>
   </div>
   <div class='ocr_carea' id='block_1_33' title="bbox 79 1459 869 1496">
    <p class='ocr_par' dir='ltr' id='par_1_33' title="bbox 79 1459 869 1496">
     <span class='ocr_line' id='line_1_33' title="bbox 79 1459 869 1496; baseline -0.001 -9"><span class='ocrx_word' id='word_1_231' title='bbox 79 1461 191 1496; x_wconf 75' lang='grc' dir='ltr'>ὁμοιοῦν</span> <span class='ocrx_word' id='word_1_232' title='bbox 210 1461 259 1496; x_wconf 82' lang='grc' dir='ltr'><strong>τὴν</strong></span> <span class='ocrx_word' id='word_1_233' title='bbox 279 1460 326 1487; x_wconf 84' lang='grc' dir='ltr'><strong>τοῦ</strong></span> <span class='ocrx_word' id='word_1_234' title='bbox 351 1460 450 1491; x_wconf 85' lang='grc' dir='ltr'>παντὸς</span> <span class='ocrx_word' id='word_1_235' title='bbox 468 1460 671 1495; x_wconf 80' lang='grc' dir='ltr'>ὑπερκειμένην</span> <span class='ocrx_word' id='word_1_236' title='bbox 689 1459 785 1494; x_wconf 75' lang='grc' dir='ltr'>φύσιψ</span> <span class='ocrx_word' id='word_1_237' title='bbox 802 1459 869 1486; x_wconf 84' lang='grc' dir='ltr'>ἀλλὰ</span> 
     </span>
    </p>
   </div>
   <div class='ocr_carea' id='block_1_34' title="bbox 921 228 1713 270">
    <p class='ocr_par' dir='ltr' id='par_1_34' title="bbox 921 228 1713 270">
     <span class='ocr_line' id='line_1_34' title="bbox 921 228 1713 270; baseline 0.008 -14"><span class='ocrx_word' id='word_1_238' title='bbox 921 234 1083 264; x_wconf 86' lang='lat' dir='ltr'><strong>conspectus</strong></span> <span class='ocrx_word' id='word_1_239' title='bbox 1100 231 1156 265; x_wconf 83' lang='lat' dir='ltr'><strong>ipse</strong></span> <span class='ocrx_word' id='word_1_240' title='bbox 1172 231 1344 265; x_wconf 75' lang='lat' dir='ltr'><strong>versabatur,</strong></span> <span class='ocrx_word' id='word_1_241' title='bbox 1362 237 1391 259; x_wconf 90' lang='lat' dir='ltr'><strong>ut</strong></span> <span class='ocrx_word' id='word_1_242' title='bbox 1404 241 1454 260; x_wconf 90' lang='lat' dir='ltr'><strong>nos</strong></span> <span class='ocrx_word' id='word_1_243' title='bbox 1472 232 1512 268; x_wconf 88' lang='lat' dir='ltr'><strong>(ut</strong></span> <span class='ocrx_word' id='word_1_244' title='bbox 1525 228 1654 270; x_wconf 77' lang='lat' dir='ltr'><strong>arbitror)</strong></span> <span class='ocrx_word' id='word_1_245' title='bbox 1671 234 1713 262; x_wconf 83' lang='lat' dir='ltr'><strong>his</strong></span> 
     </span>
    </p>
   </div>
   <div class='ocr_carea' id='block_1_35' title="bbox 921 276 1714 314">
    <p class='ocr_par' dir='ltr' id='par_1_35' title="bbox 921 276 1714 314">
     <span class='ocr_line' id='line_1_35' title="bbox 921 276 1714 314; baseline 0.008 -12"><span class='ocrx_word' id='word_1_246' title='bbox 921 276 1005 310; x_wconf 77' lang='lat' dir='ltr'><strong>gestis</strong></span> <span class='ocrx_word' id='word_1_247' title='bbox 1028 277 1175 304; x_wconf 89' lang='lat' dir='ltr'><strong>instrueret</strong></span> <span class='ocrx_word' id='word_1_248' title='bbox 1200 277 1273 312; x_wconf 87' lang='lat' dir='ltr'><strong>quod</strong></span> <span class='ocrx_word' id='word_1_249' title='bbox 1301 279 1475 312; x_wconf 80' lang='lat' dir='ltr'><strong>oporteat,si</strong></span> <span class='ocrx_word' id='word_1_250' title='bbox 1492 280 1553 314; x_wconf 85' lang='lat' dir='ltr'><strong>quis</strong></span> <span class='ocrx_word' id='word_1_251' title='bbox 1569 280 1632 307; x_wconf 84' lang='lat' dir='ltr'><strong>velit</strong></span> <span class='ocrx_word' id='word_1_252' title='bbox 1652 289 1714 308; x_wconf 81' lang='lat' dir='ltr'><strong>esse</strong></span> 
     </span>
    </p>
   </div>
   <div class='ocr_carea' id='block_1_36' title="bbox 921 321 1711 358">
    <p class='ocr_par' dir='ltr' id='par_1_36' title="bbox 921 321 1711 358">
     <span class='ocr_line' id='line_1_36' title="bbox 921 321 1711 358; baseline 0.006 -11"><span class='ocrx_word' id='word_1_253' title='bbox 921 329 982 348; x_wconf 88' lang='lat' dir='ltr'><strong>cum</strong></span> <span class='ocrx_word' id='word_1_254' title='bbox 999 321 1063 354; x_wconf 83' lang='lat' dir='ltr'><strong>Deo,</strong></span> <span class='ocrx_word' id='word_1_255' title='bbox 1084 323 1174 349; x_wconf 89' lang='lat' dir='ltr'><strong>omnia</strong></span> <span class='ocrx_word' id='word_1_256' title='bbox 1189 323 1246 350; x_wconf 55' lang='lat' dir='ltr'><strong>lta‘c</strong></span> <span class='ocrx_word' id='word_1_257' title='bbox 1280 330 1340 357; x_wconf 69' lang='lat' dir='ltr'><strong>qua:</strong></span> <span class='ocrx_word' id='word_1_258' title='bbox 1372 323 1508 355; x_wconf 79' lang='lat' dir='ltr'><strong>videntur,</strong></span> <span class='ocrx_word' id='word_1_259' title='bbox 1527 331 1711 358; x_wconf 84' lang='lat' dir='ltr'><strong>contemnere,</strong></span> 
     </span>
    </p>
   </div>
   <div class='ocr_carea' id='block_1_37' title="bbox 921 367 1713 404">
    <p class='ocr_par' dir='ltr' id='par_1_37' title="bbox 921 367 1713 404">
     <span class='ocr_line' id='line_1_37' title="bbox 921 367 1713 404; baseline 0.005 -12"><span class='ocrx_word' id='word_1_260' title='bbox 921 373 953 392; x_wconf 88' lang='lat' dir='ltr'><strong>ac</strong></span> <span class='ocrx_word' id='word_1_261' title='bbox 967 370 1084 394; x_wconf 88' lang='lat' dir='ltr'><strong>ntentetn</strong></span> <span class='ocrx_word' id='word_1_262' title='bbox 1103 375 1179 394; x_wconf 89' lang='lat' dir='ltr'><strong>suam</strong></span> <span class='ocrx_word' id='word_1_263' title='bbox 1194 368 1227 395; x_wconf 89' lang='lat' dir='ltr'><strong>ad</strong></span> <span class='ocrx_word' id='word_1_264' title='bbox 1243 367 1380 396; x_wconf 88' lang='lat' dir='ltr'><strong>invisibile</strong></span> <span class='ocrx_word' id='word_1_265' title='bbox 1403 372 1484 403; x_wconf 92' lang='lat' dir='ltr'><strong>atque</strong></span> <span class='ocrx_word' id='word_1_266' title='bbox 1506 369 1713 404; x_wconf 87' lang='lat' dir='ltr'><strong>incomprehen-</strong></span> 
     </span>
    </p>
   </div>
   <div class='ocr_carea' id='block_1_38' title="bbox 921 412 1714 456">
    <p class='ocr_par' dir='ltr' id='par_1_38' title="bbox 921 412 1714 456">
     <span class='ocr_line' id='line_1_38' title="bbox 921 412 1714 456; baseline 0.006 -18"><span class='ocrx_word' id='word_1_267' title='bbox 921 412 1009 443; x_wconf 87' lang='lat' dir='ltr'><strong>sibile.</strong></span> <span class='ocrx_word' id='word_1_268' title='bbox 1022 413 1099 448; x_wconf 85' lang='lat' dir='ltr'><strong>quasi</strong></span> <span class='ocrx_word' id='word_1_269' title='bbox 1118 414 1150 441; x_wconf 91' lang='lat' dir='ltr'><strong>ad</strong></span> <span class='ocrx_word' id='word_1_270' title='bbox 1161 415 1344 456; x_wconf 74' lang='lat' dir='ltr'><strong>summitatem</strong></span> <span class='ocrx_word' id='word_1_271' title='bbox 1359 416 1459 442; x_wconf 87' lang='lat' dir='ltr'><strong>tttontis</strong></span> <span class='ocrx_word' id='word_1_272' title='bbox 1472 415 1589 451; x_wconf 71' lang='lat' dir='ltr'><strong>dirigere</strong></span> <span class='ocrx_word' id='word_1_273' title='bbox 1603 425 1609 443; x_wconf 94' lang='lat'>:</span> <span class='ocrx_word' id='word_1_274' title='bbox 1622 416 1714 451; x_wconf 84' lang='lat' dir='ltr'><strong>ibique</strong></span> 
     </span>
    </p>
   </div>
   <div class='ocr_carea' id='block_1_39' title="bbox 922 459 1713 496">
    <p class='ocr_par' dir='ltr' id='par_1_39' title="bbox 922 459 1713 496">
     <span class='ocr_line' id='line_1_39' title="bbox 922 459 1713 496; baseline 0.006 -12"><span class='ocrx_word' id='word_1_275' title='bbox 922 459 1033 486; x_wconf 81' lang='lat' dir='ltr'><strong>credere</strong></span> <span class='ocrx_word' id='word_1_276' title='bbox 1047 459 1130 486; x_wconf 89' lang='lat' dir='ltr'><strong>Deum</strong></span> <span class='ocrx_word' id='word_1_277' title='bbox 1155 467 1232 492; x_wconf 85' lang='lat' dir='ltr'><strong>esse.</strong></span> <span class='ocrx_word' id='word_1_278' title='bbox 1263 469 1317 496; x_wconf 88' lang='lat' dir='ltr'><strong>qtto</strong></span> <span class='ocrx_word' id='word_1_279' title='bbox 1337 461 1479 496; x_wconf 89' lang='lat' dir='ltr'><strong>pervenire</strong></span> <span class='ocrx_word' id='word_1_280' title='bbox 1504 462 1633 495; x_wconf 78' lang='lat' dir='ltr'><strong>cogitatio</strong></span> <span class='ocrx_word' id='word_1_281' title='bbox 1659 470 1713 489; x_wconf 91' lang='lat' dir='ltr'><strong>non</strong></span> 
     </span>
    </p>
   </div>
   <div class='ocr_carea' id='block_1_40' title="bbox 921 505 1714 541">
    <p class='ocr_par' dir='ltr' id='par_1_40' title="bbox 921 505 1714 541">
     <span class='ocr_line' id='line_1_40' title="bbox 921 505 1714 541; baseline 0.004 -11"><span class='ocrx_word' id='word_1_282' title='bbox 921 508 1020 537; x_wconf 79' lang='lat' dir='ltr'><strong>potest.</strong></span> <span class='ocrx_word' id='word_1_283' title='bbox 1039 505 1094 532; x_wconf 84' lang='lat' dir='ltr'><strong>llac</strong></span> <span class='ocrx_word' id='word_1_284' title='bbox 1110 506 1228 541; x_wconf 79' lang='lat' dir='ltr'><strong>igiturin</strong></span> <span class='ocrx_word' id='word_1_285' title='bbox 1244 507 1403 534; x_wconf 72' lang='lat' dir='ltr'><strong>summitate</strong></span> <span class='ocrx_word' id='word_1_286' title='bbox 1427 507 1528 534; x_wconf 91' lang='lat' dir='ltr'><strong>montis</strong></span> <span class='ocrx_word' id='word_1_287' title='bbox 1549 507 1714 534; x_wconf 90' lang='lat' dir='ltr'><strong>constituttts</strong></span> 
     </span>
    </p>
   </div>
   <div class='ocr_carea' id='block_1_41' title="bbox 921 550 1714 587">
    <p class='ocr_par' dir='ltr' id='par_1_41' title="bbox 921 550 1714 587">
     <span class='ocr_line' id='line_1_41' title="bbox 921 550 1714 587; baseline 0.003 -10"><span class='ocrx_word' id='word_1_288' title='bbox 921 550 1027 586; x_wconf 81' lang='lat' dir='ltr'><strong>Moyses</strong></span> <span class='ocrx_word' id='word_1_289' title='bbox 1040 552 1071 584; x_wconf 69' lang='lat'><strong>‘9,</strong></span> <span class='ocrx_word' id='word_1_290' title='bbox 1088 552 1177 578; x_wconf 84' lang='lat' dir='ltr'><strong>divina</strong></span> <span class='ocrx_word' id='word_1_291' title='bbox 1191 553 1307 587; x_wconf 83' lang='lat' dir='ltr'><strong>suscipit</strong></span> <span class='ocrx_word' id='word_1_292' title='bbox 1327 553 1465 585; x_wconf 86' lang='lat' dir='ltr'><strong>mandata,</strong></span> <span class='ocrx_word' id='word_1_293' title='bbox 1481 560 1540 587; x_wconf 76' lang='lat' dir='ltr'><strong>qua:</strong></span> <span class='ocrx_word' id='word_1_294' title='bbox 1552 553 1594 579; x_wconf 87' lang='lat' dir='ltr'><strong>via</strong></span> <span class='ocrx_word' id='word_1_295' title='bbox 1611 552 1714 579; x_wconf 87' lang='lat' dir='ltr'><strong>doctri—</strong></span> 
     </span>
    </p>
   </div>
   <div class='ocr_carea' id='block_1_42' title="bbox 922 597 1714 633">
    <p class='ocr_par' dir='ltr' id='par_1_42' title="bbox 922 597 1714 633">
     <span class='ocr_line' id='line_1_42' title="bbox 922 597 1714 633; baseline 0.004 -11"><span class='ocrx_word' id='word_1_296' title='bbox 922 604 1010 631; x_wconf 84' lang='lat' dir='ltr'><strong>naque</strong></span> <span class='ocrx_word' id='word_1_297' title='bbox 1026 601 1089 624; x_wconf 86' lang='lat' dir='ltr'><strong>sunt</strong></span> <span class='ocrx_word' id='word_1_298' title='bbox 1101 598 1133 624; x_wconf 89' lang='lat' dir='ltr'><strong>ad</strong></span> <span class='ocrx_word' id='word_1_299' title='bbox 1152 598 1289 624; x_wconf 80' lang='lat' dir='ltr'><strong>virtutem.</strong></span> <span class='ocrx_word' id='word_1_300' title='bbox 1318 597 1403 632; x_wconf 88' lang='lat' dir='ltr'><strong>Cujus</strong></span> <span class='ocrx_word' id='word_1_301' title='bbox 1420 604 1499 633; x_wconf 88' lang='lat' dir='ltr'><strong>caput</strong></span> <span class='ocrx_word' id='word_1_302' title='bbox 1516 604 1556 626; x_wconf 89' lang='lat' dir='ltr'><strong>est</strong></span> <span class='ocrx_word' id='word_1_303' title='bbox 1571 599 1668 633; x_wconf 86' lang='lat' dir='ltr'><strong>pietas,</strong></span> <span class='ocrx_word' id='word_1_304' title='bbox 1685 602 1714 625; x_wconf 87' lang='lat' dir='ltr'><strong>ut</strong></span> 
     </span>
    </p>
   </div>
   <div class='ocr_carea' id='block_1_43' title="bbox 922 641 1712 677">
    <p class='ocr_par' dir='ltr' id='par_1_43' title="bbox 922 641 1712 677">
     <span class='ocr_line' id='line_1_43' title="bbox 922 641 1712 677; baseline 0.003 -9"><span class='ocrx_word' id='word_1_305' title='bbox 922 641 1026 668; x_wconf 82' lang='lat' dir='ltr'><strong>scilicet</strong></span> <span class='ocrx_word' id='word_1_306' title='bbox 1052 642 1234 669; x_wconf 80' lang='lat' dir='ltr'><strong>condecentes</strong></span> <span class='ocrx_word' id='word_1_307' title='bbox 1251 642 1285 669; x_wconf 85' lang='lat' dir='ltr'><strong>de</strong></span> <span class='ocrx_word' id='word_1_308' title='bbox 1311 641 1364 669; x_wconf 89' lang='lat' dir='ltr'><strong>Deo</strong></span> <span class='ocrx_word' id='word_1_309' title='bbox 1384 643 1528 677; x_wconf 84' lang='lat' dir='ltr'><strong>opiniones</strong></span> <span class='ocrx_word' id='word_1_310' title='bbox 1552 644 1712 677; x_wconf 84' lang='lat' dir='ltr'><strong>habeamus,</strong></span> 
     </span>
    </p>
   </div>
   <div class='ocr_carea' id='block_1_44' title="bbox 922 685 1715 722">
    <p class='ocr_par' dir='ltr' id='par_1_44' title="bbox 922 685 1715 722">
     <span class='ocr_line' id='line_1_44' title="bbox 922 685 1715 722; baseline 0.003 -10"><span class='ocrx_word' id='word_1_311' title='bbox 922 685 993 720; x_wconf 87' lang='lat' dir='ltr'><strong>quod</strong></span> <span class='ocrx_word' id='word_1_312' title='bbox 1001 693 1107 713; x_wconf 88' lang='lat' dir='ltr'><strong>omnem</strong></span> <span class='ocrx_word' id='word_1_313' title='bbox 1117 687 1328 721; x_wconf 85' lang='lat' dir='ltr'><strong>cognoscibiletn</strong></span> <span class='ocrx_word' id='word_1_314' title='bbox 1341 687 1470 721; x_wconf 82' lang='lat' dir='ltr'><strong>speciem,</strong></span> <span class='ocrx_word' id='word_1_315' title='bbox 1482 695 1614 721; x_wconf 76' lang='lat' dir='ltr'><strong>omneque</strong></span> <span class='ocrx_word' id='word_1_316' title='bbox 1622 695 1715 722; x_wconf 88' lang='lat' dir='ltr'><strong>super-</strong></span> 
     </span>
    </p>
   </div>
   <div class='ocr_carea' id='block_1_45' title="bbox 922 731 1713 767">
    <p class='ocr_par' dir='ltr' id='par_1_45' title="bbox 922 731 1713 767">
     <span class='ocr_line' id='line_1_45' title="bbox 922 731 1713 767; baseline 0.003 -10"><span class='ocrx_word' id='word_1_317' title='bbox 922 731 1035 758; x_wconf 83' lang='lat' dir='ltr'><strong>excedat</strong></span> <span class='ocrx_word' id='word_1_318' title='bbox 1048 732 1212 766; x_wconf 80' lang='lat' dir='ltr'><strong>exemplum,</strong></span> <span class='ocrx_word' id='word_1_319' title='bbox 1235 732 1301 759; x_wconf 89' lang='lat' dir='ltr'><strong>ttulli</strong></span> <span class='ocrx_word' id='word_1_320' title='bbox 1317 733 1357 760; x_wconf 92' lang='lat' dir='ltr'><strong>rei</strong></span> <span class='ocrx_word' id='word_1_321' title='bbox 1372 741 1434 767; x_wconf 75' lang='lat' dir='ltr'><strong>qua:</strong></span> <span class='ocrx_word' id='word_1_322' title='bbox 1449 734 1626 767; x_wconf 79' lang='lat' dir='ltr'><strong>cognoscitur</strong></span> <span class='ocrx_word' id='word_1_323' title='bbox 1637 733 1713 760; x_wconf 89' lang='lat' dir='ltr'><strong>simi-</strong></span> 
     </span>
    </p>
   </div>
   <div class='ocr_carea' id='block_1_46' title="bbox 922 774 1712 812">
    <p class='ocr_par' dir='ltr' id='par_1_46' title="bbox 922 774 1712 812">
     <span class='ocr_line' id='line_1_46' title="bbox 922 774 1712 812; baseline 0.003 -10"><span class='ocrx_word' id='word_1_324' title='bbox 922 775 966 802; x_wconf 83' lang='lat' dir='ltr'><strong>lis.</strong></span> <span class='ocrx_word' id='word_1_325' title='bbox 981 774 1061 803; x_wconf 83' lang='lat' dir='ltr'><strong>Jubet</strong></span> <span class='ocrx_word' id='word_1_326' title='bbox 1076 777 1147 804; x_wconf 88' lang='lat' dir='ltr'><strong>enim</strong></span> <span class='ocrx_word' id='word_1_327' title='bbox 1160 776 1192 803; x_wconf 85' lang='lat' dir='ltr'><strong>ad</strong></span> <span class='ocrx_word' id='word_1_328' title='bbox 1220 778 1322 804; x_wconf 87' lang='lat' dir='ltr'><strong>nullam</strong></span> <span class='ocrx_word' id='word_1_329' title='bbox 1349 785 1416 809; x_wconf 84' lang='lat' dir='ltr'><strong>rem.</strong></span> <span class='ocrx_word' id='word_1_330' title='bbox 1441 786 1501 812; x_wconf 84' lang='lat' dir='ltr'><strong>qua-</strong></span> <span class='ocrx_word' id='word_1_331' title='bbox 1519 777 1712 812; x_wconf 82' lang='lat' dir='ltr'><strong>comprehendi</strong></span> 
     </span>
    </p>
   </div>
   <div class='ocr_carea' id='block_1_47' title="bbox 922 824 1712 858">
    <p class='ocr_par' dir='ltr' id='par_1_47' title="bbox 922 824 1712 858">
     <span class='ocr_line' id='line_1_47' title="bbox 922 824 1712 858; baseline 0.003 -10"><span class='ocrx_word' id='word_1_332' title='bbox 922 824 1019 856; x_wconf 88' lang='lat' dir='ltr'><strong>possit,</strong></span> <span class='ocrx_word' id='word_1_333' title='bbox 1047 824 1189 858; x_wconf 86' lang='lat' dir='ltr'><strong>respicere,</strong></span> <span class='ocrx_word' id='word_1_334' title='bbox 1204 824 1298 851; x_wconf 86' lang='lat' dir='ltr'><strong>ueeiis</strong></span> <span class='ocrx_word' id='word_1_335' title='bbox 1324 824 1440 851; x_wconf 85' lang='lat' dir='ltr'><strong>similem</strong></span> <span class='ocrx_word' id='word_1_336' title='bbox 1454 828 1552 858; x_wconf 89' lang='lat' dir='ltr'><strong>putare</strong></span> <span class='ocrx_word' id='word_1_337' title='bbox 1571 828 1712 856; x_wconf 86' lang='lat' dir='ltr'><strong>naturam,</strong></span> 
     </span>
    </p>
   </div>
   <div class='ocr_carea' id='block_1_48' title="bbox 923 870 1714 904">
    <p class='ocr_par' dir='ltr' id='par_1_48' title="bbox 923 870 1714 904">
     <span class='ocr_line' id='line_1_48' title="bbox 923 870 1714 904; baseline 0.001 -9"><span class='ocrx_word' id='word_1_338' title='bbox 923 876 983 904; x_wconf 74' lang='lat' dir='ltr'><strong>quae</strong></span> <span class='ocrx_word' id='word_1_339' title='bbox 1000 877 1083 903; x_wconf 78' lang='lat' dir='ltr'><strong>super</strong></span> <span class='ocrx_word' id='word_1_340' title='bbox 1100 870 1192 896; x_wconf 90' lang='lat' dir='ltr'><strong>otnnia</strong></span> <span class='ocrx_word' id='word_1_341' title='bbox 1209 873 1262 900; x_wconf 75' lang='lat' dir='ltr'><strong>est,</strong></span> <span class='ocrx_word' id='word_1_342' title='bbox 1280 878 1341 904; x_wconf 70' lang='lat' dir='ltr'><strong>quae</strong></span> <span class='ocrx_word' id='word_1_343' title='bbox 1355 870 1597 904; x_wconf 81' lang='lat' dir='ltr'><strong>comprehensione</strong></span> <span class='ocrx_word' id='word_1_344' title='bbox 1613 877 1714 904; x_wconf 81' lang='lat' dir='ltr'><strong>cogno-</strong></span> 
     </span>
    </p>
   </div>
   <div class='ocr_carea' id='block_1_49' title="bbox 922 915 1712 950">
    <p class='ocr_par' dir='ltr' id='par_1_49' title="bbox 922 915 1712 950">
     <span class='ocr_line' id='line_1_49' title="bbox 922 915 1712 950; baseline -0.001 -9"><span class='ocrx_word' id='word_1_345' title='bbox 922 918 1036 942; x_wconf 80' lang='lat' dir='ltr'><strong>scuntur</strong></span> <span class='ocrx_word' id='word_1_346' title='bbox 1054 924 1060 942; x_wconf 93' lang='lat'><strong>:</strong></span> <span class='ocrx_word' id='word_1_347' title='bbox 1074 915 1121 942; x_wconf 89' lang='lat' dir='ltr'><strong>sed</strong></span> <span class='ocrx_word' id='word_1_348' title='bbox 1139 923 1200 942; x_wconf 86' lang='lat' dir='ltr'><strong>esse</strong></span> <span class='ocrx_word' id='word_1_349' title='bbox 1222 915 1331 950; x_wconf 91' lang='lat' dir='ltr'><strong>quidem</strong></span> <span class='ocrx_word' id='word_1_350' title='bbox 1347 915 1432 950; x_wconf 88' lang='lat' dir='ltr'><strong>ipsam</strong></span> <span class='ocrx_word' id='word_1_351' title='bbox 1443 917 1553 942; x_wconf 81' lang='lat' dir='ltr'><strong>credere</strong></span> <span class='ocrx_word' id='word_1_352' title='bbox 1568 919 1712 949; x_wconf 86' lang='lat' dir='ltr'><strong>oportere:</strong></span> 
     </span>
    </p>
   </div>
   <div class='ocr_carea' id='block_1_50' title="bbox 922 958 1714 995">
    <p class='ocr_par' dir='ltr' id='par_1_50' title="bbox 922 958 1714 995">
     <span class='ocr_line' id='line_1_50' title="bbox 922 958 1714 995; baseline -0.001 -9"><span class='ocrx_word' id='word_1_353' title='bbox 922 964 1024 995; x_wconf 86' lang='lat' dir='ltr'><strong>quanta</strong></span> <span class='ocrx_word' id='word_1_354' title='bbox 1040 967 1116 991; x_wconf 83' lang='lat' dir='ltr'><strong>vero,</strong></span> <span class='ocrx_word' id='word_1_355' title='bbox 1144 964 1191 986; x_wconf 91' lang='lat' dir='ltr'><strong>aut</strong></span> <span class='ocrx_word' id='word_1_356' title='bbox 1208 960 1309 994; x_wconf 85' lang='lat' dir='ltr'><strong>qualis,</strong></span> <span class='ocrx_word' id='word_1_357' title='bbox 1341 963 1388 986; x_wconf 86' lang='lat' dir='ltr'><strong>aut</strong></span> <span class='ocrx_word' id='word_1_358' title='bbox 1413 958 1497 992; x_wconf 88' lang='lat' dir='ltr'><strong>unde,</strong></span> <span class='ocrx_word' id='word_1_359' title='bbox 1513 963 1560 985; x_wconf 89' lang='lat' dir='ltr'><strong>aut</strong></span> <span class='ocrx_word' id='word_1_360' title='bbox 1576 959 1714 993; x_wconf 90' lang='lat' dir='ltr'><strong>quomodo</strong></span> 
     </span>
    </p>
   </div>
   <div class='ocr_carea' id='block_1_51' title="bbox 922 1004 1714 1039">
    <p class='ocr_par' dir='ltr' id='par_1_51' title="bbox 922 1004 1714 1039">
     <span class='ocr_line' id='line_1_51' title="bbox 922 1004 1714 1039; baseline -0.001 -8"><span class='ocrx_word' id='word_1_361' title='bbox 922 1005 968 1037; x_wconf 87' lang='lat' dir='ltr'><strong>sit,</strong></span> <span class='ocrx_word' id='word_1_362' title='bbox 981 1012 1036 1031; x_wconf 92' lang='lat' dir='ltr'><strong>non</strong></span> <span class='ocrx_word' id='word_1_363' title='bbox 1048 1012 1109 1031; x_wconf 77' lang='lat' dir='ltr'><strong>esse</strong></span> <span class='ocrx_word' id='word_1_364' title='bbox 1123 1005 1311 1039; x_wconf 63' lang='lat' dir='ltr'><strong>quaerendum,</strong></span> <span class='ocrx_word' id='word_1_365' title='bbox 1325 1012 1386 1031; x_wconf 81' lang='lat' dir='ltr'><strong>cunt</strong></span> <span class='ocrx_word' id='word_1_366' title='bbox 1399 1012 1431 1032; x_wconf 83' lang='lat' dir='ltr'><strong>eo</strong></span> <span class='ocrx_word' id='word_1_367' title='bbox 1442 1004 1582 1039; x_wconf 76' lang='lat' dir='ltr'><strong>pervenire</strong></span> <span class='ocrx_word' id='word_1_368' title='bbox 1594 1004 1714 1031; x_wconf 83' lang='lat' dir='ltr'><strong>humana</strong></span> 
     </span>
    </p>
   </div>
   <div class='ocr_carea' id='block_1_52' title="bbox 922 1049 1715 1085">
    <p class='ocr_par' dir='ltr' id='par_1_52' title="bbox 922 1049 1715 1085">
     <span class='ocr_line' id='line_1_52' title="bbox 922 1049 1715 1085; baseline 0 -9"><span class='ocrx_word' id='word_1_369' title='bbox 922 1049 1032 1084; x_wconf 80' lang='lat' dir='ltr'><strong>ingenia</strong></span> <span class='ocrx_word' id='word_1_370' title='bbox 1048 1054 1193 1084; x_wconf 76' lang='lat' dir='ltr'><strong>nequeant.</strong></span> <span class='ocrx_word' id='word_1_371' title='bbox 1211 1050 1250 1077; x_wconf 79' lang='lat' dir='ltr'><strong>Ad</strong></span> <span class='ocrx_word' id='word_1_372' title='bbox 1265 1051 1391 1085; x_wconf 79' lang='lat' dir='ltr'><strong>pietatem</strong></span> <span class='ocrx_word' id='word_1_373' title='bbox 1409 1055 1499 1077; x_wconf 85' lang='lat' dir='ltr'><strong>autent</strong></span> <span class='ocrx_word' id='word_1_374' title='bbox 1511 1050 1592 1077; x_wconf 85' lang='lat' dir='ltr'><strong>etiam</strong></span> <span class='ocrx_word' id='word_1_375' title='bbox 1611 1050 1715 1077; x_wconf 87' lang='lat' dir='ltr'><strong>addun-</strong></span> 
     </span>
    </p>
   </div>
   <div class='ocr_carea' id='block_1_53' title="bbox 922 1096 1714 1131">
    <p class='ocr_par' dir='ltr' id='par_1_53' title="bbox 922 1096 1714 1131">
     <span class='ocr_line' id='line_1_53' title="bbox 922 1096 1714 1131; baseline 0.001 -9"><span class='ocrx_word' id='word_1_376' title='bbox 922 1100 966 1122; x_wconf 90' lang='lat' dir='ltr'><strong>tur</strong></span> <span class='ocrx_word' id='word_1_377' title='bbox 990 1096 1046 1127; x_wconf 89' lang='lat' dir='ltr'><strong>illa,</strong></span> <span class='ocrx_word' id='word_1_378' title='bbox 1062 1103 1122 1130; x_wconf 63' lang='lat' dir='ltr'><strong>quae</strong></span> <span class='ocrx_word' id='word_1_379' title='bbox 1144 1104 1250 1122; x_wconf 88' lang='lat' dir='ltr'><strong>tuorum</strong></span> <span class='ocrx_word' id='word_1_380' title='bbox 1269 1100 1333 1123; x_wconf 91' lang='lat' dir='ltr'><strong>sunt</strong></span> <span class='ocrx_word' id='word_1_381' title='bbox 1345 1096 1551 1131; x_wconf 79' lang='lat' dir='ltr'><strong>castigationes,</strong></span> <span class='ocrx_word' id='word_1_382' title='bbox 1572 1097 1599 1122; x_wconf 93' lang='lat' dir='ltr'><strong>in</strong></span> <span class='ocrx_word' id='word_1_383' title='bbox 1615 1103 1714 1130; x_wconf 82' lang='lat' dir='ltr'><strong>genere</strong></span> 
     </span>
    </p>
   </div>
   <div class='ocr_carea' id='block_1_54' title="bbox 921 1141 1713 1176">
    <p class='ocr_par' dir='ltr' id='par_1_54' title="bbox 921 1141 1713 1176">
     <span class='ocr_line' id='line_1_54' title="bbox 921 1141 1713 1176; baseline 0.001 -9"><span class='ocrx_word' id='word_1_384' title='bbox 921 1141 962 1168; x_wconf 90' lang='lat' dir='ltr'><strong>vel</strong></span> <span class='ocrx_word' id='word_1_385' title='bbox 985 1142 1012 1168; x_wconf 91' lang='lat' dir='ltr'><strong>in</strong></span> <span class='ocrx_word' id='word_1_386' title='bbox 1032 1145 1106 1175; x_wconf 85' lang='lat' dir='ltr'><strong>parte</strong></span> <span class='ocrx_word' id='word_1_387' title='bbox 1130 1141 1287 1169; x_wconf 89' lang='lat' dir='ltr'><strong>distributa.</strong></span> <span class='ocrx_word' id='word_1_388' title='bbox 1315 1141 1342 1168; x_wconf 91' lang='lat' dir='ltr'><strong>ltt</strong></span> <span class='ocrx_word' id='word_1_389' title='bbox 1363 1149 1463 1175; x_wconf 75' lang='lat' dir='ltr'><strong>genere</strong></span> <span class='ocrx_word' id='word_1_390' title='bbox 1488 1141 1607 1176; x_wconf 85' lang='lat' dir='ltr'><strong>quidem,</strong></span> <span class='ocrx_word' id='word_1_391' title='bbox 1628 1145 1713 1168; x_wconf 84' lang='lat' dir='ltr'><strong>totam</strong></span> 
     </span>
    </p>
   </div>
   <div class='ocr_carea' id='block_1_55' title="bbox 921 1186 1712 1222">
    <p class='ocr_par' dir='ltr' id='par_1_55' title="bbox 921 1186 1712 1222">
     <span class='ocr_line' id='line_1_55' title="bbox 921 1186 1712 1222; baseline -0.001 -8"><span class='ocrx_word' id='word_1_392' title='bbox 921 1187 1082 1222; x_wconf 84' lang='lat' dir='ltr'><strong>simpliciter</strong></span> <span class='ocrx_word' id='word_1_393' title='bbox 1098 1187 1260 1222; x_wconf 87' lang='lat' dir='ltr'><strong>injustitiant</strong></span> <span class='ocrx_word' id='word_1_394' title='bbox 1276 1187 1401 1222; x_wconf 87' lang='lat' dir='ltr'><strong>propellit</strong></span> <span class='ocrx_word' id='word_1_395' title='bbox 1417 1187 1457 1214; x_wconf 84' lang='lat' dir='ltr'><strong>lex</strong></span> <span class='ocrx_word' id='word_1_396' title='bbox 1470 1188 1526 1218; x_wconf 87' lang='lat' dir='ltr'><strong>illa,</strong></span> <span class='ocrx_word' id='word_1_397' title='bbox 1539 1186 1611 1221; x_wconf 86' lang='lat' dir='ltr'><strong>quod</strong></span> <span class='ocrx_word' id='word_1_398' title='bbox 1627 1194 1712 1221; x_wconf 84' lang='lat' dir='ltr'><strong>opor-</strong></span> 
     </span>
    </p>
   </div>
   <div class='ocr_carea' id='block_1_56' title="bbox 921 1232 1714 1267">
    <p class='ocr_par' dir='ltr' id='par_1_56' title="bbox 921 1232 1714 1267">
     <span class='ocr_line' id='line_1_56' title="bbox 921 1232 1714 1267; baseline -0.003 -7"><span class='ocrx_word' id='word_1_399' title='bbox 921 1237 977 1260; x_wconf 87' lang='lat' dir='ltr'><strong>teat</strong></span> <span class='ocrx_word' id='word_1_400' title='bbox 989 1233 1143 1267; x_wconf 72' lang='lat' dir='ltr'><strong>proximum</strong></span> <span class='ocrx_word' id='word_1_401' title='bbox 1158 1240 1260 1263; x_wconf 88' lang='lat' dir='ltr'><strong>amare,</strong></span> <span class='ocrx_word' id='word_1_402' title='bbox 1273 1241 1327 1267; x_wconf 88' lang='lat' dir='ltr'><strong>quo</strong></span> <span class='ocrx_word' id='word_1_403' title='bbox 1339 1233 1474 1259; x_wconf 89' lang='lat' dir='ltr'><strong>stabiliter</strong></span> <span class='ocrx_word' id='word_1_404' title='bbox 1489 1232 1650 1264; x_wconf 84' lang='lat' dir='ltr'><strong>constituto,</strong></span> <span class='ocrx_word' id='word_1_405' title='bbox 1664 1239 1714 1259; x_wconf 89' lang='lat' dir='ltr'><strong>ne-</strong></span> 
     </span>
    </p>
   </div>
   <div class='ocr_carea' id='block_1_57' title="bbox 920 1278 1715 1313">
    <p class='ocr_par' dir='ltr' id='par_1_57' title="bbox 920 1278 1715 1313">
     <span class='ocr_line' id='line_1_57' title="bbox 920 1278 1715 1313; baseline -0.003 -7"><span class='ocrx_word' id='word_1_406' title='bbox 920 1279 1041 1306; x_wconf 87' lang='lat' dir='ltr'><strong>cessario</strong></span> <span class='ocrx_word' id='word_1_407' title='bbox 1071 1279 1195 1313; x_wconf 89' lang='lat' dir='ltr'><strong>sequitur</strong></span> <span class='ocrx_word' id='word_1_408' title='bbox 1231 1278 1296 1305; x_wconf 91' lang='lat' dir='ltr'><strong>nihil</strong></span> <span class='ocrx_word' id='word_1_409' title='bbox 1322 1278 1453 1306; x_wconf 84' lang='lat' dir='ltr'><strong>adversus</strong></span> <span class='ocrx_word' id='word_1_410' title='bbox 1480 1279 1632 1313; x_wconf 80' lang='lat' dir='ltr'><strong>proximum</strong></span> <span class='ocrx_word' id='word_1_411' title='bbox 1659 1278 1715 1305; x_wconf 91' lang='lat' dir='ltr'><strong>cni-</strong></span> 
     </span>
    </p>
   </div>
   <div class='ocr_carea' id='block_1_58' title="bbox 920 1323 1714 1359">
    <p class='ocr_par' dir='ltr' id='par_1_58' title="bbox 920 1323 1714 1359">
     <span class='ocr_line' id='line_1_58' title="bbox 920 1323 1714 1359; baseline 0 -9"><span class='ocrx_word' id='word_1_412' title='bbox 920 1332 1001 1359; x_wconf 84' lang='lat' dir='ltr'><strong>quam</strong></span> <span class='ocrx_word' id='word_1_413' title='bbox 1017 1331 1078 1351; x_wconf 84' lang='lat' dir='ltr'><strong>esse</strong></span> <span class='ocrx_word' id='word_1_414' title='bbox 1104 1323 1270 1351; x_wconf 78' lang='lat' dir='ltr'><strong>faciendum.</strong></span> <span class='ocrx_word' id='word_1_415' title='bbox 1289 1323 1317 1350; x_wconf 90' lang='lat' dir='ltr'><strong>In</strong></span> <span class='ocrx_word' id='word_1_416' title='bbox 1334 1327 1411 1358; x_wconf 86' lang='lat' dir='ltr'><strong>parte</strong></span> <span class='ocrx_word' id='word_1_417' title='bbox 1426 1330 1502 1356; x_wconf 84' lang='lat' dir='ltr'><strong>vero,</strong></span> <span class='ocrx_word' id='word_1_418' title='bbox 1523 1328 1649 1358; x_wconf 81' lang='lat' dir='ltr'><strong>parentes</strong></span> <span class='ocrx_word' id='word_1_419' title='bbox 1660 1330 1714 1350; x_wconf 88' lang='lat' dir='ltr'><strong>co—</strong></span> 
     </span>
    </p>
   </div>
   <div class='ocr_carea' id='block_1_59' title="bbox 921 1369 1713 1404">
    <p class='ocr_par' dir='ltr' id='par_1_59' title="bbox 921 1369 1713 1404">
     <span class='ocr_line' id='line_1_59' title="bbox 921 1369 1713 1404; baseline -0.003 -8"><span class='ocrx_word' id='word_1_420' title='bbox 921 1370 987 1401; x_wconf 88' lang='lat' dir='ltr'><strong>lere,</strong></span> <span class='ocrx_word' id='word_1_421' title='bbox 1003 1373 1029 1397; x_wconf 90' lang='lat' dir='ltr'><strong>ct</strong></span> <span class='ocrx_word' id='word_1_422' title='bbox 1044 1377 1060 1396; x_wconf 86' lang='lat' dir='ltr'><strong>a</strong></span> <span class='ocrx_word' id='word_1_423' title='bbox 1086 1369 1247 1396; x_wconf 88' lang='lat' dir='ltr'><strong>criminibus</strong></span> <span class='ocrx_word' id='word_1_424' title='bbox 1264 1377 1324 1404; x_wconf 81' lang='lat' dir='ltr'><strong>quae</strong></span> <span class='ocrx_word' id='word_1_425' title='bbox 1341 1369 1494 1404; x_wconf 40' lang='lat' dir='ltr'><strong>diligenter,</strong></span> <span class='ocrx_word' id='word_1_426' title='bbox 1505 1373 1713 1400; x_wconf 83' lang='lat' dir='ltr'><strong>enumerantur,</strong></span> 
     </span>
    </p>
   </div>
   <div class='ocr_carea' id='block_1_60' title="bbox 921 1413 1715 1450">
    <p class='ocr_par' dir='ltr' id='par_1_60' title="bbox 921 1413 1715 1450">
     <span class='ocr_line' id='line_1_60' title="bbox 921 1413 1715 1450; baseline -0.003 -8"><span class='ocrx_word' id='word_1_427' title='bbox 921 1423 1018 1443; x_wconf 87' lang='lat' dir='ltr'><strong>cavere</strong></span> <span class='ocrx_word' id='word_1_428' title='bbox 1033 1415 1165 1450; x_wconf 72' lang='lat' dir='ltr'><strong>prmcipit.</strong></span> <span class='ocrx_word' id='word_1_429' title='bbox 1179 1415 1285 1448; x_wconf 79' lang='lat' dir='ltr'><strong>Quibus</strong></span> <span class='ocrx_word' id='word_1_430' title='bbox 1298 1415 1402 1449; x_wconf 77' lang='lat' dir='ltr'><strong>legibus</strong></span> <span class='ocrx_word' id='word_1_431' title='bbox 1422 1415 1500 1449; x_wconf 84' lang='lat' dir='ltr'><strong>quasi</strong></span> <span class='ocrx_word' id='word_1_432' title='bbox 1518 1415 1669 1441; x_wconf 72' lang='lat' dir='ltr'><strong>instrui-tus</strong></span> <span class='ocrx_word' id='word_1_433' title='bbox 1680 1413 1715 1440; x_wconf 86' lang='lat' dir='ltr'><strong>ad</strong></span> 
     </span>
    </p>
   </div>
   <div class='ocr_carea' id='block_1_61' title="bbox 921 1459 1714 1494">
    <p class='ocr_par' dir='ltr' id='par_1_61' title="bbox 921 1459 1714 1494">
     <span class='ocr_line' id='line_1_61' title="bbox 921 1459 1714 1494; baseline -0.003 -7"><span class='ocrx_word' id='word_1_434' title='bbox 921 1460 1080 1494; x_wconf 87' lang='lat' dir='ltr'><strong>sublimiora</strong></span> <span class='ocrx_word' id='word_1_435' title='bbox 1099 1460 1198 1487; x_wconf 84' lang='lat' dir='ltr'><strong>transit</strong></span> <span class='ocrx_word' id='word_1_436' title='bbox 1212 1461 1350 1494; x_wconf 86' lang='lat' dir='ltr'><strong>mysteria,</strong></span> <span class='ocrx_word' id='word_1_437' title='bbox 1363 1460 1539 1487; x_wconf 85' lang='lat' dir='ltr'><strong>tabernaculo</strong></span> <span class='ocrx_word' id='word_1_438' title='bbox 1550 1459 1640 1486; x_wconf 85' lang='lat' dir='ltr'><strong>divina</strong></span> <span class='ocrx_word' id='word_1_439' title='bbox 1657 1459 1714 1494; x_wconf 49' lang='lat' dir='ltr'><strong>Isibi</strong></span> 
     </span>
    </p>
   </div>
   <div class='ocr_carea' id='block_1_62' title="bbox 80 1503 870 1543">
    <p class='ocr_par' dir='ltr' id='par_1_62' title="bbox 80 1503 869 1541">
     <span class='ocr_line' id='line_1_62' title="bbox 80 1503 869 1541; baseline -0.001 -9"><span class='ocrx_word' id='word_1_440' title='bbox 80 1505 112 1532; x_wconf 82' lang='grc' dir='ltr'><strong>τὺ</strong></span> <span class='ocrx_word' id='word_1_441' title='bbox 123 1504 191 1532; x_wconf 80' lang='grc' dir='ltr'>εἶναι</span> <span class='ocrx_word' id='word_1_442' title='bbox 206 1505 391 1538; x_wconf 80' lang='grc' dir='ltr'>πιστεύοντας,</span> <span class='ocrx_word' id='word_1_443' title='bbox 402 1505 432 1531; x_wconf 85' lang='grc' dir='ltr'>τὸ</span> <span class='ocrx_word' id='word_1_444' title='bbox 447 1503 512 1536; x_wconf 74' lang='grc' dir='ltr'>οἷον,</span> <span class='ocrx_word' id='word_1_445' title='bbox 525 1505 540 1540; x_wconf 85' lang='grc' dir='ltr'>ἢ</span> <span class='ocrx_word' id='word_1_446' title='bbox 555 1506 626 1536; x_wconf 80' lang='grc' dir='ltr'>ὅσον,</span> <span class='ocrx_word' id='word_1_447' title='bbox 639 1505 655 1540; x_wconf 80' lang='grc' dir='ltr'><strong>ἦ</strong></span> <span class='ocrx_word' id='word_1_448' title='bbox 675 1506 745 1536; x_wconf 77' lang='grc' dir='ltr'>ὅθεν,</span> <span class='ocrx_word' id='word_1_449' title='bbox 765 1505 781 1541; x_wconf 81' lang='grc' dir='ltr'><strong>ἥ</strong></span> <span class='ocrx_word' id='word_1_450' title='bbox 795 1506 869 1538; x_wconf 80' lang='grc' dir='ltr'>ὅπως</span> 
     </span>
    </p>
   </div>
   <div class='ocr_carea' id='block_1_63' title="bbox 922 1503 1714 1543">
    <p class='ocr_par' dir='ltr' id='par_1_63' title="bbox 922 1505 1714 1541">
     <span class='ocr_line' id='line_1_63' title="bbox 922 1505 1714 1541; baseline -0.001 -9"><span class='ocrx_word' id='word_1_451' title='bbox 922 1507 1021 1534; x_wconf 88' lang='lat' dir='ltr'><strong>virtute</strong></span> <span class='ocrx_word' id='word_1_452' title='bbox 1031 1506 1181 1541; x_wconf 83' lang='lat' dir='ltr'><strong>proposito.</strong></span> <span class='ocrx_word' id='word_1_453' title='bbox 1194 1506 1409 1533; x_wconf 84' lang='lat' dir='ltr'><strong>Tabernaculnnt</strong></span> <span class='ocrx_word' id='word_1_454' title='bbox 1419 1509 1508 1532; x_wconf 86' lang='lat' dir='ltr'><strong>autent</strong></span> <span class='ocrx_word' id='word_1_455' title='bbox 1519 1509 1576 1532; x_wconf 91' lang='lat' dir='ltr'><strong>erat</strong></span> <span class='ocrx_word' id='word_1_456' title='bbox 1585 1505 1714 1539; x_wconf 85' lang='lat' dir='ltr'><strong>templum</strong></span> 
     </span>
    </p>
   </div>
   <div class='ocr_carea' id='block_1_64' title="bbox 80 1551 869 1586">
    <p class='ocr_par' dir='ltr' id='par_1_64' title="bbox 80 1551 869 1586">
     <span class='ocr_line' id='line_1_64' title="bbox 80 1551 869 1586; baseline 0 -8"><span class='ocrx_word' id='word_1_457' title='bbox 80 1552 165 1584; x_wconf 73' lang='grc' dir='ltr'>ἐστὶν,</span> <span class='ocrx_word' id='word_1_458' title='bbox 182 1551 316 1586; x_wconf 79' lang='grc' dir='ltr'><strong>ἀζήτητον</strong></span> <span class='ocrx_word' id='word_1_459' title='bbox 330 1552 387 1586; x_wconf 77' lang='grc' dir='ltr'>ὲᾷν,</span> <span class='ocrx_word' id='word_1_460' title='bbox 399 1551 436 1583; x_wconf 79' lang='grc' dir='ltr'>ὡς</span> <span class='ocrx_word' id='word_1_461' title='bbox 451 1551 605 1585; x_wconf 83' lang='grc' dir='ltr'>ἀνέφικτον.</span> <span class='ocrx_word' id='word_1_462' title='bbox 621 1551 786 1586; x_wconf 80' lang='grc' dir='ltr'>Προστίθησι</span> <span class='ocrx_word' id='word_1_463' title='bbox 808 1552 836 1578; x_wconf 78' lang='grc' dir='ltr'><strong>δὲ</strong></span> <span class='ocrx_word' id='word_1_464' title='bbox 855 1553 869 1578; x_wconf 99' lang='lat'><strong>6</strong></span> 
     </span>
    </p>
   </div>
   <div class='ocr_carea' id='block_1_65' title="bbox 80 1597 870 1632">
    <p class='ocr_par' dir='ltr' id='par_1_65' title="bbox 80 1597 870 1632">
     <span class='ocr_line' id='line_1_65' title="bbox 80 1597 870 1632; baseline 0 -9"><span class='ocrx_word' id='word_1_465' title='bbox 80 1597 168 1631; x_wconf 64' lang='grc' dir='ltr'>λόγος,</span> <span class='ocrx_word' id='word_1_466' title='bbox 192 1598 239 1624; x_wconf 81' lang='grc' dir='ltr'>καὶ</span> <span class='ocrx_word' id='word_1_467' title='bbox 258 1598 307 1624; x_wconf 79' lang='grc' dir='ltr'>ὅσα</span> <span class='ocrx_word' id='word_1_468' title='bbox 326 1597 373 1624; x_wconf 86' lang='grc' dir='ltr'><strong>τοῦ</strong></span> <span class='ocrx_word' id='word_1_469' title='bbox 395 1597 476 1632; x_wconf 74' lang='grc' dir='ltr'>ἡθους</span> <span class='ocrx_word' id='word_1_470' title='bbox 496 1598 555 1623; x_wconf 74' lang='grc' dir='ltr'>ἐστὶ</span> <span class='ocrx_word' id='word_1_471' title='bbox 574 1597 784 1632; x_wconf 80' lang='grc' dir='ltr'>κατορθώματα,</span> <span class='ocrx_word' id='word_1_472' title='bbox 797 1605 870 1631; x_wconf 89' lang='grc' dir='ltr'>γενι-</span> 
     </span>
    </p>
   </div>
   <div class='ocr_carea' id='block_1_66' title="bbox 80 1643 868 1678">
    <p class='ocr_par' dir='ltr' id='par_1_66' title="bbox 80 1643 868 1678">
     <span class='ocr_line' id='line_1_66' title="bbox 80 1643 868 1678; baseline 0.001 -9"><span class='ocrx_word' id='word_1_473' title='bbox 80 1644 138 1674; x_wconf 84' lang='grc' dir='ltr'>κοῖς</span> <span class='ocrx_word' id='word_1_474' title='bbox 153 1643 199 1669; x_wconf 77' lang='grc' dir='ltr'>καὶ</span> <span class='ocrx_word' id='word_1_475' title='bbox 211 1643 339 1675; x_wconf 77' lang='grc' dir='ltr'>ίδιάζουσι</span> <span class='ocrx_word' id='word_1_476' title='bbox 349 1643 440 1678; x_wconf 84' lang='grc' dir='ltr'>νόμοις</span> <span class='ocrx_word' id='word_1_477' title='bbox 451 1643 500 1678; x_wconf 86' lang='grc' dir='ltr'><strong>τὴν</strong></span> <span class='ocrx_word' id='word_1_478' title='bbox 514 1643 686 1670; x_wconf 75' lang='grc' dir='ltr'>διδασκαλίαν</span> <span class='ocrx_word' id='word_1_479' title='bbox 697 1643 868 1678; x_wconf 81' lang='grc' dir='ltr'>ποιούμενος.</span> 
     </span>
    </p>
   </div>
   <div class='ocr_carea' id='block_1_67' title="bbox 81 1688 869 1724">
    <p class='ocr_par' dir='ltr' id='par_1_67' title="bbox 81 1688 869 1724">
     <span class='ocr_line' id='line_1_67' title="bbox 81 1688 869 1724; baseline 0 -9"><span class='ocrx_word' id='word_1_480' title='bbox 81 1688 200 1720; x_wconf 84' lang='grc' dir='ltr'>Γενικῶς</span> <span class='ocrx_word' id='word_1_481' title='bbox 224 1689 273 1724; x_wconf 83' lang='grc' dir='ltr'>μὲν</span> <span class='ocrx_word' id='word_1_482' title='bbox 296 1689 350 1724; x_wconf 76' lang='grc' dir='ltr'><strong>γὰρ</strong></span> <span class='ocrx_word' id='word_1_483' title='bbox 367 1689 457 1724; x_wconf 84' lang='grc' dir='ltr'>πάσης</span> <span class='ocrx_word' id='word_1_484' title='bbox 477 1689 584 1721; x_wconf 80' lang='grc' dir='ltr'>ἀδικίας</span> <span class='ocrx_word' id='word_1_485' title='bbox 599 1689 771 1724; x_wconf 76' lang='grc' dir='ltr'>ὰναιρετικδς</span> <span class='ocrx_word' id='word_1_486' title='bbox 788 1689 869 1724; x_wconf 87' lang='grc' dir='ltr'>νόμος</span> 
     </span>
    </p>
   </div>
   <div class='ocr_carea' id='block_1_68' title="bbox 80 1734 869 1770">
    <p class='ocr_par' dir='ltr' id='par_1_68' title="bbox 80 1734 869 1770">
     <span class='ocr_line' id='line_1_68' title="bbox 80 1734 869 1770; baseline 0 -10"><span class='ocrx_word' id='word_1_487' title='bbox 80 1734 156 1760; x_wconf 72' lang='grc' dir='ltr'>ἐστί’</span> <span class='ocrx_word' id='word_1_488' title='bbox 171 1734 201 1761; x_wconf 80' lang='grc' dir='ltr'>τὸ</span> <span class='ocrx_word' id='word_1_489' title='bbox 223 1734 276 1761; x_wconf 81' lang='grc' dir='ltr'>δεῖν</span> <span class='ocrx_word' id='word_1_490' title='bbox 298 1734 477 1769; x_wconf 77' lang='grc' dir='ltr'>ἀγαπητικῶς</span> <span class='ocrx_word' id='word_1_491' title='bbox 496 1734 564 1770; x_wconf 80' lang='grc' dir='ltr'>πρὸς</span> <span class='ocrx_word' id='word_1_492' title='bbox 579 1734 610 1760; x_wconf 85' lang='grc' dir='ltr'><strong>τὸ</strong></span> <span class='ocrx_word' id='word_1_493' title='bbox 628 1734 762 1769; x_wconf 73' lang='grc' dir='ltr'>ὁμόφυλον</span> <span class='ocrx_word' id='word_1_494' title='bbox 786 1734 869 1769; x_wconf 76' lang='grc' dir='ltr'>ἔχειν,</span> 
     </span>
    </p>
   </div>
   <div class='ocr_carea' id='block_1_69' title="bbox 81 1776 868 1815">
    <p class='ocr_par' dir='ltr' id='par_1_69' title="bbox 81 1776 868 1815">
     <span class='ocr_line' id='line_1_69' title="bbox 81 1776 868 1815; baseline 0.001 -9"><span class='ocrx_word' id='word_1_495' title='bbox 81 1776 112 1807; x_wconf 72' lang='grc' dir='ltr'>οὗ</span> <span class='ocrx_word' id='word_1_496' title='bbox 129 1780 308 1815; x_wconf 82' lang='grc' dir='ltr'>κυρωθέντος,</span> <span class='ocrx_word' id='word_1_497' title='bbox 330 1780 437 1812; x_wconf 84' lang='grc' dir='ltr'>πάντως</span> <span class='ocrx_word' id='word_1_498' title='bbox 452 1780 523 1806; x_wconf 81' lang='grc' dir='ltr'>κατὰ</span> <span class='ocrx_word' id='word_1_499' title='bbox 542 1779 572 1806; x_wconf 81' lang='grc' dir='ltr'>τὸ</span> <span class='ocrx_word' id='word_1_500' title='bbox 594 1780 740 1807; x_wconf 75' lang='grc' dir='ltr'>ἀκόλουθον</span> <span class='ocrx_word' id='word_1_501' title='bbox 756 1780 868 1807; x_wconf 70' lang='grc' dir='ltr'>ἕπεται·</span> 
     </span>
    </p>
   </div>
   <div class='ocr_carea' id='block_1_70' title="bbox 79 1825 867 1861">
    <p class='ocr_par' dir='ltr' id='par_1_70' title="bbox 79 1825 867 1861">
     <span class='ocr_line' id='line_1_70' title="bbox 79 1825 867 1861; baseline 0 -9"><span class='ocrx_word' id='word_1_502' title='bbox 79 1826 111 1852; x_wconf 80' lang='grc' dir='ltr'><strong>τὸ</strong></span> <span class='ocrx_word' id='word_1_503' title='bbox 125 1826 208 1861; x_wconf 76' lang='grc' dir='ltr'>μηδὲν</span> <span class='ocrx_word' id='word_1_504' title='bbox 228 1826 312 1852; x_wconf 76' lang='grc' dir='ltr'>κακὸν</span> <span class='ocrx_word' id='word_1_505' title='bbox 329 1825 430 1860; x_wconf 81' lang='grc' dir='ltr'>μηδένα</span> <span class='ocrx_word' id='word_1_506' title='bbox 443 1825 514 1852; x_wconf 76' lang='grc' dir='ltr'>κατὰ</span> <span class='ocrx_word' id='word_1_507' title='bbox 526 1825 572 1852; x_wconf 77' lang='grc' dir='ltr'><strong>τοῦ</strong></span> <span class='ocrx_word' id='word_1_508' title='bbox 590 1826 673 1856; x_wconf 79' lang='grc' dir='ltr'>πέλας</span> <span class='ocrx_word' id='word_1_509' title='bbox 693 1825 867 1861; x_wconf 73' lang='grc' dir='ltr'>ἐργάζεσθαι.</span> 
     </span>
    </p>
   </div>
   <div class='ocr_carea' id='block_1_71' title="bbox 87 1870 870 1906">
    <p class='ocr_par' dir='ltr' id='par_1_71' title="bbox 87 1870 870 1906">
     <span class='ocr_line' id='line_1_71' title="bbox 87 1870 870 1906; baseline 0 -8"><span class='ocrx_word' id='word_1_510' title='bbox 87 1873 132 1898; x_wconf 86' lang='grc' dir='ltr'><strong>Ἐν</strong></span> <span class='ocrx_word' id='word_1_511' title='bbox 150 1872 179 1898; x_wconf 68' lang='grc' dir='ltr'><strong>δὲ</strong></span> <span class='ocrx_word' id='word_1_512' title='bbox 195 1872 251 1902; x_wconf 81' lang='grc' dir='ltr'>τοῖς</span> <span class='ocrx_word' id='word_1_513' title='bbox 265 1870 325 1897; x_wconf 76' lang='grc' dir='ltr'>καθ’</span> <span class='ocrx_word' id='word_1_514' title='bbox 337 1870 462 1902; x_wconf 72' lang='grc' dir='ltr'>ἕκαστον,</span> <span class='ocrx_word' id='word_1_515' title='bbox 478 1871 495 1905; x_wconf 82' lang='grc' dir='ltr'>ἥ</span> <span class='ocrx_word' id='word_1_516' title='bbox 506 1878 535 1897; x_wconf 89' lang='grc' dir='ltr'><strong>τε</strong></span> <span class='ocrx_word' id='word_1_517' title='bbox 551 1870 615 1906; x_wconf 83' lang='grc' dir='ltr'>περὶ</span> <span class='ocrx_word' id='word_1_518' title='bbox 628 1871 692 1902; x_wconf 71' lang='grc' dir='ltr'>τοὺς</span> <span class='ocrx_word' id='word_1_519' title='bbox 707 1872 870 1906; x_wconf 59' lang='grc' dir='ltr'>γεγεννηκόὲ</span> 
     </span>
    </p>
   </div>
   <div class='ocr_carea' id='block_1_72' title="bbox 80 1916 870 1953">
    <p class='ocr_par' dir='ltr' id='par_1_72' title="bbox 80 1916 870 1953">
     <span class='ocr_line' id='line_1_72' title="bbox 80 1916 870 1953; baseline 0 -9"><span class='ocrx_word' id='word_1_520' title='bbox 80 1927 131 1949; x_wconf 78' lang='grc' dir='ltr'><strong>τας</strong></span> <span class='ocrx_word' id='word_1_521' title='bbox 145 1917 212 1953; x_wconf 90' lang='grc' dir='ltr'>τιμὴ</span> <span class='ocrx_word' id='word_1_522' title='bbox 225 1917 406 1952; x_wconf 84' lang='grc' dir='ltr'>διηγόρευται,</span> <span class='ocrx_word' id='word_1_523' title='bbox 420 1917 468 1943; x_wconf 78' lang='grc' dir='ltr'>καὶ</span> <span class='ocrx_word' id='word_1_524' title='bbox 488 1917 501 1942; x_wconf 77' lang='grc' dir='ltr'>ὁ</span> <span class='ocrx_word' id='word_1_525' title='bbox 522 1916 670 1950; x_wconf 77' lang='grc' dir='ltr'>κατάλογος</span> <span class='ocrx_word' id='word_1_526' title='bbox 689 1917 743 1943; x_wconf 83' lang='grc' dir='ltr'>τῶν</span> <span class='ocrx_word' id='word_1_527' title='bbox 765 1919 870 1953; x_wconf 82' lang='grc' dir='ltr'>ἀπηγο-</span> 
     </span>
    </p>
   </div>
   <div class='ocr_carea' id='block_1_73' title="bbox 922 1547 1713 1587">
    <p class='ocr_par' dir='ltr' id='par_1_73' title="bbox 922 1547 1713 1587">
     <span class='ocr_line' id='line_1_73' title="bbox 922 1547 1713 1587; baseline -0.004 -8"><span class='ocrx_word' id='word_1_528' title='bbox 922 1552 1043 1579; x_wconf 86' lang='lat' dir='ltr'><strong>ittaudita</strong></span> <span class='ocrx_word' id='word_1_529' title='bbox 1057 1551 1173 1587; x_wconf 85' lang='lat' dir='ltr'><strong>quadam</strong></span> <span class='ocrx_word' id='word_1_530' title='bbox 1182 1552 1314 1578; x_wconf 75' lang='lat' dir='ltr'><strong>varietate</strong></span> <span class='ocrx_word' id='word_1_531' title='bbox 1329 1552 1555 1586; x_wconf 81' lang='lat' dir='ltr'><strong>pulcherrimum,</strong></span> <span class='ocrx_word' id='word_1_532' title='bbox 1567 1547 1713 1586; x_wconf 66' lang='lat' dir='ltr'><strong>propylaea,</strong></span> 
     </span>
    </p>
   </div>
   <div class='ocr_carea' id='block_1_74' title="bbox 921 1597 1715 1630">
    <p class='ocr_par' dir='ltr' id='par_1_74' title="bbox 921 1597 1715 1630">
     <span class='ocr_line' id='line_1_74' title="bbox 921 1597 1715 1630; baseline -0.003 -5"><span class='ocrx_word' id='word_1_533' title='bbox 921 1598 1065 1630; x_wconf 64' lang='lat' dir='ltr'><strong>columnae,</strong></span> <span class='ocrx_word' id='word_1_534' title='bbox 1083 1599 1206 1629; x_wconf 61' lang='lat' dir='ltr'><strong>cortinae,</strong></span> <span class='ocrx_word' id='word_1_535' title='bbox 1218 1605 1312 1625; x_wconf 87' lang='lat' dir='ltr'><strong>mensa</strong></span> <span class='ocrx_word' id='word_1_536' title='bbox 1324 1602 1350 1625; x_wconf 88' lang='lat' dir='ltr'><strong>et</strong></span> <span class='ocrx_word' id='word_1_537' title='bbox 1365 1598 1569 1628; x_wconf 82' lang='lat' dir='ltr'><strong>candelabrum,</strong></span> <span class='ocrx_word' id='word_1_538' title='bbox 1586 1601 1612 1624; x_wconf 85' lang='lat' dir='ltr'><strong>et</strong></span> <span class='ocrx_word' id='word_1_539' title='bbox 1628 1597 1715 1623; x_wconf 90' lang='lat' dir='ltr'><strong>thuri-</strong></span> 
     </span>
    </p>
   </div>
   <div class='ocr_carea' id='block_1_75' title="bbox 921 1643 1716 1678">
    <p class='ocr_par' dir='ltr' id='par_1_75' title="bbox 921 1643 1716 1678">
     <span class='ocr_line' id='line_1_75' title="bbox 921 1643 1716 1678; baseline 0 -8"><span class='ocrx_word' id='word_1_540' title='bbox 921 1645 1025 1677; x_wconf 87' lang='lat' dir='ltr'><strong>bulutn,</strong></span> <span class='ocrx_word' id='word_1_541' title='bbox 1041 1645 1126 1671; x_wconf 89' lang='lat' dir='ltr'><strong>altare</strong></span> <span class='ocrx_word' id='word_1_542' title='bbox 1138 1651 1169 1670; x_wconf 91' lang='lat' dir='ltr'><strong>ac</strong></span> <span class='ocrx_word' id='word_1_543' title='bbox 1189 1644 1419 1678; x_wconf 86' lang='lat' dir='ltr'><strong>propitiatoriunt,</strong></span> <span class='ocrx_word' id='word_1_544' title='bbox 1431 1648 1457 1670; x_wconf 87' lang='lat' dir='ltr'><strong>et</strong></span> <span class='ocrx_word' id='word_1_545' title='bbox 1474 1643 1546 1678; x_wconf 91' lang='lat' dir='ltr'><strong>quod</strong></span> <span class='ocrx_word' id='word_1_546' title='bbox 1566 1644 1635 1670; x_wconf 87' lang='lat' dir='ltr'><strong>intra</strong></span> <span class='ocrx_word' id='word_1_547' title='bbox 1651 1651 1716 1671; x_wconf 80' lang='lat' dir='ltr'><strong>san-</strong></span> 
     </span>
    </p>
   </div>
   <div class='ocr_carea' id='block_1_76' title="bbox 921 1688 1714 1723">
    <p class='ocr_par' dir='ltr' id='par_1_76' title="bbox 921 1688 1714 1723">
     <span class='ocr_line' id='line_1_76' title="bbox 921 1688 1714 1723; baseline -0.001 -8"><span class='ocrx_word' id='word_1_548' title='bbox 921 1692 993 1715; x_wconf 83' lang='lat' dir='ltr'><strong>ctum</strong></span> <span class='ocrx_word' id='word_1_549' title='bbox 1021 1693 1062 1716; x_wconf 85' lang='lat' dir='ltr'><strong>est</strong></span> <span class='ocrx_word' id='word_1_550' title='bbox 1093 1688 1202 1723; x_wconf 80' lang='lat' dir='ltr'><strong>adytum</strong></span> <span class='ocrx_word' id='word_1_551' title='bbox 1240 1689 1444 1723; x_wconf 81' lang='lat' dir='ltr'><strong>impenetrabile</strong></span> <span class='ocrx_word' id='word_1_552' title='bbox 1474 1692 1500 1715; x_wconf 89' lang='lat' dir='ltr'><strong>et</strong></span> <span class='ocrx_word' id='word_1_553' title='bbox 1534 1689 1714 1721; x_wconf 65' lang='lat' dir='ltr'><strong>inaccessum.</strong></span> 
     </span>
    </p>
   </div>
   <div class='ocr_carea' id='block_1_77' title="bbox 921 1733 1714 1768">
    <p class='ocr_par' dir='ltr' id='par_1_77' title="bbox 921 1733 1714 1768">
     <span class='ocr_line' id='line_1_77' title="bbox 921 1733 1714 1768; baseline -0.003 -7"><span class='ocrx_word' id='word_1_554' title='bbox 921 1734 1043 1767; x_wconf 84' lang='lat' dir='ltr'><strong>Quorum</strong></span> <span class='ocrx_word' id='word_1_555' title='bbox 1068 1734 1189 1761; x_wconf 90' lang='lat' dir='ltr'><strong>ontnium</strong></span> <span class='ocrx_word' id='word_1_556' title='bbox 1206 1734 1398 1768; x_wconf 84' lang='lat' dir='ltr'><strong>dipositionent</strong></span> <span class='ocrx_word' id='word_1_557' title='bbox 1421 1741 1452 1760; x_wconf 85' lang='lat' dir='ltr'><strong>ac</strong></span> <span class='ocrx_word' id='word_1_558' title='bbox 1474 1733 1714 1768; x_wconf 86' lang='lat' dir='ltr'><strong>pulchritudinem,</strong></span> 
     </span>
    </p>
   </div>
   <div class='ocr_carea' id='block_1_78' title="bbox 921 1779 1716 1815">
    <p class='ocr_par' dir='ltr' id='par_1_78' title="bbox 921 1779 1716 1815">
     <span class='ocr_line' id='line_1_78' title="bbox 921 1779 1716 1815; baseline 0 -9"><span class='ocrx_word' id='word_1_559' title='bbox 921 1781 1018 1815; x_wconf 84' lang='lat' dir='ltr'><strong>partim</strong></span> <span class='ocrx_word' id='word_1_560' title='bbox 1052 1787 1086 1807; x_wconf 87' lang='lat' dir='ltr'><strong>ne</strong></span> <span class='ocrx_word' id='word_1_561' title='bbox 1110 1780 1269 1806; x_wconf 88' lang='lat' dir='ltr'><strong>memoriatn</strong></span> <span class='ocrx_word' id='word_1_562' title='bbox 1299 1779 1405 1814; x_wconf 76' lang='lat' dir='ltr'><strong>fugiat,</strong></span> <span class='ocrx_word' id='word_1_563' title='bbox 1440 1780 1537 1813; x_wconf 83' lang='lat' dir='ltr'><strong>pattitn</strong></span> <span class='ocrx_word' id='word_1_564' title='bbox 1570 1780 1650 1806; x_wconf 82' lang='lat' dir='ltr'><strong>etiam</strong></span> <span class='ocrx_word' id='word_1_565' title='bbox 1687 1783 1716 1806; x_wconf 87' lang='lat' dir='ltr'><strong>ut</strong></span> 
     </span>
    </p>
   </div>
   <div class='ocr_carea' id='block_1_79' title="bbox 921 1825 1716 1862">
    <p class='ocr_par' dir='ltr' id='par_1_79' title="bbox 921 1825 1716 1862">
     <span class='ocr_line' id='line_1_79' title="bbox 921 1825 1716 1862; baseline -0.003 -9"><span class='ocrx_word' id='word_1_566' title='bbox 921 1827 1038 1862; x_wconf 87' lang='lat' dir='ltr'><strong>posteris</strong></span> <span class='ocrx_word' id='word_1_567' title='bbox 1065 1826 1227 1852; x_wconf 89' lang='lat' dir='ltr'><strong>tniraculum</strong></span> <span class='ocrx_word' id='word_1_568' title='bbox 1252 1826 1424 1860; x_wconf 75' lang='lat' dir='ltr'><strong>subapet&#39;iat,</strong></span> <span class='ocrx_word' id='word_1_569' title='bbox 1446 1834 1499 1852; x_wconf 91' lang='lat' dir='ltr'><strong>non</strong></span> <span class='ocrx_word' id='word_1_570' title='bbox 1525 1825 1637 1859; x_wconf 76' lang='lat' dir='ltr'><strong>picturze</strong></span> <span class='ocrx_word' id='word_1_571' title='bbox 1661 1829 1716 1852; x_wconf 84' lang='lat' dir='ltr'><strong>tra-</strong></span> 
     </span>
    </p>
   </div>
   <div class='ocr_carea' id='block_1_80' title="bbox 921 1869 1712 1905">
    <p class='ocr_par' dir='ltr' id='par_1_80' title="bbox 921 1869 1712 1905">
     <span class='ocr_line' id='line_1_80' title="bbox 921 1869 1712 1905; baseline -0.001 -7"><span class='ocrx_word' id='word_1_572' title='bbox 921 1872 996 1902; x_wconf 81' lang='lat' dir='ltr'><strong>dere.</strong></span> <span class='ocrx_word' id='word_1_573' title='bbox 1012 1870 1059 1898; x_wconf 87' lang='lat' dir='ltr'><strong>sed</strong></span> <span class='ocrx_word' id='word_1_574' title='bbox 1081 1870 1222 1897; x_wconf 87' lang='lat' dir='ltr'><strong>tnateriale</strong></span> <span class='ocrx_word' id='word_1_575' title='bbox 1236 1869 1301 1896; x_wconf 92' lang='lat' dir='ltr'><strong>illud</strong></span> <span class='ocrx_word' id='word_1_576' title='bbox 1319 1871 1457 1905; x_wconf 79' lang='lat' dir='ltr'><strong>exemplar</strong></span> <span class='ocrx_word' id='word_1_577' title='bbox 1482 1871 1575 1897; x_wconf 82' lang='lat' dir='ltr'><strong>divino</strong></span> <span class='ocrx_word' id='word_1_578' title='bbox 1601 1870 1712 1898; x_wconf 89' lang='lat' dir='ltr'><strong>consilio</strong></span> 
     </span>
    </p>
   </div>
   <div class='ocr_carea' id='block_1_81' title="bbox 920 1915 1680 1952">
    <p class='ocr_par' dir='ltr' id='par_1_81' title="bbox 920 1915 1680 1952">
     <span class='ocr_line' id='line_1_81' title="bbox 920 1915 1680 1952; baseline -0.001 -7"><span class='ocrx_word' id='word_1_579' title='bbox 920 1916 1073 1952; x_wconf 85' lang='lat' dir='ltr'><strong>splendidis</strong></span> <span class='ocrx_word' id='word_1_580' title='bbox 1091 1916 1215 1951; x_wconf 55' lang='lat' dir='ltr'><strong>jacceptis</strong></span> <span class='ocrx_word' id='word_1_581' title='bbox 1238 1915 1359 1943; x_wconf 83' lang='lat' dir='ltr'><strong>materiis</strong></span> <span class='ocrx_word' id='word_1_582' title='bbox 1378 1916 1477 1943; x_wconf 84' lang='lat' dir='ltr'><strong>imitari</strong></span> <span class='ocrx_word' id='word_1_583' title='bbox 1498 1915 1680 1951; x_wconf 84' lang='lat' dir='ltr'><strong>compellitur.</strong></span> 
     </span>
    </p>
   </div>
   <div class='ocr_carea' id='block_1_82' title="bbox 81 1961 1715 1999">
    <p class='ocr_par' dir='ltr' id='par_1_82' title="bbox 81 1961 1715 1999">
     <span class='ocr_line' id='line_1_82' title="bbox 81 1961 1715 1999; baseline -0.001 -9"><span class='ocrx_word' id='word_1_584' title='bbox 81 1963 222 1999; x_wconf 80' lang='grc' dir='ltr'>ρευμένων</span> <span class='ocrx_word' id='word_1_585' title='bbox 233 1962 476 1998; x_wconf 79' lang='grc' dir='ltr'>πλημμελημάτων</span> <span class='ocrx_word' id='word_1_586' title='bbox 493 1962 653 1998; x_wconf 78' lang='grc' dir='ltr'>ἠρίθμηται.</span> <span class='ocrx_word' id='word_1_587' title='bbox 670 1962 781 1995; x_wconf 80' lang='grc' dir='ltr'>Τούτοις</span> <span class='ocrx_word' id='word_1_588' title='bbox 802 1963 829 1990; x_wconf 82' lang='grc' dir='ltr'><strong>δὲ</strong></span> <span class='ocrx_word' id='word_1_589' title='bbox 855 1966 912 1996; x_wconf 80' lang='grc' dir='ltr'>τοῖς</span> <span class='ocrx_word' id='word_1_590' title='bbox 930 1964 1023 1998; x_wconf 82' lang='grc' dir='ltr'>νόμοις</span> <span class='ocrx_word' id='word_1_591' title='bbox 1039 1963 1118 1988; x_wconf 74' lang='grc' dir='ltr'>οἱονεὶ</span> <span class='ocrx_word' id='word_1_592' title='bbox 1133 1961 1333 1997; x_wconf 73' lang='grc' dir='ltr'>προκαθαρθεὶς</span> <span class='ocrx_word' id='word_1_593' title='bbox 1351 1961 1398 1998; x_wconf 83' lang='grc' dir='ltr'>τὴν</span> <span class='ocrx_word' id='word_1_594' title='bbox 1413 1962 1539 1994; x_wconf 75' lang='grc' dir='ltr'>διάνοιαν,</span> <span class='ocrx_word' id='word_1_595' title='bbox 1555 1963 1601 1988; x_wconf 76' lang='grc' dir='ltr'>ἐπὶ</span> <span class='ocrx_word' id='word_1_596' title='bbox 1615 1962 1663 1997; x_wconf 80' lang='grc' dir='ltr'>τὴν</span> <span class='ocrx_word' id='word_1_597' title='bbox 1673 1969 1715 1988; x_wconf 78' lang='grc' dir='ltr'>τε-</span> 
     </span>
    </p>
   </div>
   <div class='ocr_carea' id='block_1_83' title="bbox 80 2009 1714 2048">
    <p class='ocr_par' dir='ltr' id='par_1_83' title="bbox 80 2009 1714 2048">
     <span class='ocr_line' id='line_1_83' title="bbox 80 2009 1714 2048; baseline -0.003 -8"><span class='ocrx_word' id='word_1_598' title='bbox 80 2011 218 2046; x_wconf 80' lang='grc' dir='ltr'>λεωτέραν</span> <span class='ocrx_word' id='word_1_599' title='bbox 233 2010 426 2046; x_wconf 82' lang='grc' dir='ltr'>μυσταγωγίαν</span> <span class='ocrx_word' id='word_1_600' title='bbox 442 2011 609 2046; x_wconf 81' lang='grc' dir='ltr'>παράγεται”</span> <span class='ocrx_word' id='word_1_601' title='bbox 621 2012 722 2046; x_wconf 80' lang='grc' dir='ltr'>σκηνῆς</span> <span class='ocrx_word' id='word_1_602' title='bbox 732 2011 806 2046; x_wconf 80' lang='grc' dir='ltr'>αὐτῷ</span> <span class='ocrx_word' id='word_1_603' title='bbox 815 2021 886 2044; x_wconf 83' lang='grc' dir='ltr'>τινος</span> <span class='ocrx_word' id='word_1_604' title='bbox 904 2011 1008 2048; x_wconf 78' lang='grc' dir='ltr'>ἀθρόως</span> <span class='ocrx_word' id='word_1_605' title='bbox 1023 2011 1054 2036; x_wconf 85' lang='grc' dir='ltr'>ὲκ</span> <span class='ocrx_word' id='word_1_606' title='bbox 1070 2009 1143 2041; x_wconf 80' lang='grc' dir='ltr'>Θείας</span> <span class='ocrx_word' id='word_1_607' title='bbox 1150 2009 1289 2044; x_wconf 83' lang='grc' dir='ltr'>δυνάμεως</span> <span class='ocrx_word' id='word_1_608' title='bbox 1300 2009 1512 2045; x_wconf 76' lang='grc' dir='ltr'>προδειχθείαης.</span> <span class='ocrx_word' id='word_1_609' title='bbox 1528 2010 1560 2036; x_wconf 85' lang='lat' dir='ltr'><strong>&#39;H</strong></span> <span class='ocrx_word' id='word_1_610' title='bbox 1577 2010 1605 2036; x_wconf 81' lang='grc' dir='ltr'>δὲ</span> <span class='ocrx_word' id='word_1_611' title='bbox 1619 2009 1714 2045; x_wconf 86' lang='grc' dir='ltr'>σκηνὴ,</span> 
     </span>
    </p>
   </div>
   <div class='ocr_carea' id='block_1_84' title="bbox 80 2055 1716 2094">
    <p class='ocr_par' dir='ltr' id='par_1_84' title="bbox 80 2055 1716 2094">
     <span class='ocr_line' id='line_1_84' title="bbox 80 2055 1716 2094; baseline -0.001 -10"><span class='ocrx_word' id='word_1_612' title='bbox 80 2061 144 2090; x_wconf 81' lang='grc' dir='ltr'>ναὸς</span> <span class='ocrx_word' id='word_1_613' title='bbox 162 2056 212 2094; x_wconf 78' lang='grc' dir='ltr'><strong>ἦν,</strong></span> <span class='ocrx_word' id='word_1_614' title='bbox 230 2060 259 2085; x_wconf 80' lang='grc' dir='ltr'><strong>ὲν</strong></span> <span class='ocrx_word' id='word_1_615' title='bbox 271 2057 480 2093; x_wconf 81' lang='grc' dir='ltr'>δυσερμηνεύτῳ</span> <span class='ocrx_word' id='word_1_616' title='bbox 493 2058 545 2083; x_wconf 77' lang='grc' dir='ltr'>τινὶ</span> <span class='ocrx_word' id='word_1_617' title='bbox 558 2057 679 2093; x_wconf 83' lang='grc' dir='ltr'>ποικιλίᾳ</span> <span class='ocrx_word' id='word_1_618' title='bbox 694 2057 723 2084; x_wconf 82' lang='grc' dir='ltr'><strong>τὺ</strong></span> <span class='ocrx_word' id='word_1_619' title='bbox 739 2058 836 2090; x_wconf 82' lang='grc' dir='ltr'>κάλλος</span> <span class='ocrx_word' id='word_1_620' title='bbox 850 2058 929 2093; x_wconf 74' lang='grc' dir='ltr'>ἔχων.</span> <span class='ocrx_word' id='word_1_621' title='bbox 946 2056 1115 2093; x_wconf 83' lang='grc' dir='ltr'>Προπύλαια,</span> <span class='ocrx_word' id='word_1_622' title='bbox 1135 2056 1183 2082; x_wconf 79' lang='grc' dir='ltr'>καὶ</span> <span class='ocrx_word' id='word_1_623' title='bbox 1201 2055 1300 2087; x_wconf 75' lang='grc' dir='ltr'>στύλοι,</span> <span class='ocrx_word' id='word_1_624' title='bbox 1320 2056 1367 2082; x_wconf 72' lang='grc' dir='ltr'><strong>καὶ</strong></span> <span class='ocrx_word' id='word_1_625' title='bbox 1386 2056 1633 2091; x_wconf 78' lang='grc' dir='ltr'>παραπετάσματα,</span> <span class='ocrx_word' id='word_1_626' title='bbox 1650 2056 1716 2090; x_wconf 61' lang='grc' dir='ltr'>τράο</span> 
     </span>
    </p>
   </div>
   <div class='ocr_carea' id='block_1_85' title="bbox 81 2102 1714 2139">
    <p class='ocr_par' dir='ltr' id='par_1_85' title="bbox 81 2102 1714 2139">
     <span class='ocr_line' id='line_1_85' title="bbox 81 2102 1714 2139; baseline -0.003 -6"><span class='ocrx_word' id='word_1_627' title='bbox 81 2107 152 2138; x_wconf 80' lang='grc' dir='ltr'>πεζα</span> <span class='ocrx_word' id='word_1_628' title='bbox 165 2106 212 2132; x_wconf 78' lang='grc' dir='ltr'>καὶ</span> <span class='ocrx_word' id='word_1_629' title='bbox 227 2105 332 2139; x_wconf 82' lang='grc' dir='ltr'>λυχνία,</span> <span class='ocrx_word' id='word_1_630' title='bbox 352 2104 399 2131; x_wconf 78' lang='grc' dir='ltr'><strong>καὶ</strong></span> <span class='ocrx_word' id='word_1_631' title='bbox 415 2104 604 2139; x_wconf 78' lang='grc' dir='ltr'>Θυμιατήριον,</span> <span class='ocrx_word' id='word_1_632' title='bbox 620 2103 812 2139; x_wconf 77' lang='grc' dir='ltr'>θυσιαστήριόν</span> <span class='ocrx_word' id='word_1_633' title='bbox 826 2113 855 2130; x_wconf 85' lang='grc' dir='ltr'><strong>τε</strong></span> <span class='ocrx_word' id='word_1_634' title='bbox 874 2104 920 2130; x_wconf 74' lang='grc' dir='ltr'>καὶ</span> <span class='ocrx_word' id='word_1_635' title='bbox 942 2103 1112 2138; x_wconf 81' lang='grc' dir='ltr'>ἱλαστήριον,</span> <span class='ocrx_word' id='word_1_636' title='bbox 1128 2102 1176 2129; x_wconf 68' lang='grc' dir='ltr'><strong>καὶ</strong></span> <span class='ocrx_word' id='word_1_637' title='bbox 1195 2102 1225 2128; x_wconf 84' lang='grc' dir='ltr'>τὸ</span> <span class='ocrx_word' id='word_1_638' title='bbox 1249 2102 1323 2133; x_wconf 63' lang='lat' dir='ltr'><strong>em;</strong></span> <span class='ocrx_word' id='word_1_639' title='bbox 1340 2102 1393 2129; x_wconf 86' lang='grc' dir='ltr'>τῶν</span> <span class='ocrx_word' id='word_1_640' title='bbox 1411 2103 1494 2136; x_wconf 79' lang='grc' dir='ltr'>ἁγίων</span> <span class='ocrx_word' id='word_1_641' title='bbox 1510 2102 1604 2129; x_wconf 79' lang='grc' dir='ltr'>ἄδυτόν</span> <span class='ocrx_word' id='word_1_642' title='bbox 1625 2110 1654 2128; x_wconf 85' lang='grc' dir='ltr'>τε</span> <span class='ocrx_word' id='word_1_643' title='bbox 1667 2104 1714 2131; x_wconf 69' lang='grc' dir='ltr'>καὶ</span> 
     </span>
    </p>
   </div>
   <div class='ocr_carea' id='block_1_86' title="bbox 80 2148 1715 2186">
    <p class='ocr_par' dir='ltr' id='par_1_86' title="bbox 80 2148 1715 2186">
     <span class='ocr_line' id='line_1_86' title="bbox 80 2148 1715 2186; baseline -0.003 -7"><span class='ocrx_word' id='word_1_644' title='bbox 80 2152 252 2179; x_wconf 75' lang='grc' dir='ltr'>ἀνεπίϐατον.</span> <span class='ocrx_word' id='word_1_645' title='bbox 271 2149 320 2178; x_wconf 80' lang='grc' dir='ltr'><strong>Ὧν</strong></span> <span class='ocrx_word' id='word_1_646' title='bbox 335 2151 462 2177; x_wconf 74' lang='grc' dir='ltr'>ἁπάντων</span> <span class='ocrx_word' id='word_1_647' title='bbox 482 2150 512 2176; x_wconf 88' lang='grc' dir='ltr'><strong>τό</strong></span> <span class='ocrx_word' id='word_1_648' title='bbox 527 2158 557 2176; x_wconf 84' lang='grc' dir='ltr'><strong>τε</strong></span> <span class='ocrx_word' id='word_1_649' title='bbox 578 2149 674 2182; x_wconf 81' lang='grc' dir='ltr'>κάλλος</span> <span class='ocrx_word' id='word_1_650' title='bbox 693 2150 739 2176; x_wconf 85' lang='grc' dir='ltr'>καὶ</span> <span class='ocrx_word' id='word_1_651' title='bbox 763 2151 812 2186; x_wconf 82' lang='grc' dir='ltr'>τὴν</span> <span class='ocrx_word' id='word_1_652' title='bbox 832 2151 960 2183; x_wconf 81' lang='grc' dir='ltr'>διάθεσιν,</span> <span class='ocrx_word' id='word_1_653' title='bbox 976 2151 1013 2182; x_wconf 81' lang='grc' dir='ltr'>ὡς</span> <span class='ocrx_word' id='word_1_654' title='bbox 1030 2150 1062 2177; x_wconf 88' lang='grc' dir='ltr'><strong>ἆν</strong></span> <span class='ocrx_word' id='word_1_655' title='bbox 1077 2151 1144 2185; x_wconf 85' lang='grc' dir='ltr'>μήτε</span> <span class='ocrx_word' id='word_1_656' title='bbox 1157 2149 1282 2183; x_wconf 79' lang='grc' dir='ltr'>διαφύγοι</span> <span class='ocrx_word' id='word_1_657' title='bbox 1297 2149 1345 2184; x_wconf 84' lang='grc' dir='ltr'>τὴν</span> <span class='ocrx_word' id='word_1_658' title='bbox 1363 2148 1487 2184; x_wconf 64' lang='grc' dir='ltr'>μνήμηνξ,</span> <span class='ocrx_word' id='word_1_659' title='bbox 1507 2149 1622 2179; x_wconf 77' lang='grc' dir='ltr'>καὶτοῖς</span> <span class='ocrx_word' id='word_1_660' title='bbox 1643 2148 1715 2174; x_wconf 88' lang='grc' dir='ltr'>κάτω</span> 
     </span>
    </p>
   </div>
   <div class='ocr_carea' id='block_1_87' title="bbox 81 2195 1713 2236">
    <p class='ocr_par' dir='ltr' id='par_1_87' title="bbox 81 2195 1713 2236">
     <span class='ocr_line' id='line_1_87' title="bbox 81 2195 1713 2236; baseline -0.004 -9"><span class='ocrx_word' id='word_1_661' title='bbox 81 2200 276 2236; x_wconf 76' lang='grc' dir='ltr'>παραδειχθείη</span> <span class='ocrx_word' id='word_1_662' title='bbox 294 2199 324 2226; x_wconf 81' lang='grc' dir='ltr'><strong>τὸ</strong></span> <span class='ocrx_word' id='word_1_663' title='bbox 341 2199 444 2234; x_wconf 79' lang='grc' dir='ltr'>θαῦμα,</span> <span class='ocrx_word' id='word_1_664' title='bbox 459 2199 489 2226; x_wconf 79' lang='grc' dir='ltr'>οὐ</span> <span class='ocrx_word' id='word_1_665' title='bbox 501 2199 592 2234; x_wconf 78' lang='grc' dir='ltr'>γραφῇ</span> <span class='ocrx_word' id='word_1_666' title='bbox 605 2198 773 2233; x_wconf 81' lang='grc' dir='ltr'>παραδοῦναι</span> <span class='ocrx_word' id='word_1_667' title='bbox 787 2198 852 2234; x_wconf 78' lang='grc' dir='ltr'>ψιλῇ</span> <span class='ocrx_word' id='word_1_668' title='bbox 867 2198 1088 2234; x_wconf 75' lang='grc' dir='ltr'>συμϐουλεύεται,</span> <span class='ocrx_word' id='word_1_669' title='bbox 1101 2197 1170 2224; x_wconf 83' lang='grc' dir='ltr'>ἀλλὰ</span> <span class='ocrx_word' id='word_1_670' title='bbox 1186 2195 1358 2231; x_wconf 81' lang='grc' dir='ltr'>μιμήσασθαι</span> <span class='ocrx_word' id='word_1_671' title='bbox 1376 2195 1421 2222; x_wconf 75' lang='grc' dir='ltr'>διὰ</span> <span class='ocrx_word' id='word_1_672' title='bbox 1443 2196 1491 2231; x_wconf 83' lang='grc' dir='ltr'>τῆς</span> <span class='ocrx_word' id='word_1_673' title='bbox 1511 2196 1606 2230; x_wconf 77' lang='grc' dir='ltr'>ὑλικῆς</span> <span class='ocrx_word' id='word_1_674' title='bbox 1628 2204 1713 2222; x_wconf 83' lang='grc' dir='ltr'>κατα-</span> 
     </span>
    </p>
   </div>
   <div class='ocr_carea' id='block_1_88' title="bbox 83 2242 1710 2284">
    <p class='ocr_par' dir='ltr' id='par_1_88' title="bbox 83 2242 1710 2284">
     <span class='ocr_line' id='line_1_88' title="bbox 83 2242 1710 2284; baseline -0.004 -9"><span class='ocrx_word' id='word_1_675' title='bbox 83 2249 183 2284; x_wconf 78' lang='grc' dir='ltr'>σκευῆς</span> <span class='ocrx_word' id='word_1_676' title='bbox 197 2249 246 2283; x_wconf 82' lang='grc' dir='ltr'><strong>τὴν</strong></span> <span class='ocrx_word' id='word_1_677' title='bbox 263 2247 343 2275; x_wconf 81' lang='grc' dir='ltr'>ἄῦλον</span> <span class='ocrx_word' id='word_1_678' title='bbox 359 2246 466 2282; x_wconf 79' lang='grc' dir='ltr'>ἐκείνην</span> <span class='ocrx_word' id='word_1_679' title='bbox 480 2246 670 2281; x_wconf 83' lang='grc' dir='ltr'>δημιουργίαν,</span> <span class='ocrx_word' id='word_1_680' title='bbox 688 2246 737 2278; x_wconf 79' lang='grc' dir='ltr'>τὰς</span> <span class='ocrx_word' id='word_1_681' title='bbox 751 2245 942 2281; x_wconf 85' lang='grc' dir='ltr'>λαμπροτέρας</span> <span class='ocrx_word' id='word_1_682' title='bbox 956 2255 986 2275; x_wconf 83' lang='grc' dir='ltr'>τε</span> <span class='ocrx_word' id='word_1_683' title='bbox 1001 2245 1048 2272; x_wconf 75' lang='grc' dir='ltr'>καὶ</span> <span class='ocrx_word' id='word_1_684' title='bbox 1064 2244 1222 2280; x_wconf 81' lang='grc' dir='ltr'>φανωτέρας</span> <span class='ocrx_word' id='word_1_685' title='bbox 1235 2243 1300 2275; x_wconf 80' lang='grc' dir='ltr'>ὔλας</span> <span class='ocrx_word' id='word_1_686' title='bbox 1313 2243 1367 2269; x_wconf 84' lang='grc' dir='ltr'>τῶν</span> <span class='ocrx_word' id='word_1_687' title='bbox 1380 2242 1449 2270; x_wconf 69' lang='grc' dir='ltr'>κατὰ</span> <span class='ocrx_word' id='word_1_688' title='bbox 1462 2242 1510 2277; x_wconf 84' lang='grc' dir='ltr'>τὴν</span> <span class='ocrx_word' id='word_1_689' title='bbox 1524 2243 1574 2278; x_wconf 82' lang='grc' dir='ltr'><strong>γῆν</strong></span> <span class='ocrx_word' id='word_1_690' title='bbox 1589 2243 1710 2278; x_wconf 74' lang='grc' dir='ltr'>εὑρισκο-</span> 
     </span>
    </p>
   </div>
   <div class='ocr_carea' id='block_1_89' title="bbox 83 2292 389 2330">
    <p class='ocr_par' dir='ltr' id='par_1_89' title="bbox 83 2292 389 2330">
     <span class='ocr_line' id='line_1_89' title="bbox 83 2292 389 2330; baseline -0.01 -9"><span class='ocrx_word' id='word_1_691' title='bbox 83 2294 172 2330; x_wconf 69' lang='grc' dir='ltr'>μένων</span> <span class='ocrx_word' id='word_1_692' title='bbox 188 2292 389 2328; x_wconf 77' lang='grc' dir='ltr'>παραλαϐόντα.</span> 
     </span>
    </p>
   </div>
   <div class='ocr_carea' id='block_1_90' title="bbox 122 2335 870 2374">
    <p class='ocr_par' dir='ltr' id='par_1_90' title="bbox 122 2336 870 2374">
     <span class='ocr_line' id='line_1_90' title="bbox 122 2336 870 2374; baseline 0 -10"><span class='ocrx_word' id='word_1_693' title='bbox 122 2338 168 2365; x_wconf 85' lang='grc' dir='ltr'><strong>Ἐν</strong></span> <span class='ocrx_word' id='word_1_694' title='bbox 187 2336 228 2370; x_wconf 80' lang='grc' dir='ltr'><strong>οἷς</strong></span> <span class='ocrx_word' id='word_1_695' title='bbox 250 2338 349 2364; x_wconf 84' lang='grc' dir='ltr'>πλείων</span> <span class='ocrx_word' id='word_1_696' title='bbox 366 2338 414 2373; x_wconf 79' lang='grc' dir='ltr'>μὲν</span> <span class='ocrx_word' id='word_1_697' title='bbox 434 2336 469 2374; x_wconf 84' lang='grc' dir='ltr'><strong>ἦν</strong></span> <span class='ocrx_word' id='word_1_698' title='bbox 490 2339 504 2364; x_wconf 90' lang='lat'><strong>6</strong></span> <span class='ocrx_word' id='word_1_699' title='bbox 522 2338 622 2373; x_wconf 85' lang='grc' dir='ltr'>χρυσὸς</span> <span class='ocrx_word' id='word_1_700' title='bbox 638 2339 667 2364; x_wconf 83' lang='grc' dir='ltr'><strong>ὲν</strong></span> <span class='ocrx_word' id='word_1_701' title='bbox 689 2341 781 2374; x_wconf 82' lang='grc' dir='ltr'>κύκλῳ</span> <span class='ocrx_word' id='word_1_702' title='bbox 798 2346 870 2374; x_wconf 85' lang='grc' dir='ltr'>περι-</span> 
     </span>
    </p>
   </div>
   <div class='ocr_carea' id='block_1_91' title="bbox 922 2335 1720 2374">
    <p class='ocr_par' dir='ltr' id='par_1_91' title="bbox 968 2335 1720 2372">
     <span class='ocr_line' id='line_1_91' title="bbox 968 2335 1720 2372; baseline -0.004 -8"><span class='ocrx_word' id='word_1_703' title='bbox 968 2337 1029 2364; x_wconf 85' lang='lat' dir='ltr'><strong>Fuit</strong></span> <span class='ocrx_word' id='word_1_704' title='bbox 1044 2337 1126 2372; x_wconf 83' lang='lat' dir='ltr'><strong>igitur</strong></span> <span class='ocrx_word' id='word_1_705' title='bbox 1139 2337 1287 2371; x_wconf 86' lang='lat' dir='ltr'><strong>plurimum</strong></span> <span class='ocrx_word' id='word_1_706' title='bbox 1300 2343 1398 2363; x_wconf 87' lang='lat' dir='ltr'><strong>aurutn</strong></span> <span class='ocrx_word' id='word_1_707' title='bbox 1412 2336 1439 2362; x_wconf 93' lang='lat' dir='ltr'><strong>in</strong></span> <span class='ocrx_word' id='word_1_708' title='bbox 1451 2335 1587 2362; x_wconf 85' lang='lat' dir='ltr'><strong>columnis</strong></span> <span class='ocrx_word' id='word_1_709' title='bbox 1603 2335 1720 2362; x_wconf 83' lang='lat' dir='ltr'><strong>circum-</strong></span> 
     </span>
    </p>
   </div>
   <div class='ocr_carea' id='block_1_92' title="bbox 81 2383 876 2421">
    <p class='ocr_par' dir='ltr' id='par_1_92' title="bbox 81 2383 876 2421">
     <span class='ocr_line' id='line_1_92' title="bbox 81 2383 876 2421; baseline -0.004 -9"><span class='ocrx_word' id='word_1_710' title='bbox 81 2385 231 2421; x_wconf 81' lang='grc' dir='ltr'>κεχυμένος</span> <span class='ocrx_word' id='word_1_711' title='bbox 262 2386 318 2417; x_wconf 81' lang='grc' dir='ltr'>τοῖς</span> <span class='ocrx_word' id='word_1_712' title='bbox 347 2385 466 2416; x_wconf 85' lang='grc' dir='ltr'>στύλοις·</span> <span class='ocrx_word' id='word_1_713' title='bbox 494 2384 712 2420; x_wconf 83' lang='grc' dir='ltr'>συμπαρελήφθη</span> <span class='ocrx_word' id='word_1_714' title='bbox 745 2384 774 2410; x_wconf 78' lang='grc' dir='ltr'><strong>δὲ</strong></span> <span class='ocrx_word' id='word_1_715' title='bbox 798 2383 876 2419; x_wconf 80' lang='grc' dir='ltr'>Ιμετὰ</span> 
     </span>
    </p>
   </div>
   <div class='ocr_carea' id='block_1_93' title="bbox 80 2430 876 2467">
    <p class='ocr_par' dir='ltr' id='par_1_93' title="bbox 80 2430 876 2467">
     <span class='ocr_line' id='line_1_93' title="bbox 80 2430 876 2467; baseline -0.003 -9"><span class='ocrx_word' id='word_1_716' title='bbox 80 2431 130 2459; x_wconf 85' lang='grc' dir='ltr'><strong>τοῦ</strong></span> <span class='ocrx_word' id='word_1_717' title='bbox 152 2430 252 2467; x_wconf 82' lang='grc' dir='ltr'>χρυσοῦ</span> <span class='ocrx_word' id='word_1_718' title='bbox 277 2431 324 2458; x_wconf 74' lang='grc' dir='ltr'>καὶ</span> <span class='ocrx_word' id='word_1_719' title='bbox 343 2432 358 2457; x_wconf 87' lang='lat'><strong>6</strong></span> <span class='ocrx_word' id='word_1_720' title='bbox 381 2431 514 2466; x_wconf 79' lang='grc' dir='ltr'>ἄργυρος,</span> <span class='ocrx_word' id='word_1_721' title='bbox 541 2430 590 2461; x_wconf 83' lang='grc' dir='ltr'><strong>τὰς</strong></span> <span class='ocrx_word' id='word_1_722' title='bbox 612 2430 733 2465; x_wconf 78' lang='grc' dir='ltr'>κορυφὰς</span> <span class='ocrx_word' id='word_1_723' title='bbox 755 2430 801 2456; x_wconf 74' lang='grc' dir='ltr'>καὶ</span> <span class='ocrx_word' id='word_1_724' title='bbox 827 2430 876 2461; x_wconf 77' lang='grc' dir='ltr'><strong>τὰς</strong></span> 
     </span>
    </p>
   </div>
   <div class='ocr_carea' id='block_1_94' title="bbox 83 2475 876 2513">
    <p class='ocr_par' dir='ltr' id='par_1_94' title="bbox 83 2475 876 2513">
     <span class='ocr_line' id='line_1_94' title="bbox 83 2475 876 2513; baseline -0.004 -9"><span class='ocrx_word' id='word_1_725' title='bbox 83 2478 177 2513; x_wconf 78' lang='grc' dir='ltr'>βάσεις</span> <span class='ocrx_word' id='word_1_726' title='bbox 205 2477 259 2504; x_wconf 87' lang='grc' dir='ltr'>τῶν</span> <span class='ocrx_word' id='word_1_727' title='bbox 290 2476 393 2503; x_wconf 74' lang='grc' dir='ltr'>στόλων</span> <span class='ocrx_word' id='word_1_728' title='bbox 423 2476 455 2503; x_wconf 83' lang='grc' dir='ltr'><strong>δι’</strong></span> <span class='ocrx_word' id='word_1_729' title='bbox 490 2475 585 2503; x_wconf 81' lang='grc' dir='ltr'>ἑαυτοῦ</span> <span class='ocrx_word' id='word_1_730' title='bbox 617 2475 810 2508; x_wconf 72' lang='grc' dir='ltr'>καλλωπίζωνν</span> <span class='ocrx_word' id='word_1_731' title='bbox 838 2475 876 2508; x_wconf 81' lang='grc' dir='ltr'><strong>ὡς</strong></span> 
     </span>
    </p>
   </div>
   <div class='ocr_carea' id='block_1_95' title="bbox 82 2521 874 2558">
    <p class='ocr_par' dir='ltr' id='par_1_95' title="bbox 82 2521 874 2558">
     <span class='ocr_line' id='line_1_95' title="bbox 82 2521 874 2558; baseline -0.005 -7"><span class='ocrx_word' id='word_1_732' title='bbox 82 2523 132 2555; x_wconf 83' lang='grc' dir='ltr'><strong>ἂν,</strong></span> <span class='ocrx_word' id='word_1_733' title='bbox 152 2521 244 2558; x_wconf 76' lang='grc' dir='ltr'>οἶμαι,</span> <span class='ocrx_word' id='word_1_734' title='bbox 263 2522 301 2557; x_wconf 83' lang='grc' dir='ltr'>τῷ</span> <span class='ocrx_word' id='word_1_735' title='bbox 321 2522 507 2549; x_wconf 80' lang='grc' dir='ltr'>διαλλάσσοντι</span> <span class='ocrx_word' id='word_1_736' title='bbox 528 2522 578 2556; x_wconf 83' lang='grc' dir='ltr'>τῆς</span> <span class='ocrx_word' id='word_1_737' title='bbox 602 2522 684 2557; x_wconf 87' lang='grc' dir='ltr'>χρόας</span> <span class='ocrx_word' id='word_1_738' title='bbox 705 2521 874 2556; x_wconf 77' lang='grc' dir='ltr'>ἑκατέρωθεν</span> 
     </span>
    </p>
   </div>
   <div class='ocr_carea' id='block_1_96' title="bbox 80 2567 875 2604">
    <p class='ocr_par' dir='ltr' id='par_1_96' title="bbox 80 2567 875 2604">
     <span class='ocr_line' id='line_1_96' title="bbox 80 2567 875 2604; baseline -0.003 -9"><span class='ocrx_word' id='word_1_739' title='bbox 80 2569 112 2595; x_wconf 78' lang='grc' dir='ltr'>τὸ</span> <span class='ocrx_word' id='word_1_740' title='bbox 140 2568 250 2603; x_wconf 82' lang='grc' dir='ltr'>χρυσίον</span> <span class='ocrx_word' id='word_1_741' title='bbox 273 2567 503 2604; x_wconf 77' lang='grc' dir='ltr'>ὲκΘεωροὺμενον,</span> <span class='ocrx_word' id='word_1_742' title='bbox 522 2567 602 2594; x_wconf 82' lang='grc' dir='ltr'>πλέον</span> <span class='ocrx_word' id='word_1_743' title='bbox 624 2567 770 2602; x_wconf 84' lang='grc' dir='ltr'>ὲκλάμποι.</span> <span class='ocrx_word' id='word_1_744' title='bbox 797 2567 875 2593; x_wconf 85' lang='grc' dir='ltr'>Ἔστι</span> 
     </span>
    </p>
   </div>
   <div class='ocr_carea' id='block_1_97' title="bbox 80 2612 875 2648">
    <p class='ocr_par' dir='ltr' id='par_1_97' title="bbox 80 2612 875 2648">
     <span class='ocr_line' id='line_1_97' title="bbox 80 2612 875 2648; baseline -0.004 -7"><span class='ocrx_word' id='word_1_745' title='bbox 80 2615 110 2641; x_wconf 80' lang='grc' dir='ltr'><strong>δὲ</strong></span> <span class='ocrx_word' id='word_1_746' title='bbox 139 2615 206 2640; x_wconf 82' lang='grc' dir='ltr'>ὅπου</span> <span class='ocrx_word' id='word_1_747' title='bbox 232 2613 280 2639; x_wconf 64' lang='grc' dir='ltr'><strong>καὶ</strong></span> <span class='ocrx_word' id='word_1_748' title='bbox 303 2613 319 2648; x_wconf 84' lang='grc' dir='ltr'><strong>ή</strong></span> <span class='ocrx_word' id='word_1_749' title='bbox 345 2613 390 2639; x_wconf 87' lang='grc' dir='ltr'><strong>τοῦ</strong></span> <span class='ocrx_word' id='word_1_750' title='bbox 415 2612 515 2647; x_wconf 78' lang='grc' dir='ltr'>χαλκοῦ</span> <span class='ocrx_word' id='word_1_751' title='bbox 546 2613 594 2648; x_wconf 80' lang='grc' dir='ltr'>ὕλη</span> <span class='ocrx_word' id='word_1_752' title='bbox 623 2613 757 2648; x_wconf 82' lang='grc' dir='ltr'>χρήσιμος</span> <span class='ocrx_word' id='word_1_753' title='bbox 784 2612 875 2647; x_wconf 77' lang='grc' dir='ltr'>ἐνομί-</span> 
     </span>
    </p>
   </div>
   <div class='ocr_carea' id='block_1_98' title="bbox 84 2657 873 2695">
    <p class='ocr_par' dir='ltr' id='par_1_98' title="bbox 84 2657 873 2695">
     <span class='ocr_line' id='line_1_98' title="bbox 84 2657 873 2695; baseline -0.003 -9"><span class='ocrx_word' id='word_1_754' title='bbox 84 2660 134 2695; x_wconf 86' lang='grc' dir='ltr'><strong>σθη</strong></span> <span class='ocrx_word' id='word_1_755' title='bbox 147 2680 154 2691; x_wconf 88' lang='grc'><strong>,</strong></span> <span class='ocrx_word' id='word_1_756' title='bbox 170 2658 275 2694; x_wconf 80' lang='grc' dir='ltr'>κεφαλὴ</span> <span class='ocrx_word' id='word_1_757' title='bbox 297 2658 425 2693; x_wconf 83' lang='grc' dir='ltr'>γινομένη</span> <span class='ocrx_word' id='word_1_758' title='bbox 443 2658 490 2684; x_wconf 78' lang='grc' dir='ltr'><strong>καὶ</strong></span> <span class='ocrx_word' id='word_1_759' title='bbox 507 2658 585 2693; x_wconf 82' lang='grc' dir='ltr'>βάσις</span> <span class='ocrx_word' id='word_1_760' title='bbox 605 2659 660 2689; x_wconf 80' lang='grc' dir='ltr'>τοῖς</span> <span class='ocrx_word' id='word_1_761' title='bbox 674 2658 802 2693; x_wconf 81' lang='grc' dir='ltr'>ἀργυροῖς</span> <span class='ocrx_word' id='word_1_762' title='bbox 819 2657 873 2684; x_wconf 83' lang='grc' dir='ltr'>τῶν</span> 
     </span>
    </p>
   </div>
   <div class='ocr_carea' id='block_1_99' title="bbox 82 2704 872 2739">
    <p class='ocr_par' dir='ltr' id='par_1_99' title="bbox 82 2704 872 2739">
     <span class='ocr_line' id='line_1_99' title="bbox 82 2704 872 2739; baseline -0.003 -7"><span class='ocrx_word' id='word_1_763' title='bbox 82 2705 190 2732; x_wconf 62' lang='grc' dir='ltr'>κώνων.</span> <span class='ocrx_word' id='word_1_764' title='bbox 221 2704 461 2738; x_wconf 79' lang='grc' dir='ltr'>Καταπετάσματα</span> <span class='ocrx_word' id='word_1_765' title='bbox 487 2704 516 2730; x_wconf 78' lang='grc' dir='ltr'><strong>δὲ</strong></span> <span class='ocrx_word' id='word_1_766' title='bbox 546 2705 593 2730; x_wconf 74' lang='grc' dir='ltr'>καὶ</span> <span class='ocrx_word' id='word_1_767' title='bbox 619 2704 872 2739; x_wconf 78' lang='grc' dir='ltr'>παραπετάσματα,</span> 
     </span>
    </p>
   </div>
   <div class='ocr_carea' id='block_1_100' title="bbox 82 2749 870 2785">
    <p class='ocr_par' dir='ltr' id='par_1_100' title="bbox 82 2749 870 2785">
     <span class='ocr_line' id='line_1_100' title="bbox 82 2749 870 2785; baseline -0.003 -7"><span class='ocrx_word' id='word_1_768' title='bbox 82 2752 132 2779; x_wconf 65' lang='grc' dir='ltr'><strong>καὶ</strong></span> <span class='ocrx_word' id='word_1_769' title='bbox 150 2752 164 2778; x_wconf 89' lang='grc' dir='ltr'><strong>ό</strong></span> <span class='ocrx_word' id='word_1_770' title='bbox 181 2750 227 2778; x_wconf 84' lang='grc' dir='ltr'><strong>τοῦ</strong></span> <span class='ocrx_word' id='word_1_771' title='bbox 249 2750 313 2778; x_wconf 78' lang='grc' dir='ltr'>ναοῦ</span> <span class='ocrx_word' id='word_1_772' title='bbox 330 2749 483 2784; x_wconf 78' lang='grc' dir='ltr'>περζὸολος,</span> <span class='ocrx_word' id='word_1_773' title='bbox 503 2751 549 2777; x_wconf 73' lang='grc' dir='ltr'>καὶ</span> <span class='ocrx_word' id='word_1_774' title='bbox 564 2751 578 2776; x_wconf 93' lang='lat'><strong>6</strong></span> <span class='ocrx_word' id='word_1_775' title='bbox 593 2750 646 2777; x_wconf 82' lang='grc' dir='ltr'><strong>τῶν</strong></span> <span class='ocrx_word' id='word_1_776' title='bbox 662 2750 763 2776; x_wconf 70' lang='grc' dir='ltr'>στόλων</span> <span class='ocrx_word' id='word_1_777' title='bbox 783 2751 870 2785; x_wconf 77' lang='grc' dir='ltr'>ὑπερ-</span> 
     </span>
    </p>
   </div>
   <div class='ocr_carea' id='block_1_101' title="bbox 123 2839 405 2873">
    <p class='ocr_par' dir='ltr' id='par_1_101' title="bbox 123 2839 405 2873">
     <span class='ocr_line' id='line_1_101' title="bbox 123 2839 405 2873; baseline -0.007 -6"><span class='ocrx_word' id='word_1_778' title='bbox 123 2841 143 2857; x_wconf 83' lang='grc'><strong>¹⁶</strong></span> <span class='ocrx_word' id='word_1_779' title='bbox 167 2839 250 2868; x_wconf 80' lang='lat' dir='ltr'><strong>Exod.</strong></span> <span class='ocrx_word' id='word_1_780' title='bbox 273 2848 346 2873; x_wconf 66' lang='grc' dir='ltr'>μιν,</span> <span class='ocrx_word' id='word_1_781' title='bbox 364 2839 405 2866; x_wconf 87' lang='lat' dir='ltr'><strong>l8.</strong></span> 
     </span>
    </p>
   </div>
   <div class='ocr_carea' id='block_1_102' title="bbox 933 2380 1715 2415">
    <p class='ocr_par' dir='ltr' id='par_1_102' title="bbox 933 2380 1715 2415">
     <span class='ocr_line' id='line_1_102' title="bbox 933 2380 1715 2415; baseline -0.004 -6"><span class='ocrx_word' id='word_1_782' title='bbox 933 2382 1036 2413; x_wconf 79' lang='lat' dir='ltr'><strong>fusum,</strong></span> <span class='ocrx_word' id='word_1_783' title='bbox 1052 2386 1079 2409; x_wconf 75' lang='grc' dir='ltr'>οι</span> <span class='ocrx_word' id='word_1_784' title='bbox 1093 2390 1154 2409; x_wconf 83' lang='lat' dir='ltr'><strong>Cllm</strong></span> <span class='ocrx_word' id='word_1_785' title='bbox 1170 2389 1238 2408; x_wconf 86' lang='lat' dir='ltr'><strong>auro</strong></span> <span class='ocrx_word' id='word_1_786' title='bbox 1259 2387 1400 2415; x_wconf 77' lang='lat' dir='ltr'><strong>argentum</strong></span> <span class='ocrx_word' id='word_1_787' title='bbox 1426 2380 1570 2406; x_wconf 81' lang='lat' dir='ltr'><strong>Cacumina</strong></span> <span class='ocrx_word' id='word_1_788' title='bbox 1595 2385 1620 2407; x_wconf 90' lang='lat' dir='ltr'><strong>et</strong></span> <span class='ocrx_word' id='word_1_789' title='bbox 1637 2380 1715 2407; x_wconf 87' lang='lat' dir='ltr'><strong>bases</strong></span> 
     </span>
    </p>
   </div>
   <div class='ocr_carea' id='block_1_103' title="bbox 929 2425 1715 2457">
    <p class='ocr_par' dir='ltr' id='par_1_103' title="bbox 929 2425 1715 2457">
     <span class='ocr_line' id='line_1_103' title="bbox 929 2425 1715 2457; baseline -0.004 -3"><span class='ocrx_word' id='word_1_790' title='bbox 929 2435 1024 2455; x_wconf 85' lang='lat' dir='ltr'><strong>eorum</strong></span> <span class='ocrx_word' id='word_1_791' title='bbox 1042 2430 1167 2457; x_wconf 77' lang='lat' dir='ltr'><strong>exornat,</strong></span> <span class='ocrx_word' id='word_1_792' title='bbox 1185 2431 1214 2453; x_wconf 91' lang='lat' dir='ltr'><strong>ut</strong></span> <span class='ocrx_word' id='word_1_793' title='bbox 1225 2427 1355 2453; x_wconf 86' lang='lat' dir='ltr'><strong>varietate</strong></span> <span class='ocrx_word' id='word_1_794' title='bbox 1367 2425 1478 2456; x_wconf 78' lang='lat' dir='ltr'><strong>coloris,</strong></span> <span class='ocrx_word' id='word_1_795' title='bbox 1491 2425 1572 2452; x_wconf 88' lang='lat' dir='ltr'><strong>sicuti</strong></span> <span class='ocrx_word' id='word_1_796' title='bbox 1584 2425 1715 2457; x_wconf 79' lang='lat' dir='ltr'><strong>arbitror,</strong></span> 
     </span>
    </p>
   </div>
   <div class='ocr_carea' id='block_1_104' title="bbox 929 2469 1711 2509">
    <p class='ocr_par' dir='ltr' id='par_1_104' title="bbox 929 2469 1711 2509">
     <span class='ocr_line' id='line_1_104' title="bbox 929 2469 1711 2509; baseline -0.008 -8"><span class='ocrx_word' id='word_1_797' title='bbox 929 2474 1016 2509; x_wconf 79' lang='lat' dir='ltr'><strong>magis</strong></span> <span class='ocrx_word' id='word_1_798' title='bbox 1030 2472 1175 2508; x_wconf 73' lang='lat' dir='ltr'><strong>fulgerent.</strong></span> <span class='ocrx_word' id='word_1_799' title='bbox 1191 2472 1244 2498; x_wconf 89' lang='lat' dir='ltr'><strong>Sed</strong></span> <span class='ocrx_word' id='word_1_800' title='bbox 1259 2472 1320 2498; x_wconf 64' lang='lat' dir='ltr'><strong>aeris</strong></span> <span class='ocrx_word' id='word_1_801' title='bbox 1333 2478 1441 2505; x_wconf 84' lang='lat' dir='ltr'><strong>quoque</strong></span> <span class='ocrx_word' id='word_1_802' title='bbox 1455 2470 1570 2497; x_wconf 87' lang='lat' dir='ltr'><strong>materia</strong></span> <span class='ocrx_word' id='word_1_803' title='bbox 1586 2477 1640 2496; x_wconf 89' lang='lat' dir='ltr'><strong>tton</strong></span> <span class='ocrx_word' id='word_1_804' title='bbox 1654 2469 1711 2496; x_wconf 84' lang='lat' dir='ltr'><strong>inu-</strong></span> 
     </span>
    </p>
   </div>
   <div class='ocr_carea' id='block_1_105' title="bbox 928 2516 1714 2552">
    <p class='ocr_par' dir='ltr' id='par_1_105' title="bbox 928 2516 1714 2552">
     <span class='ocr_line' id='line_1_105' title="bbox 928 2516 1714 2552; baseline -0.008 -5"><span class='ocrx_word' id='word_1_805' title='bbox 928 2521 985 2548; x_wconf 89' lang='lat' dir='ltr'><strong>tilis</strong></span> <span class='ocrx_word' id='word_1_806' title='bbox 1010 2520 1066 2547; x_wconf 86' lang='lat' dir='ltr'><strong>visa</strong></span> <span class='ocrx_word' id='word_1_807' title='bbox 1092 2523 1134 2547; x_wconf 89' lang='lat' dir='ltr'><strong>est</strong></span> <span class='ocrx_word' id='word_1_808' title='bbox 1155 2518 1267 2552; x_wconf 89' lang='lat' dir='ltr'><strong>:capita</strong></span> <span class='ocrx_word' id='word_1_809' title='bbox 1282 2517 1355 2544; x_wconf 87' lang='lat' dir='ltr'><strong>enitn</strong></span> <span class='ocrx_word' id='word_1_810' title='bbox 1372 2521 1398 2543; x_wconf 83' lang='lat' dir='ltr'><strong>et</strong></span> <span class='ocrx_word' id='word_1_811' title='bbox 1422 2516 1501 2543; x_wconf 88' lang='lat' dir='ltr'><strong>bases</strong></span> <span class='ocrx_word' id='word_1_812' title='bbox 1526 2516 1714 2542; x_wconf 90' lang='lat' dir='ltr'><strong>coltttnnarum</strong></span> 
     </span>
    </p>
   </div>
   <div class='ocr_carea' id='block_1_106' title="bbox 928 2563 1713 2598">
    <p class='ocr_par' dir='ltr' id='par_1_106' title="bbox 928 2563 1713 2598">
     <span class='ocr_line' id='line_1_106' title="bbox 928 2563 1713 2598; baseline -0.009 -3"><span class='ocrx_word' id='word_1_813' title='bbox 928 2576 961 2595; x_wconf 82' lang='lat' dir='ltr'><strong>ex</strong></span> <span class='ocrx_word' id='word_1_814' title='bbox 980 2575 1033 2594; x_wconf 78' lang='lat' dir='ltr'><strong>:ere</strong></span> <span class='ocrx_word' id='word_1_815' title='bbox 1050 2567 1128 2594; x_wconf 69' lang='lat' dir='ltr'><strong>iactae</strong></span> <span class='ocrx_word' id='word_1_816' title='bbox 1143 2570 1217 2593; x_wconf 86' lang='lat' dir='ltr'><strong>sunt.</strong></span> <span class='ocrx_word' id='word_1_817' title='bbox 1232 2564 1351 2592; x_wconf 67' lang='lat' dir='ltr'><strong>Cortina:</strong></span> <span class='ocrx_word' id='word_1_818' title='bbox 1377 2571 1459 2598; x_wconf 87' lang='lat' dir='ltr'><strong>porro</strong></span> <span class='ocrx_word' id='word_1_819' title='bbox 1485 2567 1566 2598; x_wconf 88' lang='lat' dir='ltr'><strong>atque</strong></span> <span class='ocrx_word' id='word_1_820' title='bbox 1586 2563 1713 2594; x_wconf 80' lang='lat' dir='ltr'><strong>tentoria,</strong></span> 
     </span>
    </p>
   </div>
   <div class='ocr_carea' id='block_1_107' title="bbox 928 2610 1714 2647">
    <p class='ocr_par' dir='ltr' id='par_1_107' title="bbox 928 2610 1714 2647">
     <span class='ocr_line' id='line_1_107' title="bbox 928 2610 1714 2647; baseline -0.005 -9"><span class='ocrx_word' id='word_1_821' title='bbox 928 2614 1069 2647; x_wconf 86' lang='lat' dir='ltr'><strong>totiusque</strong></span> <span class='ocrx_word' id='word_1_822' title='bbox 1084 2612 1176 2646; x_wconf 89' lang='lat' dir='ltr'><strong>tentpli</strong></span> <span class='ocrx_word' id='word_1_823' title='bbox 1195 2616 1314 2646; x_wconf 81' lang='lat' dir='ltr'><strong>seplutn,</strong></span> <span class='ocrx_word' id='word_1_824' title='bbox 1331 2615 1358 2637; x_wconf 87' lang='lat' dir='ltr'><strong>et</strong></span> <span class='ocrx_word' id='word_1_825' title='bbox 1371 2617 1452 2644; x_wconf 89' lang='lat' dir='ltr'><strong>super</strong></span> <span class='ocrx_word' id='word_1_826' title='bbox 1466 2610 1608 2636; x_wconf 88' lang='lat' dir='ltr'><strong>columnas</strong></span> <span class='ocrx_word' id='word_1_827' title='bbox 1620 2613 1714 2636; x_wconf 79' lang='lat' dir='ltr'><strong>exten-</strong></span> 
     </span>
    </p>
   </div>
   <div class='ocr_carea' id='block_1_108' title="bbox 928 2656 1712 2691">
    <p class='ocr_par' dir='ltr' id='par_1_108' title="bbox 928 2656 1712 2691">
     <span class='ocr_line' id='line_1_108' title="bbox 928 2656 1712 2691; baseline -0.009 -5"><span class='ocrx_word' id='word_1_828' title='bbox 928 2666 989 2686; x_wconf 87' lang='lat' dir='ltr'><strong>sum</strong></span> <span class='ocrx_word' id='word_1_829' title='bbox 1005 2662 1116 2689; x_wconf 82' lang='lat' dir='ltr'><strong>tectum,</strong></span> <span class='ocrx_word' id='word_1_830' title='bbox 1132 2657 1223 2684; x_wconf 86' lang='lat' dir='ltr'><strong>omnia</strong></span> <span class='ocrx_word' id='word_1_831' title='bbox 1251 2664 1299 2691; x_wconf 91' lang='lat' dir='ltr'><strong>per</strong></span> <span class='ocrx_word' id='word_1_832' title='bbox 1329 2656 1473 2683; x_wconf 80' lang='lat' dir='ltr'><strong>textoriam</strong></span> <span class='ocrx_word' id='word_1_833' title='bbox 1494 2659 1580 2682; x_wconf 87' lang='lat' dir='ltr'><strong>artem</strong></span> <span class='ocrx_word' id='word_1_834' title='bbox 1611 2661 1712 2681; x_wconf 81' lang='lat' dir='ltr'><strong>conve-</strong></span> 
     </span>
    </p>
   </div>
   <div class='ocr_carea' id='block_1_109' title="bbox 929 2698 1710 2737">
    <p class='ocr_par' dir='ltr' id='par_1_109' title="bbox 929 2698 1710 2737">
     <span class='ocr_line' id='line_1_109' title="bbox 929 2698 1710 2737; baseline -0.009 -7"><span class='ocrx_word' id='word_1_835' title='bbox 929 2704 1021 2731; x_wconf 87' lang='lat' dir='ltr'><strong>niettte</strong></span> <span class='ocrx_word' id='word_1_836' title='bbox 1049 2702 1167 2737; x_wconf 77' lang='lat' dir='ltr'><strong>singulis</strong></span> <span class='ocrx_word' id='word_1_837' title='bbox 1198 2701 1327 2728; x_wconf 76' lang='lat' dir='ltr'><strong>attributa</strong></span> <span class='ocrx_word' id='word_1_838' title='bbox 1343 2701 1468 2729; x_wconf 83' lang='lat' dir='ltr'><strong>materia</strong></span> <span class='ocrx_word' id='word_1_839' title='bbox 1483 2698 1710 2727; x_wconf 81' lang='lat' dir='ltr'><strong>conﬁciebantur.</strong></span> 
     </span>
    </p>
   </div>
   <div class='ocr_carea' id='block_1_110' title="bbox 928 2745 1711 2783">
    <p class='ocr_par' dir='ltr' id='par_1_110' title="bbox 928 2745 1711 2783">
     <span class='ocr_line' id='line_1_110' title="bbox 928 2745 1711 2783; baseline -0.01 -7"><span class='ocrx_word' id='word_1_840' title='bbox 928 2749 996 2777; x_wconf 78' lang='lat' dir='ltr'><strong>Aliis</strong></span> <span class='ocrx_word' id='word_1_841' title='bbox 1016 2757 1049 2776; x_wconf 75' lang='lat' dir='ltr'><strong>ex</strong></span> <span class='ocrx_word' id='word_1_842' title='bbox 1078 2747 1225 2783; x_wconf 73' lang='lat' dir='ltr'><strong>hyacintho</strong></span> <span class='ocrx_word' id='word_1_843' title='bbox 1254 2750 1281 2775; x_wconf 87' lang='lat' dir='ltr'><strong>et</strong></span> <span class='ocrx_word' id='word_1_844' title='bbox 1298 2753 1420 2781; x_wconf 78' lang='lat' dir='ltr'><strong>purpura</strong></span> <span class='ocrx_word' id='word_1_845' title='bbox 1445 2750 1503 2773; x_wconf 88' lang='lat' dir='ltr'><strong>erat</strong></span> <span class='ocrx_word' id='word_1_846' title='bbox 1530 2745 1660 2776; x_wconf 79' lang='lat' dir='ltr'><strong>tinctura,</strong></span> <span class='ocrx_word' id='word_1_847' title='bbox 1685 2745 1711 2768; x_wconf 89' lang='lat' dir='ltr'><strong>et</strong></span> 
     </span>
    </p>
   </div>
  </div>
