1977 3071
85 88 130 114 321
738 85 780 112 DE
804 85 885 113 VITA
912 85 1051 114 MOYSIS.
1654 86 1706 115 5‘22

85 144 171 175 αὐτοῖς
194 143 247 169 τῶν
264 144 292 169 ἐν
315 144 348 178 τῇ
365 142 505 178 θεοφανεία
523 142 755 177 παραδειχθέντων
773 142 847 178 αὐτῷ
872 142 1034 178 θαυμάτων,
1058 141 1109 168 καὶ
1126 144 1188 175 τοὺς
1211 144 1306 179 νόμους
1333 144 1571 180 παραθησόμενος,
1595 145 1642 172 καὶ
1660 144 1707 172 τὸν

85 190 157 221 ναὸν,
189 189 233 216 καὶ
253 188 302 224 τὴν
326 188 487 223 ἰερωσύνην,
515 188 584 215 κατὰ
614 188 642 214 τὸ
669 188 825 223 προδειχθὲν
848 189 922 224 αὐτῷ
943 190 988 215 ἐπὶ
1007 189 1053 216 τοῦ
1078 189 1157 224 ὅρους
1176 190 1345 224 ὑπόδειγμα,
1372 191 1410 225 τῷ
1438 191 1494 226 λαῷ
1519 191 1706 225 καταστήσων.

86 235 182 269 Ἐφερε
200 234 228 260 δὲ
242 235 289 261 καὶ
304 234 352 265 τὰς
367 234 442 269 ἱερὰς
457 234 562 265 πλάκας
580 234 623 260 δια
640 234 745 269 χειρὸς,
769 234 797 260 αἳ
821 233 891 260 θεῖον
913 235 1021 269 εὕρημα
1039 236 1085 262 καὶ
1107 235 1191 270 δῶρον
1213 233 1298 269 ἦσαν,
1316 235 1441 270 οὐδεμιᾶς
1463 236 1605 271 συνεργίας
1627 237 1665 267 εἰς
1676 235 1708 262 τὸ

84 279 204 314 γενέσθαι
223 279 411 314 προδεηθεῖσαι
423 287 429 294 ·
444 278 500 305 ἀλλ’
522 279 600 314 ἔργον
616 278 682 304 Θεοῦ
698 279 794 314 ἐπίσης
817 279 934 315 ἑκάτερα
952 278 996 315 ἦν,
1010 280 1026 315 ἦ
1042 288 1071 306 τε
1087 280 1136 314 ὕλη
1150 280 1196 306 καί
1211 280 1244 306 τὰ
1266 281 1310 306 ἐπὶ
1330 281 1414 316 ταύτῃ
1433 282 1606 317 χαράγματα.
1636 279 1705 308 Ἀλλ’

84 325 198 352 ἐκώλυσε
220 326 268 359 τὴν
284 325 363 360 χάριν
380 326 394 350 ὁ
409 325 482 357 λαὸς,
501 325 564 360 πρὶν
580 325 722 360 ἐπιστῆναι
737 325 781 351 τὸν
799 326 958 362 νομοθέτην,
972 327 1010 357 εἰς
1026 326 1244 361 εἰδωλολατρείαν
1264 327 1424 361 ἀᾳηνιάσας.

123 371 229 407 Ἐπειδὴ
244 371 297 407 γὰρ
315 371 407 406 χρόνος
428 371 466 406 τῷ
487 371 569 405 illum-ﬁ
592 379 632 403 τις
651 372 681 397 οὐ
703 371 803 406 βραχὺς
818 371 867 398 διε-

957 372 1023 398 Nam
1037 381 1097 398 cum
1114 372 1292 407 quadraginta
1305 372 1400 400 diebus
1416 381 1447 399 ac
1462 373 1587 402 noctibus
1605 374 1706 402 nullius

84 418 183 452 γένετο,
198 418 231 452 τῇ
255 417 322 454 πρὸς
339 417 405 442 Θεὸν
424 415 515 450 ὁμιλία
535 415 579 441 διὰ
595 415 643 450 τῆς
665 416 739 447 θείας
766 416 871 451 ἐκείνης

87 462 277 498 μυσταγωγίας
301 461 531 496 ἁπασχολάζοντι·
556 462 602 488 καὶ
629 459 663 496 ἦν
685 462 714 487 ὲν
736 462 871 496 τεσσαρά-

83 517 162 535 κοντα
180 508 297 542 ἡμέραις
312 507 357 533 καὶ
371 507 513 537 τοσαύταις
526 507 585 539 νυξὶ
595 507 642 541 τῆς
657 507 741 533 ἀϊδίου
758 507 864 542 ἐκείνης

85 553 156 588 ζωῆς
179 553 230 579 ὑπὸ
251 553 296 579 τὸν
319 552 416 587 γνὸφον
436 552 570 586 μετέχων,
589 552 635 578 καὶ
651 553 735 588 αὐτῆς
752 552 802 587 τῆς
817 552 869 586 φύ-

84 608 150 630 σεως
174 599 225 632 ἔξω
242 598 385 633 γενόμενος
412 598 461 633 (οὐ
490 598 543 633 γὰρ
572 598 704 634 ὲπεδεήθη
729 598 799 624 κατὰ
823 598 869 624 τὸν

83 644 174 680 χρόνον
205 645 306 670 ἐκεῖνον
327 644 367 675 εἰς
380 643 410 670 τὸ
422 643 501 678 σῶμα
519 643 655 678 τροφῆς)σ
674 643 750 675 τότε,
775 641 829 670 οἶόν
843 653 869 670 τι

86 689 232 725 μειράκιον,
252 690 266 715 ὁ
289 688 353 720 λαὸς
374 688 428 714 τῶν
453 687 498 714 τοῦ
525 687 759 722 παιδαγωγοῦντος
781 687 869 722 ὅψεων

83 732 133 765 ἔξω
150 732 310 767 γενόμενος,
332 732 456 767 ἀνοήτοις
469 732 568 767 ὁρμαῖς
589 733 627 763 είς
651 727 770 766 ἀταξίανξ
789 732 869 766 ἐκφέ-

84 786 166 812 ρεται,
186 778 233 803 καὶ
253 776 353 808 συστὰς
374 777 419 803 ἐπὶ
435 776 480 802 τὸν
504 775 617 810 Ἀαρὼν,
634 776 755 812 ἀνάγκην
771 778 867 811 ἐπάγει

82 823 119 857 τῷ
134 824 213 858 ἱερεῖ,
234 823 282 857 τῆς
297 822 516 856 εἰδωλολατρείας
540 823 630 853 αὐτοῖς
647 822 866 857 καθηγήσασθαι.

83 869 136 896 Καὶ
159 869 300 902 γεγονότος
325 868 371 894 τοῦ
395 868 503 894 εἰδώλου
529 868 560 894 ὲκ
582 867 692 902 χρυσίου
718 867 768 902 τῆς
802 867 867 901 ὕλης

83 913 198 948 (μόσχος
217 913 244 938 δὲ
271 912 301 938 τὺ
325 911 433 938 εἴδωλον
446 910 508 947 ἦν),
524 912 547 937 οἱ
565 912 613 946 μὲν
633 911 817 945 ἐπηγάλλοντο
830 911 867 946 τῷ

81 959 247 993 ἀσεϐήματι·
264 959 278 984 ὁ
291 958 317 984 δὲ
333 958 434 992 Μωσῆς
454 958 513 983 κατ’
530 957 627 988 αὐτοὺς
638 957 688 992 ἤδη
702 957 846 991 γενόμενος
858 977 865 990 ,

83 1003 214 1038 συντρίϐει
232 1003 280 1033 τὰς
306 1003 427 1033 πλάκας,
453 1002 486 1033 ἃς
508 1001 598 1028 θεόθεν
615 1001 757 1035 ἐκόμιζεν·
777 1001 814 1032 ὡς
833 1001 865 1028 ἂν

81 1048 126 1074 τοῦ
144 1048 377 1083 πλημμελήματος
394 1048 471 1080 ἀξίαν
489 1047 538 1081 τὴν
552 1047 684 1082 τιμωρίαν
703 1047 844 1081 ὑπόσχοιεν
856 1067 862 1079 ,
881 1040 901 1067 Β

80 1095 129 1129 ’τῆς
143 1095 263 1129 θεοδόχου
284 1094 393 1129 χάριτος
409 1093 618 1128 ἁμοιρήσαντες.
639 1091 706 1118 Εἶτα
722 1093 760 1127 τῷ
777 1093 866 1127 ἐμφυ-

81 1139 129 1174 λίῳ
145 1140 241 1174 αἵματι
256 1139 299 1166 διὰ
315 1139 369 1164 τῶν
385 1137 504 1164 Λευῖῖῶν
520 1137 670 1172 καθαρίσας
685 1137 714 1163 τὸ
729 1138 804 1171 ἄγος,
822 1138 868 1164 καὶ

81 1185 118 1219 τῷ
139 1185 196 1220 ἰδίῳ
218 1183 306 1219 θυμῷ,
324 1183 362 1218 τῷ
382 1182 453 1210 κατὰ
466 1182 519 1209 τῶν
538 1182 820 1217 πεπλημμεληκότων,
837 1183 868 1209 τὸ

922 418 1046 452 indigens
1064 418 1114 449 rei,
1132 418 1233 452 quibus
1252 418 1302 444 hoc
1329 425 1428 452 corpus
1453 422 1632 451 sustentatur,
1658 419 1706 445 im-

922 462 1030 488 mortali
1047 462 1101 488 vita
1116 463 1167 489 sub
1183 463 1228 488 illa
1243 462 1358 497 caligine
1375 462 1479 497 Moyses
1499 463 1611 493 viveret,
1627 463 1705 497 quasi

921 509 1008 542 pueri,
1025 516 1087 535 eum
1104 508 1240 542 paedagogi
1258 516 1311 534 non
1337 508 1445 539 adsunt,
1462 507 1501 534 sic
1527 509 1642 542 populus
1659 508 1705 535 ad-

920 560 1017 579 versus
1034 552 1124 578 Aaron
1137 552 1301 584 concitatus,
1315 552 1421 587 impulit
1435 560 1507 583 eum,
1523 557 1552 578 ut
1568 553 1601 579 ad
1620 553 1705 580 simu—

909 597 1025 624 'lacrum
1044 605 1157 625 aureum
1176 598 1342 626 adorandum
1359 598 1413 625 dux
1433 599 1472 625 eis
1490 598 1579 631 ﬁeret;
1593 599 1705 625 simula-

920 651 997 670 crum
1011 647 1100 670 autem
1115 644 1216 671 vitulus
1232 648 1300 671 erat.
1332 644 1422 676 Quare
1453 644 1572 671 oﬂ'ensus
1597 644 1703 680 Moyses

920 688 1043 722 perrupit
1059 688 1178 719 tabulas,
1193 695 1226 714 ne
1242 688 1267 714 in
1284 687 1408 714 homines
1424 687 1551 722 indignos
1570 692 1644 715 tanta
1660 696 1704 716 res

919 733 1079 765 deveniret;
1098 732 1194 760 deinde
1219 732 1320 760 Levitis
1347 733 1617 764 :ulministrantibus,
1653 733 1703 759 tri-

919 778 1024 805 bulium
1039 779 1170 812 sanguine
1187 779 1276 805 scelus
1292 778 1420 812 expiavit,
1444 778 1622 805 simulacrum
1637 785 1704 805 con-

919 823 1004 854 trivit,
1020 831 1138 858 cumque
1153 831 1202 850 sua
1219 823 1370 855 iracundia,
1386 831 1438 857 qua
1460 823 1487 850 in
1502 831 1549 850 eos
1573 824 1619 858 qui
1637 831 1704 859 .pec-

919 873 1024 900 carant,
1044 873 1194 902 exarserat,
1210 868 1293 895 Deum
1310 869 1454 903 propitium
1475 869 1646 898 reddidisset.
1666 870 1703 896 ita

919 919 1014 938 rursus
1030 911 1207 946 quadraginta
1239 911 1344 938 dierum
1372 913 1460 946 spatio
1485 912 1592 939 tabulas
1614 919 1628 939 a
1649 912 1704 940 Deo

919 956 1090 990 impetrarit:
1119 964 1188 991 quas
1215 957 1272 991 ipse
1302 956 1409 991 quidem
1442 959 1609 992 composuit,
1633 957 1704 985 Deus

918 1007 1005 1029 autem
1026 1003 1193 1036 perscripsit.
1213 1001 1267 1029 Has
1283 1010 1379 1030 rursus
1393 1003 1490 1037 accipit
1501 1011 1561 1030 cum
1575 1007 1701 1030 naturam

917 1047 942 1074 in
962 1052 1036 1087 tanto
1052 1048 1155 1074 dierum
1173 1055 1285 1074 numero
1307 1048 1479 1079 excessisset,
1506 1049 1557 1075 alia
1584 1050 1700 1084 quadam

917 1093 1023 1119 ratione
1050 1094 1182 1127 nobisque
1211 1093 1319 1120 insolita
1350 1094 1431 1121 vitam
1457 1095 1614 1127 traducens,
1637 1095 1701 1122 dum

917 1138 984 1164 nihil
999 1146 1102 1171 eorum,
1113 1146 1173 1172 qum
1188 1142 1313 1165 naturam
1326 1138 1494 1167 deﬁcientem
1514 1140 1575 1168 cibo
1595 1144 1703 1168 susten-

918 1188 986 1215 tant,
1003 1184 1029 1210 in
1044 1192 1094 1211 suo
1111 1192 1225 1219 corpore
1237 1184 1356 1212 admisit.

79 1231 153 1257 Θεῖον
165 1230 343 1264 ἰλεωσάμενος
354 1249 361 1259 ,
381 1229 440 1255 τότε
458 1228 564 1254 εἴδωλον
581 1227 760 1262 ἐξαφανίσας·
783 1227 854 1254 οὕτω
871 1228 950 1255 πάλιν
969 1230 997 1256 ἐν
1014 1230 1217 1264 τεσσαράκοντα
1231 1230 1341 1265 ἡμερῶν
1355 1229 1516 1265 προσεδρείᾳ
1530 1230 1579 1262 τὰς
1597 1230 1703 1263 πλάκας

80 1275 230 1310 κομίζεται,
245 1272 282 1302 ὧν
302 1276 319 1311 ὴ
338 1275 429 1310 Γραφῇ
450 1275 508 1311 μὲν,
527 1275 558 1300 ὲκ
573 1274 646 1305 Θείας
661 1273 801 1308 δυνάμεως
821 1272 871 1309 ἦν,
894 1276 910 1309 ἡ
933 1275 961 1301 δὲ
978 1274 1026 1310 ὕλη
1050 1275 1094 1301 διὰ
1111 1275 1160 1310 τῆς
1184 1275 1302 1307 Μωσέως
1322 1274 1459 1310 ὲξησκήθη
1479 1275 1579 1310 χειρός.
1597 1275 1703 1308 Ταύτας

80 1323 221 1358 κομίζεται
235 1321 331 1353 πάλιν,
345 1321 429 1352 ἐκϐὰς
449 1321 497 1355 τὴν
517 1320 597 1355 φύσιν
621 1321 650 1345 ὲν
669 1320 707 1355 τῷ
732 1320 851 1355 τοσούτῳ
867 1321 919 1346 τῶν
934 1321 1044 1356 ἡμερῶν
1063 1320 1187 1356 ἀριθμῷ,
1206 1321 1283 1347 ἄλλον
1305 1320 1365 1347 τινὰ
1386 1321 1500 1355 τρόπον,
1516 1321 1563 1347 καὶ
1576 1321 1606 1347 οὐ
1633 1321 1704 1348 κατὰ.
1731 1318 1735 1324 ’

79 1369 125 1395 τὸν
147 1368 339 1403 νενομισμένον
363 1368 441 1402 ἡμῖν,
460 1366 604 1401 βιοτεύων·
633 1366 708 1392 οὐδὲν
722 1366 775 1392 τῶν
791 1366 1023 1403 ύποστηριζόντων
1045 1367 1088 1394 διὰ
1106 1368 1156 1403 τῆς
1174 1368 1276 1403 τροφῆς
1293 1367 1322 1393 τὸ
1339 1367 1389 1402 τῆς
1401 1367 1508 1402 φύσεως
1522 1368 1598 1403 ήμῶν
1615 1367 1703 1399 ἐνδεὲς

78 1414 118 1450 τῷ
137 1415 193 1449 ἰδίῳ
214 1413 317 1449 σώματι
341 1413 564 1449 προσδεξάμενος.

115 1460 170 1486 Καὶ
183 1459 269 1490 οὕτως
289 1459 380 1490 αὐτοῖς
397 1459 445 1494 τήν
463 1467 492 1485 τε
511 1460 613 1495 σκηνὴν
629 1460 756 1495 ἐπήξατο,
775 1461 822 1487 καὶ
837 1461 870 1487 τὰ

78 1505 183 1540 νόμιμα
198 1504 385 1540 παρατίθεται,
405 1505 452 1540 τὴν
471 1505 618 1541 ἱερωσύνην
628 1527 634 1538 ,
649 1506 719 1533 κατὰ
731 1507 780 1542 τὴν
794 1515 870 1541 γενο-

81 1551 164 1586 μένην
177 1549 249 1584 αὑτῷ
261 1549 353 1576 θεόθεν
364 1550 534 1576 διδασκαλίαν
551 1552 801 1587 καταστησάμενος.
814 1552 870 1578 Καὶ

79 1596 173 1630 ἐπειδὴ
186 1595 286 1626 πάντα,
304 1595 373 1622 κατὰ
389 1596 439 1631 τὴν
450 1595 524 1622 θείαν
536 1596 682 1632 ὑφήγησιν,
698 1596 742 1623 διὰ
752 1597 800 1632 τῆς
813 1597 869 1623 ὑλι-

79 1642 130 1677 κῆς
153 1641 332 1677 δημιουργίας
358 1642 594 1668 κατεσκευάσατον
614 1643 664 1678 τὴν
689 1643 805 1678 σκηνὴν.
833 1642 868 1670 τὰ

79 1687 248 1723 προπύλαια.
265 1687 298 1714 τὰ
315 1687 389 1718 ἐντὸς
412 1687 510 1718 πάντα,
527 1687 560 1713 τὰ
580 1687 756 1722 θυμιατήρια.
774 1687 867 1714 θυσια-

79 1733 205 1767 στήριον.
227 1731 353 1766 λυχνίαν,
377 1732 625 1767 παραπετάσματα,
644 1732 673 1758 τδ
692 1732 746 1758 τῶν
763 1732 867 1759 ἀδύτων

78 1778 155 1808 ἐντὸς
173 1777 336 1813 ἱλαστήριον,
355 1777 400 1803 τὸν
413 1776 461 1811 τῆς
479 1777 627 1811 ἱερωσύνης
645 1777 755 1811 κόσμον,
768 1776 799 1802 τὸ
815 1774 866 1811 μυ-

79 1831 143 1858 ρον,
164 1823 214 1854 τὰς
231 1822 373 1858 διαφόρους
402 1822 569 1857 ἱερουργίας,
598 1823 631 1848 τὰ
655 1821 806 1856 καθάρσια,
833 1822 867 1848 τὰ

78 1869 261 1904 χαριστήρια,
283 1869 317 1894 τὰ
334 1867 387 1893 τῶν
409 1868 502 1894 κακῶν
523 1868 703 1903 ἀποτρόπαια,
720 1868 754 1894 τὰ
767 1869 795 1894 ἐν
813 1869 867 1899 τοῖς
881 1861 902 1890 C

79 1908 314 1949 ¹πλημμεληθεῖσιν
339 1913 498 1948 ἰλεωτήρια,
519 1914 606 1939 πάντα
624 1913 692 1940 κατὰ
714 1913 759 1939 τὸν
775 1913 868 1940 δέοντα

77 1960 196 1996 τρόπον,
216 1961 244 1986 ὲν
265 1959 356 1990 αὐτοῖς
370 1959 512 1992 διατάξας’
535 1959 658 1994 ἐκίνησεν
684 1959 713 1984 ἐν
739 1960 795 1990 τοῖς
809 1960 869 1985 ὲπι-

77 2005 196 2040 τηδείοις
208 2005 254 2031 τὸν
271 2004 366 2038 φθόνον
381 2004 441 2030 καθ’
452 2004 558 2035 ἑαυτοῦ,
577 2004 607 2030 τὸ
623 2004 752 2038 συγγενὲς
769 2005 801 2039 τῇ
817 2004 868 2039 φύ-

79 2061 122 2078 σει
138 2050 193 2077 τῶν
212 2049 364 2086 ἀνθρώπων
379 2049 565 2085 ἀρρώστημα·
582 2049 620 2080 ὡς
634 2050 681 2076 καὶ
696 2049 741 2075 τὸν
763 2049 867 2085 ’Δαρὼν

77 2099 138 2130 ταῖς
153 2098 245 2132 τιμαῖς
260 2097 309 2131 τῆς
327 2095 476 2132 ἱερωσύνης
490 2095 654 2131 τιμώμενον,
671 2096 718 2122 καὶ
730 2096 777 2130 τὴν
792 2096 868 2122 ἀδελ-

79 2144 134 2178 φὴν
147 2143 229 2169 αὐτοῦ
252 2142 365 2178 Μαριὰμ
375 2162 381 2174 ,
399 2143 547 2178 ζηλοτυπίᾳ
566 2142 618 2169 τινὶ
633 2141 868 2177 γυναικωδεστέρᾳ

80 2190 149 2224 πρὸς
163 2189 211 2224 τὴν
228 2190 376 2224 γενομένην
392 2188 465 2223 αὐτῷ
488 2189 578 2215 θεόθεν
598 2189 679 2224 τιμὴν
695 2187 868 2223 ὑποκινηθεῖο

79 2242 146 2266 σαν,
171 2233 335 2267 φθέγξασθαί
356 2241 382 2259 τι
406 2233 535 2264 τοιοῦτον,
553 2233 595 2266 ἐφ’
615 2229 636 2266 ᾧ
651 2232 820 2268 παρεκινήθη
837 2232 868 2258 τὸ

77 2279 156 2305 θεῖον
175 2280 214 2309 εἰς
237 2279 286 2313 τὴν
311 2278 358 2304 τοῦ
375 2278 607 2313 πλημμελήματπ
632 2278 752 2305 κόλασιν.
784 2277 868 2304 Ἔνθα

78 2324 111 2359 δὴ
127 2325 174 2351 καὶ
191 2325 271 2351 πλέον
284 2333 309 2350 τι
326 2323 475 2358 θαυμάζειν
489 2324 563 2356 ἀξιον
577 2324 626 2357 τῆς
636 2323 812 2355 ἀνεξικακίας
823 2323 867 2349 τὸν

79 2369 192 2402 Μωσέα,
209 2370 250 2396 ὅτι
269 2369 315 2396 τοῦ
333 2369 399 2396 Θεοῦ
413 2370 462 2405 τὴν
475 2369 570 2403 ἄλογον
586 2369 733 2404 βασκανίαν
747 2369 793 2395 τοῦ
818 2378 866 2402 γυ-

79 2416 157 2442 ναίου
179 2415 353 2447 κολάζοντος,
370 2415 545 2450 ἰσχυροτέραν
561 2415 609 2450 τὴν
627 2415 707 2449 φύσιν
720 2415 768 2448 τῆς
784 2415 871 2450 ὀργῆς

79 2459 280 2495 ποιησάμενος,
298 2459 343 2485 τὸν
362 2459 427 2485 Θεὸν
448 2460 518 2494 ὑπὲρ
533 2460 582 2494 τῆς
596 2459 712 2493 ἀδελφῆς
728 2459 866 2485 ἰλεώσατο.

78 2505 135 2531 Τοῦ
151 2505 179 2531 δὲ
193 2504 310 2540 πλήθους
321 2504 400 2531 πάλιν
418 2505 457 2536 εἰς
471 2505 582 2536 ἀταξίαν
597 2504 746 2540 τραπέντος
758 2504 766 2538 (
777 2505 869 2539 ἠγεῖτο

958 1461 1002 1488 Sic
1018 1462 1100 1497 igitur
1114 1462 1167 1488 illis
1185 1461 1390 1488 tabernaculum
1414 1460 1567 1494 aediﬁcavit,
1583 1465 1610 1489 et
1635 1461 1702 1497 legis

918 1511 1051 1542 praacepta
1068 1507 1190 1539 tradidit,
1208 1507 1357 1534 constituto
1374 1513 1422 1541 pro
1444 1506 1576 1541 inspirata
1593 1507 1644 1534 sibi
1661 1507 1703 1534 di-

919 1553 1021 1580 vinitus
1044 1552 1169 1579 doctrina
1199 1552 1367 1581 sacerdotio;
1388 1555 1416 1578 et
1444 1556 1586 1586 postquam
1611 1553 1703 1579 omnia

918 1603 998 1634 prout
1018 1606 1032 1625 a
1052 1598 1105 1625 Deo
1117 1598 1235 1625 monitus
1249 1601 1318 1628 erat,
1342 1596 1473 1623 materiali
1490 1596 1598 1632 opiﬁcio
1614 1597 1703 1632 perfe-

919 1645 966 1675 cit,
983 1644 1198 1674 tabernaculum,
1213 1642 1343 1670 vestibula
1359 1645 1456 1668 cuncta
1479 1641 1618 1673 interiora,
1637 1642 1701 1669 thu-

919 1689 1017 1721 ribula,
1042 1690 1138 1720 altare,
1167 1688 1371 1720 candelabrum,
1389 1687 1466 1718 vela,
1485 1687 1701 1721 propitiatorium

919 1735 946 1762 in
964 1735 1063 1770 adytis,
1079 1733 1223 1761 sacerdotii
1239 1737 1375 1764 ornatum,
1390 1733 1493 1759 varium
1505 1732 1701 1759 sacriﬁciorum

918 1780 1039 1812 modum,
1053 1780 1135 1806 alium
1152 1779 1179 1806 in
1197 1778 1396 1813 purgationem,
1425 1777 1505 1803 alium
1534 1777 1561 1803 in
1589 1776 1702 1811 agendis

918 1824 1023 1859 gratiis,
1039 1824 1120 1850 alium
1137 1823 1168 1849 ad
1181 1823 1327 1850 avertenda
1341 1822 1410 1848 mala
1425 1821 1603 1853 imminentia,
1617 1821 1701 1848 alium

919 1868 952 1894 ad
969 1868 1102 1902 expianda
1116 1871 1245 1902 peccata;
1263 1867 1319 1893 laac
1336 1866 1427 1893 omnia
1442 1870 1584 1900 postquam
1600 1866 1701 1901 optime

920 1913 1033 1948 perfecit
1056 1917 1136 1948 atque
1163 1912 1314 1943 constituit,
1333 1919 1443 1938 suorum
1463 1919 1607 1946 perpessus
1631 1911 1702 1939 invi-

919 1958 990 1985 diam
1006 1962 1061 1989 est,
1087 1957 1158 1992 quod
1179 1957 1273 1984 vitium
1303 1956 1428 1984 humana:
1456 1962 1559 1983 natura:
1578 1957 1700 1985 innatum

919 2010 970 2036 est,
993 2004 1063 2030 sicut
1079 2008 1105 2030 et
1121 2005 1221 2035 Aaron,
1244 2003 1290 2037 qui
1310 2003 1470 2030 sacerdotali
1492 2002 1580 2030 fuerat
1599 2003 1701 2030 honore

919 2049 1108 2082 decoratus,et
1134 2056 1212 2076 soror
1238 2048 1297 2083 ejus
1321 2047 1402 2075 Maria
1426 2048 1557 2083 zelotypia
1584 2048 1699 2083 quadam

919 2095 1197 2124 muliebri,commota
1211 2093 1246 2121 ob
1265 2093 1383 2120 delatum
1401 2093 1438 2120 illi
1467 2094 1596 2121 honorem
1614 2101 1629 2120 a
1645 2093 1701 2121 Deo

919 2139 1057 2174 quidpiam
1073 2140 1206 2174 prolocuti
1224 2139 1333 2170 fuerint,
1348 2146 1402 2173 quo
1419 2139 1509 2166 divina
1524 2139 1563 2166 ira
1579 2146 1700 2166 commo-

919 2190 947 2212 ta
962 2186 1080 2213 velocem
1095 2185 1188 2212 intulit
1204 2184 1371 2219 punitionem
1387 2193 1393 2211 :
1413 2192 1465 2219 qua
1482 2185 1508 2211 in
1541 2191 1570 2211 re
1589 2183 1700 2211 mirabi-

919 2230 954 2258 lis
970 2231 1123 2262 clementia,
1147 2229 1323 2264 inauditaque
1336 2229 1516 2256 mansuetudo
1544 2229 1628 2264 Moysi
1644 2230 1700 2256 visa

919 2282 971 2304 est.
990 2275 1048 2302 Non
1067 2276 1139 2302 enim
1150 2276 1237 2302 solum
1258 2276 1343 2302 iratus
1360 2275 1488 2302 invidenti
1505 2283 1558 2303 non
1576 2275 1634 2308 fuit,
1653 2276 1701 2303 sed

921 2321 1003 2349 Deum
1022 2322 1104 2348 etiam
1120 2321 1292 2348 orationibus
1307 2321 1395 2349 sorori
1411 2322 1557 2356 propitium
1575 2321 1700 2349 reddidit.

920 2367 986 2394 Cum
1000 2375 1064 2394 vero
1078 2367 1225 2394 multitudo
1240 2368 1379 2402 voluptate
1404 2369 1473 2394 victa
1499 2375 1595 2394 carnes
1621 2367 1703 2395 edere

920 2413 1098 2444 desideraret,
1114 2413 1265 2448 meliusque
1280 2421 1310 2441 se
1332 2414 1359 2440 in
1382 2413 1500 2448 Egyplo
1516 2413 1628 2444 vixisse.
1655 2412 1701 2439 ubi

920 2460 1049 2487 carnibus
1064 2460 1229 2492 abundabat,
1247 2467 1328 2494 quam
1344 2459 1446 2486 caelesti
1462 2459 1522 2486 cibo
1544 2459 1570 2485 in
1594 2457 1702 2485 deserto

921 2506 1090 2540 prmdicaret,
1109 2510 1174 2532 tunc
1189 2505 1243 2532 Deo
1258 2505 1364 2540 Moyses
1377 2512 1432 2532 rem
1452 2503 1608 2536 commisit;
1631 2502 1703 2530 Deus

78 2551 107 2577 δὲ
135 2551 185 2585 τῆς
201 2549 389 2585 πλημμελείας
411 2551 426 2585 ἡ
446 2550 499 2576 τῶν
524 2549 594 2576 κατὰ
618 2549 739 2584 γαστέρα
767 2549 867 2584 ἡδονῶν

923 2558 986 2577 Vero
999 2550 1066 2576 mira
1082 2549 1255 2576 multitudine
1275 2557 1338 2576 aves
1353 2557 1401 2583 per
1422 2549 1521 2576 stativa
1548 2547 1703 2575 Judazornm

77 2597 212 2632 ἀμετρία.
231 2593 271 2627 οἷς
293 2597 342 2622 οὐκ
364 2596 444 2631 ἢρκει
456 2595 486 2622 τὸ
499 2595 548 2631 ζῇν
562 2595 687 2629 ὑγιεινῶς
701 2604 730 2621 τε
743 2595 788 2621 καὶ
802 2595 866 2621 ἀλύ-

78 2651 140 2674 πως
154 2643 185 2668 ὲκ
200 2642 248 2676 τῆς
265 2641 367 2668 ἄνωθεν
384 2642 563 2676 ἐπιρρεούσης
574 2642 675 2676 τροφῆς
686 2649 692 2654 ·
710 2641 766 2667 ἀλλ’
783 2642 798 2675 ὴ
814 2641 866 2667 τῶν

78 2687 193 2724 σαρκῶν
208 2687 349 2721 ἐπιθυμία,
361 2687 407 2712 καὶ
423 2688 436 2713 ὀ
448 2687 497 2721 τῆς
509 2686 676 2721 κρεωῦορίας
689 2686 767 2717 πόθος
794 2695 867 2721 προ-

82 2734 229 2769 τιμοτέραν
247 2732 333 2759 ἐποίει
348 2731 401 2758 τῶν
424 2731 566 2766 παρόντων
586 2732 676 2761 αὐτοῖς
694 2730 803 2764 ἀγαθῶν
818 2731 866 2766 τὴν

78 2781 148 2808 παρ’
170 2779 326 2813 Αἰγυπτίοις
346 2778 495 2812 δουλείαν),
511 2778 525 2803 ὁ
540 2777 588 2812 μὲν
603 2776 737 2803 κοινοῦται
753 2776 790 2811 τῷ
807 2777 867 2812 Θεῷ

920 2596 1149 2623 circumvolantes
1162 2597 1293 2630 gregatim
1311 2595 1350 2622 sic
1368 2595 1490 2627 immisit,
1508 2598 1538 2621 ut
1558 2594 1702 2628 aucupium

920 2645 990 2668 esset
1009 2641 1177 2668 facillimum.
1191 2641 1311 2673 Quarum
1329 2640 1453 2674 carnium
1468 2640 1581 2666 nimium
1598 2639 1703 2673 repleti,

921 2686 946 2712 in
966 2687 1075 2714 morbos
1093 2686 1264 2718 deciderunt,
1297 2686 1450 2719 mortuique
1467 2693 1521 2712 non
1539 2684 1617 2718 pauci
1642 2683 1703 2710 fue-

920 2736 983 2758 runt
996 2742 1002 2758 :
1021 2740 1081 2766 quae
1099 2740 1144 2759 res
1160 2731 1278 2758 residuis
1291 2731 1415 2764 exemplo
1428 2730 1460 2756 ad
1472 2729 1631 2756 modestiam
1642 2727 1704 2754 fuit.

920 2777 1115 2812 Exploratores
1131 2776 1228 2804 deinde
1248 2775 1281 2803 ad
1300 2774 1490 2810 promissionis
1517 2778 1614 2800 terram
1642 2772 1705 2799 mit-
