1977 3071
263 108 316 136 ὅΞδ

884 95 912 122 S.
932 94 1097 123 GREGORII
1117 91 1263 120 NYbSENl

1829 84 1882 115 3'24

263 167 368 194 tuntur,
381 159 428 196 qui
442 157 544 186 reversi
575 163 629 184 non
659 155 731 182 idem
758 161 863 186 omnes,
897 153 943 180 sed
972 153 1047 179 multi

1111 152 1165 186 τερὶ
1189 149 1236 176 τοῦ
1263 147 1486 183 κατασκήψαντος
1513 146 1541 173 ἐν
1567 146 1658 177 αὐτοῖς
1683 145 1802 176 πάθως’
1821 146 1836 172 ὀ
1855 145 1882 172 δι

263 216 333 244 pene
361 204 556 241 impossibilem‘
582 209 643 230 esse
667 200 810 228 transitum
839 199 1044 226 nuntiaverunt.

264 253 341 281 Unde
357 259 454 280 rursus
468 248 612 277 multitudo
623 247 753 274 adversus
775 245 884 280 Moysen
909 247 1047 270 commota

264 300 324 332 fuit,
340 298 473 331 multique
484 296 664 329 desperarunt
677 300 706 320 se
717 299 794 326 posse
808 291 872 316 illuc
886 289 1027 324 pervenire
1039 296 1047 315 τ

263 345 309 380 qui
336 351 430 371 omnes
456 341 548 369 divino
566 338 670 374 judicio
701 335 883 368 condemnati,
910 341 942 361 ea
968 340 1048 368 poena

265 389 388 418 mulctati
413 391 487 418 sunt,
512 390 542 412 ut
560 383 723 419 promissam
753 382 805 409 sibi
831 381 969 415 regionem
995 386 1048 406 non

264 437 398 464 viderent.
412 432 620 460 Proficiscentes
639 433 729 456 autem
750 435 798 462 per
822 427 971 457 desertum,
987 432 1049 452 cum

264 489 361 510 rursus
376 487 453 514 aquae
471 477 583 511 penuria
599 479 799 510 premerentur,
817 481 868 500 nec
892 473 975 500 ullam
1001 472 1051 498 mi-

265 528 421 555 raculorum
441 523 487 551 Dei
513 525 637 549 tenerent
655 520 825 550 memoriam,
845 523 900 545 tum
919 518 1051 545 adversus

265 574 378 608 Moysen
395 570 477 604 impie
492 566 699 595 conclamabant
713 575 719 592 :
747 565 787 591 Sic
802 568 832 590 ut
852 563 957 598 Moyses
984 570 1052 597 quo—

266 607 319 653 que
333 617 408 644 vigus
426 614 509 641 fuerit
525 620 578 639 una
592 618 654 637 cum
673 609 764 644 populi
789 607 977 634 incredulitate
1000 608 1052 633 im-

267 651 382 699 pegisse.
404 660 594 687 Verumtamen
610 663 641 682 ex
659 659 798 681 acrotomo
821 653 867 679 illo
890 651 977 687 lapide
991 659 1053 678 rur-

268 696 316 737 sus
332 707 419 733 fontes
448 709 581 738 aquarum
615 701 682 727 mire
712 697 849 734 produxit.
871 696 938 723 Cum
963 700 1052 722 autem

267 759 366 780 rursus
382 749 437 776 illis
450 748 574 775 ciborum
589 745 713 779 voluptas
736 743 804 777 gulae
818 741 994 776 cupiditatem
1007 748 1054 766 ex-

269 798 392 827 citasset,
418 799 446 822 et
474 793 556 819 nullis
572 791 654 818 rebus
681 789 713 815 ad
742 789 824 814 vitam
847 785 1053 813 sustentandam

269 841 432 871 necessariis
447 837 580 868 destituti.
605 834 779 870 Aigyptiacas
804 832 899 867 epulas
924 830 1052 865 cxpetiis-
1070 819 1091 847 Β

270 891 342 919 sent,
356 885 570 919 morejuvcnum
588 881 741 916 petulanter
754 886 783 906 se
800 877 951 913 gerentium
966 875 1054 910 flagel-

261 934 304 961 'lis
327 932 504 965 castigantur.
529 926 712 960 Quamobrem
744 928 883 958 serpentes
909 922 1053 949 venenosis

271 977 408 1006 morsibus
424 973 556 1001 divinitus
570 971 611 998 eis
626 969 741 997 immissi
755 978 761 995 :
774 975 890 1002 cumque
901 967 991 1001 plures
1004 966 1054 992 hoc

271 1023 352 1050 modo
364 1022 390 1048 in
404 1020 462 1047 dies
475 1015 703 1053 perirent;divino
717 1013 797 1040 nixus
807 1011 931 1042 consilio,
941 1010 1055 1044 Moyses,

271 1075 310 1095 ass
325 1067 352 1093 iu
372 1065 508 1100 serpentis
521 1062 643 1090 confudit
662 1061 787 1095 ﬁguram,
805 1065 886 1092 quam
904 1057 930 1083 in
953 1055 1058 1082 tumulo

271 1113 388 1149 quodam
401 1110 529 1146 imposuit
542 1118 548 1136 :
559 1108 704 1142 iussitque.
713 1109 742 1131 ut
755 1103 910 1139 quicunque
925 1101 1058 1135 serpentis

272 1147 364 1187 morsu
379 1157 548 1187 laborarent,
567 1154 594 1180 in
607 1158 707 1180 areum
727 1153 877 1184 serpentem
892 1147 1057 1182 aspicerent,

274 1209 353 1240 atque
368 1204 405 1230 ita
422 1201 581 1237 pestiferum
598 1207 632 1225 cx
649 1204 742 1224 morsu
760 1199 916 1230 serpentum
933 1193 1057 1219 morbum

273 1237 386 1284 fuéavit.
401 1246 618 1274 lmmittebantur
635 1243 707 1270 enim
720 1250 753 1268 ex
767 1241 827 1267 visu
844 1239 922 1273 quasi
935 1237 1058 1264 antidota

273 1294 397 1330 quaedam
413 1293 440 1319 in
455 1299 565 1326 corpus,
579 1289 650 1324 quod
666 1286 833 1322 serpentium
853 1290 955 1310 venena
978 1282 1060 1309 imbe-

275 1326 380 1367 cilliora
396 1336 537 1367 reddebat,
554 1341 634 1369 quam
652 1337 681 1359 ut
706 1333 818 1367 possent
843 1328 968 1356 homines
987 1326 1060 1354 occi-

275 1387 350 1413 dere.

1097 195 1217 222 παιδεύει
1227 214 1234 226 ,
1250 193 1280 220 τὸ
1295 193 1332 228 μὴ
1346 193 1400 219 δεῖν
1413 192 1498 223 οὕτως
1514 192 1596 227 ἔχειν,
1611 191 1655 217 διὰ
1671 190 1716 217 τοῦ
1731 190 1821 216 δοῦναι
1836 199 1882 216 τυ-

1097 243 1157 275 χεῖν
1173 237 1210 267 ὧν
1223 240 1340 274 ἐφίεντο,
1355 238 1455 274 ὀρνέων
1469 247 1494 264 τι
1509 237 1620 271 πλῆθος,
1636 236 1779 271 πρόσγειον
1794 244 1884 262 ποιου-

1096 286 1186 321 μένων
1208 285 1257 320 τὴν
1276 284 1386 319 πτῆσιν,
1404 282 1479 318 ἐφεὶς
1501 281 1539 317 τῷ
1562 281 1733 316 στρατοπέδῳ
1752 281 1884 316 νεφηδὺν,

1099 331 1145 358 καὶ
1160 331 1220 357 κατ’
1244 329 1344 363 ἀγέλας
1362 327 1545 362 ἐφίπτασθαι,
1566 328 1608 361 ἐφ’
1630 323 1667 352 ὧν
1680 327 1696 361 ή
1710 326 1818 352 εὐκολία
1837 326 1885 360 τῆς

1099 377 1185 412 ἄγρας
1196 398 1202 408 ,
1221 376 1261 407 είς
1277 376 1356 410 κόρον
1376 375 1425 409 τὴν
1443 374 1531 409 κρεῶν
1547 373 1695 408 ἐπιθυμίαν
1719 374 1884 407 προήγαγεν.

1105 422 1136 448 Ἢ
1155 422 1182 448 δὲ
1199 421 1314 456 ἀμετρία
1331 420 1380 455 τῆς
1395 419 1521 455 βρώσεως
1539 417 1645 453 ἀθρόως
1661 418 1752 449 αὑτοῖς
1767 417 1816 448 τὰς
1832 417 1885 442 τῶν

1101 466 1232 501 σωμάτων
1260 464 1371 500 κράσεις
1398 465 1438 495 είς
1479 463 1658 498 φθοροποιοὺς
1689 463 1792 497 χυμοὺς
1823 470 1884 496 μετ-

1100 510 1244 542 εσκεύασε,
1260 509 1307 535 καὶ
1318 510 1334 544 ή
1352 508 1493 542 πλησμονὴ
1508 508 1598 538 αὐτοῖς
1611 508 1650 538 εἰς
1660 506 1739 532 νόσον
1750 507 1796 533 καὶ
1808 507 1886 533 θάνα-

1101 564 1146 582 τον
1161 554 1254 590 ἔληξεν
1265 574 1272 585 ,
1288 550 1325 580 ὧν
1340 553 1370 579 τὸ
1389 553 1540 587 ὑπόδειγμα
1556 552 1646 582 αὐτοῖς
1660 561 1689 578 τε
1705 552 1827 582 ἐκείνοις,
1841 551 1887 577 καὶ

1101 602 1156 632 τοῖς
1170 600 1238 636 πρὸς
1259 599 1380 629 ἐκείνους
1394 598 1510 633 ὁρῶσιν,
1527 597 1616 623 ίκανὺν
1632 598 1700 632 πρὸς
1713 597 1887 632 σωφροσύνην

1102 647 1219 680 ἐγένετο.
1236 642 1304 672 Εἶτα
1320 645 1487 671 κατάσκοποι
1503 644 1567 679 παρ’
1579 643 1661 670 αὐτοῦ
1675 643 1827 678 πέμπονται
1840 643 1888 677 τῆς

1102 691 1193 727 χώρας
1207 691 1329 730 ἐκείνης,
1350 690 1367 725 ἢ
1392 689 1461 716 κατὰ
1483 689 1557 715 θείαν
1571 689 1663 720 αὺτοῖς
1677 689 1841 722 ἐπαγγελίαν
1855 689 1884 714 ἐν

1103 736 1206 762 ἐλπίσιν
1234 733 1268 771 ἦν
1296 735 1346 769 τῆς
1369 735 1510 770 οἰκήσεως,
1539 733 1647 761 Τούτων
1669 734 1696 761 δὲ
1721 734 1757 770 μὴ
1782 735 1889 761 πάντων

1104 781 1207 816 τάληθῆ
1231 780 1483 814 καταγγειλάντων,
1507 780 1575 807 ἀλλά
1596 789 1676 806 τινων
1701 781 1734 807 τὰ
1748 780 1832 815 ψευδῆ
1844 780 1890 806 καὶ

1107 826 1255 862 σκυθρωπὰ
1286 827 1479 861 μηνυσάντων,
1509 826 1590 853 πάλιν
1620 828 1633 853 ὸ
1656 827 1719 858 λαὸς
1746 826 1779 853 δι’
1807 828 1890 862 ὀργῆς

1107 873 1223 899 ἐποιεῖτο
1243 872 1289 899 τὸν
1311 871 1422 899 Μωσέα.
1449 872 1477 898 ’0
1490 872 1518 898 δὲ
1533 873 1598 903 Θεὸς
1611 873 1672 904 τοὺς
1690 873 1889 903 ἀπελπίσαντας

1106 918 1154 953 τὴν
1167 918 1242 944 θείαν
1265 916 1432 952 συμμαχίαν,
1446 917 1477 943 τὺ
1493 918 1529 952 μὴ
1542 917 1605 944 ἰδεῖν
1618 917 1666 952 τὴν
1683 917 1890 952 ἐπηγγελμένην

1107 964 1198 995 αὐτοῖς
1221 963 1328 998 χώραν,
1347 963 1532 994 καταδικάζει.
1556 963 1706 998 Προῖόντων
1731 963 1758 989 δὲ
1783 963 1826 989 διὰ
1842 963 1890 997 τῆς

1109 1009 1224 1043 ἐρήμου,
1237 1008 1315 1034 πάλιν
1330 1008 1420 1040 αὐτοῖς
1433 1008 1601 1040 ἐπιλιπόντος
1616 1008 1662 1034 τοῦ
1679 1008 1786 1040 ὓδατος,
1806 1009 1851 1034 καὶ
1874 1009 1890 1042 ὴ

1112 1055 1204 1090 μνήμη
1226 1053 1350 1095 τῆςςτοῦ
1374 1053 1441 1080 Θεοῦ
1464 1053 1603 1088 δυνάμεως
1630 1054 1826 1088 συνεπέλειιζεεν.
1854 1054 1890 1079 Οὐ

1110 1099 1164 1134 γὰρ
1185 1098 1223 1133 τῷ
1243 1098 1404 1134 προλαϐόντι
1426 1098 1502 1133 παρὰ
1526 1098 1574 1133 τὴν
1589 1098 1692 1134 πέτραν
1715 1098 1848 1133 θαύματι,
1863 1098 1892 1124 τὸ

1114 1144 1180 1180 μηδὲ
1199 1144 1246 1170 νῦν
1272 1145 1362 1176 αὐτοῖς
1384 1144 1507 1179 ἐνδεῆσαι
1525 1144 1575 1179 τὴν
1599 1144 1692 1179 χρείαν
1716 1144 1890 1170 Exta-cauam;-

1113 1189 1170 1215 ἀλλ’
1192 1189 1358 1220 ἀποστάντες
1384 1189 1438 1215 τῶν
1464 1189 1652 1225 χρηστοτέρων
1681 1188 1813 1220 ἐλπίδων,
1835 1189 1892 1214 κατ’

1110 1234 1191 1261 αὐτοῦ
1202 1233 1248 1260 τοῦ
1262 1233 1329 1260 Θεοῦ
1344 1235 1390 1261 καὶ
1402 1234 1448 1260 τοῦ
1467 1234 1587 1266 Μωσέως
1598 1236 1657 1266 ταῖς
1672 1234 1814 1270 λοιδορίαις
1828 1234 1893 1269 ἑχώσ

1112 1289 1176 1315 ρουν
1186 1289 1193 1295 ·
1211 1280 1248 1311 ὡς
1268 1280 1315 1306 καὶ
1327 1281 1371 1306 τὸν
1385 1281 1486 1306 Μωσέα
1501 1280 1575 1312 δόξαι
1591 1282 1624 1316 τῇ
1643 1281 1756 1316 ἀπιστίᾳ
1769 1280 1814 1306 τοῦ
1830 1279 1893 1306 λαοῦ

1113 1325 1291 1358 συνοκλάσαι,
1309 1326 1378 1361 πλὴν
1391 1326 1470 1352 πάλιν
1489 1326 1578 1358 αὐτοῖς
1599 1326 1832 1361 θαυματοποιῆσαι
1846 1325 1894 1360 τὴν

1113 1371 1262 1406 ἁκρότομον
1284 1371 1391 1406 ἐκείνην
1416 1371 1518 1407 πέτραν
1536 1372 1575 1404 εἰς
1595 1372 1698 1398 ὑδάτων
1718 1372 1796 1406 φύσιν
1814 1379 1895 1406 μετα-

276 1431 399 1458 ϐαλόντα.
430 1428 472 1458 Ὠς
495 1426 523 1453 δὲ
541 1425 619 1452 πάλιν
642 1423 731 1454 αὐτοῖς
754 1422 770 1456 ἡ
795 1418 1001 1454 ἀνδραποδώδης
1029 1416 1083 1443 τῶν
1103 1415 1241 1451 ἐδωδίμων
1263 1416 1344 1452 ἡδονὴ
1369 1417 1416 1452 τὴν
1436 1417 1582 1450 ἐπιθυμίαν
1609 1418 1658 1452 τῆς
1680 1417 1896 1453 γαστριμαργίας

277 1475 422 1509 ἐπήγειρε,
435 1473 482 1499 καὶ
504 1470 558 1497 τῶν
583 1469 650 1504 πρὸς
670 1467 717 1502 τὴν
733 1466 804 1500 ζωὴν
827 1464 982 1498 ἀναγκαίων
1001 1460 1107 1492 οὐδενὸς
1123 1460 1329 1496 ὑστερούμενοι,
1350 1462 1395 1489 τὸν
1419 1463 1566 1497 Αίγύπτιον
1589 1463 1668 1498 κόρον
1687 1463 1895 1498 ὼνειροπόλουν·

277 1519 348 1547 κατά
371 1519 432 1550 τοὺς
459 1514 640 1545 ἀτακτοῦντας
660 1512 714 1539 τῶν
739 1511 824 1541 νέων,
846 1509 1036 1543 σφοδροτέραις
1062 1506 1296 1540 παιδαγωγοῦνται
1312 1509 1372 1539 ταῖς
1389 1508 1523 1543 μάστιξιν,
1541 1509 1626 1543 ὄφεων
1648 1509 1739 1540 αὐτοῖς
1758 1509 1827 1535 κατὰ
1848 1510 1897 1545 τὴν

279 1563 451 1600 παρεμὸολὴν
476 1559 661 1595 θανατηφόρον
685 1558 722 1584 ἰὸν
743 1556 927 1592 ἐμϐαλλόντων
942 1554 985 1580 διὰ
1009 1552 1054 1578 τοῦ
1077 1552 1225 1600 δήγματος.
1243 1553 1407 1589 Ἐπαλλήλον
1423 1555 1450 1581 δὲ
1466 1555 1610 1590 γινομένης
1626 1556 1658 1581 ἐκ
1672 1555 1724 1582 τῶν
1738 1555 1837 1591 θηρίων
1849 1556 1898 1590 τῆς

278 1612 424 1642 πτώσεως,
439 1610 498 1644 θείᾳ.
516 1607 651 1643 συμϐουλῇ
673 1603 861 1640 παρορμηθεὶς
880 1603 894 1629 ὁ
910 1600 1067 1636 νομοθέτης,
1085 1599 1184 1634 χαλκὸν
1208 1601 1236 1626 ὲν
1260 1600 1411 1636 ὁμοιώματι
1432 1602 1520 1636 ὄφεως
1531 1602 1606 1636 χέας,
1626 1602 1837 1636 ὑπερφαίνεσθαι
1851 1602 1898 1628 τοῦ

280 1655 457 1694 στρατοπέδου
474 1653 584 1683 παντὸς.
601 1651 648 1677 ἐπί
662 1658 733 1682 τινος
749 1648 843 1684 ὕψους,
861 1647 985 1681 ἐποίησε·
1004 1645 1050 1672 καὶ
1065 1644 1150 1676 οὕτως
1173 1644 1285 1680 ἔστησεν
1307 1647 1335 1672 ἐν
1358 1646 1397 1682 τῷ
1411 1647 1467 1682 λαῷ
1479 1647 1528 1682 τὴν
1542 1648 1574 1673 ἐκ
1595 1647 1648 1674 τῶν
1669 1647 1769 1682 θηρίων
1787 1647 1898 1681 φθοράν,

331 1704 385 1739 γὰρ
395 1702 462 1738 πρὸς
471 1700 519 1736 τὴν
532 1699 621 1726 εἰκόνα
634 1698 680 1724 τοῦ
695 1697 783 1731 ὄφεως
799 1696 848 1731 τὴν
867 1696 895 1722 ἐν
911 1694 950 1729 τῷ
964 1692 1056 1729 χαλκῷ
1075 1691 1195 1726 βλέπων,
1209 1693 1285 1720 οὐδὲν
1304 1694 1432 1722 ἐδεδοίκει
1448 1695 1494 1722 τοῦ
1513 1695 1596 1728 ὅντως
1613 1696 1700 1730 beam;
1714 1694 1760 1722 τοῦ
1773 1695 1900 1722 ἀληθινοῦ

280 1752 310 1780 τὸ
325 1752 432 1787 δῆγμα,
456 1749 484 1782 ἐξ
500 1746 673 1778 ἀντιπαθείας
690 1745 760 1776 τινος
783 1744 938 1779 ἀπορρήτου
956 1743 1005 1777 τῆς
1024 1741 1110 1775 Mrem;
1125 1741 1171 1767 τὸν
1194 1742 1231 1768 ἰὸν
1245 1743 1446 1779 ὰμόλυνούσης.

316 1798 425 1826 Rursus
441 1795 541 1831 populo
556 1796 583 1821 in
611 1801 672 1821 eum
688 1792 819 1820 seditione
845 1791 1012 1824 insurgentc,
1029 1795 1059 1814 ac

1147 1787 1231 1814 Πάλιν
1244 1788 1317 1824 αὐτῷ
1329 1790 1392 1825 περὶ
1406 1790 1456 1824 τῆς
1476 1790 1624 1825 ἡγεμονίας
1645 1789 1854 1820 ἐπαναστάσεως
1868 1790 1902 1816 ἐκ

281 1844 421 1873 nonnullis
434 1843 460 1870 in
477 1844 581 1876 seipsos
596 1839 746 1867 transferre
765 1837 961 1866 sacerdotalem
975 1834 1064 1869 digni-

281 1895 364 1918 tatem
382 1884 555 1916 conantibus.
575 1886 681 1922 Moyses
694 1884 803 1919 quidem
820 1890 869 1917 pro
885 1880 1062 1917 peccantibus

282 1936 395 1963 orabat:
412 1934 482 1961 Deus
497 1940 562 1960 vero
571 1940 625 1959 non
639 1935 668 1957 ut
680 1931 724 1957 ille
737 1930 845 1960 orabat,
857 1929 903 1955 sed
919 1932 946 1953 ut
959 1927 1064 1960 justum

283 1984 352 2012 erat,
373 1980 446 2006 hiatu
462 1983 542 2005 terrae
555 1984 651 2004 omnes
666 1975 824 2005 seditiosos.
838 1974 884 2007 qui
912 1973 938 1999 in
954 1971 1065 2006 Moysen

283 2026 501 2056 insurrexerunt,
516 2022 662 2056 absorpsit.
679 2020 730 2053 Qui
748 2024 838 2047 autem
857 2018 1002 2046 sacerdotii
1017 2024 1066 2043 cu—

283 2071 396 2107 piditate
409 2071 580 2099 exarserant,
603 2068 664 2102 igne
684 2066 795 2093 cremati
822 2065 932 2091 circiter
956 2063 1066 2090 ducenti

283 2123 312 2146 et
324 2114 535 2152 quinquaginta,
550 2113 673 2148 exemplo
689 2119 739 2139 suo
753 2114 867 2138 caateros
878 2109 992 2137 tribules
1003 2116 1068 2136 suos

284 2163 319 2190 ad
335 2168 429 2190 sanam
446 2163 563 2187 mentem
589 2159 765 2186 reduxerunt.
791 2155 890 2183 Verum
921 2160 951 2182 ut
974 2154 1066 2182 crede-

285 2212 346 2236 rent
367 2213 422 2234 non
435 2205 469 2232 ab
481 2205 650 2237 hominibus,
669 2204 716 2230 sed
730 2211 745 2230 a
765 2202 819 2229 Deo
839 2201 985 2229 sacerdotii
1005 2207 1068 2235 gra-

285 2257 350 2284 tiam
366 2252 490 2285 concedi,
512 2252 599 2286 virga,
622 2250 720 2277 litteris
734 2256 748 2275 a
764 2255 818 2283 quo
832 2251 905 2274 esset
927 2246 1017 2274 oblata
1031 2246 1070 2273 si-

285 2301 491 2338 gniﬁcantibus,
506 2307 555 2335 per
571 2304 792 2332 unamquamque
817 2296 916 2323 tribum
929 2297 1068 2329 assumpta

285 2352 338 2380 est,
358 2355 426 2383 quas
441 2349 469 2374 in
482 2346 582 2380 templo
595 2344 702 2379 Moyses
722 2344 847 2377 apposuit
861 2351 867 2368 :
898 2348 930 2368 ac
960 2344 1069 2375 postero

285 2394 330 2421 die
344 2393 506 2421 sententiam
521 2391 555 2419 de
567 2389 720 2418 sacerdotio
732 2389 777 2414 Dei
793 2387 920 2414 omnibus
933 2385 1068 2413 ostendit:

287 2441 344 2468 sola
358 2439 430 2467 enim
447 2439 536 2466 Aaron
564 2436 640 2471 virga
662 2434 763 2465 ﬂoruit,
784 2433 958 2466 fructumque
975 2431 1068 2459 edidit.

286 2485 345 2513 Nux
364 2489 454 2512 autem
469 2486 527 2511 erat
542 2482 659 2510 fructus.
685 2480 762 2513 Quod
781 2479 891 2514 quidem
906 2477 1067 2504 miraculum

286 2532 368 2559 etiam
382 2530 536 2558 infidelibus
551 2528 697 2556 maximum
712 2526 834 2553 omnium
848 2525 935 2551 visum
950 2527 1002 2560 est,
1015 2527 1070 2550 stu-

287 2577 414 2612 pentibus
437 2575 542 2603 scilicet
570 2573 706 2608 quomodo
734 2571 836 2598 siccum
861 2577 892 2596 ac
918 2569 1068 2601 lmvigatum

287 2623 402 2658 lignum,
419 2627 473 2649 tam
487 2628 572 2656 parvo
583 2619 715 2654 temporis
728 2617 816 2653 spatio
827 2615 934 2642 arboris
944 2618 1070 2641 naturam

287 2668 408 2703 suscepit
433 2671 515 2701 atque
533 2665 658 2700 perfecit.
683 2663 752 2690 Nam
781 2669 831 2696 pro
851 2661 952 2695 uligine
980 2664 1069 2692 terrae,

287 2723 337 2752 pro
350 2715 465 2747 cortice,
479 2717 528 2747 pro
559 2711 684 2741 humore,
705 2715 755 2744 pro
771 2707 910 2735 radicibus
934 2710 961 2734 et
987 2707 1071 2733 ramis

288 2760 378 2788 divina
387 2759 475 2786 virtus
485 2757 508 2784 ei
524 2755 642 2784 suffecit.
658 2753 826 2781 Proredebat
842 2751 941 2779 deinde
956 2751 1071 2778 ulterius

289 2812 350 2832 cum
366 2804 466 2840 populo
480 2802 596 2838 Moyses,
611 2801 751 2835 edixitque
765 2799 868 2834 regiam
883 2798 891 2833 (
906 2802 934 2826 ut
951 2796 1071 2832 dicitur)

1114 1832 1160 1858 τοῦ
1170 1832 1235 1859 λαοῦ
1247 1834 1405 1869 γενομένης,
1420 1835 1466 1861 καὶ
1479 1834 1557 1861 τινῶν
1569 1835 1618 1870 τὴν
1629 1833 1776 1869 ἱερωσύνην
1786 1833 1824 1864 είς
1837 1833 1902 1859 ἑαυ-

1114 1876 1177 1907 τοὺς
1189 1878 1357 1912 μεταστῆσαι
1373 1878 1549 1914 βιαζομένων·
1565 1878 1579 1903 ὁ
1600 1878 1648 1913 μὲν
1671 1877 1761 1912 ἱκέτης
1773 1877 1818 1903 τοῦ
1832 1877 1901 1903 Θεοῦ

1115 1921 1180 1956 περὶ
1196 1922 1249 1948 τῶν
1262 1921 1503 1958 ἐξαμαρτανόντων
1520 1923 1633 1958 ἐγίνετο·
1651 1923 1682 1949 τὸ
1697 1923 1725 1949 δὲ
1741 1923 1841 1949 δίκαιον
1851 1923 1902 1956 τῆς

1115 1967 1162 1994 τοῦ
1175 1968 1241 1994 Θεοῦ
1257 1969 1381 2004 κρίσεως,
1395 1969 1445 2004 τῆς
1459 1970 1505 1996 τοῦ
1516 1970 1636 2001 Μωσέως
1650 1969 1718 2004 πρὸς
1727 1969 1757 1995 τὸ
1767 1969 1903 2004 ὁμόφυλον

1117 2015 1288 2049 συμπαθείας
1301 2015 1472 2051 ἰσχυρότερον
1482 2014 1524 2051 ἦν.
1538 2016 1637 2050 Χάσμα
1649 2025 1675 2042 τι
1693 2016 1746 2051 γάρ
1760 2017 1776 2050 ὴ
1795 2016 1830 2050 γῆ
1842 2015 1902 2041 δια-

1118 2060 1233 2095 σχοῦσα,
1251 2061 1314 2096 θείῳ
1328 2061 1476 2096 Θελήματι,
1500 2062 1578 2089 πάλιν
1598 2062 1665 2098 πρὸς
1689 2062 1786 2098 ἑαυτὴν
1801 2061 1903 2096 συμπί-

1118 2115 1190 2138 πτει,
1205 2106 1276 2134 ἔνδον
1291 2107 1460 2134 ὑπολύοῦσα
1469 2108 1599 2141 παγγενεὶ
1609 2109 1711 2140 πάντας
1721 2108 1821 2143 τοὺςτῇ
1831 2109 1902 2144 ἀρχῇ

1115 2152 1164 2178 τοῦ
1177 2153 1297 2184 Μωσέως
1313 2153 1528 2189 ἀντεπάραντας,
1538 2154 1605 2181 Οἱδέ
1617 2155 1681 2189 περὶ
1694 2154 1742 2189 τὴν
1755 2154 1903 2189 ἱερωσύνην

1119 2198 1311 2234 λυσσήσαντες,
1328 2200 1394 2234 πυρὶ
1405 2200 1620 2234 καταφλεγέντες
1635 2200 1699 2236 περὶ
1712 2200 1865 2232 διακοσίους
1873 2209 1903 2226 τε

1119 2243 1168 2270 κα)⁸
1198 2245 1375 2280 πεντήκοντα,
1395 2245 1435 2280 τῷ
1453 2244 1514 2271 καθ’
1541 2246 1653 2276 ἑαυτοὺς
1678 2245 1758 2272 πάθει
1775 2245 1906 2280 σωφρονί-

1119 2288 1195 2321 ζουσι
1215 2290 1245 2316 τὸ
1267 2290 1411 2325 ὁμόφυλον.
1441 2291 1486 2322 Ὠς
1505 2291 1527 2317 δ’
1552 2291 1584 2317 ἂν
1603 2291 1701 2326 μᾶλλον
1727 2290 1864 2316 πεισθεῖεν
1878 2291 1905 2316 οἱ

1120 2335 1257 2371 ἄνθρωποι
1268 2356 1275 2368 ,
1288 2337 1380 2363 Θεόοεν
1395 2337 1595 2371 παραγίνεσθαι
1609 2337 1661 2371 τῆς
1685 2336 1834 2371 ἱερωσύνης
1856 2336 1906 2370 τὴν

1120 2383 1200 2417 χάριν
1220 2384 1275 2414 τοῖς
1291 2382 1475 2417 ἀξιουμένοις,
1502 2383 1613 2419 ῥάϐδους
1635 2383 1664 2415 ἐξ
1686 2383 1802 2417 ἑκάστης
1818 2381 1908 2416 φυλῆς

1121 2428 1197 2464 ,παρὰ
1217 2428 1270 2455 τῶν
1295 2428 1440 2463 ἐξεχὸντων
1465 2428 1625 2464 κομίζεται,
1653 2428 1815 2464 γράμμασιν
1839 2427 1907 2454 ἰδίου

1124 2473 1238 2500 ἑκάστου
1256 2475 1522 2509 κατασημηναμένου
1537 2473 1585 2500 τοῦ
1598 2473 1755 2504 δεδωκότος,
1771 2474 1801 2499 ἐν
1811 2470 1858 2504 αἷς
1872 2471 1908 2508 ἦν

1120 2521 1167 2548 καὶ
1184 2521 1199 2556 ἡ
1220 2520 1323 2555 Ἀαρὼν
1350 2520 1397 2547 τοῦ
1419 2521 1523 2554 ἱερέως.
1549 2519 1656 2550 Ταύτας
1672 2519 1700 2545 δὲ
1717 2519 1845 2554 προσθεὶς
1868 2520 1910 2555 τῷ

1121 2567 1187 2601 ναῷ,
1201 2567 1245 2593 διὰ
1256 2567 1358 2593 τούτων
1373 2568 1484 2602 φανεροῑ
1496 2566 1534 2600 τῷ
1550 2565 1608 2600 λαῷ
1622 2565 1670 2601 τὴν
1689 2566 1752 2600 περὶ
1767 2566 1814 2599 τῆς
1828 2566 1910 2601 ἱερω-

1123 2613 1203 2648 σύνης
1217 2613 1264 2639 τοῦ
1283 2613 1350 2639 Θεοῦ
1367 2613 1465 2646 ψῆφον.
1483 2613 1557 2647 Μόνη
1574 2611 1628 2647 γὰρ
1649 2613 1680 2637 ἐκ
1702 2611 1796 2637 πασῶν
1820 2612 1836 2645 ἡ
1859 2611 1910 2637 τοῦ

1128 2658 1231 2693 Ἀαρὼν
1247 2658 1342 2693 ῥάϐδος
1357 2658 1516 2692 ἐϐλάστησε,
1532 2659 1578 2684 καὶ
1588 2657 1632 2684 τὸν
1648 2659 1678 2683 ὲκ
1690 2656 1736 2682 τοῦ
1748 2656 1829 2688 ξύλου
1841 2665 1912 2691 καρ-

1123 2703 1172 2729 πον
1194 2703 1315 2738 (κάρυον
1332 2703 1360 2729 δὲ
1373 2701 1407 2738 ἦν
1431 2704 1445 2729 ὁ
1468 2702 1593 2738 καρπὸς)
1612 2702 1726 2736 ἐξέφυσε
1741 2710 1770 2728 τε
1787 2703 1833 2728 καὶ
1853 2703 1912 2727 ἐτε-

1122 2749 1242 2775 λείωσεν.
1269 2750 1301 2775 'O
1323 2749 1355 2783 δὴ
1385 2748 1510 2783 μέγιστον
1533 2749 1578 2775 καὶ
1603 2750 1659 2779 τοῖς
1683 2748 1806 2778 ἀπίστοις
1833 2747 1911 2779 ἔδοξε

1124 2795 1224 2831 θαῦμα,
1243 2794 1301 2826 πῶς
1315 2796 1344 2822 τὸ
1359 2795 1467 2829 ἆφλοιον
1482 2795 1528 2821 καὶ
1551 2794 1768 2830 περιεξεσμένον,
1788 2795 1832 2820 καὶ
1846 2794 1910 2826 ἄρι-
