1977 3071
77 90 128 118 δ25

739 87 784 114 DE
798 87 878 114 νιτΑ
896 86 1035 114 MOYSlS.

1644 86 1696 113 5'26

78 146 121 178 ζον
135 145 241 181 ἀθρόας
264 145 387 179 πιανθέν,
407 147 441 174 τὰ
463 146 516 173 τῶν
533 145 725 181 ἐῤῥιζωμένων
744 145 861 180 ἐνήργη-

915 144 982 171 viam
997 152 1058 172 esse
1081 144 1300 176 custodiendam,
1317 152 1351 172 ne
1365 144 1492 172 videlicet
1509 143 1542 172 ad
1559 144 1699 172 dexteram

79 199 133 224 cev,
152 191 212 217 ἀντὶ
227 191 278 226 γῆς
295 191 341 217 καὶ
357 191 450 225 φλοιοῦ
465 192 511 219 καὶ
527 191 639 226 ἰκμάδος
657 191 704 217 καὶ
720 190 799 225 ῥίζης
815 190 863 217 καὶ

79 234 185 262 κλώνων
207 235 257 271 τῆς
281 235 357 267 θείας
379 235 522 271 δυνάμεως
542 235 691 271 γενομένης
714 235 752 269 τῷ
779 234 860 270 ξύλῳ.

85 281 144 308 Ἐπὶ
157 280 263 312 τούτοις
276 280 309 307 δι’
323 281 481 315 ἀλλοφύλων
495 281 580 308 ἐθνῶν
591 281 637 307 τὸν
648 281 762 314 στρατὸν
777 281 863 315 ἄγων,

79 327 221 362 ἀπώμοτον
246 328 362 353 ποιεῖται
389 329 447 358 ταῖς
474 327 606 362 ἀρούραις
632 326 721 353 αὐτῶν
740 327 786 352 καὶ
803 328 863 358 ταῖς

79 373 206 407 ἀμπέλοις
225 371 264 406 τῷ
281 371 336 407 λαῷ
355 374 530 408 συγχωρῆσαι
549 372 598 408 τὴν
613 371 707 403 δίοδον,
728 371 794 398 ἀλλὰ
811 381 862 406 φυ-

79 418 154 450 λάξαι
170 419 217 454 τὴν
233 418 375 454 βασιλικὴν
390 419 458 449 ὁδὸν,
477 419 545 454 μήτε
570 419 609 450 είς
628 417 702 450 δεξιὰ
713 437 720 450 ,
741 418 808 454 μήτε
823 419 864 450 εἰς

80 465 209 501 ἀριστερὰ
232 465 424 492 ἀποκλίναντα.
450 465 510 491 Τῶν
533 464 562 491 δὲ
583 464 720 500 πολεμίοιν
743 464 801 491 οὐδὲ
817 464 864 491 ἐπὶ

79 509 181 541 τούτοις
192 510 397 546 εἰρηνευόντων,
413 511 486 546 μάχῃ
498 511 756 545 καταγωνισάμενος
763 510 808 537 τὸν
821 511 865 537 ἀν-

79 555 201 588 τίπαλον,
219 556 356 590 ἐγκρατὴς
374 555 479 589 γίνεται
502 556 551 590 τῆς
581 555 709 590 παρόδου.
734 552 802 582 Εἷτά
822 563 864 587 τις

79 599 168 625 Βαλὰκ
189 599 311 633 μείζονος
323 600 414 632 ἔθνους
431 600 480 635 τὴν
492 600 644 636 ἡγεμονίαν
657 600 727 635 ἔχων
740 601 748 634 (
758 600 864 627 Μαδια-

79 647 147 671 νῖται
158 645 187 671 δὲ
204 645 243 680 τῷ
257 645 328 672 ἐθνει
342 646 478 682 τοῠνομα)
493 647 561 682 πρὸς
575 646 605 673 τὺ
621 647 706 678 πάθος
717 647 771 674 τῶν
783 656 865 682 προο-

78 691 199 717 λωλότων
213 691 407 726 καταπλαγεὶς,
424 693 469 719 καὶ
484 693 544 719 ὅσον
558 693 665 719 οὐδέπω
676 692 711 718 τὰ
726 690 773 719 ἶσα
790 692 866 728 παρὰ

77 736 130 762 τῶν
150 736 325 771 Ἰσραηλιτῶν
343 737 486 764 πείσεσθαι
511 737 715 772 προσδοκήσας,
731 737 865 770 ἐπάγεται

79 781 144 815 πρὸς
160 781 327 816 συμμαχίαν·
341 781 430 808 ὅπλων
451 781 500 817 μὲν
523 782 569 808 καὶ
586 782 720 817 σωμάτων
740 781 864 817 βοήθειαν

77 826 203 861 οὐδεμίαν
216 846 223 858 ,
244 826 390 862 περίεργον
404 827 432 853 δὲ
450 827 630 862 μαγγανείαν,
655 827 699 854 διά
718 835 791 858 τινος
808 828 862 854 Βα-

77 872 159 906 λαὰμ,
174 872 203 904 ὃς
217 872 303 899 ταῦτα
319 873 405 904 δεινὸς
420 874 537 899 ἐποιεῖτο
555 872 641 906 εἶναι,
655 873 702 900 καὶ
717 873 793 909 παρὰ
810 873 862 900 τῶν

77 919 251 954 κεχρημένων
277 918 353 954 αὐτῷ
378 919 449 954 ἔχειν
477 918 538 946 τινὰ
564 919 633 954 πρὸς
656 919 706 950 τὰς
737 919 862 951 τοιαύτας

78 965 194 997 σπουδὰς
205 964 319 1000 δύναμιν
335 964 508 993 ἑπιστεύετο⁸
523 962 545 999 ᾧ
561 965 642 1000 τέχνη
664 965 712 1000 μὲν
724 963 758 1000 ἦν
775 966 864 991 οἰωνι-

78 1010 166 1046 στικὴ.
194 1011 329 1046 δαιμόνων
351 1010 380 1037 δέ
411 1019 464 1037 τινι
487 1011 633 1046 συνεργείᾳ
663 1010 780 1046 χαλεπὸς
808 1008 861 1045 ἦν,

76 1057 186 1090 ἐπάγων
204 1058 260 1088 τοῖς
279 1056 433 1092 ἀνθρώποις
453 1057 656 1092 περιεργοτέρα
678 1056 733 1082 τιν).
750 1055 863 1091 δυνάμει

76 1102 111 1129 τὰ
124 1103 261 1136 ἀνήκεστα
271 1110 278 1117 ·
292 1101 322 1134 ὃς
337 1103 391 1134 τοῖς
404 1102 556 1136 ἀπάγουσιν
572 1102 653 1128 αὐτὸν
668 1102 714 1127 ἐπὶ
729 1100 776 1127 τὸν
788 1101 864 1136 βασι-

77 1149 124 1175 λέα
141 1148 187 1175 τοῦ
213 1148 306 1179 ἔθνους
327 1148 459 1183 ἑπόμενος
470 1168 476 1180 ,
492 1149 524 1183 τῇ
541 1148 616 1182 φωνῇ
631 1147 680 1182 τῆς
699 1142 759 1173 ὄνου
776 1146 807 1172 τὸ
826 1146 862 1181 μὴ

77 1196 163 1222 αἴσιον
174 1194 247 1230 αύτῷ
260 1194 309 1231 τὴν
319 1194 377 1221 ὁδὸν
395 1191 464 1220 εἷναι
480 1194 646 1220 διδάσκεται.
659 1191 725 1219 Εἶτα
735 1192 779 1219 διά
790 1200 864 1224 τινος

77 1240 225 1275 ἐμφανείας
243 1240 273 1266 τὸ
296 1240 433 1275 πρακτέον
457 1238 568 1274 μαθὼν,
586 1239 786 1274 ἀσθενεστέραν
800 1234 863 1272 εὗρε

77 1285 125 1319 τὴν
137 1285 282 1311 κακοποιδν
294 1284 462 1320 μαγγανείαν
472 1283 519 1310 τοῦ
532 1283 634 1318 βλάϐην
643 1283 704 1310 τινὰ
718 1284 775 1315 τοῖς
788 1282 864 1318 παρά

76 1330 123 1357 τοῦ
138 1330 206 1357 Θεοῦ
223 1330 463 1366 συμμαχουμένοις
482 1329 713 1366 προστρίψασθαι.
744 1329 817 1355 Ἀντὶ
833 1328 863 1354 δὲ

76 1377 125 1411 τῆς
149 1375 204 1402 τῶν
228 1376 365 1411 δαιμόνων
389 1375 531 1411 ἐνεργείας
559 1376 592 1402 ἐκ
615 1375 691 1406 θείας
720 1374 864 1405 ἐπιπνοίας

76 1422 168 1453 ἐνθους
190 1422 345 1457 γενόμενος,
370 1421 521 1456 ἐφθέγξατο
545 1421 637 1456 φωνὰς
658 1420 802 1453 τοιαύτας,
825 1421 864 1452 ὡς

77 1467 245 1503 προφητείαν
259 1467 388 1504 ἄντικρυς
407 1466 478 1494 εῖναι
494 1467 547 1493 τῶν
567 1468 606 1499 εἰς
622 1466 736 1502 ὕστερον
752 1467 820 1502 πρὸς
833 1467 864 1493 τὸ

75 1515 204 1549 κρεῖσσον
219 1514 423 1549 ἐκὸησομένων.
439 1515 477 1540 Δι’
489 1511 527 1540 ὧν
541 1513 596 1549 γὰρ
610 1513 734 1549 ἐκωλύθη
749 1513 818 1548 πρὸς
834 1513 865 1540 τὸ

75 1560 160 1586 κακδν
173 1560 318 1595 ἐνεργῆσαι
332 1561 365 1595 τῇ
381 1560 474 1596 τέχνῃ.
489 1559 533 1587 διὰ
547 1559 649 1586 τούτων
663 1559 714 1594 τῆς
731 1559 806 1591 θείας
820 1559 865 1585 δυ-

75 1606 184 1641 νάμεως
203 1606 232 1632 ἐν
251 1605 376 1640 αἰσθήσει
400 1606 565 1640 γενόμενος,
584 1605 690 1641 χαίρειν
714 1605 798 1636 ἐάσας
816 1605 865 1640 τὴν

76 1650 227 1685 μαντικὴν,
244 1650 410 1686 ὑποφητεύει
434 1650 473 1686 τῷ
493 1651 557 1686 θείῳ
582 1651 728 1686 θελήματι.
745 1651 801 1678 Καὶ
816 1651 865 1677 ἐπὶ

74 1695 181 1727 τούτοις
197 1696 228 1722 τὸ
252 1696 301 1731 μὲν
327 1696 403 1726 ἔθνος
429 1697 483 1724 τῶν
508 1697 665 1732 ἀλλοφύλων
686 1697 841 1732 ἐντρίὸεται
856 1717 863 1730 ,

75 1741 308 1776 ἐπικρατεστέρου
324 1741 372 1768 τοῦ
387 1742 452 1769 λαοῦ
472 1743 542 1769 κατὰ
557 1742 602 1769 τὸν
618 1743 736 1778 πόλεμον
753 1743 865 1777 γεγονό-

74 1795 132 1818 τος,
150 1787 310 1822 ἡττηθέντος
335 1788 363 1814 δὲ
381 1789 451 1823 μετά
474 1788 560 1815 ταῦτα
575 1788 622 1815 τοῦ
645 1789 694 1825 τῆς
716 1789 866 1821 ἀκολασίας

75 1833 180 1864 πάθους
199 1833 227 1859 ἐν
240 1835 299 1864 ταῖς
318 1833 511 1870 αίχμαλώτοις,
528 1836 572 1861 ὅτε
587 1835 634 1862 τοῦ
650 1835 742 1867 Φινεὲς
755 1835 819 1866 τοὺς
835 1836 866 1861 ἐν

75 1878 175 1915 ἀτιμίᾳ
188 1880 399 1914 συμπλακέντας
414 1882 464 1916 μιᾷ
478 1881 570 1917 πληγῇ
586 1881 769 1913 διελάσαντος,
795 1881 866 1907 παῦ-

76 1933 128 1951 σαν
142 1925 205 1959 ἔσχε
227 1926 275 1952 τοῦ
291 1926 360 1953 Θεοῦ
377 1928 393 1962 ἡ
411 1927 481 1954 κατά
500 1927 554 1953 τῶν
569 1927 774 1962 λελυσσηκότων
796 1927 864 1962 πρὸς

73 1970 127 2002 τὰς
141 1971 277 2006 ἀθέσμους
294 1972 380 2008 μίξεις
393 1973 462 2008 ὀργή
475 1982 482 1989 ·
494 1972 555 1999 τότε
572 1972 675 2004 amat;
693 1972 739 1998 ἐπί
758 1981 784 1999 τι
801 1972 864 2008 ὅρος

76 2016 181 2051 ὑψηλὸν
196 2018 209 2043 ὁ
224 2017 372 2053 νομοθέτης
385 2038 393 2049 ,
415 2019 463 2045 καὶ
483 2018 625 2054 πόρρωθεν
644 2017 693 2053 τὴν
709 2017 802 2053 χώραν
817 2026 865 2044 κα-

75 2063 295 2098 τασκεψάμενος,
309 2064 326 2099 ἢ
343 2063 386 2090 διὰ
400 2063 450 2099 τῆς
465 2063 541 2095 θείας
555 2063 722 2098 ἐπαγγελίας
735 2063 784 2098 τῆς
798 2063 866 2098 πρὸς

74 2109 142 2140 τοὺς
151 2109 270 2145 πατέρας
277 2110 464 2145 γεγενημένης
473 2109 512 2144 τῷ
530 2109 637 2145 Ἰσραὴλ
648 2108 864 2143 παρεσκεύαστο,

77 2152 240 2188 μεθίσταται
256 2154 304 2180 τοῦ
319 2154 490 2190 ἀνθρωπίνου
506 2154 575 2189 βίου,
590 2154 665 2180 οὐδὲν
679 2155 707 2179 ἐν
721 2154 753 2189 τῇ
764 2155 799 2188 γῇ
815 2162 864 2188 ση-

77 2200 168 2235 μεῖον,
195 2200 256 2226 οὐδὲ
275 2200 447 2235 μνημόσυνον
472 2200 522 2234 τῆς
544 2199 641 2226 ἑαυτοῦ
669 2199 866 2234 μεταστάσεως

914 190 954 218 vel
970 191 1107 218 sinistram
1118 190 1298 222 declinarent.
1317 199 1384 218 neve
1400 191 1548 226 quidquam
1573 192 1701 219 hahitan-

914 237 983 263 tium
1003 243 1034 263 ea
1055 237 1113 263 loca
1139 236 1302 271 arriperent.
1329 236 1424 264 Coloni
1457 242 1548 264 autem
1579 238 1700 264 locorum

913 290 1010 317 parum
1027 282 1070 309 his
1081 284 1201 310 contenti
1217 290 1231 309 a
1250 283 1366 309 transitu
1384 283 1575 317 prohibebant,
1592 283 1638 310 sed
1652 291 1700 318 pu-

915 335 967 363 gna
983 327 1047 354 victi
1064 332 1205 356 cesserunt
1219 328 1309 360 inviti,
1326 328 1398 363 quod
1420 332 1518 363 sponte
1531 328 1596 355 dare
1611 329 1703 356 noluc‘

914 377 984 400 rant.
1002 373 1125 400 Posthac
1150 373 1246 400 Balach
1261 373 1470 400 Madianitaruul
1492 374 1581 408 gentis
1598 381 1702 408 magum

915 419 1052 454 princeps.
1067 426 1162 446 eorum
1180 419 1226 454 qui
1252 424 1315 446 ante
1331 419 1412 446 deleti
1448 418 1555 446 I'uera'nt
1579 419 1702 453 exemplo

915 465 1088 499 perterritus,
1105 469 1131 492 et
1142 465 1253 500 jamjam
1270 473 1299 492 se
1311 465 1424 499 paribus
1440 465 1548 492 damnis
1564 464 1598 491 al)
1614 464 1701 492 Israe-

914 510 969 538 litis
982 510 1108 538 aﬂ‘ectum
1127 511 1159 537 iri
1173 514 1345 545 exspectans,
1361 519 1416 537 non
1432 511 1466 537 ab
1477 510 1537 538 aliis
1552 506 1701 541 armorum,

914 556 956 584 vel
972 557 1111 592 copiarum
1141 557 1320 591 principibus.
1344 556 1391 584 sed
1424 564 1438 582 a
1466 555 1575 583 Balaam
1600 563 1703 591 augure

915 602 1042 636 quodam,
1056 601 1102 636 qui
1119 601 1230 635 magicis
1246 602 1351 628 artibus
1373 608 1405 628 ac
1417 601 1571 628 daemonum
1590 600 1701 627 invoca-

914 647 989 673 tione
1003 647 1154 678 claruerat,
1169 647 1296 681 famaque
1308 647 1342 674 de
1359 647 1419 682 ipso
1437 640 1506 679 erat,
1525 647 1626 681 sapius
1639 646 1703 673 civi-

914 692 1016 719 tatibus
1033 692 1112 718 etiam
1127 692 1283 727 ingentibus
1299 692 1356 720 suis
1373 692 1479 719 artibus
1494 691 1632 723 nocuisse,
1653 698 1702 717 au-

914 737 1009 764 xilium
1023 737 1110 771 petiit.
1127 736 1152 764 ls
1165 745 1225 764 cum
1242 738 1275 764 ad
1290 745 1379 773 regem
1403 737 1504 764 Balach
1521 738 1572 764 iter
1587 736 1699 767 faceret,

915 783 999 810 asina:
1014 789 1080 809 voce
1093 790 1146 809 non
1161 790 1319 818 prosperam
1338 791 1398 809 eam
1423 783 1475 810 sibi
1491 783 1562 809 viam
1582 782 1640 809 fore
1660 783 1702 809 in-

917 828 1048 860 stituitur,
1065 832 1092 855 et
1105 829 1212 856 visione
1228 829 1345 864 quadam
1363 829 1427 864 quid
1444 829 1597 855 faciendum
1614 832 1698 859 esset,

916 874 1023 906 didicit,
1044 881 1075 901 ac
1090 875 1199 902 demum
1214 875 1377 902 infirmiores
1390 875 1476 902 sensit
1490 882 1551 902 esse
1564 874 1702 901 maleficus

916 921 977 948 illas
988 920 1149 956 praestigias,
1162 928 1243 955 quam
1260 925 1288 947 ut
1301 925 1412 955 possent
1429 921 1492 953 illis,
1510 920 1608 955 quibus
1623 919 1702 946 auai-

916 967 981 994 lium
998 967 1102 994 ferebat
1122 967 1205 998 Deus,
1222 967 1331 1000 aliquod
1347 967 1476 993 damnum
1505 966 1627 999 inferre;
1655 966 1701 993 sed

916 1020 966 1048 pro
977 1011 1131 1039 dzemonum
1149 1011 1243 1039 furore
1261 1013 1354 1039 divino
1369 1012 1459 1040 aﬂlatu
1476 1013 1608 1048 impulsus
1635 1013 1703 1040 tales

916 1058 1008 1085 emisit
1021 1065 1114 1089 voces,
1131 1061 1160 1084 ut
1177 1065 1192 1084 e
1209 1061 1304 1084 contra
1320 1058 1489 1086 imminentis
1504 1059 1626 1093 prosperi
1643 1067 1703 1086 suc‘

916 1111 1012 1130 cessus
1025 1103 1097 1130 illius
1112 1103 1204 1138 populi
1218 1107 1312 1130 essent
1327 1103 1486 1138 prophetiae.
1504 1104 1543 1130 Ex
1559 1111 1614 1138 quo
1629 1104 1701 1130 cnim

918 1149 975 1176 suis
995 1149 1101 1176 artibus
1116 1157 1150 1176 ne
1167 1153 1287 1182 noceret,
1303 1149 1450 1183 impeditus
1476 1154 1529 1181 est,
1544 1149 1642 1176 divinae
1654 1150 1704 1176 vir-

917 1195 984 1222 tutis
1006 1203 1115 1222 sensum
1132 1195 1248 1230 acecpit,
1264 1199 1290 1222 et
1307 1195 1474 1222 vaticinandi
1495 1199 1554 1231 arte
1569 1195 1701 1230 neglecta,

917 1242 1016 1269 divinae
1033 1242 1180 1268 voluntatis
1206 1249 1236 1269 se
1254 1243 1430 1276 interpretem
1449 1249 1476 1270 ct
1505 1242 1702 1269 internuntium

917 1287 1037 1315 exhibet.
1056 1287 1094 1314 lta
1113 1289 1187 1314 natio
1203 1287 1324 1314 vincitur
1337 1287 1564 1322 alienigenarum,
1591 1287 1639 1314 sed
1655 1295 1704 1322 po-

917 1333 998 1368 pulus
1015 1334 1041 1360 in
1058 1333 1128 1360 bello
1145 1333 1241 1364 victor,
1256 1340 1310 1360 non
1328 1340 1410 1367 parva
1429 1339 1461 1360 ex
1491 1336 1567 1367 parte
1593 1332 1702 1359 luxuria

917 1379 1046 1406 vincitur.
1063 1378 1140 1406 Tunc
1154 1377 1270 1405 Phinces
1283 1378 1342 1404 zelo
1361 1377 1472 1404 virtutis
1488 1384 1543 1403 uno
1565 1376 1620 1403 ictu
1647 1381 1702 1403 tam

916 1423 1051 1456 Judaeum,
1068 1430 1149 1458 quam
1168 1422 1347 1457 alienigenam
1363 1421 1503 1448 mulierem
1526 1420 1554 1447 in
1570 1420 1630 1455 ipso
1653 1420 1704 1446 im-

878 1489 900 1518 α
917 1470 1016 1506 pudico
1028 1473 1090 1497 actu
1105 1468 1227 1496 confodit
1241 1477 1247 1495 :
1264 1475 1320 1503 quo
1336 1467 1408 1494 facto
1433 1466 1526 1494 divina
1543 1466 1571 1493 in
1594 1473 1641 1493 eos
1655 1465 1703 1500 qui

917 1521 1108 1551 peccaverunt,
1123 1515 1162 1542 ira
1182 1514 1309 1541 cessavit.
1339 1512 1387 1540 His
1403 1513 1441 1539 ita
1471 1512 1556 1547 gestis
1579 1511 1704 1539 ascendit

917 1561 945 1588 in
965 1561 1049 1587 altum
1068 1559 1174 1595 Moyses
1186 1562 1317 1591 montem,
1331 1563 1358 1585 et
1382 1558 1478 1593 procul
1505 1558 1702 1592 repromissam

917 1605 1069 1639 majoribus
1085 1604 1143 1631 suis
1160 1608 1260 1631 terram
1276 1603 1443 1638 speculatus,
1457 1602 1605 1629 humanam
1618 1602 1702 1629 vitam

916 1651 999 1683 exuit,
1016 1650 1052 1677 ita
1068 1653 1097 1677 ut
1115 1650 1181 1677 nihil
1203 1650 1229 1676 in
1249 1649 1331 1677 terris
1350 1648 1433 1683 hujus
1454 1649 1629 1683 migrationis
1648 1656 1703 1676 suae

916 1695 1025 1730 signum
1042 1698 1088 1721 aut
1099 1699 1305 1721 monumentum
1319 1694 1345 1720 iu
1358 1693 1512 1728 sepulchris
1526 1693 1702 1727 relinqueret.

915 1741 1014 1768 Mirum
1030 1743 1121 1767 autem
1135 1743 1186 1771 est.
1201 1739 1273 1774 quod
1290 1746 1339 1766 nec
1355 1738 1458 1769 formae,
1483 1745 1533 1765 nec
1551 1738 1704 1772 pulchritu-

917 1785 989 1814 dinis
1002 1792 1059 1813 suae
1072 1783 1234 1819 quidquam,
1248 1791 1297 1810 nec
1310 1791 1342 1810 ex
1364 1782 1432 1810 facie
1451 1790 1500 1810 sua
1524 1782 1701 1817 resplenden-

916 1830 1025 1858 dentem
1041 1829 1166 1866 gratiam,
1184 1836 1234 1855 nec
1251 1828 1393 1855 oculorum
1414 1829 1512 1859 aciem,
1537 1829 1580 1855 vel
1601 1833 1702 1863 tempo-

916 1883 988 1908 rum,
1001 1876 1101 1911 quibus
1117 1881 1179 1901 cum
1196 1873 1354 1902 hominibus
1378 1878 1447 1904 erat.
1466 1874 1554 1909 spatia
1570 1874 1611 1901 vel
1626 1873 1703 1901 labo-

916 1929 961 1949 res
972 1919 1200 1951 comminueraut,
1219 1920 1267 1947 sed
1283 1927 1338 1946 uno
1352 1919 1502 1955 eodemque
1518 1920 1599 1947 modo
1618 1920 1703 1947 virtu-

917 1971 958 1994 tes
976 1966 1100 2001 corporis
1123 1969 1204 2000 atque
1224 1973 1356 1992 sansuum
1380 1965 1406 1992 in
1423 1973 1456 1993 eo
1480 1973 1589 2001 semper
1612 1966 1704 2000 vigue-

916 2016 991 2040 runt.
1006 2011 1067 2039 llaec
1078 2011 1188 2046 quidem
1203 2015 1277 2042 sunt,
1292 2018 1352 2045 quae
1366 2011 1399 2038 de
1410 2011 1456 2038 illo
1468 2011 1526 2038 viro
1542 2012 1575 2038 ab
1590 2011 1704 2038 historia

917 2059 1008 2087 divina
1025 2057 1200 2093 percipimus,
1212 2065 1271 2092 quae
1288 2057 1390 2084 cursim
1407 2057 1580 2092 narratajam
1597 2061 1705 2092 tempus

917 2109 961 2132 est
986 2104 1126 2139 proposito
1143 2106 1238 2130 nostro
1266 2102 1488 2134 accommodare,
1507 2106 1537 2129 ut
1564 2102 1705 2129 videamus

918 2152 1018 2180 veteris
1043 2151 1192 2187 Scriptura:
1216 2151 1357 2179 historiam
1388 2151 1421 2178 ad
1444 2151 1589 2186 perfectam
1621 2151 1704 2177 vitam

919 2198 1033 2224 multum
1049 2196 1212 2224 conducere.

75 2247 107 2273 ἐν
120 2246 216 2280 τάφοις
240 2246 460 2281 ὑπολειπόμενος.
481 2242 518 2272 Οὒ
535 2245 573 2280 τῷ
589 2245 682 2272 κάλλει
698 2245 794 2280 χρόνος
806 2244 855 2270 οὐκ
873 2244 1034 2280 ἐλυμήνατο,
1058 2242 1118 2268 οὗτε
1132 2241 1185 2267 τῶν
1200 2241 1346 2277 ὀφθαλμῶν
1370 2242 1419 2277 τὴν
1438 2241 1596 2277 λαμπηδόνα
1614 2241 1705 2276 ἠμαύ-

78 2300 180 2328 ρωσεν,
205 2291 266 2318 οὗτε
281 2292 331 2328 τὴν
354 2291 567 2327 ἀπολάμπουσαν
588 2291 635 2318 τοῦ
656 2291 802 2326 προσώπου
822 2291 902 2326 χάριν
924 2288 1116 2325 ἀπήμϐλυνεν·
1140 2288 1196 2314 ἀλλ’
1212 2286 1245 2323 ἦν
1262 2288 1305 2314 ἀεὶ
1327 2288 1457 2319 ὡσαύτως
1474 2287 1556 2323 ἔχων,
1573 2287 1619 2313 καὶ
1636 2286 1706 2313 κατᾶ

74 2339 179 2366 ταύτὸν
189 2338 219 2366 ἐν
230 2339 270 2375 τῷ
283 2339 391 2375 τρεπτῷ
404 2339 454 2374 τῆς
470 2339 577 2374 φύσεως
586 2339 720 2370 διασώσας
741 2339 771 2364 τὸ
787 2339 814 2364 ἐν
830 2338 868 2374 τῷ
882 2337 974 2365 κάλλει
982 2336 1187 2372 ἀμετάπτωτον.
1205 2336 1298 2363 Ταῦτα
1313 2336 1362 2371 μὲν
1382 2334 1438 2369 οὖν,
1454 2337 1504 2363 ὅσα
1525 2337 1556 2362 ἐκ
1568 2335 1617 2370 τῆς
1634 2343 1707 2371 προ-

75 2387 172 2422 χείρου
183 2386 229 2413 τοῦ
243 2387 336 2423 ἀνδρὸς
351 2387 470 2422 ἱστορίας
489 2386 636 2422 ἐμάθομεν,
659 2387 688 2413 ἐν
711 2385 842 2420 ἐπιδρομῇ
863 2394 903 2412 σοι
917 2384 1121 2420 διηγησάμεθα·
1136 2384 1159 2409 εἰ
1172 2383 1217 2409 καί
1234 2392 1291 2414 πως
1306 2385 1321 2418 ή
1337 2382 1464 2414 ὑπόθεσίς
1477 2383 1550 2408 ἐστιν
1563 2382 1591 2408 ἐν
1606 2378 1645 2413 οἷς
1660 2381 1706 2407 τὸν

74 2433 158 2467 λόγον
178 2433 333 2467 ἀναγκαίως
354 2433 494 2460 ἐπλάτυνε.
514 2433 616 2468 Καιρὺς
630 2432 652 2459 δ’
673 2432 706 2458 ἃν
729 2432 770 2466 εἴη
787 2431 853 2467 πρὸς
868 2431 913 2457 τὸν
934 2430 1113 2466 προκείμενον
1133 2430 1199 2464 ἡμῖν
1213 2428 1260 2455 τοῦ
1274 2428 1353 2462 λόγου
1374 2429 1473 2455 σκοπὸν
1491 2428 1645 2463 ἐφαρμόσαι
1660 2427 1705 2453 τὸν

77 2479 305 2514 μνημονευοὲντα
328 2479 385 2515 βίον
398 2488 405 2496 ’
426 2479 463 2510 ὼς
475 2479 507 2506 ἄν
514 2487 555 2510 τις
565 2479 669 2512 γένοιτο
683 2479 749 2515 ἡμῖν
763 2479 794 2504 ἐκ
808 2478 862 2504 τῶν
885 2478 1090 2513 προειρημένων
1116 2477 1184 2513 πρὸς
1207 2477 1252 2503 τὸν
1270 2476 1329 2503 κατ’
1343 2476 1442 2512 ἀρετὴν
1457 2475 1514 2511 βίον
1533 2474 1702 2510 συνεισφορσὶ.

84 2524 280 2559 ’Δναλὰσωμεν
293 2524 382 2552 τοίνυν
397 2524 445 2560 τὴν
460 2524 546 2560 ἀρχὴν
560 2524 607 2551 τοῦ
627 2525 689 2559 περὶ
708 2523 790 2551 αὑτοῦ
806 2524 984 2559 διηγήματος.
