1977 3071
277 110 329 138 39.7

291 182 966 196 ____________—_.__

892 102 920 130 S.
937 99 1100 130 GREGORII
1120 99 1268 127 NYSSENI

560 273 766 318 ΘΕΩΡΙΛ
798 272 883 314 ΕΙΣ
913 270 1026 313 TON
1065 272 1066 279 ‘

1117 268 1178 310 )1"
1214 237 1436 310 Mozmz
1474 266 1616 308 BION.

477 447 730 492 MYSTICA
761 441 1252 489 INTERPRETATIO
1278 441 1440 487 VITAE
1469 439 1707 485 MOYSIS.

317 633 384 660 Cum
400 631 578 659 masculinam
593 629 748 657 Judmorum
770 629 872 665 prolem
892 628 1000 664 tyranni
1020 629 1063 656 lex
1078 629 1098 658 Α

283 679 458 705 occidendam
482 677 588 708 statuit,
616 680 681 703 tunc
702 675 807 710 Moyses
831 675 963 702 nascitur.
989 674 1064 706 Quo-

283 733 344 751 nam
364 725 445 758 igitur
458 728 545 758 pacto,
570 723 642 749 dicet
657 722 804 757 quispiam.
823 721 862 748 sic
880 724 945 747 tunc
962 720 1031 747 forte
1049 727 1064 746 a

283 775 398 805 tyranno
412 770 452 795 lex
466 769 596 795 adversus
614 767 731 794 infantes
746 768 801 793 lata
813 770 865 803 est,
881 774 942 793 cum
960 765 1066 800 Moyses

283 815 309 842 in
331 816 426 841 matris
445 819 539 841 ventre.
556 814 705 846 ferebatur,
723 812 878 847 hujusmodi
893 820 943 846 ego
956 816 1063 846 partum
1080 827 1085 830 -

282 859 382 886 inuitari
400 859 512 894 potero?
529 858 584 885 Nec
600 858 672 885 cnim
689 858 715 884 in
731 860 864 892 potestate
884 857 1003 883 hominis
1013 859 1065 888 est,

282 912 343 930 cum
366 905 493 935 voluerit,
510 903 596 930 nasci.
614 902 666 929 Sed
692 903 743 929 hoc
763 902 889 928 litteralis
907 908 1005 928 sensus
1022 901 1064 927 Iti-

282 949 373 975 storia:
386 953 437 980 est,
454 957 514 983 qua:
531 953 560 974 ut
576 947 609 974 ad
629 955 718 974 mores
737 946 966 978 accommodetur,
984 946 1065 972 altius

283 993 465 1027 intelligenda.
479 993 582 1020 Cuncta
593 1000 657 1026 ergo
669 1000 728 1026 qua:
743 992 930 1018 inmutatione
947 998 978 1017 ac
991 991 1064 1017 ﬁuxu

283 1039 369 1073 posita
390 1043 464 1071 sunt,
487 1046 626 1072 nunquam
647 1038 723 1064 ﬁrnta
741 1042 859 1069 manent,
882 1037 927 1064 sed
948 1037 1064 1064 alterum

243 1116 246 1122 ‘
282 1093 315 1111 ea
329 1085 415 1111 altero
437 1085 565 1118 gignitur,
593 1087 619 1110 ct
632 1087 679 1110 aut
698 1083 730 1109 ad
752 1083 859 1114 meliusI
879 1087 925 1108 aut
938 1082 969 1108 ad
987 1082 1064 1116 pejus

282 1137 389 1164 sunper
403 1130 492 1156 exitus
504 1130 542 1156 tit.
560 1130 587 1156 In
603 1128 759 1156 hominibus
775 1133 864 1154 autent
877 1127 995 1154 carnalis
1007 1127 1064 1154 haec

280 1180 307 1202 et
320 1175 554 1210 perturbationum
580 1175 659 1209 plena
683 1173 837 1209 dispositio,
862 1180 923 1207 qua!
948 1176 1064 1207 tyranno

282 1229 313 1248 ac
330 1221 402 1248 hosti
415 1221 526 1248 humani
541 1220 649 1256 generis
669 1220 766 1255 placet,
786 1226 818 1245 ac
833 1219 894 1245 ideo
913 1225 972 1245 eam
993 1217 1063 1244 fovet

281 1268 390 1302 vitaque
409 1259 503 1298 donat,
528 1274 576 1301 per
600 1266 759 1293 muliebrem
782 1271 875 1291 sexum
898 1264 1061 1291 ostenditur.

284 1312 374 1339 Virilis
391 1319 455 1340 vero
475 1316 571 1348 partus
587 1315 701 1346 tyranno
719 1309 843 1337 infensus
863 1313 890 1335 et
907 1312 1062 1342 suspectus,

281 1367 316 1386 ne
332 1359 400 1385 forte
421 1358 569 1385 seditiones
596 1357 622 1384 in
641 1363 724 1392 regno
750 1358 868 1386 moveat,
893 1354 1008 1390 rigidam
1036 1358 1064 1382 et

282 1406 380 1432 fortem
401 1405 528 1431 virtutem
542 1402 687 1438 signiﬁcat.
705 1401 752 1429 Est
766 1406 858 1428 autent
873 1401 927 1428 vita
944 1401 1063 1428 humana

282 1447 425 1475 mutationi
446 1455 554 1482 semper
571 1446 734 1481 supposita:
757 1453 843 1480 quare
865 1448 982 1480 oportet,
1001 1452 1064 1472 cum

282 1502 336 1521 non
352 1494 387 1521 sit
404 1498 504 1521 :eterna
522 1497 549 1520 et
573 1492 760 1522 immutabilis,
782 1499 890 1526 seraper
909 1491 996 1518 nasci.
1018 1490 1064 1518 Sic

282 1543 371 1566 autem
385 1539 460 1566 nasci
476 1545 530 1565 non
547 1538 634 1565 aliena
651 1538 678 1564 ﬁt
695 1537 871 1572 appetitione,
894 1544 948 1563 non
960 1536 1063 1563 extrin-

283 1591 373 1616 secus,
390 1587 419 1610 ut
435 1584 462 1611 in
478 1582 615 1618 corporali
631 1582 781 1612 nativitate,
795 1581 842 1608 sed
856 1581 989 1608 electione
1003 1588 1065 1615 pro-

284 1630 343 1664 pria
367 1629 557 1663 unusquisque
575 1627 698 1655 nascitur
714 1636 721 1653 :
740 1626 812 1654 unde
831 1626 870 1658 ﬁt,
896 1630 926 1653 ut
946 1633 997 1653 nos
1013 1625 1065 1660 ipsi

285 1678 375 1710 patres
399 1672 600 1708 quodammodo
624 1671 711 1699 simus
737 1671 834 1703 nostri,
863 1671 1066 1706 qttalescunqne

283 1727 333 1747 nos
348 1720 473 1746 volumus
487 1718 620 1746 electione
634 1718 785 1753 gignentes,
796 1722 826 1751 et
845 1721 891 1744 aut
903 1724 1006 1744 marem
1020 1721 1066 1744 aut

283 1763 422 1795 feminam,
440 1763 497 1790 vitii
516 1770 548 1790 ac
562 1763 670 1790 virtutis
684 1762 791 1789 ratione
813 1761 956 1796 ﬁngentes.
973 1761 1066 1796 Itaque

283 1809 347 1836 licet
367 1809 445 1836 nobis
462 1808 594 1843 profecto,
610 1815 672 1835 cum
692 1807 835 1834 audiamus
854 1810 957 1842 quanta
980 1806 1066 1834 |10stis

285 1859 377 1881 noster
391 1854 509 1881 aﬁicitur
529 1854 659 1881 maestitia
679 1852 836 1880 masculine
852 1852 947 1886 prolis,
968 1851 995 1878 id
1013 1855 1066 1884 est,

284 1901 385 1927 virtute
399 1899 504 1934 praaditi
518 1899 569 1925 viri
585 1898 744 1925 nativitate:
762 1898 835 1929 licet,
852 1897 973 1932 inquam,
987 1897 1067 1924 nobis

285 1952 375 1972 mares
391 1953 439 1972 nos
457 1945 530 1979 ipsos
545 1945 656 1979 gignere
669 1952 701 1971 ac
717 1944 875 1978 parentibus
892 1944 1004 1975 nostris,
1020 1951 1067 1970 co-

286 1989 463 2024 gitalionibus
483 1990 587 2016 scilicet
607 1989 686 2016 bonis
709 1997 770 2024 qum
790 1990 919 2016 virtutem
947 1988 1064 2024 pariunt,

287 2035 452 2067 voluptatem
469 2034 565 2060 atTerre
578 2042 584 2060 :
597 2033 718 2068 jucunda
732 2034 804 2060 enim
820 2027 861 2061 est
872 2034 1000 2069 cogitatio
1012 2034 1066 2061 vir-

286 2078 363 2105 tutis.
381 2077 447 2110 Qute
459 2079 584 2113 voluptas
602 2078 681 2106 facile
694 2077 769 2111 facit,
783 2083 813 2105 ut
825 2079 852 2105 in
867 2079 966 2106 virtute
977 2087 1068 2114 perse-

288 2130 420 2154 veremus,
442 2127 472 2149 ut
494 2126 589 2149 contra
609 2122 766 2157 tyrannicas
789 2123 871 2150 etiam
895 2123 967 2157 leges
987 2128 1068 2158 atque

287 2168 412 2196 instituta
428 2168 563 2195 vivamus.
584 2168 612 2195 Id
627 2168 710 2202 igitur
726 2168 868 2203 aenigmate
884 2168 1004 2195 historia).
1022 2176 1068 2196 ve-

287 2214 355 2240 ritas
376 2220 426 2240 nos
443 2214 532 2245 docet,
556 2217 584 2240 ut
599 2213 672 2240 omni
696 2213 836 2247 diligentia
859 2213 1017 2240 studeamus
1040 2213 1068 2241 in

287 2259 339 2286 hoc
351 2263 440 2293 partu,
452 2259 498 2293 qui
519 2259 545 2285 in
560 2259 638 2286 nobis
655 2263 706 2293 est,
733 2259 769 2285 ita
782 2259 869 2291 nasci.
885 2264 914 2286 ut
928 2259 999 2287 hosti
1020 2267 1069 2287 no-

287 2308 345 2331 stro
363 2308 456 2339 partus
472 2309 566 2331 noster
583 2305 714 2331 molestus
734 2305 786 2337 sit;
811 2313 890 2332 nemo
909 2306 980 2332 enim
997 2305 1068 2333 hosti

289 2349 446 2376 maestitiam
466 2349 554 2380 affert,
574 2350 626 2376 nisi
652 2358 683 2377 ea
708 2351 784 2385 signa
806 2351 942 2382 ostendat,
969 2351 1068 2385 quibus

288 2395 333 2421 ille
349 2395 449 2421 victum
469 2402 497 2421 se
517 2395 604 2429 possit
627 2403 798 2430 cognoscere.
821 2396 867 2423 Est
886 2400 975 2423 autem
995 2396 1069 2431 ejus-

288 2440 350 2467 dem
374 2441 520 2467 voluntatis
543 2441 690 2468 masculam
715 2442 796 2468 edere
818 2442 931 2475 prolem.
952 2449 983 2467 ac
1008 2449 1067 2468 eam

289 2486 484 2513 convenienter
499 2474 616 2518 nutrire,
632 2490 658 2512 et
676 2486 813 2521 quomodo
832 2486 859 2513 in
875 2487 953 2520 aquis
968 2487 1067 2513 salvari

290 2530 385 2565 possit,
402 2530 552 2565 providere.
569 2529 635 2557 Nam
648 2531 694 2566 qui
709 2531 779 2558 hosti
791 2534 885 2564 partus
903 2537 967 2557 suos
986 2530 1068 2557 inter-

291 2575 418 2603 ﬁciendos
437 2576 604 2608 condonant.
621 2577 648 2603 hi
664 2576 751 2603 nudos
767 2576 835 2603 ﬁlios
849 2575 975 2603 ﬂuctibus
990 2583 1069 2611 expo-

289 2626 367 2648 nunt.
389 2620 513 2649 Fluctum
539 2627 626 2648 autem
643 2629 775 2656 aquarum
801 2621 870 2648 hanc
892 2622 975 2648 vitam
995 2622 1067 2654 dico,

290 2667 317 2694 in
333 2674 385 2702 qua
402 2667 652 2702 perturbationibus
669 2667 782 2693 alternis
801 2666 878 2692 multi
901 2667 1066 2693 obruuntur.

289 2712 322 2740 At
337 2720 400 2739 vero
412 2712 590 2746 cogitationes
605 2716 687 2738 casta:
700 2719 730 2738 ac
748 2711 865 2746 providze
874 2711 960 2739 virilis
975 2716 1069 2746 partus

290 2761 424 2792 parentes.
443 2757 466 2784 si
484 2756 592 2790 quando
608 2757 668 2782 vitae
690 2756 852 2783 necessitate
870 2756 938 2783 bona
958 2757 1069 2791 pignora

289 2806 423 2837 cogantur
440 2801 566 2828 ﬂuctibus
589 2801 650 2828 vita:
669 2801 750 2834 hujus
773 2808 920 2835 exponere,
945 2802 989 2829 illa
1011 2810 1070 2829 mu-

1149 626 1214 652 Ὅτε
1227 622 1453 658 καταφθείρεσθαι
1470 621 1500 648 τὸ
1513 621 1596 656 ἄρρεν
1610 621 1625 647 ὁ
1639 618 1795 655 τυραννικὸς
1811 618 1899 646 διεκε-

1116 671 1208 698 λεύετο
1223 672 1303 705 νόμος
1314 677 1321 684 ”
1341 669 1400 696 τότε
1417 668 1542 702 γεννᾶται
1558 668 1571 693 ὁ
1585 666 1696 701 Μωσῆς.
1713 667 1774 697 Πῶς
1789 663 1835 692 οὖν
1849 666 1900 699 τὴν

1117 717 1278 752 συντυχικὴν
1304 715 1350 742 τοῦ
1382 714 1476 748 ἀνδρὸς
1505 713 1629 748 γέννησιν
1655 713 1687 738 ὲκ
1716 711 1899 747 προαιρέσεως

1115 764 1195 798 ἡμεῖς
1222 761 1408 797 μιμησόμεθας
1427 759 1464 786 Οὐ
1492 759 1546 794 γὰρ
1569 758 1601 794 δὴ
1617 759 1664 785 καὶ
1687 757 1765 784 τοῦτο
1781 757 1836 783 τῶν
1856 759 1899 794 ἐφ’

1116 813 1181 846 ἡμῖν
1197 808 1263 837 εἶναι
1296 810 1401 840 πάντως
1423 809 1481 843 ἐρεῖ
1494 816 1550 839 τις,
1567 807 1637 833 ὥστε
1652 807 1820 842 μιμήσασθαί
1840 816 1901 834 τινα

1116 859 1148 893 τῇ
1169 857 1229 884 καθ’
1243 856 1337 882 ἑαυτὸν
1352 856 1474 889 γεννήσει
1497 854 1541 880 τὸν
1560 854 1701 888 εὐδόκιμον
1717 854 1806 881 τόκον.
1830 855 1899 881 Ἀλλ’

1116 903 1189 930 οὐδὲν
1202 902 1317 938 χαλεπὸν
1329 921 1336 933 ,
1352 902 1382 927 ὲκ
1403 900 1450 926 τοῦ
1467 899 1607 930 δοκοῦντος
1623 900 1834 936 ὅυσχερεστέρου
1850 901 1900 935 τῆς

1118 949 1258 984 μιμήσεως
1272 946 1404 982 ἄρξασθαι
1417 954 1424 960 ·
1443 945 1484 976 τίς
1504 945 1557 980 γὰρ
1575 945 1625 971 οὐκ
1640 943 1709 971 οἶδεν
1719 965 1725 974 ,
1741 945 1781 971 ὃτι
1804 948 1857 972 πᾶν
1869 946 1900 972 τὺ

1115 996 1144 1020 ὲν
1161 993 1298 1021 ἀλλοιώσει
1314 992 1437 1027 κείμενον
1450 1011 1457 1022 ,
1470 991 1595 1017 οὐδέποτε
1610 990 1674 1016 αὐτὸ
1685 991 1726 1024 ἐφ’
1738 990 1834 1017 ἑαυτοῦ
1852 991 1900 1026 μὲ-

1115 1047 1155 1065 νει
1167 1046 1173 1053 ·
1192 1038 1247 1064 ἀλλ’
1263 1038 1355 1072 ἕτερον
1371 1036 1400 1068 ἐξ
1412 1036 1504 1070 ἐτέρου
1521 1036 1633 1061 πάντοτε
1648 1035 1768 1068 γίνεται,
1787 1035 1853 1069 πρὸς
1869 1036 1901 1062 τὸ

1116 1085 1248 1119 κρεῖττον,
1269 1083 1284 1118 ῆ
1298 1083 1365 1117 πρὸς
1381 1082 1411 1108 τὸ
1424 1083 1512 1116 χεῖρον
1528 1082 1570 1108 ἀεὶ
1585 1081 1635 1115 τῆς
1650 1081 1817 1113 ἀλλοιώσεως
1828 1083 1900 1116 ἐνερ-

1115 1130 1268 1164 γουμένης;
1290 1128 1411 1154 Νοεισθω
1436 1128 1464 1154 δὲ
1486 1127 1547 1154 καθ’
1563 1127 1699 1154 ὑπόθεσιν.
1719 1127 1752 1153 Ἦ
1778 1127 1827 1162 μὲν
1846 1127 1900 1163 γὰρ

1115 1175 1194 1210 ὑλική
1210 1183 1240 1200 τε
1257 1175 1303 1200 καὶ
1324 1173 1516 1208 ὲμπαθεστέρα
1531 1172 1649 1204 διάθεσις
1661 1193 1668 1204 ,
1686 1172 1752 1208 πρὸς
1770 1172 1803 1207 ἧν
1824 1174 1841 1208 ἡ
1855 1174 1900 1199 ἀν-

1115 1219 1237 1254 θρωπίνη
1261 1218 1341 1252 φύσις
1367 1216 1605 1244 κατολισθαίνουσα
1634 1216 1764 1252 φέρεται,
1785 1217 1816 1242 τὸ
1832 1217 1898 1251 θῆλυ

1115 1265 1164 1299 τῆς
1181 1264 1254 1298 ζωῆς
1266 1283 1272 1295 ,
1288 1263 1302 1290 ὃ
1320 1262 1357 1298 τῷ
1373 1262 1494 1297 τυράννῳ
1509 1261 1583 1295 φίλον
1598 1262 1656 1287 ἐστὶ
1668 1260 1896 1295 ζωογονούμενον·

1114 1310 1145 1337 τὸ
1155 1310 1183 1336 δὲ
1195 1309 1377 1344 κατεσκληκός
1389 1317 1418 1334 τε
1434 1309 1480 1334 καὶ
1497 1308 1620 1334 σύντονον
1630 1307 1679 1342 τῆς
1696 1306 1797 1342 ἀρετῆς
1807 1326 1814 1339 ,
1829 1307 1844 1333 ὸ
1857 1308 1900 1333 ἀν-

1114 1355 1217 1390 δρώδης
1238 1354 1332 1386 τόκος,
1355 1355 1369 1380 ὁ
1389 1353 1516 1388 πολέμιος
1537 1353 1576 1388 τῷ
1595 1353 1735 1388 τυράννῳ,
1761 1353 1808 1379 καὶ
1831 1354 1899 1388 πρὸς

1115 1401 1297 1428 ἐπανάστασιν
1322 1400 1371 1435 τῆς
1386 1401 1472 1436 ἀρχῆς
1494 1399 1576 1426 αὐτοῦ
1593 1399 1720 1430 ὕποπτος.
1743 1400 1789 1426 Δεῖ
1807 1397 1852 1426 οὖν
1869 1399 1900 1425 τὸ

1115 1445 1303 1481 ἀλλοιούμενον
1319 1454 1379 1478 που,
1398 1446 1441 1472 ἀεὶ
1456 1446 1565 1476 πάντως
1577 1444 1730 1478 γεννᾶσθαι.
1748 1444 1785 1471 Οὐ
1802 1444 1856 1480 γὰρ
1866 1445 1901 1472 ἄν

1115 1499 1141 1516 τι
1152 1490 1206 1517 τῶν
1220 1490 1333 1517 πάντοτε
1349 1489 1477 1520 ὡσαύτως
1489 1489 1619 1524 ἐχόντων,
1636 1489 1664 1515 ὲν
1679 1490 1712 1524 τῇ
1730 1491 1833 1524 τρεπτῇ
1848 1489 1900 1523 φύ-

1117 1544 1158 1562 σει
1178 1535 1342 1571 θεωρηθείη.
1357 1535 1394 1561 Τὸ
1415 1535 1443 1561 δὲ
1457 1534 1528 1561 οὕτω
1544 1534 1688 1569 γεννᾶσθαι
1704 1535 1754 1562 οὐκ
1776 1535 1806 1568 ἐξ
1823 1535 1901 1562 ἀλλο-

1115 1581 1193 1617 τρίας
1207 1582 1281 1607 ἐστὶν
1299 1581 1404 1616 ὁρμῆς,
1420 1580 1481 1607 καθ’
1497 1581 1642 1616 ὁμοιότητα
1662 1580 1716 1607 τῶν
1738 1582 1901 1616 σωματικῶς

1115 1627 1146 1653 τὺ
1171 1626 1276 1662 συμϐὰν
1292 1625 1520 1660 ἀπογεννῶντων·
1546 1626 1603 1652 ἀλλ’
1626 1626 1658 1652 ἐκ
1676 1626 1861 1661 προαιρέσεως
1887 1627 1901 1651 ὁ

1115 1671 1235 1703 τοιοῦτος
1254 1671 1358 1705 γίνεται
1384 1671 1472 1702 τόκος.
1497 1671 1550 1697 Καί
1576 1672 1658 1706 ἐσμεν
1681 1671 1783 1698 ἑαυτῶν
1801 1672 1902 1708 τρόπον

1115 1717 1175 1744 τινὰ
1186 1717 1302 1752 πατέρες
1312 1737 1319 1749 ,
1333 1717 1445 1748 ἑαυτοὺς
1459 1717 1530 1749 οἴους
1545 1716 1577 1744 ἂν
1590 1717 1735 1752 ἐθέλωμεν,
1753 1717 1901 1749 τίκτοντες,

1116 1763 1164 1790 καὶ
1181 1763 1235 1789 ἀπὸ
1248 1763 1298 1798 τῆς
1319 1763 1386 1795 ἰδίας
1403 1763 1588 1798 προαιρέσεως
1605 1764 1644 1794 εἰς
1662 1763 1730 1798 ὅπερ
1749 1762 1780 1789 iv
1803 1763 1900 1790 ἐθέλω-

1119 1817 1168 1844 μεν
1183 1807 1268 1841 εῐδος,
1284 1809 1300 1844 ἦ
1314 1809 1397 1844 ἄρρεν
1412 1809 1428 1844 ἦ
1446 1809 1512 1842 θῆλυ
1522 1829 1529 1841 ,
1543 1808 1582 1844 τῷ
1591 1809 1639 1844 τῆς
1656 1809 1756 1844 ἀρετῆς
1768 1809 1785 1844 ἢ
1803 1809 1902 1841 κακίας

1117 1854 1188 1890 λόγῳ
1207 1854 1443 1890 διαπλασσόμενοι.
1465 1855 1519 1881 Καὶ
1534 1854 1620 1887 ἔξεστι
1636 1854 1682 1881 καὶ
1697 1855 1763 1889 ἡμῖν
1783 1855 1901 1886 πάντως,

1117 1899 1229 1930 ἄκοντος
1261 1899 1309 1926 τοῦ
1338 1900 1469 1935 τυράννου
1499 1900 1546 1926 καὶ
1575 1899 1764 1934 λυπουμένου,
1791 1898 1838 1926 ἐπὶ
1867 1901 1902 1934 τῇ

1117 1945 1276 1981 ἀστειοτέρα
1293 1946 1417 1980 γεννήσει
1430 1945 1573 1980 παρελθεῖν
1588 1953 1618 1970 τε
1637 1945 1676 1976 εἰς
1693 1944 1765 1978 φῶς,
1784 1944 1831 1970 καὶ
1847 1945 1904 1975 τοῖς

1118 1991 1224 2026 γονεῦσι
1240 1991 1286 2018 τοῦ
1306 1991 1387 2018 καλοῦ
1405 1991 1499 2018 τούτου
1517 1992 1656 2026 κυήματος
1683 1989 1817 2027 (λογισμοὶ
1835 1990 1857 2016 δ’
1871 1988 1906 2015 ἂν

1118 2033 1172 2062 εἷεν
1189 2033 1261 2062 οὗτοι
1278 2037 1302 2062 οἱ
1319 2036 1369 2071 τῆς
1381 2035 1480 2071 ἀρετῆς
1495 2036 1631 2070 γινόμενοι
1645 2035 1779 2070 πατέρες)
1789 2034 1905 2069 ὀφθῆναί

1117 2089 1147 2107 τε
1170 2080 1230 2115 μεθ’
1249 2080 1346 2115 ἡδονῆς
1357 2099 1365 2112 ,
1383 2081 1430 2107 καὶ
1448 2080 1661 2114 ζωογονηοῆναι·
1677 2080 1729 2106 κᾶν
1745 2079 1905 2106 ὑπεναντίον

1117 2123 1134 2160 ᾖ
1147 2125 1185 2160 τῷ
1198 2125 1244 2152 τοῦ
1260 2126 1390 2161 τυράννου
1404 2127 1566 2162 φρονήματι.
1583 2125 1686 2153 οὐκοῦν
1697 2147 1705 2159 ,
1718 2126 1756 2158 ὡς
1770 2125 1802 2152 ἄν
1815 2134 1858 2157 τις
1870 2126 1905 2152 ὲκ

1117 2171 1168 2206 τῆς
1184 2171 1303 2206 ἱστορίας
1317 2171 1367 2203 τὰς
1380 2171 1507 2207 ἀφορμὰς
1521 2171 1621 2203 λασὼν,
1635 2172 1681 2198 ἐπὶ
1695 2171 1725 2198 τὸ
1738 2172 1904 2207 γυμνότερον

1117 2217 1292 2243 διακαλύπτοι
1314 2217 1345 2243 τὸ
1369 2216 1504 2252 αἴνιγμα·
1525 2217 1605 2244 τοῦτο
1631 2217 1749 2244 διδάσκει
1777 2217 1792 2243 ό
1815 2216 1903 2250 λόγος,

1118 2260 1204 2295 ἀρχὴν
1216 2261 1263 2287 τοῦ
1280 2261 1340 2287 κατ’
1357 2261 1457 2296 ἀρετὴν
1476 2261 1612 2288 ποιεῖσθαι
1629 2261 1704 2296 βίου,
1726 2261 1755 2288 τὸ
1770 2261 1816 2288 ἐπὶ
1831 2261 1904 2296 λύπῃ

1117 2305 1164 2332 τοῦ
1180 2305 1276 2341 ἐχθροῦ
1286 2306 1456 2341 γεννηθῆναι,
1472 2307 1501 2333 ὲν
1517 2306 1556 2342 τῷ
1567 2307 1679 2341 τοιούτῳ
1696 2307 1767 2341 φημὶ
1782 2306 1832 2341 τῆς
1843 2315 1905 2340 γεν·

1119 2352 1221 2387 νήσεως
1234 2352 1314 2385 εἴδει,
1330 2350 1365 2388 ἧς
1381 2354 1396 2388 ὴ
1418 2353 1576 2388 προαίρεσις
1592 2353 1640 2388 τὴν
1655 2353 1736 2379 ὠδῖνα
1750 2353 1903 2387 μαιεύεται.

1118 2398 1156 2423 Οὐ
1168 2397 1222 2433 γὰρ
1238 2398 1269 2424 ἄν
1286 2407 1328 2429 τις
1343 2398 1472 2432 λυπήσειε
1486 2398 1530 2424 τὸν
1553 2398 1714 2429 ἀντίπαλον,
1737 2398 1774 2433 μὴ
1792 2398 1905 2424 τοιαῦτα

1118 2442 1223 2473 δεικνὺς
1237 2443 1278 2476 ἐφ’
1294 2444 1389 2470 ἑαυτοῦ
1402 2445 1593 2478 γνωρίσματα,
1612 2442 1656 2470 οἷα
1668 2446 1716 2479 τῆς
1729 2445 1787 2469 κατ’
1796 2444 1904 2470 ἐκείνου

1119 2488 1196 2522 νίκης
1211 2489 1348 2524 τεκμήρια
1359 2489 1491 2523 γίνεσθαι,
1500 2490 1555 2524 Τῆς
1566 2490 1594 2516 δὲ
1612 2490 1696 2524 αὐτῆς
1719 2489 1905 2524 προαιρέσεως

1119 2532 1227 2564 πάντως
1243 2534 1318 2564 ἐστὶ,
1344 2534 1471 2568 γεννῆσαί
1494 2543 1523 2560 τε
1552 2535 1582 2560 τὸ
1608 2534 1728 2569 ἀνδρεῖον
1753 2534 1831 2560 τοῦτο
1856 2534 1907 2559 καὶ

1119 2577 1245 2613 ἐνάρετον
1260 2579 1391 2614 γέννημα·
1405 2580 1452 2606 καὶ
1464 2581 1522 2611 ταῖς
1534 2579 1717 2614 καθηκούσαις
1731 2579 1843 2614 τροφαῖς
1862 2587 1905 2604 τι-

1120 2622 1288 2657 θηνήσασθαι
1300 2632 1308 2639 ”
1326 2625 1372 2651 καὶ
1386 2625 1460 2657 ὅπως
1478 2625 1510 2651 ἂν
1533 2626 1564 2651 ὲκ
1584 2624 1631 2650 τοῦ
1651 2625 1745 2657 ὓδατος
1759 2624 1906 2658 διασωθεξη

1119 2668 1232 2700 ἀπαθῶς
1247 2671 1456 2704 προνοήσασθαι.
1475 2671 1505 2697 Οἱ
1519 2671 1566 2705 μὲν
1583 2670 1637 2706 γὰρ
1649 2670 1688 2705 τῷ
1705 2671 1828 2705 τυράννῳ
1842 2671 1907 2701 τοὺς

1119 2713 1215 2744 τόκους
1231 2714 1318 2740 αὐτῶν
1335 2715 1517 2750 χαριζόμενοι,
1536 2716 1627 2750 γυμνά
1642 2725 1670 2742 τε
1688 2717 1734 2743 καὶ
1749 2716 1907 2750 ἀπρονόητα

1120 2756 1159 2791 τῷ
1177 2757 1277 2793 ῥείθρῳ
1288 2759 1322 2784 τὰ
1336 2759 1418 2785 τέκνα
1434 2760 1588 2786 ἓιαδιδόασι.
1612 2760 1733 2795 Ῥεῖθρον
1745 2761 1773 2786 δὲ
1783 2760 1829 2786 τοῦ
1846 2760 1907 2794 βίον

1121 2803 1203 2837 φημὶ,
1217 2803 1261 2829 τὸν
1273 2805 1327 2835 τοῖς
1341 2804 1499 2840 ἐπαλλήλοις
1512 2805 1609 2832 πάθεσι
1622 2806 1827 2841 κυματούμενον
1836 2813 1845 2821 ο
1861 2806 1908 2840 ὑφ’
