1977 3071
117 46 164 74 59.9

780 40 823 68 DE
844 40 925 67 V'l'l'A
945 40 1082 68 MOYSIS.

1682 42 1734 69 530

116 102 143 133 οὗ
165 105 195 132 τδ
212 104 241 131 ὲν
268 104 305 139 τῷ
328 104 427 139 ῥείθρῳ
451 103 607 139 γινόμενον.
625 102 787 138 ὑποϐρύχιον
814 110 896 128 κατα-

958 101 1028 128 tiunt
1041 101 1146 132 arcula,
1155 107 1190 128 ue
1205 101 1338 128 undarum
1349 101 1451 136 impetu
1459 102 1678 136 submergantur.
1687 102 1734 130 Est

116 151 203 179 δύεταί
218 159 247 177 τε
265 151 311 176 καὶ
325 150 532 184 καταπνίγεται.
555 150 587 176 Oi
603 149 631 175 δὲ
652 148 788 183 σώφρονές
805 156 834 174 τε
851 147 898 174 καὶ

117 195 285 232 προνοητικοὶ
299 194 433 230 λογισμοὶ,
441 196 464 221 οἱ
477 195 525 230 τῆς
536 194 661 230 ἀνδρείας
675 193 756 228 γονῆς
771 193 897 227 πατέρες,

116 243 177 269 ὅταν
192 241 322 275 κατάγειν
336 241 404 276 πρὸς
420 241 454 267 τὰ
470 240 519 275 τῆς
537 240 608 275 ζωῆς
626 239 735 274 κύματα
754 238 784 264 τὸ
797 237 899 272 ἀγαθὸν

115 288 223 321 ἔκγονον
237 287 253 322 ἡ
267 286 315 313 τοῦ
337 286 393 321 βίον
411 286 516 321 ἀνάγκη
542 285 668 320 βιάσηται
680 306 687 315 ,
703 283 811 319 κιϐωτῷ
831 283 899 319 πρὸς

116 333 143 358 τὸ
159 332 195 367 μὴ
212 331 338 366 γενέσθαι
364 331 454 366 βύθιον
478 330 523 357 τὸν
544 330 584 364 τῷ
602 329 702 365 ῥείθρῳ
724 329 833 356 δοθέντα
848 337 899 355 κα-

115 377 331 412 τασφαλίξονται.
348 376 471 407 Κιὸωτδς
488 376 510 402 δ’
527 376 560 402 ἂν
582 377 623 411 εἴη
643 376 675 401 ἐκ
690 375 825 409 διαφόρων
853 383 900 400 σα-

116 423 191 448 νίδων
209 422 415 456 συμπεπηγυῖα,
430 421 446 456 ὴ
462 422 494 447 ἐκ
509 420 639 447 ποικίλων
652 419 820 454 μαθημάτων
835 428 900 454 συμ-

117 467 275 502 πηγνυμένη
289 467 447 498 παίδευσις,
470 467 486 501 ἡ
502 467 558 493 ἄνω
582 465 638 492 τῶν
661 465 788 500 κυμάτων
806 465 852 492 τὸν
866 465 899 492 δι’

117 513 197 547 αὐτῆς
212 512 409 547 ἐπιφερόμενον
432 511 480 538 τοῦ
506 511 564 546 βίου
590 511 737 546 ἅνέχουσα’
757 508 790 545 ἧς
813 510 900 546 ὑπαρ-

117 557 230 593 χούσης,
245 558 304 584 οὐδὲ
318 558 363 584 ἐπὶ
378 557 444 584 πολὺ
464 557 502 592 τῷ
519 557 592 592 σάλῳ
608 556 663 583 τῶν
678 557 780 583 ὑδάτων
794 556 899 591 ἐμπλα-

117 603 270 639 νηθήσεται,
288 604 347 635 ταῖς
361 603 414 629 τῶν
430 603 559 637 κυμάτων
572 604 670 637 ὁρμαῖς
685 603 898 638 συμφερόμενος·

116 649 171 676 ἀλλ’
192 650 238 675 ἐπὶ
252 649 298 675 τοῦ
320 648 452 685 σταθεροῦ
471 650 521 683 τῆς
534 648 634 683 ὄχθης,
652 647 723 674 τοῦτ’
741 648 814 674 ἐστιν
825 668 832 679 ,
849 647 901 681 ἔξω

117 697 160 722 to?
177 694 303 729 βιωτικοῦ
321 694 401 721 σάλου
420 694 562 728 γινόμενος
574 714 580 726 ,
600 693 759 728 αὐτομάτως
781 693 832 719 ὑπὸ
852 694 901 728 τῆς

118 740 200 776 φορᾶς
213 739 265 766 τῶν
282 740 384 766 ὑδάτων
410 739 477 774 πρὸς
492 739 522 765 τὸ
540 739 674 774 σταθηρὸν
698 738 899 773 ἀπωσθήσεται.

120 787 151 812 Ὃ
165 786 197 819 δὴ
221 785 268 811 καὶ
291 787 324 820 τῇ
341 785 423 819 πείρᾳ
440 784 628 819 μανθάνομεν·
653 784 694 810 ὅτι
717 784 764 810 καὶ
786 784 849 815 τοὺς
865 783 903 819 μὴ

119 831 422 865 συνδιαόαπτιζομένους
435 830 475 856 ἐτι
494 831 553 860 ταῖς
576 830 758 864 ἀνθρωπίναις
774 830 901 862 ἀπάταις,

118 876 205 903 αὐτῶν
216 876 270 902 τῶν
286 876 455 911 πραγμάτων
469 875 485 909 ἠ
497 874 612 906 ἄστατός
625 883 655 900 τε
665 874 712 901 καὶ
726 874 903 909 πεφορημένη

118 924 223 958 κίνησις
238 923 283 956 ἀφ’
298 923 396 956 ἑαυτῆς
412 921 562 948 ἀπωθεῖται
574 940 581 951 .
598 920 692 955 ὥσπερ
709 929 735 946 τι
754 920 836 955 βάρος
853 920 905 955 μά-

118 977 206 997 ταιον,
225 969 287 1000 τοὺς
299 968 343 995 διὰ
355 968 404 1002 τῆς
417 966 516 1001 ἀρετῆς
536 965 709 1000 ἐνοχλοῦντας
733 965 902 1000 λογιζομένη.

124 1013 152 1038 '0
178 1012 207 1038 δὲ
223 1012 276 1038 τῶν
300 1010 427 1037 τοιούτων
443 1010 495 1042 ἔξω
517 1009 662 1045 γενόμενος
676 1031 683 1042 ,
702 1009 837 1046 μιμείσθω
859 1010 905 1036 τὸν

118 1058 230 1087 Μωπέα,
242 1057 288 1084 καὶ
303 1057 339 1091 μὴ
355 1055 486 1090 φειδέσθω
498 1055 552 1082 τῶν
565 1055 700 1091 δακρύων,
713 1055 764 1082 κᾶν
778 1057 806 1082 ὲν
821 1055 905 1082 κιϐω-

119 1103 156 1138 τῷ
175 1103 428 1138 κατησφαλισμένος
443 1103 522 1138 τύχῃ.
545 1103 674 1138 Ἀκριῦὴς
688 1103 741 1137 γὰρ
752 1102 839 1137 φύλαξ
852 1103 906 1130 τῶν

119 1149 152 1175 δι’
166 1148 265 1184 ἀρετῆς
280 1148 450 1183 σωζομένων,
463 1149 492 1175 τὸ
504 1148 630 1183 δάκρυον.
643 1149 674 1174 Et
689 1148 718 1174 δὲ
735 1149 862 1183 ἡ.ἇ.γονός
875 1158 905 1175 τε

120 1195 166 1220 καὶ
192 1196 286 1230 στεῖρα
305 1194 434 1230 βασιλέως
456 1192 523 1233 οὖσα
541 1193 662 1229 Θυγάτηρ
689 1194 742 1229 (ἢν
764 1192 840 1229 οἶμαι
856 1194 905 1229 τὴν

119 1239 218 1271 ἔξωθεν
244 1241 345 1276 κυρίως
361 1240 476 1267 νοεῖσθαι
500 1238 904 1274 φιλοσοφίαν),ὺποὸαλλομένη

120 1285 165 1312 τὸν
178 1285 236 1312 νέον
246 1306 253 1316 ,
273 1287 363 1321 μήτηρ
379 1285 426 1312 τοῦ
451 1285 570 1311 τοιούτου
588 1284 720 1320 κληθῆναι
734 1285 904 1311 κατασκευά-

121 1338 205 1356 σειεν·
219 1330 270 1361 ἕως
285 1331 344 1356 τότε
361 1330 496 1364 συγχωρεῖ
509 1329 523 1355 ὁ
535 1329 613 1363 λόγος
627 1328 664 1364 μὴ
676 1329 842 1355 ἀπωθεῖσθαι
858 1329 906 1364 τὴν

952 150 1042 172 autem
1059 145 1151 172 arcula
1170 145 1252 172 veluti
1267 146 1382 174 diversis
1396 154 1428 173 ex
1443 146 1581 174 asseribus
1594 152 1733 182 compacta

952 190 1088 220 doctrina.
1110 194 1139 217 ut
1158 190 1284 222 arbitror,
1305 198 1337 217 ea
1362 199 1422 226 qua:
1439 192 1532 219 multis
1550 197 1630 226 atque
1651 194 1735 220 variis

951 245 982 264 cx
993 236 1145 270 disciplinis
1161 237 1188 263 in
1205 244 1287 263 unutn
1304 237 1427 268 collecta.
1443 245 1524 272 super
1539 238 1640 266 ﬂuctus
1653 239 1735 273 hujus

952 284 1014 309 vitae
1040 282 1136 314 fertur,
1161 290 1249 317 neque
1275 282 1398 317 immergi
1425 284 1536 316 patitur,
1562 284 1607 311 sed
1633 286 1734 318 impetu

952 328 1096 362 exagitata,
1119 327 1226 355 tandem
1252 327 1285 354 ad
1305 328 1430 355 stabilem
1453 328 1538 363 ripam
1561 335 1636 356 extra
1654 330 1735 363 hujus

952 374 1014 401 vita:
1043 373 1214 400 turbationes
1239 373 1360 400 animum
1382 373 1484 401 educit.
1507 373 1609 401 Natura
1627 375 1733 409 quidem

953 420 1074 454 ipsarum
1093 427 1182 447 rerum
1205 420 1241 446 ita
1258 419 1313 446 ﬁeri
1329 419 1500 447 crediderim.
1517 419 1646 448 Videmus
1665 422 1735 448 enim

953 466 1054 499 reipsa,
1073 465 1097 492 si
1120 464 1182 499 quis
1200 464 1302 491 turbini
1320 472 1353 492 ac
1377 465 1504 500 procellis
1525 465 1651 492 humanm
1676 467 1737 493 vitae

953 510 1067 541 resistit,
1091 517 1142 537 nec
1157 517 1187 537 se
1206 510 1284 537 obrui
1308 511 1420 545 patitur,
1434 519 1494 538 eum
1511 518 1525 538 a
1543 516 1671 546 corrupta
1688 512 1737 538 Ιιο-

954 557 1058 584 minum
1076 556 1206 584 societate
1232 563 1264 582 ac
1280 557 1346 589 vita,
1365 560 1493 593 tanquam
1511 565 1582 584 onus
1598 565 1678 592 grave
1695 565 1738 584 re-

951 602 997 638 jici
1014 607 1095 636 atque
1114 601 1207 636 repelli
1222 609 1229 628 :
1245 609 1326 636 quam
1342 602 1388 636 qui
1404 601 1634 637 eﬁ'ugit.vagitnm
1651 603 1739 630 imite-

954 652 1000 674 tur
1015 647 1123 682 Moysis,
1148 654 1199 674 nec
1215 644 1343 682 lacryniis
1364 653 1469 682 parcat,
1486 648 1549 675 licet
1564 649 1663 675 arcula:
1678 656 1737 675 mu-

955 693 1076 719 nimento
1090 692 1125 719 sit
1147 695 1244 719 tectus.
1266 691 1398 727 Lacryma
1417 693 1490 720 enim
1512 692 1597 719 ﬁdelis
1614 694 1736 727 qutedam

955 743 1048 765 custos
1070 744 1165 764 eorum
1181 741 1232 769 est,
1250 737 1296 771 qui
1317 745 1332 764 a
1348 738 1446 765 virtute
1467 738 1533 765 salvi
1556 738 1634 765 ﬁunt.
1661 738 1738 770 Quod

919 779 939 805 Β
954 783 975 810 si
998 784 1070 818 regis
1093 783 1195 810 sterilis
1220 783 1286 814 ﬁlia,
1311 782 1435 810 doctrina
1459 783 1586 811 videlicet
1609 785 1737 813 exterior.

952 836 1012 864 quae
1033 835 1142 863 semper
1167 828 1296 862 parturit.
1318 833 1344 856 et
1366 836 1506 863 nunquam
1536 830 1624 856 vivum
1649 829 1739 856 educit

952 879 1071 910 partum,
1090 881 1151 908 qua:
1164 874 1268 900 nullum
1283 882 1402 908 unquam
1421 875 1503 901 tantis
1517 875 1655 902 laboribus
1671 883 1738 902 eon-

953 920 1064 954 dignum
1082 919 1200 946 fructum
1214 919 1350 954 produxit.
1364 928 1424 954 qua:
1439 925 1543 947 uterum
1561 920 1644 952 iuﬁat,
1660 922 1738 956 quasi

954 966 1064 1000 aliquod
1079 965 1169 992 vivum
1186 966 1334 1000 prolatura,
1348 971 1375 993 ct
1389 966 1498 993 tandem
1522 967 1680 1001 imperfecta
1697 971 1738 993 al-

954 1018 1007 1045 que
1022 1011 1139 1041 inutilia.
1167 1012 1326 1046 priusquam
1341 1011 1375 1038 ad
1398 1012 1485 1039 lucem
1510 1012 1672 1046 cognitionis
1693 1011 1739 1039 Dei

954 1056 1123 1090 perveniant,
1142 1056 1239 1082 abortu
1255 1056 1320 1088 edit,
1337 1056 1363 1082 in
1385 1057 1469 1083 lilium
1491 1057 1578 1091 ipsntu
1595 1058 1740 1091 adoptave-

955 1101 1000 1133 rit,
1019 1108 1141 1135 eousque
1157 1108 1186 1127 se
1206 1101 1280 1128 falsa:
1302 1102 1396 1128 matris
1412 1102 1496 1128 ﬁlium
1517 1103 1557 1129 vir
1571 1102 1658 1129 bonus
1678 1109 1741 1136 pro-

957 1147 1095 1178 ﬁtebitur.
1123 1155 1266 1182 quousque
1299 1148 1484 1183 imperfectior
1509 1153 1591 1184 atque
1621 1150 1742 1176 tenerior

959 1198 1025 1220 artas
1038 1194 1084 1220 sit.
1105 1193 1156 1226 Qui
1173 1201 1237 1220 vero
1252 1193 1286 1220 ad
1301 1194 1430 1228 majorem
1449 1195 1503 1230 jam
1526 1199 1630 1222 aetatem
1645 1203 1741 1230 perve-

960 1239 1042 1271 nerit,
1061 1243 1090 1266 ut
1104 1239 1138 1266 de
1156 1238 1247 1274 Moyse
1261 1240 1455 1272 intelleximus,
1476 1248 1538 1268 eum
1553 1241 1664 1276 pudebit
1682 1241 1741 1275 ejus

960 1292 990 1312 se
1003 1284 1072 1312 I'also
1086 1284 1171 1311 ﬁlium
1185 1285 1325 1319 appellari,
1343 1293 1402 1320 quae
1414 1287 1574 1313 naturaliter
1585 1287 1686 1314 sterilis
1701 1290 1743 1313 at-

960 1337 1013 1364 que
1030 1329 1119 1357 inanis
1135 1333 1187 1361 csl,
1205 1329 1257 1357 nisi
1273 1330 1381 1357 tandem
1395 1338 1458 1358 vera
1472 1330 1595 1358 foveatur
1607 1332 1741 1359 doctrina.

119 1376 168 1410 τῆς
183 1376 358 1412 ψευδωνύμου
377 1376 478 1412 μητρὸς
492 1377 654 1411 οἰκειότητα,
677 1376 729 1407 ἕως
745 1376 777 1403 ἄν
791 1385 833 1407 τις
852 1376 882 1402 τὸ
896 1375 990 1408 ἀτελὲς
1004 1377 1054 1411 τῆς
1067 1377 1176 1412 ἡλικίας
1190 1377 1218 1403 ἐν
1230 1377 1318 1412 ὲαυτῷ
1333 1377 1429 1414 βλέπῃ.
1450 1378 1478 1405 '0
1494 1379 1521 1405 δὲ
1534 1379 1599 1414 πρὸς
1617 1379 1682 1413 ὕψος
1692 1379 1742 1414 ἤδη

119 1422 294 1458 ἀναδραμὼν,
310 1423 347 1453 ὡς
361 1422 484 1456 περὶτοῦ
501 1422 622 1453 Μωσέως
633 1421 782 1456 ἐμάθομεν,
796 1422 926 1457 αἰσχύνην
942 1422 1073 1457 ἡγήσεται
1095 1422 1144 1456 τῆς
1165 1422 1236 1449 κατὰ
1260 1422 1340 1457 φύσιν
1359 1423 1456 1457 ἀγόνου
1475 1425 1538 1456 παῖς
1555 1425 1740 1458 ὀνομάζεσθαι.

121 1470 234 1504 Ἀγονος
251 1467 305 1502 γὰρ
321 1468 358 1499 ὡς
380 1466 485 1501 ἀληθῶς
497 1467 513 1501 ἡ
526 1466 624 1499 ἔξωθεν
648 1466 806 1499 παίδευσις,
821 1467 865 1493 ἀεὶ
880 1467 1021 1497 ὠδίνουσα,
1041 1467 1088 1493 καὶ
1110 1467 1243 1502 μηδέποτε
1263 1468 1432 1501 ζωογονοῦσα
1446 1468 1486 1503 τῷ
1507 1469 1586 1505 τόκῳ.
1606 1471 1671 1498 Τίνα
1691 1472 1744 1506 γὰρ
1759 1468 1774 1477 “

119 1515 201 1547 ἔδειξε
219 1514 323 1549 καρπὸν
344 1513 399 1538 τῶν
416 1512 527 1547 μακρῶν
544 1511 645 1538 ὠδίνων
663 1512 679 1545 ἡ
697 1511 854 1546 φιλοσοφία,
882 1511 937 1537 τῶν
960 1511 1096 1537 τοσούτων
1117 1520 1145 1538 τε
1170 1512 1217 1538 καὶ
1235 1511 1361 1538 τοιούτων
1380 1512 1454 1545 ἄξιον
1477 1514 1564 1540 πόνων
1579 1525 1585 1548 ;
1601 1516 1631 1542 οὺ
1646 1517 1746 1546 πάντες

120 1561 266 1598 ὑπηνέμιοί
288 1569 316 1588 τε
335 1561 382 1587 καὶ
407 1559 626 1594 ἀτελεσεξόρητοι,
652 1559 715 1594 πρὶν
736 1559 774 1590 εἰς
795 1559 825 1585 τὸ
847 1558 905 1593 φῶς
921 1558 1008 1585 ἐλθεῖν
1027 1561 1076 1594 τῆς
1093 1560 1256 1593 θεογνωσίας
1269 1580 1275 1591 ,
1294 1559 1506 1595 ἀμϐλίσκονται;
1522 1562 1662 1599 δυνάμενοι
1682 1566 1746 1597 ἴσως

120 1609 246 1645 γενέσθαι
265 1609 402 1643 ἅνθρωποι
413 1627 420 1638 ,
435 1608 458 1633 εἰ
474 1607 511 1642 μὴ
526 1607 612 1633 διόλου
626 1608 681 1638 τοῖς
694 1607 804 1638 κόλποις
818 1607 866 1641 τῆς
880 1607 976 1640 ἁγόνου
992 1607 1088 1641 σοφίας
1107 1607 1329 1634 ὲνεκαλύπτοντο.

151 1654 255 1682 Οὐκοῦν
272 1654 396 1680 τοσοῦτόν
409 1662 450 1684 τις
460 1655 492 1688 τῇ
504 1652 717 1686 τῶνΛίγυπτίων
729 1652 843 1686 βασιλίδι
859 1661 906 1678 συ-

995 1651 1085 1685 Quare
1114 1657 1218 1680 tantum
1248 1653 1436 1689 Egyptiorum
1468 1656 1599 1684 assidebit
1627 1659 1744 1693 reg-inte,

121 1699 208 1736 ζήσας
220 1720 227 1730 ,
241 1699 302 1725 ὅσον
324 1699 360 1733 μὴ
377 1699 465 1725 δοκεῖν
484 1698 596 1733 ἄμοιρος
608 1695 678 1724 εἶναι
693 1697 747 1723 τῶν
760 1698 825 1732 παρ’
840 1697 910 1722 ὲκεί-

122 1754 179 1777 νοις
194 1745 312 1779 σεμνῶν,
328 1743 518 1779 ἁναδραμείτω
537 1743 603 1778 πρὸς
621 1743 668 1777 τὴν
684 1742 754 1770 κατὰ.
767 1743 847 1777 φύσιν
863 1751 912 1777 μη-

122 1791 190 1826 τέρα
201 1811 208 1821 ,
222 1788 256 1825 ἧς
269 1790 419 1827 οὐδεπαρὰ
436 1791 468 1825 τῇ
487 1789 601 1824 βασιλίδι
617 1790 782 1824 τρεφόμενος
799 1787 912 1822 ἀπεσχί-

125 1836 192 1871 σθη,
213 1836 251 1871 τῷ
270 1835 389 1870 μητρώῳ
408 1835 523 1868 γάλακτι
537 1855 544 1866 ,
560 1834 650 1864 καθὼς
670 1835 686 1868 ἡ
705 1832 808 1867 ἱστορία
833 1832 911 1867 φησὶ,
932 1827 941 1835 ”

123 1881 325 1917 τιθηνούμενος.
338 1881 428 1916 Ὅπερ
454 1889 497 1915 μοι
513 1880 585 1906 δοκεῖ
600 1879 735 1905 διδάσκειν
748 1897 755 1906 .
771 1877 804 1903 ἵν’
818 1879 841 1903 εὶ
855 1879 911 1908 τοῖς

124 1927 224 1960 ἔξωθεν
239 1926 327 1960 λόγοις
344 1925 556 1960 καθομιλοίημεν
571 1925 601 1951 ἐν
617 1924 656 1958 τῷ
681 1923 768 1958 καιρῷ
782 1924 832 1958 τῆς
848 1931 911 1949 παι-

123 1973 255 2003 δεύσεως,
272 1972 309 2007 μὴ
325 1971 488 2007 χωρίζεσθαι
502 1970 547 1997 τοῦ
563 1969 760 2005 ὑποστρέφοντος
776 1969 848 2003 ἡμᾶς
863 1968 912 2003 τῆς

130 2017 293 2052 Ἐκκλησίας
309 2016 453 2050 γάλακτος.
471 2015 556 2041 Τοῦτο
578 2014 607 2041 δ’
629 2014 662 2041 ἂν
678 2014 720 2049 εἴη
735 2034 742 2045 ,
760 2014 794 2040 τὰ
809 2014 912 2048 νόμιμά

124 2072 154 2089 τε
170 2063 216 2089 καὶ
231 2063 264 2089 τὰ
278 2062 330 2097 ἢθη
345 2063 394 2096 τῆς
420 2059 596 2096 Ἐκκλησίας,
611 2058 652 2091 οἷς
666 2060 794 2094 τρέφεται
809 2061 825 2091 ἡ
841 2059 912 2094 ψυχὴ

125 2110 172 2136 καὶ
185 2110 338 2145 ἀδρύνεται,
357 2107 480 2134 ἐντεῦθεν
493 2108 541 2141 τῆς
558 2106 596 2137 είς
609 2106 674 2140 ὕψος
693 2105 846 2140 ἁναδρομῆς
863 2104 913 2135 τὰς

124 2155 250 2190 ἀφορμὰς
273 2153 414 2188 δεχομένη.
437 2152 552 2186 ’Δληθὴς
566 2152 593 2178 δὲ
609 2151 623 2176 ό
639 2151 732 2184 λόγος,
748 2150 787 2176 ὅτι
804 2150 852 2176 δύο
864 2158 913 2176 πο-

124 2201 226 2235 λεμίων
243 2200 324 2235 μέσος
337 2199 490 2233 γενήσεται,
507 2197 520 2222 ὁ
537 2197 604 2231 πρὸς
620 2195 654 2222 τὰ
667 2195 766 2227 ἔξωθεν
777 2195 911 2230 δόγματα,

125 2245 174 2271 καὶ
189 2244 227 2278 μὴ
244 2244 278 2270 τὰ
292 2243 404 2278 πάτρια,
423 2242 539 2277 βλέπων.
561 2241 731 2267 Ἀνθίσταται
745 2240 798 2276 γὰρ
811 2241 825 2266 ὁ
842 2239 913 2266 κατὰ

123 2288 175 2324 τὴν
188 2288 337 2324 θρησκείαν
353 2286 499 2320 ἀλλόφυλος
513 2286 552 2320 τῷ
567 2285 683 2319 Ἑϐραίῳ
697 2284 767 2318 λόγῳ
778 2305 784 2313 ,
806 2284 913 2318 ἰσχυρό-

124 2317 333 2370 τειροςιιρανῆναι
347 2332 394 2358 τοῦ
412 2317 577 2366 ’ίσραηλίτου
594 2317 761 2363 φιλονεικῶνξ
782 2317 912 2355 Καὶνπολ-
931 2317 950 2343 Ῑ)

125 2380 183 2410 λοῖς
204 2387 236 2412 γε
248 2378 302 2404 τῶν
317 2375 544 2410 ὲπιπολαιοτέρων
557 2375 676 2405 τοιοῦτος
692 2374 778 2406 ἔδοξεν
790 2395 797 2406 ,
815 2374 839 2400 οἳ
861 2383 911 2400 κα-

125 2423 284 2454 ταλιπόντες
303 2423 352 2458 τὴν
368 2421 497 2456 πατρῴαν
512 2421 602 2446 πίστιν
612 2440 620 2451 ,
635 2419 673 2453 τῷ
689 2418 776 2454 ἐχθρῷ
795 2419 913 2453 συνεμά-

125 2478 224 2504 χησαν,
245 2467 400 2503 παραϐάται
414 2467 463 2501 τῆς
478 2465 593 2501 πατρίου
611 2464 783 2495 διδασκαλίας
799 2465 912 2498 γενόμε-

133 2523 179 2541 ιοι.
189 2514 218 2540 ’0
233 2513 322 2548 μέντοι
334 2512 404 2538 κατὰ
413 2511 458 2537 τὸν
475 2510 577 2536 Μωσέα
591 2509 676 2544 μέγας
689 2517 718 2534 τε
733 2509 778 2534 καὶ
793 2509 915 2542 γενναῖος

126 2559 178 2594 τὴν
193 2558 290 2592 ψυχὴν,
302 2556 398 2590 νεκρὸν
414 2555 586 2582 ἀποδείκνυσι
599 2555 633 2588 τῇ
648 2555 711 2588 παρ’
729 2553 810 2580 αὑτοῦ
823 2553 914 2589 πληγῇ

126 2603 174 2629 τὸν
188 2601 226 2636 τῷ
239 2601 311 2635 λόγῳ
325 2601 374 2635 τῆς
396 2599 534 2630 εὐσεΰείας
554 2598 786 2633 ἀντεγειρόμενον.
803 2599 857 2625 Καὶ
871 2599 916 2625 ἆλ-

127 2649 183 2678 ὶως
200 2646 309 2676 δ’ἆντις
324 2645 398 2680 εὖροι
420 2645 469 2679 τὴν
482 2645 609 2678 τοιαύτην
620 2644 649 2669 ὲν
663 2644 728 2678 ἡμῖν
741 2644 839 2679 μάχην.
857 2645 915 2671 Μέ-

131 2701 178 2724 co;
191 2692 245 2726 γὰρ
257 2692 272 2717 δ
287 2691 427 2725 ἄνθρωπος
446 2687 501 2716 οἷόν
516 2698 542 2716 τι
560 2689 675 2716 ἔπαθλον
689 2690 794 2723 ἀγῶνος
813 2693 868 2723 τοῖς
884 2693 916 2718 ὲκ

132 2739 177 2766 τοῦ
193 2739 312 2764 ἐναντίου
339 2735 578 2770 μεταποιουμένοις
601 2735 759 2770 πρόκειται·
780 2737 825 2762 καὶ
841 2733 916 2772 ᾧπερ

269 2785 401 2813 ινιτιιοιη
424 2783 482 2812 (in.
497 2783 605 2812 XLIV.

961 1702 1092 1732 quantum
1116 1706 1185 1733 opus
1201 1699 1253 1726 erit
1277 1701 1309 1727 ad
1327 1701 1398 1728 hanc
1422 1701 1577 1729 inferiorem
1593 1703 1744 1731 doctrinam

962 1744 1173 1778 percipiendam,
1190 1753 1224 1771 ne
1240 1746 1350 1773 omnino
1367 1754 1463 1781 expers
1480 1748 1658 1776 humanorutn
1674 1759 1745 1785 prse-

961 1793 1102 1822 ceptorum
1123 1797 1185 1816 esse
1206 1790 1346 1823 videatur;
1365 1791 1463 1819 deinde
1478 1793 1510 1819 ad
1533 1794 1668 1828 propriam
1685 1803 1745 1822 ma-

962 1838 1030 1860 trem
1048 1838 1121 1861 totus
1143 1839 1276 1867 recurret,
1297 1845 1377 1872 quam
1396 1838 1435 1864 vel
1453 1839 1562 1873 quando
1585 1841 1685 1868 sterilis
1702 1850 1746 1869 re-

961 1879 1029 1913 gina:
1051 1879 1123 1907 ﬁlius
1147 1881 1303 1914 putabatur,
1322 1889 1375 1909 non
1401 1884 1511 1910 omnino
1537 1885 1693 1920 reliquerat.
1720 1887 1746 1913 Id

962 1924 1034 1950 enim
1058 1925 1124 1951 mihi
1142 1925 1248 1953 videtur
1269 1926 1383 1954 historia
1405 1928 1484 1956 nobis
1503 1930 1666 1964 signiﬁcare,
1683 1940 1746 1958 cum

963 1970 1062 1996 asserit
1078 1971 1174 1998 matris
1190 1973 1307 2006 propriae
1329 1973 1398 2000 lacte
1413 1973 1522 2009 Moysen
1537 1976 1607 2010 apud
1623 1978 1744 2012 reginam

964 2014 1049 2042 luisse
1066 2017 1209 2048 nutritum,
1236 2023 1362 2052 oportere
1376 2027 1437 2050 nos,
1454 2028 1515 2047 cum
1531 2022 1703 2056 profanorum
1719 2024 1747 2050 li-

963 2059 1027 2086 bros
1042 2065 1162 2095 tempore
1175 2055 1466 2092 institutionis-nostrae
1480 2055 1629 2099 versamus,
1646 2075 1660 2093 a
1678 2068 1748 2095 lacte

964 2106 1079 2133 nutricis
1097 2111 1197 2134 nostra:
1213 2107 1340 2137 Ecclesiae
1355 2111 1464 2138 minitne
1479 2113 1609 2146 separari,
1626 2112 1677 2140 hoc
1693 2117 1746 2144 est,

964 2149 1101 2181 instituta.
1123 2159 1213 2178 mores
1231 2158 1258 2179 et
1272 2155 1485 2183 consuetudines
1500 2155 1635 2186 Ecclesia}.
1646 2159 1746 2192 quibus

965 2195 1048 2221 alitur
1064 2195 1171 2221 animus
1185 2199 1423 2230 etcorroboratur,
1434 2199 1549 2234 indeque
1564 2201 1644 2228 altius
1656 2210 1748 2229 ascen~

963 2239 1043 2266 dendi
1064 2244 1154 2274 captat
1175 2243 1357 2276 occasionem,
1381 2244 1534 2279 perdiscere
1555 2251 1636 2281 atque
1654 2248 1747 2275 observ

964 2292 1038 2312 vare.
1060 2284 1164 2312 lnimlei
1190 2286 1244 2313 duo
1266 2288 1336 2315 inter
1361 2297 1390 2317 se
1407 2291 1596 2324 colluctantes,
1620 2293 1748 2322 Hebraeus

965 2335 1047 2365 atque
1064 2330 1218 2366 Egyptius,
1239 2334 1310 2360 inter
1321 2343 1390 2369 quos
1410 2337 1516 2364 medius
1532 2338 1617 2365 factus
1631 2338 1747 2374 Moyses.

966 2384 1028 2402 cum
1045 2383 1093 2404 eos
1117 2378 1264 2406 conciliare
1288 2387 1343 2407 nun
1360 2382 1505 2415 potuisset,
1530 2383 1685 2418 [Egyptinm
1704 2386 1747 2413 in—

967 2422 1074 2449 terfecit
1089 2431 1095 2448 :
1109 2423 1195 2456 pietas
1211 2429 1274 2451 sunt
1294 2430 1376 2459 atque
1389 2427 1524 2462 impietas.
1536 2428 1655 2457 Primam
1674 2430 1749 2458 Scri-

967 2469 1054 2500 ptura:
1076 2473 1162 2494 sacra:
1179 2476 1228 2502 per
1247 2467 1389 2498 Hebraeum
1410 2471 1568 2506 signiﬁcata;
1583 2474 1748 2509 instituunt;

964 2512 1076 2539 alteram
1094 2514 1234 2542 saecularis
1253 2522 1285 2542 ac
1307 2517 1426 2543 exterior
1448 2518 1571 2545 doctrina
1592 2522 1671 2555 nugis
1691 2528 1749 2548 sms

965 2557 1096 2591 insinuat,
1120 2567 1180 2593 quae
1197 2559 1309 2587 Judaica
1331 2562 1468 2590 robustior
1485 2571 1614 2598 apparere
1638 2571 1750 2592 conten-

965 2603 1013 2629 dit.
1030 2603 1062 2630 Et
1074 2612 1139 2632 vero
1151 2606 1244 2632 multis
1261 2606 1408 2634 levioribus
1421 2608 1576 2637 hominibus
1593 2612 1653 2638 talis
1674 2612 1749 2638 vide-

966 2652 1022 2679 tur,
1048 2650 1095 2684 qui
1121 2654 1229 2685 patrum
1248 2651 1300 2678 ﬁde
1323 2653 1444 2688 neglecta
1466 2654 1584 2681 hostium
1610 2663 1639 2683 se
1663 2657 1749 2690 copiis

969 2695 1148 2724 auxiliaribus
1171 2697 1367 2730 adjunxeruut,
1389 2703 1470 2732 atque
1493 2707 1507 2726 a
1526 2700 1658 2734 majorum
1682 2708 1748 2727 suo-

971 2747 1030 2766 rum
1048 2740 1172 2767 doctrina
1193 2741 1350 2768 dcfeccrunt
1367 2751 1372 2767 :
1393 2743 1438 2769 sed
1454 2743 1499 2776 qui
1517 2751 1613 2777 magno
1629 2749 1656 2771 et
1669 2752 1752 2778 gene-

1537 2789 1567 2818 11

1746 1644 1765 1660 /
