1977 3071
236 55 284 84 551

850 53 877 81 S.
893 53 1055 81 GBEGORII
1077 53 1220 96 NY‘SSENI

1802 57 1854 84 55‘!

238 119 302 139 roso
321 115 363 140 est
379 111 480 142 animo.
500 115 582 146 atque
595 111 705 146 Moysen
724 111 857 142 imitatur.
876 111 947 138 illam
966 119 1021 138 uno

1077 112 1105 138 iv
1131 111 1279 148 προστεθῇ,
1305 112 1398 138 τοῦτον
1421 113 1531 148 νικητὴν
1559 112 1605 140 τοῦ
1628 113 1748 139 ὲναντίου
1774 116 1855 145 ποιεῖ,

239 157 293 183 ietu
314 157 490 184 reluctantem
511 155 619 188 occidit,
644 163 694 182 nec
714 156 844 183 adversus
870 156 1019 192 piissimam

239 201 319 228 ﬁdem
336 201 477 236 insurgere
490 202 576 237 ipsam
590 202 702 236 patitur,
718 209 874 236 quanquam
888 201 971 228 etiam
986 202 1021 227 la-

239 247 294 274 tius
313 247 339 274 id
362 247 486 282 accipere
500 254 549 281 pro
569 247 644 274 omni
667 247 767 274 virtute
787 254 818 272 ac
842 247 906 274 vitio
932 247 1019 281 possi-

239 299 312 320 mus.
328 294 374 320 Est
394 292 467 319 enim
483 293 560 326 quasi
575 292 681 320 medius
699 292 769 319 inter
781 292 914 326 justitiam
931 299 963 318 ac
980 293 1021 318 in-

237 337 384 370 justitiam,
404 337 539 364 luxuriam
554 342 636 372 atque
650 337 820 368 modestiam.
840 337 1018 364 humilitatem

240 385 320 415 atque
334 382 500 414 superbiam,
519 386 670 415 cwteraque
684 381 851 415 hujusmodi,
867 382 1021 416 propositus

239 425 330 453 homo.
348 425 429 453 Docet
442 426 526 461 igitur
542 434 592 453 nos
610 427 734 461 exemplo
749 434 799 454 suo
819 426 936 461 Moyses.
950 426 1022 453 radi-

241 472 310 499 citus
331 472 448 500 tollenda
468 479 528 499 esse
542 472 616 503 vitia,
636 479 696 506 quze
712 473 803 499 virtuti
819 472 998 499 adversantur
1014 493 1019 497 .

241 518 367 545 virtutem
385 522 475 545 autem
496 522 626 553 tanquam
642 521 745 545 naturae
763 521 863 545 nostra:
877 521 1021 544 consenta-

239 571 318 590 neam
332 563 547 598 amplectendam
569 571 630 591 esse
645 568 726 598 atque
747 563 899 590 fovendam.
919 562 1021 589 Revera

239 609 313 636 enim
333 609 442 643 pietatis
455 609 569 636 victoria
583 613 699 637 mortem
713 613 740 636 et
752 609 890 636 interitum
906 608 1021 635 idolola~

241 653 300 680 trite
316 660 409 681 secum
426 654 519 680 trahit.
539 653 584 680 Sic
599 657 625 680 et
642 654 777 688 injustitia
795 661 841 688 per
854 653 988 688 justitiam
1008 660 1023 680 e

201 697 204 699 ’
241 699 330 726 medio
348 699 463 731 tollitur,
478 703 504 726 et
520 707 567 734 per
581 699 742 727 modestiam
769 699 854 726 fastus
877 700 1020 726 occiditur.

241 743 308 771 Rixa
324 750 388 770 vero
400 751 461 778 qua:
480 743 549 770 inter
564 743 673 771 Judaaos
694 744 764 770 tanta
793 743 881 771 sedari
900 752 914 769 a
932 743 1022 779 Moyse

1072 155 1127 184 οἷον
1142 158 1346 193 είδωλολατρεία
1362 159 1408 185 καὶ
1424 158 1560 186 θεοσέϐεια
1573 178 1580 190 ,
1595 159 1726 186 ἀκολασία
1746 161 1792 186 καὶ
1807 168 1857 186 σω-

1073 203 1191 239 φροσύνη
1202 225 1209 236 ,
1224 203 1380 239 δικαιοσύνη
1398 204 1444 230 καὶ
1462 204 1552 231 ἀδικία
1564 224 1571 236 ,
1586 204 1669 239 τύφος
1683 205 1729 231 καὶ
1749 206 1857 241 μετριό-

1072 259 1120 284 της
1133 270 1139 281 ,
1156 250 1202 276 καὶ
1220 249 1307 276 πάντα
1321 249 1354 276 τὰ
1367 250 1395 282 ἐξ
1405 249 1545 276 ἀντιθέτου
1557 250 1699 285 νοούμενα,
1708 251 1856 285 Αἰγυπτίου

1071 295 1143 326 τινὸς
1159 295 1288 330 ἄντικρύς
1311 297 1368 322 ἐστι
1393 296 1461 331 πρὸς
1481 296 1605 330 Ἐὕραϊον
1632 297 1716 330 μάχη.
1732 297 1858 323 Παιδεύει

1071 341 1160 368 τοίνυν
1177 342 1250 376 ἡμᾶς
1272 343 1286 368 ὁ
1300 342 1402 377 Μωσῆς
1416 342 1455 376 τῷ
1475 341 1535 368 καθ’
1557 342 1651 368 ἑαυτὸν
1668 342 1856 376 ὑποδείγματι,

1073 386 1247 412 συνίστασθαι
1265 387 1313 421 μὲν
1327 388 1365 418 ὡς
1379 387 1506 422 ὁμοφύλῳ
1520 388 1552 422 τῇ
1571 388 1655 422 ἀρετῇ
1666 408 1673 419 ,
1690 387 1811 422 ἀναιρεῖν
1829 389 1857 414 δὲ

1072 432 1117 458 τὸν
1130 433 1162 458 ὲκ
1172 431 1217 459 τοῦ
1233 433 1353 458 ἐναντίου
1366 433 1398 467 τῇ
1414 433 1496 467 ἀρετῇ
1517 432 1725 466 ὲπεμὸαίνοντα.
1742 433 1786 467 Τῷ
1802 433 1858 459 δντι

1073 477 1125 513 γὰρ
1139 479 1154 512 ἡ
1168 479 1217 512 τῆς
1232 477 1371 509 εὐσεϐείας
1392 478 1571 513 ἐπικράτησις
1584 497 1591 508 ,
1613 477 1727 509 θάνατος
1741 478 1788 505 καὶ
1805 478 1860 504 δια-

1073 523 1161 558 φθορὰ
1174 525 1223 559 τῆς
1235 523 1453 558 εἰδωλολατρείας
1467 523 1580 556 γίνεται.
1599 523 1677 550 Οὕτω
1689 524 1735 550 καὶ
1749 524 1793 550 διὰ
1810 526 1858 559 τῆς

1071 569 1242 604 δικαιοσύνης
1256 570 1405 605 ἀναιρεῖται
1423 569 1527 596 ἀδικία·
1551 569 1598 596 καὶ⁸
1613 570 1645 604 τῇ
1666 562 1822 605 μετριότητι
1845 571 1859 596 ὁ

1072 616 1154 649 τύφος
1169 615 1391 649 καταφονεύεται.
1408 615 1489 641 Ἀλλὰ
1504 615 1550 641 καὶ
1566 616 1582 649 ἡ
1594 615 1648 640 τῶν
1663 615 1801 649 ἐμφυλίων
1815 616 1860 642 καὶ

1073 661 1141 696 πρὸς
1154 661 1284 695 ἀλλήλους
1305 661 1398 692 στάσις
1412 681 1418 693 ,
1437 661 1484 686 καὶ
1501 661 1529 686 ἐν
1546 660 1612 695 ἡμῖν
1625 661 1737 694 γίνεται.
1755 661 1791 687 Οὐ
1806 661 1860 695 γάρ

1074 707 1106 733 ἂν
1121 707 1157 733 at.
1173 706 1226 732 τῶν
1251 705 1376 741 πονηρῶν
1401 706 1533 741 αἱρέσεων
1548 706 1753 740 δογματοποιῖαι
1770 706 1860 742 χώραν

1074 751 1170 786 ἔσχον,
1189 751 1226 786 μὴ
1247 752 1286 782 είς
1306 750 1453 777 ἀντίπαλον
1477 749 1552 782 τάξιν
1575 750 1629 776 τῶν
1652 750 1789 785 λογισμῶν
1805 753 1861 783 τοῖς

241 797 294 817 non
310 790 409 825 potuit,
434 793 589 817 nostrorum
611 793 675 817 sunt
693 790 726 817 de
742 790 914 825 dogmatibus
929 789 1022 817 Eccle-

1077 797 1265 832 ἀληθεστέρως
1284 796 1501 823 ἅντιϐαινόντων.
1522 796 1585 822 Ἐάν
1604 795 1652 823 οὖν
1675 797 1861 832 ἀσθενέστεροι

241 836 288 864 sire
303 836 519 864 colluctationes.
538 835 597 862 Non
612 836 682 862 enim
701 836 791 870 pravis
815 836 956 863 haeresium
974 836 1023 863 do-

241 882 377 916 gmatibus
395 881 471 908 locus
493 885 576 912 essvt.
601 881 652 908 nisi
675 882 746 908 inter
763 890 811 908 eos
828 882 874 916 qui
891 882 1024 909 veriorem

241 927 398 963 religionem
423 927 596 962 proﬁtentur,
625 927 768 961 opiniones
791 927 863 953 inter
891 934 920 953 se
950 927 1025 952 velut

242 974 300 1002 acie
311 975 440 1008 utrinque
453 977 557 1001 structa
574 972 780 1000 contenderent.
796 972 824 999 Si
840 973 923 1008 igitur
941 973 1023 999 imbe-

241 1021 361 1048 cilliores
376 1019 518 1051 fuerimus,
535 1025 615 1054 quam
643 1023 671 1045 ut
688 1018 830 1052 justiorem
850 1025 959 1045 causam
984 1018 1024 1045 vi-

241 1066 352 1094 ctricem
371 1064 486 1092 reddere
501 1064 649 1100 possimus,
663 1063 735 1098 quod
750 1064 867 1091 deterior
881 1071 1024 1098 argumen-

244 1114 279 1140 tis
296 1111 422 1146 superior
445 1110 491 1142 sit,
515 1114 542 1137 et
568 1110 694 1137 veritatis
713 1109 856 1144 imperium
882 1109 1023 1140 detrectet,

243 1157 398 1192 fugiendum
423 1155 547 1191 protinus
577 1154 611 1182 ad
629 1154 818 1183 sublimiorem
841 1158 1026 1182 sacramenta-

243 1202 350 1237 lemquc
367 1202 532 1233 doctrinam,
547 1209 579 1229 ac
592 1201 750 1236 alienigenae
762 1208 869 1232 rursus,
889 1201 911 1228 si
927 1208 971 1228 res
989 1201 1025 1227 ita

243 1249 326 1283 cogit,
344 1247 370 1274 id
385 1251 437 1279 cst,
451 1248 574 1275 saeculari
589 1246 730 1278 doctrinae,
754 1253 900 1281 parumper
916 1246 1025 1273 cohabi—

243 1294 366 1326 tandum.
381 1297 411 1320 ut
435 1300 534 1327 pravos
558 1295 681 1327 pastores
697 1300 712 1318 a
733 1291 822 1326 puteis
844 1291 1024 1326 exponamus,

242 1342 367 1366 versutos
383 1337 508 1364 videlicet
529 1336 578 1364 hos
598 1335 786 1370 malignosque
810 1335 942 1362 doctrinae
965 1343 1026 1370 pro-

244 1384 374 1415 fessores,
387 1383 432 1418 qui
449 1389 539 1410 rerum
556 1382 669 1409 scientia
683 1381 717 1408 ad
733 1381 930 1416 ignorationem
949 1381 1027 1409 Crea-

244 1430 313 1457 toris
328 1429 479 1455 abutuntur
496 1436 503 1454 :
519 1427 619 1462 quibus
642 1427 760 1462 repulsis
775 1427 815 1454 sic
839 1427 972 1460 vivemus,
998 1432 1027 1454 ut

1074 839 1148 877 ὦμεν
1161 863 1166 874 ,
1187 842 1256 868 ὥστε
1271 843 1304 868 δι’
1320 842 1423 868 ἑαυτῶν
1436 842 1527 868 δοῦναι
1540 842 1579 877 τῷ
1598 842 1695 877 δικαίῳ
1708 843 1738 868 τὸ
1752 843 1860 878 κράτος,

1076 888 1285 926 ὑπερισχύοντος
1303 889 1346 914 διὰ
1365 888 1418 914 τῶν
1434 889 1655 923 ἐπιχειρημάτων
1669 888 1714 914 τοῦ
1730 889 1860 924 χείρονος.

1076 935 1121 960 καὶ
1133 935 1180 969 τὴν
1194 935 1281 969 ἀρχὴν
1297 935 1345 968 τῆς
1358 934 1484 968 ἀληθείας
1504 934 1697 969 ἁπωθουμένου
1708 943 1715 949 ·
1732 934 1861 968 φευκτέον

1076 979 1199 1006 ἐντεῦθεν
1214 979 1251 1010 ὡς
1263 978 1389 1014 κτάχιστα
1399 1000 1405 1011 ,
1422 980 1482 1006 καθ’
1494 980 1639 1014 ὁμοιότητα
1660 979 1707 1005 τοῦ
1725 979 1861 1015 ἱστορικοῦ

1077 1025 1289 1059 ὑποδείγματος,
1304 1025 1371 1060 πρὸς
1390 1025 1498 1060 μείζονά
1515 1034 1543 1051 τε
1560 1026 1606 1052 καὶ
1628 1024 1795 1060 ὑψηλοτέραν
1809 1024 1861 1051 τῶν

1079 1071 1236 1106 μυστηρίων
1251 1071 1435 1097 διδασκαλίαν.
1458 1071 1518 1102 Κᾶν
1541 1071 1680 1106 ἀλλοφύλῳ
1696 1071 1775 1097 πάλιν
1797 1079 1861 1104 συγ-

1076 1114 1202 1148 γενέσθαι
1214 1114 1260 1149 δέῃ
1274 1135 1280 1143 ,
1297 1115 1368 1141 τοῦτ’
1384 1115 1441 1142 ἐστι
1455 1135 1461 1144 .
1476 1115 1527 1141 κᾶν
1550 1117 1582 1150 τῇ
1610 1116 1662 1148 ἔξω
1686 1115 1862 1150 συγγενέσθαι

1077 1159 1220 1195 φιλοσοφίᾳ
1234 1161 1428 1196 καταναγκάζῃ
1439 1162 1454 1195 ἡ
1473 1161 1550 1196 χρεία
1559 1169 1565 1176 '
1581 1161 1716 1188 καὶτοῦτο
1727 1161 1861 1196 ἑλώμεθα,

1076 1205 1138 1235 τοὺς
1157 1205 1290 1239 πονηροὺς
1308 1206 1440 1240 ποιμένας
1464 1207 1514 1241 τῆς
1542 1205 1634 1232 ἀδίκου
1662 1206 1715 1233 τῶν
1739 1207 1862 1242 φρεάτων

1076 1252 1198 1285 χρήσεως
1213 1250 1461 1282 ἀποσκεδάσαντες·
1473 1251 1540 1287 ὅπερ
1557 1251 1615 1278 ἐστὶ
1629 1253 1692 1283 τοὺς
1706 1252 1761 1278 τῶν
1771 1252 1862 1278 κακῶν

1075 1295 1251 1327 διδασκάλους
1266 1296 1311 1322 ἐπὶ
1334 1297 1366 1331 τῇ
1386 1297 1491 1332 πονηρᾷ
1506 1297 1603 1332 χρήσει
1621 1299 1671 1332 τῆς
1697 1297 1862 1328 παιδεύσεως

1077 1340 1262 1374 διελέγξαντες
1274 1362 1280 1372 ,
1296 1341 1381 1371 οὕτως
1399 1342 1440 1376 ἐφ’
1463 1343 1575 1373 ἑαυτοὺς
1591 1342 1727 1377 ίδιάσομεν
1742 1362 1748 1374 ,
1771 1343 1862 1369 οὐκέτι

1079 1386 1241 1420 μαχομένοις
1256 1387 1309 1412 τισὶ
1326 1387 1544 1422 συμπλεκόμενοί
1563 1396 1592 1414 τε
1606 1388 1652 1414 καὶ
1666 1388 1862 1422 μεσιτεύοντες,

1077 1432 1132 1457 άλλ¹
1153 1432 1182 1458 ὲν
1193 1432 1370 1466 ὀμοφρονοῦσί
1389 1441 1418 1459 τε
1435 1434 1482 1459 καὶ
1498 1433 1716 1468 ὁμογνωμονοῦσι
1732 1435 1788 1465 τοῖς
1798 1433 1862 1470 παρ’

244 1472 432 1508 pugnantibus
449 1478 503 1499 non
519 1472 692 1503 misceamur,
711 1478 761 1498 nec
776 1471 967 1505 perturbemur
981 1478 1024 1497 re-

1078 1477 1155 1511 ἡμῶν
1180 1477 1400 1512 βουκολουμένοις
1426 1478 1598 1514 συζήσομεν,
1622 1479 1730 1506 πάντων
1755 1479 1809 1505 τῶν
1834 1480 1863 1506 ὲν

245 1516 394 1545 luctatione
410 1516 554 1542 multorum
569 1524 575 1541 :
591 1513 639 1541 sed
657 1517 746 1541 motus
758 1513 840 1540 animi
856 1521 951 1540 omnes
968 1518 1026 1539 tan-

245 1570 326 1598 quam
345 1569 410 1589 oves
427 1560 542 1596 pastori,
564 1560 603 1587 sic
626 1559 723 1586 rationi
743 1559 961 1593 obtemperantes
977 1567 1026 1593 gu-

243 1608 435 1640 bernabimus,
450 1613 503 1641 qua
521 1605 628 1641 quidem
645 1605 672 1631 in
694 1612 789 1632 norma
805 1604 912 1631 vivendi
933 1612 1025 1638 perse-

243 1654 418 1685 verantibus,
438 1652 556 1680 mirabili
579 1658 630 1679 suo
653 1650 753 1678 veritas
777 1650 922 1685 splendore
949 1651 1027 1677 nobis

245 1699 396 1735 apparebit,
411 1698 548 1733 animique
560 1697 654 1724 oculos
669 1696 824 1731 subaperiet
834 1699 915 1730 atque
925 1696 1027 1722 illumi-

245 1746 329 1773 nabit.
352 1745 422 1772 Deus
437 1749 527 1771 autem
544 1747 586 1771 est
601 1743 710 1774 veritas,
727 1750 788 1778 qua
807 1746 872 1770 tunc
892 1750 939 1778 per
956 1743 1038 1770 inet»

245 1791 354 1819 labilem
381 1789 608 1818 illuminationem
639 1788 712 1815 illam
740 1789 824 1823 Moysi
853 1788 1026 1817 manifestata

243 1841 296 1864 εει.

280 1881 358 1914 Quod
374 1881 397 1908 si
414 1881 554 1916 spinosum
569 1879 649 1907 etiam
672 1880 770 1906 rubum
786 1880 875 1906 lumen
894 1880 1024 1913 incendit,

246 1935 301 1963 quo
319 1926 457 1962 propheta:
472 1926 580 1953 animus
602 1926 765 1958 illustratur,
784 1934 817 1953 ne
843 1927 894 1952 hoc
918 1926 1026 1960 quidem

247 1973 280 2000 ad
298 1972 474 2007 quzrstionem
489 1971 647 1998 solvendam
660 1976 702 1998 est
717 1971 820 1998 inutile.
835 1970 900 1997 Nam
917 1972 940 1998 si
959 1971 1028 1998 Deus

246 2018 354 2052 quidem
376 2022 417 2045 est
438 2017 547 2048 veritas,
579 2018 622 2044 lux
649 2021 738 2044 autem
761 2017 860 2044 veritas
879 2021 920 2043 est
941 2026 947 2043 :
972 2017 1029 2043 lm-c

247 2063 304 2098 ipsa
321 2070 402 2098 porro
426 2063 552 2090 sublimia
570 2063 717 2096 divinaque
732 2063 844 2088 nomina
863 2062 916 2089 Deo
937 2063 982 2096 qui
1001 2062 1027 2088 in

231 2103 329 2136 icarne
343 2109 421 2136 nobis
436 2109 562 2144 apparuit
584 2108 740 2140 convenire,
757 2116 838 2136 voces
861 2107 1028 2142 Evangelicae

1079 1522 1144 1556 ἡμῖν
1158 1521 1208 1556 τῆς
1219 1522 1307 1557 ψυχῆς
1319 1523 1488 1557 κινημάτων,
1503 1523 1645 1558 προϐάτων
1656 1523 1744 1558 δίκην,
1755 1523 1794 1558 τῷ
1806 1523 1862 1558 βου·

1080 1568 1180 1602 λήματι
1192 1567 1237 1593 τοῦ
1256 1567 1464 1599 ἐπιστατοῦντος
1478 1567 1557 1602 λόγου
1572 1568 1798 1603 ποιμαινομένων.
1810 1569 1863 1596 Καὶ

1080 1613 1151 1639 οὕτω
1168 1612 1393 1648 προσεδρεύουσιν
1414 1614 1480 1647 ἡμῖν
1500 1615 1533 1648 τῇ
1558 1614 1681 1649 εἰρηνικῇ
1706 1613 1791 1649 ταύτῃ
1816 1614 1863 1640 καὶ

1080 1656 1208 1691 ἀπολέμῳ
1223 1657 1362 1691 διαγωγῇ,
1379 1657 1527 1691 ἑπιλάμψει
1546 1658 1606 1684 τότε
1623 1659 1639 1693 ἡ
1656 1658 1785 1693 ἀλήθεια,
1804 1660 1863 1690 ταῖς

1081 1703 1159 1734 ἰδίαις
1173 1705 1367 1738 μαρμαρυγαῖς
1387 1703 1436 1735 τὰς
1450 1705 1500 1738 τῆς
1519 1703 1607 1739 ψυχῆς
1624 1703 1699 1738 ὄψεις
1716 1704 1862 1739 περιαυγα-

1081 1748 1174 1780 ζουσα.
1185 1748 1249 1779 Θεὸς
1261 1749 1288 1775 δέ
1300 1749 1372 1775 ἐστιν
1386 1750 1402 1784 ἡ
1416 1749 1539 1784 ἀλήθεια,
1557 1751 1573 1784 ὴ
1588 1750 1784 1784 ὲμφανισθεῖσα
1803 1751 1864 1777 τότε

1081 1794 1126 1821 διὰ
1140 1794 1187 1828 τῆς
1203 1795 1323 1830 ἀρρήτου
1345 1795 1452 1830 ἐκείνης
1469 1796 1647 1830 φωταγωγίας
1664 1795 1703 1830 τῷ
1724 1797 1820 1832 Μωσῇ.

1115 1884 1145 1910 Εἰ
1160 1883 1188 1910 δὲ
1202 1884 1248 1910 καὶ
1263 1884 1365 1918 θάμνου
1381 1884 1452 1915 τινὸς
1466 1884 1636 1915 ἀκανθώδους
1650 1884 1679 1910 τὸ
1691 1884 1791 1918 φέγγος
1804 1884 1863 1917 ἐξά-

1080 1936 1184 1959 πτεται,
1195 1925 1217 1961 ᾧ
1231 1929 1247 1964 ἡ
1260 1928 1332 1964 ψυχὴ
1344 1929 1390 1955 τοῦ
1406 1930 1545 1964 προφήτου
1560 1923 1775 1963 καταφωτίζεται
1785 1938 1792 1945 ·
1804 1930 1863 1956 οὐδὲ

1080 1974 1158 2000 τοῦτο
1175 1974 1318 2005 ἀσυντελὲς
1332 1975 1397 2009 ἡμῖν
1411 1974 1488 2000 ἔσται
1509 1975 1576 2009 πρὸς
1591 1975 1621 2000 τὸ
1642 1974 1816 2009 ζητούμενον.
1832 1975 1863 2005 El

1081 2019 1134 2054 γὰρ
1151 2019 1215 2050 Θεὸς
1235 2019 1284 2054 μὲν
1308 2021 1323 2053 ἡ
1341 2019 1467 2055 ἀλήθεια,
1485 2021 1500 2054 ή
1523 2020 1551 2046 δὲ
1576 2019 1688 2054 ἀλήθεια
1713 2020 1771 2054 φῶς
1786 2021 1863 2046 ἐστι·

1081 2064 1166 2090 ταῦτα
1180 2064 1207 2090 δὲ
1220 2064 1253 2090 τὰ
1269 2064 1357 2098 ὑψηλά
1368 2073 1398 2090 τε
1417 2065 1464 2090 καὶ
1480 2064 1539 2091 θεῖα
1553 2065 1606 2091 τῶν
1622 2065 1770 2099 ὀνομάτων,
1786 2065 1832 2091 καὶ
1846 2063 1861 2097 ή

1081 2109 1127 2136 τοῦ
1143 2109 1306 2143 Εὐαγγελίου
1323 2109 1397 2145 φωνὴ
1421 2110 1629 2144 προσμαρτυρεῖ
1647 2108 1686 2143 τῴ
1702 2109 1745 2135 διὰ
1765 2109 1864 2144 capue;

247 2159 421 2187 attestantur,
438 2155 633 2182 convenienter
656 2154 712 2181 hrec
733 2153 883 2181 secundum
900 2154 1024 2181 virtutem

1081 2157 1146 2190 ἡμῖν
1166 2155 1274 2189 ὀφθέντι
1294 2155 1353 2189 Θεῷ
1365 2163 1371 2170 ·
1392 2154 1545 2186 ἀκολούθως
1567 2155 1583 2189 ἡ
1608 2154 1718 2189 τοιαύτη
1734 2156 1784 2189 τῆς
1798 2155 1863 2189 ἁρε-

246 2200 354 2228 vivendi
374 2200 442 2227 ratio
462 2200 494 2227 ad
514 2200 583 2227 lucis
598 2199 670 2227 illius
690 2198 873 2232 cognitionem
892 2206 943 2226 nos
964 2206 1027 2233 pro-

245 2246 329 2277 vehit,
347 2253 407 2280 qua:
422 2245 455 2272 ad
473 2245 619 2272 humanam
630 2251 716 2279 usque
727 2247 851 2271 naturam
868 2243 1026 2276 descendit;

246 2298 306 2326 quae
319 2291 428 2325 quidem
444 2298 499 2317 non
516 2291 549 2317 de
564 2290 633 2317 coelo
649 2289 792 2321 illucescit,
809 2296 843 2316 ne
854 2296 869 2316 a
884 2289 970 2317 stellis
983 2290 1027 2317 dc-

245 2336 317 2363 ﬁuxa
334 2336 379 2363 lux
395 2336 539 2363 videatur:
561 2335 607 2362 sed
623 2335 657 2362 ab
674 2335 752 2368 rubo,
770 2335 883 2370 ipsoque
901 2335 1023 2370 spinoso,

246 2382 279 2410 ab
295 2382 463 2409 humanitate
481 2381 604 2408 videlicet
616 2380 764 2409 Salvatoris
776 2381 917 2416 elTngens,
930 2381 963 2407 ad
978 2389 1025 2408 co-

245 2427 394 2463 gnitionem
410 2427 452 2454 sui
471 2435 517 2461 per
532 2427 718 2462 Evangelicam
735 2435 785 2455 nos
796 2427 889 2454 tubam
905 2430 1024 2454 revocat.

246 2472 314 2500 Hinc
330 2473 412 2499 etiam
427 2474 585 2507 mysterium
604 2473 669 2500 illud
684 2472 802 2509 Virginis
820 2472 963 2507 ﬁguratum
981 2480 1026 2499 es-

244 2527 284 2551 se,
307 2519 369 2554 quis
389 2527 444 2546 non
463 2519 580 2546 viderit?
603 2519 643 2546 Ab
667 2526 698 2546 ea
718 2525 834 2552 namque
858 2517 966 2545 deitatis
982 2518 1026 2544 lux

244 2567 383 2599 assumpta
404 2571 486 2592 carne
512 2564 600 2591 illuxit
624 2563 797 2595 hominibus,
820 2570 934 2596 eamque
954 2563 1026 2590 omni
1048 2597 1050 2599 ι

245 2610 326 2638 modo
343 2610 529 2645 incorruptam
554 2610 683 2641 servavit,
705 2609 870 2644 virginitatis
890 2608 1027 2635 viriditate

244 2656 318 2682 nullo
336 2663 368 2691 pa
387 2660 415 2682 to
434 2659 610 2682 commutata.
627 2655 693 2687 Quae
707 2654 816 2688 quidem
835 2654 878 2679 lux
897 2661 958 2680 cum
977 2662 1026 2680 no-

243 2701 283 2727 bis
298 2700 534 2734 illuxerityprimo
554 2692 662 2726 docebit
680 2698 743 2732 quid
760 2697 912 2724 faciendum
929 2702 974 2728 st.
995 2703 1023 2724 ut

244 2747 380 2781 possimus
397 2746 428 2772 ad
453 2745 572 2772 veritatis
590 2744 679 2771 radios
696 2742 825 2770 accedere
846 2751 851 2768 :
871 2742 949 2770 nobis
969 2744 1023 2770 sci-

1082 2202 1130 2235 τῆς
1153 2201 1248 2235 ἀγωγὴ
1271 2200 1403 2236 προσάγει
1423 2201 1496 2235 ἡμᾶς
1522 2201 1555 2235 τῇ
1578 2199 1676 2234 γνώσει
1703 2199 1749 2226 τοῦ
1776 2200 1864 2235 φωτὸς

1081 2246 1195 2277 ἐκείνου,
1208 2246 1222 2272 ὃ
1239 2246 1319 2281 μέχρι
1344 2247 1394 2280 τῆς
1409 2247 1581 2281 ἀνθρωπίνης
1603 2246 1706 2272 κάτεισι
1732 2246 1838 2280 φύσεως
1856 2256 1863 2262 ·

1079 2292 1128 2318 οὐκ
1143 2292 1196 2318 ἀπό
1214 2300 1286 2323 τινος
1307 2291 1361 2317 τῶν
1385 2292 1449 2326 περὶ
1468 2291 1502 2317 τὰ
1524 2291 1611 2326 ἄστρα
1625 2291 1775 2326 φωστήρων
1795 2291 1865 2326 λαμ-

1080 2338 1196 2374 πόμενον
1208 2358 1215 2370 ,
1235 2338 1272 2370 ὡς
1288 2338 1320 2365 ἂν
1343 2338 1380 2374 μὴ
1397 2340 1445 2374 τῆς
1471 2338 1652 2374 ὑποκειμένης
1674 2338 1740 2373 ὕλης
1752 2339 1770 2372 ὴ
1792 2338 1865 2372 αὐγὴ

1080 2383 1219 2419 νομισθείη
1231 2403 1238 2414 ,
1253 2384 1309 2410 ἀλλ’
1329 2384 1382 2410 ἀπὸ
1396 2385 1493 2419 γηῖνης
1508 2384 1609 2419 θάμνου
1629 2385 1691 2415 τοὺς
1706 2385 1765 2410 κατ’
1781 2384 1865 2418 οὐρα-

1081 2429 1126 2455 νὸν
1138 2430 1282 2464 φωστῆρας
1295 2431 1354 2461 ταῖς
1365 2430 1469 2456 ἀκτῖσιν
1480 2429 1723 2465 ὑπερϐαλλόμενον.
1735 2430 1774 2455 Δι’
1784 2426 1814 2455 οὗ
1825 2429 1866 2455 δι-

1080 2474 1233 2509 δασκόμεθα
1250 2475 1296 2501 καὶ
1309 2475 1339 2500 τὸ
1352 2475 1423 2501 κατὰ
1438 2474 1486 2510 τὴν
1497 2475 1634 2509 Παρθένον
1646 2474 1804 2509 μυστήριον,
1815 2474 1865 2508 ἀφ’

1076 2517 1109 2555 ἧς
1128 2519 1158 2545 τὸ
1176 2519 1225 2554 τῆς
1246 2520 1371 2554 θεότητος
1391 2520 1448 2553 φῶς
1468 2520 1624 2555 ὲπιλάμψαν
1647 2519 1685 2554 τῷ
1700 2519 1866 2555 ἀνθρωπίνῳ

1077 2564 1126 2599 βίῳ
1149 2564 1191 2591 διὰ
1215 2566 1382 2599 γεννήσεως,
1411 2565 1573 2600 ἀδιάφθορον
1598 2565 1713 2599 ἐφύλαξε
1731 2565 1779 2600 τὴν
1803 2564 1867 2597 ὲξά-

1074 2610 1163 2644 ψασαν
1179 2610 1288 2645 θάμνον,
1304 2610 1349 2637 τοῦ
1367 2611 1479 2645 βλαστοῦ
1495 2611 1544 2645 τῆς
1561 2611 1707 2646 παρθενίας
1731 2611 1767 2645 μὴ
1781 2618 1867 2644 μετα-

1077 2655 1258 2689 μαρανθέντος
1274 2655 1311 2690 τῷ
1335 2657 1414 2691 τῆκῳ.
1436 2656 1503 2691 Παρ’
1521 2656 1624 2682 ἐκείνου
1649 2655 1696 2682 τοῦ
1719 2655 1808 2690 φωτὸς
1823 2655 1866 2681 δι-

1076 2700 1240 2734 δασκόμεθα,
1265 2701 1290 2727 τί
1313 2702 1482 2736 ποιήσαντες,
1501 2702 1575 2732 ἐντὸς
1599 2701 1653 2727 τῶν
1678 2701 1793 2727 ἀκτίνων
1816 2701 1868 2735 τῆς

1078 2745 1206 2780 ἀληθείας
1222 2747 1392 2781 στησόμεθα·
1415 2748 1455 2773 ὅτι
1472 2747 1521 2773 οὐκ
1543 2747 1598 2772 ἔστι
1615 2746 1765 2780 δεδεμένοις
1787 2748 1867 2772 ποσὶν
