1977 3071
147 85 199 113 333

799 93 842 120 DE
859 94 937 122 VITA
960 94 1094 122 Μογδιε..

1711 97 1782 124 53ι›

145 143 309 178 ἀναδραμεῖν
328 144 394 180 πρὸς
421 145 450 172 τὺ
463 146 528 180 ὕφος
550 149 645 180 ἐκεῖνο,
665 150 692 175 ἐν
754 149 784 176 τὸ
800 150 857 185 φῶς
883 152 912 185 τῆ

965 177 966 181 η
983 151 1045 178 licet
1059 159 1111 178 non
1128 151 1209 179 licere
1224 148 1337 187 pedibus
1348 153 1488 186 revinctis,
1498 154 1532 182 ad
1539 155 1646 184 culmen
1660 156 1725 184 illud
1735 157 1763 184 in

145 188 273 223 ἀληθείας
284 191 390 224 ὁρᾶται,
417 193 441 218 εἰ
464 193 501 228 μὴ
525 194 681 230 περιλυθείη
703 196 757 222 τῶν
773 197 820 231 τῆς
841 198 930 232 ψυχῆς

145 237 249 271 βάσεων
273 238 289 272 ἡ
310 239 394 274 νεκρά
412 247 441 265 τε
461 241 507 266 καὶ
521 242 601 276 τηΐνη
623 242 676 268 τῶν
686 243 832 278 -δερμάτων
852 253 928 279 περι-

143 282 218 317 ϐολὴ,
234 283 251 318 ἡ
266 283 437 318 περιτεθεϊσα
450 287 509 312 κατ’
520 287 605 321 ἀρχὰς
618 289 650 322 τῇ
665 288 754 322 φύσει,
767 290 809 315 ὅτε
823 290 866 316 διὰ
880 291 929 324 τῆς

143 328 285 364 παρακοῆς
308 329 355 355 τοῦ
380 329 450 357 θείου
473 331 625 366 θελήματος
644 334 850 369 ὲγυμνώθηαεν.
873 335 928 361 Καὶ

141 373 228 406 οὕτως
245 375 456 411 ἐπακολουθήσει
471 377 572 404 τούτων
596 380 662 413 ἡμῖν
680 380 831 414 γενομένων
850 382 865 416 ἡ
880 381 927 416 τῆς

140 419 268 455 ἀληθείας
281 419 380 453 γνῶσις
400 422 449 456 τῆς
472 423 536 458 περὶ
549 423 579 449 τὸ
599 423 636 458 μὴ
653 423 681 450 ὃν
701 425 859 460 ὑπολήψεως
876 435 926 452 κα-

140 466 250 500 θάρσιον
272 466 385 500 γίνεται.
404 467 488 494 Τοῦτο
507 469 535 495 δέ
559 469 626 500 ἐστι,
652 471 722 497 κατά
744 479 775 504 γε
794 471 838 497 τὸν
862 473 926 506 ἐμὸν

141 512 228 545 λόγον,
253 512 365 547 ὁρισμὸς
387 512 526 547 ἀληθείας.
550 514 581 540 τὸ
598 515 635 550 μὴ
662 515 852 551 διαψευσθῆναι
877 518 925 552 τῆς

143 557 185 583 ιοῦ
202 557 277 589 ὄντος
297 559 494 593 κατανοήσεως.
510 560 623 594 (Ψεῦδος
642 562 695 597 γάρ
712 562 769 588 ἐστι
792 564 925 596 φαντασία

142 612 179 635 εις
198 604 262 639 περὶ
276 604 306 630 τὸ
324 605 361 639 μὴ
381 604 410 631 ὃν
432 605 593 642 ἐγγινομένη
611 608 643 642 τῇ
668 607 781 644 διανοίᾳ,
801 609 839 640 ὡς
861 610 924 643 ὑφε-

139 649 240 680 στῶτος
254 649 300 675 τοῦ
318 649 354 683 μὴ
370 649 553 685 ὑπάρχοντος’
569 651 681 686 ἀλήθεια
697 652 735 682 δὲ.
758 654 773 688 ἡ
788 653 834 679 τοῦ
849 654 924 685 ὄντος

138 694 260 729 ἀσφαλὴς
277 695 463 730 κατανόησις.)
486 697 539 722 Καὶ
561 696 632 723 οὕτω
655 698 744 733 πολλῷ
761 707 802 730 τις
822 699 861 733 τῷ
876 709 923 733 με-

137 740 201 773 ταξὺ
219 740 307 775 χρόνῳ
321 742 379 772 ταῖς
392 741 507 775 ὑψηλαῖς
525 742 559 768 δι’
576 743 692 777 ἡσυχίας
705 743 922 779 ὲμιριλοσοφήσας

138 785 271 820 μελέταις,
293 785 369 820 μόλις
385 788 553 822 κατανοήσει,
570 787 596 813 τί
615 789 663 822 μέν
674 789 747 815 ἐστιν
761 789 799 821 ὡς
815 791 921 824 ἀληθῶς

980 206 1035 230 quo
1067 201 1173 224 tenetur
1200 199 1251 225 lux.
1275 200 1396 227 veritatis
1421 202 1590 233 ascendere,
1622 203 1675 231 nisi
1706 203 1762 230 sol-

980 248 1058 269 vatur
1085 251 1117 270 ex
1154 244 1251 271 anima:
1282 245 1380 278 plantis
1413 251 1537 275 mortuus
1567 255 1599 275 ac
1625 249 1762 277 terrestris

980 288 1088 321 pellitth
1103 289 1231 320 amictus,
1243 297 1307 324 quo,
1320 290 1353 317 ab
1369 291 1447 318 initio
1463 298 1558 319 natura
1578 299 1671 322 nostra
1684 295 1761 322 invo-

980 332 1033 359 luta
1061 337 1111 363 est,
1126 342 1180 368 quo
1203 339 1322 369 ten-pore
1343 343 1404 362 cum
1431 337 1528 364 divinae
1551 339 1682 367 voluntati
1705 348 1758 367 non

978 379 1174 411 paruissemus,
1194 381 1286 407 nudati
1301 389 1409 412 sumus;
1424 386 1504 417 atque
1520 383 1555 409 ita
1570 385 1758 419 cogitationem

977 423 1035 457 ejus
1052 426 1098 459 qui
1115 429 1157 452 est
1174 427 1365 460 suscipiemus,
1387 432 1413 453 et
1430 428 1572 461 opiniones
1586 429 1620 456 de
1642 438 1674 456 eo
1687 431 1757 465 quod

977 477 1029 497 non
1048 475 1089 497 est
1107 471 1189 500 falsas
1211 473 1319 506 penitus
1343 473 1459 507 repellit.
1484 473 1545 500 lla-c
1564 475 1635 501 enim
1661 479 1702 502 est
1719 476 1758 510 (ut

977 523 1026 551 ego
1041 517 1140 550 sentio)
1158 517 1281 545 veritatis
1297 517 1432 549 diﬁinitio,
1452 519 1528 546 ﬁrma
1545 520 1604 554 ejus
1628 521 1699 554 quod
1716 527 1758 549 est

977 562 1146 594 intellectio;
1168 563 1272 591 falsitas
1294 565 1365 591 enim
1385 566 1556 600 pliantastica
1576 567 1698 600 quaedam
1716 572 1757 594 est

975 608 1047 634 circa
1066 608 1091 634 id
1108 609 1178 643 quod
1201 617 1253 635 non
1276 615 1317 637 est
1332 612 1548 645 comprehensio,
1570 613 1647 647 quasi
1664 613 1755 639 subsi-

974 657 1028 679 stat
1050 654 1120 687 quod
1142 661 1195 680 non
1219 659 1269 682 est.
1290 654 1396 682 Veritas
1418 660 1506 682 autem
1526 661 1568 683 est
1590 657 1659 691 ejus.
1683 658 1754 691 qnnd

973 705 1035 724 vere
1056 702 1114 728 est,
1139 698 1216 725 ﬁrma
1240 700 1395 726 intellertio.
1423 699 1523 735 Longis
1548 706 1636 731 autem
1658 702 1755 735 spatiis

973 748 1126 778 temporum
1141 745 1230 771 altiori
1242 753 1290 780 per
1303 746 1420 780 quietem
1433 747 1524 772 animo
1540 747 1662 773 meditari
1677 755 1755 780 opor-

973 793 1020 821 tet,
1039 795 1067 815 ut
1083 789 1194 816 ﬁrtnitcr
1207 790 1356 825 intelligere
1372 791 1471 825 possis,
1483 791 1547 826 quid
1564 792 1598 818 sit
1613 792 1683 826 quod
1699 800 1752 818 non
1784 786 1786 790 ⁴

135 832 165 858 τὸ
179 831 217 863 ὃν,
234 831 247 858 ὃ
262 832 296 867 τῇ
309 832 391 858 αὑτοῦ
404 832 483 866 φύσει
499 833 529 859 τὸ
541 831 610 860 εἶναι
623 834 678 868 ἔχει
689 843 694 848 ·
710 835 735 861 τί
750 836 777 862 δὲ
789 836 819 862 τὸ
831 837 867 871 μὴ
879 837 907 862 ὃν

970 839 1023 865 est.
1043 835 1114 868 quod
1139 836 1227 862 solum
1243 844 1304 863 esse
1318 836 1436 869 videtur,
1461 845 1522 864 cum
1552 846 1599 872 per
1619 845 1648 865 se
1673 843 1753 872 atque

135 878 149 903 ὃ
165 878 195 903 ἐν
210 877 249 912 τῷ
269 877 357 904 δοκεῖν
376 875 444 904 εἶναι
463 879 540 913 μόνον
555 880 637 910 ἐστὶν,
657 882 840 908 ἀνυπόστατον
859 883 918 918 ἕχον

133 922 175 954 ἐφ’
189 923 284 950 ἑαυτοῦ
297 923 345 958 τὴν
359 923 448 957 φύσιν.
464 924 497 950 Ὂ
509 933 554 958 μοι
565 926 637 952 δοκεῖ
648 927 707 952 τότε
720 929 733 953 ὁ
746 927 833 962 μέγας
845 928 919 955 Muli)-

137 970 193 1005 σῆς,
214 970 243 995 ὲν
256 971 287 1004 τῇ
305 969 449 1005 θεοφανείᾳ
464 970 628 1003 παιδευθεὶς,
644 972 744 1006 γνῶναι
755 981 761 987 ’
782 974 823 1000 ὅτι
843 975 918 1001 οὐδὲν

133 1015 186 1040 τῶν
201 1014 298 1044 ἄλλων,
312 1015 362 1041 ὅσα
381 1023 410 1041 τε
424 1016 456 1051 τῇ
472 1015 595 1051 αἰσθήσει
609 1019 857 1053 καταλαμϐάνεται,
871 1021 918 1046 καὶ

132 1060 181 1086 ὅσα
194 1061 264 1087 κατὰ
276 1060 394 1087 διάνοιαν
406 1061 558 1097 θεωρεῖται,
570 1063 609 1099 τῷ
619 1063 675 1090 ὄντι
686 1064 832 1100 ὑφέστηκε,
849 1066 917 1101 πλὴν

131 1106 182 1140 τῆς
195 1106 322 1141 ὑπεράνω
332 1106 458 1141 enim;
472 1108 565 1139 οὐσίας
581 1109 626 1135 καὶ
640 1109 728 1142 αίτίας
742 1110 789 1136 τοῦ
806 1111 914 1142 παντὸς,

132 1151 177 1185 ἀφ’
196 1149 231 1187 ἧς
249 1151 364 1187 ἐξῆπται
379 1153 410 1178 τὸ
429 1154 494 1180 πᾶν.
507 1153 538 1180 Et
553 1154 607 1189 γάρ
627 1163 652 1180 τι
676 1156 720 1182 καὶ
737 1156 799 1182 ἄλλο
815 1158 844 1183 ἐν
860 1158 916 1188 τοῖς

131 1195 204 1224 οὖσιν
219 1198 235 1232 ἠ
251 1197 353 1224 διάνοια
378 1198 481 1232 βλέπει,
499 1199 555 1226 ἀλλ’
571 1201 598 1226 ἐν
619 1200 705 1227 οὐδενὶ
719 1201 773 1228 τῶν
791 1202 875 1228 ὄντων
887 1203 917 1228 τὸ

129 1243 276 1278 ἀπροσδεὲς
301 1244 347 1270 τοῦ
374 1244 468 1278 ἑτέρου
492 1245 622 1281 εὐθεωρεῖ
642 1246 656 1271 ό
672 1246 757 1279 λόγος,
772 1244 916 1281 ᾦὸυνατόν

129 1288 187 1315 ἐστι
205 1288 265 1323 δίχα
277 1289 327 1323 τῆς
339 1290 481 1324 μετουσίας
494 1290 541 1317 τοῦ
556 1291 631 1324 ὖντος
642 1290 721 1320 εἶναι.
735 1293 771 1319 Τὸ
784 1293 811 1320 δὲ
826 1294 913 1324 ὡσαύ-

129 1342 181 1365 τως
196 1334 254 1369 ἔχον
268 1335 322 1366 ἀεὶ,
338 1335 367 1361 τὸ
387 1336 510 1368 ἁναυξὲς,
527 1336 557 1363 τὸ
572 1337 715 1372 ἀμείωτον,
731 1339 761 1365 τὸ
781 1340 847 1374 πρὸς
864 1341 913 1367 πᾶ-

129 1388 178 1405 σαν
193 1380 342 1415 μεταϐολὴν
355 1382 404 1416 τήν
416 1390 445 1407 τε
460 1382 527 1417 πρὸς
545 1383 575 1408 τὸ
587 1385 709 1418 κρεῖττον
726 1385 772 1410 καὶ
787 1385 834 1419 τὴν
846 1386 914 1420 πρὺς

127 1424 157 1451 τὸ
171 1427 259 1461 χεῖρον
272 1426 370 1462 ἐπίσης
386 1427 512 1462 ἀκίνητον
523 1436 530 1442 ·
543 1428 590 1455 τοῦ
603 1429 651 1464 μὲν
664 1430 718 1464 γὰρ
736 1431 856 1465 χείρονος
868 1432 914 1465 ἠλ-

127 1471 284 1506 λοτρίωται·
303 1471 333 1498 τὸ
356 1472 383 1498 δὲ
407 1475 529 1508 κρεῖττον
551 1474 602 1500 οὐκ
627 1474 682 1509 ἔχει
696 1483 702 1490 ο
718 1475 748 1501 τὸ
769 1475 797 1501 δὲ
814 1477 946 1523 παντὸς(Ζ

126 1517 249 1549 ἀνενδεὲς
268 1518 371 1552 ἐτέρου,
386 1518 416 1544 τὸ
436 1519 514 1553 μόνον
527 1520 648 1554 ὀρεκτὸν,
662 1520 708 1547 καί
725 1521 799 1556 παρὰ
814 1523 912 1553 παντὸς

128 1563 316 1598 μετεχόμενον,
343 1564 390 1590 καὶ
409 1565 437 1590 ὲν
461 1565 493 1599 τῆ
518 1566 646 1601 μετουσίᾳ
669 1566 722 1592 τῶν
745 1567 911 1602 μετεχόντων

102 1635 104 1638 ,
125 1608 175 1633 οὐκ
188 1608 392 1642 ἐλαττούμενον.

161 1654 245 1680 Τοῦτό
262 1656 334 1681 ἐστιν
358 1655 396 1686 ὡς
416 1655 523 1690 ἀληθῶς
541 1657 570 1682 τὸ
590 1657 673 1688 ὄντως
687 1658 726 1688 ὃν,
743 1659 790 1684 καὶ
808 1660 824 1693 ἡ
844 1659 907 1685 τού-

125 1709 171 1726 του
187 1700 360 1735 κατανόησις,
383 1701 399 1735 ὴ
422 1701 471 1735 τῆς
494 1701 622 1736 ἀληθείας
642 1703 741 1736 γνῶσίς
758 1704 839 1730 ἐστιν.
864 1705 907 1730 ‘Ev

123 1745 210 1781 τούτῳ
237 1746 324 1772 τοίνυν
351 1746 491 1781 γινόμενος
514 1747 575 1773 τότε
600 1749 649 1782 μὲν
671 1749 783 1780 ἐκεῖνος,
809 1750 855 1775 νῦν
879 1750 907 1776 δὲ

124 1792 177 1822 πᾶς
199 1792 213 1817 ὁ
229 1793 287 1817 κατ’
302 1792 405 1818 ἐκεῖνον
422 1792 472 1826 τῆς
487 1792 582 1828 γητνης
606 1794 686 1820 αὑτὸν
706 1793 809 1820 ἐκλύων
831 1803 907 1830 περι-

123 1837 220 1872 ϐολῆς,
247 1837 342 1863 καὶτὸ
368 1838 399 1863 ὲκ
426 1838 473 1872 τῆς
498 1837 579 1872 βάτου
602 1838 660 1872 φῶς
681 1838 805 1873 βλέπων,
834 1839 906 1866 τοῦτ’

123 1881 189 1908 ἐστι.
206 1881 274 1915 πρὸς
297 1882 345 1916 τὴν
359 1882 401 1908 διὰ
418 1883 519 1916 σαρκὸς
540 1882 590 1916 τῆς
610 1883 781 1915 ἀκανθώδους
806 1884 906 1919 ταύτης

123 1926 312 1960 ἑπιλάμψασαν
322 1928 387 1961 ἡμῖν
401 1927 579 1962 ὰκτῖνα,’ἦτις
591 1929 658 1959 ἐστὶ,
673 1922 804 1960 καοὼξτὸ
816 1930 905 1965 Εὐαγ-

123 1972 209 2004 γὲλιόν
222 1980 298 2006 φησι,
313 1972 342 1998 τὺ
356 1973 411 2006 φῶς
426 1973 455 1999 τὸ
468 1973 602 2008 ἀληθινὸν,
620 1975 666 2001 καὶ
677 1976 693 2010 ἡ
706 1975 832 2010 ἀλήθεια⁸
843 1977 903 2002 τότε

120 2016 238 2046 τοιοῦτος
250 2015 361 2049 γίνεται.
376 2014 430 2048 οἷος
446 2017 492 2043 καὶ
503 2018 605 2053 ἑτέροις
617 2020 657 2050 είς
673 2021 809 2056 σωτηρίαν
823 2021 905 2056 ἁρκέ-

121 2069 175 2088 σαι.
193 2060 241 2087 καὶ
256 2060 380 2087 καθελεῖν
396 2062 444 2095 μὲν
460 2062 509 2096 τὴν
532 2064 733 2098 ἐπικρατοῦσαν
751 2066 843 2098 κακῶς
856 2075 904 2092 τυ-

119 2105 240 2140 ραννίδα,
267 2105 405 2137 ἐξελέσθαι
427 2108 454 2134 δὲ
476 2109 542 2142 πρὸς
569 2110 724 2145 ἐλευθερίαν
745 2113 798 2138 πᾶν
819 2113 849 2138 τὸ
870 2115 903 2148 τῇ

118 2152 226 2187 πονηρᾷ.
245 2151 349 2187 δουλείᾳ
365 2154 630 2189 κατακρατούμενον,
646 2156 693 2190 τῆς
714 2157 903 2194 ἀλλοιωθείσης

973 885 1094 906 naturam
1108 888 1185 907 suam
1201 882 1311 909 minime
1323 882 1464 909 subsistat.
1484 882 1547 909 Mihi
1560 883 1630 909 enitn
1647 883 1754 910 videtur

971 934 1085 960 magnus
1102 927 1146 954 ille
1161 927 1265 962 Moyses
1275 935 1306 955 ea
1317 929 1343 955 in
1356 929 1459 955 visione
1469 929 1608 961 didicisse.
1625 929 1690 956 nihil
1706 938 1751 956 ea-

970 980 1029 999 rum
1044 981 1146 1004 rerum,
1171 981 1230 1007 qum
1250 978 1296 1000 aut
1314 982 1394 1001 sensu
1411 975 1689 1009 cumprcltenduntur.
1705 982 1749 1003 ιιιιι

969 1021 1058 1045 mente
1073 1019 1284 1053 perspiciuntur,
1303 1025 1400 1054 pra-ter
1420 1029 1573 1055 supremam
1589 1023 1748 1053 essentiam,

968 1071 1028 1097 qua:
1040 1064 1160 1090 omnium
1174 1071 1256 1091 causa
1268 1068 1319 1094 est.
1335 1069 1360 1092 et
1377 1073 1391 1092 a
1412 1073 1465 1100 qua
1479 1067 1570 1093 omnia
1587 1067 1748 1102 dependent,

968 1116 1030 1136 vere
1044 1109 1203 1137 subsistere.
1219 1109 1248 1136 In
1264 1111 1338 1137 nullo
1357 1111 1429 1138 enim
1443 1117 1603 1140 cmterorum
1621 1114 1749 1148 indepen-

968 1154 1057 1180 dentia
1074 1155 1190 1189 perspici
1228 1159 1328 1189 potest,
1356 1157 1391 1183 ita
1417 1160 1442 1182 ut
1471 1157 1575 1192 absque
1604 1159 1749 1194 participa-

968 1200 1041 1227 tione
1057 1201 1111 1227 veri
1131 1201 1202 1228 entis
1216 1202 1302 1235 possit
1319 1210 1388 1228 esse.
1405 1202 1498 1229 Solum
1517 1203 1542 1229 id
1564 1204 1635 1238 quod
1654 1206 1747 1232 eodem

967 1247 1047 1272 modo
1058 1254 1164 1281 semper
1175 1255 1204 1274 se
1220 1248 1309 1278 habet,
1320 1257 1456 1283 nunquam
1467 1255 1590 1283 augetur,
1608 1259 1747 1285 nunquam

966 1292 1107 1324 minuitur,
1132 1293 1272 1326 atqualiter
1288 1294 1322 1320 ad
1346 1302 1452 1321 omnem
1480 1297 1669 1329 mutationem,
1693 1302 1746 1322 tam

966 1338 998 1364 ad
1015 1338 1092 1372 pejus
1107 1345 1187 1372 quam
1203 1339 1236 1366 ad
1247 1340 1353 1372 melius,
1369 1341 1536 1368 immutabile
1553 1351 1558 1368 :
1584 1342 1660 1376 pejus
1675 1343 1746 1369 enim

966 1384 1002 1410 ibi
1018 1388 1063 1410 aut
1082 1384 1181 1410 malum
1204 1393 1259 1411 non
1277 1390 1329 1416 est,
1356 1387 1453 1413 melius
1474 1395 1539 1413 vero
1565 1388 1678 1415 inveniri
1694 1396 1746 1415 non

965 1433 1062 1462 potest.
1081 1429 1170 1461 Quare
1187 1430 1274 1456 soluat
1292 1431 1366 1457 nulla
1383 1439 1411 1458 re
1426 1432 1478 1458 alia
1496 1432 1609 1467 indiget,
1623 1438 1649 1460 et
1663 1434 1746 1461 solius

964 1477 1061 1500 cuncta
1079 1474 1218 1508 indigent:
1232 1477 1320 1503 solum
1336 1481 1433 1505 cuncta
1452 1483 1591 1512 appetunt,
1605 1480 1663 1507 solo
1678 1488 1747 1506 cun-

964 1524 1005 1546 cla
1023 1521 1196 1555 participant,
1218 1528 1243 1548 et
1263 1530 1322 1556 quae
1338 1524 1512 1558 participant,
1539 1533 1585 1559 per
1601 1526 1747 1561 participa-

964 1567 1063 1593 tionem
1078 1572 1103 1594 et
1120 1571 1195 1599 sunt,
1214 1571 1240 1594 et
1255 1569 1323 1596 bene
1340 1574 1412 1596 sunt.
1435 1570 1511 1603 Quod
1528 1576 1617 1599 autem
1636 1574 1746 1607 partici-

962 1615 1053 1645 patur.
1071 1621 1209 1647 nunquam
1229 1614 1408 1643 imminuitur.

998 1657 1024 1683 Id
1044 1657 1125 1691 igitur
1141 1658 1263 1692 profecto
1287 1664 1346 1691 est.
1372 1662 1443 1695 quod
1468 1670 1530 1690 vere
1548 1669 1640 1699 est,,et
1665 1665 1745 1700 hujus

962 1703 1017 1730 veri
1035 1704 1106 1731 entis
1120 1704 1282 1737 intelleelio,
1297 1706 1329 1733 ad
1343 1715 1424 1741 quam
1440 1712 1504 1735 tunc
1517 1714 1662 1740 accesserit
1677 1715 1745 1751 Moy-

961 1757 1004 1776 ses
1018 1758 1024 1775 :
1041 1754 1067 1776 et
1089 1758 1160 1778 nunc
1175 1752 1332 1786 quicunque
1345 1754 1424 1781 sicuti
1440 1756 1483 1782 ille
1499 1764 1513 1782 a
1530 1760 1651 1786 terrestri
1668 1769 1697 1788 se
1712 1772 1742 1791 ac

961 1796 1074 1829 pelliceo
1095 1797 1210 1825 absolvit
1231 1799 1349 1832 atnictu,
1375 1801 1491 1828 divinam
1511 1811 1542 1830 ex
1562 1807 1628 1833 rubo
1655 1808 1741 1837 lucem

962 1842 1149 1876 prospiciens.
1174 1851 1233 1878 quze
1247 1845 1370 1873 videlicet
1386 1854 1418 1874 ex
1434 1855 1516 1876 carne
1533 1858 1582 1878 nos
1606 1853 1740 1881 illumina-

961 1888 1015 1918 vit,
1030 1895 1090 1921 qua:
1105 1892 1148 1915 est
1162 1889 1206 1915 lux
1227 1898 1307 1920 vera,
1330 1895 1355 1918 et
1376 1891 1432 1926 ipsa
1456 1895 1572 1927 veritas,
1600 1902 1628 1924 ut
1653 1898 1740 1926 Evan-

957 1933 1057 1967 gelium
1071 1933 1151 1966 dicit,
1170 1938 1234 1961 tunc
1247 1936 1309 1963 talis
1323 1937 1446 1968 cﬁicitur.
1464 1944 1493 1966 ut
1509 1941 1576 1968 alios
1592 1950 1699 1978 quoque
1714 1946 1740 1972 in

959 1978 1111 2006 libertatem
1127 1979 1280 2014 vindicare,
1296 1984 1448 2016 tyrannidis
1462 1985 1591 2020 injustum
1607 1989 1740 2024 principa-

955 2027 1011 2048 tum
1034 2022 1183 2057 deponere,
1201 2026 1351 2054 servientes
1367 2027 1484 2062 denique
1500 2031 1575 2065 ipsos
1593 2022 1620 2060 in
1638 2022 1737 2062 terram

954 2068 1142 2101 promissionis
1158 2070 1298 2102 reducere,
1309 2078 1482 2102 commutata:
1495 2075 1605 2108 dextrm.
1618 2083 1643 2106 et
1659 2080 1739 2115 virgae

953 2112 981 2138 in
1001 2118 1155 2146 serpentem
1175 2121 1261 2141 versae
1280 2116 1399 2149 auxilio,
1418 2117 1443 2144 id
1465 2123 1523 2151 est,
1541 2120 1592 2148 ﬁde
1613 2112 1736 2150 incarna-

953 2155 1034 2183 tionis
1055 2156 1128 2183 verbi
1152 2157 1306 2191 coadjutus.
1329 2159 1395 2187 Nam
1416 2162 1439 2189 si
1463 2163 1569 2199 Moyses
1594 2166 1635 2193 his
1658 2169 1738 2196 nixus

116 2195 215 2228 δεξιᾶς,
236 2197 283 2223 καὶ
304 2198 352 2232 τῆς
375 2199 414 2230 είς
435 2198 495 2232 ὅφιν
520 2200 733 2237 μεταϐληθείσης
754 2202 901 2239 βακτηρίας

965 2200 1096 2228 niraculis
1121 2210 1135 2227 ιι
1158 2203 1291 2231 servitute
1316 2208 1422 2240 tyranni
1446 2195 1575 2238 llebrmos
1595 2212 1736 2247 liberavit,

115 2244 170 2270 τῶν
183 2244 329 2279 θαυμάτων
344 2245 559 2283 καθηγουμένης.
574 2242 608 2281 ᾯ
624 2255 666 2281 μοι
682 2247 756 2273 δοκεῖ
769 2248 802 2274 δι’
816 2250 901 2283 αἰνίγ-

117 2299 202 2325 ματος
218 2291 247 2317 τδ
258 2290 302 2317 διὰ
317 2291 417 2326 σαρκὸς
432 2291 648 2326 παραδηλοῦσθαι
664 2292 711 2319 τοῦ
729 2293 829 2328 Κυρίου
851 2304 900 2329 μυ-

115 2337 227 2370 στήριον
242 2336 292 2370 τῆς
314 2337 444 2371 φανείσης
466 2339 522 2368 τοῖς
542 2337 695 2372 ἀνθρώποις
718 2338 851 2373 θεότητος,
867 2341 900 2366 δι’

114 2379 148 2416 ἧς
162 2381 265 2414 γίνεται
281 2381 298 2416 ἥ
311 2390 340 2407 τε
357 2381 404 2407 τοῦ
421 2382 550 2416 τυράννου
570 2383 736 2418 καθαίρεσις,
748 2385 795 2411 καὶ
814 2386 830 2419 ἡ
845 2386 899 2412 τῶν

114 2427 160 2452 ὑπ’
175 2426 256 2452 αὑτοῦ
282 2427 471 2462 κρατουμένων
493 2427 641 2463 ἐλευθερία.
660 2429 700 2454 Τὰ
717 2429 745 2456 δέ
771 2438 803 2464 με
831 2431 898 2465 πρὸς

111 2471 163 2506 τὴν
182 2471 300 2498 διάνοιαν
314 2470 414 2505 ἄγοντα
430 2473 541 2507 ταύτην,
559 2474 618 2500 ἐστὶ
632 2477 786 2511 προφητική
802 2485 832 2502 τε
852 2477 897 2503 καὶ

112 2517 275 2553 εὐαγγελικὴ
300 2519 445 2553 μαρτυρία.
469 2519 497 2544 ’0
511 2519 560 2554 μὲν
580 2520 633 2554 γὰρ
648 2519 790 2556 Προφήτης
804 2523 894 2557 φησιν’

113 2571 122 2584 4
134 2560 207 2594 Αὕτη
216 2563 232 2595 ἡ
243 2561 385 2594 ἀλλοίωσις
393 2563 442 2597 τῆς
450 2563 538 2596 δεξιᾶς
549 2565 595 2591 τοῦ
610 2564 749 2598 Ὑψίστου,
760 2576 768 2591 ι
787 2567 824 2598 ὡς
847 2569 895 2602 μὲν

110 2605 160 2639 τῆς
180 2605 254 2636 θείας
274 2606 380 2639 φύσεως
405 2607 433 2632 ἐν
451 2607 489 2641 τῷ
505 2608 673 2643 ἀναλλοιώτῳ
695 2611 894 2646 θεωρουμένης,

111 2650 145 2683 τῇ
160 2649 188 2675 δὲ
202 2649 268 2684 πρὸς
280 2650 310 2675 τὸ
325 2650 437 2681 ἀσθενὲς
451 2652 499 2686 τῆς
520 2653 691 2689 ἀνθρωπίνης
707 2656 813 2688 φύσεως
832 2665 896 2690 συγ-

109 2695 272 2725 καταεάσει,
298 2695 364 2730 πρὸς
390 2696 420 2722 τὸ
444 2698 575 2732 ἡμέτερον
595 2699 686 2733 σχῆμά
709 2709 737 2726 τε
761 2702 806 2727 καὶ
828 2700 895 2733 εἶδος

147 2781 168 2797 ⁸ο
182 2781 252 2808 Psal.
273 2789 362 2813 Lxxvt,
376 2783 419 2810 il.

955 2253 1008 2272 non
1025 2246 1124 2281 injuria
1139 2247 1335 2278 incarnationis
1348 2254 1521 2288 mysterium,
1538 2264 1592 2291 quo
1605 2263 1631 2285 et
1644 2259 1737 2287 diabo-

955 2291 998 2318 lus
1021 2291 1177 2326 depositus,
1199 2298 1226 2320 et
1242 2294 1360 2322 humana
1377 2302 1474 2326 natura
1487 2300 1599 2329 liberata
1613 2308 1672 2336 est,
1691 2313 1737 2339 per

954 2336 1011 2363 haec
1032 2337 1197 2364 arbitramur
1220 2339 1386 2374 signiﬁcari,
1412 2345 1560 2377 prwsertim
1590 2354 1650 2374 eum
1682 2336 1735 2377 tam

952 2383 1128 2417 prophetica,
1146 2392 1227 2419 quam
1251 2386 1414 2422 Evangelica
1439 2392 1587 2420 auctoritas
1612 2393 1644 2420 ad
1667 2395 1736 2422 hanc

951 2437 1002 2457 nos
1028 2430 1158 2457 inducant
1183 2433 1357 2460 sententiam.
1387 2434 1520 2470 Propltrta
1548 2439 1619 2465 enim
1647 2440 1733 2467 dicit:

954 2484 963 2499 ι
980 2475 1041 2502 ΙΙωο
1056 2481 1097 2503 est
1122 2477 1238 2503 mutatio
1261 2477 1377 2506 dexterae
1399 2480 1504 2508 Exeelsi
1521 2483 1553 2509 ’°.
1572 2493 1581 2508 ι
1595 2483 1660 2510 Nam
1683 2487 1734 2513 etsi

950 2527 1047 2547 natura
1063 2521 1153 2548 divina
1169 2522 1244 2549 nullo
1259 2529 1339 2557 pacto
1355 2527 1454 2553 mutari
1469 2533 1565 2562 queat,
1587 2530 1613 2555 in
1638 2538 1670 2557 eo
1693 2536 1734 2557 ta-

950 2574 1010 2593 men
1024 2567 1094 2601 quod
1111 2567 1142 2594 ad
1158 2569 1352 2596 assumendum
1367 2571 1502 2599 ltotuinem
1518 2573 1673 2608 descendit,
1687 2577 1733 2602 im-

949 2610 1178 2646 becillitatemque
1194 2617 1315 2640 nostram
1334 2623 1395 2642 vere
1410 2618 1549 2651 suscepit,
1566 2625 1732 2647 conunutata

949 2656 1059 2684 dicitur.
1078 2657 1111 2684 Et
1135 2659 1205 2686 sicut
1226 2659 1311 2695 Moysi
1331 2669 1427 2689 manus
1443 2671 1458 2689 e
1474 2664 1535 2690 sinu
1552 2665 1649 2691 educta
1674 2667 1731 2693 visa

949 2706 992 2728 est
1006 2708 1170 2730 commutata
1181 2725 1187 2736 ,
1212 2713 1375 2740 rursumque
1392 2707 1417 2733 in
1442 2708 1531 2735 sinum
1558 2709 1668 2735 reducta
1681 2730 1688 2741 ,
1705 2712 1732 2738 in
