1977 3071
222 91 274 120 355

833 91 860 119 S.
882 90 1044 119 GREGORII
1059 91 1203 120 NYSSEM

1795 97 1846 126 536

223 164 348 186 naturam
367 166 449 188 suam
469 160 582 187 reducta
605 164 667 191 est;
689 159 771 187 simili
794 167 901 194 quoque
924 159 1004 186 modo

1057 159 1258 199 ἀλλοιωθείσης.
1277 163 1332 190 Καὶ
1356 164 1410 199 γάρ
1433 164 1491 191 ἐκεῖ
1513 166 1560 194 τοῦ
1582 165 1723 201 νομοθέτου
1745 166 1761 202 ὴ
1787 167 1846 200 χεὶρ

223 206 380 240 unigenitus
397 205 441 232 Dei
457 205 540 233 Filius
551 226 558 239 ,
573 214 634 233 cum
650 206 677 232 in
691 206 752 233 sinu
771 205 857 233 Patris
871 210 913 233 est
923 226 930 237 ,
943 206 1006 232 dex-

223 256 280 278 tera
303 250 408 278 Excelsi
422 256 484 278 est:
502 259 563 278 cum
584 259 649 278 vero
671 259 686 278 e
708 251 769 279 sinu
794 251 882 278 Patris
902 251 936 278 ad
955 258 1005 279 nos

224 296 374 324 visitandos
388 296 548 329 descendit,
562 297 713 324 secundum
727 305 776 324 nos
793 298 897 328 factus,
910 304 1006 331 quam-

221 345 262 370 vis
288 342 467 370 immutabilis
491 343 527 370 sit
552 343 609 376 ipse
627 346 743 375 natura,
759 347 940 368 commutatus
965 346 1005 368 ta-

222 397 282 416 men
306 389 417 416 dicitur.
442 389 476 414 At
500 394 563 414 vero
587 391 730 422 postquam
760 387 871 413 morbos
897 391 1005 413 nostros

221 434 341 466 sanavit,
358 438 539 468 naturamque
556 437 677 460 nostram
702 433 729 458 in
755 433 844 459 sinum
866 440 945 459 suum
960 439 1004 458 re-

219 479 297 505 duxit
318 478 414 514 (sinus
428 483 516 505 autem
527 479 586 507 Filii
597 478 676 504 Pater
695 478 772 512 est),
789 482 853 505 tunc
871 478 929 512 ipse
950 485 1005 504 non

221 529 359 556 mutatus,
387 525 487 559 quippe
511 525 557 559 qui
587 524 767 559 impassibilis
794 529 876 559 alque
902 524 1005 550 incom—

221 571 357 598 mutabilis
373 576 415 597 est
426 591 433 602 ,
450 570 592 597 mortalem
611 570 680 597 hanc
695 574 721 597 et
737 570 940 604 eorruptibilem
957 577 1006 595 na-

220 621 308 643 turam
323 617 349 643 in
367 617 545 644 immortalem
559 621 640 651 atque
652 616 845 643 immutabilem
860 616 1003 643 convertit.

223 664 308 698 Virgae
333 667 423 690 autem
450 663 476 690 in
500 667 654 697 serpentem
671 663 841 695 conversio,
867 662 1004 689 neminem

217 709 436 736 Christianorum
455 709 618 741 conturbet,
634 708 763 743 quoniam
782 707 815 735 ad
839 708 1005 735 incarnatio-

218 761 280 781 nem
290 753 370 781 Verbi
384 761 397 780 a
409 754 486 780 nobis
496 754 727 780 accommodatur.
738 752 804 779 Nam
814 757 840 780 et
851 752 950 779 animal
965 752 1003 784 id,

219 800 343 834 quamvis
355 807 449 834 parum
463 800 662 826 accommodari
675 799 763 826 sacris
777 799 913 834 mysteriis
924 805 1005 832 posse

220 845 353 878 videatur,
372 846 429 880 ipsa
446 850 535 871 tatnen
552 845 713 879 Evangelica
729 845 829 872 veritas
846 844 917 870 hanc
934 844 1003 870 ima-
1021 833 1041 860 Β

219 891 307 922 ginem
324 898 378 917 non
396 891 507 917 omnino
521 891 692 922 contemnit,
711 898 773 918 cum
789 890 863 917 dicat
878 899 884 917 :
901 899 909 915 ι
926 889 1003 917 Sicut

221 936 325 972 Moyses
347 936 474 963 exultavit
488 939 641 970 serpentem
659 935 686 962 in
702 935 829 968 deserto,
847 935 888 962 sic
904 934 1002 961 Filium

221 983 338 1010 hominis
363 981 477 1010 exaltari
503 986 609 1016 oportet
632 982 665 1007 ¹¹.
685 991 692 1007 ι
709 981 795 1015 Cujus
817 981 887 1008 ratio
912 984 1005 1015 patet:

221 1035 281 1055 nam
297 1035 358 1055 cum
375 1028 473 1055 divina:
488 1027 596 1054 Litterae
612 1027 715 1062 peccati
729 1030 832 1061 patrem
849 1029 1002 1060 serpentem

220 1073 378 1105 nominent,
405 1073 525 1108 perfecto
549 1072 620 1108 quod
643 1080 657 1099 a
683 1076 810 1106 serpente
831 1076 925 1098 natum
942 1075 1002 1103 est,

219 1128 330 1154 serpens
345 1124 395 1147 est.
410 1119 590 1152 Quamobrem
606 1122 748 1153 peccatum
763 1117 884 1152 parentis
899 1117 941 1144 sui
953 1125 1004 1144 no-

220 1174 280 1193 men
303 1166 400 1193 merito
422 1165 558 1200 suscepit,
574 1171 742 1199 scrpensque
760 1163 823 1198 jure
841 1162 1002 1198 appellatur.

219 1213 252 1238 At
267 1219 331 1238 vero
348 1210 509 1242 Dominum,
526 1213 636 1244 propter
653 1217 704 1236 nos
719 1213 857 1243 peccatum
880 1215 942 1235 esse
963 1207 1003 1234 fa-

219 1263 311 1288 ctum,
331 1256 495 1290 apostolicus
516 1263 606 1282 sermo
626 1259 762 1281 testatur:
789 1255 911 1288 suscepit
930 1253 1002 1280 enim

220 1302 413 1329 mortalitatem
431 1305 570 1331 nostram,
583 1300 628 1334 qui
644 1298 781 1334 peccanth
798 1298 927 1324 mortales
939 1296 1002 1324 facti

220 1355 326 1374 sumus.
344 1346 372 1373 Si
389 1350 527 1380 peccatum
545 1344 633 1372 factus
653 1348 712 1375 est,
729 1346 804 1378 patet
820 1342 893 1377 quod
909 1342 1004 1376 sequi-

220 1399 264 1420 tur
277 1403 284 1427 ;
298 1401 360 1420 nam
375 1393 421 1427 qui
438 1395 578 1427 peceatum
599 1391 686 1417 factus
701 1394 743 1417 est
757 1410 763 1422 ,
782 1396 894 1424 serpens
916 1388 1003 1415 factus

221 1444 278 1470 est.
293 1443 320 1466 et
336 1439 360 1466 id
376 1443 483 1473 propter
496 1445 546 1464 nos
557 1457 564 1469 ,
579 1441 608 1464 ut
625 1436 768 1472 Egyptios
782 1439 921 1470 serpentes
931 1455 939 1468 ,
956 1434 1003 1468 qui

221 1493 269 1521 per
294 1493 387 1519 magos
413 1483 546 1511 viviﬁcari
566 1483 704 1514 videnlur,
728 1485 887 1512 consumat,
909 1484 936 1508 et
955 1480 1004 1507 de-

221 1536 328 1559 struat:
343 1539 397 1566 quo
416 1530 488 1558 facto
508 1538 605 1557 rursus
625 1529 653 1556 in
675 1528 777 1562 virgam
799 1527 925 1558 vertitur,
949 1534 1002 1561 qua

222 1578 411 1612 delinquentes
435 1576 613 1611 castigantur,
640 1579 667 1601 et
691 1573 867 1601 consolantur
889 1572 934 1607 qui
960 1579 1003 1598 ar-

222 1624 303 1650 duam
321 1630 353 1649 ae
367 1621 502 1649 ditiicilem
525 1621 634 1647 virtutis
657 1622 774 1654 pergunt
795 1619 883 1650 viam,
907 1617 1004 1645 baculo

224 1669 283 1696 ﬁdei
310 1668 412 1703 optima
436 1675 484 1702 spe
508 1667 606 1693 innixi.
624 1675 633 1691 ι
650 1666 697 1692 Est
721 1666 792 1692 enim
822 1664 888 1691 fides
913 1671 1003 1690 rerum

222 1723 290 1750 quas
312 1721 455 1750 speramus
479 1712 655 1741 subsistentia
682 1712 717 1741 ";
733 1721 742 1737 ι
759 1718 828 1745 quas
849 1710 1005 1744 quicunque

223 1768 312 1789 mente
327 1760 466 1794 concepit,
481 1759 559 1794 qua5i
576 1757 648 1785 Deus
662 1764 755 1784 eorum
774 1757 821 1787 tit;
837 1756 883 1790 qui
898 1754 1004 1782 veritati

224 1807 383 1833 resistentes
397 1805 472 1832 carni
489 1812 521 1831 ac
536 1803 612 1831 falsis
630 1803 709 1830 rebus
724 1802 884 1834 attendunt,
905 1801 1005 1836 quibus

224 1853 303 1879 inane
317 1851 453 1886 quoddam
471 1857 533 1877 esse
549 1849 684 1880 videntur.
702 1855 763 1876 eum
782 1847 876 1874 audire
890 1846 936 1881 qui
952 1850 1003 1873 est.

224 1897 267 1922 Ait
279 1897 350 1923 enim
366 1894 473 1921 Pharao
489 1904 495 1921 :
509 1903 518 1919 ι
534 1893 602 1926 Quis
615 1898 657 1921 est
676 1892 804 1920 Dominus
818 1891 898 1926 cujus
911 1899 1005 1918 vocem

223 1941 388 1969 exaudiam?
413 1947 466 1966 non
490 1947 625 1974 cognosco
650 1939 793 1965 Dominum
817 1938 860 1965 ἰε
880 1947 889 1963 ι
916 1938 1005 1964 solum

224 1989 313 2012 autem
329 1988 441 2020 putatur
457 1982 614 2010 honorabile
631 1989 663 2008 ac
678 1981 829 2016 jucundum
840 2001 846 2012 ,
863 1980 934 2015 quod
952 1983 1006 2006 ter-

225 2033 311 2055 restre
331 2032 410 2061 atque
424 2027 534 2053 carnale
548 2030 607 2056 est,
620 2025 749 2060 quodque
763 2024 887 2059 corporis
908 2031 1006 2051 sensus

225 2072 309 2099 nimia
329 2072 467 2106 voluptate
492 2070 591 2097 titillat.
612 2070 663 2103 Qui
687 2077 752 2097 vero
774 2070 842 2097 lucis
862 2069 1007 2104 splendore

224 2118 418 2146 corroboratus
433 2122 490 2149 est,
505 2117 682 2151 ingentesque
703 2116 767 2142 hinc
780 2116 852 2143 vires
865 2119 891 2143 et
911 2120 1007 2143 aucto-

1057 207 1239 243 προϐληθεῖσα
1254 209 1300 236 τοῦ
1325 210 1437 243 κόλπου,
1456 211 1524 245 πρὸς
1542 213 1573 240 τὸ
1596 211 1671 246 παρὰ
1692 211 1773 245 φύσιν
1799 213 1845 246 ὴλ-

1055 255 1153 290 λοιώθη
1168 256 1267 291 χρῶμα
1279 263 1286 271 ⁸
1302 256 1348 282 καὶ
1361 256 1441 283 πάλιν
1455 257 1483 283 ἐν
1502 256 1611 287 κόλποις
1621 257 1764 292 γενομένη,
1779 258 1845 292 πρὸς

1055 300 1105 336 τὴν
1121 301 1188 327 ίδίαν
1207 301 1291 333 αὐτῆς
1306 301 1352 327 καὶ
1366 300 1436 327 κατὰ
1446 300 1526 335 φύσιν
1540 301 1674 336 ἐπανῆλθε
1688 302 1778 337 χάριν.
1791 303 1844 329 Καὶ

1055 347 1069 372 ὁ
1092 347 1237 382 μονογενὴς
1253 347 1328 378 Θεὸς,
1344 348 1359 374 ό
1374 346 1411 373 ὢν
1430 348 1458 373 ἐν
1473 347 1583 378 κόλποις
1601 347 1648 374 τοῦ
1670 348 1784 383 [ἰατρὸς.
1801 346 1845 375 οὗ·

1055 393 1099 424 τός
1111 394 1184 419 ἐστιν
1197 394 1213 427 ή
1233 392 1308 426 δεξιὰ
1320 392 1366 419 τοῦ
1388 392 1526 426 Ὑψίστου.
1544 393 1608 418 Ὀτε
1627 393 1655 419 δὲ
1671 393 1736 428 ἡμῖν
1748 395 1779 420 ἐκ
1791 394 1844 420 τῶν

1055 438 1162 465 κόλπων
1186 439 1281 474 ἐφάνη,
1307 438 1368 465 καθ’
1384 439 1457 474 ἡμᾶς
1480 437 1630 473 ἠλλοιώθη·
1658 437 1721 464 ἐπεὶ
1744 439 1772 465 δὲ
1795 438 1844 470 τὰς

1055 485 1192 520 ἡμετέρας
1207 484 1349 516 ἀσθενείας
1367 484 1498 519 ἐκμάξας,
1516 483 1598 510 πάλιν
1623 485 1781 518 ἐπανήγαγε
1795 485 1844 519 τὴν

1055 531 1085 557 ἐν
1099 532 1165 566 ἡμῖν
1180 530 1329 566 γενομένην
1347 531 1436 565 χεῖρα,
1450 531 1497 556 καὶ
1511 529 1571 556 καθ’
1591 530 1664 564 ἡμᾶς
1676 530 1843 564 χρωσθεῖσαν

1055 576 1101 602 ἐπὶ
1116 576 1161 602 τὸν
1176 575 1239 601 ἴδιον
1251 575 1350 601 κόλπον
1363 574 1471 609 (κόλπος
1482 574 1510 600 δὲ
1525 574 1573 608 τῆς
1592 573 1681 606 δεξιᾶς
1695 575 1709 600 ὸ
1727 574 1843 610 Πατὴρ),

1055 622 1114 648 τότε
1134 621 1164 647 οὐ
1181 620 1210 647 τὸ
1226 620 1330 651 ἀπαθὲς
1342 620 1392 655 τῆς
1411 620 1518 653 φύσεως
1535 620 1573 650 εἰς
1587 618 1671 649 πάθος
1685 619 1841 653 ήλλοίωσεν,

1055 666 1124 692 ἀλλὰ
1147 666 1178 692 τὸ
1198 665 1312 700 τρεπτόν
1337 673 1366 691 τε
1387 665 1435 691 καὶ
1457 664 1579 697 ἐμπαθὲς
1593 664 1637 690 διὰ
1656 664 1705 698 τῆς
1732 665 1799 699 πρὸς
1814 665 1843 690 τὸ

1055 712 1188 747 ἄτρεπτον
1213 711 1354 742 κοινωνίας
1378 712 1418 742 εἰς
1436 710 1570 737 ἀπάθειαν
1596 709 1841 744 μετεστοιχείωσεν.

1062 758 1093 784 'H
1108 758 1136 784 δὲ
1153 759 1192 789 εἰς
1206 758 1266 792 ὄζειν
1281 756 1414 793 μεταὸολὴ
1437 756 1487 791 τῆς
1509 755 1667 790 βακτηρίας,
1687 755 1725 790 μὴ
1742 763 1843 790 ταρασ-

1056 805 1143 831 σέσθω
1150 805 1211 836 τοὺς
1223 804 1420 839 φιλοχρίστους,
1435 803 1473 834 ὡς
1486 802 1682 837 ἁπεμφαίνοντι
1691 802 1752 838 ζώῳ
1760 810 1840 837 προσ-

1056 850 1228 886 αρμοζόντων
1249 850 1326 885 ἡμῶν
1351 849 1396 876 τὸν
1414 849 1462 875 τοῦ
1491 849 1639 884 μυστηρίου
1660 849 1750 882 λόγον.
1769 848 1841 884 Αὐτὴ

1056 897 1109 931 γὰρ
1131 897 1148 930 ἡ
1165 895 1291 932 Ἀλήθεια
1301 895 1345 922 διὰ
1369 895 1419 930 τῆς
1435 894 1616 929 εὐαγγελικῆς
1633 894 1725 928 φωνῆς
1741 894 1770 920 οὐ
1791 903 1840 920 πα-

1057 942 1191 977 ραιτεῖται
1204 940 1252 975 τὴν
1267 940 1393 975 τοιαύτην
1404 941 1503 969 εἰκόνα,
1512 939 1536 965 δι
1544 937 1551 948 ’
1561 935 1598 965 ὧν
1608 946 1689 973 φησιν
1697 947 1705 954 ”
1720 950 1728 966 ι
1738 940 1842 973 Ὥσπερ

1057 986 1110 1021 γάρ
1126 986 1244 1020 Μωῦσῆς
1264 985 1354 1020 iit}sz
1376 985 1422 1012 τὸν
1446 985 1506 1018 ὅφιν
1530 985 1558 1010 ὲν
1578 985 1611 1018 τῇ
1634 984 1738 1018 ἐρήμῳ,
1755 985 1842 1014 οὕτως

1056 1032 1196 1068 ὑψωθῆναι
1210 1031 1249 1057 δεῖ
1263 1031 1308 1057 τὸν
1330 1030 1393 1057 Υίὺν
1407 1029 1454 1056 τοῦ
1478 1028 1630 1064 ἀνθρώπου.
1646 1037 1656 1052 ι
1670 1027 1724 1053 Καὶ
1734 1028 1841 1063 σαφὴςό

1056 1079 1143 1112 λόγος.
1158 1077 1189 1104 Et
1204 1076 1258 1111 γὰρ
1267 1077 1281 1103 ὁ
1294 1077 1344 1111 τῆς
1357 1075 1494 1110 ἁμαρτίας
1510 1075 1610 1110 πατὴρ,
1621 1074 1682 1107 ὄφις
1697 1073 1840 1108 ὠνομάσθη

1058 1121 1110 1148 ὑπὸ
1121 1121 1170 1156 τῆς
1190 1120 1266 1151 θείας
1278 1119 1389 1154 Γραφῆς
1399 1127 1406 1135 ·
1423 1119 1470 1145 καὶ
1483 1119 1514 1144 τὸ
1529 1120 1561 1145 ἐκ
1577 1118 1623 1145 τοῦ
1645 1119 1732 1152 ὅψεως
1747 1126 1843 1152 γεννη-

1057 1166 1112 1197 θὲν,
1129 1165 1235 1196 πάντως
1247 1164 1308 1199 όφις
1319 1163 1401 1190 ἐστίν.
1416 1164 1519 1189 Οὐκοῦν
1529 1163 1682 1194 ἀκολούθως
1695 1163 1710 1198 ή
1723 1162 1842 1198 ἁμαρτία

1056 1211 1103 1238 τοῦ
1119 1210 1312 1245 γεγεννηκότος
1329 1210 1415 1245 αὑτήν
1430 1209 1488 1235 ἐστι
1501 1209 1665 1244 συνώνυμος.
1688 1207 1767 1235 um
1790 1207 1842 1243 μὴν

1058 1257 1194 1292 ἁμαρτίαν
1217 1257 1250 1282 δι’
1265 1257 1338 1291 ἡμᾶς
1357 1255 1482 1290 γενέσθαι
1501 1255 1546 1281 τὸν
1565 1255 1676 1290 Κύριον,
1692 1255 1706 1281 ὁ
1728 1255 1843 1281 ἀποστο-

1056 1303 1130 1335 λικὺς
1153 1303 1369 1339 διαμαρτύρεται
1395 1302 1486 1336 λόγος.
1507 1302 1553 1328 τὸν
1576 1301 1624 1337 τὴν
1650 1301 1842 1337 ἀμαρτητικὴν

1057 1349 1135 1384 ἡμῶν
1159 1349 1238 1383 φύσιν
1262 1348 1500 1386 περιϐαλλόμενον.
1525 1348 1603 1373 Κατά
1626 1347 1704 1381 λόγον
1726 1347 1779 1382 ἄρα
1805 1347 1844 1381 τῷ

1058 1394 1150 1429 Κυρίῳ
1170 1394 1356 1430 προσαρμόζει
1371 1393 1402 1420 τὸ
1418 1394 1541 1428 αἴνιγμα.
1563 1393 1593 1419 Εἰ
1607 1393 1659 1428 γὰρ
1677 1393 1738 1426 ὄφις
1760 1392 1808 1427 μὲν
1825 1393 1841 1426 ἡ

1058 1440 1190 1474 ἁμαρτία.
1207 1441 1220 1466 ὁ
1230 1439 1258 1466 δὲ
1273 1439 1373 1475 Κύριος
1385 1438 1507 1474 ἁμαρτία
1517 1438 1634 1472 ἐγένετο,
1649 1438 1678 1469 ὃς
1691 1438 1768 1464 οὐδὲν
1781 1437 1844 1464 ἀλλο

1058 1487 1074 1520 ῆ
1100 1486 1220 1522 ἁμαρτία
1236 1485 1321 1516 ἐστὶν,
1343 1485 1412 1512 ἀλλά
1436 1485 1469 1511 δι’
1490 1485 1563 1520 ἡμᾶς
1588 1484 1693 1518 γίνεται
1710 1484 1779 1518 όφις,
1800 1484 1843 1517 ἐφ’

1056 1530 1078 1566 ᾧ
1092 1541 1120 1558 τε
1136 1532 1198 1563 τοὺς
1209 1532 1372 1566 Αἰγυπτίους
1398 1531 1474 1565 όφεις
1497 1531 1559 1562 τοὺς
1572 1531 1646 1566 παρὰ
1670 1530 1724 1557 τῶν
1738 1531 1844 1565 γοήτων

1057 1577 1291 1612 ζωογονουμένους
1317 1577 1458 1611 διαφαγεῖν
1477 1585 1506 1603 τε
1530 1577 1577 1603 καὶ
1596 1577 1794 1611 ἐνδαπανῆσαγ
1811 1573 1842 1602 οὗ

1055 1623 1211 1658 γενομένου,
1231 1622 1312 1649 πάλιν
1336 1623 1376 1653 εἰς
1392 1622 1440 1656 τὴν
1462 1621 1611 1657 βακτηρίαν
1633 1621 1790 1657 μεθίσταται
1805 1621 1841 1647 δι’

1054 1665 1088 1704 ἦς
1104 1667 1315 1701 σωφρονίζονται
1330 1667 1378 1702 μὲν
1393 1668 1417 1693 οἱ
1430 1667 1641 1702 ἁμαρτάνοντες,
1659 1667 1842 1693 ἀναπαύονται

1055 1714 1082 1740 δέ
1092 1715 1115 1740 οί
1123 1714 1172 1748 τὴν
1183 1714 1308 1748 ἀνωφερῆ
1323 1714 1368 1740 καὶ
1374 1714 1554 1749 δυσπόρευτον
1562 1713 1611 1748 τῆς
1623 1714 1722 1748 ἀρετῆς
1732 1714 1843 1748 πορείαν

1056 1760 1187 1791 ἀνιόντες.
1203 1760 1246 1787 διὰ
1263 1759 1318 1786 τῶν
1338 1759 1448 1794 ἀγαθῶν
1464 1759 1577 1786 ἐλπίδων
1596 1761 1629 1795 τῇ
1647 1760 1780 1796 βακτηρίᾳ
1793 1760 1843 1793 τῆς

1056 1806 1174 1837 πίστεως
1191 1805 1400 1840 ἐπερειδόμενοι.
1413 1814 1422 1830 ι
1436 1804 1514 1830 Ἔστι
1535 1802 1591 1838 γὰρ
1600 1803 1690 1835 πίστις
1699 1804 1842 1839 ὲλπιζομές

1055 1860 1108 1877 νων
1126 1851 1281 1882 ὑπόστασις.
1296 1859 1305 1875 ι
1325 1849 1353 1877 ’0
1363 1849 1452 1876 τοίνυν
1459 1851 1487 1877 ἐν
1503 1849 1626 1884 περινοίᾳ
1647 1848 1749 1875 τούτων
1765 1849 1842 1882 γενό-

1058 1905 1147 1931 μενος,
1163 1896 1228 1927 Θεὸς
1238 1896 1367 1932 ἄντικρυς
1379 1896 1492 1929 γίνεται,
1505 1895 1559 1921 τῶν
1570 1894 1774 1929 ἀνθεστηκότων
1792 1894 1842 1928 μὲν

1056 1941 1088 1975 τῇ
1102 1940 1223 1975 ἀληθείᾳ,
1249 1940 1316 1976 πρὸς
1338 1940 1428 1974 δὲτὴν
1445 1939 1531 1975 ὑλώδη
1549 1939 1650 1974 ταύτην
1674 1940 1720 1966 καὶ
1742 1939 1841 1966 ἀνυπό-

1057 1994 1152 2012 στατον
1166 1986 1272 2020 ἀπάτην
1285 1985 1469 2019 ἐπτοημένων,
1480 1982 1520 2016 οἷς
1531 1985 1561 2011 τὸ
1573 1984 1686 2011 ἀκοῦσαι
1698 1984 1744 2011 τοῦ
1756 1984 1842 2016 ὄντος,

1057 2031 1150 2066 ὥσπερ
1163 2040 1188 2058 τι
1201 2030 1255 2058 τῶν
1271 2031 1392 2065 ματαίων
1408 2031 1657 2066 καταπεφρόνηται.
1673 2030 1742 2065 Φησὶ
1761 2030 1814 2065 γάρ
1828 2032 1843 2057 ό

1056 2075 1166 2110 Φαραὼ,
1187 2083 1196 2100 ι
1208 2074 1256 2106 Τίς
1265 2075 1348 2108 ἐστιν,
1359 2072 1390 2102 οὗ
1401 2075 1593 2110 είσακούσομαι
1619 2075 1669 2108 τῆς
1684 2075 1776 2109 φωνῆς
1796 2075 1844 2100 αὑ-

1057 2120 1103 2146 τοῦ
1116 2129 1122 2152 ;
1138 2119 1186 2145 οὐκ
1197 2117 1254 2145 οἶδα
1261 2119 1308 2145 τὸν
1314 2117 1426 2154 Κύριον.
1438 2130 1447 2146 ι
1458 2121 1545 2146 Μόνον
1552 2120 1580 2146 δὲ
1592 2119 1729 2154 νομίζεται
1741 2120 1841 2154 τίμιον,

225 2165 333 2191 ritatem
350 2164 377 2190 in
394 2162 566 2190 adversarios
583 2161 670 2196 cepit,
688 2161 711 2188 is
727 2160 807 2188 sicuti
823 2160 924 2188 athleta
939 2161 1005 2188 satis

1059 2167 1119 2193 ὅσον
1133 2165 1232 2196 ὑλῶδες
1247 2165 1292 2191 καὶ
1307 2165 1434 2200 σάρκινον
1449 2165 1502 2191 τῶν
1521 2166 1584 2200 περὶ
1603 2165 1652 2197 τὰς
1673 2165 1843 2200 ἀλογωτέρας

225 2210 388 2237 exercitatus
400 2208 567 2235 conﬁdenter
588 2215 620 2234 ac
638 2214 735 2242 magno
751 2206 840 2233 animo
857 2207 884 2233 in
900 2207 1005 2234 hostem

225 2255 366 2283 descendit
379 2264 385 2281 ε
401 2255 503 2289 virgam
517 2253 591 2280 illam
605 2253 632 2279 in
648 2260 730 2279 manu
746 2252 881 2284 retinens,
899 2252 950 2279 hoc
965 2256 1007 2279 est

227 2302 338 2328 verbum
363 2300 441 2330 ﬁdei,
463 2307 517 2334 quo
538 2303 678 2333 serpentes
698 2297 888 2334 Egyptiorum
910 2298 1005 2326 confo-

225 2347 298 2376 diet,
314 2348 395 2379 atque
411 2345 509 2371 vincet.
532 2343 666 2378 Sequetur
681 2348 770 2371 autem
793 2345 881 2378 ipsum
906 2345 1005 2379 conqu

227 2390 395 2426 alienigena,
413 2390 530 2417 humana
551 2389 676 2416 videlicet
696 2389 752 2417 haec
771 2390 906 2422 eruditio,
930 2391 1010 2425 cujus

227 2440 292 2463 sunt
306 2435 434 2462 nonnulla
457 2434 490 2461 ad
513 2434 661 2462 liberorum
681 2436 898 2469 procreationem
922 2437 1009 2463 utilia.

230 2482 338 2509 Moralis
364 2481 437 2508 enim
469 2481 656 2515 naturalisquc
682 2481 853 2517 philosophia
881 2483 1011 2518 conjungi

229 2530 317 2561 potest
338 2526 422 2561 [ποῖοι
431 2530 460 2552 to
475 2525 627 2553 sublimiori
644 2526 705 2553 vita:
720 2527 927 2562 clarissimaqu
943 2536 1011 2555 con-

227 2572 274 2605 jux
287 2571 347 2604 ejus
361 2578 393 2598 ac
407 2571 482 2598 socia
499 2571 554 2597 lieri
569 2571 647 2597 debet
658 2591 664 2602 ,
678 2571 742 2597 dum
757 2571 818 2605 ejus
833 2579 927 2606 partus
943 2574 1022 2601 uihil'

228 2617 371 2652 alienigeni
387 2617 499 2644 sceleris
515 2624 607 2644 secum
629 2617 756 2644 adducat.
780 2617 856 2650 Quod
880 2619 932 2646 nisi
948 2622 1010 2654 quis

228 2662 405 2689 circumcidat
422 2668 502 2697 atque
517 2662 636 2694 auferat.
648 2663 743 2690 mortis
760 2663 910 2697 periculum
927 2672 1010 2700 ange-

228 2707 270 2733 lus
287 2707 394 2734 obviam
412 2707 500 2734 factus
515 2707 645 2738 incutiet,
659 2715 739 2742 quem
757 2715 825 2735 uxor
843 2709 926 2744 Moysi
944 2715 1010 2739 tunc

265 2799 283 2813 υ
300 2798 376 2824 .loan.
394 2806 434 2831 tu,
456 2798 495 2824 Μ.
535 2799 554 2813 ²¹
571 2797 651 2825 llcbr.
670 2807 706 2831 τι,
726 2799 750 2826 1.
790 2800 812 2815 ¹²
831 2800 914 2828 Exod.
936 2810 959 2834 ν,
976 2802 1002 2828 2.

1060 2211 1199 2246 αἰσθήσεις
1221 2210 1474 2244 ἀναστρεφομένων.
1491 2210 1521 2236 Et
1547 2210 1636 2236 τοίνυν
1651 2210 1697 2236 ἐπὶ
1718 2210 1844 2243 τοσοῦτον

1060 2258 1104 2284 διὰ
1123 2258 1171 2292 τῆς
1185 2256 1232 2282 τοῦ
1254 2256 1341 2290 φωτὸς
1358 2256 1519 2290 ἐκλάμψεως
1530 2256 1708 2291 δυναμωθείη.
1721 2256 1768 2282 καὶ
1782 2264 1844 2282 τοσ-

1061 2303 1145 2337 αύτην
1162 2302 1236 2336 ἰσχύν
1249 2310 1279 2327 τε
1296 2301 1342 2327 καὶ
1363 2300 1486 2332 ἐξουσίαν
1499 2302 1567 2328 κατὰ
1582 2302 1636 2327 τῶν
1649 2301 1845 2336 ἀντιτεταγμέ-

1061 2356 1114 2375 νων
1136 2347 1222 2383 λάϐῃ·
1243 2348 1314 2379 τότε,
1343 2347 1466 2383 καθάπερ
1482 2355 1524 2378 τις
1547 2347 1674 2382 ἀθλητὴς,
1694 2347 1793 2377 ἱκανῶς
1816 2348 1846 2373 ἐν

1060 2393 1230 2428 παιδοτρίϐου
1253 2392 1302 2427 τὴν
1326 2392 1474 2426 ἀθλητικὴν
1499 2392 1623 2427 ἀνδρείαν
1649 2392 1845 2427 ἐκμελετήσας.

1060 2438 1167 2473 θαρσῶν
1191 2437 1241 2473 ἤδη
1271 2438 1318 2464 καὶ
1343 2437 1489 2468 πεποιθὼς,
1514 2438 1581 2472 πρὸς
1606 2437 1651 2464 τδν
1675 2438 1768 2471 ἀγῶνα
1792 2439 1847 2464 τῶν

1061 2482 1164 2519 ἐχθρῶν
1187 2482 1343 2511 ἀποδύεται.
1364 2482 1408 2508 διὰ
1425 2482 1515 2517 χειρὸς
1534 2482 1582 2517 τὴν
1606 2482 1754 2518 βακτηρίαν
1778 2483 1848 2518 ἔχων

1064 2531 1181 2565 ἐκείνην,
1198 2529 1270 2555 τοῦτ’
1287 2529 1353 2559 ἔστι,
1369 2529 1414 2554 τὸν
1426 2529 1503 2562 λόγον
1517 2530 1564 2564 τῆς
1579 2529 1704 2559 πίστεως,
1718 2526 1740 2563 ᾦ
1757 2529 1849 2564 μέλλει

1064 2578 1126 2608 τοὺς
1149 2575 1311 2610 Αἰγυπτίους
1333 2575 1409 2608 όφεις
1428 2575 1667 2608 καταγωνίςεσθαι.
1686 2576 1848 2610 ’Λκολουθή-

1066 2633 1106 2650 σει
1124 2624 1152 2650 δὲ
1165 2621 1239 2656 αὐτῷ
1252 2622 1298 2647 καὶ
1312 2622 1327 2655 ὴ
1344 2620 1371 2653 ἐξ
1385 2621 1540 2653 ἀλλοφύλων
1555 2621 1685 2654 ὁμόζυγος
1699 2630 1705 2636 ·
1724 2621 1781 2647 ἔστι
1794 2622 1850 2655 γάρ

1065 2679 1089 2696 τι
1104 2670 1150 2695 καὶ
1171 2668 1219 2702 τῆς
1236 2667 1288 2700 ἔξω
1304 2666 1468 2697 παιδεύσεως
1483 2666 1548 2701 πρὸς
1568 2666 1698 2700 συζυγίαν
1720 2667 1797 2701 ἡμῶν
1810 2668 1852 2697 εἰς

1063 2712 1233 2746 τεχνογονίαν
1247 2711 1347 2745 ἀρετῆς
1362 2711 1410 2737 οὐκ
1426 2711 1588 2745 ἀπόϐλητον.
1606 2712 1659 2738 Καὶ
1673 2711 1726 2748 γὰρ
1738 2713 1754 2747 ἡ
1767 2713 1851 2748 ἠθική
