1977 3071
780 200 823 229 DE
844 201 924 228 VITA
945 200 1080 230 MOYSIS.
1693 200 1745 227 538

126 265 155 284 τε
173 257 220 285 καὶ
233 258 333 294 φυσικὴ
350 258 492 294 φιλοσοφία
506 259 610 293 γένοιτο
626 259 657 285 ἄν
682 267 745 286 ποτε
757 258 797 293 τῷ
813 257 911 293 ὑψηλο-

964 257 1094 292 placavit,
1111 265 1172 285 cum
1189 258 1326 286 ablatione
1348 259 1490 294 prwputii,
1512 265 1566 292 quo
1586 257 1745 290 alienigenae

127 304 197 339 τέρῳ
208 304 256 338 βίῳ
270 304 382 338 σύζυγός
393 313 422 331 τε
434 305 481 331 καὶ
492 305 555 340 φίλη
567 305 612 331 καὶ
625 304 752 335 κοινωνὸς
765 303 815 338 τῆς
825 302 908 337 ζωῆς

964 308 1166 338 cognoscuntur
1178 309 1260 339 atque
1274 305 1505 335 contaminamur,
1517 302 1647 330 mundum
1660 302 1743 328 tilium

127 349 206 384 μόνον
219 350 243 376 εἰ
263 349 297 376 τὰ
311 351 342 376 ὲκ
357 351 458 385 ταύτης
471 351 598 385 κυήματα
618 349 699 385 μηδὲν
714 349 841 383 ἐπάγοιτο
862 347 909 374 τοῦ

964 354 1043 374 suum
1055 347 1183 375 eﬂecerit.
1196 348 1272 381 Quod
1284 349 1391 383 quidem
1403 348 1517 382 aenigma
1531 347 1652 375 historia:
1668 346 1745 373 facile

127 394 270 429 ἀλλοφύλου
285 395 447 430 μιάσματος.
460 395 560 422 Τούτου
577 395 631 430 γὰρ
646 395 683 430 μὴ
697 393 909 429 περιτμηθέντος

964 392 1024 426 quis
1039 400 1085 427 per
1099 401 1131 420 ca
1146 401 1207 428 quae
1229 394 1301 421 dicta
1320 398 1385 421 sunt
1406 393 1440 420 ad
1459 393 1623 420 Christianze
1636 392 1751 419 virtutis-

125 441 171 467 καὶ
195 440 423 475 περιαιρεθέντος,
437 440 508 467 ὥστε
533 441 587 466 πᾶν
609 439 753 470 ὲπιὸλαόὲς
777 438 822 464 καὶ
841 436 909 463 ἀκά-

964 437 1126 472 pietalisque
1141 438 1338 466 incrementum
1358 438 1485 474 adoptare
1501 439 1610 473 poterit.

127 486 221 521 θαρτον
241 486 434 522 ἀφαιρεθῆναι·
457 488 471 513 6
493 486 630 513 συναντῶν
653 485 765 520 ἄγγελος
781 484 826 510 τὸν
842 482 906 518 περὶ
924 481 1038 509 θανάτου
1052 485 1132 518 φόϐον
1153 486 1260 520 ἐπάγει,
1275 485 1304 512 ὃν
1326 485 1441 512 ίλεοῦται
1456 486 1472 520 ἡ
1490 485 1613 520 σύμϐιος,
1629 485 1645 520 ἡ
1662 485 1745 511 καθα-

128 533 172 566 ρὸν
190 532 400 558 ἀποδεικνύουσα
411 532 441 559 τὸ
452 532 550 566 ἑαυτῆς
562 531 682 566 ἔγγονον,
696 531 729 566 τῇ
743 528 912 565 περιαιρέσει
926 527 973 553 τοῦ
992 527 1144 564 ἰδιώματος,
1162 531 1204 565 ἐφ’
1220 528 1242 565 ᾧ
1261 531 1421 566 γνωρίζεται
1440 531 1469 557 τὸ
1490 530 1645 564 ἀλλόφυλον.
1663 528 1746 565 Οἶμαι

127 576 152 603 δὲ
173 576 211 612 τῷ
235 577 402 612 μεμνημένῳ
421 577 472 612 τῆς
489 576 627 611 ἱστορικῆς
644 576 808 610 ἀφηγήσεως
825 571 958 608 πρόδηλον
976 570 1045 599 εἶναι
1067 573 1111 601 διὰ
1131 575 1184 601 τῶν
1200 575 1363 610 εἰρημένων,
1387 575 1436 611 τὴν
1452 575 1613 602 ἀκολουθίαν
1627 576 1675 610 τῆς
1687 578 1745 602 κατ’

123 198 171 226 ’55⁵1

127 623 223 660 ἀρετὴν
238 624 394 655 ἐπιδόσεως,
419 624 451 659 ἥν
473 624 658 651 ὑποδείκνυσιν
674 623 688 648 6
704 622 791 656 λόγος,
808 620 846 655 τῷ
859 618 947 654 εἰρμῷ
971 619 1024 646 τῶν
1036 621 1179 657 ἱστορικῶν
1193 624 1360 658 αἰνιγμάτων
1380 623 1531 654 ἀκολούθως
1544 623 1684 658 ἑπόμενος.

161 673 238 699 Ἐστι
264 672 318 707 γάρ
336 680 363 699 τι
382 672 431 707 τῆς
450 672 592 706 φιλοσόφου
615 671 697 706 γονῆς
720 671 748 696 ἐν
770 669 912 704 μαθήμασι

127 718 261 754 σαρκῶδές
290 727 320 744 τε
352 718 400 745 καὶ
431 717 609 752 ἀκρόὸυστον,
629 713 660 743 οὗ
683 714 911 751 περιαιρεθέντος,

128 765 174 800 τῆς
208 764 406 799 Ἰσραηλιτικῆς
436 762 575 801 εὐγενείας
604 763 663 788 ἐστί
688 762 718 787 τὸ
744 760 911 794 λειπόμενον,

127 808 189 841 οἷον,
212 809 345 836 ἀθάνατον
370 806 439 834 εἶναι
453 807 503 842 τὴν
514 807 612 842 ψυχὴν,
629 807 675 833 καί
686 808 702 841 ἡ
721 805 821 837 ἔξωθεν
840 803 914 841 φιλοτ

127 854 207 888 σοφία
235 854 325 888 φησίν.
353 850 437 885 Οὗτος
462 854 476 880 6
500 853 616 887 εὺσεόής
634 853 693 878 ἐστι
714 851 804 881 τόκος.
833 849 949 895 ’ΔλλὰΒ

90 906 92 908 '
128 899 297 933 μεταϐαίνειν
310 899 363 925 ἀπὸ
385 900 516 934 σωμάτων
534 899 573 929 είς
592 898 703 932 σώματα
715 916 722 928 ,
738 896 784 922 καὶ
797 896 828 921 ἐκ
839 894 912 928 λογι-

127 946 178 980 κῆς
191 945 297 979 φύσεως
315 946 355 976 εἰς
369 944 465 977 ἄλογον
483 944 567 979 αὐτὴν
585 942 769 978 μεταφύεσθαι
779 950 785 956 θ
802 940 880 967 τοῦτο
894 941 910 975 ἡ

128 989 270 1024 σαρκώδης
283 997 313 1015 τε
333 989 379 1015 καὶ
400 988 640 1022 ἀλλόφυλός.ὲστιν
662 985 837 1022 ἀκροϐυστία.
856 985 913 1012 Καὶ

127 1035 193 1062 ἄλλα
208 1034 320 1061 τοιαῦτα
335 1033 429 1060 πολλά-
444 1033 510 1059 Θεὸν
524 1030 594 1059 εἷναί
608 1040 700 1067 φησιν,
715 1031 782 1058 ἀλλὰ
799 1032 845 1057 καὶ
857 1031 912 1056 ὑλι-

127 1081 172 1107 κον
186 1080 267 1107 αὑτὸν
288 1080 389 1107 οίεται·
409 1078 573 1114 δημιουργὸν
592 1077 673 1105 αὑτὸν
695 1077 829 1112 ὁμολογεῖ,
845 1076 912 1103 ἀλλὰ

127 1126 192 1162 ὕλης
208 1126 276 1162 πρὸς
292 1126 469 1161 δημιουργίαν
490 1125 629 1159 δεόμενον·
643 1123 745 1157 ἀγαθόν
761 1131 790 1149 τε
807 1122 852 1148 καὶ
867 1122 912 1148 δυ-

127 1172 204 1199 νατὸν
219 1169 288 1200 εἶναι
311 1172 429 1203 δίδωσιν,
446 1170 514 1197 ἀλλὰ
536 1170 710 1205 παραχωρεῖν
731 1170 760 1195 ὲν
781 1170 837 1199 τοῖς
849 1168 912 1194 πολ-

125 1217 180 1250 λοῖς
203 1220 236 1254 τῇ
253 1217 360 1254 ἀνάγκῃ
382 1218 430 1252 τῆς
450 1215 629 1252 εἱμαρμένης,
651 1215 699 1241 καὶ
715 1214 740 1240 τί
763 1214 795 1241 ἄν
818 1222 861 1245 τις
878 1213 913 1240 τὰ

126 1265 187 1291 καθ’
203 1265 318 1291 ἕκαστον
336 1265 464 1300 διηγοῖτο,
478 1264 552 1295 ὅπως
570 1263 605 1289 τὰ
620 1261 690 1288 καλὰ
704 1261 758 1288 τῶν
770 1261 914 1296 δογμάτων

127 1309 201 1345 παρά
212 1312 244 1346 τῇ
258 1310 310 1343 ἔξω
322 1309 466 1344 φιλοσοφίᾳ
479 1310 538 1339 ταῖς
552 1308 662 1338 ἀτόποις
677 1305 848 1342 προσθήκαις
862 1313 913 1332 κα-

127 1354 317 1390 ταμολύνεται,
338 1351 374 1381 ὧν
396 1352 625 1389 περιαιρεθέντων
648 1351 726 1382 ἵλεως
742 1351 809 1386 ἡμῖν
829 1351 843 1376 6
865 1349 912 1376 τοῦ

125 1399 193 1426 Θεοῦ
208 1399 322 1434 ἄγγελος
334 1399 450 1434 γίνεται,
465 1399 502 1430 ὡς
516 1398 620 1432 γνησίῳ
632 1397 704 1431 τόκῳ
716 1395 770 1422 τῶν
785 1395 913 1422 τοιούτων

127 1446 268 1481 δογμάτων
286 1444 515 1480 ἐπαγαλλόμενος.
539 1443 607 1470 Ἀλλ’
622 1443 766 1469 ἐπανιτέον
784 1443 852 1477 πρὸς
863 1442 913 1477 τὴν

128 1491 284 1518 ἀκολουθίαν
304 1490 350 1517 τοῦ
371 1490 461 1524 λόγου,
484 1490 522 1521 ὡς
541 1489 575 1516 ἇν
589 1489 636 1515 καὶ
657 1490 723 1523 ἡμῖν
747 1487 912 1522 ἀπαντήσειέ

128 1546 203 1571 ποτε,
220 1537 333 1571 πλησίον
348 1536 501 1572 γενομένοις
514 1535 568 1562 τῶν
581 1534 736 1568 Αἰγυπτίων
753 1533 876 1568 ἀγώνων,
895 1535 911 1569 ἡ
929 1526 950 1555 (ἶ

128 1583 258 1618 ἀδελφικὴ
273 1581 427 1618 συμμαχία·
446 1580 609 1616 μεμυήμεθα
629 1579 694 1615 γὰρ,
706 1579 743 1611 ὡς
757 1580 816 1605 κατ’
829 1578 915 1614 ἀρχὰς

129 1628 179 1663 μὲν
192 1627 238 1654 τοῦ
255 1628 314 1654 κατ’
325 1626 424 1662 ἀρετὴν
439 1625 506 1661 βίου,
521 1625 649 1660 συντυχία
661 1625 765 1658 γίνεται
778 1623 816 1658 τῷ
832 1625 914 1651 Μωῠ-

129 1673 184 1705 σεῖ,
203 1673 338 1708 πολεμική
360 1680 391 1698 τε
419 1672 466 1698 καὶ
486 1670 662 1706 στρατιώδης,
681 1670 808 1704 Ἐὃραῖον
829 1677 914 1696 κατα-

127 1718 271 1749 πονοῦντος
285 1717 332 1745 τοῦ
355 1717 505 1751 Αἰγυπτίου
515 1724 523 1732 ·
543 1717 591 1744 καὶ
606 1716 687 1743 πάλιν
705 1715 831 1750 Ἐὂραίου
847 1715 915 1752 πρὸς

127 1765 172 1791 τὸν
188 1765 323 1799 ὁμόφυλον
348 1764 545 1796 στασιάζοντος.

163 1811 230 1837 Είδὲ
243 1811 310 1844 πρὸς
319 1811 349 1837 τὸ
359 1810 449 1845 μεῖζον
460 1809 513 1836 τῶν
527 1809 577 1844 τῆς
586 1808 674 1843 ψυχῆς
683 1807 913 1842 κατορθωμάτων,

127 1856 172 1882 διά
181 1864 210 1882 τε
221 1856 270 1890 τῆς
285 1856 392 1890 μακρᾶς
406 1854 574 1889 ἐπιμελείας,
586 1853 633 1880 καὶ
644 1853 688 1879 διὰ
698 1853 746 1887 τῆς
757 1853 785 1879 ὲν
798 1852 837 1887 τῷ
853 1851 915 1886 ὕψει

127 1901 275 1936 γενομένης
287 1900 466 1935 φωταγωγίας
480 1898 634 1935 ὲπαρθέντι,
647 1898 732 1932 φίλιός
743 1907 772 1924 τε
783 1897 830 1924 καὶ
840 1898 915 1932 εἰρη-

127 1945 187 1980 νικὴ
202 1946 306 1980 γίνεται
318 1946 334 1981 ἡ
360 1945 498 1980 συντυχία,
511 1944 601 1971 θεόθεν
611 1944 657 1970 τοῦ
665 1943 778 1977 ἀδελφοῦ
790 1943 857 1978 πρὸς
865 1943 914 1978 τὴν

127 1992 279 2026 ἀπάντησιν
297 1992 378 2018 αὐτοῦ
400 1991 630 2027 παρορμηθέντος.
654 1990 686 2016 Et
707 1990 762 2025 γὰρ
780 1989 848 2025 πρὸς
864 1989 915 2025 τὴν

127 2038 332 2072 τροπικωτέραν
342 2036 528 2072 μεταληφθείη
545 2035 659 2071 θεωρίαν
673 2036 704 2062 τὺ
716 2035 776 2062 καθ’
792 2035 914 2070 ἱστορίαν

127 2083 319 2117 γεγενημένον·
336 2082 410 2108 οὐδὲν
421 2083 486 2116 ἡμῖν
500 2082 635 2116 ἄχρηστον
646 2081 714 2117 πρὸς
723 2081 768 2107 τὸν
780 2081 914 2116 ἡμέτερον

127 2127 250 2163 εὑρεθείη
260 2127 368 2154 σκοπόν.
379 2127 424 2162 Τῷ
434 2127 489 2153 ὄντι
497 2127 552 2162 γὰρ
558 2128 614 2158 τοῖς
623 2127 651 2152 ἐν
659 2127 744 2164 ἀρετῇ
752 2126 913 2162 κατορθοῦσι

127 2173 198 2208 καὶὴ
210 2173 285 2208 παρὰ
295 2173 342 2199 τοῦ
350 2172 417 2199 Θεοῦ
426 2172 533 2199 δοθεῖσα
544 2173 576 2207 τῇ
589 2171 669 2206 φύσει
681 2171 759 2206 ἡμῶν
771 2171 912 2206 συμμαχία

128 2217 295 2251 συνίσταται,
307 2218 324 2253 ἢ
340 2217 540 2253 προγενεστέρα
553 2217 601 2252 μέν
622 2217 679 2243 ἐστι
693 2216 764 2243 κατὰ
777 2217 826 2251 τὴν
838 2216 912 2252 πρώ-

126 2271 177 2298 την
189 2263 305 2296 γένεσιν,
321 2264 380 2289 τότε
400 2263 428 2289 δὲ
449 2263 572 2297 φαίνεται
594 2262 641 2288 καὶ⁸
658 2262 830 2297 γνωρίζεται,
849 2263 912 2289 ὃταν

127 2308 226 2341 ἱκανῶς
240 2309 279 2344 τῷ
294 2309 450 2344 ὑψηλοτέρῳ
467 2308 516 2344 βίῳ
534 2308 578 2335 διὰ
594 2308 730 2342 προσοχῆς
749 2316 779 2334 τε
796 2308 841 2334 καὶ
852 2309 908 2334 ὲπι-

127 2353 237 2389 μελείας
249 2354 347 2384 αὐτοὺς
361 2352 560 2384 οἰκειώσαντες,
574 2353 641 2388 πρὸς
650 2353 712 2383 τοὺς
725 2352 912 2386 ἰσχυροτέρους

124 2399 179 2425 τῶν
195 2399 282 2425 ἄθλων
295 2398 485 2433 ἁποδυώμεοα.
507 2398 550 2428 Ὡς
564 2398 586 2424 δ’
604 2398 636 2424 ἂν
661 2397 698 2433 μὴ
708 2398 741 2424 δι’
754 2397 912 2432 αἰνίγματος

125 2446 191 2480 ἡμῖν
217 2445 251 2471 τὰ
275 2445 423 2479 αἰνίγματα
451 2443 594 2476 διαλύοιτο,
615 2444 778 2478 γυμνότερον
799 2443 913 2479 ἐκθήσον

127 2499 177 2525 μαι
193 2491 243 2526 τὴν
262 2491 326 2526 περί
352 2490 445 2517 τούτου
469 2490 596 2517 διάνοιαν.
613 2490 699 2524 Λόγος
721 2490 762 2521 τίς
787 2491 860 2516 ἐστιν
880 2491 912 2516 ὲκ

126 2536 262 2571 πατρικῆς
282 2535 455 2571 παραδόσεως
467 2536 498 2562 τὸ
514 2535 608 2562 πιστὸν
622 2534 690 2570 ἔχων
701 2556 708 2568 ,
721 2536 749 2566 ὃς
766 2544 841 2570 φησι,
862 2544 911 2561 πε-

126 2581 226 2616 σούσης
252 2581 330 2616 ἡμῶν
344 2581 384 2612 εἰς
407 2581 544 2616 ἁμαρτίαν
567 2582 616 2616 τῆς
629 2581 745 2615 φύσεως,
770 2581 807 2616 μὴ
829 2590 911 2617 παρι-

123 2627 179 2653 δεῖν
213 2627 260 2653 τὸν
292 2627 359 2653 Θεὸν
389 2627 438 2662 τὴν
473 2627 575 2653 πτῶσιν
611 2627 690 2662 ήμῶν
726 2627 909 2662 ἀπρονόητον·

124 2672 183 2698 ἀλλ’
200 2672 315 2707 ἄγγελόν
327 2681 388 2699 τινα
403 2672 456 2698 τῶν
475 2672 525 2707 τὴν
541 2671 687 2707 ἀσώματον
700 2673 845 2708 εἰληχότων
862 2673 912 2707 φύ-

124 2727 177 2750 σιν,
195 2718 401 2754 παρακαθιστᾷν
415 2719 455 2750 εἰς
475 2718 633 2753 συμμαχίαν
650 2719 683 2753 τῇ
707 2718 821 2745 ἑκάστου
842 2718 910 2754 ζωῇ,

123 2765 157 2791 ἐκ
169 2765 197 2791 δὲ
211 2764 257 2791 τοῦ
272 2765 394 2792 ἐναντίου
404 2785 411 2796 ,
434 2765 480 2791 τὸν
496 2764 597 2799 φθορέα
610 2764 660 2799 τῆς
673 2763 780 2798 φύσεως
795 2764 911 2800 ἀντιμη-

124 2810 255 2845 χανᾶσθαι
279 2810 308 2836 τὸ
334 2810 390 2836 ἴσον
405 2810 449 2837 διὰ
466 2809 585 2846 πονηροῦ
607 2819 677 2843 τινος
702 2813 747 2839 καί
763 2812 909 2838 κακοποιοῠ

997 667 1085 696 liabet
1100 671 1173 697 enim
1190 671 1448 706 philosophisaeculi
1463 671 1746 706 partushumauaque

962 713 1107 749 disciplina
1120 717 1233 744 carnale
1256 718 1391 752 quoddam
1419 719 1593 752 praeputium,
1619 725 1673 752 quo
1691 718 1746 744 cir-

962 760 1087 788 cumciso
1109 762 1182 796 quod
1213 763 1391 797 relinquitur,
1421 763 1578 790 Israelitica
1608 762 1747 789 invenitur

963 813 1025 833 esse
1045 806 1207 840 nobilitatis,
1235 813 1274 840 ut,
1299 808 1417 843 exempli
1444 816 1538 840 causa,
1563 808 1745 835 immortalem

963 859 1024 879 esse
1039 852 1161 879 animum
1181 853 1337 888 philosophi
1357 854 1514 888 perhibent,
1547 853 1574 880 id
1592 853 1666 887 pium
1693 857 1744 881 est.

963 896 1001 924 De
1016 898 1180 932 corporibus
1201 899 1228 926 in
1256 906 1373 934 corpora
1399 899 1519 926 transire
1539 900 1647 929 volunt.
1670 903 1698 926 ct
1713 899 1746 926 de

962 943 1089 970 rationali
1110 949 1207 971 natura
1225 944 1307 971 etiam
1323 945 1350 971 in
1367 945 1482 971 rationis
1499 948 1640 978 expertem
1657 949 1748 971 trans-

962 988 1039 1016 silire
1067 990 1190 1016 nonnulli
1220 994 1364 1021 asserunt,
1392 990 1449 1016 hac
1479 990 1557 1024 quasi
1583 990 1746 1024 praeputium

962 1033 1185 1062 circumcidenda
1205 1039 1279 1067 sunt,
1298 1035 1448 1070 proculque
1456 1035 1567 1061 omnino
1581 1034 1743 1068 abjicicnda.

962 1079 1047 1107 Deum
1072 1088 1135 1108 esse
1162 1088 1217 1108 non
1240 1085 1351 1116 negant,
1370 1081 1417 1108 sed
1447 1085 1474 1107 et
1494 1080 1661 1107 materialem
1683 1087 1744 1108 eum

962 1125 1149 1158 arbitrantur;
1182 1131 1335 1153 creatorem
1369 1126 1457 1160 ipsum
1487 1125 1621 1156 fatentur,
1649 1124 1696 1152 sed
1720 1129 1748 1151 et

963 1171 1076 1198 materia
1089 1171 1122 1198 ad
1150 1171 1300 1199 creandum
1331 1171 1484 1206 indiguisse
1511 1170 1599 1205 ipsum
1628 1171 1745 1200 volunt;

962 1216 1064 1243 bonum
1080 1220 1107 1244 et
1122 1220 1259 1251 potentem
1273 1225 1335 1244 eum
1353 1217 1517 1248 concedunt,
1543 1215 1589 1243 sed
1607 1216 1633 1242 in
1654 1217 1748 1242 multis

963 1260 1010 1288 fati
1025 1262 1183 1290 necessitati
1210 1263 1308 1290 cedere
1325 1273 1331 1290 :
1350 1263 1492 1298 multaque
1509 1264 1560 1290 alia
1588 1263 1746 1297 hujusmodi

962 1311 1027 1334 sunt
1045 1307 1116 1335 veris
1128 1310 1282 1343 excogitata
1300 1309 1464 1341 rationibus,
1490 1310 1538 1337 sed
1559 1309 1688 1336 absurdis
1706 1313 1748 1336 at.-

962 1361 1015 1388 que
1030 1353 1107 1382 falsis
1127 1355 1349 1389 oppositionibus
1374 1356 1527 1389 maculata;
1549 1364 1610 1390 qua:
1621 1356 1643 1383 si
1667 1355 1748 1383 tolla-

962 1407 1034 1431 mus,
1049 1400 1183 1434 propitius
1200 1401 1281 1428 nobis
1294 1400 1343 1428 Dei
1357 1401 1470 1436 angelus
1478 1402 1525 1434 sit,
1538 1407 1632 1436 utpote
1649 1402 1746 1428 borum

962 1443 1119 1479 dogmatum
1137 1449 1217 1480 partu
1234 1446 1356 1481 legitimo
1381 1447 1561 1475 exhilaratus.
1581 1447 1632 1475 Sed
1649 1447 1682 1474 ad
1698 1448 1749 1474 in—

963 1490 1086 1517 stitutam
1103 1492 1313 1526 explicationem
1331 1493 1486 1528 redeamus.
1499 1498 1527 1520 ut
1540 1494 1680 1521 videmnus
1692 1501 1747 1527 quo

966 1538 1047 1569 pacto
1063 1535 1185 1564 fraterna
1200 1538 1280 1565 nobis
1294 1537 1424 1573 suffragia
1435 1539 1610 1566 subveniant.
1624 1539 1746 1566 Primum
1795 1548 1797 1550 ·

966 1580 1048 1616 igitur
1076 1582 1103 1609 in
1131 1582 1209 1610 initio
1228 1584 1316 1618 ipsius
1339 1584 1412 1616 vitae,
1436 1592 1499 1611 cum
1513 1585 1636 1612 virtuose
1655 1585 1748 1612 vivere

964 1625 1072 1662 Moyses
1088 1628 1194 1660 maluit,
1208 1636 1289 1663 quam
1308 1629 1410 1664 reginae
1427 1629 1502 1657 [ilius
1520 1629 1624 1664 absque
1646 1630 1748 1657 virtute

965 1673 1129 1707 nuncupari,
1149 1673 1298 1701 bellicosus
1325 1675 1436 1709 quidam
1456 1682 1540 1703 casus
1565 1682 1597 1703 ac
1620 1669 1748 1703 militaris

965 1718 989 1745 ei
1007 1719 1139 1752 occurrit,
1163 1719 1291 1755 Egyptio
1307 1721 1341 1747 ad
1358 1720 1514 1753 Hebraeum,
1537 1729 1569 1749 ac
1589 1729 1685 1750 rursus
1698 1721 1749 1749 ﬂc-

964 1764 1037 1791 braeo
1053 1764 1086 1792 ad
1101 1765 1184 1792 alium
1204 1766 1246 1792 sui
1265 1766 1374 1800 generis
1403 1766 1620 1802 insurgentibus.

1001 1809 1102 1838 Deinde
1117 1818 1180 1838 cum
1196 1811 1252 1846 jam
1270 1812 1343 1839 omni
1358 1820 1474 1839 numero
1487 1813 1748 1848 virtutis,longaque

965 1855 1197 1890 praemeditatione
1213 1856 1476 1892 exercitationeque,
1486 1865 1518 1884 ac
1529 1858 1636 1884 demum
1648 1858 1748 1885 divinae

965 1902 1034 1929 lucis
1042 1902 1147 1930 visione
1157 1910 1172 1930 a
1183 1903 1331 1931 lerrenisin
1339 1903 1434 1930 altiora
1444 1903 1494 1930 fuit
1508 1904 1639 1937 elevatus,
1657 1905 1747 1940 placa-

963 1948 1026 1976 bilis
1048 1953 1075 1976 et
1092 1953 1184 1983 optata
1201 1949 1293 1977 fratris
1310 1949 1362 1977 sibi
1376 1950 1531 1977 occursatio
1546 1950 1616 1976 facta
1635 1953 1686 1981 est,
1703 1951 1746 1977 di-

964 1995 1065 2021 vinitus
1082 1999 1111 2021 ut
1129 1995 1152 2022 ei
1173 1995 1280 2022 obviam
1296 1995 1401 2022 veniret
1417 1995 1536 2022 excitati.
1547 1996 1614 2022 Nam
1625 1996 1747 2030 profecto

964 2041 987 2068 si
1002 2040 1168 2075 tropologice
1182 2041 1255 2075 quod
1267 2041 1418 2068 secundum
1434 2041 1577 2068 historiam
1593 2041 1686 2069 evenit
1699 2050 1747 2068 ac-

964 2087 1092 2121 cipimus,
1112 2091 1179 2114 tunc
1202 2087 1348 2114 manifeste
1364 2086 1487 2114 divinum
1507 2087 1540 2114 ad
1557 2088 1682 2115 virtutem
1698 2096 1746 2114 no-

964 2133 1006 2159 bis
1021 2133 1201 2168 patrocinium
1215 2132 1329 2160 concedi
1343 2132 1523 2167 reperiemus,
1548 2140 1609 2159 cum
1627 2141 1660 2160 ex
1678 2141 1747 2166 prae-

964 2178 1069 2213 scripto
1084 2178 1191 2205 virtutis
1204 2178 1260 2212 jam
1281 2185 1312 2205 ac
1331 2179 1374 2212 pie
1401 2177 1566 2210 vixerimus;
1586 2178 1657 2212 quod
1684 2179 1746 2212 qui-

963 2225 1024 2252 dem
1041 2225 1223 2259 patrocinium
1245 2224 1332 2259 prima
1354 2224 1529 2258 generatione
1555 2227 1583 2251 et
1608 2224 1746 2251 creatione

963 2274 1055 2297 nostra
1092 2269 1233 2304 antiquius
1258 2273 1300 2296 est
1317 2278 1323 2296 :
1340 2269 1416 2303 prius
1439 2269 1511 2296 enim
1541 2273 1673 2301 creatum,
1697 2269 1747 2296 sed

962 2320 1028 2344 tunc
1039 2315 1209 2350 apertissime
1225 2318 1347 2349 apparet,
1359 2322 1420 2342 cum
1437 2323 1487 2342 nos
1503 2316 1577 2350 ipsos
1594 2315 1746 2342 attentione

962 2368 994 2388 ac
1009 2368 1076 2388 cura
1095 2360 1200 2388 meliori
1216 2361 1279 2387 vita:
1300 2359 1505 2391 tradiderimus,
1523 2367 1555 2386 ac
1573 2368 1621 2395 pro
1638 2361 1696 2388 telo
1713 2361 1744 2386 ii-

962 2407 1006 2434 dei
1025 2410 1052 2434 et
1081 2407 1191 2433 virtutis
1217 2406 1367 2432 certamina
1382 2405 1586 2440 susceperimus
1608 2406 1743 2441 graviora.

963 2452 1063 2480 Verum
1079 2459 1113 2479 ne
1139 2452 1253 2486 aenigma
1277 2451 1398 2478 historiae
1413 2458 1461 2485 per
1485 2451 1627 2485 :enigmata
1646 2450 1744 2484 exponi

962 2499 1097 2530 videatur,
1121 2498 1202 2525 latius
1215 2498 1287 2532 quod
1305 2497 1394 2524 sentio
1407 2496 1609 2531 explanandum
1624 2500 1666 2524 est
1676 2506 1685 2523 :
1698 2504 1746 2523 oc-

963 2544 1061 2572 cultior
1085 2543 1207 2578 qutedam
1232 2542 1355 2572 traditio,
1381 2546 1408 2568 et
1425 2549 1505 2569 verus
1534 2548 1625 2568 sermo
1645 2541 1677 2568 ad
1695 2549 1744 2568 nos

963 2597 1050 2625 usque
1061 2589 1216 2621 descendit,
1231 2595 1286 2623 quo
1301 2588 1433 2619 creditur,
1445 2592 1621 2622 posteaquam
1635 2587 1661 2613 iu
1682 2594 1744 2620 per-
1787 2585 1789 2587 ’

962 2638 1052 2660 catum
1069 2637 1166 2658 natura
1181 2635 1275 2658 nostra
1299 2631 1373 2665 lapsa
1387 2635 1440 2662 est,
1463 2638 1517 2657 non
1532 2630 1644 2657 omnino
1658 2637 1673 2657 a
1687 2630 1743 2656 cle-

962 2676 1063 2704 mentia
1076 2676 1167 2703 divina
1183 2675 1344 2710 neglectam,
1370 2683 1457 2709 neque
1468 2676 1571 2709 absque
1587 2682 1637 2702 suo
1652 2678 1743 2709 patro~

962 2722 1035 2750 cinio
1049 2721 1200 2751 dimissam.
1213 2720 1259 2748 sed
1277 2720 1446 2755 angelorum,
1471 2721 1517 2754 qui
1534 2725 1630 2746 natura
1650 2720 1741 2746 incor-

962 2768 1037 2803 porei
1055 2771 1128 2798 sunt.
1150 2767 1268 2800 aliquem
1291 2766 1318 2793 in
1338 2765 1535 2792 adminiculum
1556 2765 1657 2799 cuique
1675 2772 1740 2791 con-

962 2815 1084 2842 stitutum
1102 2813 1197 2846 fuisse,
1213 2817 1373 2846 naturaeque
1391 2815 1493 2838 nostra:
1512 2815 1700 2845 corruptorem
1714 2813 1745 2838 iu
