1977 3071
209 188 260 215 359

804 191 832 216 S.
872 188 1034 217 CllECOlﬂl
1055 189 1076 215 Ν
1083 190 1200 217 YSSENI

1777 188 1828 216 550

209 246 336 273 omnibus
348 251 443 273 contra
453 246 629 276 aunitentem.
649 255 760 281 pravum
775 247 892 281 aliquem
906 251 987 282 atque

1051 247 1174 282 ξαίμονος,
1198 249 1230 281 τῇ
1247 247 1294 272 τοῦ
1311 245 1456 280 ἀνθρώπου
1472 245 1527 279 ζωῇ
1550 243 1759 279 λυμαινόμενον.
1784 244 1830 270 Ἑν

210 291 360 318 tn‘aleftcum
376 291 499 318 daemona
519 293 552 318 ad
563 293 633 319 male
646 292 790 319 vivendum
801 293 925 321 homines
941 294 992 321 im-

210 336 363 370 pellentem,
393 336 426 363 ad
443 336 566 370 singulos
591 335 754 364 destinasse.
778 337 880 364 Horum
902 342 992 364 antem

211 380 328 406 medium
348 380 449 407 factum
475 382 622 411 hominem,
652 389 768 415 quorum
799 383 868 410 alter
891 383 991 414 bonus,

210 426 320 453 virtutis
332 426 402 453 bona
425 427 638 461 cogitationibus
651 427 738 459 effert,
749 436 810 462 quae
824 429 858 455 ab
877 429 931 457 illis
945 429 991 463 qui

210 477 285 500 recte
296 481 326 501 se
349 475 493 509 gesserint,
515 482 562 509 per
585 482 660 509 spent
682 475 823 507 videntur;
845 475 912 501 alter
928 482 993 501 vero

211 517 380 545 titillationes
396 522 423 545 et
433 518 584 553 voluptates
599 517 690 545 carttis
699 517 829 551 suggerit,
841 525 873 543 ex
893 517 992 551 quibus

211 562 282 588 nulla
300 562 432 588 bonorum
456 569 518 596 spes
537 561 634 595 surgit,
661 561 708 588 sed
725 569 768 588 res
790 565 946 595 przcsentes,
966 564 993 587 et

211 608 310 641 quibus
330 607 456 639 fruimur,
472 612 497 635 et
511 615 579 642 quas
591 607 739 638 cernimus,
764 607 905 634 hominum
924 607 992 634 iusi-

211 654 341 687 pientium
357 661 455 680 sensus
479 654 504 680 iu
528 653 685 680 servitutem
715 653 849 687 redigunt.
879 652 906 678 Si
928 660 993 686 ergo

211 699 362 733 srjunxerit
378 707 407 726 se
421 700 456 726 ab
471 700 504 726 iis
517 700 616 733 quibus
627 699 659 726 ad
673 699 774 725 tualunt
793 698 992 733 pelliciebatur,

211 745 421 779 cogitationibus
433 745 489 772 suis
515 745 542 771 in
568 745 665 773 melius
694 744 850 775 conversis,
869 749 896 771 et
921 745 994 771 velut

213 788 314 822 t'cjeclo
332 788 358 813 in
377 792 481 821 tergunt
499 789 574 820 vitio,
600 792 730 822 tanquam
749 789 889 822 speculum
907 789 993 822 quod-

212 833 273 859 dam
293 833 413 858 animum
431 840 508 859 suum
522 840 555 859 ex
570 832 685 858 adverso
700 831 758 866 spei
773 831 928 858 futurorum
946 831 993 859 bo—

213 886 308 904 norum
325 878 476 910 collocarit,
488 878 529 912 sic
546 881 574 904 ut
586 881 703 904 ostensa:
717 877 849 904 divinitus
868 877 919 904 sibi
939 878 993 903 vir-

1048 293 1122 327 μέσῳ
1142 293 1169 318 δὲ
1186 293 1251 318 ὄντα
1272 292 1325 318 τῶν
1344 291 1390 318 δύο
1410 291 1456 317 τὸν
1469 289 1620 325 ἄνθρωπον,
1636 289 1681 316 τὸν
1697 289 1829 324 ἐκατέρου

1045 337 1100 363 τῶν
1113 337 1310 371 παρεπομένων
1325 336 1424 362 σκοπὸν
1438 334 1606 366 ὑπεναντίως
1628 334 1695 369 πρὸς
1717 334 1762 360 τὸν
1776 334 1831 360 ἔτι.

1048 391 1093 417 ρον
1107 382 1211 416 ἔχοντα,
1225 382 1258 408 δι’
1280 380 1376 408 ἑαυτοῦ
1395 382 1480 407 ποιεῖν
1502 379 1572 406 κατά
1595 380 1641 406 τοῦ
1664 379 1743 406 ἄλλου
1768 380 1828 407 ὲπι-

1047 427 1237 462 κρατέστερον.
1256 426 1482 462 Προδεικνύοντος
1495 427 1551 457 τοῖς
1562 425 1702 460 λογισμοῖς
1718 424 1765 451 τοῦ
1782 424 1831 459 μὶν

1045 473 1148 508 ἀγαθοῦ
1170 473 1203 499 τὰ
1224 473 1273 507 τῆς
1295 473 1395 508 ἀρετῆς
1409 472 1509 506 ἀγαθὰ,
1534 472 1584 498 ὅσα
1603 471 1637 497 δι’
1658 471 1763 501 ἐλπίδος
1776 471 1830 501 τοῖς

1046 518 1222 552 κατορθοῦσιν
1243 519 1339 553 ὁρᾶται
1355 526 1361 532 ·
1386 517 1432 544 τοῦ
1453 517 1481 544 δὲ
1502 517 1596 552 ἑτέρου
1609 538 1617 549 ,
1643 517 1692 548 τὰς
1721 515 1831 546 ὑλώδεις

1046 564 1152 598 ἡδονὰς,
1169 563 1214 596 ἀφ’
1229 559 1265 588 ὧν
1280 562 1356 593 ἐλπὶς
1371 561 1419 596 μὲν
1435 561 1545 595 ἀγαθῶν
1557 561 1678 596 οὐδεμία,
1694 560 1724 586 τὸ
1736 560 1763 585 δὲ
1779 567 1831 585 πα-

1048 609 1102 644 ρὸν,
1119 610 1163 636 καὶ
1179 608 1367 643 μετεχόμενον,
1384 608 1430 634 καὶ
1445 606 1591 641 ὁρώμενον,
1625 606 1675 637 τὰς
1692 605 1831 642 αἰσθήσεις

1045 655 1098 681 τῶν
1120 654 1303 689 ἀνοητοτέρων
1329 652 1561 688 ἀνδραποδίζεται.
1589 651 1674 686 Εεπερ
1690 649 1736 677 οὖν
1751 650 1829 677 ἀλλο-

1045 700 1173 736 τριωθεὶη
1187 699 1241 726 τῶν
1255 700 1301 725 ἐπὶ
1321 698 1397 733 κακῷ
1411 696 1601 729 δελεαζόντων,
1617 697 1684 731 πρὸς
1697 696 1728 722 τὸ
1741 696 1830 730 κρεῖτ-

1046 755 1092 773 τον
1103 747 1158 776 τοῖς
1171 745 1309 779 λογισμοῖς
1325 743 1484 779 ἐπιτρέψας,
1498 742 1545 769 καὶ
1558 742 1638 768 οἱονεὶ
1657 741 1727 767 κατά
1746 739 1830 766 νώτου

1045 792 1094 827 τὴν
1113 791 1211 818 κακίαν
1227 791 1353 825 εποίησεν
1363 798 1371 806 ο
1390 789 1594 824 ἀντιπρόσωπον
1609 787 1657 822 τὴν
1671 786 1766 813 ἑαυτοῦ
1781 786 1832 820 ψο-

1046 836 1106 872 χὴν,
1121 833 1176 862 οἷόν
1191 844 1217 861 τι
1231 835 1392 870 κάτοπτρον,
1407 834 1474 869 πρὸς
1486 833 1536 868 τὴν
1550 833 1643 859 ὲλπίδα
1656 831 1709 858 τῶν
1721 831 1830 865 ἀγαθῶν

1052 882 1161 916 στήσας,
1177 882 1214 912 ὡς
1228 881 1278 915 τῆς
1291 879 1519 915 προδεικνυμένης
1532 878 1606 912 αὐτῷ
1621 877 1711 904 θεόθεν
1732 874 1829 912 ἀρετῆς

213 924 278 950 tutis
293 924 399 958 species
407 928 433 950 et
454 923 586 958 imagines
601 923 698 950 anima:
714 931 770 950 sure
788 923 905 957 puritate
928 930 992 957 pos-

1051 926 1096 958 τὰς
1113 926 1219 957 εἰκόνας
1240 934 1269 952 τε
1293 926 1339 952 καὶ
1361 925 1410 956 τὰς
1433 925 1564 959 ἐμφάσεις
1587 922 1625 958 τῷ
1649 922 1761 956 καθαρῷ
1782 921 1831 956 τῆς

214 969 249 995 sit
264 969 428 1004 exprimere,
449 973 513 995 tunc
531 969 555 995 ei
585 969 756 996 manifestius
777 968 870 996 fratris
893 969 994 996 auxilia

215 1016 333 1049 undique
346 1020 488 1049 apparent,
501 1024 594 1042 secum
615 1016 746 1043 adversus
762 1015 855 1042 hostes
873 1016 970 1041 armati
986 1024 994 1048 ;

190 1063 192 1065 ’
214 1061 297 1088 frater
315 1061 386 1087 enim
405 1061 606 1095 quodammodo
626 1061 744 1088 hominis
765 1061 857 1087 animo
883 1061 996 1096 angelus

213 1111 254 1133 est
271 1107 408 1139 (rationali
440 1107 540 1140 quippe
567 1114 598 1132 ac
630 1107 806 1133 intellectuali
829 1111 926 1133 natura
951 1114 995 1134 se-

213 1160 274 1179 cum
287 1153 546 1187 annectuntur),qui
556 1157 621 1179 tunc
637 1153 754 1179 maxime
772 1153 851 1180 nobis
865 1153 996 1180 assistere

214 1198 328 1227 videtur.
348 1203 377 1224 ut
400 1198 501 1224 dicttnn
522 1202 574 1230 est,
599 1205 659 1224 cum
685 1197 820 1224 Pharaoni
850 1198 996 1232 appropin-

215 1251 339 1277 quatuus.
359 1242 442 1269 Nemo
454 1247 544 1269 autent
565 1243 686 1270 historia:
695 1232 833 1270 veritatem
849 1250 896 1276 per
906 1244 996 1270 omnia

215 1296 264 1315 nos
280 1293 358 1323 cogat
377 1288 409 1314 ad
436 1288 604 1322 propositum
639 1287 867 1320 accommodare;
898 1294 947 1314 nec
973 1288 995 1315 si

214 1334 277 1369 quid
293 1342 347 1360 non
363 1337 576 1360 consentaneum
590 1333 654 1359 huic
681 1333 842 1367 tropulogia:
868 1333 895 1358 in
913 1333 997 1359 histo-

214 1381 256 1407 ria
284 1380 383 1412 veniat,
411 1380 513 1406 idcirco
541 1379 695 1406 universam
722 1379 791 1405 hanc
815 1379 997 1413 intelligenda»

216 1425 363 1460 Scriptura:
374 1427 445 1452 viam
465 1429 625 1460 aspernetur
652 1429 733 1459 atque
753 1429 931 1457 contemnat;
951 1423 997 1451 sed

216 1471 383 1502 recordetur,
397 1471 430 1497 ab
444 1471 520 1497 initio
536 1471 628 1497 statim
646 1478 694 1497 nos
711 1470 825 1501 dixisse,
836 1477 996 1503 magnorum

217 1516 338 1543 virorum
355 1517 426 1543 vitas
451 1515 485 1542 ad
501 1516 654 1550 exetnplum
681 1519 708 1542 et
731 1515 910 1542 imitationem
930 1515 998 1542 di\i-

217 1562 290 1588 nitus
303 1561 382 1588 nobis
397 1569 458 1588 esse
474 1561 635 1596 propositas.

254 1606 344 1640 Itaque
373 1614 434 1632 ctttn
459 1614 506 1640 per
528 1605 686 1633 earumdem
712 1612 800 1632 rerum
817 1605 925 1636 seriem,
951 1598 1033 1639 percI

217 1653 326 1680 eosdem
344 1653 404 1679 vitae
423 1660 515 1683 casus,
529 1659 575 1679 aut
589 1651 727 1678 materiem
745 1651 855 1677 minime
864 1651 1000 1685 possimus

217 1706 266 1725 eos
281 1698 397 1730 imitari;
414 1698 551 1731 quomodo
565 1698 637 1725 enim
658 1704 754 1724 rursus
769 1705 802 1723 ex
828 1697 1000 1732 transmigra-

218 1745 290 1771 tione
307 1745 441 1778 reperitur
462 1743 659 1778 multiplicatus
685 1743 712 1769 in
732 1742 850 1776 [Egypto
873 1742 999 1776 populus,

219 1795 264 1817 :mt
280 1790 416 1824 quomodo
439 1797 534 1817 rursus
559 1789 586 1815 in
617 1789 776 1816 servitutem
793 1788 896 1822 redigat
923 1787 999 1814 illum

219 1843 352 1872 tyrannus
381 1843 445 1870 erga
466 1835 614 1861 masculam
638 1834 743 1868 prolem
772 1834 908 1861 hostiliter
935 1832 1001 1860 alie-

219 1889 290 1913 c1us,
308 1882 410 1916 quique
433 1880 577 1907 femineam
599 1881 749 1907 molliorem
771 1884 852 1913 atque
870 1878 1002 1905 infirmio-

221 1935 276 1954 rem
291 1934 404 1953 numero
422 1926 513 1961 augeri
525 1926 653 1960 patiatur,
665 1931 815 1960 creteraque
828 1926 931 1955 omnia,
942 1932 1002 1959 qua:

221 1973 334 1999 historia
359 1972 567 2006 complectitur,
597 1971 641 1997 ubi
670 1971 732 2005 quis
750 1971 888 1998 inveniet?
906 1970 1002 1997 nullibi

222 2018 353 2053 profecto.
370 2017 459 2050 Quare
482 2018 611 2051 quoniam
630 2017 732 2044 eisdem
756 2018 783 2044 in
800 2018 882 2044 rebus
906 2017 1002 2044 beatos

221 2063 406 2091 virosimitari
433 2070 482 2089 nos
508 2063 620 2091 minime
645 2069 737 2098 posset
756 2063 805 2091 fuit
828 2064 1002 2093 demonstra-

223 2116 290 2142 tum,
303 2110 335 2136 ad
354 2109 481 2135 moralem
500 2108 582 2135 vitam
600 2108 633 2135 ab
651 2109 783 2135 historica
805 2111 885 2141 serie.
913 2113 1003 2139 omnia

221 2155 408 2186 traducamus,
440 2161 500 2188 quat
529 2153 595 2180 bene
620 2153 728 2180 vivendi
759 2155 913 2183 rationibus
935 2165 1003 2184 con—

221 2203 332 2235 gruunt.
347 2199 436 2226 Potuit
451 2200 523 2226 enim
539 2200 660 2234 profecto
683 2199 753 2227 Deus
769 2201 801 2227 ad
822 2203 1003 2236 posteriorum

224 2246 415 2282 perfectionem
437 2246 588 2280 priscorum
604 2247 687 2274 vitam
701 2247 726 2273 in
747 2248 900 2282 exemplum
920 2250 1004 2277 altius

223 2293 387 2319 intellectam
406 2291 620 2319 accommodare.
637 2293 727 2325 Quare
749 2293 772 2319 si
795 2293 867 2327 quod
884 2294 1005 2322 historiae

223 2338 324 2364 dictum
354 2345 408 2364 tton
432 2339 543 2364 omnino
566 2338 704 2372 proposito
725 2339 861 2371 convenit,
886 2341 910 2367 id
938 2349 1006 2375 pra:-

225 2383 417 2414 termittentes,
445 2391 478 2410 ne
504 2383 589 2410 series
608 2384 789 2417 expositionis
812 2386 1004 2418 iutercidatnr.

224 2433 284 2463 (tua:
298 2428 393 2455 idonea
410 2433 473 2455 sIIut
498 2428 706 2463 conjungemus.
719 2429 780 2457 Ilaec
800 2431 866 2462 dixi,
887 2440 920 2459 ne
944 2434 1006 2467 quis

225 2475 291 2502 mihi
321 2475 443 2509 objiciat,
469 2483 590 2509 congrue
615 2475 724 2509 quidem
751 2477 805 2508 hic,
832 2486 879 2511 pro
904 2480 1004 2510 Aaron,

226 2521 309 2548 fratre
328 2521 413 2556 Moysi
425 2521 538 2556 majore,
559 2524 686 2559 angelum
705 2524 847 2551 custodem
865 2525 945 2551 nobis
965 2525 1007 2551 di-

224 2567 328 2594 vinitus
343 2567 448 2599 datum,
472 2575 523 2595 nos
542 2569 763 2597 subintellexisse
778 2579 785 2603 ;
811 2577 872 2596 nam
888 2574 915 2596 et
933 2571 1007 2604 prior

226 2616 321 2640 natura
342 2613 464 2647 angelica
479 2619 531 2645 est,
549 2620 576 2642 et
592 2615 767 2643 intellectuali
792 2623 824 2642 ac
842 2616 1006 2650 incorporati

225 2666 287 2685 cum
305 2658 424 2685 hutnano
439 2658 577 2686 videretur
596 2661 688 2688 animo
702 2661 856 2693 convenire,
867 2669 916 2687 nec
930 2661 1008 2687 dubi-

226 2707 285 2731 tare
302 2712 331 2731 se
357 2704 459 2731 auxilio
476 2705 556 2732 nobis
574 2706 692 2733 maxime
711 2711 776 2733 tunc
795 2714 866 2738 esse,
879 2714 940 2733 cmn
961 2707 1008 2733 ad-

227 2758 322 2778 versus
336 2751 523 2785 incorporales
541 2751 633 2778 hostes
646 2752 824 2786 insurgimus,
845 2760 899 2779 non
918 2757 1009 2780 tamen

227 2800 300 2822 recte
318 2803 367 2830 pro
384 2796 445 2827 hoe,
465 2795 544 2830 quasi
564 2796 648 2823 fratre
674 2797 753 2825 nobis
780 2797 877 2832 angelo
902 2805 1009 2832 semper

227 2841 317 2867 Aaron
338 2841 397 2875 capi
420 2849 508 2874 posse.
519 2840 584 2867 Nam
609 2849 670 2868 cum
696 2842 785 2869 Aaron
810 2843 864 2869 dux
889 2843 1010 2870 Hebraeis

229 2885 261 2912 ad
291 2886 470 2913 idololatriam
498 2887 581 2914 luisse
601 2888 734 2919 videatur,
764 2894 792 2916 ut
817 2888 927 2916 historia
951 2893 1007 2915 tra-

1050 973 1116 1004 ίδίας
1132 972 1220 1007 ψυχῆς
1235 971 1439 998 ὲντυπώσασθαι
1449 978 1456 986 ’
1471 970 1531 996 τότε
1545 969 1617 1004 αὺτῷ
1629 971 1645 1004 ἡ
1657 968 1703 994 τοῦ
1717 966 1830 1001 ἀδελφοῦ

1049 1019 1191 1054 συμμαχία
1220 1018 1335 1052 συναντᾷ
1356 1017 1403 1044 καὶ
1431 1017 1595 1043 συνίσταται.
1631 1014 1754 1048 Ἀδελφὺς
1776 1014 1832 1048 γὰρ

1048 1065 1146 1101 τρόπον
1162 1064 1221 1090 τινὰ
1236 1063 1306 1090 κατά
1329 1063 1358 1089 τὸ
1379 1062 1486 1096 λογικόν
1500 1070 1530 1088 τε
1547 1062 1593 1088 καὶ
1606 1060 1698 1096 νοερὸν
1714 1060 1763 1094 τῆς
1779 1060 1831 1094 ψυ-

1048 1111 1099 1146 χῆς
1110 1110 1157 1136 τοῦ
1171 1110 1219 1136 ἀνθ
1225 1109 1324 1144 ρώπου,
1337 1110 1351 1135 ὁ
1364 1108 1488 1142 ἄγγελος,
1499 1108 1513 1133 ὸ
1528 1107 1586 1134 τότε
1601 1105 1703 1141 (καθὼς
1714 1105 1830 1140 εἴρηται)

1048 1156 1208 1190 φαινόμενός
1231 1163 1260 1180 τε
1283 1155 1330 1180 καὶ
1353 1154 1571 1188 παριστάμενος,
1594 1153 1657 1178 ὅταν
1679 1151 1718 1185 τῷ
1733 1149 1832 1185 Φαραὼ

1049 1201 1281 1237 προσεγγίζωμεν.
1306 1200 1407 1234 Μηδεὶς
1427 1199 1455 1225 δὲ
1476 1199 1562 1226 διόλου
1582 1198 1631 1233 τὴν
1647 1197 1695 1232 τῆς
1712 1196 1832 1231 ἱστορίας

1049 1247 1155 1273 ἔκθεσιν
1171 1244 1381 1280 παρατεθεῖσθαι
1402 1244 1441 1278 τῷ
1456 1243 1543 1279 εἱρμῷ
1568 1245 1618 1278 τῆς
1641 1242 1769 1276 τοιαύτης
1786 1241 1832 1267 τοῦ

1048 1293 1093 1319 νοῦ
1117 1292 1232 1326 θεωρίας
1254 1290 1381 1325 νομίζων.
1404 1289 1430 1316 εἴ
1452 1289 1502 1316 πού
1517 1298 1542 1315 τι
1561 1289 1614 1316 τῶν
1631 1287 1832 1323 γεγραμμένων

1049 1339 1101 1371 ἔξω
1115 1337 1215 1371 ταύτης
1230 1337 1277 1371 τῆς
1298 1335 1416 1366 διανοίας
1439 1334 1602 1369 εὑρίσκοιτο,
1620 1333 1651 1360 δι’
1666 1332 1771 1359 ἐκείνου
1787 1332 1834 1357 καὶ

1048 1385 1078 1410 τὸ
1094 1385 1145 1410 πᾶν
1160 1382 1290 1409 ὰθετείτω
1299 1390 1305 1395 ”
1321 1381 1377 1407 ἀλλ’
1394 1381 1435 1406 ἀεὶ
1448 1380 1594 1415 μεμνήσθω
1608 1379 1655 1406 τοῦ
1669 1377 1770 1405 σκοποῦ
1780 1377 1843 1404 τῶν-

1049 1431 1145 1464 λόγων,
1163 1429 1229 1465 πρὸς
1242 1428 1271 1454 ὃν
1284 1428 1425 1462 βλέποντες
1437 1426 1523 1453 ταῦτα
1538 1424 1739 1461 διεξερχόμεθα,
1754 1423 1834 1454 εὐθὺς

1050 1477 1077 1502 ὲν
1102 1475 1252 1510 προοιμίοις
1278 1466 1455 1505 ἐπειπόντες,
1478 1472 1532 1499 τῶν
1557 1471 1706 1506 εὐδοκίμων
1731 1469 1835 1505 ἀνδρῶν

1050 1523 1112 1553 τοὺς
1135 1521 1208 1555 βίους
1227 1521 1266 1551 εἰς
1283 1520 1381 1554 ἀρετῆς
1399 1519 1551 1553 ὑπόδειγμα
1570 1519 1626 1549 τοῖς
1646 1515 1745 1551 ἑφεξῆς
1769 1523 1836 1550 προ-

1051 1567 1169 1593 κεῖσθαι.

1091 1612 1166 1638 Ἐπεὶ
1190 1609 1235 1637 οὖν
1255 1611 1287 1636 δι’
1311 1611 1396 1645 αὐτῆς
1427 1609 1480 1635 τῶν
1503 1609 1672 1644 πραγμάτων
1694 1608 1745 1642 τῆς
1769 1607 1835 1642 ὕλης

1050 1658 1136 1685 ἐλθεῖν
1146 1658 1208 1688 τοὺς
1224 1656 1371 1691 ζηλοῦντας
1383 1655 1416 1681 τὰ
1428 1655 1548 1688 ἐκείνων,
1566 1655 1616 1690 οὐχ
1629 1652 1685 1680 οἷόν
1698 1662 1728 1680 τε
1738 1662 1744 1670 ·
1765 1653 1836 1689 (πῶς

1050 1703 1105 1739 γὰρ
1125 1703 1158 1730 ἂν
1179 1702 1300 1737 εὑρεθείη
1317 1701 1397 1727 πάλιν
1410 1703 1423 1727 ὁ
1438 1703 1470 1728 ὲκ
1483 1700 1653 1736 μετοικεσίας
1667 1702 1695 1726 ὲν
1707 1699 1837 1734 Αἰγύπτῳ

1050 1750 1113 1781 λαὸς
1130 1748 1353 1783 πληθυνόμενος;
1379 1747 1396 1782 ἢ
1422 1747 1501 1774 πάλιν
1522 1746 1767 1781 καταδουλούμενος
1789 1745 1837 1772 τύ-

1053 1804 1156 1832 ραννος¹
1171 1796 1185 1821 ό
1201 1795 1267 1829 πρὸς
1279 1793 1328 1828 τὴν
1343 1793 1445 1828 ἄρρενα
1461 1793 1542 1828 γονὴν
1561 1791 1699 1828 δυσμενῶς
1713 1792 1792 1826 ἔχων,
1806 1791 1837 1818 τὺ

1051 1841 1079 1868 δὲ
1106 1839 1297 1875 μαλακώτερόν
1325 1847 1356 1865 τε
1383 1839 1429 1865 καὶ
1454 1838 1646 1873 ἀσθενέστερον
1669 1838 1708 1868 είς
1736 1837 1837 1871 πλῆθος

1052 1887 1151 1919 αὔξων,
1172 1886 1218 1912 καὶ
1239 1885 1321 1912 τάλλα
1342 1885 1441 1916 πάντα,
1466 1885 1516 1911 ὅσα
1538 1884 1657 1918 περιέχει
1679 1885 1693 1910 ὁ
1718 1883 1794 1916 λόγος
1807 1882 1836 1915 ;)

1053 1933 1113 1959 ἐπεὶ
1130 1931 1176 1960 οὖν
1192 1932 1320 1958 ἀδύνατον
1336 1930 1480 1965 ἀπεδείχθη
1491 1930 1524 1956 δι’
1539 1929 1626 1956 αὐτῶν
1641 1929 1694 1955 τῶν
1709 1927 1838 1964 πραγμά-

1053 1988 1106 2006 των
1123 1978 1158 2004 τὰ
1175 1978 1229 2004 τῶν
1246 1976 1385 2012 μακαρίων
1403 1975 1571 2011 μιμήσασθαι
1590 1974 1731 2009 θαύματα,
1755 1981 1839 2008 μετα-

1053 2025 1169 2061 ληπτέον
1184 2024 1217 2051 ἂν
1237 2024 1290 2058 εἴη,
1308 2023 1375 2057 πρός
1399 2031 1461 2048 τινα
1487 2021 1582 2056 ἠθικὴν
1607 2019 1788 2052 διδασκαλίαν,
1805 2019 1838 2045 ἐκ

1054 2071 1104 2105 τῆς
1119 2069 1212 2103 ὑλικῆς
1230 2068 1387 2099 ἀκολουθίας
1402 2067 1435 2100 τὲ
1450 2067 1626 2101 ἐνδεχόμενα·
1648 2065 1680 2091 δι’
1696 2062 1733 2091 ὧν
1747 2064 1780 2091 ἀν
1795 2073 1838 2095 τις

1055 2116 1157 2149 γένοιτο
1170 2115 1233 2148 τοῖς,
1241 2113 1308 2148 πρὸς
1320 2113 1419 2147 ἀρετὴν
1436 2111 1614 2138 ἐσπουδακόσι
1634 2110 1702 2145 πρὸς
1718 2108 1838 2136 τοιοῦτον

1056 2161 1112 2195 βίον
1126 2159 1264 2195 συνεργία.
1279 2159 1310 2185 Et
1325 2158 1353 2184 δέ
1365 2167 1392 2184 τι
1406 2157 1459 2184 τῶν
1473 2158 1501 2183 ἐν
1514 2158 1545 2192 τῇ
1561 2157 1665 2191 ἱστορίᾳ
1677 2155 1838 2189 γεγονότων,

1056 2208 1108 2239 ἔξω
1123 2207 1169 2233 τοῦ
1184 2205 1280 2241 είρμοῦ
1296 2206 1344 2239 τῆς
1359 2204 1502 2239 ἀνειμένης
1515 2203 1642 2234 διανοίας,
1656 2203 1673 2237 ὴ
1694 2201 1748 2227 τῶν
1767 2209 1839 2236 πρα-

1022 2263 1042 2290 D
1057 2254 1168 2288 γμάτων
1181 2252 1286 2286 ἀνάγκη
1302 2251 1393 2277 πεσεῖν
1409 2250 1551 2276 ἐΰιάσατο⁸
1569 2248 1739 2283 ὑπερὸάντας
1749 2246 1838 2290 τοῦτο,

1057 2284 1094 2329 ως
1114 2297 1181 2332 πρὸς
1205 2284 1249 2321 τὸν
1271 2284 1403 2330 ἡμέτερον
1427 2293 1526 2320 σκοπὸν
1549 2292 1703 2323 ἀλυσιτελὲς
1725 2292 1771 2318 καὶ⁸
1793 2284 1836 2317 ἀνλ

1056 2342 1159 2377 ὀνητον,
1178 2341 1215 2375 μὴ
1237 2340 1391 2366 διακόπτειν
1410 2339 1439 2366 ὲν
1457 2336 1497 2370 οἷς
1512 2338 1599 2370 ἔξεστι
1612 2339 1661 2373 τῆς
1675 2337 1775 2372 ἀρετῆς
1789 2336 1840 2371 τὴν

1056 2388 1201 2422 ὑφήγησιν.
1217 2385 1308 2412 Ταῦτα
1323 2384 1351 2410 δέ
1364 2393 1434 2419 φημι
1447 2392 1478 2409 πε
1483 2385 1509 2419 ρί
1520 2383 1574 2410 τῶν
1587 2383 1657 2410 κατὰ
1671 2383 1717 2409 τὸν
1736 2381 1840 2416 Ἀαρὼν

1056 2433 1215 2468 νοηθέντων,
1237 2431 1267 2457 τὸ
1287 2430 1445 2456 ἀντιπῖπτον
1470 2430 1501 2455 ὲκ
1523 2429 1569 2455 τοῦ
1590 2428 1736 2455 ἀκολούθου
1761 2427 1841 2462 θερα-

1058 2478 1157 2505 πεύων.
1183 2477 1255 2513 Ἑρεῖ
1280 2476 1334 2510 γάρ
1350 2484 1401 2507 τις,
1416 2476 1445 2501 τὺ
1467 2476 1514 2510 μὲν
1530 2474 1668 2508 συγγενῶς
1683 2474 1754 2509 ἐχειν
1773 2473 1840 2508 πρὸς

1056 2525 1105 2558 τὴν
1118 2523 1205 2557 ψυχὴν
1219 2524 1246 2548 ὲν
1259 2521 1298 2555 τῷ
1310 2520 1396 2555 νοητῷ
1407 2529 1436 2546 τε
1451 2520 1498 2546 καὶ
1509 2519 1646 2554 ἀσωμάτῳ
1660 2519 1705 2546 τὸν
1715 2519 1840 2553 ἄγγελον,

1058 2569 1103 2595 καὶ
1114 2568 1143 2595 τὸ
1155 2567 1364 2602 προγενέστερον
1375 2567 1423 2601 τῆς
1433 2566 1570 2601 ἡμετέρας
1581 2566 1751 2600 κατασκευῆς
1761 2564 1840 2596 εἶναι,

1059 2615 1105 2640 καὶ
1125 2613 1156 2640 τὸ
1177 2612 1349 2639 συνίστασθαι
1365 2613 1421 2642 τοῖς
1439 2612 1506 2646 πρὸς
1519 2613 1581 2642 τοὺς
1595 2611 1757 2641 ἀντιπάλους
1773 2619 1842 2644 συμ-

1059 2659 1246 2694 πλεκομένοις,
1266 2658 1303 2693 μὴ
1326 2658 1527 2693 ἀμφιϐάλλειν-
1554 2658 1590 2693 μὴ
1618 2658 1666 2692 μέν
1689 2666 1730 2684 τοι
1753 2657 1841 2688 καλῶς

1059 2705 1140 2740 ἔχειν,
1155 2705 1195 2734 είς
1211 2704 1314 2730 ἐκείνου
1328 2703 1421 2736 τύπον,
1441 2703 1486 2730 τὸν
1511 2702 1616 2738 Ἀαρὼν
1634 2704 1715 2734 νοεῖν,
1731 2702 1776 2728 τὸν
1791 2701 1842 2736 τῆς

1060 2750 1280 2785 εὶδωλολατρείας
1307 2751 1364 2780 τοῖς
1395 2749 1574 2785 Ἰσραηλίταις
1604 2749 1842 2784 καθηγησάμενον.

1060 2798 1132 2833 Πρὸς
1147 2798 1177 2823 ὃν
1196 2797 1320 2833 ἐροῦμεν,
1336 2797 1382 2823 τὸν
1397 2796 1491 2830 εἱρμὸν
1506 2795 1683 2830 ὑπερϐάντες,
1701 2794 1786 2821 ταῦτά
1801 2802 1842 2824 τε,

1061 2843 1078 2869 δι
1092 2843 1254 2877 εἰρήκαμεν,
1270 2841 1311 2867 ὅτι
1322 2841 1352 2867 τὸ
1367 2841 1417 2872 ἔξω
1432 2840 1478 2866 τοῦ
1499 2840 1598 2866 σκοποῦ
1616 2839 1654 2875 μὴ
1670 2839 1759 2872 λόγοις
1779 2840 1844 2865 ἀνα-

1060 2888 1184 2924 τρεπέτω
1213 2887 1262 2923 τὴν
1294 2887 1322 2913 ἐν
1342 2888 1396 2919 τοῖς
1421 2886 1522 2917 λοιποῖς
1544 2885 1690 2921 ἁρμονίαν,
1716 2885 1780 2918 καὶ,
1803 2884 1844 2911 ὅτι
