1977 3071
100 187 147 216 341
767 197 809 224 DE
829 197 906 226 VITA
924 199 1061 228 MOYSIS.

1669 207 1726 235 352'

99 247 242 283 ὁμώνυμόν
255 257 281 276 τι
296 249 390 285 χρῆμα
411 251 458 278 καὶ
475 252 505 278 τό
520 252 565 279 τοῦ
584 254 697 288 ἀδελφοῦ
719 256 765 282 καὶ
786 257 816 282 τὸ
838 257 883 284 τοῦ

936 258 975 286 dit
985 260 1016 291 ",
1033 260 1168 294 quomodo
1191 268 1252 287 eum
1270 269 1318 296 pro
1335 261 1405 289 duce
1429 263 1537 297 pietatis
1553 265 1649 299 angelo
1667 273 1718 300 po-

99 297 213 331 ἀγγέλου
227 297 312 329 ἐστὶν,
336 298 400 330 ἴσως
418 300 460 333 ἐφ’
476 299 596 336 ἐκατέρῳ
615 302 670 328 τῶν
692 303 887 338 ἀντικειμένων

98 344 156 374 ταῖς
173 343 322 377 σημασίαις
339 345 570 381 ὲψαρμοζόμενον.
594 347 632 373 οὐ
645 348 699 383 γὰρ
715 349 746 383 δὴ
760 349 806 376 τοῦ
819 349 885 376 Θεοῦ

100 388 196 423 μόνον,
216 389 284 415 ἀλλὰ
304 390 352 416 καὶ
374 390 420 417 τοῦ
440 392 547 418 Σατανᾶ
566 393 679 427 ἄγγελος
704 394 865 430 ὀνομάζεται
879 405 885 411 -

96 434 144 460 tul.
165 435 195 461 οὐ
217 435 261 461 τὸν
282 436 399 470 χρηστὸν
421 437 511 470 μόνον,
527 438 594 465 ἀλλὰ
618 439 664 465 καὶ
689 440 735 467 τὸν
757 441 884 476 πονηρὸν,

77 479 211 514 ,αδιλῳὸν
242 480 388 516 καλοῦμεν.
406 481 484 509 Οὕτω
505 483 560 519 γάρ
581 492 662 518 φησιν
685 486 701 520 ἡ
718 486 824 522 Γραφὴ,
841 487 887 513 ἐπὶ

100 525 149 560 μὲν
165 526 218 552 τῶν
230 527 430 562 χρηστοτέρωψ
453 528 573 563 ’Λδελφοὶ
590 530 618 556 ὲν
636 531 767 565 ἀνάγκαις
787 533 885 568 χρήσι-

100 578 144 605 μοι
160 570 280 596 εστωσαν
290 579 296 585 ι
320 571 367 597 ἐπὶ
383 572 411 598 δὲ
426 571 479 599 τῶν
492 573 631 607 ἐναντίων,
647 575 687 602 ὄτι
705 576 762 608 Πᾶς
774 576 884 610 ἀδελφὸς

100 615 201 651 πτέρνῃ
218 618 348 651 πτερνιεῖ.
363 617 454 644 Ταῦτα
468 618 496 645 δὲ
510 620 543 654 τῇ
559 620 704 656 ἀκολουθίᾳ
717 622 885 657 παραθέντες

98 661 146 688 τοῦ
159 661 247 696 λόγου,
259 663 307 688 καὶ
317 663 366 699 τὴν
379 664 575 700 ἀκριϐεστέραν
591 666 654 702 περὶ
667 667 756 694 αὐτῶν
770 668 886 704 θεωρίαν

99 707 139 736 είς
153 706 198 733 τὸν
211 706 276 734 ῐδιον
290 707 468 743 ὑπερθέμενοι
485 710 577 742 τόπον,
597 711 645 737 νῦν
665 712 718 738 τῶν
736 714 884 748 προκειμέ-

99 761 151 790 νων
177 752 320 788 ἁψώμεθα.
350 754 378 780 '0
399 754 488 782 τοίνυν
503 756 598 783 ἑαυτόν
615 765 644 784 τε
668 758 708 793 τῷ
729 759 885 792 ὲπιφανέντι

99 799 168 832 φωτὶ
188 798 360 834 δυναμώσας,
383 800 429 826 καὶ
448 800 493 827 τὸν
507 801 626 828 τοιοῦτον
641 803 753 838 ἀδελφὺν
774 804 884 840 σύμμαμ

98 844 144 878 κόν
159 852 189 870 τε
206 845 252 871 καὶ
267 845 446 881 παραστάτην
461 847 639 882 κτησάμενος,
655 849 762 884 θαρσῶν
776 851 814 885 τῷ
829 851 885 885 λαῷ

98 891 160 922 τοὺς
177 890 246 926 ὑπὲρ
274 891 322 926 τῆς
345 891 474 926 ἀληθείας
495 894 628 928 προσάγει
645 895 748 929 λόγους,
769 897 815 922 καὶ
836 897 884 932 τῆς

99 937 236 971 πατρικῆς
249 937 387 971 εὐγενείας
402 938 616 974 ὑπομιμνήσκει,
631 941 678 967 καὶ
693 942 766 973 ὅπως
782 942 814 968 ἂν
832 943 884 975 ἔξω
902 931 922 957 Β

97 983 217 1015 γένοιντο
231 984 280 1019 τῆς
294 984 370 1019 παρὰ
385 984 430 1011 τὸν
446 985 529 1020 πηλὸν
546 987 592 1012 καὶ
605 986 653 1022 τὴν
667 987 776 1014 πλίνθον
790 989 868 1015 ταλαι

98 1030 213 1065 πωρίας,
238 1031 330 1057 δίδωσι
350 1031 472 1067 γνώμην.
500 1032 533 1059 Τί
557 1030 603 1059 οὖν
626 1035 699 1068 ἡμᾶς
717 1034 761 1061 διὰ
785 1035 884 1062 τούτων

99 1076 219 1103 παιδεύει
234 1077 250 1112 ἡ
266 1077 370 1113 ἱστορία
383 1086 390 1109 ;
416 1079 447 1104 τὸ
465 1078 531 1114 μηδὲ
547 1081 719 1114 κατατολμᾷν
741 1081 790 1114 τῆς
804 1079 832 1107 ἐν
846 1081 884 1116 τῷ

97 1120 154 1156 λαῷ
168 1121 269 1155 φωνῆς,
291 1122 335 1148 τὸν
358 1123 394 1157 μὴ
413 1123 456 1149 διὰ
475 1124 520 1158 τῆς
541 1125 665 1159 τοιαύτης
689 1126 799 1161 ἀγωγῆς
818 1127 885 1161 πρὸς

96 1166 145 1201 τὴν
158 1167 213 1193 τῶν
229 1167 333 1194 πολλῶν
349 1169 458 1202 ὁμιλίαν
472 1169 516 1195 τὸν
533 1170 610 1203 λόγον
627 1172 882 1205 παρασκευάσαντα.

101 1212 184 1246 Ὁρᾷς
198 1212 263 1248 γὰρ.
280 1213 317 1243 ὡς
334 1213 392 1244 νέος
406 1213 444 1239 ὢν
457 1213 506 1246 ἔτι,
524 1215 587 1249 πρὶν
605 1216 644 1245 εἰς
658 1216 784 1242 τοσοῦτον
801 1217 884 1252 αὐξη-

98 1256 176 1290 θῆναι
194 1259 225 1292 τῇ
240 1258 335 1293 ἀρετῇ,
353 1259 398 1285 ἐπὶ
419 1259 465 1285 δύο
481 1260 561 1286 τινῶν
578 1261 728 1296 ἀνθρώπων
748 1263 797 1289 οὐκ
811 1262 883 1295 ἀξιό-

97 1310 192 1334 πιστος
215 1303 344 1338 ἐνομίσθη
372 1304 523 1339 σύμϐουλος
547 1306 659 1341 εἰρήνης
683 1307 807 1340 γενέσθαι
829 1310 884 1340 τοῖς

97 1347 270 1380 στασιάζουσι
283 1358 289 1363 ’
314 1349 360 1375 νῦν
376 1350 403 1376 δὲ
418 1351 560 1382 τοσαύταις
577 1352 689 1386 μυριάσι
705 1354 774 1379 κατὰ
787 1354 884 1380 ταύτὸν

96 1393 259 1428 διαλέγεται,
285 1396 425 1431 μονονουχὶ
452 1396 557 1432 βοὼσης
581 1406 621 1424 σοι
645 1399 721 1425 τοῦτο
745 1400 792 1434 τῆς
815 1401 884 1426 ἱστο-

97 1440 169 1474 ρίας,
189 1441 226 1475 μὴ
243 1441 390 1476 ἐπιτολμᾷν
412 1443 441 1468 ὲν
454 1442 614 1478 διδασκαλίᾳ
630 1445 661 1478 τῇ
681 1445 816 1480 συμϐουλῇ
830 1446 884 1472 τῶν

96 1484 258 1515 ἀκουόντων,
273 1486 297 1511 εἰ
311 1486 348 1520 μὴ
362 1486 405 1512 διὰ
424 1487 549 1521 τοιαύτης
570 1489 615 1514 καὶ
639 1489 772 1524 τοσαύτης
786 1491 884 1525 ἐπιμε-

96 1530 171 1562 λείας
186 1531 202 1566 ή
215 1531 279 1567 περὶ
291 1531 386 1558 τούτου
401 1532 585 1568 κατορθωθείη
601 1543 643 1561 σοι
658 1535 781 1571 δύναμις,
805 1537 884 1564 Ἀλλὰ

97 1578 250 1613 γενομένων
268 1578 320 1604 τῶν
337 1580 526 1614 χρηστοτέρων
540 1580 641 1613 λόγων,
668 1582 714 1608 καὶ
735 1584 784 1617 τῆς
807 1583 882 1608 ἐλευ-

96 1623 190 1658 θερίας
211 1624 425 1659 ὑποδειχθείσης,
449 1625 494 1652 καὶ
510 1625 562 1651 τῶν
583 1627 735 1653 ἀκουόντων
752 1628 819 1663 πρὸς
834 1628 883 1663 τὴν

97 1668 244 1704 ιπιθυμίαν
271 1670 372 1705 ταύτην
399 1671 642 1706 ὲπιρρωσθέντων,
672 1672 848 1707 παροξύνεται
871 1675 885 1700 ό

98 1718 235 1752 πολέμιος,
254 1719 300 1745 καὶ¹
315 1719 443 1746 ἐπιτείνει
466 1718 515 1753 τὴν
532 1720 665 1755 ἀλγηδόνα
685 1722 741 1752 τοῖς
755 1722 884 1756 ὑπηκόοις

96 1764 144 1790 τοῦ
158 1764 247 1798 λόγου.
265 1765 332 1791 Οὐδὲ
347 1765 424 1791 τοῦτο
438 1765 489 1797 ἔξω
510 1765 563 1791 τῶν
586 1765 633 1792 νῦν
650 1767 799 1800 γινομένων
815 1768 882 1793 ἐστί.

127 1855 222 1882 Πολλοὶ
230 1855 284 1891 γὰρ
291 1856 344 1882 τῶν
353 1856 582 1891 παραδεξαμένων
590 1857 635 1882 τὸν
645 1857 827 1893 ὲλευϐερωτὴν
837 1859 883 1893 τῆς

95 1901 252 1936 τυραννίδος
266 1901 354 1935 λόγον,
378 1901 425 1927 καὶ
439 1901 644 1936 προστιθέμενοι
661 1902 700 1936 τῷ
717 1903 884 1938 κηρύγματι,

98 1947 178 1981 μέχρι
202 1946 250 1973 τοῦ
275 1947 322 1972 νῦν
341 1948 400 1977 ταῖς
415 1947 469 1972 τῶν
494 1947 653 1982 πειρασμῶν
674 1948 818 1982 προϐολαῖς
834 1949 885 1976 ὑπὸ

95 1992 144 2018 τοῦ
167 1992 355 2027 ἀντικειμένου
372 1991 589 2027 ὲπηρεάζονται·
617 1992 646 2025 ἐξ
669 1990 706 2019 ὧν
723 1993 814 2020 πολλοὶ
836 1995 885 2029 μὲν

95 2038 275 2073 δοκιμώτεροι
292 2038 338 2064 καὶ
354 2037 522 2073 βεὸαιότεροι
538 2039 602 2072 περὶ
624 2039 673 2073 τὴν
691 2039 782 2065 πίστιν
807 2040 883 2066 καθί-

97 2092 219 2114 στανται.
245 2085 278 2119 τῇ
296 2083 414 2119 προδολῇ
439 2083 493 2110 τῶν
515 2083 672 2110 ’λυπούντων
695 2085 883 2120 στομούμενοι.

97 2130 157 2156 Τῶν
181 2130 210 2156 δὲ
234 2129 433 2164 ἀσθενεστέρων
460 2130 531 2161 τινὲς
554 2130 601 2156 καὶ
624 2130 803 2163 ἑποκλάζουσι
830 2133 884 2162 τοῖς

96 2177 227 2208 τοιούτοις
251 2175 470 2211 συμπτώμασιν,
499 2176 627 2211 ἄντικρυς
658 2177 747 2203 ἐκεῖνα
771 2177 885 2212 φθεγγό-

97 2231 184 2258 μενοι,
203 2222 234 2249 et
251 2222 400 2248 λυσιτελεῖν
420 2221 511 2252 αὐτοῖς
534 2221 633 2256 μᾶλλον
653 2222 777 2257 ἀνηκόοις
796 2224 884 2257 μεῖναι

939 305 1020 332 sitmu
1038 306 1196 333 abbistoria
1213 307 1377 334 credendum
1401 308 1460 335 est?
1475 308 1531 336 lloc
1554 309 1638 345 igitur
1654 319 1720 346 prae-

938 352 1140 379 termittendum
1158 353 1249 381 forsan
1265 354 1327 385 erit,
1341 353 1363 380 si
1383 354 1497 381 omnino
1513 357 1717 385 accommodari

937 405 992 424 nou
1011 399 1116 432 possit:
1136 399 1260 433 quamvis
1277 399 1365 434 angeli
1383 407 1492 434 quoque
1512 409 1624 433 nomen,
1648 407 1676 429 ut
1693 407 1721 431 et

938 442 1030 470 fratris
1046 443 1078 469 ad
1097 447 1240 478 utramque
1259 448 1364 478 partem
1384 452 1399 471 a
1425 444 1569 480 Scriptura
1594 447 1716 481 positum

937 485 1109 515 inveniamus
1127 497 1134 520 ;
1154 495 1207 515 non
1228 489 1299 515 enim
1331 487 1376 515 Dei
1393 488 1492 522 solum,
1519 497 1613 516 verum
1637 491 1719 517 etiam

938 531 1046 560 Satana:
1059 533 1184 568 angelum
1193 533 1310 561 dicimus
1330 543 1336 561 :
1353 542 1403 561 nec
1425 535 1526 562 bonum
1540 539 1658 567 tantum,
1671 534 1720 562 sed

922 577 1016 605 Ietiam
1031 585 1156 612 pravum,
1173 578 1282 606 fratrem
1299 580 1483 608 nominamus.
1497 579 1608 608 Fratres
1633 581 1719 613 enim,

935 625 1022 659 inquit
1036 625 1177 660 Scriptura
1189 626 1222 657 ",
1235 626 1290 652 sint
1313 626 1340 652 in
1356 626 1567 653 necessitatibus
1591 625 1682 658 utiles,
1693 626 1720 654 iu

936 670 1073 698 meliorem
1087 671 1131 697 hic
1148 675 1253 705 partem
1280 670 1373 699 fratris
1391 678 1489 698 nomen
1518 671 1675 706 accipiens;
1692 671 1720 698 in

936 715 1054 750 pejorcm
1077 720 1166 743 autem
1191 716 1300 751 accipit,
1326 724 1387 743 eum
1407 716 1474 743 dicit
1491 724 1498 743 :
1515 715 1611 744 Omnis
1637 716 1721 744 frater

935 761 1063 788 calcaneo
1085 762 1271 796 supplantahit
1292 771 1299 789 :
1318 770 1412 789 verum
1429 762 1593 796 exquisitius
1614 763 1672 789 hinc
1692 763 1719 788 ill

936 807 995 834 loco
1012 815 1062 834 suo
1081 807 1328 835 considerabimus.
1363 807 1415 840 Qui
1444 811 1534 835 autem
1554 808 1658 835 visione
1678 807 1721 834 (Ιί-

936 853 1004 879 vina:
1021 853 1089 880 lucis
1105 853 1223 888 seipsnm
1239 853 1439 885 corroboravit,
1462 861 1494 880 ac
1514 854 1595 881 talem
1608 854 1719 881 fratrem

936 897 1049 933 adeptus
1075 899 1121 930 sit,
1147 899 1192 933 qui
1213 899 1264 926 sibi
1293 899 1390 927 adesse
1409 900 1436 926 in
1458 900 1587 934 periculis
1608 907 1662 926 non
1685 899 1720 926 ti-
1744 924 1753 929 χ

936 949 1018 975 meat,
1047 945 1070 971 is
1082 945 1138 979 jam
1163 945 1331 972 conﬁdenter
1355 946 1484 980 populum
1505 945 1671 980 alloquatur,
1693 950 1721 971 et

937 990 963 1017 in
980 991 1137 1017 memoriam
1154 997 1273 1025 puteum
1287 991 1437 1019 nobilitatis
1451 991 1581 1023 adducat,
1607 995 1720 1019 senten-

937 1036 1056 1072 tiamque
1071 1037 1156 1066 dicat.
1170 1037 1306 1071 quomodo
1323 1037 1416 1064 limum
1433 1044 1464 1064 ac
1480 1038 1580 1064 lateres
1596 1037 1721 1072 aliosque

935 1082 1048 1109 serviles
1062 1082 1168 1109 labores
1182 1081 1301 1116 ell'ugere
1317 1082 1426 1116 poterit.
1445 1081 1497 1109 Sed
1514 1082 1658 1117 diligenter
1671 1082 1719 1109 ad.

936 1127 1096 1154 vertendum
1125 1135 1184 1158 oro,
1208 1135 1244 1153 ne
1261 1135 1312 1154 nos
1335 1126 1430 1160 fugiat.
1454 1127 1526 1161 quod
1546 1128 1720 1161 apertissime

936 1173 1049 1200 historia
1067 1173 1124 1207 ipsa
1144 1172 1282 1207 praedicat.
1299 1171 1429 1199 Videmus
1448 1172 1522 1199 enim
1545 1172 1655 1207 Moysen
1671 1180 1726 1200 an-.

935 1223 978 1245 tea
999 1226 1080 1252 quam
1096 1218 1262 1253 perfectiore
1285 1225 1314 1245 se
1331 1218 1432 1244 virtute
1460 1217 1620 1249 ﬁrmaverit,
1649 1217 1720 1245 duos

936 1265 1006 1291 inter
1018 1272 1047 1291 se
1073 1264 1269 1291 contendentes
1301 1264 1425 1290 homines
1445 1264 1595 1291 conciliare
1619 1265 1719 1298 nequi-

935 1310 1007 1336 visse
1015 1309 1058 1342 “;
1076 1312 1167 1344 postea
1189 1316 1253 1336 vero
1273 1317 1335 1336 cum
1353 1309 1457 1343 sibiipsi
1474 1309 1554 1344 longo
1563 1313 1718 1344 temporum

935 1355 1024 1388 spatio
1041 1356 1187 1388 vacaverit,
1205 1363 1220 1382 a
1238 1354 1330 1382 multis
1347 1354 1488 1381 hominum
1502 1355 1625 1382 millibus
1642 1355 1721 1382 facile

936 1401 962 1428 in
978 1404 1160 1436 protectorem
1181 1401 1275 1436 recipi.
1296 1399 1391 1436 Magna
1409 1400 1493 1436 igitur
1514 1407 1580 1428 voce
1592 1399 1719 1435 Scriptu-

936 1453 971 1471 ra;
988 1446 1136 1472 auctoritas
1146 1445 1264 1472 clamare
1279 1444 1459 1475 videtur,non
1473 1444 1649 1472 iusiliendum
1659 1453 1721 1472 esse

935 1491 968 1518 ad
984 1490 1135 1520 docendam
1155 1490 1405 1526 instituendamque
1430 1489 1645 1522 multitudinem,
1667 1489 1720 1517 nisi

935 1537 1012 1572 prius
1034 1543 1130 1571 magna
1148 1535 1288 1571 diligentia
1311 1536 1472 1571 magnisque
1498 1535 1637 1562 laboribus
1661 1542 1720 1562 eam

937 1582 1021 1610 fueris
1045 1582 1235 1609 auctoritatem
1258 1582 1383 1616 adeptus,
1410 1587 1439 1608 ut
1466 1580 1606 1608 auditores
1632 1581 1721 1609 verbis

935 1629 990 1656 tuis
1002 1628 1082 1660 facile
1092 1629 1277 1663 acquiescant.
1290 1627 1358 1655 Cum
1369 1627 1451 1662 igitur
1459 1627 1623 1655 sententiam
1637 1627 1721 1663 Moysi

935 1675 1051 1710 populus
1062 1674 1278 1709 comprobasset,
1305 1673 1493 1708 libertatisque
1520 1674 1659 1701 desiderio
1674 1682 1720 1701 ex-

936 1720 1058 1752 arsisset,
1082 1719 1213 1746 incitatur
1235 1725 1300 1746 tunc
1326 1719 1424 1751 hostis.
1448 1723 1475 1746 et
1501 1719 1606 1753 majore
1627 1719 1722 1746 labore

936 1767 1024 1802 ipsum
1056 1765 1235 1800 comprimere
1259 1769 1384 1792 conatur.
1408 1764 1486 1797 Quod
1509 1772 1539 1792 re
1558 1765 1616 1799 ipsa
1641 1765 1721 1793 hodie

935 1819 1044 1847 quoque
1059 1811 1115 1838 fieri
1134 1810 1266 1838 videmus.

971 1857 1037 1883 Nam
1051 1857 1138 1886 multi,
1152 1863 1186 1882 ne
1199 1863 1295 1883 omnes
1308 1856 1408 1886 dicam,
1427 1864 1520 1884 eorttm
1543 1857 1590 1891 qui
1615 1865 1720 1884 sermo-

936 1910 996 1930 nem
1010 1902 1044 1929 de
1059 1901 1182 1928 libertate
1195 1905 1366 1935 recvperunt,
1379 1907 1410 1928 ac
1422 1902 1605 1936 prtedicationi
1631 1902 1720 1929 Evan-

935 1949 1027 1984 gelica'
1040 1952 1199 1983 paruerunt,
1216 1946 1250 1973 ad
1272 1947 1343 1973 hunc
1365 1954 1450 1982 usque
1470 1947 1541 1975 diem
1566 1955 1581 1974 a
1605 1952 1721 1984 tyranno

936 2001 967 2021 ac
982 1994 1060 2020 hoste
1073 1993 1183 2020 humani
1197 1993 1304 2027 generis
1323 1992 1416 2021 multis
1431 2000 1463 2020 ac
1483 1993 1610 2028 gravibus
1631 1999 1720 2021 tenta-

935 2040 1056 2067 tionibus
1070 2039 1296 2074 comprimuntur,
1313 2039 1413 2072 quibus
1433 2039 1512 2066 multi
1529 2040 1656 2067 meliores
1673 2040 1720 2066 ﬁr-

937 2087 1091 2120 mioresque
1105 2085 1131 2112 in
1142 2085 1194 2112 ﬁde
1203 2084 1266 2112 facti
1282 2089 1357 2115 sunt,
1368 2084 1551 2112 molestiarum
1565 2085 1722 2113 incursione

936 2138 1065 2167 tanquam
1089 2131 1147 2158 acie
1167 2131 1297 2166 chalybes
1316 2131 1447 2162 roborati,
1465 2131 1505 2157 vel
1524 2131 1648 2158 dolorum
1672 2132 1722 2158 im-

936 2183 999 2214 petu
1016 2177 1152 2205 obdurati.
1182 2175 1310 2203 Nonnulli
1333 2183 1398 2202 vero
1423 2176 1507 2211 (piget
1521 2176 1624 2210 dicere)
1646 2176 1721 2203 fran-

936 2228 1036 2260 guntur
1050 2222 1183 2254 adversis,
1200 2222 1383 2256 maluisseque
1403 2221 1498 2248 dicunt
1527 2229 1581 2248 non
1612 2222 1723 2250 audisse

95 2269 144 2296 τοῦ
159 2269 207 2303 τῆς
220 2268 376 2303 ἐλευθερίας
390 2267 578 2303 κηρύγματος,
589 2268 606 2303 ἢ
623 2269 678 2299 τοῖς
692 2268 831 2301 τοιούτοις,
842 2270 883 2296 διὰ

936 2270 1060 2299 veritatis
1079 2275 1105 2296 et
1121 2268 1255 2296 libertatis
1269 2275 1432 2300 sermonem,
1447 2275 1528 2302 quam
1546 2276 1577 2296 ea
1591 2268 1625 2297 de
1639 2277 1721 2297 causa

95 2315 147 2351 τὴν
169 2315 255 2342 αἰτίαν
276 2315 387 2350 ταύτην,
416 2313 615 2349 συνενεχθῆναι.
644 2313 677 2341 '0
700 2315 730 2350 δὴ
755 2316 801 2342 καὶ
824 2316 884 2342 τότε

99 2361 274 2394 συνέϐαινεν,
301 2361 352 2387 ὑπὸ
380 2360 561 2396 μικροψυχίας
584 2359 638 2386 τῶν
666 2361 839 2396 Ἰσραηλιτῶν
856 2364 884 2388 ὲν

96 2408 199 2439 αίτίαις
215 2407 381 2442 ποιουμένων
398 2407 461 2438 τοὺς
482 2406 530 2442 τὴν
550 2406 710 2442 ἀπαλλαγὴν
730 2407 821 2438 αὐτοῖς
836 2408 884 2442 τῆς

95 2453 217 2484 δουλείας
239 2452 468 2487 ἀπαγγείλαντας.
490 2452 559 2478 Ἀλλ’
577 2452 652 2478 οὐδὲν
678 2452 776 2487 μᾶλλον
790 2453 884 2488 ἀνήσει

95 2500 110 2526 ὁ
123 2498 203 2533 λόγος
219 2499 287 2534 πρὸς
304 2498 336 2525 τὸ
357 2498 438 2524 καλὸν
461 2498 655 2533 ἐφελκόμενος,
682 2497 732 2524 κᾶν
752 2498 883 2531 παιδικῶς

95 2543 272 2579 ἀποδειλιάσῃ
294 2543 362 2579 πρὸς
377 2542 427 2574 τὰς
441 2542 495 2569 τῶν
516 2543 676 2578 πειρασμῶν
693 2542 790 2578 ἀηθίας
809 2545 822 2570 ό
838 2545 885 2578 νή-

96 2598 159 2621 πιος
175 2590 216 2616 ἔτι
229 2590 278 2617 καὶ
297 2589 396 2625 ἀτελὴς
412 2589 463 2624 τὴν
476 2588 601 2619 διάνοιαν.
626 2589 670 2624 Τῷ
686 2589 735 2623 μὲν
749 2591 803 2624 γὰρ
821 2589 884 2624 βλα-

95 2634 186 2670 πτικῷ
210 2635 257 2662 καὶ
272 2634 426 2670 φθοροποιῷ
447 2634 553 2669 δαίμονι
577 2633 656 2660 τοῦτο
677 2634 746 2660 κατὰ
763 2634 817 2660 τῶν
839 2635 884 2661 ἀν-

96 2680 214 2716 θρώπων
228 2679 417 2712 ἐσπουδάζετο,
433 2679 464 2706 τὺ
480 2679 516 2714 μὴ
533 2680 572 2710 εἰς
588 2679 632 2705 τὸν
645 2680 757 2715 οὐρανὸν
775 2680 882 2715 βλέπειν

95 2726 127 2753 τιὸ
144 2725 310 2763 ὑποχείριον,
327 2725 394 2753 ἀλλά
408 2725 438 2752 τὸ
453 2726 493 2757 εις
508 2725 560 2760 γῆν
575 2725 698 2756 κύπτειν,
716 2726 763 2752 καὶ
778 2727 806 2752 ἑν
821 2727 880 2752 ἐαυ·

96 2773 135 2809 τῷ
146 2773 192 2800 τὸν
206 2773 290 2808 πηλὸν
307 2772 467 2799 πλινθεύειν.
490 2772 523 2798 Ὅ
536 2780 562 2798 τι
577 2771 630 2806 γὰρ
643 2772 674 2798 ἂν
723 2773 771 2806 τῆς
789 2772 883 2807 ὑλικῆς

96 2818 281 2851 ἀπολαύσεως,
308 2819 340 2845 ὲκ
354 2819 405 2852 γῆς
430 2818 487 2845 ἐστι
504 2818 612 2848 πάντως
636 2817 650 2851 ἧ
677 2818 780 2848 ὓδατος,
803 2819 882 2844 παντί

936 2323 991 2345 tam
1008 2316 1098 2342 multis
1115 2313 1254 2341 laboribus
1278 2314 1416 2341 incidisse.
1438 2314 1556 2350 ldipsum
1577 2319 1634 2342 tum
1656 2324 1722 2350 quo-

937 2371 989 2399 que
1005 2362 1085 2389 ﬁebat
1099 2360 1218 2388 llebmis
1231 2367 1263 2387 ex
1279 2360 1513 2395 pusillanlmitate,
1527 2360 1659 2389 libertatis
1673 2362 1722 2388 mi-

939 2410 1040 2437 nistros
1057 2406 1261 2438 accusantibus,
1279 2405 1326 2433 sed
1343 2413 1396 2433 non
1415 2407 1534 2435 cessabit
1547 2407 1608 2434 ideo
1623 2409 1722 2443 praedi-

938 2456 1008 2483 catio
1037 2453 1069 2480 ad
1102 2453 1254 2480 libertatem
1283 2456 1309 2479 et
1333 2453 1473 2480 veritatem
1506 2461 1557 2481 nos
1580 2461 1722 2486 revocans,

937 2500 1044 2528 etiamsi
1057 2499 1145 2531 multi,
1161 2497 1239 2533 quasi
1255 2498 1330 2532 pueri
1347 2502 1429 2533 atque
1443 2498 1573 2530 infantes,
1596 2500 1723 2527 Ientatio~

937 2554 986 2573 nes
1000 2546 1202 2581 pertimescant.
1220 2543 1366 2579 Tyrannus
1383 2545 1455 2571 enim
1474 2552 1506 2571 ac
1527 2544 1614 2573 hostis
1630 2550 1723 2574 uoster

937 2592 1061 2618 humana:
1076 2593 1181 2617 natura;
1195 2589 1358 2624 depravator
1380 2597 1487 2625 semper
1506 2590 1608 2624 studet,
1633 2599 1668 2619 ne
1689 2592 1722 2618 ad

936 2637 1035 2664 ctelum
1058 2636 1152 2663 oculos
1172 2635 1278 2662 elevare
1305 2635 1457 2669 pessimus,
1484 2635 1530 2663 sed
1565 2636 1592 2663 in
1622 2640 1721 2663 terram

937 2684 1067 2710 continuo
1081 2682 1214 2714 inclinati,
1231 2682 1330 2709 lateres
1346 2681 1373 2708 in
1394 2689 1425 2708 ea
1448 2689 1480 2709 ex
1497 2683 1554 2709 luto
1579 2682 1720 2710 faciamus.

937 2728 1003 2756 Nam
1020 2728 1150 2763 quidquid
1167 2728 1194 2755 in
1208 2728 1259 2755 hac
1271 2727 1324 2754 rita
1341 2727 1488 2759 invenitur,
1503 2736 1557 2762 quo
1579 2728 1640 2762 quis
1664 2736 1721 2754 ma-

937 2774 1067 2800 terialiter
1079 2780 1112 2800 ac
1125 2772 1288 2800 sensualiter
1301 2771 1417 2803 fruatur,
1440 2771 1464 2798 id
1476 2776 1522 2798 aut
1534 2780 1567 2798 ex
1578 2777 1651 2799 terra
1668 2777 1721 2803 cst,

939 2823 984 2845 aut
999 2826 1031 2846 ex
1045 2825 1124 2853 aqua,
1141 2817 1198 2845 sive
1211 2817 1243 2844 ad
1256 2821 1387 2849 ventrem,
1411 2817 1467 2844 sive
1478 2816 1511 2842 ad
1528 2817 1638 2845 divitias
1663 2825 1724 2853 per-

137 2910 162 2927 “
177 2909 262 2938 Exod.
279 2919 365 2946 χχχιι,
385 2913 396 2941 1
419 2920 479 2948 sqq.
518 2912 540 2928 "
554 2911 655 2939 Jcretn.
674 2911 740 2943 tx,4.
781 2912 802 2926 ιε’
816 2911 899 2938 Exod.
918 2919 946 2945 ιι,
962 2911 1003 2938 l5.
