1977 3071
254 189 304 216 545

841 194 869 222 S.
892 194 1052 223 GREGORII
1073 195 1218 224 NYSSENI

1817 201 1871 229 ΞΗ

251 250 350 275 tinens.
365 248 466 276 llorum
483 254 572 277 autem
594 250 790 278 elementorum
811 253 927 280 mistura
950 253 1032 280 lutum

1088 263 1138 280 που
1155 255 1232 289 δῆλον
1245 264 1251 271 ·
1279 256 1311 290 ἦν
1325 257 1354 282 τὲ
1369 265 1394 282 τι
1413 256 1468 283 τῶν
1493 257 1556 292 περὶ
1575 257 1694 292 γαστέρα
1717 257 1764 284 καὶ
1780 258 1873 294 θοίνην

252 297 290 327 tit,
304 304 359 330 quo
375 296 480 330 repleti,
496 297 542 331 qui
560 297 593 324 ad
609 298 710 325 lutosas
725 298 773 326 has
785 299 893 326 inhiant
907 299 1033 333 volupta-

250 346 301 373 tes,
314 350 453 375 nunquam
466 349 495 369 se
510 343 604 377 plenos
615 343 733 370 retinere
748 347 873 378 possunt,
883 344 929 371 scd
941 351 1038 379 quam-

250 387 290 414 vis
320 395 428 422 semper
463 396 491 415 se
525 389 671 424 impleant.
709 398 815 423 semper
848 395 937 417 tamen
960 390 1037 416 vacui

249 439 322 459 sint.
335 433 402 459 Nam
418 433 646 467 quemadmodum
671 435 787 462 laterum
806 436 883 462 lictor
905 436 978 462 aliud
996 439 1038 462 at-

250 485 302 512 que
314 479 388 505 aliud
402 479 487 505 lutum
508 479 602 507 l'ormzc
618 488 671 515 qua
689 481 788 508 lateres
814 481 921 516 ﬁgurat,
948 481 1037 515 impo-

250 523 298 553 nit,
317 523 384 550 adeo
400 528 429 550 ut
444 524 530 551 forma
551 525 629 559 plena
653 533 759 560 semper
774 530 801 552 et
820 534 905 552 vacua
930 533 1036 560 semper

250 570 298 596 luti
312 570 366 597 dici
381 571 482 604 possit,
503 571 632 605 quoniam
655 579 717 598 cum
737 571 789 598 hoc
806 573 938 607 receperit
954 577 1036 608 atque

250 615 420 646 lormaverit,
438 616 530 643 nullus
548 617 666 651 amplius
684 625 751 644 usus
764 617 851 651 ipsius
864 617 897 644 ad
912 618 963 646 hoc
982 625 1034 651 est,

249 660 295 687 sed
312 661 344 687 ad
358 661 430 687 aliud
440 662 472 687 ad
487 662 559 696 quod
571 670 656 688 vacua
668 668 709 690 est
721 672 727 689 :
738 663 779 690 sic
791 664 934 698 appetendi
948 665 1000 697 vis,
1012 665 1035 692 si

249 707 310 740 quis
323 714 383 734 eam
400 707 442 734 his
458 709 573 735 terrenis
585 708 782 742 cupiditatibus
795 709 901 744 replere
914 710 1034 748 studeat,

249 758 274 780 et
292 754 313 780 si
330 754 402 788 quod
420 754 446 780 in
461 754 521 781 dies
536 755 617 789 capit,
634 759 814 789 assequatur,
835 764 922 790 eoque
943 764 972 784 se
991 765 1035 784 re-

249 801 331 834 pleat,
345 807 430 826 vacua
444 804 533 826 tamen
551 807 658 834 semper
671 805 722 832 est,
734 808 795 827 cum
810 809 841 828 ea
855 809 915 836 qum
928 802 1033 833 habuit,

249 849 369 880 respuat,
384 846 448 872 etin
464 845 537 872 aliud
561 850 643 880 atque
667 845 740 872 aliud
769 847 899 873 continue
919 847 1034 879 feratur,

248 899 298 918 nec
317 891 379 918 linis
388 891 534 918 miserrimi
550 891 656 918 ardoris
668 892 849 926 cupiditatum
862 899 923 920 esse
933 896 1031 927 potest,

248 937 301 964 nisi
319 937 382 971 quis
402 937 540 964 carnalem
552 937 635 964 vitam
652 937 774 972 repellat.
789 937 875 964 Palem
885 945 950 965 vero
962 945 1031 972 quas

248 984 380 1010 lateribus
408 983 561 1011 imn‘aisccre
584 987 721 1018 coguntur
743 982 844 1018 ",jam
867 992 881 1009 a
900 984 1031 1011 sacratis-

247 1030 318 1056 simo
331 1029 477 1064 Evangelio
490 1033 516 1056 et
529 1028 621 1056 divina
636 1029 758 1063 Apostoli
771 1030 835 1056 tuba
854 1029 921 1064 quid
945 1030 1030 1065 signi-

250 1077 342 1105 εἰς-ειη.
365 1076 518 1110 expositum
546 1080 598 1102 est.
624 1075 764 1102 Materiam
785 1075 858 1103 enim
886 1075 957 1110 ignis
984 1083 1032 1110 per

247 1121 354 1148 Culmos
371 1124 397 1146 ct
411 1120 503 1154 paleas
525 1121 632 1148 ostendi
658 1121 822 1148 conﬁrmant
848 1121 940 1156 (quam
970 1122 1032 1156 qui-

246 1167 307 1193 drm
325 1166 468 1193 materiam
481 1166 552 1200 ignis
569 1167 592 1193 is
614 1166 664 1194 sibi
682 1170 826 1201 prmparat,
852 1167 899 1201 qui
915 1167 1033 1193 terrenis

245 1211 372 1237 obruitur
387 1210 596 1244 voluptatibus).
615 1209 714 1237 Verum
732 1211 842 1245 quando
857 1211 958 1245 aliquis
984 1219 1032 1238 eo-

247 1264 317 1286 rum,
333 1255 378 1290 qui
397 1255 508 1283 virtutis
521 1257 678 1290 praestantia
691 1256 840 1287 excellunt,
859 1264 874 1282 a
896 1257 1032 1284 servitute

246 1301 279 1328 ad
295 1301 448 1328 libertatem
473 1301 631 1328 submersos
655 1302 682 1328 in
696 1301 769 1328 vitiis
795 1302 919 1329 homines
935 1302 1031 1328 vendi-

246 1354 310 1373 care
323 1350 448 1375 conatur.
468 1350 532 1373 tunc
547 1346 725 1377 cavillatoris,
735 1347 781 1380 qui
794 1347 887 1376 variis,
907 1351 937 1374 ut
955 1346 1029 1382 Apo-

247 1393 334 1419 stolus
347 1392 385 1418 ait
401 1392 434 1424 ’⁸,
459 1391 592 1419 adversus
614 1392 719 1421 animas
739 1396 848 1419 nostras
865 1392 950 1419 utitur
968 1393 1032 1419 insi-

245 1437 316 1465 diis.
345 1441 441 1463 contra
469 1436 588 1463 divinam
618 1436 818 1464 institutionem
843 1438 1031 1466 cavillationes

247 1481 434 1509 fraudulentas
451 1481 563 1508 inducit.
576 1481 639 1508 llaec
655 1482 717 1509 dico
736 1482 770 1509 ad
785 1483 927 1518 [Egyptios
938 1483 1033 1511 draco«

246 1535 295 1554 ιιι-ε
311 1527 472 1561 respiciens,
499 1528 546 1562 qui
560 1529 651 1555 varias
668 1528 778 1556 fraudes
798 1530 866 1557 artis
888 1529 1031 1558 diabolica:

1091 301 1330 336 σπουδαζομένων,
1358 303 1390 338 ῆν
1416 311 1445 329 τε
1470 303 1516 329 καὶ
1540 304 1590 330 ὅσα
1612 303 1676 337 περὶ
1698 303 1743 329 τὸν
1759 303 1872 331 πλοῦτον

1088 345 1193 380 ὁρᾶται.
1226 347 1257 372 'H
1272 347 1301 373 δὲ
1323 348 1377 373 τῶν
1403 348 1540 383 στοιχείων
1561 348 1662 374 τούτων
1689 348 1761 383 μίξις
1787 350 1872 384 πηλὸς

1088 390 1191 424 γίνεται
1205 392 1252 418 καὶ
1270 393 1430 427 ὀνομάζεται
1449 401 1455 408 ·
1481 391 1510 420 οὗ
1534 393 1698 428 πληροῦντες
1720 394 1832 425 ἑαυτοὺς
1848 396 1872 421 οἱ

1088 435 1156 469 πρὸς
1169 436 1219 467 τὰς
1238 436 1368 471 πηλώδεις
1385 437 1480 472 ἡδονὰς
1504 438 1658 472 κεχηνότες,
1675 437 1800 464 οὐδέποτε
1823 439 1873 474 τὴν

1086 480 1212 516 δεκτικὴν
1238 481 1291 508 τῶν
1317 483 1417 517 ἡδονῶν
1449 483 1620 518 εὐρυχωρίαν
1645 483 1735 518 πλήρη
1764 484 1870 517 φυλάσ-

1087 533 1187 552 σουσιντ
1198 526 1265 554 ἀλλὰ
1271 527 1348 554 τδάεὶ
1354 525 1540 563 πληρούμενον
1545 528 1649 561 γίνεται
1655 528 1735 555 πάλιν
1742 530 1820 557 κενὸν
1832 530 1871 566 τῷ

1086 571 1248 606 ἐπιρρέοντι.
1275 571 1352 598 Οὕτω
1365 571 1419 607 γὰρ
1435 572 1449 597 ό
1470 572 1655 607 πλινθουργῶν
1678 573 1770 600 ἄλλοτε
1788 575 1871 610 ἄλλην

1087 616 1192 651 βλέπων
1207 616 1334 648 διάθεσιν,
1349 617 1465 648 εὐκόλως
1485 616 1517 643 ἂν
1536 619 1630 651 νοήσαι
1646 617 1675 644 τὺ
1691 618 1814 654 αἴνιγμα.
1840 619 1871 646 'G

1086 663 1140 698 γὰρ
1163 662 1308 698 πληρώσας
1330 663 1425 689 ἑαυτοῦ
1447 663 1496 698 τὴν
1523 663 1670 699 ἐπιθυμίαν
1700 665 1728 690 ἓν
1754 674 1808 691 τινι
1832 662 1870 692 ὧν

1085 708 1261 740 ἐσπούδασεν,
1279 709 1303 734 ει
1326 709 1393 743 πρὸς
1417 709 1510 743 ἕτερόν
1523 717 1549 735 τι
1563 711 1596 744 τῇ
1621 710 1753 746 ἐπιθυμίᾳ
1767 711 1870 746 ῥέψειε,

1086 754 1162 785 κενὸς
1184 753 1252 789 πρὸς
1275 754 1362 780 ἐκεῖνο
1389 754 1469 780 πάλιν
1486 755 1660 789 εὑρίσκεται·
1689 755 1740 782 κᾶν
1758 756 1869 790 γένηται

1085 799 1171 834 τούτῳ
1194 799 1311 835 πλήρης,
1333 798 1372 834 τῷ
1391 799 1477 834 ἑτέρῳ
1491 798 1573 825 πάλιν
1589 799 1666 830 κενός
1683 808 1711 826 τε
1726 800 1772 826 καὶ
1788 800 1869 835 εὐρύς

1085 853 1172 880 χωρος
1185 845 1298 879 γίνεται.
1317 843 1369 870 Καὶ
1389 844 1467 870 τοῦτο
1489 844 1520 870 οὑ
1536 844 1651 870 παύεται
1668 845 1711 870 διὰ
1725 845 1825 876 παντὸς
1840 846 1870 872 ἐν

1085 891 1149 926 ἡμῖν
1167 890 1371 927 ὲνεργούμενον,
1385 889 1437 921 ἕως
1454 889 1486 916 ἂν
1507 897 1548 920 τις
1570 889 1711 921 ὑπεξέλθοι
1732 889 1778 916 τοῦ
1801 890 1870 916 ὑλώ-

1082 936 1143 968 δους
1164 937 1231 971 βίου.
1255 936 1285 962 Ἦ
1298 936 1326 962 δὲ
1344 935 1463 970 καλάμη,
1481 936 1527 962 καὶ
1544 935 1572 965 τὴ
1595 936 1628 961 ὲκ
1642 935 1743 970 ταύτης
1758 936 1868 972 ἄχυρον,

1081 983 1095 1009 ὃ
1108 982 1301 1017 καταμιγνύειν
1317 983 1348 1017 τῇ
1364 981 1465 1016 πλίνθῳ
1479 982 1715 1016 καταναγκάξεται
1727 983 1741 1008 ὁ
1753 984 1808 1014 τοῖς
1823 991 1870 1009 tu-

1083 1029 1216 1063 ραννικοὶς
1229 1027 1372 1054 ὑπακούων
1383 1027 1574 1062 προστάγμασι
1583 1035 1591 1043 ο
1612 1027 1689 1062 παρά
1698 1036 1727 1053 τε
1737 1027 1784 1054 τοῦ
1797 1027 1867 1055 θείου

1083 1073 1256 1108 Εὐαγγελίου,
1280 1074 1327 1099 καὶ
1349 1072 1424 1109 παρὰ
1440 1073 1490 1108 τῆς
1512 1073 1616 1108 ὑψηλῆς
1638 1073 1684 1099 τοῦ
1707 1073 1868 1099 Ἀποστολου

1083 1119 1185 1153 φωνῆς,
1198 1118 1358 1152 ἀμφοτέρων
1373 1117 1473 1152 ὁμοίως
1489 1118 1577 1152 πυρὸς
1589 1117 1665 1152 ὕλην,
1678 1118 1708 1144 τό
1722 1127 1752 1144 τε
1769 1117 1870 1153 ἄχυρον

1083 1165 1130 1191 καὶ
1146 1164 1194 1198 τὴν
1212 1162 1337 1198 καλάμην
1353 1163 1588 1198 ἐρμηνευσάντων.
1615 1163 1699 1189 Ὅταν
1720 1163 1808 1189 τοίνυν
1826 1172 1869 1194 τις

1081 1210 1136 1236 τῶν
1160 1211 1189 1236 ὲν
1212 1210 1295 1243 ἀρετῇ
1318 1208 1497 1243 προεχόντων,
1519 1208 1645 1242 ἀποσπᾷν
1660 1208 1739 1243 ἐθέλῃ
1753 1209 1815 1240 τοὺς
1834 1210 1868 1244 τῇ

1081 1255 1172 1289 ἀπάτῃ
1197 1253 1409 1288 δεδουλωμένους
1431 1254 1472 1284 εἰς
1495 1253 1551 1288 βίον
1579 1253 1760 1288 ὲμφιλόσοφόν
1774 1261 1804 1279 τε
1821 1253 1869 1279 καὶ

1082 1300 1222 1335 ἐλεύθερον
1239 1307 1245 1314 ·
1271 1297 1340 1325 οἶδεν
1363 1300 1377 1325 ὁ
1393 1301 1452 1330 ταῖς
1468 1299 1603 1330 ποικίλαις
1615 1318 1622 1330 ,
1647 1299 1737 1330 καθώς
1760 1307 1842 1334 φησιν
1854 1300 1868 1326 ὁ

1088 1345 1256 1376 ’Δπόστιιλος,
1278 1344 1428 1380 μεθοδείαις
1443 1344 1512 1370 κατὰ
1525 1345 1578 1383 τῶν
1593 1344 1686 1380 ψυχῶν
1702 1345 1779 1380 ἡμῶν
1793 1353 1869 1378 σοφι-

1083 1392 1194 1422 στεύων,
1211 1391 1442 1426 ἀντιπαραγαγείν
1463 1390 1502 1425 τῷ
1517 1390 1582 1426 θείῳ
1594 1391 1668 1425 νόμῳ
1686 1390 1719 1416 τὰ
1732 1391 1780 1425 τῆς
1796 1389 1868 1417 ἀπά-

1081 1446 1131 1472 της
1153 1428 1314 1471 σοφίσματα.
1340 1436 1433 1463 Ταῦτα
1453 1436 1482 1462 δὲ
1497 1436 1582 1470 λέγω,
1610 1435 1677 1470 πρὸς
1701 1435 1764 1466 τοὺς
1786 1436 1869 1469 Αἰγυ-

1082 1483 1175 1514 πτίους
1194 1483 1341 1516 δράκοντας
1357 1482 1462 1517 βλέπων
1481 1481 1615 1516 τῷλόγῳ,
1631 1481 1704 1507 τοῦτ’
1717 1481 1784 1513 ἐστι,
1800 1481 1869 1516 πρὸς

1081 1529 1130 1561 τὰς
1145 1529 1269 1560 ποικίλας
1283 1529 1333 1563 τῆς
1353 1529 1462 1563 ἀπάτης
1481 1527 1586 1559 κακίας,
1604 1524 1641 1554 ὧν
1656 1527 1700 1553 τὸν
1714 1526 1868 1561 ἀφανισμὸν

246 1573 280 1600 ad
309 1574 455 1608 perniciem
489 1573 628 1600 hominum
655 1575 824 1609 excogitatas
849 1575 1005 1610 signiﬁcant
1021 1596 1028 1608 ,

1084 1575 1158 1610 ἢτοῦ
1184 1575 1306 1606 Μωσέως
1321 1574 1417 1610 ῥάϐδος
1434 1573 1589 1610 ἐργάζεται,
1612 1573 1676 1608 περὶ
1698 1571 1731 1608 ἦς
1751 1572 1868 1607 μετρίως

245 1627 316 1653 quas
333 1619 408 1653 virga
424 1618 509 1654 Moysi
525 1619 642 1646 destruit
667 1624 749 1653 atque
769 1621 908 1647 consumit
929 1622 1031 1655 (incar-

239 1665 322 1703 ttulit)
341 1665 468 1691 videlicet
480 1663 584 1699 Verbi),
604 1665 685 1691 sicuti
701 1664 757 1699 jam
777 1665 968 1698 diximus.Qui
984 1675 1032 1693 au-

247 1715 300 1737 tein
330 1711 400 1736 hanc
420 1710 529 1737 virtutis
554 1710 597 1744 (ac
615 1710 687 1745 ﬁdei)
717 1711 821 1746 virgam
847 1712 938 1743 habet,
970 1720 1031 1747 qua:

256 1757 327 1787 (cum
347 1755 422 1790 virga
436 1755 611 1790 veritatissit)
638 1756 740 1783 diaboli
764 1756 950 1785 fraudulentas
976 1759 1030 1785 vir-

246 1810 294 1835 gas
320 1801 467 1832 consumit,
484 1802 527 1828 via
548 1806 622 1828 recta
647 1807 847 1837 consequenter
869 1803 901 1830 ad
927 1803 1030 1838 majora

247 1846 368 1880 procvdit
382 1845 513 1873 miracula
531 1856 536 1872 ε
561 1854 620 1881 quae
637 1846 745 1881 quidem
764 1847 906 1880 miracula,
927 1855 981 1875 non
1001 1852 1031 1875 ut

246 1894 367 1917 terreant
395 1890 552 1922 audientes,
583 1891 630 1918 sed
659 1895 689 1917 ut
710 1891 815 1926 prosint
845 1892 1030 1925 credentibus,

248 1937 325 1963 liunt.
347 1935 414 1962 Nam
435 1936 537 1964 eisdem
561 1937 701 1964 miraculis
723 1937 816 1964 hostes
841 1942 1033 1973 expugnantur

247 1981 353 2015 (ﬁdeles
375 1981 547 2014 muniuntur,
574 1980 740 2015 dejicinntur
763 1981 862 2013 alieni,
889 1982 1032 2017 eriguntur

247 2027 335 2053 nostri
351 2035 357 2053 :
376 2026 415 2052 illi
429 2025 734 2060 communiuutur).nos
743 2034 886 2061 augemttr.
905 2027 958 2055 Sed
974 2029 1030 2063 pri-

249 2077 322 2096 mum
334 2068 497 2103 generaliter
507 2069 571 2104 quid
584 2068 641 2096 hac
652 2070 784 2097 miracula
801 2071 954 2104 intendant,
967 2081 1032 2107 quo—

248 2114 382 2149 modoque
391 2115 467 2146 ﬁant,
482 2115 706 2150 perstringamus,
721 2115 818 2144 deinde
833 2116 911 2145 facile
925 2119 1030 2153 singula

247 2160 462 2195 speculabimur.

283 2205 412 2233 Veritatis
425 2206 507 2242 igitur
522 2206 579 2233 haec
601 2213 707 2234 summa
726 2207 849 2234 doctrina
864 2208 897 2235 ad
913 2209 1031 2244 disposi-

1080 1622 1130 1657 ἤδη
1147 1621 1181 1648 τὰ
1196 1621 1289 1648 εἰκότα
1311 1620 1530 1656 προτεθεώρηται
1565 1617 1650 1649 Οὗτος
1672 1619 1771 1650 τοίνυν,
1791 1619 1805 1644 ὀ
1818 1618 1868 1653 τὴν

1080 1668 1184 1703 ἄμαχον
1199 1668 1306 1702 ἐκείνην
1329 1666 1498 1702 κεκτημένος
1517 1667 1565 1701 τῆς
1580 1666 1679 1700 ἀρετῆς
1694 1665 1802 1700 ρἁδον,
1817 1665 1868 1700 τὴν

1078 1713 1128 1745 τὰς
1147 1713 1343 1749 σεσοφισμένας
1365 1713 1577 1747 ὲξαφανίζουσαν
1599 1711 1723 1746 ῥάϐδους,
1746 1711 1799 1746 όδῷ
1814 1719 1868 1737 τινι

1083 1759 1130 1785 καὶ⁸
1143 1759 1286 1794 ἀκολουθίᾳ
1298 1759 1365 1794 πρὸς
1378 1758 1413 1784 τὰ
1428 1758 1512 1792 μείζω
1526 1758 1632 1793 πρόεισι
1646 1757 1700 1783 τῶν
1711 1757 1867 1792 θαυμάτων.

1089 1804 1120 1831 'H
1143 1804 1171 1830 δὲ
1195 1803 1394 1839 θαυματοποιῖα
1418 1804 1447 1830 οὑ
1472 1803 1510 1838 τῷ
1532 1802 1625 1838 σκοπῷ
1641 1803 1689 1838 τῆς
1713 1802 1869 1837 ἐκπλήξεως

1083 1849 1140 1876 τῶν
1164 1849 1379 1884 ἐντυγχανόντων
1391 1848 1504 1883 γίνεται,
1525 1848 1592 1874 ἀλλὰ
1610 1848 1678 1883 πρὸς
1691 1847 1721 1874 τὸ
1735 1849 1869 1882 χρήσιμον

1083 1893 1136 1920 τῶν
1153 1893 1311 1928 σωζομένων
1333 1893 1434 1928 βλέπει.
1458 1893 1520 1925 Τοῖς
1533 1892 1587 1928 γὰρ
1602 1893 1692 1923 αὐτοῖς
1706 1893 1754 1926 τῆς
1768 1891 1869 1927 ἀρετῆς

1084 1939 1204 1974 θαύμασι
1219 1939 1389 1974 καθαιρεῖται
1406 1939 1454 1973 μὲν
1475 1938 1506 1964 τὺ
1519 1938 1655 1973 πολέμιον,
1671 1936 1782 1969 αὔξεται
1795 1936 1822 1962 δὲ
1838 1936 1870 1963 τὸ

1083 1984 1227 2020 ὁμόφυλον.
1254 1984 1364 2020 Πρῶτον
1387 1983 1415 2010 δὲ
1437 1983 1617 2017 γενικώτατον
1632 1982 1685 2008 τῶν
1706 1982 1752 2008 ἐπὶ
1769 1981 1870 2016 μέρους

1084 2029 1240 2064 θαυμάτων,
1253 2028 1299 2055 τὸν
1315 2028 1386 2054 κατὰ
1401 2028 1450 2062 τὴν
1463 2027 1574 2063 ἀγωγὴν
1589 2027 1793 2062 καταμάθωμεν
1806 2035 1870 2053 σκο-

1086 2075 1135 2102 πόν
1153 2083 1159 2089 ·
1187 2073 1238 2101 εἷθ’
1258 2073 1344 2105 οὕτως
1360 2073 1471 2100 δυνατὸν
1488 2074 1520 2100 ἂν
1536 2073 1641 2107 γένοιτο
1655 2073 1730 2108 ἡμῖν,
1749 2073 1797 2099 καὶ
1813 2073 1870 2103 τοῖς

1086 2121 1145 2148 καθ’
1160 2121 1273 2147 ἕκαστον
1288 2120 1441 2155 ἐφαρμόσαι
1453 2119 1483 2146 τὸ
1497 2119 1595 2154 νόημα.

1125 2167 1156 2193 Ἡ
1182 2166 1236 2201 γὰρ
1261 2164 1421 2192 διδασκαλία
1441 2165 1489 2199 τῆς
1503 2164 1630 2203 ἀληθείας
1655 2163 1722 2200 πρὸς
1744 2163 1792 2194 τὰς
1812 2163 1870 2190 δια-

1084 2213 1172 2243 θέσεις
1201 2211 1255 2237 τῶν
1285 2210 1435 2245 δεχομένων
1461 2211 1507 2236 τὸν
1536 2210 1616 2244 λόγον
1645 2209 1870 2244 συμμεταϐάλλε-

248 2252 336 2279 tiones
349 2252 501 2284 hominum,
515 2252 561 2286 qui
579 2251 636 2286 jam
648 2253 773 2287 audiunt,
783 2255 945 2282 commutari
959 2256 1031 2283 vide-

1084 2267 1138 2285 ται.
1166 2257 1279 2292 Ἑπίσης
1301 2257 1355 2292 γὰρ
1381 2257 1447 2283 πᾶσι
1467 2256 1513 2282 τοῦ
1531 2256 1610 2290 λόγου
1634 2256 1664 2282 τὸ
1689 2255 1772 2282 κακὸν
1796 2255 1812 2289 ἢ
1840 2255 1872 2281 τὸ

248 2302 315 2324 tur:
334 2305 395 2324 nam
416 2305 478 2324 cum
502 2298 642 2333 aequaliter
661 2298 788 2325 omnibus
809 2300 875 2334 quid
902 2305 1032 2336 appeten-

247 2343 312 2370 dum
323 2347 350 2370 et
369 2344 434 2378 quid
449 2343 607 2379 fugiendum
624 2343 670 2374 sit,
685 2343 801 2378 benigne
811 2345 947 2380 ostendat,
964 2347 988 2375 is
1005 2348 1032 2375 in

249 2389 309 2415 lace
320 2389 451 2421 ambulat,
468 2393 639 2424 mentemque
663 2390 841 2417 illuminatam
866 2391 958 2424 habet.
986 2394 1031 2429 qui

249 2434 385 2462 auscultat
399 2440 426 2462 et
440 2439 534 2469 paret;
551 2435 598 2470 qui
612 2442 676 2463 vero
688 2436 791 2464 resistit
806 2440 832 2464 ct
845 2438 968 2465 veritatis
988 2446 1032 2464 ra-

248 2480 309 2508 dios
325 2479 357 2507 ad
374 2480 492 2507 animam
511 2488 588 2508 suam
611 2489 665 2508 non
680 2481 846 2514 intromittit,
863 2483 886 2510 is
907 2483 935 2510 in
957 2488 1030 2511 tene-

249 2527 306 2554 bris
322 2526 482 2560 ignorautia:
492 2531 641 2561 permanet.
651 2527 730 2560 Quod
747 2529 769 2555 si
783 2528 882 2556 falsum
913 2536 967 2556 non
991 2535 1033 2558 est

248 2571 320 2606 quod
334 2571 370 2598 ita
383 2573 531 2606 generatim
552 2573 579 2599 in
596 2573 696 2600 talibus
715 2573 901 2608 intelligimus.
921 2575 1033 2602 omnino

249 2617 321 2644 haud
335 2618 414 2645 aliter
429 2626 460 2646 se
473 2618 573 2646 habere
588 2619 753 2646 censendum
765 2623 808 2648 est
828 2619 901 2654 quod
927 2621 960 2648 ad
975 2621 1033 2648 sin-

248 2663 327 2698 gulos
350 2664 486 2698 pertinet,
511 2671 572 2690 cum
597 2671 630 2690 ex
657 2663 715 2697 ipsa
735 2664 892 2691 narratione
918 2665 990 2699 quod
1006 2666 1032 2693 in

250 2713 324 2743 parte
339 2709 530 2743 inquirendum
547 2712 616 2740 erat,
632 2709 713 2735 simul
730 2709 889 2736 innotuerit.
908 2710 1030 2746 Quapro-

250 2758 308 2789 pter
322 2762 377 2781 non
385 2753 614 2784 estincredibile,
624 2754 691 2780 nihil
706 2755 769 2782 mali
778 2756 898 2783 sensisse
911 2755 1029 2789 Iudaeos,

248 2800 373 2834 quamvis
394 2807 446 2825 una
468 2807 530 2825 cum
547 2798 681 2834 JEgyptiis
697 2800 743 2834 qui
760 2801 936 2833 vexabantur,
956 2802 1028 2829 habi-

288 2890 308 2904 ¹⁷
325 2888 408 2916 Exod.
425 2897 450 2922 v,
467 2889 490 2915 7.
530 2889 552 2905 ³⁸
567 2889 666 2925 Ephes.
681 2898 716 2924 ιγ,
731 2890 758 2918 6.

1085 2304 1166 2331 καλὸν
1198 2301 1419 2338 προδεικνύντος,
1456 2302 1470 2328 ὁ
1504 2301 1552 2336 μὲν
1585 2300 1717 2332 εὐπειθῶς
1748 2300 1816 2335 πρὸς
1839 2301 1872 2326 τὸ

1085 2347 1257 2382 δεικνύμενον
1280 2346 1348 2381 ἔχων
1370 2346 1398 2371 ὲν
1424 2346 1493 2379 φωτὶ
1516 2345 1564 2380 τὴν
1586 2345 1703 2371 διάνοιαν
1730 2344 1804 2378 ἔχει’
1830 2343 1871 2378 τῷ

1085 2393 1113 2419 δὲ
1138 2392 1291 2423 ἀντιτύπως
1323 2391 1501 2425 διακειμένῳ,
1525 2390 1571 2417 καὶ
1600 2391 1637 2424 μὴ
1663 2390 1871 2424 καταδεχομένη)

1086 2438 1154 2474 πρὸς
1175 2437 1224 2473 τὴν
1255 2438 1353 2464 ἀκτῖνα
1385 2437 1434 2472 τῆς
1465 2436 1592 2471 ἀληθείας
1622 2436 1671 2471 τὴν
1696 2436 1783 2471 ψυχὴν
1809 2435 1871 2462 δισι⁹

1086 2483 1193 2518 ϐλέψαι,
1216 2482 1369 2517 παραμένει
1389 2482 1439 2516 τῆς
1460 2482 1569 2516 ἀγνοίας
1590 2483 1604 2508 ό
1626 2482 1716 2516 ζόφος.
1738 2482 1768 2507 Et
1787 2481 1818 2516 δὴ
1840 2481 1872 2507 τὸ

1085 2528 1199 2555 καθόλου
1224 2527 1317 2562 νοηθὲν
1340 2527 1406 2562 ἡμῖν
1423 2527 1451 2553 ὲν
1473 2528 1526 2558 τοῖς
1544 2526 1674 2557 τοιούτοις
1698 2526 1794 2560 ψεῦδος
1820 2526 1872 2553 οὐκ

1082 2574 1174 2600 ἐστιν·
1199 2573 1253 2599 οὐδ’
1282 2573 1315 2599 ἂν
1339 2572 1374 2598 τὰ
1400 2571 1460 2598 καθ’
1484 2572 1597 2598 ἕκαστον
1629 2571 1737 2603 πάντως
1767 2572 1872 2606 ἑτέρως

1081 2621 1151 2654 ἔχοι,
1174 2620 1224 2654 τῆς
1245 2619 1291 2644 ἐπὶ
1314 2618 1412 2653 μέρους
1437 2618 1586 2650 ἐξετάσεως
1616 2617 1871 2652 συναποδειχθείσης

1082 2665 1120 2700 τῷ
1151 2665 1233 2699 λόγῳ.
1269 2664 1373 2690 Οὐκοῦν
1402 2663 1476 2690 οὐδὲν
1503 2663 1674 2698 θαυμαστὸν,
1710 2663 1799 2698 ἀπαθῆ
1824 2663 1872 2688 τὸν

1089 2710 1212 2746 Ἐϐραῖον
1236 2709 1327 2745 μένειν
1349 2709 1403 2736 τῶν
1421 2709 1576 2743 Αἰγυπτίων
1597 2708 1704 2740 κακῶν,
1725 2709 1754 2735 ἐν
1777 2708 1871 2743 μέσοις

1084 2758 1139 2788 τοῖς
1151 2756 1309 2790 ἀλλοφύλοις
1321 2756 1566 2791 ἀναστρεφόμενον,
1580 2755 1640 2782 ἐπεὶ
1656 2755 1701 2781 καὶ
1714 2754 1760 2780 νῦν
1770 2753 1800 2780 τὺ
1812 2754 1871 2780 [σον

1064 2818 1065 2821 η
1084 2802 1140 2829 ἐστι
1156 2802 1295 2837 γινόμενον
1317 2801 1390 2829 ἰδεῖν.
1414 2801 1473 2828 Τῶν
1495 2801 1548 2836 γὰρ
1572 2801 1600 2827 ἐν
1616 2801 1674 2832 ταῖς
1695 2799 1871 2834 πολυανθρω-
