1977 3071
120 137 171 164 515

785 143 829 171 DE
845 144 921 172 VITA
942 144 1078 174 MOYSIS.

1689 147 1743 176 546

118 197 233 228 πούσαις
245 195 338 224 πόλεσι
350 198 418 234 πρὸς
431 198 481 231 τὰς
491 200 614 232 ἐναντίας
623 201 702 235 δόξας
711 202 896 238 διεστηκότων

955 208 1061 238 tarem;
1092 211 1153 231 nam
1187 204 1213 231 id
1243 204 1333 239 ipsum
1363 204 1444 232 altius
1470 204 1635 232 intellectum
1662 204 1742 232 hodie

118 243 173 273 τοῖς
190 242 239 276 μὲν
253 243 367 277 πότιμόν
383 252 413 269 τε
427 244 475 271 καὶ
486 244 581 277 διειδές
594 247 653 272 ἐστι
668 247 696 273 τὸ
707 247 781 282 νᾶμα
796 247 846 283 τῆς
860 248 904 274 πί-

119 295 211 318 στεως,
222 287 236 314 ὃ
248 287 292 314 διὰ
303 290 351 323 τῆς
367 289 442 321 θείας
457 290 632 323 διδασκαλίας
647 292 792 327 ἀρύονται·
807 295 864 324 τοῖς
875 293 902 320 δὲ

116 332 159 359 διὰ
173 333 223 367 τῆς
237 334 356 368 πονηρᾶς
372 334 532 370 ὑπολήψεως
549 337 773 370 Δίγυπτιάζουσι,
789 338 901 373 διαφθο-

119 378 168 413 ρᾶς
188 375 258 413 αἷμα
268 378 299 405 τὸ
315 378 386 414 ὕδωρ
401 379 514 413 γίνεται.
532 382 586 408 Καὶ
600 382 728 414 πολλάκις
741 383 875 419 ἐπιχειρεῖ
888 386 903 411 ό

117 424 323 459 παρασοφισμδς
338 425 387 459 τῆς
404 426 512 461 ἀπάτης
524 427 571 453 καὶ
587 428 617 454 τὸ
631 428 685 454 τῶν
702 429 835 464 Ἐϐραίων
854 439 902 456 πο-

116 469 170 499 τὸν,
183 468 221 503 τῷ
244 469 374 505 μολυσμῷ
392 471 439 497 τοῦ
453 471 565 506 ψεύδους
582 470 652 508 αἷμα
672 474 784 509 ποιῆσαι
796 495 803 507 ,
829 475 901 502 τοῦτ’

116 514 182 544 ἐστι,
197 514 242 540 τὸν
256 515 388 551 ἡμέτερον
404 516 492 550 λόγον,
513 517 560 543 καὶ
579 518 643 553 ἡμῖν
657 518 751 551 δεῖξαι,
768 519 804 554 μὴ
816 520 902 546 τοιοῦ-

114 568 159 586 τον
175 559 255 591 ὂντα,
276 557 330 591 οἷός
346 562 429 588 ἐστιν·
452 561 508 588 ἀλλ’
531 562 582 588 οὐκ
604 564 764 599 ἀχρειὼσειε
785 565 900 592 καθόλου

115 605 145 630 τὸ
159 604 249 635 ποτὸν,
267 604 319 631 κᾶν
332 606 364 632 ὲκ
378 606 425 632 τοῦ
441 607 585 642 προχείρου
604 608 637 634 δι’
655 609 762 645 ἀπάτης
778 619 901 646 περιφοι-

115 651 173 686 νίξῃ
183 651 214 677 τὸ
227 649 306 682 εἶδος.
317 652 392 678 Πίνει
403 651 457 688 γὰρ
466 654 480 679 ὁ
499 653 622 688 Ἐϐραῖος
635 655 665 681 τὸ
677 655 804 690 ἀληθινὸν
817 655 899 692 ὕδωρ,

115 695 164 722 κᾶν
180 695 254 730 παρὰ
269 696 324 722 τῶν
338 697 467 724 ἐναντίων
487 699 607 731 πιθανῶς
622 700 809 736 διαϐάλληται,
825 702 900 728 οὐδὲν

115 741 182 776 πρὸς
194 741 224 768 τὸ
237 739 305 774 εἶδος
320 743 369 778 τῆς
385 743 492 779 ἀπάτης
506 745 746 780 ἐπιστρεφόμενος.
761 745 838 772 Οὕτω
853 747 900 773 καὶ

113 786 144 813 τὸ
157 786 299 822 βατράχων
318 787 396 822 γένος
421 789 452 815 τὸ
472 790 590 824 εἰδεχθὲς
613 791 661 816 καὶ
686 791 856 826 πολύφωνον,
877 789 900 826 ᾧ

113 833 241 867 ἀμφίϐιος
268 834 316 868 μὲν
346 835 363 869 ὴ
390 834 464 870 ζωὴ,
489 836 652 871 ἑρπυστικδν
673 836 701 863 δὲ
730 837 761 863 τὸ
784 837 900 872 πήδημα

114 879 219 914 (ἀηδὴς
232 879 259 905 δὲ
276 880 307 905 οὐ
326 880 405 915 μόνον
428 881 445 915 ἡ
459 880 529 915 ὂψις,
544 881 612 907 ἀλλά
629 882 676 908 και
695 881 742 908 τοῦ
765 883 869 918 χρωτὸς
882 883 900 918 ἡ
916 872 935 899 Β

113 923 238 958 δυσωδία)
249 933 256 940 ·
273 924 288 950 ὃ
300 926 356 956 τοῖς
370 925 454 957 οἴκοις
468 927 515 952 καὶ
529 927 588 958 ταῖς
604 926 707 957 κλίναις
720 926 768 953 καὶ
780 927 836 958 τοῖς
852 935 899 953 τα-

117 970 202 1005 μείοις
214 971 268 997 τῶν
276 971 432 1005 Αἰγυπτίων
446 973 580 1008 είσέρπει,
591 974 640 1008 τῆς
654 973 681 1000 δὲ
692 973 747 1000 τῶν
767 972 899 1008 Ἐϐραίων

114 1017 185 1051 ζωῆς
197 1017 248 1044 οὐκ
261 1017 420 1051 ἐφάπτεται.
443 1019 563 1055 Ἀληθῶς
583 1019 636 1055 γὰρ
651 1020 778 1055 ἄντικρυς
797 1020 898 1055 βατρά-

113 1069 168 1096 χων
181 1061 247 1096 γένη
260 1062 322 1093 εἰσὶ,
339 1063 373 1089 τὰ
386 1063 535 1097 φθοροποιὰ
549 1064 599 1099 τῆς
615 1065 713 1097 κακίας
728 1066 897 1100 γεννήματα,

113 1107 145 1132 ἐκ
164 1107 211 1142 τῆς
226 1108 350 1143 ρυπαρᾶς
365 1108 478 1144 καρδίας
496 1108 550 1136 τῶν
566 1110 725 1145 ἀνθρώπων,
738 1107 793 1137 οἷον
809 1110 841 1138 ἔκ
856 1120 897 1138 τι-

111 1161 156 1184 νος
178 1153 306 1188 βορϐόρου
324 1154 537 1190 ζωογονούμενα.
564 1153 643 1183 Οὗτοι
658 1157 682 1182 οἱ
707 1155 837 1192 βάτραχοι
858 1157 897 1184 οι-

112 1198 189 1225 κοῦσι
203 1200 251 1234 μὲν
265 1199 314 1231 τὰς
326 1201 414 1232 οἰκίας
426 1201 479 1227 τῶν
500 1201 748 1235 Δίγυπτιαζόντων,
765 1203 836 1230 κατὰ
849 1202 899 1238 τὴν

111 1243 157 1270 τοῦ
174 1243 231 1278 βίου
245 1244 403 1280 προαίρεσιν
413 1253 420 1260 ο
437 1245 588 1273 δείκνυνται
602 1246 631 1272 δὲ
646 1247 693 1273 καὶ
706 1246 752 1273 ἐπὶ
764 1246 819 1273 τῶν
831 1255 898 1282 τρα-

112 1289 211 1322 πεζῶν,
230 1291 278 1317 καὶ
296 1290 350 1317 τῶν
370 1291 467 1318 κλινῶν
482 1292 532 1318 οὐκ
553 1292 709 1327 ἀπέχονται,
733 1292 780 1318 καὶ
801 1293 841 1324 εἰς
863 1293 898 1319 τὰ

110 1336 210 1370 ταμεϊα
228 1335 281 1362 τῶν
300 1336 442 1363 ἀποθέτων
460 1337 635 1366 είσδύνουσιν.
663 1339 747 1365 Ὅταν
769 1339 823 1374 γὰρ
839 1340 897 1375 ἴδῃς

110 1378 157 1405 τὸν
170 1379 290 1414 ῥυπαρόν
305 1388 334 1405 τε
348 1380 394 1406 καὶ
408 1380 555 1407 ἀκόλαστον
567 1381 633 1416 βίον,
646 1383 753 1418 ἀληθῶς
767 1384 798 1410 ὲκ
810 1383 896 1418 πηλοῦ

111 1432 140 1450 τε
154 1424 201 1450 καὶ
221 1424 351 1461 βορϐόρου
366 1426 534 1461 τικτόμενον,
554 1428 602 1454 καὶ
620 1430 652 1464 τῇ
673 1429 739 1464 πρὸς
754 1429 784 1456 τὸ
800 1429 897 1464 ἄλογον

112 1473 226 1507 μιμήσει
242 1473 313 1500 κατὰ
326 1474 357 1500 τὸ
379 1472 449 1506 εἶδος
463 1475 512 1510 τῆς
529 1475 602 1512 ζωῆς
619 1478 648 1504 ὲν
669 1477 800 1514 οὐθετέρα
817 1478 896 1514 φύσει

110 1518 374 1566 ἀκριϐῶςᾼμένονταξ
391 1522 437 1547 καὶ
450 1521 592 1556 ἄνθρωπον
605 1523 654 1558 μὲν
667 1523 737 1550 κατὰ
747 1524 797 1559 τὴν
813 1524 894 1558 φύσιν
907 1537 929 1566 c

110 1563 184 1594 ὕντα,
202 1564 300 1598 κτῆνος
317 1565 346 1591 δὲ
362 1565 405 1592 διὰ
419 1566 505 1598 πάθος
519 1567 670 1602 γινόμενον,
689 1569 737 1595 καὶ
751 1569 795 1595 διὰ
816 1569 894 1596 τοῦτο

110 1609 239 1643 ἀμφίϐιον
254 1611 341 1637 ἐκεῖνο
353 1612 399 1638 καὶ
413 1612 630 1647 ἐπαμφοτερίζον
642 1613 672 1639 τὸ
683 1613 732 1648 τῆς
744 1614 815 1648 ζωῆς
825 1612 894 1645 εἶδος

110 1655 320 1682 ὲπιδεικνύοντα”
332 1657 459 1692 εὑρήσεις
468 1658 515 1684 καὶ
528 1658 574 1684 ἐπὶ
588 1658 682 1685 τούτου
697 1659 731 1685 τὰ
743 1660 792 1694 τῆς
805 1659 894 1686 τοιαύ-

109 1709 159 1735 της
181 1701 260 1728 νόσου
282 1702 474 1738 γνωρίσματα,
498 1703 547 1730 οὑκ
565 1704 611 1730 ἐπὶ
629 1705 679 1740 τῆς
696 1704 788 1739 κλίνης
803 1705 893 1740 μόνον,

109 1746 178 1773 ἀλλὰ
201 1748 247 1774 καὶ
261 1747 307 1774 ἐπὶ
328 1748 378 1783 τῆς
394 1748 532 1784 τραπέζης
546 1769 552 1781 ,
569 1749 617 1776 καὶ
640 1750 669 1776 ἑν
689 1751 744 1781 τοῖς
761 1750 892 1785 ταμείοις,

108 1792 156 1818 καὶ
177 1792 247 1818 κατὰ
268 1793 358 1820 πᾶσαν
379 1793 428 1828 τὴν
452 1795 567 1828 οῑκησιν.
598 1795 823 1829 Ἐπισημαίνεται
839 1795 894 1832 γὰρ

108 1837 153 1864 διὰ
174 1838 282 1864 πάντων
301 1839 315 1864 ὁ
334 1838 451 1870 τοιοῦτος
472 1840 523 1874 τὴν
546 1840 674 1871 ἀσωτίαν,
700 1840 770 1867 ὥστε
791 1841 894 1873 πάντας

109 1882 208 1919 ῥᾳδίως
227 1883 374 1918 ἐπιγνῶναι
390 1884 434 1910 διὰ
447 1884 501 1910 τῶν
516 1885 586 1911 κατά
601 1885 645 1912 τὸν
660 1883 733 1912 οἷκον
747 1886 894 1919 σπουδαζο-

110 1929 198 1965 μένων
216 1929 261 1956 τδν
278 1930 335 1964 βίον
347 1930 392 1956 τοῦ
408 1939 437 1957 τε
448 1930 595 1958 ἀκολάστου
609 1932 655 1958 καὶ
669 1931 715 1958 τοῦ
730 1932 895 1968 καθαρεύον-

107 1984 163 2007 τος.
180 1976 264 2003 Ὅταν
278 1977 307 2002 ὲν
320 1976 406 2011 τούτῳ
423 1977 472 2011 μὲν
486 1977 533 2003 ἐπὶ
547 1977 602 2003 τῶν
609 1976 716 2013 τείχους
723 1979 894 2014 κονιαμάτων

107 2020 243 2047 δείκνυται
254 2021 329 2057 παρὰ
341 2021 391 2056 τῆς
405 2021 502 2056 τέχνης
516 2022 559 2049 διὰ
571 2022 688 2049 εἰδώλων
703 2023 784 2049 τινῶν
796 2023 830 2049 τὰ
845 2023 894 2058 τῆς

107 2067 247 2101 ὲμπαθοῠς
258 2067 353 2102 ἡδονῆς
373 2067 572 2102 ὑπεκκαύματα
583 2076 588 2083 ·
601 2067 634 2094 δι’
644 2064 681 2094 ὦν
689 2068 895 2104 ὑπομιμνήσκε-

106 2121 152 2139 ται
166 2113 214 2147 τῆς
225 2113 304 2139 νόσου
318 2113 335 2148 ἡ
350 2112 441 2147 φύσις,
452 2113 496 2139 διὰ
509 2113 563 2140 τῶν
577 2113 664 2148 ὄψεων
680 2114 712 2140 ὲκ
724 2114 772 2149 τῆς
783 2114 894 2149 ἀτιμίας

106 2159 162 2185 τῶν
175 2159 320 2193 θαυμάτων
332 2159 378 2185 ἐπὶ
389 2158 438 2194 τὴν
448 2158 535 2194 ψυχὴν
548 2159 757 2194 ἐπεισχεομένου
775 2159 822 2186 τοῦ
840 2160 894 2187 πά-

954 257 1063 284 quoque
1077 249 1132 276 licri
1160 249 1252 278 videre
1275 249 1347 276 licet.
1363 248 1421 276 Non
1438 249 1510 276 enim
1527 249 1695 283 ignoramus,
1713 249 1740 276 in

952 295 1059 330 magnis
1073 294 1222 329 praesertim
1243 295 1400 322 civitatibus
1415 295 1442 321 in
1456 294 1607 322 contrarias
1620 297 1654 323 de
1667 295 1740 321 veri-

951 343 1007 367 tate
1030 340 1173 374 opiniones
1199 339 1374 367 multitudine
1404 339 1502 370 divisa,
1531 340 1592 366 aliis
1615 340 1741 374 hmpidas

952 392 1037 419 aquas
1053 388 1134 419 atque
1150 384 1282 419 potabiles
1298 392 1369 417 esse,
1386 392 1446 419 quae
1461 384 1629 419 quotidianis
1642 384 1740 418 praedi-

951 430 1123 463 cationibus,
1146 429 1348 464 Scripturaaque
1378 430 1492 456 vocibus
1521 429 1548 455 in
1574 431 1663 455 anima
1690 437 1739 456 sua

951 476 1124 508 scaturiunt;
1149 475 1212 502 aliis
1236 474 1377 509 (quoniam
1401 474 1538 509 perversis
1566 473 1741 508 opinionibus

951 519 1144 555 Egyptiorum
1156 520 1299 546 imitantur
1311 519 1452 554 malitiam)
1465 520 1491 546 in
1503 519 1664 553 sanguinem
1679 527 1741 546 cor-

950 568 1062 599 ruptum
1078 565 1215 600 Evangelii
1238 569 1321 600 atque
1341 564 1543 600 praedicationis
1561 565 1740 592 suavissimus

951 615 1030 645 potus
1050 611 1221 637 convertitur
1238 620 1245 637 :
1260 615 1286 637 ct
1305 610 1378 645 quod
1391 610 1469 645 pejus
1485 614 1536 642 est,
1552 617 1740 644 saepenumero

949 656 1120 684 fraudulenta
1137 657 1194 683 hare
1210 657 1412 692 Aigyptiorum,
1434 657 1459 683 id
1478 660 1530 688 est,
1550 663 1604 683 non
1625 657 1739 684 creden-

949 702 1016 728 tium
1035 702 1146 737 perfidia
1167 702 1295 730 falsitatis
1315 703 1424 730 macula
1447 702 1621 730 Hebmorurn
1645 707 1738 737 polum

950 747 978 774 in
1003 748 1162 782 sanguinem
1178 752 1338 775 convertere
1352 748 1459 779 nititur,
1481 748 1506 775 id
1522 754 1564 774 cst
1583 748 1737 775 doctrinam

950 797 1074 819 nostram
1088 794 1232 820 ostendere
1247 794 1327 820 talem
1351 801 1404 820 non
1423 801 1494 824 esse,
1508 793 1597 827 qualis
1610 797 1651 820 est
1665 802 1672 821 :
1688 793 1736 822 sed

950 846 1089 873 nunquam
1107 839 1231 867 inutilem
1245 845 1337 874 potum
1351 844 1474 867 nostrum
1488 840 1612 872 reddent,
1627 840 1737 867 tametsi

950 890 1083 918 aquarum
1109 885 1280 919 superﬁciem
1303 885 1380 919 quasi
1406 885 1516 912 rubeam
1540 892 1671 919 apparere
1691 891 1738 912 ca-

951 929 1137 956 villationibus
1164 929 1279 956 alliciant
1300 938 1306 956 :
1336 930 1410 957 bibet
1428 930 1500 956 enim
1523 929 1616 962 Israel,
1643 931 1670 957 id
1695 935 1738 957 est

948 973 996 1002 Dei
1017 974 1143 1009 populus,
1169 982 1268 1009 aquam
1286 982 1388 1006 veram,
1410 982 1460 1001 nec
1483 974 1538 1001 ullo
1562 975 1652 1007 modo,
1675 975 1738 1002 licet

948 1020 1134 1048 verisimiliter
1157 1028 1271 1056 arguere
1298 1021 1447 1047 adversarii
1471 1021 1625 1052 videantur,
1647 1020 1737 1055 specie

948 1065 1062 1092 fallaciae
1072 1065 1152 1093 istius
1167 1065 1392 1093 commovebitur.
1405 1065 1449 1092 Sic
1460 1074 1508 1100 pro
1522 1073 1649 1092 ranarum
1665 1073 1735 1100 quo-

946 1117 1001 1145 que
1023 1110 1113 1144 specie
1129 1109 1245 1136 deformi
1271 1113 1353 1144 atque
1377 1110 1495 1144 loquaci,
1520 1115 1565 1136 cui
1581 1110 1665 1138 dubia
1679 1111 1734 1137 vita

947 1154 1021 1190 (nam
1038 1158 1065 1182 et
1074 1155 1231 1190 aquaticum
1246 1159 1273 1182 et
1287 1159 1417 1182 terrestre
1433 1155 1458 1182 id
1473 1156 1572 1181 animal
1587 1157 1640 1189 est)
1656 1156 1735 1190 cujus

946 1201 1033 1228 saltus
1049 1208 1158 1235 repens,
1174 1200 1254 1235 cujus
1269 1204 1397 1235 aspectus
1418 1201 1605 1235 turpissimus,
1622 1201 1702 1235 cujus
1719 1209 1734 1228 c

945 1252 1062 1280 corpore
1076 1245 1257 1273 intolerabilis
1282 1245 1351 1272 fetor
1370 1246 1503 1272 emittitur
1520 1255 1526 1272 :
1542 1246 1614 1280 quod
1638 1246 1734 1273 domos

945 1290 1116 1325 lectulosque
1139 1290 1252 1325 ipsaque
1281 1291 1430 1325 penetralia
1453 1290 1642 1327 Egyptiorum
1671 1299 1734 1318 sor~

946 1337 1030 1369 didat,
1053 1340 1081 1364 et
1099 1336 1274 1364 llebrazorum
1292 1338 1375 1364 vitam
1403 1345 1457 1364 non
1486 1337 1615 1368 maculat.
1641 1338 1734 1365 varios

945 1384 1057 1411 malitia:
1078 1384 1320 1419 corruptionisque
1346 1385 1429 1415 fetus,
1453 1384 1499 1418 qui
1520 1391 1552 1410 ex
1579 1384 1661 1411 fetido
1685 1385 1733 1411 ho-

945 1430 1049 1456 minum
1071 1430 1165 1461 corde.
1187 1430 1264 1464 quasi
1291 1437 1322 1457 ex
1353 1429 1461 1464 putrido
1485 1430 1550 1457 limo
1571 1435 1733 1462 nascuntur.

945 1475 1132 1509 intelligimus.
1161 1474 1224 1501 Haec
1251 1474 1390 1501 immunda
1419 1482 1547 1501 ranarum
1574 1474 1732 1507 multitudo,

946 1520 1043 1548 domos
1056 1528 1150 1548 eorum
1167 1521 1213 1555 qui
1226 1519 1399 1556 Egyptiace,
1415 1520 1441 1547 id
1463 1525 1514 1552 est.
1531 1521 1628 1548 vitiose
1645 1522 1734 1549 vivere

945 1565 1062 1598 malunt,
1085 1565 1190 1592 habitat
1209 1574 1215 1592 :
1232 1566 1259 1592 in
1281 1566 1382 1593 mensis
1398 1573 1492 1593 eorum
1506 1566 1636 1598 abundat,
1651 1567 1678 1594 in
1694 1567 1734 1595 lc—

944 1611 1025 1638 ctulis
1042 1611 1160 1643 assidet,
1179 1611 1205 1637 in
1223 1611 1324 1638 abditis
1341 1618 1436 1638 eorum
1453 1611 1579 1639 omnibus
1597 1617 1679 1646 atque
1690 1620 1733 1639 re-

944 1655 1063 1683 conditis
1087 1656 1168 1683 rcbus
1197 1656 1334 1683 invenitur
1358 1665 1364 1682 :
1391 1664 1455 1683 vere
1479 1664 1597 1692 namque
1623 1657 1733 1684 sordida

943 1701 1138 1736 luxuriosaque
1158 1702 1212 1728 vita
1238 1709 1269 1729 ex
1291 1705 1422 1736 corrupto
1442 1701 1579 1736 fetidoque
1592 1702 1658 1728 limo
1672 1711 1734 1737 pas—
1752 1726 1758 1727 ,

944 1747 1050 1775 sionum
1077 1746 1214 1781 profecta,
1245 1746 1359 1773 dubium
1385 1746 1521 1781 quoddam
1549 1747 1650 1773 animal
1676 1751 1732 1778 est,

944 1792 1099 1826 aquaticum
1126 1791 1231 1818 scilicet
1257 1796 1340 1826 atque
1358 1797 1498 1819 terrestre.
1524 1791 1611 1818 Homo
1635 1795 1732 1818 natura

943 1841 996 1869 est,
1014 1837 1060 1872 qui
1081 1837 1117 1864 ita
1131 1837 1209 1870 vivit,
1225 1837 1360 1864 electione
1384 1845 1447 1864 vero
1463 1844 1558 1872 pecus,
1577 1838 1734 1872 pecudcque

943 1883 1103 1911 sordidius:
1122 1883 1193 1910 ttnde
1211 1884 1251 1915 lit,
1278 1886 1308 1909 ut
1330 1882 1441 1909 dubiutn
1474 1882 1609 1918 quoddam
1634 1883 1733 1910 animal

944 1929 996 1956 bac
1021 1929 1075 1956 vita
1103 1928 1264 1956 eﬂiciamur.
1291 1929 1357 1955 Nam
1387 1928 1433 1963 qui
1458 1932 1582 1956 rtatnram
1609 1928 1732 1963 respicit,

944 1975 1086 2008 homines;
1103 1975 1149 2009 qui
1166 1975 1248 2002 vitam
1272 1974 1440 2006 considerat,
1460 1982 1513 2001 non
1530 1974 1663 2006 homines,
1684 1974 1732 2001 scd

943 2027 977 2047 ex
999 2020 1142 2046 brulorutn
1163 2027 1262 2054 genere
1278 2027 1327 2046 nos
1344 2019 1402 2054 ipse
1418 2019 1525 2053 putabit
1541 2028 1548 2045 :
1572 2019 1652 2054 cujus
1669 2019 1733 2053 qui-

943 2065 1004 2092 dem
1021 2065 1091 2092 bruti
1114 2065 1192 2100 signa
1215 2068 1270 2092 tam
1289 2065 1318 2092 in
1340 2065 1468 2093 universa
1491 2065 1584 2097 domo,
1607 2074 1689 2100 quant
1705 2067 1732 2093 in

944 2110 1060 2145 singulis
1084 2110 1206 2137 invenias
1227 2111 1362 2145 partibus.
1385 2110 1451 2137 Nam
1467 2115 1495 2138 et
1513 2111 1540 2138 in
1555 2112 1642 2139 muris
1657 2116 1685 2139 et
1704 2112 1731 2139 in

943 2155 1015 2182 aulis
1038 2155 1152 2182 diversae
1173 2155 1207 2182 ad
1226 2156 1362 2183 luxuriam
1385 2157 1469 2183 animi
1492 2157 1616 2191 pictum.
1640 2162 1667 2185 et
1704 2158 1731 2184 in

108 2204 182 2236 Θους·
191 2205 238 2231 ἐπὶ
247 2204 275 2230 δὲ
284 2203 332 2230 τσῦ
343 2204 772 2240 σωφρονοῦντος,φυλακὴνπᾶσαν
779 2205 825 2231 καὶ⁸
833 2214 895 2241 προ-

946 2201 1018 2229 vasis
1040 2202 1188 2236 sculptura:
1215 2202 1355 2236 impressa:
1383 2202 1532 2236 nequitiam
1567 2203 1731 2237 praedicant,

109 2249 236 2284 μήθειαν,
249 2249 296 2276 τοῦ
309 2249 356 2276 καὶ
364 2249 410 2275 τὸν
423 2249 561 2284 ὀφθαλμὸν
572 2249 732 2285 καθαρεύειν
741 2250 796 2276 τῶν
807 2250 895 2285 ἔμπα·

107 2295 163 2322 θῶν
170 2296 322 2330 θεαμάτων.
334 2296 413 2331 Καὶὴ
425 2295 549 2331 τράπεζα
557 2296 584 2322 δὲ
593 2295 722 2328 ὡσαύτως
728 2296 836 2332 καθαρὰ
846 2297 895 2332 μὲν

105 2342 122 2376 ἡ
140 2341 186 2367 τοῦ
204 2341 422 2376 σωφρονοῦντος,
442 2342 596 2377 εὑρίσκεται
614 2342 642 2368 δὲ
655 2341 831 2377 βατραχώδης
846 2343 895 2369 καὶ

107 2386 275 2422 πολύσαρκος
280 2387 327 2413 τοῦ
336 2387 403 2421 πρὸς
411 2387 456 2414 τὸν
465 2387 617 2423 βορϐορώδη
627 2387 683 2422 βίον
693 2388 889 2422 ίλυσπωμένου.

107 2431 166 2458 Κᾶν
176 2431 212 2458 τὰ
219 2432 512 2468 ταμεῖαδιερευνήσῃς,
523 2432 594 2458 τοῦτ’
609 2432 676 2464 ἐστι,
685 2432 718 2459 τὰ
725 2432 834 2467 κρυπτὰ
842 2432 890 2458 τοῦ

107 2476 164 2510 βίου
183 2475 266 2502 αὑτοῦ
287 2478 334 2503 καὶ
353 2476 504 2512 ἀπόρρητα·
521 2476 588 2503 πολὺ
614 2477 712 2511 μᾶλλον
727 2477 756 2503 ὲν
776 2477 892 2508 ἐκείνοις

106 2523 223 2557 σωρείαν
238 2522 380 2558 βατράχων
401 2523 430 2549 ὲν
451 2523 506 2554 τοῖς
522 2522 682 2554 ἀκολάστοις
702 2524 889 2556 κατανοήσεις.

106 2567 137 2594 Εἰ
157 2567 287 2594 δὲταῦτα
299 2569 315 2602 ὴ
340 2568 390 2603 τῆς
405 2569 505 2604 ἀρετῆς
526 2568 623 2603 ῥάϐδος
647 2569 733 2594 ποιεῖν
754 2567 825 2594 κατά
839 2567 894 2594 τῶν

105 2614 260 2648 Αἰγυπτίων
274 2614 327 2640 ὑπὸ
342 2614 391 2648 τῆς
409 2614 527 2650 ἱστορίας
540 2614 658 2648 λέγεται,
676 2614 713 2649 μὴ
729 2613 893 2648 ξενισθῶμεν

107 2659 170 2694 περὶ
184 2659 230 2685 τὸν
243 2659 335 2693 λόγον·
351 2660 398 2686 καὶ
410 2659 464 2695 γὰρ
479 2659 659 2695 ἐσκληρύνοαι
674 2660 749 2694 παρά
763 2658 810 2685 τοῦ
825 2659 893 2684 Θεοῦ

106 2706 149 2733 τδν
161 2706 303 2741 τύραννον,
323 2707 340 2741 ἡ
355 2705 460 2740 ἱστορία
473 2706 548 2741 φησι.
568 2705 629 2736 Πῶς
642 2703 688 2731 οὖν
703 2704 736 2731 ἂν
750 2705 791 2739 εἴη
804 2704 889 2731 κατά-

108 2760 207 2786 κριτος,
224 2753 257 2787 τῇ
281 2751 384 2778 ἄνωθεν
404 2752 510 2787 ἀνάγκῃ
532 2750 656 2786 σκληρῶς
674 2758 703 2776 τε
721 2750 768 2776 καὶ
785 2749 889 2775 ἀντιτύ-

107 2805 164 2828 πως
176 2796 348 2831 διαθέμενος;
366 2797 411 2823 καί
427 2806 477 2823 που
492 2797 521 2823 τὸ
534 2796 590 2822 ἴσον
604 2796 685 2831 φησὶν
695 2797 709 2822 ὁ
722 2795 792 2826 θεῖος
813 2795 839 2821 Ἀ
845 2795 888 2821 πό-

108 2843 207 2875 στολος,
219 2844 258 2870 ὅτι
273 2843 385 2870 καθόσον
399 2844 447 2870 οὑκ
462 2843 623 2878 ἐδοκίμασαν
636 2842 680 2868 τὸν
698 2841 763 2868 Θεὸν
777 2841 847 2876 ἔχειν
859 2842 886 2867 ἐν

945 2248 1045 2282 quibus
1072 2248 1203 2283 cogitatio
1236 2248 1269 2274 ad
1294 2248 1458 2283 cupiditates
1488 2256 1553 2276 suas
1579 2253 1731 2282 revocatur.

944 2294 1093 2328 vituperosi
1123 2293 1272 2328 spectaculi
1294 2294 1419 2325 visione,
1443 2294 1476 2321 ad
1498 2296 1617 2321 animam
1642 2303 1732 2330 usque

943 2339 1104 2374 passionum
1128 2345 1195 2367 astu
1219 2340 1402 2374 perveniente,
1425 2347 1459 2367 ne
1477 2339 1582 2367 scilicet
1599 2341 1732 2375 cupidita-

945 2389 1002 2413 tum
1023 2386 1106 2413 ardor
1127 2386 1320 2421 exslinguatur
1341 2389 1387 2412 aut
1404 2385 1578 2413 retundatur.
1602 2386 1732 2414 Similiter

945 2433 968 2461 si
995 2440 1116 2464 mensas,
1139 2433 1164 2460 si
1189 2433 1274 2461 lectos
1299 2432 1456 2468 voluptuosi
1482 2431 1658 2466 corruptique
1684 2432 1732 2459 ho-

945 2478 1026 2506 minis
1051 2478 1250 2509 considerabis.
1274 2479 1300 2505 id
1325 2478 1413 2513 ipsum
1438 2477 1572 2504 invenies.
1601 2477 1680 2510 Quod
1709 2478 1730 2504 si

944 2523 1084 2550 recondita
1114 2522 1260 2557 abditaque
1276 2521 1395 2549 hominis
1413 2521 1571 2557 bujusmodi
1601 2528 1654 2548 non
1667 2520 1731 2547 diro

941 2568 1053 2596 vascula
1071 2572 1098 2595 et
1121 2568 1248 2602 capsulas
1277 2568 1380 2602 (multis
1404 2567 1478 2594 enim
1496 2574 1527 2594 ea
1551 2570 1656 2601 patent,
1680 2573 1731 2592 nec

943 2613 1030 2640 aliena
1050 2617 1115 2640 sunt
1134 2621 1149 2640 a
1167 2613 1337 2648 turpitudine
1359 2613 1441 2647 vitm),
1465 2612 1513 2640 sed
1528 2612 1635 2639 occulta
1658 2619 1731 2638 incn-

942 2658 979 2686 tis
1003 2662 1030 2686 et
1047 2659 1128 2685 animi
1146 2659 1302 2693 perspicere
1324 2659 1436 2692 poteris.
1448 2658 1503 2691 jam
1522 2664 1587 2684 vero
1601 2663 1730 2683 accumu-

942 2703 1058 2730 latarum
1075 2711 1203 2730 ranarum
1219 2703 1390 2737 putredinem
1405 2702 1525 2736 reperies
1544 2700 1665 2728 fetidarn.
1691 2701 1729 2727 At

944 2749 1058 2777 modesti
1078 2749 1196 2776 hominis
1216 2748 1298 2776 etiarn
1318 2749 1414 2776 oculus
1434 2747 1550 2775 mundus
1565 2751 1616 2778 est,
1633 2751 1660 2773 et
1671 2747 1727 2774 lia-c

943 2803 1002 2830 qure
1032 2794 1064 2822 ad
1098 2794 1233 2822 luxuriam
1269 2794 1402 2823 incrtaut,
1429 2794 1585 2826 spectacula
1612 2793 1726 2826 respuit.

945 2841 1034 2868 Mensa
1067 2848 1176 2876 quoquc
1188 2837 1316 2866 similiter
1333 2837 1486 2866 communis
1509 2845 1539 2865 ac
1556 2837 1654 2870 tenuis,
1674 2845 1728 2866 non
