1977 3071
38 85 97 113 353
129 82 132 86 ’

717 83 760 110 DE
778 83 858 111 VITA
878 83 1012 112 MOYSIS.

1628 78 1679 106 554

37 141 170 176 νομένων
188 139 323 168 πιστεύειν
344 139 390 166 τὸν
406 139 554 175 νομοθέτην
573 140 736 168 ἐκτίθεσθαι.
759 141 796 167 Τὸ
810 141 837 168 δὲ

889 149 945 168 sua:
965 140 1186 168 admonuerunt?
1207 139 1331 175 quamvis
1351 140 1434 166 multa
1455 146 1562 174 quoque
1579 139 1678 173 priscis

37 188 136 222 δόγμα
156 185 276 213 τοιοῦτόν
293 187 350 212 ἐστι
362 195 370 201 ·
395 185 427 212 τὸ
445 186 500 213 δεῖν
519 186 588 221 πρὸς
603 186 651 221 τὴν
667 186 766 212 κακίαν
779 187 839 213 τινὰ

37 233 74 259 δι’
94 232 200 267 ἀρετῆς
223 231 464 266 συμπλεκόμενον,
481 230 531 261 τὰς
549 230 659 266 πρώτας
678 230 731 257 τῶν
746 230 839 257 κακῶν

39 277 137 312 ἀρχὰς
164 277 205 308 είς
221 276 373 311 ἀφανισμὸν
396 276 478 311 ἔχειν.
502 277 541 311 Τῇ
557 276 610 311 γὰρ
634 277 772 311 ἀναιρέσει
790 276 840 311 τῆς

39 322 135 357 ἀρχῆς
171 321 218 348 καὶ
243 321 274 347 τδ
297 321 355 356 μετ’
378 321 486 356 ἐκείνην
506 321 730 354 συναφανίξεται,
748 321 839 353 καθὼς

38 367 168 393 διδάσκει
185 366 228 392 διὰ
257 366 305 393 τοῦ
332 366 498 400 Εὑαγγελίου
524 367 538 392 ὁ
556 366 673 402 Κύριος,
700 367 839 402 μονονουχὶ

38 412 196 448 διαρρήδην
222 411 290 446 βοῶν
314 412 435 447 ἀναιρεῖν
448 412 502 438 τῶν
524 411 680 446 Αἰγυπτίων
696 412 787 438 κακῶν
805 411 839 438 τά

40 458 222 493 πρωτότοκα,
240 457 273 483 δι’
288 453 325 484 ὧν
339 456 445 483 κελεύει
460 457 508 492 τὴν
523 456 669 491 ὲπιθυμίαν
685 457 836 488 ἀνελόντας,

41 503 93 529 καὶ
110 503 163 537 τὴν
182 501 284 537 ὀργὴν,
309 501 408 537 μηκέτι
433 501 598 533 δεδοικέναι,
618 502 687 536 μήτε
701 502 754 537 ,τῆς
779 510 839 537 μοι·

40 547 124 583 χείας
140 547 171 573 τὸ
187 547 309 582 μίασμα,
328 548 395 582 μήτε
415 546 462 573 τοῦ
487 546 566 580 φόνου
583 547 613 572 τὺ
637 546 713 580 ἄγος.
730 547 766 573 Οὐ
785 547 838 582 γὰρ

42 595 77 618 ἂν
100 592 144 626 ἐφ’
162 592 258 618 ἑαυτοῦ
281 591 394 626 συσταίη
414 592 516 618 τούτων
537 591 681 627 ἑκάτερον,
698 593 722 618 εξ
740 591 776 627 μὴ
791 592 838 626 φό-

44 646 89 663 νον
107 636 160 671 μὲν
175 637 191 671 ἡ
209 636 277 671 ὀργὴ
289 656 296 666 .
319 636 442 671 μοιχείαν
458 636 486 662 δὲ
500 637 515 671 ἡ
527 636 658 671 ἐπιθυμία
672 636 835 672 τελεσφορη-

43 690 133 708 σειεν.
160 682 236 708 Ἐπεὶ
246 680 292 708 οὖν
316 682 330 707 ὁ
352 683 391 712 εἱς
413 681 511 708 κακίαν
524 681 705 715 τεκνογονῶν,
724 681 775 717 πρὸ
789 682 837 717 τῆς

44 727 172 762 μοιχείας
195 727 285 754 τίκτει
303 727 352 762 τὴν
373 727 534 762 ἐπιθυμίαν,
553 728 601 753 καὶ
619 727 667 763 τὴν
684 728 769 763 ὀργὴν
785 729 837 763 πρὸ

41 773 92 799 τοῦ
119 773 215 807 φόνου·
245 773 260 799 ό
285 772 386 800 ἀνελὼν
411 773 456 799 τὸν
483 774 653 808 πρωτότοκον
667 793 674 806 ,
702 774 836 801 συνανεῖλε

891 186 945 212 illis
959 185 1138 220 temporibus,
1151 192 1210 219 quze
1226 192 1278 211 non
1297 185 1381 219 magis
1397 189 1505 219 propter
1519 190 1676 218 praesentes,

890 231 942 258 sub
955 230 1054 269 quibus
1068 230 1177 267 fiebant,
1194 237 1274 264 quam
1293 234 1402 264 propter
1420 230 1536 261 futuros,
1555 230 1587 257 ad
1606 238 1676 264 quo-

891 285 951 305 rum
975 277 1120 304 utilitatem
1134 277 1215 304 altius
1228 276 1368 304 reductatn
1393 276 1590 311 intelliguntur,
1605 277 1676 304 facta

892 323 986 355 fuisse,
1006 330 1059 349 non
1084 323 1275 349 dubitaverim.
1300 321 1370 354 Quid
1395 329 1460 357 ergo
1483 322 1532 348 hac
1556 322 1676 349 historiae

890 367 973 402 ﬁgura
989 368 1137 395 docemur?
1154 367 1225 402 quod
1244 370 1367 401 oporteat
1386 367 1487 401 primas
1498 368 1676 401 cogitationes

889 415 918 439 et
935 413 1021 446 prima
1039 412 1170 447 peccandi
1195 411 1282 442 initia,
1307 415 1333 438 ct
1347 412 1406 438 vias
1427 411 1529 445 primas
1547 413 1676 439 radicitus

890 457 995 484 tollere.
1015 457 1080 484 Nam
1097 457 1142 491 qui
1162 456 1296 491 principia
1311 455 1454 485 destruxit,
1470 456 1492 482 is
1506 455 1578 489 quod
1593 463 1626 482 ex
1643 455 1677 482 iis

890 502 1024 537 sequitur,
1041 502 1122 528 simul
1135 501 1243 533 delevit,
1261 501 1332 527 sicut
1348 500 1480 527 Dominus
1492 507 1539 534 per
1555 499 1678 535 Evange-

889 548 955 574 lium
980 555 1030 575 nos
1046 547 1134 579 docet,
1159 547 1353 581 propemodum
1380 546 1455 572 clara
1476 551 1542 572 voce
1563 553 1613 572 nos
1629 545 1677 572 ad~

888 601 1019 627 monens,
1057 597 1088 620 ut
1113 592 1304 628 Egyptiorum
1336 592 1470 618 malorum
1499 591 1677 626 primogenita

888 638 1094 669 interimamus,
1128 637 1191 663 dum
1211 636 1304 670 jubet,
1336 639 1365 662 ut
1391 635 1565 669 cupiditatem
1597 640 1678 669 atque

888 681 956 708 iram
973 682 1081 716 penitus
1097 681 1316 715 exstinguamus,
1338 687 1389 706 nec
1409 679 1536 713 deinCeps
1553 678 1677 707 adulterii

888 727 1066 762 pollutionem
1093 731 1141 753 aut
1164 725 1307 753 homicidii
1330 725 1421 752 scelus
1444 724 1676 757 reformidemus;

889 778 1028 806 nunquam
1052 771 1123 797 enim
1153 769 1255 804 aliquid
1279 770 1376 796 horum
1400 769 1466 796 oriri
1493 772 1599 803 potest.
1615 769 1675 806 “nisi

43 820 157 851 πάντως
174 819 221 846 καὶ
235 819 284 854 τὴν
300 819 497 846 ἀκολουθοῦσαν
512 819 550 854 τῷ
565 819 727 855 πρωτοτόκῳ
743 820 833 856 γονὴν,

889 817 1001 843 alterum
1028 824 1060 843 ex
1093 816 1144 847 ira,
1170 816 1285 842 alterum
1308 822 1341 841 ex
1365 814 1513 848 cupiditate
1536 817 1675 841 nascatur.

44 865 144 900 ὥσπερ
170 865 217 891 καὶ
240 865 286 890 ἐπὶ
307 864 354 891 τοῦ
379 865 465 899 ὅψεως
481 866 494 891 ὸ
510 865 559 899 τὴν
578 865 697 901 κεφαλὴν
717 866 833 901 πλήξας,

44 910 107 935 ὅλον
127 909 351 944 συναπενὲκρωσε
373 909 418 936 τὸν
439 910 553 937 κατόπιν
572 910 650 937 ὁλκὸν
675 911 703 938 ὃν
722 911 834 946 ἐφέλκε-

45 965 102 983 ται.
118 956 205 983 Τοῦτο
219 956 246 983 δὲ
262 957 311 982 οὐκ
331 956 364 983 ἂν
378 956 496 990 γένοιτο,
512 957 549 992 μὴ
566 957 741 992 προχεθέντος
757 957 836 992 ἡμῶν

44 1003 106 1034 ταῖς
126 1002 238 1033 εἰσόδοις
260 1001 363 1028 ἐκείνου
377 1002 424 1028 τοῦ
443 1002 566 1037 αἵματος,
586 1002 600 1028 ὃ
614 1002 659 1028 τὸν
676 1002 836 1037 ὀλοθρευτὴν

46 1047 226 1082 ἀποστρέφει.
253 1048 308 1074 Καὶ
332 1047 356 1073 εξ
383 1047 435 1082 χρὴ
449 1048 499 1083 τὴν
521 1047 697 1074 ἀποδοθεῖσαν
718 1048 836 1074 διάνοιαν

47 1093 244 1128 ἀκριϐέστερον
261 1093 290 1119 ὲν
304 1094 359 1124 τοῖς
376 1093 532 1128 εἰρημένοις
550 1093 714 1127 κατανοῆσαι
728 1102 735 1108 ·
758 1092 836 1119 τοῦτο

46 1139 81 1164 δι’
99 1139 237 1174 ἑκατέρων
257 1139 364 1165 δίδωσιν
377 1140 394 1174 ἡ
411 1140 515 1174 ίστορία
530 1141 609 1171 νοεῖν,
622 1140 653 1165 ἔκ
669 1148 698 1166 τε
711 1139 758 1166 τοῦ
773 1140 836 1166 ἅνε·

47 1184 104 1210 λεῖν
126 1185 161 1211 τὰ
181 1185 355 1220 πρωτότοκα,
379 1184 424 1211 καὶ
449 1185 480 1211 ἐκ
501 1184 547 1210 τοῦ
571 1184 603 1210 δι’
616 1185 730 1219 αἵματος
753 1193 836 1211 κατα-

49 1229 230 1264 σφαλισθῆναι
256 1229 305 1265 τὴν
334 1229 444 1256 εἴσοδον.
479 1229 552 1256 Ἐκεῖ
577 1238 607 1255 τε
633 1230 719 1265 γὰρὴ
740 1229 835 1265 πρώτη

48 1273 123 1309 ὁρμὴ
145 1273 191 1300 τοῦ
211 1274 296 1300 κακοῦ
316 1274 491 1308 ἀφανίζεται,
510 1276 557 1302 καὶ
576 1275 692 1302 ἐνταῦθα
708 1277 724 1310 ἡ
741 1275 836 1311 πρώτη

48 1320 99 1354 τῆς
131 1319 229 1351 κακίας
260 1320 361 1352 εἴσοδος
393 1321 452 1347 καθ’
480 1321 557 1356 ἡμῶν
571 1321 613 1347 διὰ
637 1321 684 1348 ’τοῦ
710 1321 836 1357 ἀληθινοῦ

50 1365 137 1400 ἀμνοῦ
159 1366 361 1403 ἐπιστρέφεται.
388 1366 425 1392 Οὐ
450 1366 506 1402 γὰρ
531 1367 605 1399 ἐντὸς
626 1368 769 1402 γενόμενον
793 1367 837 1394 τὸν

50 1409 212 1445 ὁλοθρευτὴν
231 1411 264 1436 δι’
285 1411 406 1442 ἐπινοίας
422 1411 588 1447 ὲκῦάλλομεν
600 1432 607 1444 ,
633 1412 690 1438 ἀλλ’
708 1414 780 1444 ὅπως
804 1413 837 1440 ἂν

53 1454 120 1488 μηδὲ
135 1454 183 1489 τὴν
199 1454 285 1490 ἀρχὴν
308 1456 374 1490 ἡμῖν
389 1455 557 1491 παρεισδύσῃ
568 1477 576 1487 ,
594 1457 715 1492 φυλακὴν
731 1457 774 1483 διὰ
790 1457 836 1484 τοῦ

51 1502 133 1537 νόμου
158 1502 317 1537 ποιούμεθα.
335 1503 443 1539 Φυλακὴ
466 1504 495 1530 δέ
520 1505 578 1530 ἐστι
599 1505 646 1531 καὶ
660 1505 793 1539 ἀσφάλεια
806 1505 837 1531 τὸ

52 1546 91 1581 τῷ
107 1546 204 1581 αἵματι
225 1546 271 1572 τοῦ
297 1547 383 1582 ἀμνοῦ
398 1548 450 1583 ’τήν
475 1556 504 1574 τε
521 1547 601 1582 φλιὰν
626 1549 671 1574 καὶ
687 1549 749 1580 τοὺς
772 1557 836 1574 στα-

53 1591 138 1626 θμοὺς
156 1592 205 1626 τῆς
218 1592 320 1618 εἰσόδου
333 1593 576 1628 κατασημήνασθαι
587 1603 594 1610 ν
610 1594 696 1622 ταῦτα
711 1595 773 1630 περὶ
785 1594 836 1629 ψυ-

53 1636 102 1671 χῆς
119 1636 185 1670 ἡμῖν
202 1637 422 1670 φυσιολογοῦντος
435 1638 468 1664 δι’
491 1639 659 1672 αἰνιγμάτων
680 1639 727 1666 τοῦ
744 1639 835 1674 λόγου,

53 1679 67 1704 ὃ
80 1679 126 1705 καὶ
141 1680 157 1714 ἡ
181 1679 280 1712 ἔξωθεν
295 1680 434 1712 παίδευσις
452 1682 616 1717 ὲφαντὰσθη,
635 1682 776 1718 διαιροῦσα
789 1683 837 1719 τὴν

53 1725 140 1760 ψυχὴν
162 1726 201 1756 εἰς
223 1725 254 1751 τὸ
275 1725 425 1759 λογιστικὸν
445 1727 492 1753 καὶ
509 1727 706 1764 ἐπιθυμητικὸν
719 1729 765 1755 καὶ
789 1729 837 1755 θυ-

55 1770 167 1804 μοειδές.
187 1769 296 1802 Τούτοις
308 1771 335 1797 δὲ
352 1772 398 1797 καὶ
412 1771 460 1807 τὴν
475 1772 622 1807 ἐπιθυμίαν
639 1773 837 1808 ὑπερϐεϐηκέναι

55 1816 135 1849 φασὶν
145 1835 152 1847 ,
166 1816 333 1851 ἑκατέρωθεν
344 1817 374 1843 τὸ
387 1817 553 1852 διανοητικὸν
567 1818 616 1853 τῆς
630 1818 718 1853 ψυχῆς
730 1819 839 1854 ὑπερεί-

53 1861 162 1887 δουσαν·
176 1861 222 1887 τὸν
238 1861 266 1888 δὲ
286 1861 413 1897 λογισμὸν
433 1862 597 1898 ἀμφοτέροις
622 1864 837 1899 ὲπεξευγμένον,

56 1905 174 1941 συνέχειν
199 1915 228 1940 τε
254 1907 366 1938 αὐτοὺς,
394 1908 442 1934 καὶ
469 1908 521 1934 ὑπὸ
542 1908 653 1935 ἐκείνων
678 1909 836 1944 ἀνέχεσθαι·

55 1953 121 1987 πρὸς
139 1953 187 1987 μὲν
211 1953 334 1988 ἀνδρείαν
348 1953 387 1989 τῷ
411 1954 488 1989 θυμῷ
506 1955 704 1990 στομούμενον,
729 1956 797 1991 πρὸς
811 1956 839 1983 δὲ

55 1997 103 2032 τὴν
118 1998 163 2024 τοῦ
180 1998 283 2032 ἀγαθοῦ
306 1999 448 2034 μετουσίαν
468 1999 501 2026 δι’
517 1999 662 2035 ἐπιθυμίας
678 2001 838 2036 ὑψούμενον.

57 2043 127 2073 Ἕως
148 2042 180 2069 ἂν
201 2041 246 2069 οὖν
273 2044 288 2078 ἡ
306 2043 379 2079 ψυχὴ
397 2044 435 2079 τῷ
452 2045 571 2079 σχήματι
588 2045 673 2080 τούτῳ
697 2054 838 2080 κατησφα-

56 2087 168 2123 λισμένη
180 2089 258 2124 τύχῃ,
271 2089 394 2125 καθάπερ
407 2089 462 2115 τισὶ
475 2090 591 2124 γόμφοις
602 2091 657 2122 τοῖς
667 2092 727 2117 κατ’
741 2091 840 2127 ἀρετὴν

887 858 940 892 Qui
959 859 1170 894 primogenitum
1187 858 1328 891 interimit,
1342 858 1365 886 is
1386 862 1493 892 partum
1509 866 1617 892 quoque
1629 858 1675 892 qui

886 914 919 933 ex
940 905 1120 940 primogenito
1137 906 1270 936 nascitur,
1288 904 1370 931 simul
1391 901 1532 931 interimit.
1556 903 1633 931 Sicut
1649 905 1675 931 in

886 950 1037 978 occidendo
1053 954 1189 985 serpente,
1202 951 1247 984 qui
1265 953 1347 984 caput
1364 949 1501 984 oppressit
1518 953 1599 983 atque
1619 956 1678 984 per-

887 995 983 1027 cussit,
1014 995 1038 1022 is
1067 998 1154 1022 totum
1184 995 1256 1029 quod
1281 1001 1297 1021 a
1322 995 1411 1029 capite
1434 994 1551 1021 trahitur
1575 1001 1676 1029 corpus

886 1039 1070 1072 mortiﬁcavit,
1095 1039 1167 1074 quod
1196 1039 1307 1066 minime
1332 1046 1451 1074 unquam
1483 1039 1540 1065 lieri
1564 1039 1675 1073 poterit,

887 1086 940 1112 nisi
963 1086 1075 1121 sanguis
1091 1087 1118 1112 in
1138 1085 1216 1112 ostiis
1232 1076 1405 1114 infundatur,
1425 1084 1472 1118 qui
1486 1091 1674 1118 percussorem

887 1132 966 1159 facile
981 1132 1095 1166 repellit.
1114 1131 1142 1158 ld
1159 1138 1223 1166 ergo
1238 1134 1384 1165 utrumque
1399 1130 1425 1156 in
1452 1137 1534 1156 unum
1557 1137 1676 1164 compte-

887 1181 1014 1205 ctamur:
1033 1178 1073 1205 sic
1096 1177 1168 1204 enitn
1195 1177 1297 1204 rectius
1316 1176 1534 1210 acquuisitius
1556 1184 1676 1210 expone-

887 1226 941 1250 tur.
956 1222 1202 1257 Primogenitorum
1224 1229 1290 1249 nece
1314 1227 1340 1248 et
1359 1221 1478 1255 postium
1500 1229 1547 1255 per
1565 1221 1673 1256 sangui-

887 1275 949 1295 nem
973 1268 1096 1295 custodia
1113 1268 1256 1299 discimus,
1276 1271 1302 1294 et
1325 1267 1400 1294 illinc
1421 1267 1523 1300 primas
1544 1267 1674 1294 vitiorum

888 1313 1067 1348 appetitiones
1090 1313 1238 1344 tollendas,
1261 1316 1287 1339 et
1313 1313 1376 1339 hinc
1403 1313 1521 1348 primutn
1547 1313 1675 1340 vitiorum

888 1359 1019 1386 advel-Sus
1035 1366 1084 1385 nos
1097 1359 1197 1386 aditum
1208 1366 1257 1394 per
1268 1367 1361 1386 verum
1375 1366 1474 1393 agnum
1490 1359 1675 1393 repellendum

888 1412 948 1431 esse
970 1404 1165 1439 intelligimus;
1184 1411 1238 1431 non
1258 1404 1329 1431 enim
1355 1403 1506 1438 ingressum
1531 1411 1675 1438 percusso-

889 1457 946 1477 rem
966 1450 1076 1484 ejicere,
1091 1449 1138 1477 sed
1155 1457 1188 1476 ne
1203 1449 1315 1476 omnino
1332 1449 1565 1483 subiugrediatur.
1579 1456 1677 1476 cavere

889 1493 929 1524 lex
944 1493 1030 1528 jubet.
1055 1493 1152 1520 Cautio
1176 1498 1264 1520 autem
1285 1497 1312 1519 et
1338 1493 1461 1531 custodia
1484 1496 1541 1519 tuta
1568 1497 1619 1524 est,
1646 1497 1676 1519 ut

887 1539 948 1574 agni
971 1539 1104 1574 sanguine
1125 1538 1335 1573 superliminare
1354 1537 1435 1564 simul
1457 1541 1485 1564 et
1502 1542 1594 1572 postes
1614 1546 1677 1572 pcr-

888 1584 1092 1619 ungamuszita
1115 1591 1163 1619 per
1188 1585 1331 1618 arn‘gmata
1353 1590 1403 1610 nos
1429 1591 1461 1610 ea
1491 1583 1534 1610 lex
1553 1583 1675 1615 instruit,

887 1630 980 1658 δεξιουΙί
1005 1637 1113 1664 quoque
1137 1629 1261 1656 doctrina
1286 1629 1501 1663 philosophatur.
1528 1627 1595 1655 Nam
1616 1629 1677 1655 ani-

888 1682 959 1702 mam
979 1675 1005 1701 in
1025 1674 1168 1706 rationale,
1184 1673 1399 1708 concupiscibile
1418 1680 1450 1699 ac
1463 1673 1599 1700 irascibile
1614 1674 1676 1708 phi-

888 1720 994 1754 losophi
1011 1720 1168 1753 partiuntur
1184 1727 1190 1744 :
1204 1725 1321 1752 quorum
1343 1717 1397 1744 duo
1412 1721 1561 1751 postrema,
1578 1718 1676 1745 irasci-

888 1765 942 1792 bile
976 1766 1037 1792 dico
1065 1770 1094 1792 et
1128 1764 1359 1798 concupiscibile,
1387 1764 1501 1790 subesse
1529 1763 1614 1794 aiunt,
1645 1770 1677 1789 ac

889 1815 1037 1846 utrumque
1049 1807 1183 1838 ratibnale
1198 1810 1337 1838 sustinere
1350 1818 1356 1836 :
1369 1808 1502 1835 rationale
1514 1816 1578 1835 vero
1593 1808 1677 1835 utris-

889 1865 942 1892 que
964 1856 1086 1883 innixum
1108 1861 1223 1890 utraque
1252 1855 1410 1886 continere,
1441 1859 1467 1882 et
1494 1855 1527 1881 ab
1552 1855 1677 1889 utrisque

891 1902 1034 1934 sustineri,
1055 1905 1084 1928 ut
1095 1901 1127 1928 ad
1143 1901 1251 1927 fortiter
1264 1899 1374 1934 quidem
1393 1900 1525 1934 agendum
1545 1908 1593 1934 per
1606 1900 1675 1926 iram

894 1949 1030 1977 excitetur
1047 1955 1079 1974 ac
1101 1947 1255 1978 roboretur,
1274 1945 1307 1972 ad
1326 1946 1389 1972 boni
1406 1949 1496 1972 autem
1518 1946 1675 1972 lruitionem

890 1993 1113 2028 concupiscentia
1137 1992 1278 2019 ell‘eralur.
1305 1991 1454 2027 Quousque
1481 1991 1565 2026 igitur
1586 1992 1677 2019 anima

889 2041 943 2068 hoc
962 2040 1059 2068 ordine
1076 2039 1194 2073 seipsam
1216 2041 1332 2070 tutatur,
1356 2038 1440 2065 rectis
1463 2039 1676 2073 cogitationibus

891 2085 970 2121 quasi
986 2083 1148 2119 quibusdam
1164 2083 1261 2114 clavis,
1279 2083 1353 2110 hunc
1368 2083 1483 2110 istorum
1500 2084 1582 2110 trium
1601 2083 1676 2111 ordi-

57 2135 172 2169 νοήμασι
194 2135 225 2160 τὺ
245 2134 352 2169 βέϐαιον
369 2134 482 2169 ἔχουσα,
507 2136 536 2161 ὲν
561 2135 634 2171 πάσῃ
661 2136 693 2162 δι’
719 2135 837 2171 ἀλλήλων

893 2139 953 2159 nem
967 2138 1132 2158 conservans
1144 2150 1151 2162 ,
1167 2130 1283 2157 alterum
1299 2130 1333 2157 ab
1348 2131 1433 2158 altero
1450 2131 1539 2164 quoad
1567 2131 1676 2158 virtutis

57 2178 157 2210 γίνεται
172 2179 205 2213 τῇ
223 2178 290 2213 πρὸς
307 2179 335 2204 τὸ
350 2178 430 2204 καλὸν
447 2179 576 2213 συνεργία
588 2187 594 2194 '
612 2179 776 2215 παρέχοντος
790 2180 838 2216 ἤδη

57 2223 88 2249 δι’
105 2223 201 2249 ἑαυτοῦ
212 2225 268 2255 τοῖς
284 2223 465 2258 ὑποϐεϐηκόσι
478 2223 525 2250 τοῦ
546 2224 675 2260 λογισμοῦ
692 2225 741 2261 τὴν
752 2225 840 2259 ἀσφά-

57 2268 138 2299 λειαν,
153 2269 198 2294 καὶ
220 2269 248 2294 ὲν
266 2268 304 2303 τῷ
323 2268 399 2303 μέρει
417 2269 482 2303 παρ’
497 2269 607 2295 ἐκείνων
618 2270 668 2304 τὴν
685 2269 744 2304 ῐσην
760 2269 840 2305 χάριν

58 2314 306 2349 ἁντιλαμὸάνοντος.
332 2315 362 2340 El
378 2314 405 2340 δὲ
422 2314 606 2350 ἀναστραφείη
622 2315 652 2341 τὸ
668 2315 761 2350 σχῆμα
771 2336 778 2347 ,
793 2315 840 2342 καὶ

57 2359 90 2385 τὰ
112 2359 166 2385 ἄνω
192 2359 295 2392 γένοιτο
318 2359 409 2390 κάτω,
435 2359 504 2385 ὥστε
528 2359 599 2386 κατά
620 2360 840 2395 τὺλπατούμενον

59 2404 138 2439 μέρος
151 2403 195 2430 τὸν
210 2404 337 2439 λογισμὸν
350 2405 466 2432 πεσόντα
483 2405 538 2431 ἄνω
553 2405 649 2431 ἑαυτοῦ
665 2405 777 2440 ποιῆσαι
791 2405 839 2441 τὴν

59 2448 255 2483 ἐπιθυμητικήν
276 2457 305 2475 τε
330 2449 376 2475 καὶ
389 2448 498 2484 θυμώδη
517 2449 650 2476 διάθεσιν’
677 2450 735 2475 τότε
753 2450 766 2476 ἦ
781 2449 839 2476 ὀλο-

60 2494 158 2528 θρεύων
182 2495 221 2526 εἰς
237 2494 271 2521 τὰ
287 2495 361 2526 ἐντὸς
385 2495 566 2529 παραδύεται,
586 2495 719 2530 μηδεμιᾶς
742 2495 791 2530 τῆς
805 2496 838 2522 ὲκ

59 2539 103 2565 τοῦ
126 2539 239 2573 αἵματος
265 2539 440 2570 ἀντιπαθείας
455 2539 660 2575 ἀντιϐαινούσης
676 2539 750 2575 αὺτῷ
771 2540 839 2575 προς

58 2586 105 2619 τὴν
129 2585 243 2617 εἴσοδον,
272 2585 412 2617 τουτέστι,
425 2581 480 2616 τοῖς
497 2584 568 2611 οὕτω
593 2585 774 2621 διακειμένοις
791 2586 839 2620 τῆς

59 2632 96 2662 είς
112 2630 223 2666 Χριστὸν
246 2632 363 2661 πίστεως
385 2630 591 2665 συμμαχούσης.
615 2630 659 2665 Τῷ
676 2631 731 2666 γὰρ
745 2631 839 2666 αἵματι

58 2676 160 2710 πρῶτον
174 2675 328 2709 ὲπαλείιρειν
343 2675 445 2702 κελεύει
456 2675 504 2710 τὴν
519 2675 575 2702 ἂνω
589 2675 679 2709 φλιάν,
694 2674 743 2702 εἷθ’
755 2676 840 2707 οὕτως

59 2721 238 2755 ἐπιθιγγάνειν
261 2720 315 2747 τῶν
329 2719 455 2755 σταθμῶν
471 2720 649 2756 ἑκατέρωθεν.
668 2721 729 2753 Πῶς
743 2721 775 2748 ἂν
792 2719 838 2748 οὖν

59 2775 98 2797 τις
112 2766 262 2800 ἐπαλείψειε
278 2766 307 2791 τὸ
328 2765 383 2791 ἀνω
399 2764 519 2800 πρῶτον,
541 2765 571 2791 τὸ
594 2765 630 2800 μὴ
646 2766 837 2802 εὑριςκόμενον

893 2178 994 2205 cultum
1023 2177 1306 2211 coadjuvatur:ratio
1326 2177 1398 2204 enim
1424 2177 1560 2204 irascendi
1575 2181 1602 2204 et
1627 2185 1676 2204 cu-

893 2224 984 2259 piendi
1001 2225 1054 2251 vim
1077 2224 1110 2250 ad
1130 2224 1231 2250 bonum
1247 2223 1351 2258 dirigit,
1369 2227 1396 2250 et
1419 2223 1453 2250 ab
1479 2223 1544 2255 illis,
1559 2227 1589 2250 ut
1604 2223 1676 2251 dixi-

893 2277 964 2299 mus,
980 2268 1184 2296 corroboratur.
1203 2267 1230 2294 Si
1249 2275 1313 2294 vero
1327 2268 1351 2295 is
1369 2268 1437 2294 ordo
1451 2275 1602 2301 conversus
1616 2268 1676 2296 fue—

892 2314 939 2347 rit,
954 2314 1068 2348 etquod
1090 2320 1172 2348 supra
1193 2321 1255 2340 esse
1276 2313 1366 2344 debet,
1390 2313 1561 2348 subjiciatur,
1582 2318 1609 2341 et
1625 2322 1676 2341 cu-

893 2360 983 2394 piendi
1006 2367 1038 2386 ac
1061 2359 1196 2386 irascendi
1215 2359 1256 2386 vis
1281 2359 1413 2386 rationem
1437 2359 1470 2386 de
1491 2359 1549 2386 loco
1565 2367 1615 2387 suo
1630 2361 1676 2387 de-

890 2406 990 2440 jectam
1010 2405 1162 2437 conculcet,
1180 2409 1246 2431 tunc
1266 2413 1412 2439 percussor
1434 2405 1597 2440 ingreditur,
1611 2410 1676 2434 tunc

891 2450 967 2477 nulla
981 2450 1122 2484 sanguinis
1138 2450 1178 2477 vis
1190 2449 1241 2483 ipsi
1256 2450 1376 2482 resistit;
1393 2450 1461 2476 nihil
1476 2451 1547 2477 enim
1562 2450 1627 2478 [ich
1648 2452 1675 2478 in

890 2496 1028 2523 Christum
1045 2495 1086 2522 his
1107 2496 1230 2530 prodest,
1251 2495 1297 2530 qui
1317 2497 1490 2529 pervcrsione
1506 2495 1588 2530 hujus
1602 2497 1676 2523 ordi-

890 2541 932 2567 nis
947 2546 1171 2575 corrumpuntnr.
1184 2540 1276 2567 Primo
1286 2540 1357 2567 enim
1371 2541 1581 2575 superlitninare
1597 2542 1676 2569 inuu-

890 2586 1019 2621 gcndum,
1033 2585 1130 2613 deinde
1146 2591 1291 2621 utrumque
1314 2590 1418 2621 postem
1435 2587 1593 2622 tingendum
1613 2595 1676 2615 sau-

890 2633 972 2667 guine
1001 2632 1090 2667 jubet.
1120 2632 1262 2665 Quomodo
1288 2633 1370 2666 igitur
1404 2633 1508 2667 poteris
1543 2633 1676 2660 rationein

892 2677 1009 2712 primum
1035 2677 1137 2704 Christi
1156 2677 1207 2704 [ide
1223 2678 1401 2708 communire,
1425 2684 1486 2704 cum
1507 2684 1567 2705 eam
1594 2684 1677 2711 supra

891 2730 1013 2757 quaerere
1033 2722 1177 2756 jubearis?
1200 2722 1222 2749 si
1238 2729 1321 2756 supra
1347 2729 1406 2748 eam
1428 2721 1453 2748 in
1470 2721 1530 2748 loco
1547 2729 1598 2748 suo
1623 2728 1677 2748 non

893 2769 1026 2801 invenies,
1047 2769 1122 2796 nullo
1145 2772 1221 2796 certe
1247 2767 1338 2795 modo.
1368 2766 1421 2795 Nec
1441 2771 1467 2794 te
1481 2768 1582 2799 turbet,
1605 2766 1677 2801 quod
