  <div class='ocr_page' id='page_1' title='image "/cluster/home/n/w/nwhite01/storage/ocr_20150623/44/njp.32101009003169/183.png"; bbox 0 0 1977 3071; ppageno 0'>
   <div class='ocr_carea' id='block_1_1' title="bbox 307 81 360 109">
    <p class='ocr_par' dir='ltr' id='par_1_1' title="bbox 307 81 360 109">
     <span class='ocr_line' id='line_1_1' title="bbox 307 81 360 109; baseline -0.019 0"><span class='ocrx_word' id='word_1_1' title='bbox 307 81 360 109; x_wconf 64' lang='grc' dir='ltr'>διε</span> 
     </span>
    </p>
   </div>
   <div class='ocr_carea' id='block_1_2' title="bbox 899 82 1278 111">
    <p class='ocr_par' dir='ltr' id='par_1_2' title="bbox 899 82 1278 111">
     <span class='ocr_line' id='line_1_2' title="bbox 899 82 1278 111; baseline 0 -1"><span class='ocrx_word' id='word_1_2' title='bbox 899 82 928 110; x_wconf 90' lang='lat' dir='ltr'><strong>S.</strong></span> <span class='ocrx_word' id='word_1_3' title='bbox 947 82 1111 111; x_wconf 79' lang='lat' dir='ltr'><strong>GREGORII</strong></span> <span class='ocrx_word' id='word_1_4' title='bbox 1132 82 1278 110; x_wconf 74' lang='lat' dir='ltr'><strong>NYSSENI</strong></span> 
     </span>
    </p>
   </div>
   <div class='ocr_carea' id='block_1_3' title="bbox 1878 79 1932 107">
    <p class='ocr_par' dir='ltr' id='par_1_3' title="bbox 1878 79 1932 107">
     <span class='ocr_line' id='line_1_3' title="bbox 1878 79 1932 107; baseline 0.019 -1"><span class='ocrx_word' id='word_1_5' title='bbox 1878 79 1932 107; x_wconf 73' lang='lat'><strong>3‘56</strong></span> 
     </span>
    </p>
   </div>
   <div class='ocr_carea' id='block_1_4' title="bbox 308 135 1095 174">
    <p class='ocr_par' dir='ltr' id='par_1_4' title="bbox 308 135 1094 172">
     <span class='ocr_line' id='line_1_4' title="bbox 308 135 1094 172; baseline 0.004 -10"><span class='ocrx_word' id='word_1_6' title='bbox 308 136 552 171; x_wconf 74' lang='lat' dir='ltr'><strong>primogenitorum</strong></span> <span class='ocrx_word' id='word_1_7' title='bbox 568 135 669 164; x_wconf 85' lang='lat' dir='ltr'><strong>caedem</strong></span> <span class='ocrx_word' id='word_1_8' title='bbox 692 136 828 172; x_wconf 64' lang='lat' dir='ltr'><strong>Egyptiis</strong></span> <span class='ocrx_word' id='word_1_9' title='bbox 850 137 963 170; x_wconf 76' lang='lat' dir='ltr'><strong>illatam,</strong></span> <span class='ocrx_word' id='word_1_10' title='bbox 984 143 1010 165; x_wconf 89' lang='lat' dir='ltr'><strong>et</strong></span> <span class='ocrx_word' id='word_1_11' title='bbox 1029 146 1094 165; x_wconf 82' lang='lat' dir='ltr'><strong>sau-</strong></span> 
     </span>
    </p>
   </div>
   <div class='ocr_carea' id='block_1_5' title="bbox 1147 135 1935 174">
    <p class='ocr_par' dir='ltr' id='par_1_5' title="bbox 1147 136 1935 174">
     <span class='ocr_line' id='line_1_5' title="bbox 1147 136 1935 174; baseline -0.001 -9"><span class='ocrx_word' id='word_1_12' title='bbox 1147 138 1218 171; x_wconf 69' lang='lat' dir='ltr'><strong>ivw;</strong></span> <span class='ocrx_word' id='word_1_13' title='bbox 1235 139 1266 165; x_wconf 75' lang='lat' dir='ltr'><strong>Et</strong></span> <span class='ocrx_word' id='word_1_14' title='bbox 1281 139 1309 165; x_wconf 78' lang='grc' dir='ltr'>δὲ</span> <span class='ocrx_word' id='word_1_15' title='bbox 1326 138 1372 164; x_wconf 78' lang='grc' dir='ltr'>καὶ</span> <span class='ocrx_word' id='word_1_16' title='bbox 1394 138 1431 174; x_wconf 85' lang='grc' dir='ltr'>μὴ</span> <span class='ocrx_word' id='word_1_17' title='bbox 1451 139 1485 165; x_wconf 75' lang='grc' dir='ltr'>τὰ</span> <span class='ocrx_word' id='word_1_18' title='bbox 1505 138 1552 165; x_wconf 82' lang='grc' dir='ltr'><strong>δύο</strong></span> <span class='ocrx_word' id='word_1_19' title='bbox 1577 137 1632 169; x_wconf 80' lang='grc' dir='ltr'>τοῖς</span> <span class='ocrx_word' id='word_1_20' title='bbox 1656 136 1834 173; x_wconf 79' lang='grc' dir='ltr'><strong>Ἰσραηλίταις</strong></span> <span class='ocrx_word' id='word_1_21' title='bbox 1852 139 1935 173; x_wconf 72' lang='grc' dir='ltr'>γεγέ-</span> 
     </span>
    </p>
   </div>
   <div class='ocr_carea' id='block_1_6' title="bbox 307 182 1094 218">
    <p class='ocr_par' dir='ltr' id='par_1_6' title="bbox 307 182 1094 218">
     <span class='ocr_line' id='line_1_6' title="bbox 307 182 1094 218; baseline 0.003 -9"><span class='ocrx_word' id='word_1_22' title='bbox 307 183 398 218; x_wconf 73' lang='lat' dir='ltr'><strong>guinis</strong></span> <span class='ocrx_word' id='word_1_23' title='bbox 427 182 591 210; x_wconf 73' lang='lat' dir='ltr'><strong>elfusionem</strong></span> <span class='ocrx_word' id='word_1_24' title='bbox 627 187 710 217; x_wconf 82' lang='lat' dir='ltr'><strong>atque</strong></span> <span class='ocrx_word' id='word_1_25' title='bbox 735 183 920 211; x_wconf 88' lang='lat' dir='ltr'><strong>inunctionem</strong></span> <span class='ocrx_word' id='word_1_26' title='bbox 949 192 964 211; x_wconf 86' lang='lat' dir='ltr'><strong>a</strong></span> <span class='ocrx_word' id='word_1_27' title='bbox 995 184 1094 212; x_wconf 77' lang='lat' dir='ltr'><strong>Judaeis</strong></span> 
     </span>
    </p>
   </div>
   <div class='ocr_carea' id='block_1_7' title="bbox 307 229 1096 265">
    <p class='ocr_par' dir='ltr' id='par_1_7' title="bbox 307 229 1096 265">
     <span class='ocr_line' id='line_1_7' title="bbox 307 229 1096 265; baseline 0.003 -10"><span class='ocrx_word' id='word_1_28' title='bbox 307 229 418 260; x_wconf 81' lang='lat' dir='ltr'><strong>factam,</strong></span> <span class='ocrx_word' id='word_1_29' title='bbox 444 229 471 255; x_wconf 88' lang='lat' dir='ltr'><strong>in</strong></span> <span class='ocrx_word' id='word_1_30' title='bbox 494 236 580 256; x_wconf 87' lang='lat' dir='ltr'><strong>unum</strong></span> <span class='ocrx_word' id='word_1_31' title='bbox 602 229 791 262; x_wconf 73' lang='lat' dir='ltr'><strong>contulimus;</strong></span> <span class='ocrx_word' id='word_1_32' title='bbox 818 237 890 257; x_wconf 91' lang='lat' dir='ltr'><strong>unus</strong></span> <span class='ocrx_word' id='word_1_33' title='bbox 917 231 988 256; x_wconf 89' lang='lat' dir='ltr'><strong>enim</strong></span> <span class='ocrx_word' id='word_1_34' title='bbox 1013 234 1096 265; x_wconf 88' lang='lat' dir='ltr'><strong>atque</strong></span> 
     </span>
    </p>
   </div>
   <div class='ocr_carea' id='block_1_8' title="bbox 306 273 1094 309">
    <p class='ocr_par' dir='ltr' id='par_1_8' title="bbox 306 273 1094 309">
     <span class='ocr_line' id='line_1_8' title="bbox 306 273 1094 309; baseline 0.003 -9"><span class='ocrx_word' id='word_1_35' title='bbox 306 273 378 301; x_wconf 86' lang='lat' dir='ltr'><strong>idem</strong></span> <span class='ocrx_word' id='word_1_36' title='bbox 402 275 484 301; x_wconf 90' lang='lat' dir='ltr'><strong>homo</strong></span> <span class='ocrx_word' id='word_1_37' title='bbox 505 278 531 301; x_wconf 83' lang='lat' dir='ltr'><strong>et</strong></span> <span class='ocrx_word' id='word_1_38' title='bbox 554 274 701 309; x_wconf 67' lang='lat' dir='ltr'><strong>Egyptius</strong></span> <span class='ocrx_word' id='word_1_39' title='bbox 721 279 748 302; x_wconf 89' lang='lat' dir='ltr'><strong>et</strong></span> <span class='ocrx_word' id='word_1_40' title='bbox 772 274 883 302; x_wconf 68' lang='lat' dir='ltr'><strong>Iudaeus</strong></span> <span class='ocrx_word' id='word_1_41' title='bbox 906 275 1038 302; x_wconf 82' lang='lat' dir='ltr'><strong>varietate</strong></span> <span class='ocrx_word' id='word_1_42' title='bbox 1056 275 1094 302; x_wconf 80' lang='lat' dir='ltr'><strong>vi~</strong></span> 
     </span>
    </p>
   </div>
   <div class='ocr_carea' id='block_1_9' title="bbox 307 320 1094 355">
    <p class='ocr_par' dir='ltr' id='par_1_9' title="bbox 307 320 1094 355">
     <span class='ocr_line' id='line_1_9' title="bbox 307 320 1094 355; baseline 0.001 -9"><span class='ocrx_word' id='word_1_43' title='bbox 307 320 387 346; x_wconf 81' lang='lat' dir='ltr'><strong>vendi</strong></span> <span class='ocrx_word' id='word_1_44' title='bbox 405 325 432 346; x_wconf 88' lang='lat' dir='ltr'><strong>et</strong></span> <span class='ocrx_word' id='word_1_45' title='bbox 452 321 527 346; x_wconf 83' lang='lat' dir='ltr'><strong>varia</strong></span> <span class='ocrx_word' id='word_1_46' title='bbox 553 321 693 347; x_wconf 90' lang='lat' dir='ltr'><strong>voluntate</strong></span> <span class='ocrx_word' id='word_1_47' title='bbox 711 327 743 348; x_wconf 83' lang='lat' dir='ltr'><strong>ac</strong></span> <span class='ocrx_word' id='word_1_48' title='bbox 769 321 902 348; x_wconf 82' lang='lat' dir='ltr'><strong>electione</strong></span> <span class='ocrx_word' id='word_1_49' title='bbox 921 320 1094 355; x_wconf 77' lang='lat' dir='ltr'><strong>intelligitur.</strong></span> 
     </span>
    </p>
   </div>
   <div class='ocr_carea' id='block_1_10' title="bbox 306 365 1094 400">
    <p class='ocr_par' dir='ltr' id='par_1_10' title="bbox 306 365 1094 400">
     <span class='ocr_line' id='line_1_10' title="bbox 306 365 1094 400; baseline 0 -8"><span class='ocrx_word' id='word_1_50' title='bbox 306 366 400 400; x_wconf 83' lang='lat' dir='ltr'><strong>Itaque</strong></span> <span class='ocrx_word' id='word_1_51' title='bbox 417 366 440 392; x_wconf 88' lang='lat' dir='ltr'><strong>si</strong></span> <span class='ocrx_word' id='word_1_52' title='bbox 459 365 581 392; x_wconf 73' lang='lat' dir='ltr'><strong>Judaeum</strong></span> <span class='ocrx_word' id='word_1_53' title='bbox 599 366 736 393; x_wconf 84' lang='lat' dir='ltr'><strong>hominem</strong></span> <span class='ocrx_word' id='word_1_54' title='bbox 760 374 820 394; x_wconf 83' lang='lat' dir='ltr'><strong>esse</strong></span> <span class='ocrx_word' id='word_1_55' title='bbox 835 367 935 393; x_wconf 85' lang='lat' dir='ltr'><strong>virtute</strong></span> <span class='ocrx_word' id='word_1_56' title='bbox 951 366 1094 400; x_wconf 65' lang='lat' dir='ltr'><strong>praeditum</strong></span> 
     </span>
    </p>
   </div>
   <div class='ocr_carea' id='block_1_11' title="bbox 306 411 1095 446">
    <p class='ocr_par' dir='ltr' id='par_1_11' title="bbox 306 411 1095 446">
     <span class='ocr_line' id='line_1_11' title="bbox 306 411 1095 446; baseline 0 -8"><span class='ocrx_word' id='word_1_57' title='bbox 306 411 455 438; x_wconf 88' lang='lat' dir='ltr'><strong>secundum</strong></span> <span class='ocrx_word' id='word_1_58' title='bbox 471 411 642 446; x_wconf 82' lang='lat' dir='ltr'><strong>spiritualem</strong></span> <span class='ocrx_word' id='word_1_59' title='bbox 665 419 776 438; x_wconf 74' lang='lat' dir='ltr'><strong>srnsum</strong></span> <span class='ocrx_word' id='word_1_60' title='bbox 794 412 932 446; x_wconf 87' lang='lat' dir='ltr'><strong>ponimus.</strong></span> <span class='ocrx_word' id='word_1_61' title='bbox 954 419 1009 438; x_wconf 85' lang='lat' dir='ltr'><strong>non</strong></span> <span class='ocrx_word' id='word_1_62' title='bbox 1028 419 1095 438; x_wconf 85' lang='lat' dir='ltr'><strong>sane</strong></span> 
     </span>
    </p>
   </div>
   <div class='ocr_carea' id='block_1_12' title="bbox 306 457 1094 492">
    <p class='ocr_par' dir='ltr' id='par_1_12' title="bbox 306 457 1094 492">
     <span class='ocr_line' id='line_1_12' title="bbox 306 457 1094 492; baseline 0 -8"><span class='ocrx_word' id='word_1_63' title='bbox 306 465 426 491; x_wconf 77' lang='lat' dir='ltr'><strong>congrue</strong></span> <span class='ocrx_word' id='word_1_64' title='bbox 441 458 549 484; x_wconf 82' lang='lat' dir='ltr'><strong>virtutis</strong></span> <span class='ocrx_word' id='word_1_65' title='bbox 563 457 667 484; x_wconf 77' lang='lat' dir='ltr'><strong>fetutun</strong></span> <span class='ocrx_word' id='word_1_66' title='bbox 684 458 817 492; x_wconf 87' lang='lat' dir='ltr'><strong>principia</strong></span> <span class='ocrx_word' id='word_1_67' title='bbox 837 458 931 492; x_wconf 74' lang='lat' dir='ltr'><strong>periuri</strong></span> <span class='ocrx_word' id='word_1_68' title='bbox 948 458 1094 492; x_wconf 80' lang='lat' dir='ltr'><strong>quisquam</strong></span> 
     </span>
    </p>
   </div>
   <div class='ocr_carea' id='block_1_13' title="bbox 305 502 1095 538">
    <p class='ocr_par' dir='ltr' id='par_1_13' title="bbox 305 502 1095 538">
     <span class='ocr_line' id='line_1_13' title="bbox 305 502 1095 538; baseline 0 -9"><span class='ocrx_word' id='word_1_69' title='bbox 305 502 438 538; x_wconf 83' lang='lat' dir='ltr'><strong>requirat,</strong></span> <span class='ocrx_word' id='word_1_70' title='bbox 451 503 498 530; x_wconf 89' lang='lat' dir='ltr'><strong>sed</strong></span> <span class='ocrx_word' id='word_1_71' title='bbox 514 510 544 529; x_wconf 82' lang='lat' dir='ltr'><strong>ea</strong></span> <span class='ocrx_word' id='word_1_72' title='bbox 560 510 677 537; x_wconf 86' lang='lat' dir='ltr'><strong>quorum</strong></span> <span class='ocrx_word' id='word_1_73' title='bbox 694 503 820 530; x_wconf 88' lang='lat' dir='ltr'><strong>interitus</strong></span> <span class='ocrx_word' id='word_1_74' title='bbox 836 503 922 530; x_wconf 92' lang='lat' dir='ltr'><strong>multo</strong></span> <span class='ocrx_word' id='word_1_75' title='bbox 943 505 1004 537; x_wconf 87' lang='lat' dir='ltr'><strong>plus</strong></span> <span class='ocrx_word' id='word_1_76' title='bbox 1021 504 1095 530; x_wconf 88' lang='lat' dir='ltr'><strong>utili-</strong></span> 
     </span>
    </p>
   </div>
   <div class='ocr_carea' id='block_1_14' title="bbox 305 548 751 583">
    <p class='ocr_par' dir='ltr' id='par_1_14' title="bbox 305 548 751 583">
     <span class='ocr_line' id='line_1_14' title="bbox 305 548 751 583; baseline -0.002 -8"><span class='ocrx_word' id='word_1_77' title='bbox 305 550 369 576; x_wconf 82' lang='lat' dir='ltr'><strong>tatis</strong></span> <span class='ocrx_word' id='word_1_78' title='bbox 383 556 464 583; x_wconf 90' lang='lat' dir='ltr'><strong>quam</strong></span> <span class='ocrx_word' id='word_1_79' title='bbox 477 548 604 575; x_wconf 80' lang='lat' dir='ltr'><strong>educatio</strong></span> <span class='ocrx_word' id='word_1_80' title='bbox 619 548 751 575; x_wconf 85' lang='lat' dir='ltr'><strong>attulerit.</strong></span> 
     </span>
    </p>
   </div>
   <div class='ocr_carea' id='block_1_15' title="bbox 340 681 1094 717">
    <p class='ocr_par' dir='ltr' id='par_1_15' title="bbox 340 681 1094 717">
     <span class='ocr_line' id='line_1_15' title="bbox 340 681 1094 717; baseline 0.001 -9"><span class='ocrx_word' id='word_1_81' title='bbox 340 682 543 709; x_wconf 85' lang='lat' dir='ltr'><strong>Convenientcr</strong></span> <span class='ocrx_word' id='word_1_82' title='bbox 567 682 650 717; x_wconf 73' lang='lat' dir='ltr'><strong>igitur</strong></span> <span class='ocrx_word' id='word_1_83' title='bbox 671 681 808 717; x_wconf 62' lang='lat' dir='ltr'><strong>[Egyptiae</strong></span> <span class='ocrx_word' id='word_1_84' title='bbox 832 683 918 717; x_wconf 80' lang='lat' dir='ltr'><strong>prolis</strong></span> <span class='ocrx_word' id='word_1_85' title='bbox 943 683 1020 709; x_wconf 88' lang='lat' dir='ltr'><strong>initia</strong></span> <span class='ocrx_word' id='word_1_86' title='bbox 1044 683 1094 710; x_wconf 87' lang='lat' dir='ltr'><strong>tol-</strong></span> 
     </span>
    </p>
   </div>
   <div class='ocr_carea' id='block_1_16' title="bbox 306 728 1092 763">
    <p class='ocr_par' dir='ltr' id='par_1_16' title="bbox 306 728 1092 763">
     <span class='ocr_line' id='line_1_16' title="bbox 306 728 1092 763; baseline -0.001 -7"><span class='ocrx_word' id='word_1_87' title='bbox 306 729 385 756; x_wconf 79' lang='lat' dir='ltr'><strong>lenda</strong></span> <span class='ocrx_word' id='word_1_88' title='bbox 402 736 462 756; x_wconf 69' lang='lat' dir='ltr'><strong>ease</strong></span> <span class='ocrx_word' id='word_1_89' title='bbox 477 728 636 760; x_wconf 84' lang='lat' dir='ltr'><strong>didicimus,</strong></span> <span class='ocrx_word' id='word_1_90' title='bbox 653 733 682 755; x_wconf 88' lang='lat' dir='ltr'><strong>ut</strong></span> <span class='ocrx_word' id='word_1_91' title='bbox 694 729 800 755; x_wconf 86' lang='lat' dir='ltr'><strong>deﬁciat</strong></span> <span class='ocrx_word' id='word_1_92' title='bbox 816 729 916 755; x_wconf 89' lang='lat' dir='ltr'><strong>malum</strong></span> <span class='ocrx_word' id='word_1_93' title='bbox 930 729 987 763; x_wconf 88' lang='lat' dir='ltr'><strong>jam</strong></span> <span class='ocrx_word' id='word_1_94' title='bbox 1005 729 1066 756; x_wconf 91' lang='lat' dir='ltr'><strong>inde</strong></span> <span class='ocrx_word' id='word_1_95' title='bbox 1078 737 1092 755; x_wconf 75' lang='grc' dir='ltr'><strong>ιι</strong></span> 
     </span>
    </p>
   </div>
   <div class='ocr_carea' id='block_1_17' title="bbox 306 773 1093 809">
    <p class='ocr_par' dir='ltr' id='par_1_17' title="bbox 306 773 1093 809">
     <span class='ocr_line' id='line_1_17' title="bbox 306 773 1093 809; baseline 0.001 -9"><span class='ocrx_word' id='word_1_96' title='bbox 306 774 464 809; x_wconf 83' lang='lat' dir='ltr'><strong>primordiis</strong></span> <span class='ocrx_word' id='word_1_97' title='bbox 482 774 541 801; x_wconf 87' lang='lat' dir='ltr'><strong>suis</strong></span> <span class='ocrx_word' id='word_1_98' title='bbox 556 782 571 801; x_wconf 86' lang='lat' dir='ltr'><strong>e</strong></span> <span class='ocrx_word' id='word_1_99' title='bbox 589 773 678 800; x_wconf 89' lang='lat' dir='ltr'><strong>medio</strong></span> <span class='ocrx_word' id='word_1_100' title='bbox 697 774 846 801; x_wconf 89' lang='lat' dir='ltr'><strong>sublatum.</strong></span> <span class='ocrx_word' id='word_1_101' title='bbox 864 774 917 800; x_wconf 81' lang='lat' dir='ltr'><strong>Sed</strong></span> <span class='ocrx_word' id='word_1_102' title='bbox 935 778 962 801; x_wconf 85' lang='lat' dir='ltr'><strong>et</strong></span> <span class='ocrx_word' id='word_1_103' title='bbox 979 775 1093 809; x_wconf 78' lang='lat' dir='ltr'><strong>quadrat</strong></span> 
     </span>
    </p>
   </div>
   <div class='ocr_carea' id='block_1_18' title="bbox 1145 183 1933 219">
    <p class='ocr_par' dir='ltr' id='par_1_18' title="bbox 1145 183 1933 219">
     <span class='ocr_line' id='line_1_18' title="bbox 1145 183 1933 219; baseline 0.003 -9"><span class='ocrx_word' id='word_1_104' title='bbox 1145 193 1240 218; x_wconf 89' lang='grc' dir='ltr'>νηται,</span> <span class='ocrx_word' id='word_1_105' title='bbox 1257 185 1275 219; x_wconf 78' lang='grc' dir='ltr'>ἦ</span> <span class='ocrx_word' id='word_1_106' title='bbox 1295 193 1324 210; x_wconf 83' lang='grc' dir='ltr'><strong>τε</strong></span> <span class='ocrx_word' id='word_1_107' title='bbox 1349 184 1404 211; x_wconf 88' lang='grc' dir='ltr'>τῶν</span> <span class='ocrx_word' id='word_1_108' title='bbox 1422 184 1601 219; x_wconf 76' lang='grc' dir='ltr'>πρωτοτόκων</span> <span class='ocrx_word' id='word_1_109' title='bbox 1623 183 1762 219; x_wconf 79' lang='grc' dir='ltr'>ἀναίρεσις</span> <span class='ocrx_word' id='word_1_110' title='bbox 1784 185 1830 210; x_wconf 66' lang='grc' dir='ltr'>καὶ</span> <span class='ocrx_word' id='word_1_111' title='bbox 1849 185 1867 219; x_wconf 75' lang='grc' dir='ltr'>ἡ</span> <span class='ocrx_word' id='word_1_112' title='bbox 1884 185 1933 212; x_wconf 80' lang='grc' dir='ltr'><strong>τοῦ</strong></span> 
     </span>
    </p>
   </div>
   <div class='ocr_carea' id='block_1_19' title="bbox 1145 228 1934 264">
    <p class='ocr_par' dir='ltr' id='par_1_19' title="bbox 1145 228 1934 264">
     <span class='ocr_line' id='line_1_19' title="bbox 1145 228 1934 264; baseline 0.001 -10"><span class='ocrx_word' id='word_1_113' title='bbox 1145 229 1259 263; x_wconf 70' lang='grc' dir='ltr'>αἵματος</span> <span class='ocrx_word' id='word_1_114' title='bbox 1282 229 1444 264; x_wconf 77' lang='grc' dir='ltr'>πρόσχυσις⁶</span> <span class='ocrx_word' id='word_1_115' title='bbox 1463 229 1499 263; x_wconf 84' lang='grc' dir='ltr'>μὴ</span> <span class='ocrx_word' id='word_1_116' title='bbox 1522 228 1665 263; x_wconf 77' lang='grc' dir='ltr'><strong>θαυμάσῃς</strong></span> <span class='ocrx_word' id='word_1_117' title='bbox 1687 228 1783 263; x_wconf 71' lang='grc' dir='ltr'>μηδὲν,</span> <span class='ocrx_word' id='word_1_118' title='bbox 1803 230 1871 264; x_wconf 80' lang='grc' dir='ltr'>μήτε</span> <span class='ocrx_word' id='word_1_119' title='bbox 1888 229 1934 256; x_wconf 80' lang='grc' dir='ltr'><strong>διὰ</strong></span> 
     </span>
    </p>
   </div>
   <div class='ocr_carea' id='block_1_20' title="bbox 1145 274 1934 310">
    <p class='ocr_par' dir='ltr' id='par_1_20' title="bbox 1145 274 1934 310">
     <span class='ocr_line' id='line_1_20' title="bbox 1145 274 1934 310; baseline 0.003 -10"><span class='ocrx_word' id='word_1_120' title='bbox 1145 274 1222 300; x_wconf 81' lang='grc' dir='ltr'>τοῦτο</span> <span class='ocrx_word' id='word_1_121' title='bbox 1235 274 1281 309; x_wconf 76' lang='grc' dir='ltr'>τὴν</span> <span class='ocrx_word' id='word_1_122' title='bbox 1302 274 1477 301; x_wconf 75' lang='grc' dir='ltr'><strong>ἀποδοθεῖσαν</strong></span> <span class='ocrx_word' id='word_1_123' title='bbox 1492 274 1555 309; x_wconf 69' lang='grc' dir='ltr'>περὶ</span> <span class='ocrx_word' id='word_1_124' title='bbox 1565 274 1614 309; x_wconf 85' lang='grc' dir='ltr'>τῆς</span> <span class='ocrx_word' id='word_1_125' title='bbox 1626 275 1792 310; x_wconf 76' lang='grc' dir='ltr'><strong>ἀναιρέσεως</strong></span> <span class='ocrx_word' id='word_1_126' title='bbox 1814 275 1862 301; x_wconf 80' lang='grc' dir='ltr'>τοῦ</span> <span class='ocrx_word' id='word_1_127' title='bbox 1882 285 1934 303; x_wconf 82' lang='grc' dir='ltr'>κα-</span> 
     </span>
    </p>
   </div>
   <div class='ocr_carea' id='block_1_21' title="bbox 1145 319 1933 357">
    <p class='ocr_par' dir='ltr' id='par_1_21' title="bbox 1145 319 1933 357">
     <span class='ocr_line' id='line_1_21' title="bbox 1145 319 1933 357; baseline 0.003 -11"><span class='ocrx_word' id='word_1_128' title='bbox 1145 319 1193 346; x_wconf 83' lang='grc' dir='ltr'>κοῦ</span> <span class='ocrx_word' id='word_1_129' title='bbox 1219 320 1332 356; x_wconf 83' lang='grc' dir='ltr'><strong>θεωρίαν</strong></span> <span class='ocrx_word' id='word_1_130' title='bbox 1359 320 1511 355; x_wconf 70' lang='grc' dir='ltr'>ἁποδὰλῃς.</span> <span class='ocrx_word' id='word_1_131' title='bbox 1528 320 1565 351; x_wconf 85' lang='grc' dir='ltr'>ὼς</span> <span class='ocrx_word' id='word_1_132' title='bbox 1584 320 1636 352; x_wconf 74' lang='grc' dir='ltr'><strong>ἔξω</strong></span> <span class='ocrx_word' id='word_1_133' title='bbox 1651 321 1700 355; x_wconf 85' lang='grc' dir='ltr'>τῆς</span> <span class='ocrx_word' id='word_1_134' title='bbox 1716 321 1842 355; x_wconf 78' lang='grc' dir='ltr'><strong>ἀληθείας</strong></span> <span class='ocrx_word' id='word_1_135' title='bbox 1859 331 1933 357; x_wconf 87' lang='grc' dir='ltr'>παρ-</span> 
     </span>
    </p>
   </div>
   <div class='ocr_carea' id='block_1_22' title="bbox 1145 368 1933 404">
    <p class='ocr_par' dir='ltr' id='par_1_22' title="bbox 1145 368 1933 404">
     <span class='ocr_line' id='line_1_22' title="bbox 1145 368 1933 404; baseline 0.003 -10"><span class='ocrx_word' id='word_1_136' title='bbox 1145 369 1308 404; x_wconf 81' lang='grc' dir='ltr'>ευρημένην.</span> <span class='ocrx_word' id='word_1_137' title='bbox 1329 369 1385 394; x_wconf 81' lang='grc' dir='ltr'><strong>Νῦν</strong></span> <span class='ocrx_word' id='word_1_138' title='bbox 1403 368 1456 404; x_wconf 86' lang='grc' dir='ltr'>γὰρ</span> <span class='ocrx_word' id='word_1_139' title='bbox 1475 370 1507 403; x_wconf 82' lang='grc' dir='ltr'>τῇ</span> <span class='ocrx_word' id='word_1_140' title='bbox 1521 369 1635 404; x_wconf 77' lang='grc' dir='ltr'>διαφορᾷ</span> <span class='ocrx_word' id='word_1_141' title='bbox 1647 368 1701 395; x_wconf 78' lang='grc' dir='ltr'>τῶν</span> <span class='ocrx_word' id='word_1_142' title='bbox 1715 369 1869 404; x_wconf 81' lang='grc' dir='ltr'>ὀνομάτων,</span> <span class='ocrx_word' id='word_1_143' title='bbox 1886 370 1933 396; x_wconf 76' lang='grc' dir='ltr'>τοῦ</span> 
     </span>
    </p>
   </div>
   <div class='ocr_carea' id='block_1_23' title="bbox 1151 414 1933 450">
    <p class='ocr_par' dir='ltr' id='par_1_23' title="bbox 1151 414 1933 450">
     <span class='ocr_line' id='line_1_23' title="bbox 1151 414 1933 450; baseline 0.001 -10"><span class='ocrx_word' id='word_1_144' title='bbox 1151 414 1346 450; x_wconf 75' lang='grc' dir='ltr'>Ίσραηλιτικοῦ</span> <span class='ocrx_word' id='word_1_145' title='bbox 1366 423 1394 440; x_wconf 85' lang='grc' dir='ltr'><strong>τε</strong></span> <span class='ocrx_word' id='word_1_146' title='bbox 1410 414 1458 440; x_wconf 74' lang='grc' dir='ltr'>καὶ</span> <span class='ocrx_word' id='word_1_147' title='bbox 1473 414 1519 440; x_wconf 73' lang='grc' dir='ltr'>τοῦ</span> <span class='ocrx_word' id='word_1_148' title='bbox 1536 414 1698 448; x_wconf 80' lang='grc' dir='ltr'>Αἰγυπτίου,</span> <span class='ocrx_word' id='word_1_149' title='bbox 1716 416 1746 440; x_wconf 77' lang='grc' dir='ltr'><strong>τδ</strong></span> <span class='ocrx_word' id='word_1_150' title='bbox 1761 415 1811 449; x_wconf 81' lang='grc' dir='ltr'>τῆς</span> <span class='ocrx_word' id='word_1_151' title='bbox 1831 415 1933 450; x_wconf 83' lang='grc' dir='ltr'>ἀρετῆς</span> 
     </span>
    </p>
   </div>
   <div class='ocr_carea' id='block_1_24' title="bbox 1147 459 1933 495">
    <p class='ocr_par' dir='ltr' id='par_1_24' title="bbox 1147 459 1933 495">
     <span class='ocr_line' id='line_1_24' title="bbox 1147 459 1933 495; baseline 0 -9"><span class='ocrx_word' id='word_1_152' title='bbox 1147 461 1214 494; x_wconf 75' lang='grc' dir='ltr'>πρὸς</span> <span class='ocrx_word' id='word_1_153' title='bbox 1228 461 1276 495; x_wconf 77' lang='grc' dir='ltr'>τὴν</span> <span class='ocrx_word' id='word_1_154' title='bbox 1289 460 1388 486; x_wconf 82' lang='grc' dir='ltr'>κακίαν</span> <span class='ocrx_word' id='word_1_155' title='bbox 1402 460 1528 495; x_wconf 71' lang='grc' dir='ltr'>διάφορον</span> <span class='ocrx_word' id='word_1_156' title='bbox 1543 461 1701 495; x_wconf 73' lang='grc' dir='ltr'>ἐνοήσαμεν.</span> <span class='ocrx_word' id='word_1_157' title='bbox 1716 461 1746 486; x_wconf 88' lang='grc' dir='ltr'><strong>Εἰ</strong></span> <span class='ocrx_word' id='word_1_158' title='bbox 1759 459 1806 486; x_wconf 82' lang='grc' dir='ltr'>οὖν</span> <span class='ocrx_word' id='word_1_159' title='bbox 1826 461 1933 495; x_wconf 79' lang='grc' dir='ltr'>Ἰσραη-</span> 
     </span>
    </p>
   </div>
   <div class='ocr_carea' id='block_1_25' title="bbox 1145 505 1931 540">
    <p class='ocr_par' dir='ltr' id='par_1_25' title="bbox 1145 505 1931 540">
     <span class='ocr_line' id='line_1_25' title="bbox 1145 505 1931 540; baseline 0 -9"><span class='ocrx_word' id='word_1_160' title='bbox 1145 506 1245 531; x_wconf 67' lang='grc' dir='ltr'>λιτικὺν</span> <span class='ocrx_word' id='word_1_161' title='bbox 1260 506 1304 532; x_wconf 80' lang='grc' dir='ltr'>τὸν</span> <span class='ocrx_word' id='word_1_162' title='bbox 1334 506 1459 540; x_wconf 70' lang='grc' dir='ltr'>ἐνάρετον</span> <span class='ocrx_word' id='word_1_163' title='bbox 1482 506 1642 540; x_wconf 82' lang='grc' dir='ltr'>ἡάναγωγὴ</span> <span class='ocrx_word' id='word_1_164' title='bbox 1664 507 1733 531; x_wconf 79' lang='grc' dir='ltr'>νοεῖν</span> <span class='ocrx_word' id='word_1_165' title='bbox 1758 505 1931 532; x_wconf 81' lang='grc' dir='ltr'>ὑποτίθεται·</span> 
     </span>
    </p>
   </div>
   <div class='ocr_carea' id='block_1_26' title="bbox 1144 550 1933 586">
    <p class='ocr_par' dir='ltr' id='par_1_26' title="bbox 1144 550 1933 586">
     <span class='ocr_line' id='line_1_26' title="bbox 1144 550 1933 586; baseline 0 -10"><span class='ocrx_word' id='word_1_166' title='bbox 1144 551 1193 577; x_wconf 77' lang='grc' dir='ltr'>οὐκ</span> <span class='ocrx_word' id='word_1_167' title='bbox 1207 550 1238 577; x_wconf 79' lang='grc' dir='ltr'><strong>ἂν</strong></span> <span class='ocrx_word' id='word_1_168' title='bbox 1253 551 1370 585; x_wconf 79' lang='grc' dir='ltr'>εὐλόγως</span> <span class='ocrx_word' id='word_1_169' title='bbox 1393 550 1446 576; x_wconf 81' lang='grc' dir='ltr'>τῶν</span> <span class='ocrx_word' id='word_1_170' title='bbox 1471 550 1521 585; x_wconf 84' lang='grc' dir='ltr'>τῆς</span> <span class='ocrx_word' id='word_1_171' title='bbox 1550 551 1650 586; x_wconf 81' lang='grc' dir='ltr'>ἀρετῆς</span> <span class='ocrx_word' id='word_1_172' title='bbox 1679 550 1856 585; x_wconf 72' lang='grc' dir='ltr'><strong>γεννημάτων</strong></span> <span class='ocrx_word' id='word_1_173' title='bbox 1882 551 1933 582; x_wconf 69' lang='grc' dir='ltr'>τὰς</span> 
     </span>
    </p>
   </div>
   <div class='ocr_carea' id='block_1_27' title="bbox 1144 596 1931 631">
    <p class='ocr_par' dir='ltr' id='par_1_27' title="bbox 1144 596 1931 631">
     <span class='ocr_line' id='line_1_27' title="bbox 1144 596 1931 631; baseline 0 -9"><span class='ocrx_word' id='word_1_174' title='bbox 1144 597 1230 631; x_wconf 66' lang='grc' dir='ltr'>ἀρχὰς</span> <span class='ocrx_word' id='word_1_175' title='bbox 1253 596 1392 631; x_wconf 76' lang='grc' dir='ltr'>ἐπιζητοίη</span> <span class='ocrx_word' id='word_1_176' title='bbox 1413 605 1455 627; x_wconf 84' lang='grc' dir='ltr'><strong>τις</strong></span> <span class='ocrx_word' id='word_1_177' title='bbox 1479 596 1724 629; x_wconf 62' lang='grc' dir='ltr'>καταφονεύεσθαι,</span> <span class='ocrx_word' id='word_1_178' title='bbox 1743 596 1799 622; x_wconf 83' lang='grc' dir='ltr'>ἀλλ’</span> <span class='ocrx_word' id='word_1_179' title='bbox 1823 597 1931 627; x_wconf 76' lang='grc' dir='ltr'>ὲκείνα,</span> 
     </span>
    </p>
   </div>
   <div class='ocr_carea' id='block_1_28' title="bbox 1144 639 1931 676">
    <p class='ocr_par' dir='ltr' id='par_1_28' title="bbox 1144 639 1931 676">
     <span class='ocr_line' id='line_1_28' title="bbox 1144 639 1931 676; baseline -0.001 -8"><span class='ocrx_word' id='word_1_180' title='bbox 1144 639 1181 668; x_wconf 86' lang='grc' dir='ltr'>ὧν</span> <span class='ocrx_word' id='word_1_181' title='bbox 1197 643 1210 668; x_wconf 78' lang='grc' dir='ltr'>ὁ</span> <span class='ocrx_word' id='word_1_182' title='bbox 1223 642 1373 676; x_wconf 59' lang='grc' dir='ltr'>ἁφανισμὸς</span> <span class='ocrx_word' id='word_1_183' title='bbox 1393 642 1440 676; x_wconf 83' lang='grc' dir='ltr'>τῆς</span> <span class='ocrx_word' id='word_1_184' title='bbox 1455 642 1609 676; x_wconf 71' lang='grc' dir='ltr'><strong>ἀνατροφῆς</strong></span> <span class='ocrx_word' id='word_1_185' title='bbox 1625 642 1682 667; x_wconf 77' lang='grc' dir='ltr'>ἐστι</span> <span class='ocrx_word' id='word_1_186' title='bbox 1702 642 1931 676; x_wconf 81' lang='grc' dir='ltr'>λυσιτελέστερος.</span> 
     </span>
    </p>
   </div>
   <div class='ocr_carea' id='block_1_29' title="bbox 1180 687 1932 722">
    <p class='ocr_par' dir='ltr' id='par_1_29' title="bbox 1180 687 1932 722">
     <span class='ocr_line' id='line_1_29' title="bbox 1180 687 1932 722; baseline -0.001 -9"><span class='ocrx_word' id='word_1_187' title='bbox 1180 687 1283 714; x_wconf 80' lang='grc' dir='ltr'>Οὐκοῦν</span> <span class='ocrx_word' id='word_1_188' title='bbox 1302 687 1453 718; x_wconf 68' lang='grc' dir='ltr'>ἀκολούθως</span> <span class='ocrx_word' id='word_1_189' title='bbox 1467 687 1515 722; x_wconf 80' lang='grc' dir='ltr'>τῆς</span> <span class='ocrx_word' id='word_1_190' title='bbox 1529 687 1678 720; x_wconf 69' lang='grc' dir='ltr'>Αἰγυπτίας</span> <span class='ocrx_word' id='word_1_191' title='bbox 1693 687 1773 722; x_wconf 83' lang='grc' dir='ltr'>γονῆς</span> <span class='ocrx_word' id='word_1_192' title='bbox 1784 687 1833 718; x_wconf 79' lang='grc' dir='ltr'><strong>τὰς</strong></span> <span class='ocrx_word' id='word_1_193' title='bbox 1845 687 1932 722; x_wconf 79' lang='grc' dir='ltr'>ἀρχὰς</span> 
     </span>
    </p>
   </div>
   <div class='ocr_carea' id='block_1_30' title="bbox 1143 732 1932 768">
    <p class='ocr_par' dir='ltr' id='par_1_30' title="bbox 1143 732 1932 768">
     <span class='ocr_line' id='line_1_30' title="bbox 1143 732 1932 768; baseline -0.001 -9"><span class='ocrx_word' id='word_1_194' title='bbox 1143 734 1196 759; x_wconf 86' lang='grc' dir='ltr'>δεῖν</span> <span class='ocrx_word' id='word_1_195' title='bbox 1223 732 1390 768; x_wconf 77' lang='grc' dir='ltr'>ἀναιρεῖσθαι</span> <span class='ocrx_word' id='word_1_196' title='bbox 1401 753 1407 762; x_wconf 87' lang='grc'><strong>,</strong></span> <span class='ocrx_word' id='word_1_197' title='bbox 1425 733 1499 767; x_wconf 73' lang='grc' dir='ltr'>παρὰ</span> <span class='ocrx_word' id='word_1_198' title='bbox 1515 733 1560 758; x_wconf 75' lang='grc' dir='ltr'>τοῦ</span> <span class='ocrx_word' id='word_1_199' title='bbox 1580 733 1647 758; x_wconf 79' lang='grc' dir='ltr'>Θεοῦ</span> <span class='ocrx_word' id='word_1_200' title='bbox 1663 733 1862 767; x_wconf 79' lang='grc' dir='ltr'><strong>μεμαθήκαμεν</strong></span> <span class='ocrx_word' id='word_1_201' title='bbox 1873 753 1880 764; x_wconf 83' lang='grc'><strong>,</strong></span> <span class='ocrx_word' id='word_1_202' title='bbox 1895 733 1932 763; x_wconf 82' lang='grc' dir='ltr'>ὡς</span> 
     </span>
    </p>
   </div>
   <div class='ocr_carea' id='block_1_31' title="bbox 1145 778 1930 814">
    <p class='ocr_par' dir='ltr' id='par_1_31' title="bbox 1145 778 1930 814">
     <span class='ocr_line' id='line_1_31' title="bbox 1145 778 1930 814; baseline -0.001 -9"><span class='ocrx_word' id='word_1_203' title='bbox 1145 779 1177 805; x_wconf 82' lang='grc' dir='ltr'>ἂν</span> <span class='ocrx_word' id='word_1_204' title='bbox 1197 779 1314 805; x_wconf 71' lang='grc' dir='ltr'>ἐπιλίποι</span> <span class='ocrx_word' id='word_1_205' title='bbox 1331 779 1361 804; x_wconf 81' lang='grc' dir='ltr'>τὸ</span> <span class='ocrx_word' id='word_1_206' title='bbox 1382 779 1466 805; x_wconf 71' lang='grc' dir='ltr'>κακὸν</span> <span class='ocrx_word' id='word_1_207' title='bbox 1489 778 1527 813; x_wconf 85' lang='grc' dir='ltr'>τῷ</span> <span class='ocrx_word' id='word_1_208' title='bbox 1548 779 1596 812; x_wconf 73' lang='grc' dir='ltr'>τῆς</span> <span class='ocrx_word' id='word_1_209' title='bbox 1612 779 1697 813; x_wconf 77' lang='grc' dir='ltr'>ἀρχῆς</span> <span class='ocrx_word' id='word_1_210' title='bbox 1714 778 1817 814; x_wconf 79' lang='grc' dir='ltr'>ὀλέθρῳ</span> <span class='ocrx_word' id='word_1_211' title='bbox 1834 779 1930 805; x_wconf 82' lang='grc' dir='ltr'>συνδα-</span> 
     </span>
    </p>
   </div>
   <div class='ocr_carea' id='block_1_32' title="bbox 307 810 1095 860">
    <p class='ocr_par' dir='ltr' id='par_1_32' title="bbox 307 819 1092 855">
     <span class='ocr_line' id='line_1_32' title="bbox 307 819 1092 855; baseline 0.003 -11"><span class='ocrx_word' id='word_1_212' title='bbox 307 819 429 845; x_wconf 69' lang='grc' dir='ltr'><strong>ιιίειοτὶιε</strong></span> <span class='ocrx_word' id='word_1_213' title='bbox 444 826 543 845; x_wconf 83' lang='lat' dir='ltr'><strong>sensus</strong></span> <span class='ocrx_word' id='word_1_214' title='bbox 561 819 622 850; x_wconf 84' lang='lat' dir='ltr'><strong>iste,</strong></span> <span class='ocrx_word' id='word_1_215' title='bbox 641 826 703 845; x_wconf 88' lang='lat' dir='ltr'><strong>cum</strong></span> <span class='ocrx_word' id='word_1_216' title='bbox 721 819 934 846; x_wconf 86' lang='lat' dir='ltr'><strong>lsraeliticorum</strong></span> <span class='ocrx_word' id='word_1_217' title='bbox 948 819 1092 855; x_wconf 79' lang='lat' dir='ltr'><strong>pignorum</strong></span> 
     </span>
    </p>
   </div>
   <div class='ocr_carea' id='block_1_33' title="bbox 1147 810 1932 860">
    <p class='ocr_par' dir='ltr' id='par_1_33' title="bbox 1147 824 1932 860">
     <span class='ocr_line' id='line_1_33' title="bbox 1147 824 1932 860; baseline -0.001 -9"><span class='ocrx_word' id='word_1_218' title='bbox 1147 825 1314 860; x_wconf 79' lang='grc' dir='ltr'>πανώμενον.</span> <span class='ocrx_word' id='word_1_219' title='bbox 1330 825 1383 851; x_wconf 73' lang='grc' dir='ltr'><strong>Καὶ</strong></span> <span class='ocrx_word' id='word_1_220' title='bbox 1400 824 1541 860; x_wconf 82' lang='grc' dir='ltr'>συμϐαίνει</span> <span class='ocrx_word' id='word_1_221' title='bbox 1555 826 1586 859; x_wconf 87' lang='grc' dir='ltr'><strong>τῇ</strong></span> <span class='ocrx_word' id='word_1_222' title='bbox 1602 825 1705 860; x_wconf 74' lang='grc' dir='ltr'>ἱστορίᾳ</span> <span class='ocrx_word' id='word_1_223' title='bbox 1717 825 1745 850; x_wconf 77' lang='grc' dir='ltr'>τὸ</span> <span class='ocrx_word' id='word_1_224' title='bbox 1757 825 1844 860; x_wconf 85' lang='grc' dir='ltr'>νόημα</span> <span class='ocrx_word' id='word_1_225' title='bbox 1855 833 1862 839; x_wconf 90' lang='grc'>·</span> <span class='ocrx_word' id='word_1_226' title='bbox 1878 825 1932 851; x_wconf 84' lang='grc' dir='ltr'>τῶν</span> 
     </span>
    </p>
   </div>
   <div class='ocr_carea' id='block_1_34' title="bbox 305 863 1091 899">
    <p class='ocr_par' dir='ltr' id='par_1_34' title="bbox 305 863 1091 899">
     <span class='ocr_line' id='line_1_34' title="bbox 305 863 1091 899; baseline 0 -7"><span class='ocrx_word' id='word_1_227' title='bbox 305 865 478 892; x_wconf 87' lang='lat' dir='ltr'><strong>conservatio</strong></span> <span class='ocrx_word' id='word_1_228' title='bbox 495 871 528 891; x_wconf 85' lang='lat' dir='ltr'><strong>ex</strong></span> <span class='ocrx_word' id='word_1_229' title='bbox 553 863 640 890; x_wconf 72' lang='lat' dir='ltr'><strong>affusa</strong></span> <span class='ocrx_word' id='word_1_230' title='bbox 666 864 790 898; x_wconf 85' lang='lat' dir='ltr'><strong>postibus</strong></span> <span class='ocrx_word' id='word_1_231' title='bbox 809 865 941 899; x_wconf 76' lang='lat' dir='ltr'><strong>sanguine</strong></span> <span class='ocrx_word' id='word_1_232' title='bbox 965 865 1091 899; x_wconf 85' lang='lat' dir='ltr'><strong>pendeat.</strong></span> 
     </span>
    </p>
   </div>
   <div class='ocr_carea' id='block_1_35' title="bbox 306 908 1093 943">
    <p class='ocr_par' dir='ltr' id='par_1_35' title="bbox 306 908 1093 943">
     <span class='ocr_line' id='line_1_35' title="bbox 306 908 1093 943; baseline 0.001 -7"><span class='ocrx_word' id='word_1_233' title='bbox 306 915 335 936; x_wconf 92' lang='lat' dir='ltr'><strong>ut</strong></span> <span class='ocrx_word' id='word_1_234' title='bbox 354 909 386 935; x_wconf 86' lang='lat' dir='ltr'><strong>ad</strong></span> <span class='ocrx_word' id='word_1_235' title='bbox 411 908 557 943; x_wconf 78' lang='lat' dir='ltr'><strong>perfectam</strong></span> <span class='ocrx_word' id='word_1_236' title='bbox 582 913 688 936; x_wconf 74' lang='lat' dir='ltr'><strong>:rtatem</strong></span> <span class='ocrx_word' id='word_1_237' title='bbox 714 909 814 935; x_wconf 89' lang='lat' dir='ltr'><strong>bonum</strong></span> <span class='ocrx_word' id='word_1_238' title='bbox 844 910 992 943; x_wconf 82' lang='lat' dir='ltr'><strong>perveniat.</strong></span> <span class='ocrx_word' id='word_1_239' title='bbox 1016 909 1093 942; x_wconf 80' lang='lat' dir='ltr'><strong>Quod</strong></span> 
     </span>
    </p>
   </div>
   <div class='ocr_carea' id='block_1_36' title="bbox 307 955 1093 992">
    <p class='ocr_par' dir='ltr' id='par_1_36' title="bbox 307 955 1093 992">
     <span class='ocr_line' id='line_1_36' title="bbox 307 955 1093 992; baseline -0.004 -8"><span class='ocrx_word' id='word_1_240' title='bbox 307 965 370 984; x_wconf 88' lang='lat' dir='ltr'><strong>vero</strong></span> <span class='ocrx_word' id='word_1_241' title='bbox 402 963 546 992; x_wconf 76' lang='lat' dir='ltr'><strong>postquam</strong></span> <span class='ocrx_word' id='word_1_242' title='bbox 578 956 726 990; x_wconf 81' lang='lat' dir='ltr'><strong>perfectam</strong></span> <span class='ocrx_word' id='word_1_243' title='bbox 756 960 862 983; x_wconf 63' lang='lat' dir='ltr'><strong>aetatem</strong></span> <span class='ocrx_word' id='word_1_244' title='bbox 889 955 1030 990; x_wconf 84' lang='lat' dir='ltr'><strong>attigerit,</strong></span> <span class='ocrx_word' id='word_1_245' title='bbox 1060 955 1093 982; x_wconf 88' lang='lat' dir='ltr'><strong>ad</strong></span> 
     </span>
    </p>
   </div>
   <div class='ocr_carea' id='block_1_37' title="bbox 309 1001 1093 1038">
    <p class='ocr_par' dir='ltr' id='par_1_37' title="bbox 309 1001 1093 1038">
     <span class='ocr_line' id='line_1_37' title="bbox 309 1001 1093 1038; baseline -0.001 -9"><span class='ocrx_word' id='word_1_246' title='bbox 309 1003 464 1037; x_wconf 62' lang='lat' dir='ltr'><strong>Algyptium</strong></span> <span class='ocrx_word' id='word_1_247' title='bbox 491 1003 620 1038; x_wconf 87' lang='lat' dir='ltr'><strong>populum</strong></span> <span class='ocrx_word' id='word_1_248' title='bbox 647 1002 803 1036; x_wconf 85' lang='lat' dir='ltr'><strong>pertinebit,</strong></span> <span class='ocrx_word' id='word_1_249' title='bbox 826 1002 876 1028; x_wconf 86' lang='lat' dir='ltr'><strong>hoc</strong></span> <span class='ocrx_word' id='word_1_250' title='bbox 894 1006 1038 1036; x_wconf 80' lang='lat' dir='ltr'><strong>antequam</strong></span> <span class='ocrx_word' id='word_1_251' title='bbox 1066 1001 1093 1028; x_wconf 91' lang='lat' dir='ltr'><strong>in</strong></span> 
     </span>
    </p>
   </div>
   <div class='ocr_carea' id='block_1_38' title="bbox 307 1044 1094 1082">
    <p class='ocr_par' dir='ltr' id='par_1_38' title="bbox 307 1044 1094 1082">
     <span class='ocr_line' id='line_1_38' title="bbox 307 1044 1094 1082; baseline -0.005 -8"><span class='ocrx_word' id='word_1_252' title='bbox 307 1049 379 1074; x_wconf 85' lang='lat' dir='ltr'><strong>malo</strong></span> <span class='ocrx_word' id='word_1_253' title='bbox 399 1047 586 1082; x_wconf 68' lang='lat' dir='ltr'><strong>perﬁceretur,</strong></span> <span class='ocrx_word' id='word_1_254' title='bbox 614 1054 629 1074; x_wconf 70' lang='grc' dir='ltr'><strong>ρ</strong></span> <span class='ocrx_word' id='word_1_255' title='bbox 645 1046 735 1073; x_wconf 85' lang='lat' dir='ltr'><strong>medio</strong></span> <span class='ocrx_word' id='word_1_256' title='bbox 760 1047 897 1073; x_wconf 89' lang='lat' dir='ltr'><strong>sublatqu</strong></span> <span class='ocrx_word' id='word_1_257' title='bbox 913 1051 963 1073; x_wconf 87' lang='lat' dir='ltr'><strong>est.</strong></span> <span class='ocrx_word' id='word_1_258' title='bbox 985 1045 1038 1072; x_wconf 84' lang='lat' dir='ltr'><strong>Sed</strong></span> <span class='ocrx_word' id='word_1_259' title='bbox 1060 1044 1094 1071; x_wconf 88' lang='lat' dir='ltr'><strong>ad</strong></span> 
     </span>
    </p>
   </div>
   <div class='ocr_carea' id='block_1_39' title="bbox 308 1092 1093 1127">
    <p class='ocr_par' dir='ltr' id='par_1_39' title="bbox 308 1092 1093 1127">
     <span class='ocr_line' id='line_1_39' title="bbox 308 1092 1093 1127; baseline -0.004 -7"><span class='ocrx_word' id='word_1_260' title='bbox 308 1093 382 1120; x_wconf 80' lang='lat' dir='ltr'><strong>hunc</strong></span> <span class='ocrx_word' id='word_1_261' title='bbox 399 1100 508 1127; x_wconf 82' lang='lat' dir='ltr'><strong>qucque</strong></span> <span class='ocrx_word' id='word_1_262' title='bbox 527 1092 696 1126; x_wconf 88' lang='lat' dir='ltr'><strong>spiritualem</strong></span> <span class='ocrx_word' id='word_1_263' title='bbox 715 1099 836 1123; x_wconf 89' lang='lat' dir='ltr'><strong>sensum,</strong></span> <span class='ocrx_word' id='word_1_264' title='bbox 850 1100 910 1127; x_wconf 74' lang='lat' dir='ltr'><strong>quae</strong></span> <span class='ocrx_word' id='word_1_265' title='bbox 932 1096 1093 1126; x_wconf 84' lang='lat' dir='ltr'><strong>sequuntur,</strong></span> 
     </span>
    </p>
   </div>
   <div class='ocr_carea' id='block_1_40' title="bbox 308 1138 1095 1173">
    <p class='ocr_par' dir='ltr' id='par_1_40' title="bbox 308 1138 1095 1173">
     <span class='ocr_line' id='line_1_40' title="bbox 308 1138 1095 1173; baseline 0 -9"><span class='ocrx_word' id='word_1_266' title='bbox 308 1138 424 1164; x_wconf 82' lang='lat' dir='ltr'><strong>miriﬁce</strong></span> <span class='ocrx_word' id='word_1_267' title='bbox 440 1141 607 1173; x_wconf 81' lang='lat' dir='ltr'><strong>congruunt.</strong></span> <span class='ocrx_word' id='word_1_268' title='bbox 635 1138 717 1166; x_wconf 82' lang='lat' dir='ltr'><strong>Jubet</strong></span> <span class='ocrx_word' id='word_1_269' title='bbox 740 1138 811 1165; x_wconf 88' lang='lat' dir='ltr'><strong>enim</strong></span> <span class='ocrx_word' id='word_1_270' title='bbox 832 1139 1028 1164; x_wconf 85' lang='lat' dir='ltr'><strong>nutrimentum</strong></span> <span class='ocrx_word' id='word_1_271' title='bbox 1050 1145 1095 1165; x_wconf 85' lang='lat' dir='ltr'><strong>as-</strong></span> 
     </span>
    </p>
   </div>
   <div class='ocr_carea' id='block_1_41' title="bbox 307 1183 1096 1218">
    <p class='ocr_par' dir='ltr' id='par_1_41' title="bbox 307 1183 1096 1218">
     <span class='ocr_line' id='line_1_41' title="bbox 307 1183 1096 1218; baseline 0 -8"><span class='ocrx_word' id='word_1_272' title='bbox 307 1183 470 1211; x_wconf 87' lang='lat' dir='ltr'><strong>sumendum</strong></span> <span class='ocrx_word' id='word_1_273' title='bbox 501 1192 579 1216; x_wconf 83' lang='lat' dir='ltr'><strong>esse,</strong></span> <span class='ocrx_word' id='word_1_274' title='bbox 609 1183 637 1210; x_wconf 85' lang='lat' dir='ltr'><strong>id</strong></span> <span class='ocrx_word' id='word_1_275' title='bbox 665 1187 724 1215; x_wconf 84' lang='lat' dir='ltr'><strong>est,</strong></span> <span class='ocrx_word' id='word_1_276' title='bbox 755 1191 856 1218; x_wconf 83' lang='lat' dir='ltr'><strong>corpus</strong></span> <span class='ocrx_word' id='word_1_277' title='bbox 883 1184 953 1210; x_wconf 88' lang='lat' dir='ltr'><strong>unde</strong></span> <span class='ocrx_word' id='word_1_278' title='bbox 984 1184 1096 1218; x_wconf 70' lang='lat' dir='ltr'><strong>sanguis</strong></span> 
     </span>
    </p>
   </div>
   <div class='ocr_carea' id='block_1_42' title="bbox 306 1229 1094 1265">
    <p class='ocr_par' dir='ltr' id='par_1_42' title="bbox 306 1229 1094 1265">
     <span class='ocr_line' id='line_1_42' title="bbox 306 1229 1094 1265; baseline -0.004 -7"><span class='ocrx_word' id='word_1_279' title='bbox 306 1231 411 1258; x_wconf 78' lang='lat' dir='ltr'><strong>eﬂusus</strong></span> <span class='ocrx_word' id='word_1_280' title='bbox 427 1235 480 1261; x_wconf 85' lang='lat' dir='ltr'><strong>est,</strong></span> <span class='ocrx_word' id='word_1_281' title='bbox 493 1239 549 1265; x_wconf 89' lang='lat' dir='ltr'><strong>quo</strong></span> <span class='ocrx_word' id='word_1_282' title='bbox 566 1230 707 1265; x_wconf 82' lang='lat' dir='ltr'><strong>repellitur</strong></span> <span class='ocrx_word' id='word_1_283' title='bbox 723 1229 913 1264; x_wconf 66' lang='lat' dir='ltr'><strong>Egyptiorum</strong></span> <span class='ocrx_word' id='word_1_284' title='bbox 938 1236 1094 1263; x_wconf 75' lang='lat' dir='ltr'><strong>percussor,</strong></span> 
     </span>
    </p>
   </div>
   <div class='ocr_carea' id='block_1_43' title="bbox 307 1274 1095 1308">
    <p class='ocr_par' dir='ltr' id='par_1_43' title="bbox 307 1274 1095 1308">
     <span class='ocr_line' id='line_1_43' title="bbox 307 1274 1095 1308; baseline -0.001 -6"><span class='ocrx_word' id='word_1_285' title='bbox 307 1276 330 1303; x_wconf 88' lang='lat' dir='ltr'><strong>si</strong></span> <span class='ocrx_word' id='word_1_286' title='bbox 349 1276 439 1303; x_wconf 83' lang='lat' dir='ltr'><strong>aditus</strong></span> <span class='ocrx_word' id='word_1_287' title='bbox 461 1279 583 1308; x_wconf 87' lang='lat' dir='ltr'><strong>nostros,</strong></span> <span class='ocrx_word' id='word_1_288' title='bbox 608 1275 634 1302; x_wconf 91' lang='lat' dir='ltr'><strong>id</strong></span> <span class='ocrx_word' id='word_1_289' title='bbox 658 1280 710 1307; x_wconf 89' lang='lat' dir='ltr'><strong>est,</strong></span> <span class='ocrx_word' id='word_1_290' title='bbox 736 1278 791 1301; x_wconf 89' lang='lat' dir='ltr'><strong>tres</strong></span> <span class='ocrx_word' id='word_1_291' title='bbox 815 1274 876 1301; x_wconf 87' lang='lat' dir='ltr'><strong>illas</strong></span> <span class='ocrx_word' id='word_1_292' title='bbox 902 1274 1001 1300; x_wconf 63' lang='lat' dir='ltr'><strong>anima!</strong></span> <span class='ocrx_word' id='word_1_293' title='bbox 1024 1274 1095 1301; x_wconf 85' lang='lat' dir='ltr'><strong>vires</strong></span> 
     </span>
    </p>
   </div>
   <div class='ocr_carea' id='block_1_44' title="bbox 308 1320 1095 1356">
    <p class='ocr_par' dir='ltr' id='par_1_44' title="bbox 308 1320 1095 1356">
     <span class='ocr_line' id='line_1_44' title="bbox 308 1320 1095 1356; baseline -0.003 -7"><span class='ocrx_word' id='word_1_294' title='bbox 308 1323 354 1349; x_wconf 93' lang='lat' dir='ltr'><strong>illo</strong></span> <span class='ocrx_word' id='word_1_295' title='bbox 371 1322 491 1356; x_wconf 71' lang='lat' dir='ltr'><strong>signatas</strong></span> <span class='ocrx_word' id='word_1_296' title='bbox 515 1321 667 1356; x_wconf 85' lang='lat' dir='ltr'><strong>prospexit.</strong></span> <span class='ocrx_word' id='word_1_297' title='bbox 685 1320 809 1352; x_wconf 83' lang='lat' dir='ltr'><strong>Accedit,</strong></span> <span class='ocrx_word' id='word_1_298' title='bbox 827 1320 898 1354; x_wconf 87' lang='lat' dir='ltr'><strong>quod</strong></span> <span class='ocrx_word' id='word_1_299' title='bbox 916 1320 1013 1346; x_wconf 89' lang='lat' dir='ltr'><strong>edendi</strong></span> <span class='ocrx_word' id='word_1_300' title='bbox 1036 1328 1095 1347; x_wconf 93' lang='lat' dir='ltr'><strong>mo-</strong></span> 
     </span>
    </p>
   </div>
   <div class='ocr_carea' id='block_1_45' title="bbox 307 1363 1096 1399">
    <p class='ocr_par' dir='ltr' id='par_1_45' title="bbox 307 1363 1096 1399">
     <span class='ocr_line' id='line_1_45' title="bbox 307 1363 1096 1399; baseline -0.001 -7"><span class='ocrx_word' id='word_1_301' title='bbox 307 1366 373 1392; x_wconf 87' lang='lat' dir='ltr'><strong>dum</strong></span> <span class='ocrx_word' id='word_1_302' title='bbox 399 1373 451 1392; x_wconf 88' lang='lat' dir='ltr'><strong>uon</strong></span> <span class='ocrx_word' id='word_1_303' title='bbox 473 1365 618 1392; x_wconf 84' lang='lat' dir='ltr'><strong>remissum</strong></span> <span class='ocrx_word' id='word_1_304' title='bbox 639 1363 783 1399; x_wconf 86' lang='lat' dir='ltr'><strong>quemdam</strong></span> <span class='ocrx_word' id='word_1_305' title='bbox 803 1364 903 1395; x_wconf 88' lang='lat' dir='ltr'><strong>tradit,</strong></span> <span class='ocrx_word' id='word_1_306' title='bbox 927 1369 955 1390; x_wconf 92' lang='lat' dir='ltr'><strong>ut</strong></span> <span class='ocrx_word' id='word_1_307' title='bbox 981 1364 1007 1390; x_wconf 91' lang='lat' dir='ltr'><strong>in</strong></span> <span class='ocrx_word' id='word_1_308' title='bbox 1031 1372 1096 1391; x_wconf 84' lang='lat' dir='ltr'><strong>con-</strong></span> 
     </span>
    </p>
   </div>
   <div class='ocr_carea' id='block_1_46' title="bbox 308 1410 1096 1443">
    <p class='ocr_par' dir='ltr' id='par_1_46' title="bbox 308 1410 1096 1443">
     <span class='ocr_line' id='line_1_46' title="bbox 308 1410 1096 1443; baseline 0 -6"><span class='ocrx_word' id='word_1_309' title='bbox 308 1411 388 1438; x_wconf 80' lang='lat' dir='ltr'><strong>viviis</strong></span> <span class='ocrx_word' id='word_1_310' title='bbox 419 1411 476 1438; x_wconf 73' lang='lat' dir='ltr'><strong>fieri</strong></span> <span class='ocrx_word' id='word_1_311' title='bbox 505 1411 583 1443; x_wconf 85' lang='lat' dir='ltr'><strong>solet,</strong></span> <span class='ocrx_word' id='word_1_312' title='bbox 613 1410 660 1437; x_wconf 87' lang='lat' dir='ltr'><strong>ubi</strong></span> <span class='ocrx_word' id='word_1_313' title='bbox 687 1411 808 1437; x_wconf 73' lang='lat' dir='ltr'><strong>conviva:</strong></span> <span class='ocrx_word' id='word_1_314' title='bbox 836 1410 940 1443; x_wconf 80' lang='lat' dir='ltr'><strong>sedent,</strong></span> <span class='ocrx_word' id='word_1_315' title='bbox 970 1411 1096 1438; x_wconf 87' lang='lat' dir='ltr'><strong>manibus</strong></span> 
     </span>
    </p>
   </div>
   <div class='ocr_carea' id='block_1_47' title="bbox 307 1456 1096 1490">
    <p class='ocr_par' dir='ltr' id='par_1_47' title="bbox 307 1456 1096 1490">
     <span class='ocr_line' id='line_1_47' title="bbox 307 1456 1096 1490; baseline 0.001 -7"><span class='ocrx_word' id='word_1_316' title='bbox 307 1457 412 1489; x_wconf 77' lang='lat' dir='ltr'><strong>liberis,</strong></span> <span class='ocrx_word' id='word_1_317' title='bbox 427 1459 453 1483; x_wconf 87' lang='lat' dir='ltr'><strong>et</strong></span> <span class='ocrx_word' id='word_1_318' title='bbox 467 1456 581 1490; x_wconf 87' lang='lat' dir='ltr'><strong>pedibus</strong></span> <span class='ocrx_word' id='word_1_319' title='bbox 599 1464 652 1483; x_wconf 89' lang='lat' dir='ltr'><strong>non</strong></span> <span class='ocrx_word' id='word_1_320' title='bbox 672 1456 706 1482; x_wconf 87' lang='lat' dir='ltr'><strong>ad</strong></span> <span class='ocrx_word' id='word_1_321' title='bbox 724 1457 776 1483; x_wconf 87' lang='lat' dir='ltr'><strong>iter</strong></span> <span class='ocrx_word' id='word_1_322' title='bbox 793 1457 932 1488; x_wconf 74' lang='lat' dir='ltr'><strong>calceatis,</strong></span> <span class='ocrx_word' id='word_1_323' title='bbox 948 1460 975 1483; x_wconf 91' lang='lat' dir='ltr'><strong>et</strong></span> <span class='ocrx_word' id='word_1_324' title='bbox 988 1457 1020 1482; x_wconf 84' lang='lat' dir='ltr'><strong>ad</strong></span> <span class='ocrx_word' id='word_1_325' title='bbox 1040 1457 1096 1485; x_wconf 81' lang='lat' dir='ltr'><strong>haec</strong></span> 
     </span>
    </p>
   </div>
   <div class='ocr_carea' id='block_1_48' title="bbox 307 1501 1096 1537">
    <p class='ocr_par' dir='ltr' id='par_1_48' title="bbox 307 1501 1096 1537">
     <span class='ocr_line' id='line_1_48' title="bbox 307 1501 1096 1537; baseline -0.001 -7"><span class='ocrx_word' id='word_1_326' title='bbox 307 1503 402 1530; x_wconf 80' lang='lat' dir='ltr'><strong>effusis</strong></span> <span class='ocrx_word' id='word_1_327' title='bbox 428 1502 514 1529; x_wconf 90' lang='lat' dir='ltr'><strong>induti</strong></span> <span class='ocrx_word' id='word_1_328' title='bbox 529 1501 663 1530; x_wconf 89' lang='lat' dir='ltr'><strong>vestibus.</strong></span> <span class='ocrx_word' id='word_1_329' title='bbox 690 1502 742 1529; x_wconf 90' lang='lat' dir='ltr'><strong>Sed</strong></span> <span class='ocrx_word' id='word_1_330' title='bbox 768 1506 864 1529; x_wconf 88' lang='lat' dir='ltr'><strong>contra</strong></span> <span class='ocrx_word' id='word_1_331' title='bbox 887 1503 966 1537; x_wconf 90' lang='lat' dir='ltr'><strong>quasi</strong></span> <span class='ocrx_word' id='word_1_332' title='bbox 988 1502 1021 1529; x_wconf 90' lang='lat' dir='ltr'><strong>ad</strong></span> <span class='ocrx_word' id='word_1_333' title='bbox 1046 1504 1096 1529; x_wconf 82' lang='lat' dir='ltr'><strong>iter</strong></span> 
     </span>
    </p>
   </div>
   <div class='ocr_carea' id='block_1_49' title="bbox 308 1547 1096 1583">
    <p class='ocr_par' dir='ltr' id='par_1_49' title="bbox 308 1547 1096 1583">
     <span class='ocr_line' id='line_1_49' title="bbox 308 1547 1096 1583; baseline 0 -8"><span class='ocrx_word' id='word_1_334' title='bbox 308 1548 391 1583; x_wconf 86' lang='lat' dir='ltr'><strong>pedes</strong></span> <span class='ocrx_word' id='word_1_335' title='bbox 414 1548 498 1582; x_wconf 84' lang='lat' dir='ltr'><strong>jussit</strong></span> <span class='ocrx_word' id='word_1_336' title='bbox 515 1547 683 1575; x_wconf 90' lang='lat' dir='ltr'><strong>comedendo</strong></span> <span class='ocrx_word' id='word_1_337' title='bbox 705 1547 806 1574; x_wconf 86' lang='lat' dir='ltr'><strong>habere</strong></span> <span class='ocrx_word' id='word_1_338' title='bbox 828 1548 905 1575; x_wconf 84' lang='lat' dir='ltr'><strong>duris</strong></span> <span class='ocrx_word' id='word_1_339' title='bbox 927 1548 1026 1575; x_wconf 79' lang='lat' dir='ltr'><strong>calceis</strong></span> <span class='ocrx_word' id='word_1_340' title='bbox 1041 1549 1096 1575; x_wconf 91' lang='lat' dir='ltr'><strong>cal-</strong></span> 
     </span>
    </p>
   </div>
   <div class='ocr_carea' id='block_1_50' title="bbox 309 1594 1097 1629">
    <p class='ocr_par' dir='ltr' id='par_1_50' title="bbox 309 1594 1097 1629">
     <span class='ocr_line' id='line_1_50' title="bbox 309 1594 1097 1629; baseline 0.001 -8"><span class='ocrx_word' id='word_1_341' title='bbox 309 1599 413 1626; x_wconf 82' lang='lat' dir='ltr'><strong>ceatos,</strong></span> <span class='ocrx_word' id='word_1_342' title='bbox 439 1594 549 1629; x_wconf 78' lang='lat' dir='ltr'><strong>cingulo</strong></span> <span class='ocrx_word' id='word_1_343' title='bbox 568 1595 700 1621; x_wconf 87' lang='lat' dir='ltr'><strong>sustineri</strong></span> <span class='ocrx_word' id='word_1_344' title='bbox 727 1602 759 1621; x_wconf 90' lang='lat' dir='ltr'><strong>ac</strong></span> <span class='ocrx_word' id='word_1_345' title='bbox 774 1595 917 1629; x_wconf 86' lang='lat' dir='ltr'><strong>comprimi</strong></span> <span class='ocrx_word' id='word_1_346' title='bbox 936 1600 1038 1622; x_wconf 83' lang='lat' dir='ltr'><strong>vestem</strong></span> <span class='ocrx_word' id='word_1_347' title='bbox 1063 1603 1097 1622; x_wconf 84' lang='lat' dir='ltr'><strong>ne</strong></span> 
     </span>
    </p>
   </div>
   <div class='ocr_carea' id='block_1_51' title="bbox 309 1640 1098 1676">
    <p class='ocr_par' dir='ltr' id='par_1_51' title="bbox 309 1640 1098 1676">
     <span class='ocr_line' id='line_1_51' title="bbox 309 1640 1098 1676; baseline 0.003 -10"><span class='ocrx_word' id='word_1_348' title='bbox 309 1640 474 1671; x_wconf 80' lang='lat' dir='ltr'><strong>ell‘undatur,</strong></span> <span class='ocrx_word' id='word_1_349' title='bbox 500 1647 532 1667; x_wconf 88' lang='lat' dir='ltr'><strong>ac</strong></span> <span class='ocrx_word' id='word_1_350' title='bbox 560 1640 586 1666; x_wconf 92' lang='lat' dir='ltr'><strong>in</strong></span> <span class='ocrx_word' id='word_1_351' title='bbox 614 1640 741 1667; x_wconf 87' lang='lat' dir='ltr'><strong>manibus</strong></span> <span class='ocrx_word' id='word_1_352' title='bbox 767 1640 894 1667; x_wconf 86' lang='lat' dir='ltr'><strong>baculum</strong></span> <span class='ocrx_word' id='word_1_353' title='bbox 917 1642 1014 1672; x_wconf 87' lang='lat' dir='ltr'><strong>teneri,</strong></span> <span class='ocrx_word' id='word_1_354' title='bbox 1044 1649 1098 1676; x_wconf 93' lang='lat' dir='ltr'><strong>quo</strong></span> 
     </span>
    </p>
   </div>
   <div class='ocr_carea' id='block_1_52' title="bbox 309 1685 1099 1721">
    <p class='ocr_par' dir='ltr' id='par_1_52' title="bbox 309 1685 1099 1721">
     <span class='ocr_line' id='line_1_52' title="bbox 309 1685 1099 1721; baseline 0 -8"><span class='ocrx_word' id='word_1_355' title='bbox 309 1694 392 1713; x_wconf 77' lang='lat' dir='ltr'><strong>canes</strong></span> <span class='ocrx_word' id='word_1_356' title='bbox 426 1690 572 1713; x_wconf 85' lang='lat' dir='ltr'><strong>arceantur</strong></span> <span class='ocrx_word' id='word_1_357' title='bbox 585 1686 618 1713; x_wconf 84' lang='lat'><strong>&quot;.</strong></span> <span class='ocrx_word' id='word_1_358' title='bbox 655 1687 683 1712; x_wconf 92' lang='lat' dir='ltr'><strong>In</strong></span> <span class='ocrx_word' id='word_1_359' title='bbox 717 1686 767 1712; x_wconf 85' lang='lat' dir='ltr'><strong>hac</strong></span> <span class='ocrx_word' id='word_1_360' title='bbox 798 1685 890 1720; x_wconf 81' lang='lat' dir='ltr'><strong>itaque</strong></span> <span class='ocrx_word' id='word_1_361' title='bbox 918 1686 1099 1721; x_wconf 85' lang='lat' dir='ltr'><strong>dispositione</strong></span> 
     </span>
    </p>
   </div>
   <div class='ocr_carea' id='block_1_53' title="bbox 310 1734 1096 1770">
    <p class='ocr_par' dir='ltr' id='par_1_53' title="bbox 310 1734 1096 1770">
     <span class='ocr_line' id='line_1_53' title="bbox 310 1734 1096 1770; baseline 0 -8"><span class='ocrx_word' id='word_1_362' title='bbox 310 1735 472 1763; x_wconf 82' lang='lat' dir='ltr'><strong>festinanter</strong></span> <span class='ocrx_word' id='word_1_363' title='bbox 483 1742 581 1770; x_wconf 81' lang='lat' dir='ltr'><strong>agnum</strong></span> <span class='ocrx_word' id='word_1_364' title='bbox 598 1734 742 1761; x_wconf 85' lang='lat' dir='ltr'><strong>comedere</strong></span> <span class='ocrx_word' id='word_1_365' title='bbox 753 1734 895 1768; x_wconf 87' lang='lat' dir='ltr'><strong>jubentur,</strong></span> <span class='ocrx_word' id='word_1_366' title='bbox 912 1743 966 1761; x_wconf 82' lang='lat' dir='ltr'><strong>non</strong></span> <span class='ocrx_word' id='word_1_367' title='bbox 983 1742 1096 1770; x_wconf 84' lang='lat' dir='ltr'><strong>operosa</strong></span> 
     </span>
    </p>
   </div>
   <div class='ocr_carea' id='block_1_54' title="bbox 309 1777 1098 1814">
    <p class='ocr_par' dir='ltr' id='par_1_54' title="bbox 309 1777 1098 1814">
     <span class='ocr_line' id='line_1_54' title="bbox 309 1777 1098 1814; baseline 0 -9"><span class='ocrx_word' id='word_1_368' title='bbox 309 1787 460 1814; x_wconf 87' lang='lat' dir='ltr'><strong>coquortun</strong></span> <span class='ocrx_word' id='word_1_369' title='bbox 486 1783 545 1805; x_wconf 85' lang='lat' dir='ltr'><strong>arte</strong></span> <span class='ocrx_word' id='word_1_370' title='bbox 572 1781 764 1813; x_wconf 73' lang='lat' dir='ltr'><strong>prazparatum,</strong></span> <span class='ocrx_word' id='word_1_371' title='bbox 796 1777 843 1804; x_wconf 89' lang='lat' dir='ltr'><strong>sed</strong></span> <span class='ocrx_word' id='word_1_372' title='bbox 856 1778 911 1812; x_wconf 80' lang='lat' dir='ltr'><strong>igni</strong></span> <span class='ocrx_word' id='word_1_373' title='bbox 935 1782 965 1805; x_wconf 90' lang='lat' dir='ltr'><strong>ut</strong></span> <span class='ocrx_word' id='word_1_374' title='bbox 985 1779 1098 1813; x_wconf 77' lang='lat' dir='ltr'><strong>contigit</strong></span> 
     </span>
    </p>
   </div>
   <div class='ocr_carea' id='block_1_55' title="bbox 309 1824 1097 1859">
    <p class='ocr_par' dir='ltr' id='par_1_55' title="bbox 309 1824 1097 1859">
     <span class='ocr_line' id='line_1_55' title="bbox 309 1824 1097 1859; baseline -0.001 -8"><span class='ocrx_word' id='word_1_375' title='bbox 309 1832 422 1855; x_wconf 79' lang='lat' dir='ltr'><strong>assum.</strong></span> <span class='ocrx_word' id='word_1_376' title='bbox 455 1827 482 1851; x_wconf 90' lang='lat' dir='ltr'><strong>et</strong></span> <span class='ocrx_word' id='word_1_377' title='bbox 510 1832 572 1850; x_wconf 90' lang='lat' dir='ltr'><strong>cum</strong></span> <span class='ocrx_word' id='word_1_378' title='bbox 606 1824 681 1850; x_wconf 93' lang='lat' dir='ltr'><strong>omni</strong></span> <span class='ocrx_word' id='word_1_379' title='bbox 711 1824 851 1850; x_wconf 79' lang='lat' dir='ltr'><strong>celeritate</strong></span> <span class='ocrx_word' id='word_1_380' title='bbox 885 1825 984 1859; x_wconf 89' lang='lat' dir='ltr'><strong>raptim</strong></span> <span class='ocrx_word' id='word_1_381' title='bbox 1021 1825 1097 1851; x_wconf 94' lang='lat' dir='ltr'><strong>illum</strong></span> 
     </span>
    </p>
   </div>
   <div class='ocr_carea' id='block_1_56' title="bbox 309 1870 1099 1905">
    <p class='ocr_par' dir='ltr' id='par_1_56' title="bbox 309 1870 1099 1905">
     <span class='ocr_line' id='line_1_56' title="bbox 309 1870 1099 1905; baseline 0 -8"><span class='ocrx_word' id='word_1_382' title='bbox 309 1871 465 1901; x_wconf 85' lang='lat' dir='ltr'><strong>absumere,</strong></span> <span class='ocrx_word' id='word_1_383' title='bbox 485 1877 628 1905; x_wconf 88' lang='lat' dir='ltr'><strong>quousque</strong></span> <span class='ocrx_word' id='word_1_384' title='bbox 650 1874 736 1897; x_wconf 89' lang='lat' dir='ltr'><strong>totum</strong></span> <span class='ocrx_word' id='word_1_385' title='bbox 761 1870 888 1897; x_wconf 86' lang='lat' dir='ltr'><strong>animalis</strong></span> <span class='ocrx_word' id='word_1_386' title='bbox 909 1878 1009 1905; x_wconf 89' lang='lat' dir='ltr'><strong>corpus</strong></span> <span class='ocrx_word' id='word_1_387' title='bbox 1032 1878 1099 1897; x_wconf 87' lang='lat' dir='ltr'><strong>con-</strong></span> 
     </span>
    </p>
   </div>
   <div class='ocr_carea' id='block_1_57' title="bbox 310 1915 1098 1951">
    <p class='ocr_par' dir='ltr' id='par_1_57' title="bbox 310 1915 1098 1951">
     <span class='ocr_line' id='line_1_57' title="bbox 310 1915 1098 1951; baseline 0 -8"><span class='ocrx_word' id='word_1_388' title='bbox 310 1920 449 1951; x_wconf 86' lang='lat' dir='ltr'><strong>sumptum</strong></span> <span class='ocrx_word' id='word_1_389' title='bbox 485 1916 587 1948; x_wconf 78' lang='lat' dir='ltr'><strong>fuerit,</strong></span> <span class='ocrx_word' id='word_1_390' title='bbox 619 1915 738 1950; x_wconf 86' lang='lat' dir='ltr'><strong>dumque</strong></span> <span class='ocrx_word' id='word_1_391' title='bbox 766 1923 799 1942; x_wconf 82' lang='lat' dir='ltr'><strong>ex</strong></span> <span class='ocrx_word' id='word_1_392' title='bbox 831 1915 864 1942; x_wconf 89' lang='lat' dir='ltr'><strong>iis</strong></span> <span class='ocrx_word' id='word_1_393' title='bbox 897 1923 958 1950; x_wconf 72' lang='lat' dir='ltr'><strong>quae</strong></span> <span class='ocrx_word' id='word_1_394' title='bbox 989 1917 1098 1943; x_wconf 88' lang='lat' dir='ltr'><strong>ossibus</strong></span> 
     </span>
    </p>
   </div>
   <div class='ocr_carea' id='block_1_58' title="bbox 310 1961 1097 1995">
    <p class='ocr_par' dir='ltr' id='par_1_58' title="bbox 310 1961 1097 1995">
     <span class='ocr_line' id='line_1_58' title="bbox 310 1961 1097 1995; baseline 0 -6"><span class='ocrx_word' id='word_1_395' title='bbox 310 1963 467 1993; x_wconf 61' lang='lat' dir='ltr'><strong>adimerent,</strong></span> <span class='ocrx_word' id='word_1_396' title='bbox 504 1961 653 1988; x_wconf 88' lang='lat' dir='ltr'><strong>comedunt</strong></span> <span class='ocrx_word' id='word_1_397' title='bbox 675 1961 808 1995; x_wconf 88' lang='lat' dir='ltr'><strong>quidquid</strong></span> <span class='ocrx_word' id='word_1_398' title='bbox 840 1962 1009 1988; x_wconf 87' lang='lat' dir='ltr'><strong>esculentum</strong></span> <span class='ocrx_word' id='word_1_399' title='bbox 1041 1966 1097 1995; x_wconf 81' lang='lat' dir='ltr'><strong>est,</strong></span> 
     </span>
    </p>
   </div>
   <div class='ocr_carea' id='block_1_59' title="bbox 310 2006 1098 2042">
    <p class='ocr_par' dir='ltr' id='par_1_59' title="bbox 310 2006 1098 2042">
     <span class='ocr_line' id='line_1_59' title="bbox 310 2006 1098 2042; baseline 0.001 -8"><span class='ocrx_word' id='word_1_400' title='bbox 310 2013 337 2035; x_wconf 77' lang='lat' dir='ltr'><strong>et.</strong></span> <span class='ocrx_word' id='word_1_401' title='bbox 371 2008 404 2035; x_wconf 87' lang='lat' dir='ltr'><strong>ab</strong></span> <span class='ocrx_word' id='word_1_402' title='bbox 431 2015 464 2034; x_wconf 90' lang='lat' dir='ltr'><strong>eo</strong></span> <span class='ocrx_word' id='word_1_403' title='bbox 500 2006 573 2042; x_wconf 88' lang='lat' dir='ltr'><strong>quod</strong></span> <span class='ocrx_word' id='word_1_404' title='bbox 613 2007 687 2033; x_wconf 91' lang='lat' dir='ltr'><strong>intus</strong></span> <span class='ocrx_word' id='word_1_405' title='bbox 718 2011 760 2033; x_wconf 86' lang='lat' dir='ltr'><strong>est</strong></span> <span class='ocrx_word' id='word_1_406' title='bbox 791 2006 947 2040; x_wconf 85' lang='lat' dir='ltr'><strong>abstinent;</strong></span> <span class='ocrx_word' id='word_1_407' title='bbox 978 2008 1098 2042; x_wconf 86' lang='lat' dir='ltr'><strong>prohibi-</strong></span> 
     </span>
    </p>
   </div>
   <div class='ocr_carea' id='block_1_60' title="bbox 311 2052 1097 2081">
    <p class='ocr_par' dir='ltr' id='par_1_60' title="bbox 311 2052 1097 2081">
     <span class='ocr_line' id='line_1_60' title="bbox 311 2052 1097 2081; baseline 0.001 -1"><span class='ocrx_word' id='word_1_408' title='bbox 311 2058 368 2080; x_wconf 91' lang='lat' dir='ltr'><strong>tum</strong></span> <span class='ocrx_word' id='word_1_409' title='bbox 397 2053 468 2079; x_wconf 91' lang='lat' dir='ltr'><strong>enim</strong></span> <span class='ocrx_word' id='word_1_410' title='bbox 501 2057 544 2079; x_wconf 85' lang='lat' dir='ltr'><strong>cst.</strong></span> <span class='ocrx_word' id='word_1_411' title='bbox 576 2059 610 2078; x_wconf 88' lang='lat' dir='ltr'><strong>ne</strong></span> <span class='ocrx_word' id='word_1_412' title='bbox 643 2059 706 2079; x_wconf 84' lang='lat' dir='ltr'><strong>ossa</strong></span> <span class='ocrx_word' id='word_1_413' title='bbox 740 2052 964 2079; x_wconf 79' lang='lat' dir='ltr'><strong>comminuantur</strong></span> <span class='ocrx_word' id='word_1_414' title='bbox 993 2055 1097 2081; x_wconf 86' lang='lat' dir='ltr'><strong>anima-</strong></span> 
     </span>
    </p>
   </div>
   <div class='ocr_carea' id='block_1_61' title="bbox 311 2097 1098 2132">
    <p class='ocr_par' dir='ltr' id='par_1_61' title="bbox 311 2097 1098 2132">
     <span class='ocr_line' id='line_1_61' title="bbox 311 2097 1098 2132; baseline 0.001 -7"><span class='ocrx_word' id='word_1_415' title='bbox 311 2099 346 2125; x_wconf 85' lang='lat' dir='ltr'><strong>lis</strong></span> <span class='ocrx_word' id='word_1_416' title='bbox 370 2098 468 2132; x_wconf 83' lang='lat' dir='ltr'><strong>hujus,</strong></span> <span class='ocrx_word' id='word_1_417' title='bbox 496 2097 543 2124; x_wconf 89' lang='lat' dir='ltr'><strong>sed</strong></span> <span class='ocrx_word' id='word_1_418' title='bbox 566 2097 637 2132; x_wconf 88' lang='lat' dir='ltr'><strong>quod</strong></span> <span class='ocrx_word' id='word_1_419' title='bbox 665 2105 697 2124; x_wconf 80' lang='lat' dir='ltr'><strong>ex</strong></span> <span class='ocrx_word' id='word_1_420' title='bbox 730 2097 774 2124; x_wconf 91' lang='lat' dir='ltr'><strong>illa</strong></span> <span class='ocrx_word' id='word_1_421' title='bbox 796 2098 1006 2126; x_wconf 86' lang='lat' dir='ltr'><strong>manducatione</strong></span> <span class='ocrx_word' id='word_1_422' title='bbox 1033 2100 1098 2127; x_wconf 90' lang='lat' dir='ltr'><strong>reli-</strong></span> 
     </span>
    </p>
   </div>
   <div class='ocr_carea' id='block_1_62' title="bbox 1147 870 1933 906">
    <p class='ocr_par' dir='ltr' id='par_1_62' title="bbox 1147 870 1933 906">
     <span class='ocr_line' id='line_1_62' title="bbox 1147 870 1933 906; baseline 0.001 -10"><span class='ocrx_word' id='word_1_423' title='bbox 1147 872 1194 906; x_wconf 85' lang='grc' dir='ltr'>μὲν</span> <span class='ocrx_word' id='word_1_424' title='bbox 1223 871 1424 906; x_wconf 79' lang='grc' dir='ltr'>Ἰσραηλιτικῶν</span> <span class='ocrx_word' id='word_1_425' title='bbox 1444 870 1620 905; x_wconf 70' lang='grc' dir='ltr'>γεννημάτων</span> <span class='ocrx_word' id='word_1_426' title='bbox 1636 871 1680 897; x_wconf 74' lang='grc' dir='ltr'><strong>διὰ</strong></span> <span class='ocrx_word' id='word_1_427' title='bbox 1695 871 1743 905; x_wconf 81' lang='grc' dir='ltr'>τῆς</span> <span class='ocrx_word' id='word_1_428' title='bbox 1759 870 1804 896; x_wconf 85' lang='grc' dir='ltr'><strong>τοῦ</strong></span> <span class='ocrx_word' id='word_1_429' title='bbox 1817 871 1933 906; x_wconf 79' lang='grc' dir='ltr'>αἵματος</span> 
     </span>
    </p>
   </div>
   <div class='ocr_carea' id='block_1_63' title="bbox 1145 916 1932 952">
    <p class='ocr_par' dir='ltr' id='par_1_63' title="bbox 1145 916 1932 952">
     <span class='ocr_line' id='line_1_63' title="bbox 1145 916 1932 952; baseline 0.001 -10"><span class='ocrx_word' id='word_1_430' title='bbox 1145 917 1318 951; x_wconf 75' lang='grc' dir='ltr'>προσχύσεως</span> <span class='ocrx_word' id='word_1_431' title='bbox 1331 917 1432 950; x_wconf 82' lang='grc' dir='ltr'>γίνεται</span> <span class='ocrx_word' id='word_1_432' title='bbox 1447 917 1463 951; x_wconf 83' lang='grc' dir='ltr'>ἡ</span> <span class='ocrx_word' id='word_1_433' title='bbox 1480 918 1593 952; x_wconf 69' lang='grc' dir='ltr'>φρουρὰ,</span> <span class='ocrx_word' id='word_1_434' title='bbox 1609 919 1685 948; x_wconf 78' lang='grc' dir='ltr'>ὅπως</span> <span class='ocrx_word' id='word_1_435' title='bbox 1697 916 1729 943; x_wconf 75' lang='grc' dir='ltr'>ἂν</span> <span class='ocrx_word' id='word_1_436' title='bbox 1741 918 1780 948; x_wconf 70' lang='grc' dir='ltr'>εἰς</span> <span class='ocrx_word' id='word_1_437' title='bbox 1794 918 1932 944; x_wconf 72' lang='grc' dir='ltr'><strong>τελείωσιν</strong></span> 
     </span>
    </p>
   </div>
   <div class='ocr_carea' id='block_1_64' title="bbox 1144 962 1932 998">
    <p class='ocr_par' dir='ltr' id='par_1_64' title="bbox 1144 962 1932 998">
     <span class='ocr_line' id='line_1_64' title="bbox 1144 962 1932 998; baseline 0 -10"><span class='ocrx_word' id='word_1_438' title='bbox 1144 963 1174 988; x_wconf 79' lang='grc' dir='ltr'>τὸ</span> <span class='ocrx_word' id='word_1_439' title='bbox 1196 962 1295 996; x_wconf 76' lang='grc' dir='ltr'>ἀγαθὸν</span> <span class='ocrx_word' id='word_1_440' title='bbox 1317 962 1391 997; x_wconf 73' lang='grc' dir='ltr'>ἔλθῃ.</span> <span class='ocrx_word' id='word_1_441' title='bbox 1408 962 1496 998; x_wconf 80' lang='grc' dir='ltr'>Ὅπερ</span> <span class='ocrx_word' id='word_1_442' title='bbox 1516 963 1544 989; x_wconf 82' lang='grc' dir='ltr'>δὲ</span> <span class='ocrx_word' id='word_1_443' title='bbox 1566 963 1706 989; x_wconf 74' lang='grc' dir='ltr'>τελειωθὲν</span> <span class='ocrx_word' id='word_1_444' title='bbox 1729 963 1767 993; x_wconf 76' lang='grc' dir='ltr'>εἷς</span> <span class='ocrx_word' id='word_1_445' title='bbox 1784 963 1932 996; x_wconf 75' lang='grc' dir='ltr'>Αίγύπτιον</span> 
     </span>
    </p>
   </div>
   <div class='ocr_carea' id='block_1_65' title="bbox 1147 1005 1931 1043">
    <p class='ocr_par' dir='ltr' id='par_1_65' title="bbox 1147 1005 1931 1043">
     <span class='ocr_line' id='line_1_65' title="bbox 1147 1005 1931 1043; baseline 0.003 -11"><span class='ocrx_word' id='word_1_446' title='bbox 1147 1007 1297 1033; x_wconf 80' lang='grc' dir='ltr'>συντελέσει</span> <span class='ocrx_word' id='word_1_447' title='bbox 1318 1007 1416 1042; x_wconf 75' lang='grc' dir='ltr'>δῆμον,</span> <span class='ocrx_word' id='word_1_448' title='bbox 1445 1007 1523 1034; x_wconf 73' lang='grc' dir='ltr'>τοῦτο</span> <span class='ocrx_word' id='word_1_449' title='bbox 1547 1008 1598 1042; x_wconf 65' lang='grc' dir='ltr'><strong>πρδ</strong></span> <span class='ocrx_word' id='word_1_450' title='bbox 1620 1005 1668 1042; x_wconf 80' lang='grc' dir='ltr'>τῆς</span> <span class='ocrx_word' id='word_1_451' title='bbox 1689 1009 1717 1034; x_wconf 84' lang='grc' dir='ltr'>ὲν</span> <span class='ocrx_word' id='word_1_452' title='bbox 1733 1007 1771 1042; x_wconf 83' lang='grc' dir='ltr'>τῷ</span> <span class='ocrx_word' id='word_1_453' title='bbox 1786 1008 1864 1043; x_wconf 84' lang='grc' dir='ltr'>κακῷ</span> <span class='ocrx_word' id='word_1_454' title='bbox 1886 1017 1931 1034; x_wconf 84' lang='grc' dir='ltr'>τε-</span> 
     </span>
    </p>
   </div>
   <div class='ocr_carea' id='block_1_66' title="bbox 1145 1052 1932 1088">
    <p class='ocr_par' dir='ltr' id='par_1_66' title="bbox 1145 1052 1932 1088">
     <span class='ocr_line' id='line_1_66' title="bbox 1145 1052 1932 1088; baseline 0.003 -11"><span class='ocrx_word' id='word_1_455' title='bbox 1145 1052 1278 1083; x_wconf 70' lang='grc' dir='ltr'>λειώσεως</span> <span class='ocrx_word' id='word_1_456' title='bbox 1296 1052 1441 1087; x_wconf 77' lang='grc' dir='ltr'>ἠφανίσθη.</span> <span class='ocrx_word' id='word_1_457' title='bbox 1470 1053 1597 1087; x_wconf 78' lang='grc' dir='ltr'>ΣυνεργΞί</span> <span class='ocrx_word' id='word_1_458' title='bbox 1619 1053 1646 1078; x_wconf 82' lang='grc' dir='ltr'>δὲ</span> <span class='ocrx_word' id='word_1_459' title='bbox 1668 1053 1734 1088; x_wconf 79' lang='grc' dir='ltr'>πρὸς</span> <span class='ocrx_word' id='word_1_460' title='bbox 1748 1053 1797 1088; x_wconf 80' lang='grc' dir='ltr'>τὴν</span> <span class='ocrx_word' id='word_1_461' title='bbox 1820 1061 1932 1088; x_wconf 82' lang='grc' dir='ltr'>προκει-</span> 
     </span>
    </p>
   </div>
   <div class='ocr_carea' id='block_1_67' title="bbox 1148 1096 1931 1132">
    <p class='ocr_par' dir='ltr' id='par_1_67' title="bbox 1148 1096 1931 1132">
     <span class='ocr_line' id='line_1_67' title="bbox 1148 1096 1931 1132; baseline 0.003 -11"><span class='ocrx_word' id='word_1_462' title='bbox 1148 1097 1230 1131; x_wconf 75' lang='grc' dir='ltr'>μένην</span> <span class='ocrx_word' id='word_1_463' title='bbox 1245 1096 1321 1131; x_wconf 76' lang='grc' dir='ltr'>ἡμῶν</span> <span class='ocrx_word' id='word_1_464' title='bbox 1339 1097 1483 1131; x_wconf 82' lang='grc' dir='ltr'>ἀναγωγὴν</span> <span class='ocrx_word' id='word_1_465' title='bbox 1506 1097 1551 1123; x_wconf 81' lang='grc' dir='ltr'><strong>τοῦ</strong></span> <span class='ocrx_word' id='word_1_466' title='bbox 1566 1098 1700 1132; x_wconf 80' lang='grc' dir='ltr'><strong>νοήματος</strong></span> <span class='ocrx_word' id='word_1_467' title='bbox 1718 1098 1763 1123; x_wconf 68' lang='grc' dir='ltr'>καὶ</span> <span class='ocrx_word' id='word_1_468' title='bbox 1778 1097 1812 1123; x_wconf 79' lang='grc' dir='ltr'><strong>τὰ</strong></span> <span class='ocrx_word' id='word_1_469' title='bbox 1832 1098 1931 1132; x_wconf 72' lang='grc' dir='ltr'>ἑφεξῆς</span> 
     </span>
    </p>
   </div>
   <div class='ocr_carea' id='block_1_68' title="bbox 1148 1142 1932 1177">
    <p class='ocr_par' dir='ltr' id='par_1_68' title="bbox 1148 1142 1932 1177">
     <span class='ocr_line' id='line_1_68' title="bbox 1148 1142 1932 1177; baseline 0 -9"><span class='ocrx_word' id='word_1_470' title='bbox 1148 1142 1470 1177; x_wconf 77' lang='grc' dir='ltr'>συμπαραλαμϐανόμενα</span> <span class='ocrx_word' id='word_1_471' title='bbox 1493 1143 1525 1177; x_wconf 82' lang='grc' dir='ltr'>τῇ</span> <span class='ocrx_word' id='word_1_472' title='bbox 1545 1142 1646 1177; x_wconf 76' lang='grc' dir='ltr'>θεωρίᾳ.</span> <span class='ocrx_word' id='word_1_473' title='bbox 1664 1142 1711 1168; x_wconf 83' lang='grc' dir='ltr'>τοῦ</span> <span class='ocrx_word' id='word_1_474' title='bbox 1727 1142 1816 1176; x_wconf 77' lang='grc' dir='ltr'>λόγου.</span> <span class='ocrx_word' id='word_1_475' title='bbox 1837 1143 1932 1168; x_wconf 76' lang='grc' dir='ltr'>Βούλε-</span> 
     </span>
    </p>
   </div>
   <div class='ocr_carea' id='block_1_69' title="bbox 1146 1185 1930 1222">
    <p class='ocr_par' dir='ltr' id='par_1_69' title="bbox 1146 1185 1930 1222">
     <span class='ocr_line' id='line_1_69' title="bbox 1146 1185 1930 1222; baseline -0.003 -9"><span class='ocrx_word' id='word_1_476' title='bbox 1146 1196 1189 1214; x_wconf 87' lang='grc' dir='ltr'><strong>ται</strong></span> <span class='ocrx_word' id='word_1_477' title='bbox 1205 1187 1258 1221; x_wconf 80' lang='grc' dir='ltr'><strong>γὰρ</strong></span> <span class='ocrx_word' id='word_1_478' title='bbox 1272 1187 1373 1222; x_wconf 81' lang='grc' dir='ltr'>τροφὴν</span> <span class='ocrx_word' id='word_1_479' title='bbox 1383 1186 1459 1221; x_wconf 78' lang='grc' dir='ltr'>ἡμῶν</span> <span class='ocrx_word' id='word_1_480' title='bbox 1474 1186 1600 1219; x_wconf 76' lang='grc' dir='ltr'>γενέσθαι</span> <span class='ocrx_word' id='word_1_481' title='bbox 1615 1185 1644 1212; x_wconf 86' lang='grc' dir='ltr'>τὸ</span> <span class='ocrx_word' id='word_1_482' title='bbox 1664 1185 1756 1220; x_wconf 81' lang='grc' dir='ltr'>σῶμα,</span> <span class='ocrx_word' id='word_1_483' title='bbox 1769 1185 1829 1212; x_wconf 77' lang='grc' dir='ltr'>ὅθεν</span> <span class='ocrx_word' id='word_1_484' title='bbox 1846 1187 1930 1221; x_wconf 72' lang='grc' dir='ltr'>ἀπερ-</span> 
     </span>
    </p>
   </div>
   <div class='ocr_carea' id='block_1_70' title="bbox 1148 1231 1931 1268">
    <p class='ocr_par' dir='ltr' id='par_1_70' title="bbox 1148 1231 1931 1268">
     <span class='ocr_line' id='line_1_70' title="bbox 1148 1231 1931 1268; baseline -0.004 -9"><span class='ocrx_word' id='word_1_485' title='bbox 1148 1234 1197 1268; x_wconf 79' lang='grc' dir='ltr'>ρύη</span> <span class='ocrx_word' id='word_1_486' title='bbox 1220 1233 1248 1259; x_wconf 77' lang='grc' dir='ltr'>τὸ</span> <span class='ocrx_word' id='word_1_487' title='bbox 1264 1231 1348 1267; x_wconf 73' lang='grc' dir='ltr'>αἷμα,</span> <span class='ocrx_word' id='word_1_488' title='bbox 1371 1232 1385 1258; x_wconf 84' lang='grc' dir='ltr'>ὃ</span> <span class='ocrx_word' id='word_1_489' title='bbox 1398 1232 1506 1267; x_wconf 75' lang='grc' dir='ltr'><strong>χωρίζει</strong></span> <span class='ocrx_word' id='word_1_490' title='bbox 1520 1231 1566 1258; x_wconf 82' lang='grc' dir='ltr'>τοῦ</span> <span class='ocrx_word' id='word_1_491' title='bbox 1587 1231 1744 1267; x_wconf 75' lang='grc' dir='ltr'>ὀλοθρευτοῦ</span> <span class='ocrx_word' id='word_1_492' title='bbox 1770 1231 1822 1257; x_wconf 84' lang='grc' dir='ltr'>τῶν</span> <span class='ocrx_word' id='word_1_493' title='bbox 1850 1232 1931 1265; x_wconf 79' lang='grc' dir='ltr'>Αἰγυ-</span> 
     </span>
    </p>
   </div>
   <div class='ocr_carea' id='block_1_71' title="bbox 1148 1275 1928 1311">
    <p class='ocr_par' dir='ltr' id='par_1_71' title="bbox 1148 1275 1928 1311">
     <span class='ocr_line' id='line_1_71' title="bbox 1148 1275 1928 1311; baseline -0.003 -8"><span class='ocrx_word' id='word_1_494' title='bbox 1148 1278 1242 1308; x_wconf 88' lang='grc' dir='ltr'>πτίων,</span> <span class='ocrx_word' id='word_1_495' title='bbox 1264 1278 1309 1303; x_wconf 73' lang='grc' dir='ltr'><strong>ἐπὶ</strong></span> <span class='ocrx_word' id='word_1_496' title='bbox 1325 1277 1377 1303; x_wconf 79' lang='grc' dir='ltr'>τῶν</span> <span class='ocrx_word' id='word_1_497' title='bbox 1403 1277 1511 1303; x_wconf 81' lang='grc' dir='ltr'>εἰσόδων</span> <span class='ocrx_word' id='word_1_498' title='bbox 1536 1275 1716 1311; x_wconf 74' lang='grc' dir='ltr'>δεικνύμενον.</span> <span class='ocrx_word' id='word_1_499' title='bbox 1734 1276 1770 1301; x_wconf 82' lang='grc' dir='ltr'><strong>Τό</strong></span> <span class='ocrx_word' id='word_1_500' title='bbox 1788 1285 1816 1302; x_wconf 82' lang='grc' dir='ltr'><strong>τε</strong></span> <span class='ocrx_word' id='word_1_501' title='bbox 1834 1276 1928 1311; x_wconf 83' lang='grc' dir='ltr'>σχῆμα</span> 
     </span>
    </p>
   </div>
   <div class='ocr_carea' id='block_1_72' title="bbox 1146 1321 1931 1358">
    <p class='ocr_par' dir='ltr' id='par_1_72' title="bbox 1146 1321 1931 1358">
     <span class='ocr_line' id='line_1_72' title="bbox 1146 1321 1931 1358; baseline -0.003 -9"><span class='ocrx_word' id='word_1_502' title='bbox 1146 1323 1200 1349; x_wconf 83' lang='grc' dir='ltr'>τῶν</span> <span class='ocrx_word' id='word_1_503' title='bbox 1214 1323 1261 1358; x_wconf 82' lang='grc' dir='ltr'>τὴν</span> <span class='ocrx_word' id='word_1_504' title='bbox 1280 1323 1380 1358; x_wconf 76' lang='grc' dir='ltr'>τροφὴν</span> <span class='ocrx_word' id='word_1_505' title='bbox 1393 1323 1493 1357; x_wconf 76' lang='grc' dir='ltr'>ταύτην</span> <span class='ocrx_word' id='word_1_506' title='bbox 1510 1322 1748 1357; x_wconf 71' lang='grc' dir='ltr'>προσφερομένων,</span> <span class='ocrx_word' id='word_1_507' title='bbox 1762 1321 1888 1348; x_wconf 81' lang='grc' dir='ltr'>σύντονόν</span> <span class='ocrx_word' id='word_1_508' title='bbox 1904 1330 1931 1347; x_wconf 83' lang='grc' dir='ltr'><strong>τε</strong></span> 
     </span>
    </p>
   </div>
   <div class='ocr_carea' id='block_1_73' title="bbox 1147 1365 1931 1403">
    <p class='ocr_par' dir='ltr' id='par_1_73' title="bbox 1147 1365 1931 1403">
     <span class='ocr_line' id='line_1_73' title="bbox 1147 1365 1931 1403; baseline -0.004 -8"><span class='ocrx_word' id='word_1_509' title='bbox 1147 1370 1193 1396; x_wconf 65' lang='grc' dir='ltr'>καὶ</span> <span class='ocrx_word' id='word_1_510' title='bbox 1206 1369 1474 1403; x_wconf 77' lang='grc' dir='ltr'>κατεσπουδασμένον</span> <span class='ocrx_word' id='word_1_511' title='bbox 1492 1366 1570 1400; x_wconf 79' lang='grc' dir='ltr'>εἶναι,</span> <span class='ocrx_word' id='word_1_512' title='bbox 1586 1369 1633 1402; x_wconf 78' lang='grc' dir='ltr'><strong>οὐχ</strong></span> <span class='ocrx_word' id='word_1_513' title='bbox 1651 1365 1706 1393; x_wconf 75' lang='grc' dir='ltr'>οἷον</span> <span class='ocrx_word' id='word_1_514' title='bbox 1721 1368 1767 1393; x_wconf 70' lang='grc' dir='ltr'><strong>ἐπὶ</strong></span> <span class='ocrx_word' id='word_1_515' title='bbox 1779 1367 1833 1393; x_wconf 80' lang='grc' dir='ltr'>τῶν</span> <span class='ocrx_word' id='word_1_516' title='bbox 1849 1368 1931 1393; x_wconf 75' lang='grc' dir='ltr'>εὐπα-</span> 
     </span>
    </p>
   </div>
   <div class='ocr_carea' id='block_1_74' title="bbox 1147 1411 1931 1449">
    <p class='ocr_par' dir='ltr' id='par_1_74' title="bbox 1147 1411 1931 1449">
     <span class='ocr_line' id='line_1_74' title="bbox 1147 1411 1931 1449; baseline -0.005 -8"><span class='ocrx_word' id='word_1_517' title='bbox 1147 1416 1263 1441; x_wconf 80' lang='grc' dir='ltr'>θούντων</span> <span class='ocrx_word' id='word_1_518' title='bbox 1277 1416 1305 1440; x_wconf 82' lang='grc' dir='ltr'>ὲν</span> <span class='ocrx_word' id='word_1_519' title='bbox 1320 1414 1478 1449; x_wconf 75' lang='grc' dir='ltr'><strong>συμποσίοις</strong></span> <span class='ocrx_word' id='word_1_520' title='bbox 1496 1414 1604 1448; x_wconf 81' lang='grc' dir='ltr'>ὁρᾶται·</span> <span class='ocrx_word' id='word_1_521' title='bbox 1623 1411 1660 1439; x_wconf 80' lang='grc' dir='ltr'>ὧν</span> <span class='ocrx_word' id='word_1_522' title='bbox 1673 1414 1760 1440; x_wconf 83' lang='grc' dir='ltr'>ἇνετοι</span> <span class='ocrx_word' id='word_1_523' title='bbox 1776 1413 1823 1447; x_wconf 82' lang='grc' dir='ltr'>μὲν</span> <span class='ocrx_word' id='word_1_524' title='bbox 1836 1414 1865 1438; x_wconf 68' lang='lat' dir='ltr'><strong>at!</strong></span> <span class='ocrx_word' id='word_1_525' title='bbox 1879 1413 1931 1447; x_wconf 84' lang='grc' dir='ltr'><strong>χεῖ-</strong></span> 
     </span>
    </p>
   </div>
   <div class='ocr_carea' id='block_1_75' title="bbox 1149 1457 1931 1495">
    <p class='ocr_par' dir='ltr' id='par_1_75' title="bbox 1149 1457 1931 1495">
     <span class='ocr_line' id='line_1_75' title="bbox 1149 1457 1931 1495; baseline -0.003 -10"><span class='ocrx_word' id='word_1_526' title='bbox 1149 1469 1211 1495; x_wconf 76' lang='grc' dir='ltr'>ρες,</span> <span class='ocrx_word' id='word_1_527' title='bbox 1230 1459 1345 1494; x_wconf 73' lang='grc' dir='ltr'>ἐλαφραὶ</span> <span class='ocrx_word' id='word_1_528' title='bbox 1368 1458 1396 1485; x_wconf 83' lang='grc' dir='ltr'>δὲ</span> <span class='ocrx_word' id='word_1_529' title='bbox 1422 1459 1536 1493; x_wconf 81' lang='grc' dir='ltr'>ἱματίων</span> <span class='ocrx_word' id='word_1_530' title='bbox 1556 1458 1693 1490; x_wconf 72' lang='grc' dir='ltr'>ἐπιϐολαὶ,</span> <span class='ocrx_word' id='word_1_531' title='bbox 1711 1458 1758 1492; x_wconf 80' lang='grc' dir='ltr'>τῆς</span> <span class='ocrx_word' id='word_1_532' title='bbox 1775 1466 1804 1483; x_wconf 82' lang='grc' dir='ltr'><strong>τε</strong></span> <span class='ocrx_word' id='word_1_533' title='bbox 1827 1457 1931 1484; x_wconf 80' lang='grc' dir='ltr'>ὁδοιπο-</span> 
     </span>
    </p>
   </div>
   <div class='ocr_carea' id='block_1_76' title="bbox 1151 1502 1930 1541">
    <p class='ocr_par' dir='ltr' id='par_1_76' title="bbox 1151 1502 1930 1541">
     <span class='ocr_line' id='line_1_76' title="bbox 1151 1502 1930 1541; baseline -0.005 -9"><span class='ocrx_word' id='word_1_534' title='bbox 1151 1507 1228 1541; x_wconf 75' lang='grc' dir='ltr'>ρικῆς</span> <span class='ocrx_word' id='word_1_535' title='bbox 1250 1506 1424 1540; x_wconf 77' lang='grc' dir='ltr'>παρασκευῆς</span> <span class='ocrx_word' id='word_1_536' title='bbox 1440 1506 1464 1531; x_wconf 79' lang='lat' dir='ltr'><strong>oi.</strong></span> <span class='ocrx_word' id='word_1_537' title='bbox 1484 1505 1562 1536; x_wconf 71' lang='grc' dir='ltr'>πόδες</span> <span class='ocrx_word' id='word_1_538' title='bbox 1585 1504 1735 1539; x_wconf 71' lang='grc' dir='ltr'>ἐλεύθεροι·</span> <span class='ocrx_word' id='word_1_539' title='bbox 1760 1503 1817 1530; x_wconf 79' lang='grc' dir='ltr'>ἀλλ’</span> <span class='ocrx_word' id='word_1_540' title='bbox 1834 1505 1868 1530; x_wconf 78' lang='grc' dir='ltr'>ἐκ</span> <span class='ocrx_word' id='word_1_541' title='bbox 1887 1502 1930 1529; x_wconf 76' lang='grc' dir='ltr'>τοῦ</span> 
     </span>
    </p>
   </div>
   <div class='ocr_carea' id='block_1_77' title="bbox 1148 1551 1930 1586">
    <p class='ocr_par' dir='ltr' id='par_1_77' title="bbox 1148 1551 1930 1586">
     <span class='ocr_line' id='line_1_77' title="bbox 1148 1551 1930 1586; baseline -0.005 -7"><span class='ocrx_word' id='word_1_542' title='bbox 1148 1552 1268 1579; x_wconf 74' lang='grc' dir='ltr'>ἐναντίου</span> <span class='ocrx_word' id='word_1_543' title='bbox 1282 1553 1317 1578; x_wconf 83' lang='grc' dir='ltr'><strong>τὰ</strong></span> <span class='ocrx_word' id='word_1_544' title='bbox 1330 1553 1427 1578; x_wconf 84' lang='grc' dir='ltr'>πάντα.</span> <span class='ocrx_word' id='word_1_545' title='bbox 1444 1552 1526 1582; x_wconf 77' lang='grc' dir='ltr'>Πὸδες</span> <span class='ocrx_word' id='word_1_546' title='bbox 1541 1551 1589 1586; x_wconf 80' lang='grc' dir='ltr'>μὲν</span> <span class='ocrx_word' id='word_1_547' title='bbox 1603 1551 1786 1585; x_wconf 72' lang='grc' dir='ltr'>διειλημμένοι</span> <span class='ocrx_word' id='word_1_548' title='bbox 1798 1552 1855 1581; x_wconf 77' lang='grc' dir='ltr'>τοῖς</span> <span class='ocrx_word' id='word_1_549' title='bbox 1867 1551 1930 1576; x_wconf 81' lang='grc' dir='ltr'>ὑπο-</span> 
     </span>
    </p>
   </div>
   <div class='ocr_carea' id='block_1_78' title="bbox 1148 1594 1932 1632">
    <p class='ocr_par' dir='ltr' id='par_1_78' title="bbox 1148 1594 1932 1632">
     <span class='ocr_line' id='line_1_78' title="bbox 1148 1594 1932 1632; baseline -0.004 -8"><span class='ocrx_word' id='word_1_550' title='bbox 1148 1598 1247 1632; x_wconf 72' lang='grc' dir='ltr'>δήμασι</span> <span class='ocrx_word' id='word_1_551' title='bbox 1259 1618 1266 1629; x_wconf 76' lang='grc'><strong>,</strong></span> <span class='ocrx_word' id='word_1_552' title='bbox 1290 1597 1362 1632; x_wconf 77' lang='grc' dir='ltr'>ζώνη</span> <span class='ocrx_word' id='word_1_553' title='bbox 1378 1597 1405 1623; x_wconf 80' lang='grc' dir='ltr'>δὲ</span> <span class='ocrx_word' id='word_1_554' title='bbox 1428 1596 1458 1622; x_wconf 75' lang='grc' dir='ltr'><strong>τὸ</strong></span> <span class='ocrx_word' id='word_1_555' title='bbox 1480 1596 1623 1631; x_wconf 68' lang='grc' dir='ltr'>περιρρέον</span> <span class='ocrx_word' id='word_1_556' title='bbox 1644 1596 1689 1622; x_wconf 76' lang='grc' dir='ltr'>τοῦ</span> <span class='ocrx_word' id='word_1_557' title='bbox 1704 1595 1814 1630; x_wconf 78' lang='grc' dir='ltr'>χιτῶνος</span> <span class='ocrx_word' id='word_1_558' title='bbox 1830 1597 1864 1630; x_wconf 82' lang='grc' dir='ltr'><strong>τῇ</strong></span> <span class='ocrx_word' id='word_1_559' title='bbox 1883 1594 1932 1626; x_wconf 73' lang='grc' dir='ltr'><strong>ἰξύὶ</strong></span> 
     </span>
    </p>
   </div>
   <div class='ocr_carea' id='block_1_79' title="bbox 1148 1641 1931 1678">
    <p class='ocr_par' dir='ltr' id='par_1_79' title="bbox 1148 1641 1931 1678">
     <span class='ocr_line' id='line_1_79' title="bbox 1148 1641 1931 1678; baseline -0.005 -8"><span class='ocrx_word' id='word_1_560' title='bbox 1148 1643 1350 1678; x_wconf 71' lang='grc' dir='ltr'>αυσφίγγουσα,</span> <span class='ocrx_word' id='word_1_561' title='bbox 1372 1642 1415 1669; x_wconf 79' lang='grc' dir='ltr'><strong>διὰ</strong></span> <span class='ocrx_word' id='word_1_562' title='bbox 1428 1642 1518 1677; x_wconf 70' lang='grc' dir='ltr'>χειρὸς</span> <span class='ocrx_word' id='word_1_563' title='bbox 1538 1642 1566 1668; x_wconf 84' lang='grc' dir='ltr'>δὲ</span> <span class='ocrx_word' id='word_1_564' title='bbox 1581 1643 1597 1676; x_wconf 83' lang='grc' dir='ltr'>ἡ</span> <span class='ocrx_word' id='word_1_565' title='bbox 1618 1642 1753 1677; x_wconf 80' lang='grc' dir='ltr'>ὰμυντικὴ</span> <span class='ocrx_word' id='word_1_566' title='bbox 1773 1642 1826 1667; x_wconf 79' lang='grc' dir='ltr'>τῶν</span> <span class='ocrx_word' id='word_1_567' title='bbox 1846 1641 1931 1667; x_wconf 79' lang='grc' dir='ltr'>κυνῶν</span> 
     </span>
    </p>
   </div>
   <div class='ocr_carea' id='block_1_80' title="bbox 1149 1686 1931 1724">
    <p class='ocr_par' dir='ltr' id='par_1_80' title="bbox 1149 1686 1931 1724">
     <span class='ocr_line' id='line_1_80' title="bbox 1149 1686 1931 1724; baseline -0.005 -8"><span class='ocrx_word' id='word_1_568' title='bbox 1149 1689 1294 1724; x_wconf 83' lang='grc' dir='ltr'>βακτηρία.</span> <span class='ocrx_word' id='word_1_569' title='bbox 1316 1689 1370 1715; x_wconf 80' lang='grc' dir='ltr'><strong>Καὶ</strong></span> <span class='ocrx_word' id='word_1_570' title='bbox 1397 1689 1425 1714; x_wconf 82' lang='grc' dir='ltr'>ἐν</span> <span class='ocrx_word' id='word_1_571' title='bbox 1440 1687 1526 1723; x_wconf 75' lang='grc' dir='ltr'>τούτῳ</span> <span class='ocrx_word' id='word_1_572' title='bbox 1550 1687 1588 1722; x_wconf 80' lang='grc' dir='ltr'>τῷ</span> <span class='ocrx_word' id='word_1_573' title='bbox 1612 1688 1729 1722; x_wconf 85' lang='grc' dir='ltr'>σχήματι</span> <span class='ocrx_word' id='word_1_574' title='bbox 1759 1686 1931 1721; x_wconf 73' lang='grc' dir='ltr'>προστίθεται</span> 
     </span>
    </p>
   </div>
   <div class='ocr_carea' id='block_1_81' title="bbox 1148 1732 1930 1771">
    <p class='ocr_par' dir='ltr' id='par_1_81' title="bbox 1148 1732 1930 1771">
     <span class='ocr_line' id='line_1_81' title="bbox 1148 1732 1930 1771; baseline -0.005 -10"><span class='ocrx_word' id='word_1_575' title='bbox 1148 1736 1239 1766; x_wconf 80' lang='grc' dir='ltr'>αὐτοῖς</span> <span class='ocrx_word' id='word_1_576' title='bbox 1259 1735 1275 1769; x_wconf 81' lang='grc' dir='ltr'>ἠ</span> <span class='ocrx_word' id='word_1_577' title='bbox 1289 1734 1388 1769; x_wconf 83' lang='grc' dir='ltr'>βρῶσις</span> <span class='ocrx_word' id='word_1_578' title='bbox 1406 1734 1468 1760; x_wconf 81' lang='grc' dir='ltr'>ἄνευ</span> <span class='ocrx_word' id='word_1_579' title='bbox 1488 1734 1558 1764; x_wconf 73' lang='grc' dir='ltr'>τινος</span> <span class='ocrx_word' id='word_1_580' title='bbox 1573 1733 1754 1768; x_wconf 56' lang='grc' dir='ltr'>ὀψαρτυτικῆς</span> <span class='ocrx_word' id='word_1_581' title='bbox 1765 1732 1930 1771; x_wconf 81' lang='grc' dir='ltr'>καρυκείας,</span> 
     </span>
    </p>
   </div>
   <div class='ocr_carea' id='block_1_82' title="bbox 1148 1778 1931 1814">
    <p class='ocr_par' dir='ltr' id='par_1_82' title="bbox 1148 1778 1931 1814">
     <span class='ocr_line' id='line_1_82' title="bbox 1148 1778 1931 1814; baseline -0.004 -8"><span class='ocrx_word' id='word_1_582' title='bbox 1148 1780 1194 1806; x_wconf 77' lang='grc' dir='ltr'><strong>ἐπὶ</strong></span> <span class='ocrx_word' id='word_1_583' title='bbox 1206 1779 1290 1814; x_wconf 74' lang='grc' dir='ltr'>πυρὴς</span> <span class='ocrx_word' id='word_1_584' title='bbox 1307 1779 1378 1806; x_wconf 83' lang='grc' dir='ltr'>κατὰ</span> <span class='ocrx_word' id='word_1_585' title='bbox 1391 1779 1421 1805; x_wconf 73' lang='grc' dir='ltr'><strong>τὸ</strong></span> <span class='ocrx_word' id='word_1_586' title='bbox 1440 1779 1545 1813; x_wconf 77' lang='grc' dir='ltr'>συμϐὰν</span> <span class='ocrx_word' id='word_1_587' title='bbox 1557 1780 1587 1804; x_wconf 78' lang='grc' dir='ltr'>ἐκ</span> <span class='ocrx_word' id='word_1_588' title='bbox 1602 1778 1647 1804; x_wconf 80' lang='grc' dir='ltr'>τοῦ</span> <span class='ocrx_word' id='word_1_589' title='bbox 1657 1778 1859 1813; x_wconf 75' lang='grc' dir='ltr'>παρατυχόντος</span> <span class='ocrx_word' id='word_1_590' title='bbox 1874 1786 1931 1812; x_wconf 83' lang='grc' dir='ltr'>σχε-</span> 
     </span>
    </p>
   </div>
   <div class='ocr_carea' id='block_1_83' title="bbox 1148 1822 1931 1860">
    <p class='ocr_par' dir='ltr' id='par_1_83' title="bbox 1148 1822 1931 1860">
     <span class='ocr_line' id='line_1_83' title="bbox 1148 1822 1931 1860; baseline -0.005 -8"><span class='ocrx_word' id='word_1_591' title='bbox 1148 1826 1290 1853; x_wconf 73' lang='grc' dir='ltr'>διασθεῖσα</span> <span class='ocrx_word' id='word_1_592' title='bbox 1301 1845 1307 1856; x_wconf 86' lang='lat'><strong>,</strong></span> <span class='ocrx_word' id='word_1_593' title='bbox 1323 1825 1355 1860; x_wconf 82' lang='grc' dir='ltr'>ἢν</span> <span class='ocrx_word' id='word_1_594' title='bbox 1370 1825 1439 1850; x_wconf 75' lang='grc' dir='ltr'>κατὰ</span> <span class='ocrx_word' id='word_1_595' title='bbox 1458 1825 1545 1850; x_wconf 81' lang='grc' dir='ltr'>πᾶσαν</span> <span class='ocrx_word' id='word_1_596' title='bbox 1560 1823 1661 1855; x_wconf 77' lang='grc' dir='ltr'>ἕπειξιν</span> <span class='ocrx_word' id='word_1_597' title='bbox 1681 1822 1822 1858; x_wconf 75' lang='grc' dir='ltr'>ἁρπαλέως</span> <span class='ocrx_word' id='word_1_598' title='bbox 1834 1824 1859 1849; x_wconf 77' lang='lat' dir='ltr'><strong>oi</strong></span> <span class='ocrx_word' id='word_1_599' title='bbox 1877 1823 1931 1849; x_wconf 80' lang='grc' dir='ltr'>δαι-</span> 
     </span>
    </p>
   </div>
   <div class='ocr_carea' id='block_1_84' title="bbox 1146 1866 1929 1906">
    <p class='ocr_par' dir='ltr' id='par_1_84' title="bbox 1146 1866 1929 1906">
     <span class='ocr_line' id='line_1_84' title="bbox 1146 1866 1929 1906; baseline -0.005 -9"><span class='ocrx_word' id='word_1_600' title='bbox 1146 1870 1261 1906; x_wconf 82' lang='grc' dir='ltr'>τύμονες</span> <span class='ocrx_word' id='word_1_601' title='bbox 1282 1869 1522 1899; x_wconf 72' lang='grc' dir='ltr'>καταναλίσκουσι,</span> <span class='ocrx_word' id='word_1_602' title='bbox 1547 1869 1643 1903; x_wconf 78' lang='grc' dir='ltr'>μέχρις</span> <span class='ocrx_word' id='word_1_603' title='bbox 1654 1868 1686 1894; x_wconf 83' lang='grc' dir='ltr'>ἂν</span> <span class='ocrx_word' id='word_1_604' title='bbox 1707 1866 1929 1902; x_wconf 78' lang='grc' dir='ltr'>ἆπανδαπανηθῇ</span> 
     </span>
    </p>
   </div>
   <div class='ocr_carea' id='block_1_85' title="bbox 1148 1913 1929 1950">
    <p class='ocr_par' dir='ltr' id='par_1_85' title="bbox 1148 1913 1929 1950">
     <span class='ocr_line' id='line_1_85' title="bbox 1148 1913 1929 1950; baseline -0.006 -7"><span class='ocrx_word' id='word_1_605' title='bbox 1148 1916 1194 1943; x_wconf 83' lang='grc' dir='ltr'>τοῦ</span> <span class='ocrx_word' id='word_1_606' title='bbox 1210 1916 1278 1948; x_wconf 84' lang='grc' dir='ltr'>ζώου</span> <span class='ocrx_word' id='word_1_607' title='bbox 1301 1916 1331 1942; x_wconf 86' lang='grc' dir='ltr'>τὸ</span> <span class='ocrx_word' id='word_1_608' title='bbox 1348 1916 1443 1950; x_wconf 77' lang='grc' dir='ltr'>σῶμα·</span> <span class='ocrx_word' id='word_1_609' title='bbox 1462 1915 1508 1941; x_wconf 70' lang='grc' dir='ltr'>καὶ</span> <span class='ocrx_word' id='word_1_610' title='bbox 1528 1914 1580 1941; x_wconf 86' lang='grc' dir='ltr'>τῶν</span> <span class='ocrx_word' id='word_1_611' title='bbox 1606 1915 1705 1940; x_wconf 80' lang='grc' dir='ltr'>ὀστέων</span> <span class='ocrx_word' id='word_1_612' title='bbox 1721 1913 1929 1949; x_wconf 73' lang='grc' dir='ltr'>περιεσθίοντες,</span> 
     </span>
    </p>
   </div>
   <div class='ocr_carea' id='block_1_86' title="bbox 1129 1958 1930 1997">
    <p class='ocr_par' dir='ltr' id='par_1_86' title="bbox 1129 1958 1930 1997">
     <span class='ocr_line' id='line_1_86' title="bbox 1129 1958 1930 1997; baseline -0.006 -8"><span class='ocrx_word' id='word_1_613' title='bbox 1129 1983 1131 1986; x_wconf 90' lang='grc'>.</span> <span class='ocrx_word' id='word_1_614' title='bbox 1148 1963 1209 1990; x_wconf 77' lang='grc' dir='ltr'>ὅσον</span> <span class='ocrx_word' id='word_1_615' title='bbox 1223 1962 1361 1997; x_wconf 79' lang='grc' dir='ltr'><strong>ἐδώδιμον,</strong></span> <span class='ocrx_word' id='word_1_616' title='bbox 1384 1961 1430 1987; x_wconf 80' lang='grc' dir='ltr'>τοῦ</span> <span class='ocrx_word' id='word_1_617' title='bbox 1449 1961 1524 1992; x_wconf 76' lang='grc' dir='ltr'>ἐντὸς</span> <span class='ocrx_word' id='word_1_618' title='bbox 1545 1960 1574 1986; x_wconf 82' lang='grc' dir='ltr'>οὐ</span> <span class='ocrx_word' id='word_1_619' title='bbox 1599 1960 1808 1994; x_wconf 63' lang='grc' dir='ltr'>προσ-ἅπτονται.</span> <span class='ocrx_word' id='word_1_620' title='bbox 1828 1959 1865 1985; x_wconf 87' lang='grc' dir='ltr'><strong>Τὺ</strong></span> <span class='ocrx_word' id='word_1_621' title='bbox 1881 1958 1930 1992; x_wconf 72' lang='grc' dir='ltr'><strong>γὰρ</strong></span> 
     </span>
    </p>
   </div>
   <div class='ocr_carea' id='block_1_87' title="bbox 1150 2004 1929 2043">
    <p class='ocr_par' dir='ltr' id='par_1_87' title="bbox 1150 2004 1929 2043">
     <span class='ocr_line' id='line_1_87' title="bbox 1150 2004 1929 2043; baseline -0.005 -9"><span class='ocrx_word' id='word_1_622' title='bbox 1150 2008 1302 2043; x_wconf 76' lang='grc' dir='ltr'>συντρίϐειν</span> <span class='ocrx_word' id='word_1_623' title='bbox 1316 2007 1359 2033; x_wconf 77' lang='grc' dir='ltr'>τοῦ</span> <span class='ocrx_word' id='word_1_624' title='bbox 1376 2006 1446 2038; x_wconf 77' lang='grc' dir='ltr'>ζώου</span> <span class='ocrx_word' id='word_1_625' title='bbox 1462 2006 1556 2033; x_wconf 83' lang='grc' dir='ltr'>τούτου</span> <span class='ocrx_word' id='word_1_626' title='bbox 1569 2006 1602 2032; x_wconf 73' lang='grc' dir='ltr'><strong>τὰ</strong></span> <span class='ocrx_word' id='word_1_627' title='bbox 1618 2006 1699 2034; x_wconf 77' lang='grc' dir='ltr'>ὀστᾶ,</span> <span class='ocrx_word' id='word_1_628' title='bbox 1713 2006 1765 2031; x_wconf 82' lang='grc' dir='ltr'>τῶν</span> <span class='ocrx_word' id='word_1_629' title='bbox 1782 2004 1929 2040; x_wconf 75' lang='grc' dir='ltr'>ἁπειρημέο</span> 
     </span>
    </p>
   </div>
   <div class='ocr_carea' id='block_1_88' title="bbox 1149 2050 1929 2086">
    <p class='ocr_par' dir='ltr' id='par_1_88' title="bbox 1149 2050 1929 2086">
     <span class='ocr_line' id='line_1_88' title="bbox 1149 2050 1929 2086; baseline -0.008 -5"><span class='ocrx_word' id='word_1_630' title='bbox 1149 2064 1201 2082; x_wconf 86' lang='grc' dir='ltr'><strong>νων</strong></span> <span class='ocrx_word' id='word_1_631' title='bbox 1223 2055 1295 2080; x_wconf 75' lang='grc' dir='ltr'>ἐστίν</span> <span class='ocrx_word' id='word_1_632' title='bbox 1306 2063 1312 2069; x_wconf 81' lang='grc'><em>’</em></span> <span class='ocrx_word' id='word_1_633' title='bbox 1333 2054 1346 2080; x_wconf 83' lang='grc' dir='ltr'>ὅ</span> <span class='ocrx_word' id='word_1_634' title='bbox 1361 2063 1385 2080; x_wconf 89' lang='grc' dir='ltr'><strong>τι</strong></span> <span class='ocrx_word' id='word_1_635' title='bbox 1403 2053 1424 2079; x_wconf 78' lang='grc' dir='ltr'>δ’</span> <span class='ocrx_word' id='word_1_636' title='bbox 1444 2053 1477 2079; x_wconf 86' lang='grc' dir='ltr'>ἂν</span> <span class='ocrx_word' id='word_1_637' title='bbox 1497 2052 1671 2086; x_wconf 72' lang='grc' dir='ltr'>ὑπολειφθείη</span> <span class='ocrx_word' id='word_1_638' title='bbox 1683 2052 1731 2086; x_wconf 75' lang='grc' dir='ltr'>τῆς</span> <span class='ocrx_word' id='word_1_639' title='bbox 1745 2051 1880 2086; x_wconf 81' lang='grc' dir='ltr'>βρώσεως,</span> <span class='ocrx_word' id='word_1_640' title='bbox 1894 2050 1929 2083; x_wconf 79' lang='grc' dir='ltr'>τῷ</span> 
     </span>
    </p>
   </div>
   <div class='ocr_carea' id='block_1_89' title="bbox 1151 2095 1928 2136">
    <p class='ocr_par' dir='ltr' id='par_1_89' title="bbox 1151 2095 1928 2136">
     <span class='ocr_line' id='line_1_89' title="bbox 1151 2095 1928 2136; baseline -0.01 -9"><span class='ocrx_word' id='word_1_641' title='bbox 1151 2101 1216 2136; x_wconf 73' lang='grc' dir='ltr'>πυρὶ</span> <span class='ocrx_word' id='word_1_642' title='bbox 1238 2100 1428 2135; x_wconf 76' lang='grc' dir='ltr'>δεδαπάνηται.</span> <span class='ocrx_word' id='word_1_643' title='bbox 1448 2099 1491 2132; x_wconf 76' lang='grc' dir='ltr'><strong>Ἐξ</strong></span> <span class='ocrx_word' id='word_1_644' title='bbox 1508 2095 1544 2124; x_wconf 85' lang='grc' dir='ltr'>ὧν</span> <span class='ocrx_word' id='word_1_645' title='bbox 1565 2098 1690 2124; x_wconf 75' lang='grc' dir='ltr'>ἁπάντων</span> <span class='ocrx_word' id='word_1_646' title='bbox 1702 2096 1780 2131; x_wconf 80' lang='grc' dir='ltr'>δῆλόν</span> <span class='ocrx_word' id='word_1_647' title='bbox 1793 2097 1876 2126; x_wconf 79' lang='grc' dir='ltr'>ἐστιν,</span> <span class='ocrx_word' id='word_1_648' title='bbox 1891 2095 1928 2120; x_wconf 77' lang='grc' dir='ltr'>ὅτι</span> 
     </span>
    </p>
   </div>
   <div class='ocr_carea' id='block_1_90' title="bbox 311 2141 1095 2185">
    <p class='ocr_par' dir='ltr' id='par_1_90' title="bbox 311 2143 1095 2180">
     <span class='ocr_line' id='line_1_90' title="bbox 311 2143 1095 2180; baseline 0.004 -10"><span class='ocrx_word' id='word_1_649' title='bbox 311 2152 394 2178; x_wconf 85' lang='lat' dir='ltr'><strong>quum</strong></span> <span class='ocrx_word' id='word_1_650' title='bbox 424 2143 516 2174; x_wconf 80' lang='lat' dir='ltr'><strong>fuerit,</strong></span> <span class='ocrx_word' id='word_1_651' title='bbox 552 2144 608 2178; x_wconf 76' lang='lat' dir='ltr'><strong>igni</strong></span> <span class='ocrx_word' id='word_1_652' title='bbox 638 2143 746 2170; x_wconf 86' lang='lat' dir='ltr'><strong>tradere</strong></span> <span class='ocrx_word' id='word_1_653' title='bbox 768 2143 909 2177; x_wconf 88' lang='lat' dir='ltr'><strong>jubentur.</strong></span> <span class='ocrx_word' id='word_1_654' title='bbox 933 2145 972 2172; x_wconf 83' lang='lat' dir='ltr'><strong>Ex</strong></span> <span class='ocrx_word' id='word_1_655' title='bbox 999 2146 1095 2180; x_wconf 85' lang='lat' dir='ltr'><strong>quibus</strong></span> 
     </span>
    </p>
   </div>
   <div class='ocr_carea' id='block_1_91' title="bbox 1147 2141 1926 2185">
    <p class='ocr_par' dir='ltr' id='par_1_91' title="bbox 1150 2141 1926 2182">
     <span class='ocr_line' id='line_1_91' title="bbox 1150 2141 1926 2182; baseline -0.008 -8"><span class='ocrx_word' id='word_1_656' title='bbox 1150 2148 1217 2182; x_wconf 80' lang='grc' dir='ltr'>πρός</span> <span class='ocrx_word' id='word_1_657' title='bbox 1230 2156 1289 2173; x_wconf 85' lang='grc' dir='ltr'>τινα</span> <span class='ocrx_word' id='word_1_658' title='bbox 1311 2145 1478 2181; x_wconf 66' lang='grc' dir='ltr'>ὑψηλοτέραν</span> <span class='ocrx_word' id='word_1_659' title='bbox 1498 2145 1616 2170; x_wconf 80' lang='grc' dir='ltr'>διάνοιαν</span> <span class='ocrx_word' id='word_1_660' title='bbox 1633 2143 1662 2169; x_wconf 74' lang='grc' dir='ltr'><strong>τὸ</strong></span> <span class='ocrx_word' id='word_1_661' title='bbox 1678 2143 1794 2177; x_wconf 73' lang='grc' dir='ltr'>γράμμα</span> <span class='ocrx_word' id='word_1_662' title='bbox 1821 2141 1926 2176; x_wconf 76' lang='grc' dir='ltr'>βλέπει.</span> 
     </span>
    </p>
   </div>
   <div class='ocr_carea' id='block_1_92' title="bbox 310 2187 1098 2224">
    <p class='ocr_par' dir='ltr' id='par_1_92' title="bbox 310 2187 1098 2224">
     <span class='ocr_line' id='line_1_92' title="bbox 310 2187 1098 2224; baseline 0.006 -11"><span class='ocrx_word' id='word_1_663' title='bbox 310 2189 440 2215; x_wconf 86' lang='lat' dir='ltr'><strong>omnibus</strong></span> <span class='ocrx_word' id='word_1_664' title='bbox 451 2187 624 2215; x_wconf 78' lang='lat' dir='ltr'><strong>manifestum</strong></span> <span class='ocrx_word' id='word_1_665' title='bbox 639 2192 681 2215; x_wconf 84' lang='lat' dir='ltr'><strong>est</strong></span> <span class='ocrx_word' id='word_1_666' title='bbox 697 2189 778 2216; x_wconf 84' lang='lat' dir='ltr'><strong>altius</strong></span> <span class='ocrx_word' id='word_1_667' title='bbox 791 2190 926 2224; x_wconf 78' lang='lat' dir='ltr'><strong>quoddam</strong></span> <span class='ocrx_word' id='word_1_668' title='bbox 947 2191 997 2218; x_wconf 89' lang='lat' dir='ltr'><strong>hoc</strong></span> <span class='ocrx_word' id='word_1_669' title='bbox 1009 2199 1098 2219; x_wconf 83' lang='lat' dir='ltr'><strong>corne-</strong></span> 
     </span>
    </p>
   </div>
   <div class='ocr_carea' id='block_1_93' title="bbox 310 2232 1096 2268">
    <p class='ocr_par' dir='ltr' id='par_1_93' title="bbox 310 2232 1096 2268">
     <span class='ocr_line' id='line_1_93' title="bbox 310 2232 1096 2268; baseline 0.008 -10"><span class='ocrx_word' id='word_1_670' title='bbox 310 2233 391 2259; x_wconf 88' lang='lat' dir='ltr'><strong>dcndi</strong></span> <span class='ocrx_word' id='word_1_671' title='bbox 409 2232 489 2259; x_wconf 88' lang='lat' dir='ltr'><strong>modo</strong></span> <span class='ocrx_word' id='word_1_672' title='bbox 506 2232 625 2260; x_wconf 90' lang='lat' dir='ltr'><strong>voluisse</strong></span> <span class='ocrx_word' id='word_1_673' title='bbox 646 2233 830 2268; x_wconf 80' lang='lat' dir='ltr'><strong>legislaturcm</strong></span> <span class='ocrx_word' id='word_1_674' title='bbox 848 2235 925 2263; x_wconf 88' lang='lat' dir='ltr'><strong>nobis</strong></span> <span class='ocrx_word' id='word_1_675' title='bbox 943 2237 1096 2264; x_wconf 81' lang='lat' dir='ltr'><strong>ostendere.</strong></span> 
     </span>
    </p>
   </div>
   <div class='ocr_carea' id='block_1_94' title="bbox 310 2278 1096 2311">
    <p class='ocr_par' dir='ltr' id='par_1_94' title="bbox 310 2278 1096 2311">
     <span class='ocr_line' id='line_1_94' title="bbox 310 2278 1096 2311; baseline 0.008 -7"><span class='ocrx_word' id='word_1_676' title='bbox 310 2278 380 2311; x_wconf 85' lang='lat' dir='ltr'><strong>Quid</strong></span> <span class='ocrx_word' id='word_1_677' title='bbox 397 2279 468 2305; x_wconf 91' lang='lat' dir='ltr'><strong>enim</strong></span> <span class='ocrx_word' id='word_1_678' title='bbox 496 2279 517 2304; x_wconf 92' lang='lat' dir='ltr'><strong>si</strong></span> <span class='ocrx_word' id='word_1_679' title='bbox 536 2282 637 2311; x_wconf 84' lang='lat' dir='ltr'><strong>rectus,</strong></span> <span class='ocrx_word' id='word_1_680' title='bbox 654 2287 687 2305; x_wconf 87' lang='lat' dir='ltr'><strong>an</strong></span> <span class='ocrx_word' id='word_1_681' title='bbox 712 2279 831 2308; x_wconf 83' lang='lat' dir='ltr'><strong>sedens?</strong></span> <span class='ocrx_word' id='word_1_682' title='bbox 847 2282 869 2308; x_wconf 89' lang='lat' dir='ltr'><strong>si</strong></span> <span class='ocrx_word' id='word_1_683' title='bbox 882 2285 911 2307; x_wconf 86' lang='lat' dir='ltr'><strong>ut</strong></span> <span class='ocrx_word' id='word_1_684' title='bbox 931 2282 964 2309; x_wconf 86' lang='lat' dir='ltr'><strong>ad</strong></span> <span class='ocrx_word' id='word_1_685' title='bbox 980 2283 1030 2310; x_wconf 89' lang='lat' dir='ltr'><strong>iter</strong></span> <span class='ocrx_word' id='word_1_686' title='bbox 1041 2283 1096 2310; x_wconf 85' lang='lat' dir='ltr'><strong>cal-</strong></span> 
     </span>
    </p>
   </div>
   <div class='ocr_carea' id='block_1_95' title="bbox 310 2324 1092 2355">
    <p class='ocr_par' dir='ltr' id='par_1_95' title="bbox 310 2324 1092 2355">
     <span class='ocr_line' id='line_1_95' title="bbox 310 2324 1092 2355; baseline 0.006 -4"><span class='ocrx_word' id='word_1_687' title='bbox 310 2329 415 2354; x_wconf 84' lang='lat' dir='ltr'><strong>ceatus,</strong></span> <span class='ocrx_word' id='word_1_688' title='bbox 431 2331 466 2350; x_wconf 87' lang='lat' dir='ltr'><strong>an</strong></span> <span class='ocrx_word' id='word_1_689' title='bbox 481 2324 577 2351; x_wconf 79' lang='lat' dir='ltr'><strong>aliter?</strong></span> <span class='ocrx_word' id='word_1_690' title='bbox 602 2325 625 2351; x_wconf 85' lang='lat' dir='ltr'><strong>si</strong></span> <span class='ocrx_word' id='word_1_691' title='bbox 645 2324 805 2352; x_wconf 69' lang='lat' dir='ltr'><strong>festinanter</strong></span> <span class='ocrx_word' id='word_1_692' title='bbox 818 2333 851 2353; x_wconf 88' lang='lat' dir='ltr'><strong>an</strong></span> <span class='ocrx_word' id='word_1_693' title='bbox 872 2328 994 2355; x_wconf 80' lang='lat' dir='ltr'><strong>mature?</strong></span> <span class='ocrx_word' id='word_1_694' title='bbox 1008 2329 1030 2355; x_wconf 91' lang='lat' dir='ltr'><strong>si</strong></span> <span class='ocrx_word' id='word_1_695' title='bbox 1048 2329 1092 2355; x_wconf 88' lang='lat' dir='ltr'><strong>ba-</strong></span> 
     </span>
    </p>
   </div>
   <div class='ocr_carea' id='block_1_96' title="bbox 310 2370 1094 2409">
    <p class='ocr_par' dir='ltr' id='par_1_96' title="bbox 310 2370 1094 2409">
     <span class='ocr_line' id='line_1_96' title="bbox 310 2370 1094 2409; baseline 0.009 -13"><span class='ocrx_word' id='word_1_696' title='bbox 310 2371 400 2397; x_wconf 79' lang='lat' dir='ltr'><strong>culum</strong></span> <span class='ocrx_word' id='word_1_697' title='bbox 415 2370 540 2397; x_wconf 77' lang='lat' dir='ltr'><strong>matribus</strong></span> <span class='ocrx_word' id='word_1_698' title='bbox 555 2374 658 2402; x_wconf 89' lang='lat' dir='ltr'><strong>teneas,</strong></span> <span class='ocrx_word' id='word_1_699' title='bbox 677 2379 709 2398; x_wconf 88' lang='lat' dir='ltr'><strong>an</strong></span> <span class='ocrx_word' id='word_1_700' title='bbox 728 2373 800 2398; x_wconf 81' lang='lat' dir='ltr'><strong>non&quot;</strong></span> <span class='ocrx_word' id='word_1_701' title='bbox 823 2373 903 2406; x_wconf 84' lang='lat' dir='ltr'><strong>Quid,</strong></span> <span class='ocrx_word' id='word_1_702' title='bbox 925 2375 1046 2409; x_wconf 88' lang='lat' dir='ltr'><strong>inquam,</strong></span> <span class='ocrx_word' id='word_1_703' title='bbox 1061 2375 1094 2403; x_wconf 87' lang='lat' dir='ltr'><strong>ad</strong></span> 
     </span>
    </p>
   </div>
   <div class='ocr_carea' id='block_1_97' title="bbox 310 2416 1094 2454">
    <p class='ocr_par' dir='ltr' id='par_1_97' title="bbox 310 2416 1094 2454">
     <span class='ocr_line' id='line_1_97' title="bbox 310 2416 1094 2454; baseline 0.008 -12"><span class='ocrx_word' id='word_1_704' title='bbox 310 2418 437 2443; x_wconf 78' lang='lat' dir='ltr'><strong>virtutem</strong></span> <span class='ocrx_word' id='word_1_705' title='bbox 455 2416 606 2447; x_wconf 82' lang='lat' dir='ltr'><strong>colendam,</strong></span> <span class='ocrx_word' id='word_1_706' title='bbox 622 2421 667 2442; x_wconf 90' lang='lat' dir='ltr'><strong>aut</strong></span> <span class='ocrx_word' id='word_1_707' title='bbox 684 2416 808 2452; x_wconf 77' lang='lat' dir='ltr'><strong>fugienda</strong></span> <span class='ocrx_word' id='word_1_708' title='bbox 825 2419 900 2452; x_wconf 91' lang='lat' dir='ltr'><strong>vitia,</strong></span> <span class='ocrx_word' id='word_1_709' title='bbox 920 2421 992 2454; x_wconf 88' lang='lat' dir='ltr'><strong>quod</strong></span> <span class='ocrx_word' id='word_1_710' title='bbox 1008 2421 1094 2448; x_wconf 80' lang='lat' dir='ltr'><strong>maxi-</strong></span> 
     </span>
    </p>
   </div>
   <div class='ocr_carea' id='block_1_98' title="bbox 311 2460 1095 2499">
    <p class='ocr_par' dir='ltr' id='par_1_98' title="bbox 311 2460 1095 2499">
     <span class='ocr_line' id='line_1_98' title="bbox 311 2460 1095 2499; baseline 0.005 -11"><span class='ocrx_word' id='word_1_711' title='bbox 311 2469 353 2488; x_wconf 89' lang='lat' dir='ltr'><strong>me</strong></span> <span class='ocrx_word' id='word_1_712' title='bbox 369 2462 469 2488; x_wconf 86' lang='lat' dir='ltr'><strong>latores</strong></span> <span class='ocrx_word' id='word_1_713' title='bbox 481 2461 569 2495; x_wconf 71' lang='lat' dir='ltr'><strong>legum</strong></span> <span class='ocrx_word' id='word_1_714' title='bbox 585 2461 741 2496; x_wconf 88' lang='lat' dir='ltr'><strong>respiciunt,</strong></span> <span class='ocrx_word' id='word_1_715' title='bbox 754 2462 811 2489; x_wconf 75' lang='lat' dir='ltr'><strong>haec</strong></span> <span class='ocrx_word' id='word_1_716' title='bbox 826 2463 959 2491; x_wconf 81' lang='lat' dir='ltr'><strong>aﬂ&#39;crunt?</strong></span> <span class='ocrx_word' id='word_1_717' title='bbox 974 2460 1095 2499; x_wconf 79' lang='lat' dir='ltr'><strong>profecto</strong></span> 
     </span>
    </p>
   </div>
   <div class='ocr_carea' id='block_1_99' title="bbox 268 2507 1096 2545">
    <p class='ocr_par' dir='ltr' id='par_1_99' title="bbox 268 2507 1096 2545">
     <span class='ocr_line' id='line_1_99' title="bbox 268 2507 1096 2545; baseline 0.004 -11"><span class='ocrx_word' id='word_1_718' title='bbox 268 2514 274 2522; x_wconf 59' lang='grc' dir='ltr'><strong>π</strong></span> <span class='ocrx_word' id='word_1_719' title='bbox 311 2507 388 2534; x_wconf 88' lang='lat' dir='ltr'><strong>nihil.</strong></span> <span class='ocrx_word' id='word_1_720' title='bbox 410 2507 466 2534; x_wconf 82' lang='lat' dir='ltr'><strong>Cur</strong></span> <span class='ocrx_word' id='word_1_721' title='bbox 479 2507 561 2542; x_wconf 81' lang='lat' dir='ltr'><strong>igitur</strong></span> <span class='ocrx_word' id='word_1_722' title='bbox 581 2507 615 2534; x_wconf 82' lang='lat' dir='ltr'><strong>ita</strong></span> <span class='ocrx_word' id='word_1_723' title='bbox 638 2507 721 2542; x_wconf 88' lang='lat' dir='ltr'><strong>jussit</strong></span> <span class='ocrx_word' id='word_1_724' title='bbox 743 2508 821 2535; x_wconf 79' lang='lat' dir='ltr'><strong>ﬁeri?</strong></span> <span class='ocrx_word' id='word_1_725' title='bbox 845 2509 902 2536; x_wconf 82' lang='lat' dir='ltr'><strong>Nisi</strong></span> <span class='ocrx_word' id='word_1_726' title='bbox 929 2511 1096 2545; x_wconf 87' lang='lat' dir='ltr'><strong>spiritualem</strong></span> 
     </span>
    </p>
   </div>
   <div class='ocr_carea' id='block_1_100' title="bbox 311 2554 1098 2587">
    <p class='ocr_par' dir='ltr' id='par_1_100' title="bbox 311 2554 1098 2587">
     <span class='ocr_line' id='line_1_100' title="bbox 311 2554 1098 2587; baseline 0.004 -6"><span class='ocrx_word' id='word_1_727' title='bbox 311 2561 418 2581; x_wconf 79' lang='lat' dir='ltr'><strong>sensum</strong></span> <span class='ocrx_word' id='word_1_728' title='bbox 455 2561 610 2587; x_wconf 77' lang='lat' dir='ltr'><strong>sequamur,</strong></span> <span class='ocrx_word' id='word_1_729' title='bbox 639 2554 739 2580; x_wconf 88' lang='lat' dir='ltr'><strong>nullam</strong></span> <span class='ocrx_word' id='word_1_730' title='bbox 764 2555 886 2582; x_wconf 88' lang='lat' dir='ltr'><strong>idoneam</strong></span> <span class='ocrx_word' id='word_1_731' title='bbox 913 2556 1098 2584; x_wconf 86' lang='lat' dir='ltr'><strong>sutlicieutem-</strong></span> 
     </span>
    </p>
   </div>
   <div class='ocr_carea' id='block_1_101' title="bbox 310 2599 1099 2636">
    <p class='ocr_par' dir='ltr' id='par_1_101' title="bbox 310 2599 1099 2636">
     <span class='ocr_line' id='line_1_101' title="bbox 310 2599 1099 2636; baseline 0.004 -10"><span class='ocrx_word' id='word_1_732' title='bbox 310 2607 362 2634; x_wconf 89' lang='lat' dir='ltr'><strong>que</strong></span> <span class='ocrx_word' id='word_1_733' title='bbox 389 2606 499 2626; x_wconf 85' lang='lat' dir='ltr'><strong>causam</strong></span> <span class='ocrx_word' id='word_1_734' title='bbox 519 2599 668 2633; x_wconf 88' lang='lat' dir='ltr'><strong>poterimus</strong></span> <span class='ocrx_word' id='word_1_735' title='bbox 696 2607 814 2634; x_wconf 84' lang='lat' dir='ltr'><strong>unquam</strong></span> <span class='ocrx_word' id='word_1_736' title='bbox 844 2601 977 2628; x_wconf 88' lang='lat' dir='ltr'><strong>invenire.</strong></span> <span class='ocrx_word' id='word_1_737' title='bbox 1007 2603 1099 2636; x_wconf 83' lang='lat' dir='ltr'><strong>Quare</strong></span> 
     </span>
    </p>
   </div>
   <div class='ocr_carea' id='block_1_102' title="bbox 311 2644 1099 2682">
    <p class='ocr_par' dir='ltr' id='par_1_102' title="bbox 311 2644 1099 2682">
     <span class='ocr_line' id='line_1_102' title="bbox 311 2644 1099 2682; baseline 0.005 -13"><span class='ocrx_word' id='word_1_738' title='bbox 311 2649 384 2680; x_wconf 69' lang='lat' dir='ltr'><strong>patet</strong></span> <span class='ocrx_word' id='word_1_739' title='bbox 409 2644 460 2670; x_wconf 83' lang='lat' dir='ltr'><strong>hoc</strong></span> <span class='ocrx_word' id='word_1_740' title='bbox 499 2645 611 2671; x_wconf 86' lang='lat' dir='ltr'><strong>viatoris</strong></span> <span class='ocrx_word' id='word_1_741' title='bbox 628 2644 720 2671; x_wconf 86' lang='lat' dir='ltr'><strong>habitu</strong></span> <span class='ocrx_word' id='word_1_742' title='bbox 736 2649 762 2671; x_wconf 82' lang='lat' dir='ltr'><strong>et</strong></span> <span class='ocrx_word' id='word_1_743' title='bbox 788 2649 918 2680; x_wconf 71' lang='lat' dir='ltr'><strong>apparatur</strong></span> <span class='ocrx_word' id='word_1_744' title='bbox 950 2647 1099 2682; x_wconf 80' lang='lat' dir='ltr'><strong>signiﬁcari</strong></span> 
     </span>
    </p>
   </div>
   <div class='ocr_carea' id='block_1_103' title="bbox 311 2689 1098 2728">
    <p class='ocr_par' dir='ltr' id='par_1_103' title="bbox 311 2689 1098 2728">
     <span class='ocr_line' id='line_1_103' title="bbox 311 2689 1098 2728; baseline 0.006 -13"><span class='ocrx_word' id='word_1_745' title='bbox 311 2691 387 2725; x_wconf 79' lang='lat' dir='ltr'><strong>quasi</strong></span> <span class='ocrx_word' id='word_1_746' title='bbox 423 2689 585 2724; x_wconf 84' lang='lat' dir='ltr'><strong>quibusdam</strong></span> <span class='ocrx_word' id='word_1_747' title='bbox 629 2689 791 2723; x_wconf 84' lang='lat' dir='ltr'><strong>involucris,</strong></span> <span class='ocrx_word' id='word_1_748' title='bbox 819 2692 897 2725; x_wconf 82' lang='lat' dir='ltr'><strong>plane</strong></span> <span class='ocrx_word' id='word_1_749' title='bbox 932 2700 1098 2728; x_wconf 67' lang='lat' dir='ltr'><strong>cognoscen-</strong></span> 
     </span>
    </p>
   </div>
   <div class='ocr_carea' id='block_1_104' title="bbox 347 2777 592 2810">
    <p class='ocr_par' dir='ltr' id='par_1_104' title="bbox 347 2777 592 2810">
     <span class='ocr_line' id='line_1_104' title="bbox 347 2777 592 2810; baseline -0.004 -5"><span class='ocrx_word' id='word_1_750' title='bbox 347 2777 367 2791; x_wconf 89' lang='lat'><strong><em>“</em></strong></span> <span class='ocrx_word' id='word_1_751' title='bbox 382 2778 466 2805; x_wconf 77' lang='lat' dir='ltr'><strong>Exod.</strong></span> <span class='ocrx_word' id='word_1_752' title='bbox 482 2785 530 2810; x_wconf 83' lang='lat' dir='ltr'><strong>xu,</strong></span> <span class='ocrx_word' id='word_1_753' title='bbox 549 2777 592 2805; x_wconf 77' lang='lat'><strong>36.</strong></span> 
     </span>
    </p>
   </div>
   <div class='ocr_carea' id='block_1_105' title="bbox 1151 2187 1927 2228">
    <p class='ocr_par' dir='ltr' id='par_1_105' title="bbox 1151 2187 1927 2228">
     <span class='ocr_line' id='line_1_105' title="bbox 1151 2187 1927 2228; baseline -0.01 -10"><span class='ocrx_word' id='word_1_754' title='bbox 1151 2193 1209 2228; x_wconf 71' lang='grc' dir='ltr'>οὐχὶ</span> <span class='ocrx_word' id='word_1_755' title='bbox 1232 2192 1276 2219; x_wconf 79' lang='grc' dir='ltr'>τὸν</span> <span class='ocrx_word' id='word_1_756' title='bbox 1300 2192 1405 2227; x_wconf 69' lang='grc' dir='ltr'>τρόπον,</span> <span class='ocrx_word' id='word_1_757' title='bbox 1422 2191 1470 2224; x_wconf 79' lang='grc' dir='ltr'>τῆς</span> <span class='ocrx_word' id='word_1_758' title='bbox 1495 2189 1621 2225; x_wconf 79' lang='grc' dir='ltr'>βρώσεως</span> <span class='ocrx_word' id='word_1_759' title='bbox 1646 2189 1709 2223; x_wconf 82' lang='grc' dir='ltr'>ἡμῖν</span> <span class='ocrx_word' id='word_1_760' title='bbox 1743 2187 1927 2222; x_wconf 71' lang='grc' dir='ltr'>ὑφηγουμένου</span> 
     </span>
    </p>
   </div>
   <div class='ocr_carea' id='block_1_106' title="bbox 1150 2232 1926 2273">
    <p class='ocr_par' dir='ltr' id='par_1_106' title="bbox 1150 2232 1926 2273">
     <span class='ocr_line' id='line_1_106' title="bbox 1150 2232 1926 2273; baseline -0.012 -8"><span class='ocrx_word' id='word_1_761' title='bbox 1150 2239 1197 2265; x_wconf 81' lang='grc' dir='ltr'>τοῦ</span> <span class='ocrx_word' id='word_1_762' title='bbox 1214 2238 1295 2273; x_wconf 82' lang='grc' dir='ltr'>νόμου</span> <span class='ocrx_word' id='word_1_763' title='bbox 1316 2236 1423 2272; x_wconf 81' lang='grc' dir='ltr'>(ἱκανὸς</span> <span class='ocrx_word' id='word_1_764' title='bbox 1444 2236 1497 2270; x_wconf 82' lang='grc' dir='ltr'><strong>γὰρ</strong></span> <span class='ocrx_word' id='word_1_765' title='bbox 1522 2234 1575 2260; x_wconf 79' lang='grc' dir='ltr'>τῶν</span> <span class='ocrx_word' id='word_1_766' title='bbox 1598 2233 1724 2260; x_wconf 75' lang='grc' dir='ltr'>τοιούτων</span> <span class='ocrx_word' id='word_1_767' title='bbox 1746 2232 1891 2267; x_wconf 71' lang='grc' dir='ltr'>νομοθέτης</span> <span class='ocrx_word' id='word_1_768' title='bbox 1912 2232 1926 2264; x_wconf 82' lang='grc' dir='ltr'>ἡ</span> 
     </span>
    </p>
   </div>
   <div class='ocr_carea' id='block_1_107' title="bbox 1149 2275 1927 2318">
    <p class='ocr_par' dir='ltr' id='par_1_107' title="bbox 1149 2275 1927 2318">
     <span class='ocr_line' id='line_1_107' title="bbox 1149 2275 1927 2318; baseline -0.013 -8"><span class='ocrx_word' id='word_1_769' title='bbox 1149 2283 1246 2318; x_wconf 81' lang='grc' dir='ltr'>φύσις,</span> <span class='ocrx_word' id='word_1_770' title='bbox 1270 2283 1286 2317; x_wconf 82' lang='grc' dir='ltr'><strong>ὴ</strong></span> <span class='ocrx_word' id='word_1_771' title='bbox 1311 2283 1358 2316; x_wconf 81' lang='grc' dir='ltr'>τὴν</span> <span class='ocrx_word' id='word_1_772' title='bbox 1380 2281 1468 2316; x_wconf 72' lang='grc' dir='ltr'>ὄρεξιν</span> <span class='ocrx_word' id='word_1_773' title='bbox 1495 2281 1560 2315; x_wconf 84' lang='grc' dir='ltr'>ἡμῖν</span> <span class='ocrx_word' id='word_1_774' title='bbox 1583 2280 1630 2313; x_wconf 82' lang='grc' dir='ltr'>τῆς</span> <span class='ocrx_word' id='word_1_775' title='bbox 1654 2278 1755 2312; x_wconf 51' lang='grc' dir='ltr'>τροςςῆς</span> <span class='ocrx_word' id='word_1_776' title='bbox 1778 2275 1927 2307; x_wconf 70' lang='grc' dir='ltr'>ἐντιθεῖσα),</span> 
     </span>
    </p>
   </div>
   <div class='ocr_carea' id='block_1_108' title="bbox 1148 2320 1927 2363">
    <p class='ocr_par' dir='ltr' id='par_1_108' title="bbox 1148 2320 1927 2363">
     <span class='ocr_line' id='line_1_108' title="bbox 1148 2320 1927 2363; baseline -0.014 -7"><span class='ocrx_word' id='word_1_777' title='bbox 1148 2329 1214 2356; x_wconf 74' lang='grc' dir='ltr'>ἀλλὰ</span> <span class='ocrx_word' id='word_1_778' title='bbox 1236 2328 1328 2363; x_wconf 72' lang='grc' dir='ltr'>ἔτερόν</span> <span class='ocrx_word' id='word_1_779' title='bbox 1346 2336 1371 2353; x_wconf 92' lang='grc' dir='ltr'><strong>τι</strong></span> <span class='ocrx_word' id='word_1_780' title='bbox 1388 2327 1430 2352; x_wconf 79' lang='grc' dir='ltr'>διὰ</span> <span class='ocrx_word' id='word_1_781' title='bbox 1449 2325 1549 2352; x_wconf 73' lang='grc' dir='ltr'>τούτων</span> <span class='ocrx_word' id='word_1_782' title='bbox 1575 2324 1744 2359; x_wconf 82' lang='grc' dir='ltr'>σημαίνεται.</span> <span class='ocrx_word' id='word_1_783' title='bbox 1771 2321 1803 2348; x_wconf 84' lang='grc' dir='ltr'>Τί</span> <span class='ocrx_word' id='word_1_784' title='bbox 1824 2321 1877 2356; x_wconf 74' lang='grc' dir='ltr'><strong>γὰρ</strong></span> <span class='ocrx_word' id='word_1_785' title='bbox 1899 2320 1927 2346; x_wconf 72' lang='grc' dir='ltr'>ἂν</span> 
     </span>
    </p>
   </div>
   <div class='ocr_carea' id='block_1_109' title="bbox 1147 2367 1928 2412">
    <p class='ocr_par' dir='ltr' id='par_1_109' title="bbox 1147 2367 1928 2412">
     <span class='ocr_line' id='line_1_109' title="bbox 1147 2367 1928 2412; baseline -0.014 -10"><span class='ocrx_word' id='word_1_786' title='bbox 1147 2375 1223 2410; x_wconf 79' lang='grc' dir='ltr'>παρὰ</span> <span class='ocrx_word' id='word_1_787' title='bbox 1247 2374 1326 2400; x_wconf 76' lang='grc' dir='ltr'>τοῦτο</span> <span class='ocrx_word' id='word_1_788' title='bbox 1348 2373 1464 2412; x_wconf 53' lang='grc' dir='ltr'>γένοιτο.</span> <span class='ocrx_word' id='word_1_789' title='bbox 1473 2371 1538 2407; x_wconf 70' lang='grc' dir='ltr'>πρὸς</span> <span class='ocrx_word' id='word_1_790' title='bbox 1560 2369 1690 2406; x_wconf 81' lang='grc' dir='ltr'>ἀρετὴνῆ</span> <span class='ocrx_word' id='word_1_791' title='bbox 1717 2368 1831 2399; x_wconf 81' lang='grc' dir='ltr'>κακίαν,</span> <span class='ocrx_word' id='word_1_792' title='bbox 1849 2367 1928 2396; x_wconf 74' lang='grc' dir='ltr'>οὕτως</span> 
     </span>
    </p>
   </div>
   <div class='ocr_carea' id='block_1_110' title="bbox 1146 2412 1928 2456">
    <p class='ocr_par' dir='ltr' id='par_1_110' title="bbox 1146 2412 1928 2456">
     <span class='ocr_line' id='line_1_110' title="bbox 1146 2412 1928 2456; baseline -0.014 -9"><span class='ocrx_word' id='word_1_793' title='bbox 1146 2421 1162 2456; x_wconf 84' lang='grc' dir='ltr'>ἢ</span> <span class='ocrx_word' id='word_1_794' title='bbox 1194 2420 1279 2450; x_wconf 77' lang='grc' dir='ltr'>οὕτως</span> <span class='ocrx_word' id='word_1_795' title='bbox 1309 2419 1356 2453; x_wconf 82' lang='grc' dir='ltr'>τὴν</span> <span class='ocrx_word' id='word_1_796' title='bbox 1381 2417 1481 2453; x_wconf 75' lang='grc' dir='ltr'>τροφὴν</span> <span class='ocrx_word' id='word_1_797' title='bbox 1508 2415 1762 2450; x_wconf 77' lang='grc' dir='ltr'>προσενέγκασθαις</span> <span class='ocrx_word' id='word_1_798' title='bbox 1790 2412 1928 2448; x_wconf 73' lang='grc' dir='ltr'>λελυμένον</span> 
     </span>
    </p>
   </div>
   <div class='ocr_carea' id='block_1_111' title="bbox 1149 2457 1928 2502">
    <p class='ocr_par' dir='ltr' id='par_1_111' title="bbox 1149 2457 1928 2502">
     <span class='ocr_line' id='line_1_111' title="bbox 1149 2457 1928 2502; baseline -0.013 -9"><span class='ocrx_word' id='word_1_799' title='bbox 1149 2467 1165 2502; x_wconf 76' lang='grc' dir='ltr'>ἢ</span> <span class='ocrx_word' id='word_1_800' title='bbox 1193 2464 1420 2501; x_wconf 78' lang='grc' dir='ltr'>περιειλημμένον</span> <span class='ocrx_word' id='word_1_801' title='bbox 1444 2464 1476 2498; x_wconf 80' lang='grc' dir='ltr'>τῇ</span> <span class='ocrx_word' id='word_1_802' title='bbox 1503 2461 1594 2497; x_wconf 81' lang='grc' dir='ltr'><strong>ζώνῃ,</strong></span> <span class='ocrx_word' id='word_1_803' title='bbox 1618 2460 1718 2494; x_wconf 81' lang='grc' dir='ltr'>γυμνὸν</span> <span class='ocrx_word' id='word_1_804' title='bbox 1747 2460 1808 2490; x_wconf 74' lang='grc' dir='ltr'>τοὺς</span> <span class='ocrx_word' id='word_1_805' title='bbox 1840 2457 1928 2487; x_wconf 75' lang='grc' dir='ltr'>πόδας,</span> 
     </span>
    </p>
   </div>
   <div class='ocr_carea' id='block_1_112' title="bbox 1150 2505 1927 2547">
    <p class='ocr_par' dir='ltr' id='par_1_112' title="bbox 1150 2505 1927 2547">
     <span class='ocr_line' id='line_1_112' title="bbox 1150 2505 1927 2547; baseline -0.012 -9"><span class='ocrx_word' id='word_1_806' title='bbox 1150 2511 1374 2547; x_wconf 81' lang='grc' dir='ltr'>ἦὲνειλημμένον</span> <span class='ocrx_word' id='word_1_807' title='bbox 1400 2510 1455 2540; x_wconf 80' lang='grc' dir='ltr'>τοῖς</span> <span class='ocrx_word' id='word_1_808' title='bbox 1479 2507 1643 2542; x_wconf 85' lang='grc' dir='ltr'>ὑποδήμασι.</span> <span class='ocrx_word' id='word_1_809' title='bbox 1658 2506 1701 2533; x_wconf 80' lang='grc' dir='ltr'><strong>διὰ</strong></span> <span class='ocrx_word' id='word_1_810' title='bbox 1726 2505 1814 2541; x_wconf 78' lang='grc' dir='ltr'>χειρὸς</span> <span class='ocrx_word' id='word_1_811' title='bbox 1840 2505 1927 2539; x_wconf 77' lang='grc' dir='ltr'>ἔχοντα</span> 
     </span>
    </p>
   </div>
   <div class='ocr_carea' id='block_1_113' title="bbox 1151 2547 1928 2591">
    <p class='ocr_par' dir='ltr' id='par_1_113' title="bbox 1151 2547 1928 2591">
     <span class='ocr_line' id='line_1_113' title="bbox 1151 2547 1928 2591; baseline -0.012 -9"><span class='ocrx_word' id='word_1_812' title='bbox 1151 2557 1200 2591; x_wconf 82' lang='grc' dir='ltr'>τὴν</span> <span class='ocrx_word' id='word_1_813' title='bbox 1219 2554 1378 2590; x_wconf 74' lang='grc' dir='ltr'>βακτηρίαν.</span> <span class='ocrx_word' id='word_1_814' title='bbox 1399 2553 1415 2589; x_wconf 79' lang='grc' dir='ltr'><strong>ἥ</strong></span> <span class='ocrx_word' id='word_1_815' title='bbox 1436 2551 1617 2586; x_wconf 79' lang='grc' dir='ltr'>ἁποθέμενον;</span> <span class='ocrx_word' id='word_1_816' title='bbox 1644 2550 1723 2576; x_wconf 74' lang='grc' dir='ltr'>Ἀλλὰ</span> <span class='ocrx_word' id='word_1_817' title='bbox 1739 2549 1816 2584; x_wconf 77' lang='grc' dir='ltr'>δῆλον</span> <span class='ocrx_word' id='word_1_818' title='bbox 1832 2549 1862 2575; x_wconf 77' lang='grc' dir='ltr'>ἂν</span> <span class='ocrx_word' id='word_1_819' title='bbox 1878 2547 1928 2581; x_wconf 72' lang='grc' dir='ltr'>εἴη.</span> 
     </span>
    </p>
   </div>
   <div class='ocr_carea' id='block_1_114' title="bbox 1152 2594 1928 2637">
    <p class='ocr_par' dir='ltr' id='par_1_114' title="bbox 1152 2594 1928 2637">
     <span class='ocr_line' id='line_1_114' title="bbox 1152 2594 1928 2637; baseline -0.012 -9"><span class='ocrx_word' id='word_1_820' title='bbox 1152 2603 1218 2637; x_wconf 72' lang='grc' dir='ltr'>ὅπερ</span> <span class='ocrx_word' id='word_1_821' title='bbox 1235 2603 1250 2635; x_wconf 86' lang='grc' dir='ltr'>ἡ</span> <span class='ocrx_word' id='word_1_822' title='bbox 1267 2600 1312 2626; x_wconf 73' lang='grc' dir='ltr'>τοῦ</span> <span class='ocrx_word' id='word_1_823' title='bbox 1335 2597 1501 2633; x_wconf 71' lang='grc' dir='ltr'>ὁδοιπορικώ</span> <span class='ocrx_word' id='word_1_824' title='bbox 1520 2598 1657 2632; x_wconf 81' lang='grc' dir='ltr'>σχήματος</span> <span class='ocrx_word' id='word_1_825' title='bbox 1675 2594 1802 2629; x_wconf 79' lang='grc' dir='ltr'>διασκευὴ</span> <span class='ocrx_word' id='word_1_826' title='bbox 1816 2594 1928 2620; x_wconf 79' lang='grc' dir='ltr'>δείκνυσι</span> 
     </span>
    </p>
   </div>
   <div class='ocr_carea' id='block_1_115' title="bbox 1153 2639 1928 2680">
    <p class='ocr_par' dir='ltr' id='par_1_115' title="bbox 1153 2639 1928 2680">
     <span class='ocr_line' id='line_1_115' title="bbox 1153 2639 1928 2680; baseline -0.01 -8"><span class='ocrx_word' id='word_1_827' title='bbox 1153 2647 1186 2672; x_wconf 82' lang='grc' dir='ltr'>δι’</span> <span class='ocrx_word' id='word_1_828' title='bbox 1201 2647 1368 2680; x_wconf 77' lang='grc' dir='ltr'>αἰνίγματος.</span> <span class='ocrx_word' id='word_1_829' title='bbox 1384 2644 1495 2671; x_wconf 80' lang='grc' dir='ltr'>Κελεύει</span> <span class='ocrx_word' id='word_1_830' title='bbox 1515 2643 1568 2678; x_wconf 78' lang='grc' dir='ltr'><strong>γὰρ</strong></span> <span class='ocrx_word' id='word_1_831' title='bbox 1585 2644 1712 2678; x_wconf 79' lang='grc' dir='ltr'>ἄντικρυς</span> <span class='ocrx_word' id='word_1_832' title='bbox 1725 2642 1871 2676; x_wconf 77' lang='grc' dir='ltr'>ἐπιγνῶναι</span> <span class='ocrx_word' id='word_1_833' title='bbox 1889 2639 1928 2665; x_wconf 65' lang='grc' dir='ltr'>τοι.</span> 
     </span>
    </p>
   </div>
   <div class='ocr_carea' id='block_1_116' title="bbox 1153 2686 1927 2726">
    <p class='ocr_par' dir='ltr' id='par_1_116' title="bbox 1153 2686 1927 2726">
     <span class='ocr_line' id='line_1_116' title="bbox 1153 2686 1927 2726; baseline -0.008 -8"><span class='ocrx_word' id='word_1_834' title='bbox 1153 2690 1201 2719; x_wconf 69' lang='grc' dir='ltr'>ὦδε</span> <span class='ocrx_word' id='word_1_835' title='bbox 1219 2692 1274 2726; x_wconf 72' lang='grc' dir='ltr'>βίον</span> <span class='ocrx_word' id='word_1_836' title='bbox 1290 2714 1295 2722; x_wconf 88' lang='lat'><strong>,</strong></span> <span class='ocrx_word' id='word_1_837' title='bbox 1313 2691 1354 2717; x_wconf 75' lang='grc' dir='ltr'>ὅτι</span> <span class='ocrx_word' id='word_1_838' title='bbox 1374 2690 1526 2726; x_wconf 79' lang='grc' dir='ltr'>παροδικῶς</span> <span class='ocrx_word' id='word_1_839' title='bbox 1554 2690 1737 2724; x_wconf 65' lang='grc' dir='ltr'>ἐπιφοιτῶμεν</span> <span class='ocrx_word' id='word_1_840' title='bbox 1760 2691 1792 2721; x_wconf 71' lang='grc' dir='ltr'>τῇ</span> <span class='ocrx_word' id='word_1_841' title='bbox 1813 2686 1927 2722; x_wconf 72' lang='grc' dir='ltr'>παρούστ</span> 
     </span>
    </p>
   </div>
  </div>
