1977 3071
63 79 119 106 357
172 94 186 99 ι

722 77 764 105 DF.
780 77 858 105 νιτιι
878 76 1014 105 MOYSIS.

1646 69 1698 97 553

65 135 136 169 ζωῇ,
150 133 207 169 ἅμα
220 134 252 169 τῇ
269 134 372 168 γενέσει
387 134 454 170 πρὸς
468 133 515 170 τὴν
532 134 620 168 ἔξοδον
636 134 681 161 ὑπ’
701 134 786 169 αὐτῆς
803 134 853 169 τῆς

906 136 966 162 dam
999 142 1060 162 esse
1086 134 1167 161 vitam
1203 137 1344 165 nostram,
1377 131 1450 167 quod
1490 131 1618 160 nimirum
1661 130 1697 158 ad

64 180 192 214 ἀνάγκης
219 179 452 213 συνελαυνόμενοι,
479 180 547 215 πρὸς
573 180 606 215 ἣν
635 179 855 214 παρεσκευάσθαι

65 226 121 261 χρὴ
144 225 224 260 χερσί
245 233 274 250 τε
300 224 345 250 καὶ
362 225 434 256 ποσὶ,
452 226 499 252 καὶ
518 227 551 261 τῇ
575 226 654 261 λοιπῇ
675 227 708 260 τῇ
727 225 795 260 πρὸς
806 227 856 261 τὴν

64 271 127 296 ὁδὸν
139 265 282 305 ἁσῲαλείᾳ.
298 270 352 296 Καὶ
370 270 407 301 ὡς
424 270 458 297 ἂν
473 270 510 306 μὴ
522 273 581 303 ταῖς
592 271 722 303 ἀκάνθαις
733 272 780 298 τοῦ
797 271 854 306 βίον

64 316 162 342 τοῦτου
186 315 311 348 (ἄκανθαι
323 315 345 341 δ’
366 315 399 342 ἂν
412 313 466 342 εἷεν
483 317 510 342 αἱ
529 317 670 351 ἁμαρτίαι)
690 318 802 351 γυμνοῖς
825 324 854 343 τε

65 361 115 387 καὶ
130 360 296 395 ἀφυλάκτοις
311 362 366 392 τοῖς
389 361 452 387 ποσὶ
471 361 645 396 βλαϐείημεν,
659 362 706 397 τὴν
721 362 774 388 τῶν
787 362 854 389 ὑπο-

64 405 196 440 δημάτων
226 406 392 442 στερρότητα
418 406 473 432 τῶν
509 407 596 432 ποδῶν
629 406 853 442 προδαλλώμεθα.

65 450 160 477 Ταῦτα
175 450 203 476 δέ
222 451 295 476 ἐστιν
309 450 447 485 ἐγκρατής
471 459 500 476 τε
518 451 565 477 καὶ
580 451 772 485 κατεσκληκώς
787 451 853 486 βίος,

65 496 80 522 ὁ
94 495 204 531 θραύων
223 495 257 521 δι’
272 495 368 522 ἑαυτοῦ
385 496 432 522 καὶ
449 496 585 531 περικλῶν
603 496 652 528 τὰς
667 497 716 532 τῆς
734 497 853 532 ἀκάνθης

65 541 171 575 ἀκμὰς,
190 541 237 568 καὶ
249 541 360 567 κωλύων
373 541 405 567 ὲκ
414 541 514 576 λεπτῆς
528 550 556 567 τε
573 542 620 568 καὶ
634 543 754 577 ἀφανοῦς
767 543 854 578 ἀρχῆς

65 586 117 622 τὴν
131 585 268 622 ἁμαρτίαν
286 587 331 612 ἐπὶ
353 586 384 612 τὸ
395 586 469 618 ἐντὸς
484 587 678 622 παραδύεσθαι.
691 587 726 615 ’Ὀ
745 597 774 614 τε
798 590 854 620 τοῖς

65 632 132 658 ποσὶ
148 632 362 666 περικεχυμένος
374 631 466 666 χιτὼν.
484 632 530 658 καὶ
553 633 634 668 μέχρι
648 633 736 660 ποδῶν
763 634 854 660 καθει-

67 677 161 712 μένος,
191 677 318 711 ἐμπόδιον
338 677 371 703 ἂν
394 677 436 712 εἴη
459 677 497 712 τῷ
514 678 562 713 τὴν
582 678 640 704 ὁδὸν
664 678 765 712 ταύτην
785 679 853 706 κατὰ

67 722 187 757 σπουδὴν
200 722 344 748 διαθέοντι.
368 722 456 749 Χιτὼν
471 723 494 749 δ’
505 723 537 750 ἂν
552 724 618 758 ἡμῖν
628 744 634 755 ,
649 723 719 750 κατὰ
736 723 766 750 τὸ
790 724 854 751 ἀκό-

65 767 173 798 λουθον,
188 768 309 803 νοηθείη,
323 769 339 804 ὴ
353 768 538 804 ἀπολαυστικὴ
546 769 600 795 τῶν
615 770 644 795 ὲν
655 769 693 804 τῷ
707 769 756 805 βιῳ
766 770 853 805 τούτῳ

66 813 293 849 σπουδαζομένων
316 814 463 850 πλατύτης,
477 815 511 851 ἢν
534 817 573 847 εις
591 816 680 850 ὀλίγον
700 818 714 843 ό
738 816 853 851 σώφρων

66 858 196 894 λογισμὸς
221 860 369 891 συστέλλει,
390 860 461 896 ζώνη
487 861 533 887 τοῦ
561 862 764 897 ὁδοιποροῦντος
781 863 853 896 γινό⁴

68 913 161 939 μενος.
177 905 213 931 Τὸ
229 905 256 931 δὲ
282 906 457 942 σωφροσύνην
469 905 538 933 εἶναι
563 908 612 942 τὴν
639 907 736 942 ζώνην,
751 907 853 943 μαρτύ-

67 959 145 986 ρεται
173 950 212 986 τῷ
238 951 341 986 τρόπῳ,
365 953 430 988 περὶ
455 952 484 978 ὃν
511 953 660 988 ἐνεργεῖται
687 955 704 989 ἡ
726 954 792 990 ζωή.
816 955 853 980 Ἦ

66 995 92 1021 τ’
105 993 140 1022 αὖ
154 996 208 1022 τῶν
232 995 333 1032 θηρίων
349 997 483 1033 ἀμυντικὴ
504 998 648 1034 βακτηρία,
660 999 673 1024 ὑ
690 1000 738 1034 τῆς
749 1000 854 1031 ἐλπίδος

65 1041 146 1074 λόγος
160 1041 243 1073 ἐστὶν,
258 1038 281 1075 ᾦ
301 1043 390 1069 καὶτὸ
404 1043 531 1078 καμμύον
547 1044 596 1078 τῆς
609 1044 698 1079 ψυχῆς
713 1046 853 1080 ὑπερείδου-

69 1094 130 1120 μεν,
145 1086 193 1112 καὶ
206 1086 236 1112 τὸ
249 1087 379 1114 ὑλακτῶν
394 1088 562 1123 ἀμυνόμεθα.
586 1089 632 1115 Ἐκ
647 1089 731 1125 πυρὸς
747 1090 775 1116 δὲ
789 1099 854 1126 προ-

66 1131 194 1158 τεθεῖσαν
210 1133 276 1167 ὴμῖν
295 1133 344 1168 τὴν
366 1133 474 1169 ἐδωδὴν.
489 1134 540 1169 τὴν
553 1134 656 1169 θερμὴν
669 1135 771 1171 ταύτην
783 1135 854 1169 λέγω

67 1177 114 1203 καὶ
130 1177 248 1213 ἐκπυρον
271 1178 372 1209 πίστιν,
395 1179 429 1213 ἢν
442 1179 573 1214 ἀμελλητὶ
589 1181 803 1215 προσδεχόμεθα,
820 1177 854 1216 ἧς

67 1223 239 1257 ὲμφαγύντες
256 1224 317 1250 ὅσον
339 1225 371 1250 ὲκ
400 1225 544 1260 προχείρου
563 1226 665 1259 γίνεται
689 1227 789 1262 ληπτὸν
815 1228 854 1262 τῷ

67 1267 195 1299 ἐσθίοντι,
209 1269 256 1294 καὶ
282 1268 326 1295 τὸν
351 1271 538 1304 κεκρυμμένον
555 1272 610 1302 τοῖς
625 1271 812 1307 στερροτέροις
824 1281 854 1298 τε

68 1315 114 1340 καὶ
131 1314 301 1350 δυο-τρίπτοις
313 1315 440 1350 νοήμασι,
457 1316 503 1342 καὶ
523 1315 566 1350 ,τῷ
586 1315 675 1351 λόγῳ,
690 1316 854 1352 ἁπεριέργα-

69 1358 132 1384 στόν
145 1367 175 1384 τε
194 1360 241 1385 καὶ
259 1359 536 1394 ἀπολυπραγμόνητον
551 1360 800 1395 καταλιμπάνομεν,
816 1361 853 1396 τῷ

69 1404 136 1439 πυρὶ
161 1404 334 1439 προτιθέντες
362 1404 411 1439 τὴν
429 1404 556 1439 τοιαύτην
580 1406 692 1440 τροφήν.
719 1405 761 1436 Ὠς
777 1405 798 1431 δ’
821 1406 854 1432 ἃν

70 1450 247 1485 σαφηνισθείη
263 1449 296 1477 τὰ
321 1451 385 1485 περὶ
407 1450 508 1477 τούτων
530 1450 689 1485 αἰνίγματα,
705 1451 790 1478 ταῦτα
804 1460 855 1485 φα-

71 1505 130 1531 μεν,
145 1496 186 1522 ὅτι
207 1496 262 1523 τῶν
281 1496 361 1523 θείων
385 1497 622 1532 παραγγελμάτων
641 1497 690 1523 ὅσα
711 1497 760 1532 μὲν
788 1497 854 1532 πρό-

69 1549 159 1576 χειρον
170 1540 218 1576 τὴν
230 1541 391 1576 κατανόησιν
404 1541 468 1575 ἔχει,
479 1541 509 1567 οὺ
520 1541 639 1576 νωθρῶς,
648 1542 706 1568 οὐδὲ
721 1550 855 1577 κατηναγ-

71 1586 214 1620 κασμένως
240 1586 358 1620 μετιέναι
380 1587 510 1621 προσήκει
525 1595 532 1601 -
551 1586 607 1612 ἀλλ’
627 1584 682 1612 οἷον
705 1587 854 1619 πεινῶντας

71 1630 116 1655 καὶ
133 1629 311 1664 μετ’ὸρέξεως
322 1630 498 1664 ἐμφορεῖσθαι
513 1630 566 1656 τῶν
576 1631 773 1665 προκειμένων,
784 1625 853 1658 ὥστε

71 1675 196 1709 γενέσθαι
210 1676 261 1710 τὴν
275 1676 377 1711 τροφὴν
399 1677 466 1711 ἡμῖν
488 1676 593 1708 εὐεξίας
615 1677 729 1711 ἑφόδιον.
745 1677 815 1703 Ὅσα
827 1677 854 1703 δὲ

70 1723 222 1756 κέκρυπται
246 1721 300 1748 τῶν
316 1722 467 1756 νοημάτων,
480 1720 536 1748 οἷον
551 1722 581 1748 τὸ
598 1722 697 1758 ζητεῖν,
714 1723 756 1755 τίς
774 1724 789 1757 ὴ
807 1723 853 1749 οὺ-

71 1767 114 1792 σία
125 1766 172 1792 τοῦ
183 1766 265 1799 Θεοῦ;
280 1767 306 1793 τί
322 1767 374 1802 πρὸ
391 1767 441 1802 τῆς
456 1768 570 1799 κτίσεως
582 1766 614 1802 ἦν
627 1776 633 1800 ;
648 1769 673 1794 τε
687 1768 716 1795 τὸ
730 1768 780 1800 ἔξω
800 1769 853 1795 τῶν

71 1812 310 1848 φαινομένων;τίς
325 1814 340 1848 ἠ
356 1813 461 1848 ἀνάγκη
484 1814 539 1840 τῶν
560 1814 724 1849 γινομένωνς
742 1816 789 1842 καὶ
804 1816 851 1842 ὅσα

70 1857 182 1885 τοιαῦτα
201 1858 253 1885 ὑπὸ
267 1858 330 1887 «τῶν
356 1858 509 1894 περιέργων
540 1859 681 1894 ὲρευνᾶται
700 1869 707 1875 ·
721 1860 760 1895 τῷ
784 1861 854 1895 ἁγίῳ

73 1902 208 1938 Ιινεὺματι
233 1905 383 1939 συγχωρεῖν
400 1905 472 1939 μόνῳ
494 1904 652 1938 γινώσκειν,
671 1905 710 1939 τῷ
728 1905 762 1931 τὰ
784 1905 853 1940 βάθη

71 1948 117 1975 τοῦ
141 1949 209 1976 Θεοῦ
222 1944 411 1985 Ἕιερευνῶντι,
433 1950 524 1981 καθώς
547 1958 629 1985 φησιν
649 1951 663 1976 ὁ
683 1951 852 1982 Ἀπόστολος.

72 1995 108 2021 Τδ
123 1995 177 2030 γὰρ
186 1995 245 2022 dw‘t
255 1995 301 2022 τοῦ
317 1996 473 2030 Πνεύματος
485 1995 538 2026 ὑπὸ
550 1996 598 2030 τῆς
612 1996 722 2031 Γραφῆς
736 1997 852 2032 πολλαχῆ

71 2041 102 2067 τὸ
123 2039 178 2075 πῦρ
194 2041 408 2076 μνημονεύεσθαι
427 2049 456 2067 τε
471 2042 516 2068 καὶ
538 2040 737 2073 ὀνομάζεσθαι,
750 2042 798 2068 οὐκ
819 2043 867 2069 ἄν’

71 2094 114 2117 τις
127 2086 180 2112 τῶν
193 2087 413 2122 πεπαιδευμένων
424 2086 473 2121 τὴν
483 2086 591 2121 Γραφὴν
601 2087 752 2121 ἁγνοήσειε.
768 2088 855 2122 Προσ-

868 1474 889 1503 C

907 180 1049 208 visendum
1075 180 1164 207 obiter
1190 180 1242 207 lioc
1257 187 1343 206 aevum
1372 178 1539 208 accedimus,
1564 181 1591 205 et
1614 177 1696 204 simul

907 230 989 260 atque
1017 225 1072 252 nati
1088 232 1195 257 sumus,
1205 224 1239 250 ad
1264 224 1367 250 exitum
1396 223 1558 250 necessitate
1579 222 1695 256 quadam

906 271 1105 306 compellimur,
1122 271 1154 297 ad
1169 277 1228 304 qua:
1245 273 1410 304 prieparatos
1428 276 1477 295 nos
1499 275 1561 296 esse
1576 267 1634 294 vult
1649 274 1694 301 pe-

905 317 987 343 dibus
1001 320 1028 343 et
1043 316 1179 353 miliibus,
1199 315 1357 348 reliquoque
1374 312 1406 338 ad
1423 312 1473 338 iter
1499 315 1640 346 apparatu.
1657 309 1697 337 Ne

905 363 988 397 igitur
1005 361 1093 396 spinis
1107 361 1134 387 in
1148 361 1199 388 lioc
1220 359 1306 389 arduo
1321 358 1428 385 vivendi
1445 358 1539 384 itinere
1553 357 1633 391 pedes
1647 356 1695 383 la:—

904 409 1069 440 dantur,lion
1080 407 1159 434 nudis
1167 405 1341 440 pedibus,scd
1350 403 1507 431 durioribus
1517 403 1616 430 calceis
1624 410 1697 430 com-

905 454 1000 481 muniti
1013 452 1288 480 itiiieraredelienius.
1301 449 1391 485 Spinae
1403 454 1503 480 autem,
1512 456 1571 482 qua:
1581 447 1695 482 pedibus

904 500 992 528 inﬁxae
1002 507 1055 526 non
1066 499 1153 526 solum
1161 497 1279 524 retinent
1292 489 1496 530 retardantque,
1506 502 1598 521 verum
1613 495 1694 522 etiam

903 548 1030 575 enecant,
1044 548 1154 578 peccata
1170 548 1244 572 sunt,
1268 549 1282 568 a
1295 542 1393 576 quibus
1407 541 1520 568 durities
1541 539 1694 567 calceorum

903 589 1032 620 defendit,
1039 587 1275 616 continentissima
1282 586 1417 615 videlicet.
1426 586 1515 612 tenuis
1524 591 1555 611 ac.
1563 585 1630 612 dura
1640 584 1694 610 vita

903 642 963 669 qua:
972 634 1189 666 debilitat,atque
1198 633 1298 667 frangit
1308 633 1446 667 spinarum
1455 630 1694 664 acuniinaiquibus

903 688 917 706 ιι
929 687 1013 715 parvo
1025 679 1154 714 tenuique
1164 679 1298 714 principio
1313 678 1345 704 ad
1359 677 1489 704 interiora
1502 684 1588 711 usque
1601 683 1695 710 pecca-

903 730 929 752 ta
943 726 983 753 sic
1010 724 1210 759 ingrediuntur,
1236 727 1265 750 ut
1287 723 1396 757 penitus
1419 722 1554 749 occidant.
1568 721 1608 747 Ad
1623 721 1694 747 hanc

904 771 986 797 vitain
1002 770 1164 800 faciendam,
1184 769 1277 796 lalaris
1291 769 1375 796 vestis
1389 772 1416 794 et
1432 767 1530 798 etl‘usa,
1549 767 1575 793 id
1591 771 1633 794 est
1646 774 1692 793 vo-

906 818 1044 851 luptuosa,
1071 820 1098 842 et
1124 815 1221 842 vitiosa
1246 813 1353 841 vivendi
1379 814 1448 840 ratio
1473 820 1533 847 quae
1561 812 1694 839 latissime

906 867 989 897 patet,
1018 862 1187 896 nimiumque
1214 860 1379 892 effunditur,
1405 860 1598 894 impedimento
1616 862 1658 886 est
1684 867 1690 884 :

905 915 989 943 quare
1014 907 1124 942 cingulo
1159 906 1277 940 quodam
1311 911 1420 932 sursum
1448 903 1579 930 trahenda
1596 907 1637 930 est
1666 907 1693 929 et

904 953 1079 984 coarctanda,
1094 960 1129 979 ne
1149 952 1201 979 liuc
1222 956 1303 986 atque
1318 951 1381 977 illuc
1397 949 1578 976 circumﬂuat.
1592 947 1694 982 Cingu-

905 999 960 1025 lum
975 1005 1039 1025 vero
1064 997 1197 1024 modestia
1224 1001 1278 1028 est,
1305 1000 1332 1024 et
1347 996 1461 1030 diligens
1481 994 1586 1021 vivendi
1612 994 1691 1024 ratio.

904 1051 965 1077 qua:
981 1049 1030 1070 nos
1044 1045 1136 1068 monet
1147 1042 1179 1068 ad
1193 1042 1396 1071 necessitatem.
1411 1047 1464 1066 non
1478 1039 1511 1066 ad
1527 1039 1691 1073 voluptatem

905 1088 986 1114 rebus
1000 1088 1049 1114 uti.
1063 1087 1142 1120 Quod
1159 1091 1248 1114 autem
1272 1094 1321 1121 pro
1338 1085 1470 1112 modestia
1491 1084 1630 1119 cingulum
1646 1091 1693 1110 ca-

905 1134 1005 1167 piatur.
1020 1134 1102 1160 etiam
1118 1132 1238 1159 membra
1251 1131 1372 1165 corporis
1387 1137 1447 1164 qua;
1470 1130 1580 1163 cingulo
1595 1136 1692 1156 conue-

904 1181 1028 1208 ctuntur,
1041 1176 1198 1204 testimonio
1214 1179 1287 1208 sunt;
1304 1175 1417 1202 baculus
1428 1182 1501 1206 vero,
1513 1181 1567 1208 quo
1582 1178 1609 1201 et
1621 1173 1691 1200 feras

904 1223 1069 1257 repellimus.
1090 1226 1117 1249 et
1138 1227 1332 1255 nonnunquam
1348 1223 1543 1257 sustc'ntaiiiur,
1560 1226 1623 1253 spes
1639 1221 1691 1245 est.

906 1268 961 1296 liae
976 1269 1047 1295 enim
1064 1268 1122 1295 sola
1137 1267 1302 1299 inducimur,
1313 1270 1343 1293 ut
1362 1266 1467 1293 labores
1483 1265 1564 1292 simul
1576 1269 1602 1292 et
1615 1264 1691 1291 dolo-

904 1322 948 1342 res
964 1314 1128 1342 sutTeramus
1144 1323 1150 1341 ε
1169 1315 1219 1340 hac
1228 1312 1315 1340 ΐοεδοε
1328 1312 1435 1339 animos
1449 1318 1605 1338 rccreamus
1618 1319 1626 1337 ε
1642 1311 1692 1337 hac

904 1359 1296 1394 ﬁt.utardentiusplernmque
1320 1359 1346 1385 in
1362 1358 1492 1384 latrantes
1517 1365 1610 1388 canes,
1625 1357 1693 1383 alie-

905 1414 955 1434 nas
968 1407 1092 1433 videlicet
1108 1414 1122 1432 a
1149 1405 1263 1432 veritate
1288 1405 1403 1441 bestias,
1420 1405 1594 1436 insurgamus
1610 1412 1617 1430 :
1642 1403 1693 1430 bac

906 1452 1003 1478 armati
1028 1451 1108 1486 longe
1122 1451 1182 1478 illas
1197 1451 1231 1477 ab
1243 1450 1339 1477 ovibus
1361 1449 1462 1476 nostris
1484 1455 1637 1476 arceamus.
1654 1447 1689 1474 Eii

908 1499 969 1532 igne
982 1500 1072 1524 autem
1084 1496 1178 1527 solum
1195 1496 1272 1522 cibus
1288 1495 1367 1524 nobis
1381 1494 1538 1529 propositus
1557 1498 1608 1525 est,
1623 1501 1694 1528 quo-

906 1543 978 1570 niam
989 1543 1055 1570 ﬁdes
1074 1549 1134 1576 quis
1159 1549 1208 1576 per
1236 1541 1326 1569 cibum
1349 1541 1423 1568 illum
1443 1540 1620 1575 signiﬁcatur,
1649 1547 1692 1566 ar-

906 1588 1065 1616 dentissima
1080 1595 1141 1616 esse
1155 1587 1245 1618 debet,
1262 1588 1328 1614 nihil
1345 1587 1497 1615 liumiduin.
1510 1590 1555 1613 aut
1571 1586 1650 1614 labile
1661 1594 1692 1613 ac

907 1634 994 1662 ﬂuens
1021 1634 1176 1669 possidens,
1206 1633 1254 1662 sed
1285 1634 1361 1660 lii-ma
1382 1640 1414 1659 ac
1438 1633 1554 1663 stabilis.
1581 1639 1613 1659 ex
1639 1639 1690 1667 qua

906 1679 1081 1707 eomedemus
1097 1683 1229 1714 quantum
1255 1679 1333 1706 nobis
1349 1678 1488 1713 possibile.
1513 1677 1628 1705 Osseum
1642 1685 1689 1704 au-

907 1729 960 1751 tem
976 1732 1008 1751 ac
1024 1725 1122 1751 durum
1148 1724 1226 1752 nobis
1241 1724 1295 1758 igni
1317 1723 1459 1753 tradimus,
1477 1722 1550 1757 quod
1566 1722 1645 1756 quale
1657 1722 1693 1749 sit

906 1770 1076 1804 inspiciatur.
1097 1769 1165 1796 Illud
1195 1773 1345 1797 teneamus.
1366 1768 1420 1794 duo
1446 1775 1508 1795 esss:
1536 1768 1691 1794 divinorum

906 1807 1102 1849 praeceptorum
1119 1822 1227 1850 genera.
1238 1813 1303 1840 Nam
1319 1813 1370 1840 alia
1384 1812 1572 1847 hujuscemodi
1582 1817 1692 1846 suiit,ut

907 1860 1034 1894 possibile
1051 1860 1130 1887 nobis
1150 1860 1185 1887 sit
1199 1867 1231 1886 ea
1249 1859 1493 1894 plancintell‘gere.
1515 1858 1692 1892 probabilem-

907 1913 960 1940 qiic
974 1906 1007 1932 de
1028 1906 1095 1940 ipsis
1107 1905 1221 1933 reddere
1244 1905 1387 1931 rationem.
1405 1904 1466 1931 llaec
1484 1913 1537 1930 iiuii
1547 1904 1690 1938 ignaviter,
1706 1920 1710 1925 -

907 1959 957 1977 nec
975 1951 1053 1985 quasi
1081 1951 1169 1977 coacti
1198 1954 1366 1984 pertractare
1379 1950 1518 1979 debemus.
1535 1949 1582 1977 sed
1597 1953 1625 1976 ut
1651 1949 1692 1976 l'a-

907 2001 1058 2023 niescentcs
1073 1997 1229 2027 comedunt,
1245 2004 1306 2022 cum
1333 1996 1471 2023 desiderio
1497 1995 1601 2022 scilicot
1617 2000 1643 2022 et
1659 1996 1692 2022 li-

907 2042 1010 2073 lienter,
1038 2046 1066 2067 iit
1078 2042 1111 2068 ad
1126 2042 1224 2068 bonam
1251 2041 1329 2068 nobis
1346 2041 1389 2068 hic
1415 2042 1493 2068 i'ibiis
1511 2041 1691 2068 valcliidiiieiii

907 2087 1003 2114 anima:
1018 2088 1102 2122 possit
1125 2087 1264 2121 prodesse.
1287 2086 1346 2112 Alia
1360 2087 1399 2113 sic
1421 2087 1513 2118 latent,
1534 2091 1563 2114 ut
1580 2087 1691 2113 duriora

72 2130 133 2164 ἀγει
154 2131 182 2157 δὲ
203 2133 235 2167 τῇ
255 2132 364 2167 τοιαύτῃ
377 2131 480 2166 διανοίᾳ
498 2132 571 2166 ἡμᾶς
589 2132 636 2158 καὶ
650 2132 739 2167 τὸτῆς
756 2133 853 2165 Sosia;

908 2134 970 2164 sint,
984 2141 1063 2167 quam
1077 2137 1106 2159 ut
1123 2133 1163 2160 vel
1181 2133 1258 2167 plene
1284 2132 1441 2168 intelligere.
1458 2133 1499 2160 vel
1524 2133 1636 2160 reddere
1649 2140 1691 2159 ra-
1739 2131 1740 2134 “

73 2175 265 2210 παράγγελμα,
282 2177 322 2202 ὅτι
334 2185 344 2202 ι
364 2175 534 2211 Ίσχυρὸτερά
542 2184 587 2201 σου
597 2176 747 2211 μὴὲρεύνα,
760 2186 768 2202 i
781 2186 856 2204 τουτ-

73 2220 139 2251 έστι,
154 2220 188 2246 τὰ
204 2221 270 2247 eam!
298 2220 344 2248 τοῦ
369 2221 447 2255 λόγου
474 2221 511 2256 μὴ
533 2221 673 2257 σύντριϐε·
690 2223 721 2248 οὐ
740 2223 794 2257 γάρ
816 2231 856 2249 σοι

74 2264 150 2298 χρεία
165 2265 219 2291 τῶν
235 2265 374 2300 κρυπτῶν.

908 2179 1007 2205 tionem
1024 2186 1156 2213 queamus
1168 2198 1174 2208 .
1201 2183 1229 2205 ut
1246 2179 1268 2205 si
1281 2179 1343 2213 quis
1356 2183 1498 2213 quaereret,
1518 2185 1642 2213 quaenam
1655 2179 1691 2204 sit

907 2225 1058 2252 substantia
1069 2224 1126 2257 Dei,
1139 2225 1205 2259 quid
1225 2228 1287 2251 ante
1302 2224 1466 2252 creationem
1480 2224 1570 2256 fuerit,
1583 2231 1643 2258 quae
1656 2224 1693 2250 sit

907 2270 1056 2297 necessitas
1074 2277 1167 2296 eorum
1186 2277 1246 2304 qu:e
1258 2269 1334 2302 ﬁunt,
1347 2270 1454 2304 aliaque
1471 2277 1551 2304 quam
1566 2269 1691 2304 plurima.

73 2317 132 2343 qum
147 2311 255 2338 curiose
266 2311 343 2338 multi
358 2315 501 2346 quaerunt:
515 2311 571 2340 haec
587 2313 678 2339 omnia
695 2313 808 2347 Spiritui
824 2319 920 2342 sancto
933 2316 1129 2350 relinquemus,
1149 2315 1194 2349 qui
1213 2314 1258 2342 Dei
1278 2315 1411 2349 profunda
1427 2316 1571 2350 investigat
1583 2319 1610 2342 et
1629 2315 1691 2344 scit.

75 2360 102 2380 ut
119 2355 264 2390 Apostolus
279 2357 316 2383 ait
328 2356 359 2382 ³³.
375 2355 442 2383 Nam
456 2357 542 2391 ignem
561 2365 611 2392 pro
625 2357 721 2391 spiritu
742 2358 801 2393 capi
826 2359 983 2393 plerumque
1000 2361 1026 2386 iii
1048 2360 1135 2386 sacris
1149 2359 1267 2391 Litteris.
1290 2368 1369 2386 nemo
1388 2361 1456 2387 lacte
1471 2361 1589 2395 ipsarum
1604 2360 1692 2387 nutri-

75 2407 118 2429 tus
134 2401 251 2435 negabit.
268 2400 323 2428 Hoc
335 2406 377 2429 est
389 2403 470 2429 etiam
481 2403 553 2437 quod
567 2402 703 2436 Sapientia
717 2408 817 2434 monet,
835 2413 844 2429 ι
861 2404 983 2431 Fortiora
996 2410 1022 2432 te
1037 2413 1071 2432 ne
1087 2405 1260 2438 scruteris“,
1274 2417 1282 2432 ι
1299 2406 1350 2433 hoc
1360 2410 1412 2438 est,
1429 2413 1491 2433 ossa
1504 2406 1579 2434 verbi
1596 2405 1643 2433 Dei
1658 2413 1694 2434 ne

75 2449 248 2484 confringas:
274 2456 328 2476 non
342 2449 415 2477 enim
437 2454 480 2477 est
498 2449 546 2476 tibi
563 2457 632 2484 opus
648 2450 827 2477 absconditis.

110 2537 201 2569 οὕτως
218 2538 341 2565 ἐκϐάλλει
351 2539 399 2573 τῆς
415 2539 551 2572 Αἰγύπτου
562 2540 576 2565 ὁ
588 2540 653 2566 Muri)
659 2539 707 2574 τῆς
721 2540 765 2565 τὸν
777 2540 839 2566 λαόν
849 2548 855 2555 ·

76 2582 122 2608 καὶ
139 2582 192 2613 πᾶς
206 2583 219 2608 ὁ
232 2582 269 2616 τῷ
281 2583 391 2608 Μωῦσεῖ
401 2583 461 2608 κατ’
470 2582 540 2617 ἴχνος
551 2583 690 2617 ἑπόμενος,
710 2583 751 2618 τῷ
766 2585 858 2618 τρόπῳ

75 2626 162 2660 τούτῳ
181 2627 231 2661 τῆς
247 2627 396 2660 Αἰγυπτίας
418 2628 573 2662 τυραννίδος
595 2628 730 2663 ἐλευθεροῖ
744 2629 856 2660 πάντας,

77 2667 113 2696 ὧν
128 2671 160 2697 ἂν
179 2672 193 2697 ὁ
205 2671 282 2704 λόγος
307 2671 468 2706 καθηγῆται.
486 2673 530 2697 ΔΞῖ
546 2672 583 2702 δὲ,
606 2671 691 2706 οἶμαι.
707 2674 769 2705 τοὺς
796 2674 858 2700 ἐπο-

111 2758 132 2773 ¹¹
148 2757 157 2783 Ι
175 2757 236 2784 Cor.
254 2767 282 2789 Ii.
299 2760 339 2786 10.
380 2759 400 2774 "
417 2759 499 2786 Eccli.
518 2767 557 2791 ili,
570 2761 616 2788 2'2.

945 2540 990 2567 Sic
1009 2541 1099 2568 educit
1120 2541 1154 2568 ab
1175 2541 1292 2576 Egypto
1314 2541 1419 2576 Moyses
1441 2541 1579 2575 populum,
1595 2546 1621 2567 et
1635 2542 1694 2576 qui-

909 2594 1015 2620 cunque
1030 2586 1089 2621 ejus
1105 2587 1216 2621 vestigia
1242 2587 1376 2621 sequitur,
1399 2586 1449 2612 lioc
1465 2585 1546 2612 modo
1561 2586 1593 2611 ali
1609 2585 1693 2620 Egy-

909 2632 990 2665 ptiari
1004 2633 1106 2666 peccati
1117 2631 1259 2666 tyrannide
1269 2639 1364 2658 omnes
1373 2631 1478 2662 liberat,
1490 2631 1534 2665 qui
1547 2631 1571 2656 ei
1586 2634 1692 2665 parent.

908 2676 1019 2711 Oportet
1047 2683 1137 2704 autem
1167 2685 1226 2710 nos,
1254 2677 1300 2711 qui
1320 2679 1401 2704 talem
1422 2677 1517 2703 ducem
1542 2676 1692 2710 sequimur.
