1977 3071
291 48 343 75 559

885 47 914 75 S.
937 46 1099 75 GREGORII
1118 45 1262 74 NYSSENI

1863 47 1907 74 360

292 113 342 134 nec
356 105 466 133 omnino
483 113 615 141 pauperes
630 113 703 137 esse,
733 114 784 133 nec
804 106 961 133 divitiarum
991 106 1075 142 Egy-

1130 105 1224 141 μένους
1241 103 1280 139 τῷ
1296 103 1362 139 πρὸς
1376 103 1475 139 ἀρετὴν
1489 103 1640 139 ἡγουμένῳ,
1657 102 1695 138 μὴ
1712 102 1829 137 πένητας
1845 101 1909 130 εἶναι

291 151 329 186 pti
341 156 467 186 expertes
479 171 487 184 ,
510 159 560 179 nec
579 153 719 187 penuriam
734 159 829 179 eorum
846 152 912 187 puti,
933 159 993 186 qua:
1012 153 1079 179 alie—

291 198 397 232 ingenis
412 197 439 223 in
461 198 548 232 pretio
565 203 640 230 sunt,
669 198 716 225 sed
733 202 828 225 mutuo
843 199 876 225 ab
888 198 955 233 ipsis
973 199 1079 233 accipe-

291 250 329 273 re,
361 249 393 269 ac
415 243 486 277 apud
504 251 552 270 nos
570 244 696 270 retinere.
720 243 799 275 Quod
824 249 960 278 prmcepto
976 243 1078 280 Moysis

290 293 355 314 tunc
367 289 394 314 in
409 288 525 323 [Egypto
539 291 654 324 populus
683 290 774 316 facere
786 290 907 326 jubetu.
931 289 1030 317 Verum
1052 291 1078 317 id

291 342 344 360 non
363 339 417 360 tam
444 335 521 362 facile
538 335 692 369 percipiens
721 336 878 370 quisquam,
904 341 1021 363 mentem
1043 336 1079 363 le-

290 380 428 411 gislatoris
441 380 478 406 ita
496 381 671 412 intellexerit,
686 388 717 407 ac
730 383 752 408 si
769 381 815 408 ille
828 381 991 408 defraudare
1007 389 1080 408 man-

290 425 361 451 tiarit
374 425 602 457 rommodantem,
618 431 645 452 et
655 425 688 452 ad
713 425 877 460 injustitiam
897 426 953 452 dux
967 426 1080 453 exstite-

289 470 334 496 rit.
358 470 436 502 Quod
453 475 544 497 tamen
562 471 630 498 velle
644 471 736 498 Mosen
754 479 834 498 nemo
847 476 921 498 recte
930 472 1011 503 dicet,
1030 472 1078 506 qui

290 517 461 550 sequentium
479 517 568 551 legum
587 517 713 550 respiciet
728 517 857 549 indolem,
878 517 990 552 quibus,
1008 518 1080 551 inju-

289 562 328 587 ria
356 562 382 587 in
400 564 551 596 proximum
577 564 678 597 passim
695 567 803 590 vetatur
823 573 829 590 :
847 564 909 591 licet
932 569 1078 591 consenta-

289 613 368 632 neum
386 607 483 633 rationi
496 608 621 634 videatur
639 609 815 642 quibusdam,
831 613 861 636 ut
877 609 927 636 hac
943 609 1079 637 industria

288 652 372 679 Judaei
390 653 475 686 pretia
496 661 544 679 sua
558 654 592 680 ab
606 654 743 689 Egyptiis
761 655 913 689 exigerent.
930 654 989 682 Non
1006 655 1078 682 enim

289 698 379 725 minus
402 699 604 727 committamus
621 701 736 732 crimen,
769 701 792 728 si
814 701 867 728 tale
882 705 1047 736 praeceptum
1064 709 1079 728 a

288 744 429 770 mendacio
445 749 471 771 et
491 744 586 772 fraude
602 753 655 773 non
672 745 852 773 defendamus
865 754 897 774 ac
920 747 1078 774 liberemus.

289 788 355 815 Nam
370 790 416 823 qui
431 791 604 817 commodato
622 791 760 826 quidpiam
772 793 887 827 accepit,
898 800 985 827 neque
1001 800 1077 819 com-

289 836 409 861 modanti
434 843 531 863 rursus
557 837 656 869 reddit,
684 837 706 864 si
732 838 841 872 quidem
867 838 984 865 alienum
1012 838 1078 865 illud

289 881 380 913 fuerit,
399 886 427 908 ut
451 882 583 916 spoliator
607 883 734 916 iujuriam
769 883 859 910 intulit
874 883 949 911 :rsin
965 883 991 910 id
1006 883 1078 918 quod

289 934 367 952 suum
384 932 441 953 erat
455 927 606 956 retinuerit.
620 933 646 954 ιιι
662 927 708 962 qui
730 935 792 954 eum
817 926 954 958 fefellerit.
970 929 1015 963 qui
1031 936 1079 963 spe

290 972 436 1005 recipiendi
454 973 648 1003 commodavit,
680 973 791 1000 omnino
811 974 939 1008 deceptor
963 975 1079 1009 appella-

289 1022 342 1043 tur.
360 1017 572 1044 Convenientior
587 1024 628 1045 est
646 1019 789 1045 sublimior
809 1026 905 1047 sensus
931 1027 964 1046 eo
984 1019 1031 1053 qui
1045 1020 1079 1047 ad

290 1063 405 1089 litteram
427 1065 570 1098 exponenti
597 1065 729 1095 occurrit,
759 1065 837 1099 quasi
855 1065 982 1091 nimirum
1005 1065 1080 1092 Scri-

289 1113 366 1143 ptura
397 1110 500 1144 jubeat,
517 1115 545 1137 ut
572 1111 588 1137 ii
606 1111 651 1145 qui
679 1111 792 1138 honeste
813 1118 845 1137 ac
873 1111 1020 1139 liberaliter
1046 1119 1079 1139 ex

290 1155 390 1182 virtute
405 1156 488 1181 vitam
516 1156 674 1187 instituunt,
695 1156 859 1183 eruditionis
885 1157 1024 1190 gentilium
1038 1157 1080 1183 di-

287 1200 368 1227 vitias
388 1201 439 1228 sibi
453 1207 621 1236 comparent,
640 1202 741 1237 quibus
752 1201 833 1228 alieni
851 1209 867 1227 a
885 1202 937 1229 lide
953 1202 1080 1230 homines

284 1251 473 1274 exornantur:
490 1248 631 1279 moralem,
644 1247 850 1281 naturalemque
867 1247 1078 1282 philosophiam,

286 1292 490 1324 astronomiam,
523 1293 710 1326 geometriam,
742 1292 1081 1330 inusicam,dialecticam,_

288 1341 459 1372 caeterasque
488 1338 631 1369 scientias,
662 1337 763 1372 quibus
790 1338 872 1365 alieni
899 1339 933 1365 ab
958 1338 1080 1366 Ecclesia

274 1382 395 1415 .ﬂorent,
417 1384 540 1417 accipere
556 1383 590 1410 ab
604 1383 668 1415 illis,
685 1391 717 1410 ac
734 1384 795 1411 illos
809 1385 952 1412 abutentes
974 1386 1081 1420 privare

1129 151 1175 178 τοῦ
1189 150 1335 185 Αἰγυπτίου
1350 150 1475 181 πλούτου,
1494 149 1560 185 μηδὲ
1579 149 1633 175 τῶν
1649 148 1804 182 ἀλλοφύλων
1822 157 1909 183 κειμη-

1128 196 1191 222 λίων
1210 196 1385 231 ἀκτήμονας,
1404 195 1470 222 ἀλλὰ
1492 196 1526 222 τὰ
1549 195 1684 230 προσόντα
1707 195 1762 225 τοῖς
1785 194 1909 226 ἐναντίοις

1129 241 1371 275 πάνταηλαὸόντας,
1383 241 1415 267 ἐν
1430 241 1527 276 χρήσει
1545 241 1608 275 παρ’
1625 240 1731 271 ἑαυτοῖς
1750 239 1835 274 ἔχειν·
1847 241 1908 276 ὅπερ

1128 288 1189 314 τότε
1204 287 1315 322 ποιῆσαι
1330 287 1405 322 παρὰ
1415 287 1461 313 τοῦ
1478 287 1615 317 Μωῡσέως
1628 286 1641 312 ὁ
1656 286 1718 317 λαὸς
1730 286 1909 320 παραγγέλλε-

1128 342 1182 360 ται.
1198 333 1282 360 Τοῦτο
1295 333 1322 359 δὲ
1336 333 1386 359 οὐκ
1407 333 1438 359 ἄν
1459 341 1501 364 τις
1519 333 1550 359 ἐκ
1573 332 1620 358 τοῦ
1643 332 1788 368 προχείρου
1803 333 1908 367 νοήσας.

1128 379 1290 412 ἀποδέξαιτο
1305 378 1351 405 τοῦ
1365 378 1509 413 νομοθέτου
1524 378 1573 413 τὴν
1586 377 1707 413 γνώμην,
1716 379 1740 404 εί
1756 379 1910 412 ἀποστερεῖν

1128 427 1191 456 τοὺς
1214 425 1368 460 χρήσαντας
1394 424 1577 458 ἐγκελεύεται.
1591 424 1637 450 καὶ
1650 423 1792 458 ὑφηγητὴς
1810 423 1910 453 ἀδικίας

1129 472 1244 506 γίνεται.
1266 471 1335 497 Ἀλλ’
1358 470 1411 496 οὐδ’
1426 470 1458 496 ἂν
1472 470 1531 496 κατ’
1548 468 1677 503 ἀλήθειάν
1689 477 1730 500 τις
1746 469 1816 494 είποι
1829 468 1910 494 ταῦτα

1129 518 1284 545 διατάσσειν
1308 517 1353 543 τὸν
1376 516 1541 552 νομοθέτην,
1560 516 1628 550 πρὸς
1648 516 1710 546 τοὺς
1731 513 1829 548 ἐφεξῆς
1853 514 1910 549 βλέ-

1130 572 1187 589 πων
1207 563 1315 597 νόμους.
1331 562 1392 592 τοὺς
1408 561 1462 587 ἄνω
1475 561 1522 587 καὶ
1534 560 1608 587 κάτω
1623 560 1671 595 τὴν
1688 559 1758 587 κατὰ
1771 559 1816 586 τοῦ
1833 560 1911 590 πέλας

1129 609 1236 635 ἀδικίαν
1257 607 1419 638 κωλύοντας,
1434 607 1484 633 xiv
1505 615 1561 633 τισι
1584 607 1649 642 δοκῇ
1664 606 1772 640 εΰλογον
1793 604 1862 632 εἶναι
1884 606 1912 631 τὸ

1129 655 1219 690 ἔργον,
1244 654 1278 680 τὰ
1307 653 1470 688 μισθώματα
1494 653 1569 688 παρὰ
1592 652 1646 679 τῶν
1675 652 1828 685 Αἰγυπτίων
1854 653 1912 683 τοὺς

1137 699 1304 735 Ἰσραηλίτας
1322 699 1365 725 διὰ
1379 699 1427 734 τῆς
1444 698 1564 729 ἐπινοίας
1575 698 1677 733 ταύτης
1694 698 1911 733 εἰσπράττεσθαι.

1131 746 1198 773 Οὐδὲ
1223 745 1277 780 γὰρ
1301 743 1381 781 ἦττον
1408 745 1534 780 ἔγκλημά
1553 745 1579 771 τί
1604 746 1677 775 ἐστι,
1698 744 1733 779 μὴ
1754 744 1913 779 καθαρεύειν

1129 793 1242 825 ψεύδους
1251 800 1281 817 τε
1304 792 1351 817 καὶ
1365 791 1472 826 ἀπάτης
1485 791 1515 816 τὸ
1532 790 1651 817 τοιοῦτον
1675 790 1864 825 παράγγελμα.
1887 790 1913 815 '0

1130 839 1184 874 γὰρ
1199 839 1227 864 ὲν
1243 838 1340 873 χρήσει
1358 836 1446 863 λαΰών
1461 845 1498 869 τι,
1514 837 1560 863 καὶ
1582 836 1618 871 μὴ
1632 836 1772 866 ἀποδιδοὺς
1786 835 1866 862 πάλιν
1877 835 1913 870 τῷ

1129 885 1272 920 χρήσαντι,
1293 884 1317 909 εἰ
1341 882 1390 917 μὲν
1418 882 1555 916 ἀλλότριον
1584 883 1637 916 εἴη,
1664 881 1701 912 ὡς
1727 881 1913 915 ἀποστερήσας

1129 930 1272 965 ἠδίκησεν·
1288 930 1311 955 εὶ
1333 929 1361 955 δὲ
1378 929 1407 955 τὸ
1423 928 1519 955 ἑαυτοῦ
1536 928 1660 963 κρατοίη,
1681 928 1719 958 ὡς
1733 926 1915 962 παραλογισά-

1131 985 1211 1011 μενος
1229 976 1274 1002 τὸν
1294 975 1379 1002 ἐλπίδι
1394 974 1439 1001 τοῦ
1455 974 1546 1000 λαϐεῖν
1562 974 1709 1009 χρήσαντα,
1729 973 1836 1004 πάντως
1850 974 1916 999 άπα-

1130 1021 1197 1047 τεὼν
1224 1020 1390 1054 ὠνόμασται.
1420 1019 1523 1046 Οὐκοῦν
1541 1020 1555 1045 ὁ
1574 1019 1736 1054 ὑψηλότερος
1767 1018 1844 1052 λόγος
1867 1018 1915 1052 τῆς

1130 1067 1276 1102 προχείρου
1288 1066 1405 1096 διανοίας
1419 1065 1627 1101 ἁρμοδιώτερος,
1636 1065 1651 1090 ὸ
1665 1064 1783 1090 κελεύων
1795 1064 1859 1094 τοὺς
1872 1063 1914 1089 τὸν

1130 1112 1271 1148 ἐλεύθερον
1293 1112 1347 1146 βίον
1367 1111 1505 1146 μετιόντας
1519 1110 1553 1136 δι’
1568 1110 1678 1145 ἀρετῆς,
1695 1109 1742 1136 καὶ
1757 1109 1802 1135 τὸν
1816 1108 1914 1141 ἔξωθεν

1130 1159 1179 1193 τῆς
1194 1157 1358 1187 παιδεύσεως
1372 1155 1484 1182 πλοῦτον
1502 1155 1766 1190 παρασκευάζεσθαι,
1777 1151 1798 1188 ᾧ
1808 1155 1833 1181 οἱ
1847 1155 1915 1181 κατὰ

1130 1202 1179 1236 τὴν
1201 1202 1290 1227 πίστιν
1311 1201 1454 1235 ἀλλόφυλοι
1481 1199 1704 1231 καλλωπίζονται.
1721 1199 1777 1234 Τήν
1805 1208 1837 1225 τε
1863 1199 1915 1234 γὰρ

1131 1247 1227 1282 ἠθικὴν
1243 1247 1290 1273 καὶ
1313 1246 1429 1281 φυσικὴν
1449 1245 1617 1280 φιλοσοφίαν,
1635 1245 1804 1280 γεωμετρίαν
1824 1253 1854 1271 τε
1870 1244 1916 1270 καὶ

1131 1293 1327 1327 ἀστρονομίαν,
1356 1292 1403 1318 καί
1427 1291 1475 1326 τὴν
1503 1291 1614 1325 λογικὴν
1640 1290 1850 1325 πραγματείαν,
1871 1291 1916 1316 καὶ

1131 1338 1220 1364 πάντα
1236 1338 1285 1363 ὅσα
1304 1337 1379 1371 παρὰ
1394 1338 1450 1368 τοῖς
1464 1337 1516 1369 ἔξω
1526 1337 1574 1371 τῆς
1591 1337 1753 1373 Ἑκκλησίας
1769 1335 1918 1368 σπουδάζει·

1131 1392 1185 1414 ται,
1201 1382 1304 1409 κελεύει
1323 1384 1336 1410 ὁ
1348 1383 1397 1417 τῆς
1413 1383 1513 1417 ἀρετῆς
1537 1382 1741 1418 καθηγούμενος
1765 1383 1842 1418 παρὰ
1865 1383 1918 1408 τῶν

286 1427 310 1454 si
330 1429 460 1463 possibile
482 1433 535 1461 est,
557 1433 584 1456 et
602 1429 630 1456 in
650 1429 777 1457 meliores
793 1438 859 1457 usus
875 1431 1078 1465 transl’erreju-

1131 1429 1166 1455 τὰ
1180 1429 1293 1455 τοιαῦτα
1317 1428 1502 1454 πλουτούντων
1517 1430 1545 1454 ἐν
1560 1428 1689 1463 Αἰγύπτῳ
1707 1428 1822 1455 λαῦόντα
1848 1428 1919 1463 λόγῳ

287 1473 393 1503 bemur,
417 1478 447 1500 ut
461 1482 521 1508 qua:
546 1475 626 1502 nobis
648 1476 710 1502 usui
728 1475 826 1502 futurm
845 1476 911 1507 sint,
935 1484 995 1503 cum
1010 1485 1079 1512 opus

287 1518 370 1544 fuerit
381 1519 599 1554 dit‘inimysterii
617 1521 748 1555 templum
760 1521 803 1547 liis
818 1522 1008 1556 spiritualibus
1024 1523 1080 1557 opi-

287 1563 340 1591 bus
352 1571 497 1592 exornare.
510 1565 561 1598 Qui
576 1566 649 1593 enim
663 1567 731 1593 tales
746 1574 812 1601 opes
828 1567 882 1595 sibi
899 1569 1078 1603 collegerunt,

287 1609 372 1645 Moysi
384 1610 458 1637 circa
471 1611 679 1638 tabernaculum
704 1613 856 1640 testimonii
888 1613 1023 1640 laboranti
1046 1613 1080 1642 de

287 1659 369 1682 rebus
385 1656 443 1683 suis
454 1657 487 1683 ad
501 1662 659 1685 sanctorum
674 1659 908 1686 constructionem
923 1659 1078 1692 conferunt,

286 1702 359 1736 quod
377 1703 525 1729 etiamnum
541 1704 598 1731 fieri
613 1704 748 1732 videmus.
771 1704 848 1731 Militi
865 1704 1005 1740 gentilium
1016 1713 1078 1732 eru-

287 1747 419 1774 ditionem
445 1753 573 1782 tanquam
589 1750 690 1776 donum
714 1750 851 1784 quoddam
869 1750 1000 1786 Ecclesia
1013 1750 1078 1778 olfe-

287 1797 352 1819 runt
376 1802 382 1819 :
403 1794 556 1828 cujusmodi
585 1803 700 1830 magnus
728 1796 774 1823 ille
799 1796 850 1823 fuit
876 1797 1004 1829 Basilius,
1029 1797 1076 1832 qui

286 1846 347 1864 cum
371 1838 514 1874 Egyptias
527 1848 593 1875 opes
615 1841 642 1868 in
669 1842 782 1876 juvenili
803 1846 881 1869 aetate
905 1843 956 1870 sibi
971 1844 1078 1878 egregie

286 1890 483 1919 comparasset,
502 1884 611 1921 Deoque
625 1893 825 1920 consecrasset,
837 1895 932 1915 verum
948 1888 1077 1916 Ecclesia.-

286 1931 494 1959 tubernaculum
505 1931 640 1967 ejusmodi
654 1935 752 1969 opibus
765 1935 918 1963 exornavit.

322 2069 375 2096 Sed
406 2071 548 2098 redeamus
570 2071 650 2102 illuc,
672 2072 745 2100 unde
771 2073 886 2108 digressi
909 2082 1014 2102 sumus.
1037 2076 1076 2102 illi

285 2123 362 2149 ergo,
382 2116 427 2150 qui
443 2117 572 2144 virtutem
595 2117 701 2149 colunt,
726 2123 753 2146 et
780 2119 963 2154 legislatorem
980 2121 1005 2147 in
1023 2122 1078 2148 vita

287 2167 448 2196 sequuntur,
464 2171 525 2190 cum
539 2162 672 2199 Egyptia:
683 2164 798 2192 ditionis
812 2165 881 2192 ﬁnes
897 2166 1076 2198 excesserint,

286 2208 379 2234 multis
407 2209 584 2235 lentationnm
614 2209 772 2238 incursibus
800 2211 976 2242 infestantur,
1004 2211 1078 2238 unde

284 2255 378 2280 inulta)
397 2255 566 2286 aﬂlictiones,
593 2261 712 2283 terrores
736 2261 762 2284 et
791 2257 824 2284 de
851 2258 904 2284 vita
937 2258 1077 2292 periclita-

287 2301 376 2327 tiones
417 2301 554 2331 oriuntur,
583 2302 683 2332 quibus
727 2303 816 2330 territi
844 2311 938 2330 eorum
981 2303 1077 2334 animi,

287 2344 333 2378 qui
362 2353 449 2379 nuper
483 2346 511 2372 in
555 2346 606 2375 fide
633 2347 739 2374 fundati
773 2351 846 2380 sunt,
884 2349 909 2375 iu
950 2348 1080 2382 despera-

287 2391 388 2417 tionem
404 2392 525 2418 omnium
553 2393 686 2419 bonorum
702 2399 830 2428 aguntur.
860 2394 912 2421 Sed
934 2395 956 2422 si
971 2394 1078 2430 Moyses

287 2442 334 2463 aut
350 2437 446 2464 similis
466 2438 600 2472 quispiam
623 2439 714 2473 populi
741 2443 831 2466 rector
861 2440 955 2472 fuerit,
979 2440 1079 2467 terrori

287 2481 432 2508 consilium
463 2487 592 2517 opponet,
610 2491 760 2518 eorumque
780 2484 889 2511 animos
907 2485 1004 2512 timore
1016 2492 1079 2512 cor—

288 2530 381 2560 reptos
402 2526 486 2553 divini
513 2528 606 2554 auxilii
630 2536 678 2562 spe
694 2529 877 2556 confirmabit.
891 2529 920 2556 Id
935 2537 1000 2556 vero
1018 2529 1075 2556 fieri

288 2573 391 2606 nequit,
413 2572 465 2599 nisi
481 2580 529 2599 cor
555 2573 626 2606 ejus.
640 2574 685 2607 qui
710 2575 811 2609 populo
841 2579 949 2609 praeest,
970 2574 1025 2601 Deo
1038 2575 1077 2601 lo-

286 2623 395 2653 quatur.
408 2618 511 2644 Etenim
524 2619 663 2654 plerisque
676 2622 722 2654 qui
736 2621 870 2654 ejusmodi
886 2621 1076 2655 magistratum

285 2669 393 2697 gerunt,
423 2664 449 2690 id
474 2668 579 2691 tantum
608 2673 680 2693 curre
706 2670 758 2697 est,
776 2672 804 2694 ut
821 2667 892 2702 quod
906 2668 1077 2694 extrinsecus

285 2713 407 2744 arparet,
420 2711 489 2736 bene
501 2711 634 2737 sehabeat
649 2720 655 2738 :
672 2719 765 2739 eorum
775 2720 838 2739 vero
847 2721 907 2748 quae
916 2713 1074 2741 abscondita

286 2759 359 2783 sunt.
384 2762 444 2789 qua:
463 2760 479 2780 ξι
494 2755 548 2782 Deo
566 2756 624 2782 solo
651 2762 811 2791 cernuntur,
829 2759 1003 2794 perexiguam
1032 2765 1074 2784 ra-

1132 1476 1256 1511 χρήσεως
1271 1475 1457 1506 ὑποδέξασθαι,
1475 1474 1512 1505 ὡς
1536 1475 1564 1500 έν
1583 1474 1671 1509 καιρῷ
1685 1475 1917 1510 χρησιμευὸντων,

1131 1521 1194 1547 ὅταν
1210 1521 1257 1556 δέῃ
1280 1521 1325 1546 τὸν
1348 1520 1419 1546 θεῖον
1434 1519 1480 1546 τοῦ
1498 1520 1647 1555 μυστηρίου
1667 1519 1730 1545 ναὸν
1743 1519 1788 1545 διὰ
1806 1519 1857 1545 τοῦ
1875 1519 1920 1544 λο-

1132 1566 1210 1601 γικοῦ
1224 1566 1339 1592 πλούτου
1362 1565 1591 1600 καλλωπισοῆναι.
1613 1566 1643 1592 Oi
1665 1565 1720 1599 γὰρ
1739 1565 1783 1591 τὸν
1797 1564 1920 1591 τοιοῦτον

1133 1614 1238 1644 ἑαυτοῖς
1248 1610 1454 1647 θησαυρίζοντες
1466 1610 1588 1642 πλοῦτον,
1601 1610 1766 1646 προσάγουσι
1782 1609 1822 1645 τῷ
1838 1611 1921 1637 Μωῦ-

1133 1661 1174 1685 σεῖ
1185 1659 1247 1693 περὶ
1263 1658 1312 1693 τὴν
1326 1658 1427 1692 σκηνὴν
1437 1657 1484 1683 τοῦ
1501 1656 1648 1692 μαρτυρίου
1660 1657 1783 1683 πονοῦντι
1797 1656 1828 1682 τὸ
1854 1656 1920 1692 παρ’

1132 1704 1228 1731 ἑαυτοῦ
1255 1704 1379 1734 ἕκαστος,
1400 1703 1468 1738 πρὸς
1480 1703 1529 1737 τὴν
1556 1702 1610 1728 τῶν
1636 1702 1722 1736 ἁγίων
1744 1701 1920 1737 κατασκευὴν

1132 1750 1313 1784 συνεισφέρων
1331 1757 1337 1763 ·
1360 1748 1374 1775 ὃ
1391 1749 1423 1783 δὴ
1447 1748 1492 1774 καὶ
1516 1749 1563 1775 νῦν
1579 1748 1652 1774 ἐστιν
1681 1748 1744 1775 ἰδεῖν
1765 1749 1919 1784 γινόμενον.

1131 1795 1225 1821 Πολλοὶ
1248 1795 1296 1829 τὴν
1311 1794 1363 1827 ἔξω
1385 1794 1524 1820 παίδευσιν
1537 1795 1569 1829 τῇ
1593 1794 1660 1820 Θεοῦ
1685 1794 1835 1830 Ἐκκλησία.
1855 1794 1922 1821 καθ-

1131 1833 1202 1876 άπερ
1218 1849 1244 1867 τι
1260 1840 1344 1875 δῶρον
1365 1840 1557 1875 προσάγουσιν.
1580 1838 1636 1871 οἷος
1647 1838 1681 1875 ἦν
1693 1841 1712 1867 ἁ
1730 1840 1815 1875 μέγας
1838 1841 1922 1867 Βασί-

1130 1885 1210 1918 λειος,
1225 1887 1239 1911 ὁ
1249 1885 1338 1916 καλῶς
1351 1884 1395 1911 τὸν
1411 1885 1557 1918 Αίγύπτιον
1577 1884 1689 1911 πλοῦτον
1710 1885 1922 1920 ἐμπορευσάμε-

1130 1941 1184 1963 νος,
1201 1931 1271 1958 κατὰ
1292 1931 1336 1958 τὸν
1353 1931 1402 1965 τῆς
1427 1931 1550 1966 νεότητος
1570 1931 1673 1967 χρόνον,
1688 1932 1734 1958 καὶ
1754 1931 1866 1963 ἀναθεὶς
1882 1931 1921 1966 τῷ

1129 1977 1198 2012 Θεῷ.
1224 1977 1270 2003 καὶ
1292 1977 1331 2011 τῷ
1356 1977 1469 2012 τοιούτῳ
1496 1977 1602 2013 πλούτῳ
1628 1977 1844 2013 κατακοσμήσεις
1869 1978 1921 2012 τὴν

1130 2023 1218 2057 ἁληθῆ
1237 2023 1286 2057 τῆς
1310 2021 1472 2057 Ἑκκλησίας
1484 2023 1596 2057 σκηνήν.

1174 2068 1242 2094 Ἀλλ’
1260 2068 1399 2094 ἐπανιτέον
1418 2068 1477 2094 ὅθεν
1492 2068 1633 2102 ἐξέὸημεν,
1644 2069 1684 2095 ὅτι
1700 2070 1756 2100 τοῖς
1769 2069 1839 2104 πρὸς
1856 2070 1922 2105 ἀρε-

1131 2114 1179 2150 τὴν
1202 2114 1251 2149 ἢδη
1270 2113 1408 2148 βλέπουσι,
1427 2114 1475 2140 καὶ
1493 2114 1531 2148 τῷ
1546 2114 1677 2150 νομοθέτῃ
1692 2115 1761 2142 κατὰ
1782 2116 1832 2150 τὴν
1847 2115 1922 2150 ζωὴν

1132 2160 1294 2194 ἑπομένοις,
1316 2160 1380 2185 ὅταν
1405 2159 1574 2186 καταλίπωσι
1598 2159 1648 2193 τῆς
1676 2159 1729 2186 τῶν
1760 2161 1921 2194 Αἰγυπτίων

1130 2204 1287 2235 δυναστείας
1301 2204 1363 2236 τοὺς
1388 2205 1477 2240 ὅρους,
1502 2204 1712 2230 ἐπακολουθοῦσι
1734 2213 1792 2235 πως
1813 2206 1843 2231 αἱ
1867 2205 1921 2231 τῶν

1131 2250 1290 2286 πειρασμῶν
1301 2250 1456 2286 προσϐολαὶ,
1470 2251 1646 2285 στενοχωρίας
1656 2259 1684 2276 τε
1698 2250 1744 2276 καὶ
1757 2250 1859 2284 φόϐους
1874 2250 1921 2277 καὶ

1129 2297 1192 2328 τοὺς
1203 2298 1266 2332 περὶ
1281 2290 1334 2323 τῶν
1347 2296 1467 2332 ἐσχάτων
1484 2297 1621 2328 κινδύνους
1641 2297 1792 2331 ὲπάγουσαι
1803 2306 1809 2312 ·
1831 2298 1867 2324 δι’
1884 2295 1921 2324 ὢν

1130 2343 1348 2377 καταπτοηθεῖσα
1370 2344 1423 2369 τῶν
1450 2344 1519 2370 κατὰ
1542 2344 1590 2379 τὴν
1618 2344 1708 2370 πίστιν
1734 2345 1882 2378 νεοπαγῶν
1904 2346 1920 2378 ἡ

1129 2390 1242 2421 διάνοια,
1258 2391 1298 2421 εἰς
1315 2390 1432 2424 παντελῆ
1458 2389 1512 2416 τῶν
1538 2389 1648 2423 ἀγαθῶν
1672 2390 1849 2416 ἀνελπιστίαν
1876 2391 1924 2416 ἐκ·

1130 2437 1234 2462 πίπτει.
1255 2436 1324 2461 Ἀλλ’
1338 2437 1361 2462 εἰ
1377 2435 1534 2470 Μωῦσῆς,ή
1552 2444 1593 2467 τις
1605 2435 1659 2462 τῶν
1682 2437 1741 2462 κατ’
1755 2435 1839 2462 αὑτὸν
1861 2436 1923 2462 ἑπι-

1130 2482 1234 2508 στατῶν
1255 2481 1301 2508 τοῦ
1325 2481 1388 2508 λαοῦ
1405 2481 1500 2516 τύχοι,
1521 2482 1674 2517 ἀντιστήσει
1698 2481 1737 2516 τῷ
1764 2481 1843 2516 φόϐῳ
1871 2481 1923 2517 τὴν

1130 2528 1293 2563 συμϐουλὴν,
1310 2529 1342 2563 τῇ
1358 2528 1407 2562 τῆς
1427 2527 1501 2559 θείας
1520 2528 1677 2563 συμμαχίας
1691 2527 1777 2553 ἐλπίδι
1793 2526 1825 2552 τὸ
1851 2536 1922 2553 κατ-

1129 2574 1245 2608 επτηχδς
1267 2575 1316 2608 τῆς
1333 2573 1449 2605 διανοίας
1475 2573 1690 2610 παραθαρσύνων
1701 2594 1707 2605 ,
1723 2574 1790 2609 ὅπερ
1806 2574 1863 2600 οὐκ
1890 2573 1924 2599 ἂν

1129 2620 1241 2653 γένοιτο,
1268 2618 1304 2653 μὴ
1321 2619 1370 2653 τῆς
1389 2619 1500 2653 καρδίας
1519 2619 1564 2645 τοῦ
1583 2620 1780 2655 προεστηκότος
1795 2619 1837 2654 τῷ
1860 2619 1924 2655 θεῷ

1128 2664 1269 2699 λαλούσης.
1289 2664 1350 2695 Τοῖς
1367 2665 1420 2700 γὰρ
1437 2664 1543 2694 πολλοῖς
1562 2664 1615 2691 τῶν
1639 2666 1667 2691 ἐν
1691 2664 1847 2700 προστασίᾳ
1865 2673 1924 2690 τοι-

1129 2709 1196 2745 αύτῃ
1208 2710 1444 2744 προτεταγμένων,
1458 2710 1487 2736 τδ
1503 2711 1673 2745 φαινόμενον,
1685 2710 1773 2745 μόνον,
1791 2711 1871 2742 ὅπως
1890 2711 1924 2738 ἂν

1129 2754 1157 2782 εὖ
1182 2755 1326 2790 διατεθείη,
1343 2754 1534 2785 σπουδάζεται·
1550 2756 1604 2782 τῶν
1625 2756 1652 2782 δὲ
1674 2755 1889 2791 κεκρυμμένων,
1907 2756 1926 2783 ἃ
