1977 3071
107 106 156 134 361

108 210 136 235 δὲ
150 208 196 234 τοῦ
220 208 359 240 Μωῦσέως
375 209 424 243 οὐχ
447 208 534 240 οὕτως
552 206 586 244 ἦν
602 217 608 224 ·
625 208 681 235 ἀλλ’
696 209 725 234 ἐν
739 205 762 242 ᾧ
782 208 892 243 θαρσεῖν

109 255 164 285 τοῖς
191 254 373 288 Ἰσραηλίταις
397 254 592 286 διακελεύεται,
619 254 751 289 μηδεμίαν
774 253 845 280 κατὰ
862 253 893 280 τδ

108 298 269 333 φαινόμενον
293 299 384 334 φωνὴν
403 299 471 333 πρὸς
488 299 533 325 τὸν
546 298 612 325 Θεὸν
626 298 816 333 ποιησάμενος,
828 297 892 333 βοᾷν

109 343 172 378 παρ’
187 342 269 368 αὑτοῦ
290 343 337 368 τοῦ
354 342 421 368 Θεοῦ
448 343 639 378 μαρτυρεῖται·
656 342 836 373 διδάσκοντος,
852 340 892 368 οἶ-

109 397 169 422 μαι,
184 387 231 413 τοῦ
246 387 335 421 λόγου,
350 387 390 413 ὅτι
403 387 499 422 εὖηχός
516 388 589 413 ἐστιν
602 386 692 421 ἐκείνη
708 388 724 422 ἡ
741 387 828 422 φωνὴ,
845 387 892 413 καὶ

109 433 189 468 μέχρι
205 433 255 468 τῆς
271 433 345 464 θείας
364 433 545 459 ἀναὸαίνουσα
561 432 656 467 ἀκοῆς,
670 433 717 467 οὐχ
733 434 746 467 ἡ
766 432 835 467 μετά
852 441 891 458 τι·

106 487 150 510 νος
160 478 308 510 διατάσεως
323 479 450 514 γινομένη
474 479 590 514 κραυγὴ,
604 477 686 514 ἀλλ’ἢ
697 478 750 504 ἀπὸ
769 478 892 514 καθαρᾶς

108 524 285 559 συνειδήσεως
311 523 526 558 ἀναπεμπομένη
549 522 706 558 ὲνῦύμησις.
723 523 768 558 Τῷ
794 523 822 550 δὲ
844 523 891 550 οἷ’)-

106 578 160 600 τως
179 569 266 603 ἔχοντι
289 569 386 604 μικρὸς
400 568 449 604 ἥδη
465 569 532 604 πρὸς
547 568 702 604 συμμαχίαν
713 568 766 595 τῶν
783 568 891 604 νομιζο-

109 614 196 649 μένων
219 613 331 647 ἀγώνιον
356 615 370 640 ό
391 614 502 648 ἀδελφὸς
526 614 742 649 καταφαίνεται,
762 615 864 646 ἐκεῖνος
877 615 892 641 6

106 658 229 692 ἀδελφὸς,
239 660 253 684 ό
268 658 387 684 κατιόντι
398 658 465 694 πρὸς
477 658 649 692 Αἰγυπτίους,
661 659 730 686 κατά
748 659 817 686 θεῖον
831 658 892 694 βού-

106 703 191 737 λημα,
207 703 245 738 τῷ
260 703 372 729 Μωῦσεῐ
393 704 572 737 συναντήσας,
585 703 614 730 ὃν
629 705 668 735 εἰς
685 704 800 738 ἀγγέλου
815 704 891 736 τάξιν

106 749 120 775 ό
135 749 212 782 λόγος
226 749 346 784 ἐνόησεν,
366 749 446 776 Ἀλλὰ
459 749 520 775 τότε
542 749 646 783 γίνεται
664 749 713 785 τῆς
725 750 890 785 ὑπερκειμέ-

106 802 155 829 νης
177 794 283 828 φύσεως
299 795 315 829 ἡ
332 795 473 829 ὲμφάνεια,
489 794 576 826 οὕτως
591 795 788 830 ἐμφαινομένη,
799 795 889 827 καθὼς

787 103 831 131 DE
848 103 926 131 VITA
938 102 1062 131 MOYSIS

110 164 183 198 μόνῳ
194 162 232 197 τῷ
247 162 306 197 Θεῷ
330 162 488 198 καθορᾶται,
500 163 588 196 ὀλίγος
607 162 711 197 γίνεται
728 162 816 196 λόγος.
831 161 887 188 Ἐπὶ

945 161 1046 189 tionem
1063 160 1174 188 habent.
1191 161 1226 188 At
1249 161 1356 196 Moyses
1376 168 1429 188 non
1448 161 1484 188 ita

1675 105 1728 132 362

1515 170 1521 188 :
1543 160 1590 188 sed
1605 160 1668 188 dum
1689 160 1728 188 ls-

943 206 1056 233 raelitas
1100 205 1172 233 bono
1198 208 1290 233 animo
1316 213 1377 233 esse
1388 206 1480 240 jubet,
1499 205 1609 233 tametsi
1624 205 1725 232 nullam

942 249 1064 277 exterius
1081 256 1174 276 vocem
1191 250 1260 284 apud
1276 248 1358 276 Deum
1383 249 1517 284 proferat,
1529 250 1661 278 divinitus
1674 250 1726 278 sibi

941 295 1044 321 dictum
1057 294 1181 326 allirmat,
1199 303 1208 320 ι
1223 294 1292 327 Quid
1306 299 1335 321 tu
1351 295 1384 321 ad
1397 303 1440 322 me
1456 296 1577 323 clamas?
1596 306 1605 322 ι
1623 296 1726 328 Quam-

944 340 1035 366 obrem
1054 343 1154 372 manet,
1172 343 1201 366 ut
1219 347 1270 374 ego
1289 340 1418 372 arbitror,
1439 347 1566 367 sonoram
1578 349 1638 368 esse
1651 341 1725 368 illatn

941 392 1047 416 vocem.
1063 389 1091 412 et
1107 393 1193 420 usque
1207 385 1240 412 ad
1257 385 1363 412 divinas
1376 393 1457 413 aures
1470 386 1657 420 magnitudine
1674 394 1724 413 sua

942 429 1092 464 pervenire,
1112 437 1173 465 quae
1193 437 1249 457 non
1265 430 1438 457 contentione
1452 430 1595 462 clamoris,
1611 431 1656 457 scd
1674 438 1726 465 pu-

942 476 1024 502 ritate
1037 475 1128 502 cordis
1141 483 1190 503 sua
1215 475 1392 503 meditatione
1415 475 1578 510 concipitur.
1589 474 1620 502 Ei
1635 479 1725 502 autent

941 522 987 556 qui
1005 522 1046 548 sic
1058 521 1091 548 ad
1104 521 1248 548 Dominum
1262 526 1332 552 orat.
1346 528 1459 555 parvum
1468 520 1524 555 jam
1534 520 1617 548 frater
1629 518 1726 548 alTerre

942 567 1072 594 auxilium
1088 575 1167 602 posse
1181 567 1299 594 videtur.
1310 566 1406 594 Frater
1419 567 1482 594 dico
1494 567 1538 594 ille
1549 566 1596 601 qui
1611 566 1726 593 descen-

942 613 1016 640 denti
1032 620 1047 639 a
1062 617 1151 639 monte
1176 611 1272 647 Moysi,
1303 611 1359 639 Deo
1378 612 1414 638 ita
1431 612 1604 647 disponente,
1618 611 1724 638 obviam

942 658 1032 685 fuerat
1055 665 1226 693 progressus,
1246 665 1327 692 quem
1350 657 1480 685 divinitus
1504 658 1597 684 datum
1622 657 1723 684 homini

942 704 1067 739 angelum
1085 703 1215 731 diximus.
1235 702 1287 730 Sed
1308 703 1343 731 ab
1366 704 1426 738 ipso
1442 703 1497 731 Deo
1513 703 1626 730 ntirillce
1646 711 1661 730 a
1681 707 1724 739 ty-

942 749 1036 776 rannis
1050 756 1081 775 ac
1101 749 1188 776 hostis
1210 748 1321 776 humani
1336 750 1444 784 generis
1475 748 1582 776 insidiis
1599 748 1725 776 homines

942 797 1084 822 eruuntur.
1098 793 1167 820 Tum
1181 801 1243 821 vero
1252 793 1350 821 divina:
1365 798 1469 821 natura;
1480 801 1540 821 sese
1551 794 1641 828 prodit
1653 801 1723 829 prae-

108 839 142 866 ἃν
167 841 242 875 χωρῇ
259 840 289 866 τὸ
312 840 472 875 δεχόμενον·
494 840 508 866 ὃ
523 840 554 876 δὴ
583 841 630 867 καὶ
647 840 706 867 τότε
729 840 887 876 γεγενῆσθαι

942 839 1038 870 sentia,
1054 846 1115 872 qua:
1134 838 1174 865 sic
1185 843 1307 873 apparet,
1335 843 1363 865 ut
1375 846 1470 874 capere
1495 843 1584 873 potest
1605 838 1631 866 id
1651 839 1725 873 quod

106 884 183 919 παρά
201 885 250 919 τῆς
277 885 394 920 ἱστορίας
417 885 562 921 ἀκούομεν,
582 886 630 912 καὶ⁸
647 886 733 912 εἰσαεὶ
758 886 889 920 γίνεσθαι,

107 929 183 964 παρὰ
198 929 248 964 τῆς
261 930 308 956 τοῦ
319 930 397 964 λόγου
409 930 525 966 θεωρίας
543 931 722 966 μανθάνομεν.
742 931 825 958 Ὅταν
837 931 892 967 γὰρ

107 975 196 1010 φεύγῃ
206 984 247 1007 τις
262 976 308 1002 τὸν
333 976 487 1009 Αίγύπτιον,
500 977 546 1003 καὶ
561 976 612 1008 ἔξω
627 977 680 1004 τῶν
693 977 764 1012 ὅρων
779 976 892 1012 γενόμε-

106 1028 161 1051 νος,
181 1021 248 1056 πρὸς
270 1020 319 1052 τὰς
343 1021 492 1056 προσϐολὰς
505 1022 558 1048 τῶν
580 1023 737 1057 πειρασμῶν
753 1022 889 1058 δειλιάσῃ·

106 1065 208 1092 ἀνωθεν
223 1066 272 1101 τὴν
287 1067 319 1093 ὲκ
335 1067 490 1101 παραλόγου
505 1068 640 1103 σωτηρίαν
652 1069 666 1094 ό
677 1068 771 1103 ὁδηγδς
785 1068 891 1094 ὑποδεί-

105 1119 201 1139 κνυσιν
230 1112 294 1138 εταν
310 1111 579 1148 περιστοιχισάμενος
597 1115 611 1139 ό
626 1113 720 1148 ἐχθρὸς
741 1114 776 1148 τῇ
794 1113 889 1140 ἑαυτοῦ

105 1155 218 1190 δυνάμει
246 1156 291 1182 τὸν
309 1156 490 1191 διωκόμενον,
514 1157 598 1192 βατὴν
617 1158 661 1183 ὑπ’
675 1157 796 1192 ἀνάγκης
817 1157 891 1193 αὐτῷ

105 1201 297 1237 κατασκευάσῃ
311 1201 359 1237 τὴν
373 1202 519 1234 θάλασσαν,
533 1203 572 1234 εἰς
586 1203 620 1238 ἣν
631 1202 791 1238 καθηγεῖται
805 1203 819 1229 ὁ
834 1204 891 1239 ὁδη-

104 1246 151 1279 γὺς
165 1247 178 1281 ἡ
194 1247 291 1282 νεφέλη
316 1248 405 1274 (τοῦτο
419 1248 472 1283 γὰρ
494 1249 579 1283 ὄνομα
600 1248 639 1283 τῷ
655 1249 806 1284 ὀδηγοῦντι,
822 1250 891 1284 ὅπερ

105 1292 194 1324 καλῶς
215 1294 272 1324 τοῖς
293 1293 346 1329 πρὸ
370 1294 448 1329 ἡμῶν
464 1295 504 1326 είς
519 1295 568 1329 τὴν
581 1295 627 1322 τοῦ
639 1295 716 1329 ἁγίου
735 1295 890 1330 Πνεύματος

107 1338 262 1373 μετελήφθη
291 1339 399 1374 χάριν)·
416 1341 480 1374 παρ’
502 1336 532 1366 οὗ
560 1340 662 1374 γίνεται
689 1342 745 1371 τοῖς
770 1340 855 1373 ἀξίοις
873 1341 890 1375 ἡ

105 1384 174 1419 πρὸς
199 1384 230 1410 τὺ
257 1385 359 1418 ἀγαθὸν
376 1385 486 1420 όδηγὶα·
502 1382 523 1419 ᾧ
547 1394 588 1417 τις
609 1386 748 1420 ἑπόμενος,
761 1386 791 1412 τὸ
818 1385 890 1421 ὕδωρ

104 1428 248 1461 διέξεισιν,
265 1429 449 1461 ὁδοποιοῦντος
475 1429 525 1464 τὴν
548 1429 581 1456 δι’
598 1429 679 1456 αὐτοῦ
706 1431 817 1465 πορείαν
842 1429 888 1456 τοῦ

105 1474 255 1522 ἡγουμένου
269 1482 276 1490 ·
291 1474 323 1500 δι’
338 1472 367 1501 οὗ
382 1475 486 1508 γίνεται
503 1475 533 1501 τὸ
547 1475 666 1508 ἀσφαλὲς
681 1476 713 1510 τῇ
737 1475 887 1512 ἐλευθερίᾳ,
903 1499 924 1527 C

103 1517 149 1544 τοῦ
176 1518 222 1544 επὶ
237 1518 343 1554 δουλείᾳ
366 1518 589 1552 καταδιώκοντος,
607 1520 835 1555 ὲναφανιζομένου
849 1521 888 1555 τῷ

104 1562 191 1590 ὕδατι.
208 1563 254 1595 Τίς
278 1563 332 1598 γὰρ
360 1564 409 1589 οὐκ
431 1562 516 1596 οἶδεν,
538 1565 579 1591 ὃτι
604 1565 718 1599 στρατὸς
739 1565 888 1599 Αίγύπτιός

103 1608 160 1634 ἐστι
177 1608 211 1635 τὰ
226 1609 334 1636 ποικίλα
352 1609 402 1644 τῆς
415 1609 503 1645 ψυχῆς
522 1609 606 1646 πάθη,
625 1608 665 1642 οἷς
677 1611 887 1638 καταδουλοῦται

102 1653 117 1679 δ
132 1653 289 1688 ἀνθρωποςς
305 1655 416 1681 Ἐκεῖνοι
430 1655 455 1681 οἱ
471 1656 654 1686 ῐπποι,ὲκεϊνα
662 1656 696 1683 τὰ
709 1656 828 1692 ἀρματα,
840 1657 888 1683 καὶ

102 1699 128 1724 οἱ
143 1699 185 1724 ἐπ’
196 1699 284 1726 αὐτῶν
297 1700 437 1731 ἀναϐάται,
451 1702 567 1734 τοξόται,
585 1702 632 1729 καὶ
649 1702 832 1737 σφενδονῆται,
841 1703 886 1728 καὶ

102 1745 270 1780 ὁπλομάχοι,
288 1746 333 1772 καὶ
359 1747 373 1773 ὁ
396 1746 488 1778 λοιπὸς
503 1747 595 1782 ὅμιλος
621 1747 672 1782 τῆς
701 1747 756 1774 τῶν
781 1747 887 1783 ἐχθρῶν

103 1791 290 1826 παρατάξεως.
307 1792 339 1818 Τί
354 1792 408 1828 γὰρ
424 1793 456 1819 ἂν
469 1801 510 1824 τις
523 1793 658 1828 διαφέρειν
675 1793 746 1820 είποι
763 1793 825 1824 τοὺς
838 1793 885 1819 ου-

103 1836 202 1870 μώδεις
215 1837 270 1862 τῶν
291 1837 437 1872 λογισμῶν,
449 1838 466 1873 ἢ
478 1839 526 1869 τὰς
546 1839 613 1873 πρὸς
623 1838 720 1874 ἡδονήν
732 1847 761 1864 τε
774 1839 820 1865 καὶ
838 1839 885 1865 λύ-

102 1890 156 1916 πην
166 1882 211 1908 καὶ
225 1882 378 1914 πλεονεξίαν
388 1884 486 1918 ὁρμὰς,
499 1885 548 1919 τῆς
563 1885 793 1919 μνημονευθείσης
805 1893 886 1920 στρα-

100 1928 162 1958 τιᾶς
173 1948 180 1960 ,
197 1927 276 1958 Amo;
301 1928 429 1964 ἄντικρυς
453 1929 506 1955 ἀπὸ
522 1929 664 1964 σφενδόνης
678 1930 752 1956 ἐστὶν
767 1930 783 1965 ἡ
799 1929 885 1956 λοιδος

102 1972 158 2008 pia,
176 1972 223 1999 καὶ
249 1972 332 2007 λόγχη
355 1973 404 2008 τὴν
427 1975 528 2008 αἰχμὴν
553 1974 709 2001 ἐπισείουσα
725 1975 741 2010 ὴ
757 1975 884 2011 θυμώδης

100 2018 172 2052 ὁρμή
183 2017 226 2043 ’τὺ
241 2017 269 2044 δὲ
283 2018 347 2053 περὶ
361 2017 409 2049 τὰς
420 2019 515 2053 ἡδονὰς
528 2019 622 2050 πάθος,
632 2021 655 2046 οι
671 2020 748 2046 ἵπποι
758 2021 883 2047 νοείσθω-

101 2070 161 2093 σαν,
176 2062 281 2097 ἀσχέτῳ
300 2064 353 2089 τινὶ
373 2064 444 2098 ὁρμῇ
460 2064 488 2090 τὺ
508 2064 582 2099 ἅρμα
606 2065 639 2091 δι’
651 2065 754 2092 ἑαυτῶν
770 2065 882 2100 ἐφελκό-

101 2115 176 2140 μενοι
189 2125 196 2137 ,
211 2107 240 2132 ἐν
254 2103 275 2139 ᾦ
287 2108 311 2132 ol
325 2108 397 2142 τρεῖς
408 2107 546 2139 ἐπιϐάται,
562 2108 608 2140 οὒς
620 2110 766 2144 τριστάτας
780 2111 882 2146 ὀνομά-

941 891 1000 911 eam
1016 884 1121 918 recipit.
1137 883 1194 911 Hoc
1220 885 1312 918 utique
1330 888 1386 911 tum
1408 884 1539 912 accidisse
1561 891 1593 911 ex
1610 884 1725 911 historia

941 927 1079 960 audimus.
1097 932 1122 954 et
1154 932 1283 962 perpetuo
1300 928 1358 955 ﬁeri
1373 936 1405 955 ex
1419 928 1554 963 spirituali
1581 936 1663 956 sensu
1683 928 1725 956 di-

941 974 1055 1001 scimus.
1069 973 1136 1000 Naut
1151 974 1198 1008 qui
1217 973 1365 1009 )Egyptum
1381 973 1498 1009 fugiens,
1516 973 1658 1009 Egyptios
1667 973 1724 1009 jam

941 1020 1008 1046 lines
1023 1019 1074 1046 ﬁde
1087 1019 1221 1051 transivit,
1237 1020 1261 1047 si
1271 1021 1451 1047 tentationutn
1471 1023 1567 1047 aestum
1589 1019 1724 1047 extimue-

941 1065 987 1098 rit,
998 1065 1032 1092 ab
1047 1065 1106 1100 ipso
1121 1065 1173 1093 Deo
1185 1065 1327 1100 petendam
1342 1073 1403 1093 esse
1419 1065 1471 1093 sibi
1484 1066 1610 1097 salutem.
1625 1073 1640 1093 a
1655 1065 1725 1094 duce

942 1109 1096 1137 instruitur.
1107 1109 1174 1137 Cum
1189 1112 1261 1138 enim
1285 1110 1405 1146 undique
1419 1112 1606 1138 circumdatus
1620 1111 1723 1138 inimici

940 1156 1044 1182 viribus
1057 1155 1102 1187 sit,
1131 1160 1196 1182 tunc
1215 1157 1371 1183 necessario
1386 1158 1452 1192 (non
1466 1156 1540 1184 enim
1555 1157 1636 1184 datur
1652 1157 1724 1185 alius

940 1202 1040 1235 exitus)
1070 1209 1145 1228 mare
1160 1202 1290 1229 divinitus
1315 1202 1353 1229 ita
1380 1202 1523 1234 scinditur.
1539 1206 1569 1229 ut
1585 1210 1632 1238 per
1657 1203 1722 1230 illud

941 1246 1080 1273 ambulare
1096 1247 1182 1281 possit
1198 1247 1231 1278 ³⁸,
1259 1247 1291 1274 ad
1311 1247 1384 1282 quod
1400 1248 1486 1275 nubes
1500 1248 1509 1282 (
1523 1248 1549 1274 id
1573 1249 1644 1275 enim
1659 1249 1723 1276 duci

926 1303 932 1309 ν
940 1292 1050 1326 nomen)
1063 1291 1145 1319 ductu
1153 1299 1202 1319 suo
1213 1291 1330 1324 deducit,
1344 1300 1397 1327 qua
1403 1292 1512 1327 quidem
1524 1293 1596 1320 nube
1604 1292 1723 1328 Spiritus

940 1338 1027 1363 sancti
1038 1337 1152 1371 gratiam
1171 1336 1248 1363 multi
1263 1337 1345 1364 etiam
1357 1342 1419 1365 ante
1429 1345 1479 1365 nos
1494 1338 1641 1373 significari
1651 1344 1724 1367 recte

939 1387 1132 1410 asscverarunt
1149 1391 1155 1408 ε
1174 1389 1189 1408 a
1201 1382 1300 1416 spiritu
1315 1383 1387 1410 enitn
1396 1383 1429 1410 ad
1442 1383 1541 1411 bonum
1552 1384 1723 1419 redueitnur;

939 1427 1065 1462 spiritum
1079 1428 1126 1462 qui
1155 1427 1305 1462 sequimur,
1319 1435 1417 1462 aquatn
1435 1429 1644 1463 pertransimus.
1662 1430 1723 1464 Spi-

940 1472 1010 1500 ritus
1025 1473 1076 1500 iter
1086 1473 1119 1499 ad
1135 1480 1164 1500 se
1178 1480 1225 1507 per
1238 1479 1335 1508 aquam
1345 1474 1597 1508 prteparat;spiritu
1612 1474 1723 1502 libertas

940 1520 1126 1550 conﬁrmatur,
1153 1519 1266 1554 spiritus
1279 1519 1313 1549 is.
1330 1519 1377 1554 qui
1391 1527 1440 1546 nos
1456 1519 1483 1546 in
1496 1520 1652 1547 servitutem
1668 1524 1724 1547 tra-

939 1563 1003 1590 here
1028 1569 1152 1596 eonatur,
1183 1571 1253 1599 aqua
1280 1564 1439 1591 conteritur.
1469 1565 1533 1592 Haec
1562 1565 1609 1600 qui
1634 1566 1720 1596 audit,

938 1616 1014 1643 aqua:
1028 1613 1230 1635 sacramentum
1253 1616 1306 1636 non
1337 1609 1481 1643 ignorabit,
1495 1609 1521 1636 in
1539 1618 1619 1645 quam
1635 1611 1722 1638 ﬁdelis

938 1662 999 1681 cum
1025 1654 1152 1681 universo
1174 1654 1260 1682 nostri
1287 1654 1375 1681 hostis
1396 1654 1565 1682 descendens
1586 1656 1721 1690 exercitu,

937 1701 1012 1727 solus
1028 1700 1141 1735 emergit
1156 1699 1228 1731 inde,
1244 1700 1370 1730 hostibus
1388 1700 1506 1728 detentis
1518 1706 1598 1736 atque
1609 1709 1723 1737 oppres-

937 1745 976 1773 sis
991 1753 1070 1779 aqua.
1089 1745 1156 1777 Quis
1173 1745 1245 1772 enim
1266 1752 1319 1772 non
1333 1745 1409 1772 novit
1422 1753 1507 1780 equos
1521 1745 1720 1781 Egyptiorum,

936 1791 1104 1825 sagittarios,
1122 1790 1284 1821 funditores.
1298 1794 1429 1822 annales,
1443 1790 1548 1824 equites
1561 1798 1593 1818 ac
1605 1791 1720 1826 pedites,

935 1843 1046 1867 currus,
1073 1836 1285 1869 universumque
1314 1835 1435 1870 ipsorum
1453 1836 1613 1869 potentiam,
1629 1837 1720 1864 varias

934 1888 995 1908 esse
1008 1881 1091 1907 animi
1116 1881 1267 1915 passiones,
1287 1879 1388 1914 quibus
1401 1880 1525 1907 servituti
1539 1881 1620 1908 ltomo
1634 1882 1720 1917 subji-

934 1925 1024 1953 citur?
1037 1924 1107 1957 Quid
1134 1925 1207 1952 enim
1224 1925 1260 1951 ab
1273 1925 1319 1952 illo
1335 1924 1524 1960 Egyptiorum
1547 1927 1667 1954 exercitu
1681 1927 1719 1955 ita

932 1971 1016 1999 ellusa
1030 1971 1155 2005 voluptas
1178 1970 1317 2003 ell‘renata,
1333 1971 1412 1999 dolor
1436 1972 1641 2008 immoderatus,
1655 1982 1718 2001 ava-

932 2016 1006 2049 ritia,
1022 2015 1129 2043 foeditas
1143 2015 1249 2043 dilIert?
1273 2016 1353 2051 Lapis
1366 2020 1407 2044 est
1429 2017 1501 2044 baud
1516 2018 1597 2046 dubie
1616 2020 1718 2048 missus

932 2061 1014 2088 funda
1028 2060 1202 2092 contumelia,
1218 2065 1246 2088 et
1277 2060 1355 2088 hasta
1378 2061 1518 2096 cuspidem
1542 2062 1652 2091 vibrans
1674 2067 1718 2092 est

932 2106 1049 2141 impetus
1062 2106 1209 2134 iracundia;
1225 2116 1232 2133 :
1248 2106 1332 2134 libido
1342 2111 1431 2134 autem
1445 2113 1471 2135 et
1493 2109 1628 2143 cupiditas
1640 2110 1717 2136 volu-

99 2151 141 2183 ζει
162 2152 178 2185 ἡ
198 2151 313 2186 ἱστορία.
332 2152 448 2187 Νοήσεις
468 2152 496 2178 δὲ
517 2153 581 2184 τοὺς
597 2155 670 2188 τρεῖς
687 2155 798 2187 τούτους
813 2156 879 2182 πάν-

937 2156 1035 2187 ptatum
1054 2152 1240 2187 intelligantur
1253 2153 1316 2187 equi
1339 2152 1472 2180 ell'renato
1482 2154 1600 2188 quodam
1614 2155 1715 2191 impetu

96 2205 161 2227 τως,
177 2197 240 2227 τοὺς
252 2197 416 2232 φερομένους
427 2198 479 2224 ὑπὸ
491 2198 537 2224 τοῦ
551 2199 682 2234 ἅρματος,
694 2201 881 2236 προδιδαχθεὶς

97 2243 127 2269 ὲν
140 2242 179 2277 τῷ
198 2243 267 2269 κατὰ
281 2244 344 2275 τοὺς
363 2244 499 2277 σταθμοὺς
512 2245 558 2271 καὶ
568 2245 617 2280 τὴν
632 2246 712 2280 φλιὰν
728 2248 879 2283 μυστηρίῳ,

95 2289 148 2322 τὴν
160 2289 276 2324 τριμερῆ
289 2289 337 2323 τῆς
347 2289 435 2324 ψυχῆς
448 2289 590 2325 διαίρεσιν,
604 2292 645 2323 είς
658 2291 689 2318 τὸ
699 2291 818 2326 λογικὸν,
832 2294 880 2320 καὶ

96 2333 303 2368 ἐπιθυμητικὸν,
318 2334 365 2360 καὶ
389 2333 527 2368 θυμοειδὲς
545 2335 714 2371 ἀναπέμπων
734 2337 764 2364 τὸ
779 2338 877 2374 νόημα.

105 2455 107 2457 ι
131 2423 224 2449 Ταῦτα
234 2420 280 2450 οὖν
296 2423 393 2455 πάντα,
406 2425 452 2451 καὶ
460 2425 510 2451 ὅσα
522 2425 625 2458 τούτοις
640 2427 770 2462 ὁμόφυλα.
780 2428 819 2463 τῷ
832 2436 880 2454 κα-

94 2469 257 2505 θηγουμένῳ
285 2470 334 2505 τῆς
364 2472 485 2506 πονηρᾶς
514 2472 609 2506 ἐφόδου
641 2463 880 2510 συνεισπίπτει

101 2513 254 2549 Ἰσραηλίτῃ
269 2515 315 2540 ἐπὶ
328 2514 358 2540 τὸ
371 2514 455 2550 ὕδωρ·
476 2516 518 2550 ἐφ’
532 2514 569 2542 ὧν
583 2517 599 2550 ἡ
615 2516 661 2542 τοῦ
674 2517 768 2548 ὓδατος
781 2517 862 2551 φύσις
871 2537 879 2548 ,

93 2559 249 2594 ἡγουμένης
267 2560 316 2595 τῆς
335 2560 405 2587 κατὰ
428 2562 477 2595 τὴν
498 2561 651 2596 βακτηρίαν
674 2562 792 2594 πίστεως
805 2582 812 2594 ,
832 2564 879 2590 καὶ

92 2604 144 2638 τῆς
167 2604 335 2639 φωτιζούσης
349 2605 463 2639 νεφέλης
473 2625 480 2637 ,
497 2605 626 2639 ζωοποιδς
643 2607 692 2642 μὲν
707 2608 810 2641 γίνεται
824 2608 878 2635 τῶν

93 2650 134 2676 είς
157 2649 242 2683 αὐτὴν
262 2650 502 2683 καταφευγόντων,
523 2651 681 2687 ἀναιρετικὴ
696 2652 724 2679 δὲ
746 2653 800 2679 τῶν
817 2652 878 2679 διω-

93 2693 206 2720 κόντων.
223 2694 294 2729 Πρὸς
306 2693 324 2720 ἃ
334 2694 453 2722 παιδεύει
464 2695 510 2723 διὰ
521 2696 624 2724 τούτων
637 2698 654 2732 ή
670 2697 774 2733 ἱστορία
783 2718 790 2731 ,
804 2698 877 2729 οἴους

123 2785 146 2800 ⁸·
167 2783 250 2810 Exod.
271 2790 329 2814 xttl,
348 2783 391 2810 Η.

247 2831 381 2861 Paeon.
396 2831 457 2862 Gtt.
478 2832 588 2864 XLIV.

931 2205 981 2232 per
999 2205 1029 2225 se
1060 2205 1170 2225 currum
1197 2197 1348 2228 trahentes.
1373 2197 1400 2224 in
1414 2205 1468 2232 quo
1490 2203 1546 2226 tres
1568 2200 1673 2234 equites
1683 2208 1716 2228 ac

930 2242 1086 2275 bellatores,
1107 2249 1176 2277 quos
1193 2242 1314 2269 tristatas
1333 2244 1450 2278 appellat
1470 2245 1593 2278 historia,
1617 2246 1715 2280 quibus

929 2289 1092 2323 tripertitam
1103 2287 1187 2315 animi
1203 2291 1362 2326 potestatem
1379 2288 1492 2324 intelligi
1504 2290 1651 2322 credimus,
1664 2299 1716 2318 ra-

929 2332 1057 2360 tionalem
1070 2332 1186 2365 scilicet,
1203 2332 1453 2367 concupiscibilem,
1472 2333 1647 2367 irascibilem,
1665 2335 1714 2364 bas

929 2382 986 2405 tres
1005 2378 1139 2412 potentias
1153 2377 1324 2413 depravatas.

968 2423 1033 2456 Qua:
1048 2423 1139 2450 omnia
1153 2430 1301 2458 eorumque
1316 2424 1403 2452 all‘inia
1423 2432 1484 2452 cum
1499 2425 1569 2453 duce
1583 2433 1633 2453 suo
1648 2435 1712 2460 una,

932 2469 1036 2496 scilicet
1050 2477 1112 2496 cum
1129 2468 1212 2500 ﬁdeli,
1229 2468 1256 2495 in
1272 2477 1369 2502 aquam
1392 2469 1562 2505 baptismatis
1579 2472 1713 2505 incidunt;

931 2519 1027 2541 natura
1043 2522 1107 2542 vero
1131 2522 1217 2549 aquae,
1237 2515 1405 2547 praecedente
1428 2515 1502 2550 virga
1520 2515 1580 2543 lidei
1596 2522 1624 2543 ct
1638 2520 1712 2550 pote-

930 2565 1002 2588 state
1029 2560 1208 2588 illuminantis
1241 2560 1421 2595 ducentisque
1454 2561 1569 2591 nebula‘.
1599 2561 1712 2596 spiritus

931 2606 1056 2633 videlicet
1072 2606 1169 2637 sancti,
1191 2605 1315 2633 ﬁdelibus
1328 2606 1437 2640 quidem
1451 2606 1497 2641 qui
1514 2607 1547 2634 ad
1561 2614 1620 2634 eam
1636 2607 1712 2634 refu-

931 2653 1018 2687 giunt.
1031 2653 1114 2679 vitam
1127 2655 1246 2686 pr;cstat,
1263 2651 1484 2686 persecutoribus
1496 2656 1586 2679 autem
1597 2655 1711 2679 mortetn

931 2698 1023 2725 infert.
1047 2697 1137 2730 Quare
1156 2697 1221 2724 illud
1243 2704 1352 2732 quoque
1378 2697 1412 2725 ab
1430 2697 1545 2725 historia
1567 2697 1712 2729 discimus,

1545 2831 1581 2861 12
