1977 3071
244 125 296 151 3G3

877 121 904 148 S.
921 120 1082 148 GREGORH
1095 121 1240 149 NYS‘ihNI

1808 119 1858 146 5οι

244 182 337 217 quales
356 189 404 208 nos
435 184 495 215 post
515 187 592 215 aqua:
615 180 759 207 transitum
784 186 844 207 esse
866 180 1024 211 debeamus;

1081 181 1210 216 προσήκει
1234 178 1303 207 εἶναι
1326 180 1387 211 τοὺς
1406 179 1521 209 διῖόντας
1540 177 1570 204 τὸ
1595 177 1676 212 ὕδωρ,
1705 177 1787 211 μηδὲν
1810 178 1858 211 τῆς

243 227 310 254 nihil
321 227 392 253 cuitu
402 226 434 253 al)
442 226 563 253 exercitu
573 226 670 256 hostis.
680 225 725 260 qui
737 226 877 253 nobiscum
890 226 916 252 in
928 233 1025 260 aquam

245 271 349 303 incidit,
373 270 514 298 ttobiseum
533 269 736 302 attrahendum,
761 277 823 296 cmn
849 270 1024 304 emergimus,

243 321 293 343 est.
312 316 377 342 Nam
391 316 500 350 quicum
514 315 600 342 hostis
613 322 739 349 egressus
752 315 786 342 ab
799 321 868 349 aqua
880 314 959 341 simul
972 302 1035 344 est,“

243 363 266 388 is
293 362 419 396 quoniatu
447 361 474 388 in
492 368 561 395 aqua
588 361 693 387 hostem
711 367 764 387 non
791 359 949 392 submersit,
978 359 1025 386 sed

243 408 333 434 vivum
349 407 410 434 inde
423 414 513 434 secum
527 406 629 437 eduxit,
643 405 722 432 etiam
739 409 800 441 post
814 413 911 440 aquam
929 405 955 431 in
968 413 1026 433 ser-

243 454 329 480 vitute
347 453 489 481 remansit.
514 452 550 478 Ita
569 452 621 478 tale
638 452 702 486 quid
716 456 768 484 est,
796 455 824 478 ut
840 451 922 478 latius
938 451 1025 484 expli-

243 503 330 530 cetur,
346 498 417 533 quod
433 501 558 532 oporteat
570 504 664 524 omnes
675 497 721 532 qui
738 497 962 524 sacramentalem
979 497 1026 524 ba—

243 543 378 578 ptismatis
406 550 503 577 aquam
532 546 685 573 transeunt,
713 542 871 569 universum
897 542 1025 569 vitiorum

243 588 391 616 exercitum
408 588 434 614 in
449 595 518 622 aqua
534 587 669 619 occidere,
685 591 714 614 ut
727 587 879 619 avaritiam,
899 594 1024 621 rapacem

243 639 370 663 mentem.
383 633 528 664 luxuriam,
539 633 690 665 libidinem,
704 633 871 666 superbiam.
881 633 1025 660 elationem

240 685 334 714 animi,
347 684 414 710 iram
427 703 434 714 ,
453 682 595 713 invidiam,
616 685 713 708 cuneta
732 678 788 705 lucc
806 683 832 704 et
852 678 895 704 his
912 679 1020 705 similia.

240 730 294 756 Nec
307 730 392 756 solum
404 729 518 755 allectus
531 727 673 755 vitiorum.
683 724 730 753 sed
742 722 826 750 animi
838 727 927 750 motus
942 728 1024 758 atque

242 768 472 804 perturbationes,
498 776 558 802 qua:
585 768 725 794 hominum
749 772 873 794 naturam
896 768 1026 801 quodam-

242 813 323 840 modo
341 817 555 847 consequuntur,
580 813 606 838 in
626 816 757 846 quantum
776 812 905 846 possibile
921 815 972 844 est,
997 811 1024 838 in

1081 226 1204 257 ἐναντίας
1233 226 1361 261 στρατιᾶς
1390 224 1459 259 μετὰ
1483 224 1513 250 τὸ
1539 222 1668 249 ἀναδῦναι
1692 222 1737 248 τοῦ
1768 222 1860 256 ὓδατος

1080 271 1288 306 ἐφελκομένους.
1310 271 1341 296 El
1354 270 1408 305 γὰρ
1431 268 1567 303 συναναὸῇ
1585 268 1660 303 αὑτῷ
1682 268 1696 293 ὁ
1718 267 1859 302 πολέμιος,

1081 317 1156 351 μένει
1172 317 1219 343 καὶ
1240 316 1308 351 μετά
1323 316 1353 342 τὸ
1369 315 1440 350 ὕδωρ
1454 315 1483 340 ἐν
1496 315 1528 348 τῇ
1549 313 1668 348 δουλείᾳ,
1690 312 1860 339 συνεκϐαλὼν

1079 362 1167 397 ἐαυτῷ
1183 362 1271 394 ζῶντα
1290 362 1335 387 τὸν
1350 360 1490 395 τύραννον,
1516 359 1544 385 ὃν
1565 361 1593 385 ὲν
1610 359 1650 394 τῷ
1666 358 1738 394 βυθῷ
1753 359 1783 385 οὐ
1798 367 1861 385 κατ-

1079 408 1166 435 έδυσε.
1187 407 1272 433 Τοῦτο
1293 407 1321 433 δέ
1344 406 1462 432 τοιοῦτόν
1483 406 1567 433 ἐστιν.
1586 405 1623 436 ὠς
1641 405 1673 431 ἀν
1687 413 1730 436 τις
1751 404 1818 440 πρὸς
1831 404 1861 431 τὺ

1079 453 1243 487 γυμνότερον
1268 452 1298 478 τὸ
1324 450 1438 484 αἴνιγμα
1461 449 1622 484 μεταὸαλὼν
1643 449 1810 483 σαφηνίσειε,
1830 451 1861 475 τδ

1079 498 1132 524 δεῖν
1147 497 1252 529 πάντας
1267 497 1330 528 τοὺς
1345 496 1539 531 διερχομένους
1562 495 1590 520 τὸ
1607 494 1736 529 μυστικὸν
1750 494 1820 528 ὕδωρ
1832 494 1859 520 ἐν

1078 544 1117 578 τῷ
1134 543 1317 578 βαπτίσματι,
1341 543 1431 568 πᾶσαν
1446 542 1496 576 τὴν
1509 540 1558 575 τῆς
1573 539 1673 570 κακίας
1689 538 1862 574 παρεμὸολὴν

1078 588 1178 624 νεκρὰν
1195 589 1279 614 ποιεῖν
1295 588 1323 613 ἐν
1338 587 1377 622 τῷ
1385 587 1461 613 ὕδατι
1471 594 1478 600 ·
1499 583 1554 611 οἷον
1569 584 1618 619 τὴν
1633 583 1803 616 πλεονεξίαν,
1814 583 1862 618 τὴν

1079 634 1227 661 ἀκόλαστον
1250 633 1412 668 ἐπιθυμίαν,
1434 631 1483 666 τὴν
1497 629 1669 666 ἀρπακτικὴν
1691 629 1818 659 διάνοιαν,
1833 627 1864 654 τὸ

1079 679 1149 706 κατὰ
1159 679 1205 706 τὸν
1215 678 1298 713 τύφον
1309 678 1356 705 καὶ
1370 676 1559 713 ὑπερηφανίαν
1575 674 1671 706 πάθος,
1689 674 1739 708 τὴν
1753 672 1863 709 θυμώδη

1079 723 1177 759 ὁρμὴν,
1201 724 1250 758 τὴν
1267 724 1362 759 ὀργὴν,
1382 723 1431 758 τὴν
1457 722 1546 757 μῆνιν,
1568 720 1618 755 τὴν
1640 719 1799 754 βασκανίαν,
1818 719 1864 745 τὸν

1079 769 1185 803 φθόνον,
1200 768 1285 795 ταῦτα
1302 769 1400 800 πάντα,
1419 767 1466 794 καὶ
1492 765 1528 792 τὰ
1549 765 1672 795 τοιαῦτα.
1695 764 1787 798 ἐπειδή
1806 772 1864 795 πως

1079 815 1199 848 πέςςυκεν
1218 815 1331 841 ἔπεσθαι
1354 817 1385 850 τῇ
1412 813 1492 848 φύσει
1510 812 1545 838 τὰ
1561 811 1653 846 πάθην
1674 810 1759 845 νεκρὰ
1777 809 1864 841 τθιεῖν

241 865 311 892 aqua
337 858 494 886 submersas
515 858 669 892 relinquere
692 857 832 884 debemus.
864 856 930 883 Nam
957 857 1024 884 sicut

1081 863 1109 888 ἐν
1123 861 1162 897 τῷ
1176 861 1251 887 ὕδατι
1262 869 1268 875 ·
1285 860 1355 886 αὑτά
1368 868 1397 885 τε
1411 860 1446 886 τὰ
1463 857 1568 893 πονηρὰ
1582 857 1630 892 τῆς
1652 856 1770 886 διανοίας
1785 855 1864 890 κινή-

241 904 323 930 etiam
339 903 365 930 in
386 903 487 938 pascha
505 902 574 930 dixit
591 902 634 937 (id
649 902 722 930 enim
738 906 779 929 est
803 909 900 929 nomen
920 901 1023 933 hostiae,

241 948 320 983 cujus
341 948 453 983 sanguis
472 952 584 975 mortem
602 947 636 975 ab
655 950 747 974 utcnte
768 946 892 981 repellit)
914 953 1025 981 alymos

240 1001 324 1029 panes
335 993 501 1028 ederejubet
513 994 546 1020 ".
564 993 697 1029 Azymum
713 996 802 1019 autem
819 996 871 1024 est,
888 991 959 1026 quod
971 991 1025 1019 fer-

240 1043 373 1072 mentum,
389 1047 445 1066 rem
460 1043 581 1074 tempore
592 1039 744 1068 rancidam,
767 1045 860 1065 secum
873 1037 1023 1064 immistum

240 1091 294 1112 non
313 1085 402 1112 habet.
417 1084 478 1117 Quo
494 1089 574 1118 pacto
588 1084 691 1115 docuit.
703 1091 737 1111 ne
752 1083 878 1110 vitiorum
895 1082 1024 1117 reliquias

241 1130 363 1165 sequenti
381 1134 442 1163 post
459 1128 538 1156 (idem
559 1129 621 1156 vitae
641 1128 857 1160 immisceamus,
883 1127 931 1155 sed
946 1127 1023 1161 quasi

241 1176 275 1202 ab
289 1175 342 1203 alio
359 1175 439 1202 initio
460 1175 551 1202 vivere
569 1173 744 1208 incipiamus,
772 1172 902 1208 peccandi
925 1173 1023 1199 seriem

240 1221 273 1247 ad
288 1221 367 1248 [Idem
385 1227 472 1254 usque
485 1220 672 1247 continuatam
687 1218 891 1253 dirumpentes:
919 1218 955 1244 ita
973 1217 1024 1244 hoc

241 1266 268 1292 in
283 1267 344 1293 loco
358 1265 505 1301 Egyplum
522 1271 641 1295 omnem,
656 1263 681 1290 id
695 1267 748 1294 est.
772 1270 880 1290 omnem
894 1263 1024 1298 peccandi

241 1311 358 1345 speciem
378 1311 406 1337 in
423 1317 492 1343 ama
513 1309 739 1342 submergendmn
763 1315 792 1335 re
806 1308 864 1342 ipsa
883 1307 1023 1339 instruxit,

241 1361 271 1384 ut
286 1357 348 1385 inde
363 1356 414 1383 soli
436 1356 539 1390 absque
561 1358 673 1389 peccatu
690 1360 872 1387 emergamus.
891 1351 968 1385 Quod
983 1352 1024 1378 hi-

241 1401 332 1430 storiae
361 1401 460 1428 factum
485 1405 550 1427 ttmc
578 1399 702 1434 legimus,
728 1403 840 1426 enectos
868 1399 972 1425 scilicet
998 1398 1024 1424 in

241 1447 319 1482 aquis
342 1448 444 1477 hostes,
472 1449 499 1472 et
519 1444 627 1472 Judaeos
652 1445 714 1471 inde
729 1445 804 1472 solos
820 1445 952 1472 evasisse.
972 1444 1024 1471 Sed

242 1493 318 1519 tnulti
334 1493 374 1518 vel
388 1491 542 1526 ignorantia
558 1490 753 1525 pfmceptorum
768 1490 846 1525 legis.
860 1490 902 1517 vel
918 1490 1026 1517 temeri-

240 1543 294 1566 tate
320 1545 351 1564 ac
372 1537 565 1567 inconstantia,
597 1537 739 1563 sordidqu
762 1537 862 1571 prioris
883 1537 945 1563 vitm
970 1536 1024 1564 fer-

241 1588 362 1611 mentum
382 1583 408 1609 iu
432 1582 608 1617 posteriorem
626 1582 710 1608 vitam
737 1581 893 1612 tradurunt,
909 1585 936 1608 et
953 1581 1024 1609 feros

243 1628 349 1664 Egypti
370 1628 470 1655 milites
492 1631 553 1662 post
573 1627 738 1662 baptismum
762 1635 856 1654 secum
875 1626 1022 1654 adducunt.

242 1673 306 1700 Nam
326 1673 371 1707 qui
390 1672 484 1706 rapina
498 1671 576 1698 dilati
600 1674 674 1701 suut.
696 1674 743 1697 aut
764 1670 883 1705 perjurio
906 1670 1024 1705 praedam

241 1718 390 1753 possident,
406 1721 452 1744 aut
467 1716 603 1744 adulterio
617 1723 718 1743 uxores
735 1716 882 1746 duxerunt,
908 1719 956 1742 aut
976 1715 1025 1742 ali-

242 1764 305 1800 quid
319 1763 428 1790 vetitum
442 1766 504 1789 ante
517 1762 644 1797 baptismi
660 1761 760 1789 donum
778 1761 985 1791 commiserunt,
1002 1761 1024 1788 si

242 1809 341 1837 lavacri
363 1809 448 1844 gratia
464 1807 498 1834 ab
521 1808 562 1835 his
588 1815 617 1834 se
643 1808 762 1842 peccatis
779 1807 906 1834 liberatos
921 1811 1024 1841 putant,

241 1857 269 1884 in
294 1854 393 1889 injuria
419 1857 619 1888 permanentes,
641 1853 815 1880 vehementer
839 1856 945 1884 errant,
976 1860 1026 1880 nec

241 1904 354 1936 possunt
371 1899 533 1934 intelligere,
550 1898 626 1925 duris
639 1898 752 1925 nimium
769 1906 799 1925 se
814 1898 932 1926 dominis
947 1898 1024 1932 quasi

224 1953 226 1955 '
242 1953 326 1974 nexos
349 1945 493 1972 inservire.
509 1943 634 1971 Crudelis
650 1944 721 1972 enim
744 1944 854 1971 domina
871 1951 902 1971 ac
918 1945 1026 1972 rabiosa

243 1992 350 2018 luxuria
361 1994 414 2021 est,
430 1989 541 2017 libidine
552 1989 629 2024 quasi
642 1989 760 2016 stimulis
773 1989 897 2016 servilem
908 1995 1024 2016 mentem

243 2037 394 2072 exagitans.
418 2035 476 2061 Alia
495 2041 548 2061 non
566 2034 656 2061 minus
677 2033 797 2061 crudelis
812 2034 920 2061 domina
937 2035 1026 2061 avari-

241 2082 296 2108 tia:
313 2081 413 2115 quippe
436 2079 537 2106 nullatn
553 2085 673 2113 unquam
697 2080 817 2114 requiem
843 2080 1026 2108 servientibus

243 2127 265 2154 ei
281 2126 400 2161 praebere
421 2125 499 2157 solet,
528 2125 575 2152 sed
599 2129 701 2160 quanto
723 2125 800 2160 plura
815 2125 868 2152 diei
889 2133 920 2152 ac
937 2126 1026 2154 noctis

1078 915 1160 940 ματα,
1178 905 1225 932 καὶ
1236 905 1270 932 τὰ
1289 907 1321 931 ὲκ
1335 904 1437 931 τούτων
1454 903 1660 938 ἀποτελέσματα
1672 921 1679 932 ,
1695 900 1820 935 καθάπερ
1835 900 1864 925 ἐν

1075 950 1113 984 τῷ
1127 950 1266 984 μυστηρίῳ
1279 949 1324 975 τοῦ
1337 949 1427 984 πάσχα
1436 956 1444 964 ·
1456 947 1535 974 τοῦτο
1548 947 1602 981 γὰρ
1613 946 1697 980 δνομα
1709 945 1748 979 τῷ
1761 945 1862 980 ἱερείῳ,

1075 991 1105 1020 οὗ
1123 994 1153 1020 τὺ
1169 991 1237 1028 αἷμα
1256 994 1408 1020 κιυλυτικὺν
1429 993 1545 1019 θανάτου
1562 991 1600 1026 τῷ
1619 990 1782 1026 χρησαμένῳ
1796 989 1865 1023 γίνε-

1075 1048 1129 1065 ται.
1152 1040 1255 1075 Ὥσπερ
1275 1039 1364 1065 τοίνυν
1384 1039 1443 1065 ἐκεῖ
1461 1038 1506 1064 τὸν
1530 1038 1611 1072 ἄρτον
1632 1036 1735 1070 ἄζυμον
1759 1035 1864 1062 κελεύει

1075 1084 1209 1111 ἐπεσθίειν
1223 1084 1253 1110 τὺ
1268 1084 1360 1119 πάσχα
1377 1084 1386 1119 (
1398 1083 1501 1115 ἀζυμος
1512 1083 1533 1109 δ’
1552 1082 1585 1109 ἂν
1600 1081 1643 1116 εἴη
1657 1082 1671 1108 ὁ
1685 1081 1734 1116 τῆς
1748 1081 1864 1107 ἑωλοτέ-

1077 1139 1126 1165 ρας
1139 1130 1316 1164 ἀνεπίμικτος
1332 1129 1453 1164 ζύμης),
1463 1129 1534 1155 νοεῖν
1553 1137 1583 1154 τε
1598 1127 1687 1154 δίδωσι
1707 1126 1750 1152 διὰ
1763 1125 1866 1153 τούτων

1075 1177 1089 1203 ὁ
1105 1176 1197 1210 νόμος,
1220 1175 1250 1201 τὸ
1269 1175 1351 1210 μηδὲν
1372 1174 1422 1209 τῆς
1443 1173 1541 1204 κακίας
1563 1172 1689 1206 λείψανον
1705 1170 1744 1206 τῷ
1765 1171 1866 1206 ἐφεξῆς

1076 1220 1270 1255 καταμιγνύειν
1287 1219 1355 1254 βίῳ,
1371 1219 1427 1245 ἀλλ’
1450 1219 1505 1245 ἀπὸ
1528 1218 1595 1248 ἰδίας
1615 1217 1702 1251 ἀρχῆς
1723 1216 1772 1250 τῆς
1796 1215 1866 1250 μετά

1075 1267 1160 1293 ταῦτα
1179 1266 1250 1301 ζωῆς
1266 1265 1408 1300 ἄρξασθαι,
1429 1264 1475 1290 τὸν
1491 1264 1522 1290 τὸ
1541 1263 1651 1297 συνεχὲς
1669 1262 1718 1297 τῆς
1731 1261 1784 1288 τῶν
1803 1269 1866 1287 και-

1077 1313 1130 1348 ρῶν
1146 1311 1305 1343 ἀκολουθίας
1326 1312 1359 1346 τῇ
1376 1310 1443 1346 πρὸς
1465 1310 1495 1336 τὸ
1513 1311 1636 1344 κρεῖττον
1651 1306 1786 1343 μεταὸολῇ
1806 1306 1866 1332 δια-

1079 1358 1207 1392 κόψαντα·
1221 1356 1293 1384 οὕτω
1308 1357 1354 1383 καὶ
1370 1355 1486 1382 ἐνταῦθα
1510 1355 1633 1389 βούλεται
1646 1354 1700 1380 πᾶν
1716 1352 1866 1386 Αἰγύπτιον

1076 1403 1230 1439 πρόσωπον,
1244 1402 1376 1433 τουτέστι,
1393 1401 1446 1427 πᾶν
1461 1401 1599 1436 ἁμαρτίας
1610 1397 1690 1430 εἶδος,
1701 1395 1795 1432 ὥσπερ
1810 1397 1863 1424 τινὶ

1078 1449 1151 1484 βυθῷ
1164 1448 1202 1483 τῷ
1208 1447 1334 1483 σωτηρίῳ
1344 1447 1510 1482 βαπτίσματι
1523 1444 1750 1476 καταπνίξαντας,
1766 1441 1866 1477 μόνους

1077 1495 1203 1522 ἀναδῦναι
1214 1515 1220 1525 ,
1236 1494 1319 1530 μηδὲν
1335 1493 1406 1520 κατὰ
1421 1493 1466 1519 τοι
1481 1492 1537 1527 βίον
1549 1491 1764 1526 ἐπισυρομένους
1783 1488 1865 1515 ἀλλό-

1077 1541 1168 1575 φυλον.
1180 1540 1264 1566 Τοῦτο
1276 1540 1328 1574 γάρ
1341 1539 1414 1565 ἐστιν
1424 1538 1437 1564 ὃ
1452 1538 1496 1564 διὰ
1510 1537 1560 1571 τῆς
1578 1536 1698 1571 ἱστορίας
1715 1533 1865 1568 ἀκούομεν,

1075 1585 1092 1619 ἡ
1106 1593 1198 1620 φησιν,
1216 1585 1245 1610 ἐν
1264 1583 1302 1618 τῷ
1324 1582 1398 1617 αὑτῷ
1423 1581 1510 1614 ὕδατι,
1532 1581 1639 1615 θανάτῳ
1660 1580 1707 1606 καὶ
1731 1579 1787 1614 ζωῇ
1806 1579 1867 1605 δια-

1075 1630 1214 1666 κρίνεσθαι
1227 1631 1256 1656 τὸ
1263 1628 1358 1664 ἐχθρὸν
1370 1628 1416 1655 καὶ
1423 1627 1453 1654 τὸ
1468 1627 1553 1662 φίλοΨ
1564 1626 1610 1653 τοῦ
1622 1625 1671 1661 μὲν
1685 1624 1780 1660 ἐχθροῦ
1788 1624 1868 1658 φθει-

1077 1676 1201 1712 ρομένου,
1219 1675 1265 1702 τοῦ
1281 1675 1308 1701 δέ
1323 1674 1400 1709 φίλου
1416 1671 1643 1707 ζωογονουμένου,
1660 1671 1697 1701 ὡς
1709 1670 1736 1696 οῖ
1750 1678 1781 1703 γε
1801 1668 1866 1695 πολι

1075 1721 1116 1748 λοὶ
1129 1721 1183 1748 τῶν
1201 1721 1231 1747 τὸ
1245 1720 1373 1755 μυστικὸν
1391 1719 1532 1754 βάπτισμα
1551 1715 1786 1752 προσδεξαμένων,
1813 1715 1866 1748 ἀγ-

1075 1767 1133 1803 νοία
1149 1767 1202 1794 τῶν
1221 1766 1267 1793 τοῦ
1284 1767 1367 1801 νόμου
1383 1764 1628 1800 παραγγελμάτων,
1646 1762 1695 1797 τὴν
1712 1761 1865 1797 παρελθοῦ-

1077 1823 1126 1840 σαν
1144 1814 1193 1849 τῆς
1206 1813 1304 1844 κακίας
1316 1812 1415 1847 ζύμην,
1429 1813 1462 1847 τῇ
1480 1811 1535 1846 ζωῇ
1551 1809 1598 1836 τοῦ
1618 1808 1688 1844 μετά
1703 1807 1787 1834 ταῦτα
1807 1807 1865 1843 βίου

1076 1859 1290 1894 καταμιγνύουσι
1301 1879 1307 1890 ,
1322 1859 1369 1884 καὶ
1388 1857 1435 1884 τὸν
1454 1856 1568 1893 στρατὸν
1579 1855 1625 1882 τὸν
1640 1854 1799 1888 Αίγύπτιον.
1820 1856 1864 1881 καὶ

1078 1905 1147 1940 μετά
1169 1904 1200 1931 τὸ
1223 1905 1340 1940 περᾶσαι
1362 1903 1392 1929 τὸ
1408 1902 1491 1937 ὕδωρ,
1510 1901 1598 1934 ζῶντα
1621 1900 1679 1935 μεθ1
1702 1898 1806 1925 ἐαυτῶν
1822 1899 1865 1926 διὸ

1075 1950 1129 1976 τῶν
1150 1948 1371 1984 ἐπιτηδευμάτων
1392 1948 1551 1981 ἐπάγονται,
1578 1947 1607 1973 '0
1620 1946 1674 1981 γὰρ
1686 1945 1718 1972 δι’
1738 1945 1864 1979 ἁρπαγῆς

1076 1996 1093 2031 ἢ
1116 1995 1221 2027 ἀδικίας
1248 1995 1420 2030 πλουτήσας,
1448 1994 1464 2028 ἡ
1486 2001 1547 2020 τινα
1566 1992 1654 2027 χῶρον
1678 1991 1707 2023 ἐξ
1722 1991 1864 2026 ἐπιορκίας

1077 2041 1262 2076 κτησάμενος,
1280 2040 1296 2075 ἢ
1319 2040 1364 2066 διὰ
1384 2038 1507 2074 μοιχείας
1521 2037 1628 2072 γυναικὶ
1649 2037 1812 2071 συνοικήσας
1824 2056 1832 2068 ,
1848 2035 1863 2070 ῆ

1077 2086 1141 2113 ἄλλο
1158 2095 1184 2113 τι
1200 2086 1253 2112 τῶν
1270 2085 1465 2122 ἀπειρημένων
1478 2083 1531 2119 πρὸ
1549 2083 1599 2118 τῆς
1614 2081 1660 2109 τοῦ
1677 2081 1865 2117 βαπτίσματος

1077 2133 1180 2166 δωρεᾶς
1194 2132 1268 2167 παρὰ
1280 2131 1326 2158 τὸν
1341 2131 1397 2166 βίον
1408 2130 1560 2165 τολμήσας,
1573 2129 1659 2155 οἴεται
1672 2129 1704 2163 τῇ
1716 2126 1864 2154 ἀπολαύσει

243 2171 383 2199 laboribus
398 2175 424 2198 et
436 2171 604 2198 cruciatibus
616 2171 730 2205 imperio
741 2171 858 2198 doruinae
868 2172 1024 2206 quaeritant,

1078 2178 1132 2204 τῶν
1147 2177 1240 2208 κακῶς
1252 2176 1326 2212 αὺτῷ
1337 2175 1560 2212 προσγενομένων
1570 2175 1617 2200 καὶ
1627 2172 1695 2208 μετὰ
1708 2172 1738 2199 τὸ
1752 2171 1864 2206 λουτρὸν

244 2217 474 2252 cupiditatemque
495 2224 572 2244 suam
586 2216 694 2250 explere
707 2221 851 2249 conantur,
877 2221 952 2245 tanto
969 2226 1025 2245 ma-

244 2263 283 2297 gis
298 2268 443 2297 anguntur,
460 2262 538 2296 quasi
552 2262 619 2288 nihil
632 2261 755 2294 fecerint.
774 2263 914 2297 magisque
931 2263 1025 2291 inanes

243 2315 275 2336 ac
287 2307 467 2335 famescentes
478 2307 660 2346 reperiuntur.
673 2307 828 2342 Eodemque
841 2308 920 2336 modo
928 2314 1025 2336 caetera

246 2353 308 2380 vitia
330 2353 520 2380 dominantur:
549 2353 649 2387 quibus
670 2353 716 2388 qui
736 2353 829 2385 servit,
851 2355 975 2388 quamvis
998 2356 1024 2382 in

243 2405 340 2433 aquam
366 2397 545 2430 descenderit,
572 2397 692 2425 nondum
710 2402 811 2431 tamen,
836 2407 895 2426 mea
917 2400 1024 2434 quidem

245 2444 389 2475 sententia,
421 2443 646 2471 sacramentalem
680 2444 767 2479 tetigit
807 2451 916 2479 aquam,
948 2445 1026 2480 cujus

245 2488 383 2522 proprium
413 2492 455 2515 est
470 2488 617 2525 perniciosi
640 2489 746 2526 tyranni
767 2496 799 2516 ac
820 2490 957 2518 exercitus
983 2491 1026 2518 sui

237 2533 402 2561 destructio.

1079 2221 1268 2257 παραμείνας,
1288 2218 1490 2255 ἠλευθερῶσθαι
1510 2219 1559 2252 τῆς
1579 2217 1633 2243 τῶν
1658 2215 1864 2251 ἁμαρτημάτων

1078 2266 1208 2297 δουλείας,
1225 2265 1318 2301 ὥσπερ
1333 2265 1380 2299 οὐχ
1392 2264 1462 2300 ὁρῶν
1475 2263 1570 2289 ἐαυτὸν
1582 2264 1638 2294 τοῖς
1654 2263 1782 2297 πονηροῖς
1799 2261 1862 2286 ὐπο-

1079 2312 1217 2346 κεκυφότα
1232 2311 1386 2342 δεσπόταις.
1408 2309 1545 2345 Δεσπότης
1559 2310 1613 2344 γάρ
1625 2307 1666 2338 τίς
1681 2307 1754 2333 ἐστιν
1768 2304 1864 2340 ἄγριος

1079 2357 1127 2384 καὶ
1143 2356 1290 2392 λυσσώδης,
1308 2355 1338 2382 τὸ
1356 2355 1502 2381 ἀκόλαστον
1519 2353 1614 2383 πάθος.
1632 2351 1671 2386 τῷ
1690 2350 1864 2386 ἀνδραποδώ-

1079 2403 1118 2429 δει
1140 2401 1271 2436 λογισμῷ,
1288 2399 1344 2428 οἷόν
1358 2408 1412 2426 τισι
1435 2399 1542 2434 μάστιξι
1556 2399 1616 2428 ταῖς
1630 2397 1737 2432 ἡδοναῖς
1758 2394 1864 2426 αικιζὸ-

1081 2456 1170 2483 μενος.
1187 2446 1283 2478 ’Ἄλλος
1297 2444 1416 2476 τοιοῦτος
1429 2443 1587 2478 δεσπότηςὴ
1603 2440 1744 2472 πλεονεξία
1754 2459 1762 2471 ,
1778 2439 1859 2474 μηδε-
1873 2459 1877 2462 .

1081 2493 1145 2529 μίαν
1163 2492 1254 2519 ἄνεσιν
1272 2491 1312 2527 τῷ
1332 2490 1484 2518 δουλεύοντι
1507 2488 1710 2523 παρεχόμενος,
1730 2485 1797 2513 ἀλλά
1813 2484 1864 2512 κᾶν

1081 2538 1166 2565 πολλά
1192 2537 1342 2573 ἐργάσηται
1354 2557 1361 2569 ,
1377 2537 1431 2567 τοῖς
1448 2534 1630 2569 ἐπιτάγμασιν
1649 2532 1794 2568 ὑπηρετῶν
1816 2530 1864 2557 τοῦ

240 2577 383 2611 δεσπότου,
399 2578 445 2605 καὶ
462 2578 493 2604 τὸ
507 2578 575 2613 πρὸς
592 2578 739 2614 ἐπιθυμίαν
761 2579 834 2614 αὐτῷ
859 2581 1078 2616 κατακτώμενος,
1105 2583 1173 2619 πρὸς
1194 2583 1224 2610 τὸ
1242 2582 1334 2609 πλεῖον
1368 2581 1412 2608 ἀεὶ¹
1431 2579 1629 2607 συνελαύνεται.
1656 2579 1710 2604 Καὶ
1737 2577 1773 2604 τὰ
1796 2575 1864 2603 ἄλλα

246 2624 341 2655 πάντα,
352 2625 402 2651 ὅσα
417 2623 461 2650 διὰ
472 2624 569 2669 κακίαν
584 2624 744 2661 ἐνεργεῖται,
758 2625 897 2660 τυράννων
912 2626 959 2653 καὶ
988 2626 1125 2656 δεσποτῶν
1151 2630 1224 2656 ἐστιν
1245 2627 1442 2662 ἀπαρίθμησις,
1458 2623 1499 2658 οἷς
1513 2624 1644 2652 δουλεύων
1659 2632 1711 2655 τις.
1726 2623 1776 2649 κᾶν
1795 2620 1862 2653 διεξ-

243 2669 378 2705 εληλυθὼς
393 2671 462 2707 τύχῃ
479 2671 510 2697 τὺ
530 2666 610 2706 ὕδωρ,
634 2670 727 2702 οὔπω,
745 2672 815 2698 κατά
838 2680 870 2706 γε
894 2672 940 2699 τὸν
969 2673 1034 2708 ἐμὸν
1058 2674 1145 2709 λόγον,
1163 2675 1208 2702 τοῦ
1223 2674 1354 2710 μυστικοῦ
1371 2673 1466 2705 ὕδατος
1502 2672 1602 2706 ἔθιγεν,
1615 2667 1646 2698 οὗ
1667 2670 1745 2706 ἔργον
1758 2667 1832 2695 ἐστὶν
1846 2666 1865 2702 ἡ

244 2717 300 2745 τῶν
317 2717 440 2752 πονηρῶν
455 2718 592 2753 τυράννων
607 2717 738 2745 ἀπώλεια.

285 2799 306 2816 ³⁸
323 2802 406 2830 Exod.
421 2810 470 2836 xtl,
484 2802 530 2835 27,
