1977 3071
117 139 164 167 565

797 138 842 165 DE
863 136 944 164 VITA
963 134 1100 164 MOYSIS.

1678 130 1729 158 566

154 196 231 224 ’Δλλὰ
250 197 318 233 πρὸς
328 197 362 224 τὰ
376 198 477 233 ἑφεξῆς
495 197 543 225 τοῦ
557 197 637 232 λόγου
655 196 830 233 προέλθωμεν
846 195 898 222 πά-

985 193 1038 220 Sed
1067 199 1264 227 prosequamur
1284 191 1379 219 ordine
1401 194 1500 219 cratera
1519 193 1548 217 ut
1567 187 1728 221 incepimus.

117 241 163 268 λιν.
192 241 222 268 '0
236 241 290 277 γὰρ
306 241 417 269 διελθὼν
431 243 462 269 τὺ
479 243 574 277 νοηθὲν
597 243 664 277 ἡμῖν
687 241 804 275 πέλαγος
817 260 824 270 ,
846 240 893 266 καὶ

119 285 174 312 ίδὼν
191 287 222 313 ὲν
238 285 312 321 αὐτῷ
332 287 429 322 νεκρὸν
442 287 488 313 τὸν
505 286 678 322 θεωρηθέντα
696 285 791 311 τοῦτον
813 283 895 317 Αίγύ-

118 340 198 360 πτιον.
217 332 310 358 οὐκέτι
322 332 392 367 πρὸς
405 332 524 359 Μωῡσέα
544 331 623 367 μόνον
641 332 691 366 ὁρᾷ
708 330 753 356 τὸν
767 331 817 364 τῆς
830 330 894 364 ἁρε-

116 377 161 410 τῆς
173 377 328 412 ῥαϐδοῦχον,
339 377 407 403 ἀλλὰ
421 377 541 403 πιστεύει
560 377 619 411 μὲν,
635 375 706 402 κατὰ
718 375 749 401 τὸ
759 373 896 409 προηγού-

119 430 204 457 μενον,
223 422 262 457 τῷ
280 422 358 457 Θεῷ,
377 423 468 454 καθὼς
489 424 503 449 ὁ
518 423 569 457 τῆς
585 421 704 457 ἱστορίας
723 421 801 454 λόγος
819 419 896 454 φησὶ,

117 467 234 494 πείθεται
245 467 273 494 δὲ
287 467 324 502 τῷ
348 467 494 502 θεράποντι
508 467 590 494 αὑτοῦ
611 468 737 494 Μωῡσεί·
758 466 772 492 ὃ
788 465 835 492 καὶ
849 464 896 491 νῦν

119 512 249 548 βλέπομεν
269 513 344 547 παρὰ
361 513 415 538 τῶν
430 512 537 547 ἀληθῶς
557 512 588 538 τὸ
602 512 673 547 ὕδωρ
693 510 897 546 περαιουμένων

118 557 268 591 γινόμενον,
282 557 307 583 οἳ
322 557 361 592 τῷ
386 557 444 592 Θεῷ
466 557 577 588 ἑαυτοὺς
597 557 758 588 ἀναθέντες,
775 558 822 582 καὶ
841 556 897 586 τοῖς

119 602 294 638 θεραπεύουσι
308 603 352 629 διὰ
367 603 416 637 τῆς
436 603 586 638 ἱερωσύνης
600 603 630 629 τὸ
649 602 736 633 Θεῖον,
761 601 898 627 πείθονται

119 647 162 674 καὶ
183 648 340 677 ὑπείκουσι.
366 648 456 679 καθώς
477 657 558 683 φησιν
580 649 594 674 ὁ
622 647 792 677 Ἀπόστολος.
824 645 898 675 Ὀδος

121 692 185 727 μετὰ
197 692 275 718 τοῦτο
295 692 342 727 τὴν
357 692 491 719 Θάλασσαν
512 693 593 728 τριῶν
614 691 724 727 ἡμερῶν
736 691 896 726 διαδέχεται,

120 740 147 765 ὲν
186 738 256 764 κατά
267 747 328 764 τινα
338 739 420 764 τόπον
430 738 699 774 στρατοπεδεύσασιν,
714 737 812 763 ἄποτον
823 735 899 770 παρὰ

118 785 164 818 τὴν
184 784 297 820 πρώτην
318 784 348 810 τὸ
367 783 477 819 εὑρεθὲν
497 783 568 818 ὕδωρ
585 783 637 809 ὑπὸ
659 782 771 816 πικρίας
791 781 877 816 ἐφάνη
890 789 896 796 ·

120 829 183 856 ἀλλὰ
199 829 230 855 τὸ
245 829 322 861 ξύλον
339 829 455 861 ὲντεθὲν,
473 829 607 864 προσηνὲς
622 829 678 859 τοῖς
693 827 790 861 διψῶσι
801 826 832 852 τὸ
851 834 899 852 πο-

939 698 1119 726 'neqnaquam
1149 691 1293 725 potabilem
1313 700 1319 718 :

943 237 1010 266 Nam
1026 238 1072 273 qui
1089 245 1164 265 mare
1178 238 1215 269 id,
1231 236 1304 272 quod
1315 236 1507 266 intelleximus.
1520 235 1576 270 jam
1590 237 1729 270 pertrans-

943 284 1002 316 ivit,
1021 287 1048 310 et
1064 283 1219 318 Egyptium
1237 282 1306 309 vidit
1332 283 1360 309 iu
1375 282 1452 316 aquis
1475 281 1657 310 exstinctum.
1676 287 1731 306 non

945 329 1033 357 solum
1045 329 1080 356 ad
1093 329 1204 363 Moysen
1220 328 1330 355 virtutis
1341 328 1446 362 virgam
1461 330 1599 361 gerentem
1608 326 1730 359 respicit.

947 374 995 402 sed
1024 374 1212 408 principaliter
1231 372 1340 408 quidem
1358 372 1414 400 Deo
1438 372 1535 403 credit,
1562 374 1592 398 ut
1615 371 1730 398 historia

945 420 1051 447 tradit:
1077 419 1244 454 obtemperat
1260 419 1342 446 etiam
1366 418 1452 453 Moysi
1469 425 1548 445 servo
1568 417 1642 451 ejus:
1658 415 1731 451 quod

947 472 1020 492 nunc
1036 472 1143 500 quoque
1162 464 1253 492 abhis
1269 464 1308 497 fit,
1325 465 1370 498 qui
1391 472 1437 498 per
1451 471 1548 498 aquam
1563 470 1627 490 vere
1643 466 1729 489 trans~

947 511 1046 541 ierunt,
1064 511 1108 545 qui
1121 511 1228 545 scipsos
1248 510 1302 537 Deo
1322 510 1494 541 dediderunt,
1508 513 1535 536 et
1545 508 1734 537 sacerdotibus

948 556 1005 582 suis
1019 555 1217 589 obtemperant.
1237 555 1290 582 lter
1307 561 1367 590 post
1383 556 1440 582 haec
1462 554 1546 582 Judaei
1562 554 1648 582 tribus
1670 561 1732 588 per-

947 604 1061 635 egerunt
1077 601 1191 633 diebns;
1213 605 1303 627 castra
1327 601 1476 635 metatique
1495 599 1523 626 in
1538 599 1655 634 quodam
1675 599 1734 625 loco

948 645 1068 676 fuerunt.
1086 645 1130 672 ubi
1150 652 1248 680 aquam
1266 650 1427 680 repererunt
1446 644 1627 672 amaritudine
1650 644 1734 670 nimia

1350 691 1397 718 sed
1427 691 1528 726 lignum
1551 698 1566 717 τι
1590 690 1682 726 Moyse
1706 689 1734 716 in

949 744 1046 771 aquam
1078 736 1229 763 immissum
1263 737 1290 764 in
1323 737 1493 763 dulcedinem
1526 736 1734 763 amaritudinem

949 782 1009 816 ejus
1027 783 1171 809 convertit.
1189 781 1258 809 Huic
1270 782 1391 809 historia:
1404 789 1448 809 res
1466 782 1535 817 ipsa.
1552 789 1632 817 quam
1651 781 1736 816 spiri-

952 828 1072 855 tualibus
1086 828 1211 855 accidere
1221 827 1322 854 Iudaeis
1332 827 1468 859 videmus,
1484 827 1586 862 optime
1597 827 1734 862 congruit.

118 874 162 900 τὸν
177 873 372 907 ἀπειργάσατο.
395 863 542 908 Συμσαίνει
556 874 612 903 τοῖς
626 872 779 906 γινομένοις
793 872 810 906 ὴ
827 872 900 896 ίστο-

954 873 1016 900 Nam
1034 873 1079 907 qui
1092 873 1278 907 voluptatibus
1294 873 1321 899 in
1333 873 1469 907 baptismo
1483 872 1658 905 renuntiavit,
1676 873 1737 907 qui-

122 918 178 952 ρία·
202 918 241 953 τῷ
258 918 313 953 γὰρ
331 917 537 946 καταλελοιπότι
552 917 602 948 τὰς
618 915 769 950 Αἰγυπτίας
786 915 881 950 ἡδονὰς
892 935 900 947 ,

120 960 162 994 αἷς
174 963 294 990 ἐδούλευε
311 963 375 998 πρὶν
390 963 515 997 διαϐῆναι
528 962 577 998 τὴν
589 961 737 993 θάλασσαν,
751 960 902 996 δύσληπτος
914 963 918 966 “

120 1009 165 1034 xa‘t.
181 1008 264 1044 ἀηδὴς
279 1009 293 1035 ὁ
310 1008 365 1043 βίος
380 1009 395 1034 6
413 1009 467 1034 τῶν
485 1008 585 1044 ἡδονῶν
607 1008 808 1043 κεχωρισμένος
827 1006 903 1041 παρὰ

119 1053 167 1088 τὴν
186 1053 298 1088 πρώτην
313 1053 396 1080 δοκεῖ.
420 1053 489 1080 Ἀλλ’
506 1054 530 1079 εἰ
546 1054 577 1079 τὸ
600 1053 676 1085 ξύλον
695 1053 843 1088 ἐμϐληθείη
865 1053 903 1087 τῷ

121 1097 205 1129 ὓδατι,
222 1099 370 1131 τουτέστιν,
390 1098 454 1125 sic?)
465 1099 515 1132 τῆς
530 1098 705 1130 ἀναστάσεώς
723 1107 767 1130 τις
783 1098 904 1133 παραλά-

120 1144 161 1170 6οι
177 1144 332 1179 μυστήριον,
349 1144 364 1170 ὃ
376 1144 419 1170 διὰ
430 1144 477 1170 τοῦ
494 1144 572 1176 ξύλου
587 1144 637 1179 τὴν
657 1144 742 1180 ἀρχὴν
757 1144 819 1180 ἔσχε
837 1145 846 1179 (
858 1144 904 1177 ξύ-

119 1186 163 1213 λον
176 1187 203 1213 se
219 1187 338 1219 ἀκούσας
351 1208 358 1219 ,
373 1188 419 1214 τὸν
438 1188 554 1224 σταυρὸν
571 1189 677 1220 πάντως
692 1189 834 1224 ἐνόησας),
844 1189 904 1216 τότε

119 1233 219 1264 παντὸς
237 1233 445 1267 γλυκύσματος,
461 1233 507 1259 τοῦ
530 1233 578 1267 τὴν
603 1233 729 1268 αἴσθησιν
752 1234 786 1260 δι’
808 1233 904 1269 ἡδονῆς

121 1279 345 1314 γαργαλίζοντος,
372 1278 538 1314 γλυκύτερός
556 1287 586 1305 τε
608 1280 655 1305 καὶ
683 1280 869 1314 ποτιμώτερος
890 1281 905 1306 ὀ

121 1325 179 1352 κατ’
202 1324 302 1359 ἀρετὴν
318 1324 422 1358 γίνεται
438 1324 493 1359 βίος
503 1344 511 1356 ,
527 1326 559 1359 τῇ
576 1324 663 1351 ἑλπίδι
678 1325 732 1352 τῶν
756 1324 905 1360 μελλόντων

120 1370 325 1405 ὲςοηδυνόμενος.
349 1370 381 1396 'H
400 1370 428 1396 δὲ
444 1370 543 1405 ἐφεξῆς
566 1370 616 1405 τῆς
645 1370 798 1405 ὁδοιπορίας
822 1378 905 1397 κατα-

119 1415 206 1450 γωγὴ,
232 1414 329 1449 φοίνιξι
353 1415 400 1441 καὶ
421 1415 523 1450 πηγαῖς
538 1414 708 1450 ἁδρυνομένη
720 1434 727 1445 ,
747 1414 905 1440 διαναπαύει

119 1460 173 1487 τῶν
189 1459 397 1494 ὁδοιπορούντων
427 1460 472 1486 τὸν
495 1460 588 1486 κόπον.
612 1459 672 1485 Εἰσὶ
694 1459 723 1485 δὲ
746 1458 906 1485 δυοκαίδεκα

122 1505 171 1540 μὲν
186 1505 240 1532 τῶν
263 1505 366 1532 ύδάτων
383 1506 410 1532 αἱ
426 1506 529 1541 πηγαὶ,
547 1504 667 1540 καθαροῦ
683 1513 712 1530 τε
737 1505 784 1531 καὶ
798 1505 904 1539 ἡδίστου

951 919 1003 946 bus
1017 920 1043 946 in
1059 919 1151 953 priore
1164 918 1218 945 vita
1234 918 1377 949 serviebat,
1391 925 1513 945 amarum
1529 922 1609 953 atque
1621 918 1736 945 arduum

951 963 1055 992 Christi
1072 964 1166 999 jugnm
1182 964 1206 992 ei
1220 964 1309 999 primo
1326 963 1444 994 videtur.
1466 963 1514 991 sed
1526 964 1629 999 lignum
1649 963 1737 998 quod-

952 1010 1012 1036 dam
1035 1010 1199 1042 immissum,
1227 1009 1254 1036 id
1270 1013 1312 1037 est
1333 1009 1542 1036 resurrectionis
1567 1009 1737 1044 mysterium,

952 1055 1024 1089 quod
1040 1063 1088 1090 per
1101 1055 1204 1090 lignum
1224 1055 1381 1082 inchoatum
1395 1059 1448 1086 est,
1475 1062 1523 1090 per
1536 1062 1646 1082 crucem
1664 1054 1738 1082 vide.

953 1099 1014 1126 licet
1028 1098 1139 1131 Christi,
1157 1098 1202 1133 qui
1217 1098 1244 1125 in
1258 1105 1340 1126 cruce
1351 1102 1476 1126 mortuus
1490 1102 1543 1132 est,
1562 1099 1599 1129 id.
1615 1099 1736 1133 inquam.

953 1143 1164 1171 resurrectionis
1193 1144 1352 1178 mysterium
1385 1147 1444 1170 toto
1476 1143 1558 1171 corde
1587 1144 1737 1171 admissum

954 1193 1035 1223 atque
1054 1187 1196 1219 creditum,
1215 1187 1369 1214 suaviorem
1395 1187 1484 1214 reddit
1503 1187 1596 1217 vitam.
1621 1195 1682 1222 qua!
1695 1196 1740 1215 se-

954 1234 1074 1261 cundum
1087 1232 1227 1260 Christum
1242 1236 1294 1265 est,
1306 1233 1434 1260 omnibus
1448 1241 1508 1268 quae
1522 1233 1665 1261 dulcedine
1678 1241 1739 1266 sen-

954 1285 1013 1305 sum
1030 1277 1207 1312 pert'undunt,
1226 1284 1274 1311 spe
1290 1276 1444 1303 futurorqu
1458 1276 1657 1311 jucundissime
1673 1285 1739 1304 con-

954 1324 1050 1350 ditam.
1068 1322 1184 1350 Deduxit
1198 1330 1245 1350 eos
1261 1328 1354 1356 postea
1370 1322 1436 1349 illud
1452 1323 1503 1350 iter
1522 1322 1555 1349 ad
1569 1323 1626 1349 loca
1642 1323 1739 1357 palmis

955 1368 1060 1395 consita
1081 1373 1108 1396 et
1124 1367 1244 1395 fontibus
1261 1374 1380 1400 ammna,
1409 1368 1509 1402 quibus
1532 1368 1558 1394 in
1583 1367 1650 1394 locis
1675 1367 1739 1395 fessi

955 1414 1158 1448 requieverunt.
1171 1413 1255 1440 Erant
1268 1418 1357 1441 autem
1368 1413 1510 1441 duodecim
1527 1413 1636 1448 quidem
1654 1413 1741 1441 fontes

956 1467 1033 1494 aqua:
1055 1459 1174 1494 limpidze
1203 1463 1284 1494 atque
1308 1458 1406 1486 dulcis‘.
1424 1458 1523 1486 Palma?
1540 1467 1604 1486 vero
1633 1463 1742 1494 septua-

956 1505 1040 1539 ginta,
1065 1505 1253 1540 magnitudine
1268 1505 1416 1537 mirabiles,
1432 1505 1524 1539 specie
1540 1505 1740 1540 pulcherrimae,

119 1551 239 1586 νάματος
251 1559 256 1564 ·
269 1551 451 1586 ἑϐδομήκοντα
466 1551 494 1577 δὲ
507 1551 531 1576 oi
547 1550 675 1584 φοίνικες,
692 1549 849 1584 εὐμεγέθεις
858 1550 903 1576 καὶ¹

956 1549 1046 1577 fructu
1060 1550 1201 1584 perutiles.
1223 1549 1292 1582 Quid
1311 1550 1394 1585 igitur
1409 1550 1460 1577 hoc
1476 1550 1595 1577 historia
1608 1550 1741 1578 discimus

120 1596 248 1631 ὑψίκομοι
260 1617 267 1628 ,
281 1595 328 1622 τοῦ
342 1596 438 1631 χρόνου
451 1596 486 1622 τὰ
498 1595 593 1631 δένδρα
608 1595 676 1630 πρὸς
695 1594 761 1629 ὕψος
776 1595 901 1630 ἄραντος,

120 1641 152 1668 Τί
167 1640 212 1669 οὖν
227 1643 255 1669 ὲν
269 1641 373 1673 τούτοις
390 1642 564 1676 εὑρίσκομεν,
581 1640 614 1667 δι’
629 1639 776 1667 ἀκολούθου
794 1640 903 1675 προϊού-

119 1695 170 1721 σης
185 1686 234 1720 τῆς
250 1685 368 1721 ἱστορίας
381 1694 388 1718 ς
403 1686 486 1712 ὅτιτὸ
501 1685 547 1712 τοῦ
564 1685 641 1717 ξύλου
657 1685 816 1719 μυστήριον,
830 1683 863 1710 δι’
873 1681 903 1711 οὗ

119 1731 234 1766 πότιμον
252 1732 300 1766 τῆς
323 1731 423 1766 ἀρετῆς
439 1731 470 1757 τὸ
493 1730 564 1766 ὕδωρ
589 1732 644 1761 τοῖς
668 1729 764 1764 διψῶσι
790 1729 903 1764 γίνεται,

119 1774 254 1809 προσάγει
274 1775 347 1808 ἡμᾶς
373 1775 432 1805 ταῖς
451 1774 609 1800 δυοκαίδεκα
636 1774 749 1808 πηγαῖς.
773 1773 820 1799 καὶ
846 1775 903 1805 τοῖς

119 1818 306 1853 ἑϐδομήκοντα
326 1818 434 1852 φοίνιξι,
455 1818 595 1849 τουτέστι,
615 1819 648 1852 τῇ
669 1817 718 1843 τοῦ
737 1817 904 1851 Εύαγγελίου

118 1862 293 1898 διδασκαλίᾳ,
309 1863 337 1889 ὲν
383 1863 471 1897 πηγαὶ
487 1863 536 1897 μέν
556 1863 608 1888 εἱσι
623 1862 782 1889 δυοκαίδεκα
801 1863 826 1888 οἱ
839 1862 906 1888 ἁπό-

120 1906 209 1933 στολοι
219 1925 226 1937 .
243 1906 385 1938 τοσούτους
400 1906 448 1933 τοῦ
466 1907 567 1941 Κυρίου
583 1907 650 1941 πρὸς
665 1907 714 1942 τὴν
726 1907 822 1941 χρείαν
841 1907 907 1933 ταύ-

119 1959 171 1986 την
184 1952 374 1987 ὲκλεξαμένου,
400 1953 446 1979 καὶ
462 1951 596 1986 πηγάζειν
618 1952 650 1979 δι’
664 1952 753 1978 αὐτῶν
773 1952 818 1979 τὸν
829 1952 906 1986 λόγον

123 1998 285 2033 ποιήσαντος
295 2007 301 2012 ·
316 1998 353 2030 ὡς
370 1998 416 2025 καί
431 2007 491 2025 τινα
513 1998 567 2024 τῶν
586 1998 733 2034 προφητῶν
749 2006 907 2033 προαναφω-

119 2043 203 2078 νῆσαι
217 2044 266 2078 τὴν
282 2045 315 2070 ὲκ
331 2043 385 2070 τῶν
400 2043 556 2070 ἀποστόλων
569 2043 704 2078 βρύουσαν
716 2043 807 2078 χάριν,
823 2043 851 2069 ὲν
867 2039 908 2074 οῖς

119 2096 232 2124 (meum
242 2088 285 2115 ‘Ev
301 2088 459 2122 ἐκκλησίαις
471 2088 605 2123 εὐλογεῖτε
620 2089 666 2115 τὸν
684 2088 750 2115 Θεὸν
761 2088 861 2124 Κύριον
877 2089 909 2114 ὲκ

119 2133 219 2168 πηγῶν
240 2133 372 2169 Ἰσραήλ.)
381 2133 578 2170 Ἑϐδομήκοντα
589 2134 603 2160 δ
612 2131 718 2160 ’ἂνεῖεν
736 2134 867 2168 φοίνικες,
883 2135 907 2161 οι

119 2178 192 2205 κατὰ
208 2179 298 2205 πᾶσαν
305 2178 354 2213 τὴν
364 2178 523 2214 οἰκουμένην
536 2177 587 2211 ἔξω
598 2178 653 2204 τῶν
665 2178 767 2206 δώδεκα
779 2179 908 2215 μαθητῶν

120 2219 402 2259 ἐπιχειροτονηθέντες
416 2223 577 2257 ἀπόστολοι,
593 2223 714 2250 τοσοῦτοι
732 2224 777 2250 τὸν
793 2225 908 2259 ἀριθμὸν

117 2268 208 2299 ὄντες,
225 2269 304 2299 ὅσους
321 2266 391 2295 εἶναί
411 2277 493 2303 φησιν
506 2269 522 2303 ἡ
537 2268 640 2303 ιστορία
653 2268 716 2300 τοὺς
732 2270 866 2302 φοίνικας.

164 2313 233 2339 Ἀλλ’
248 2314 423 2340 ἐπισπεύδειν
438 2311 515 2348 οἶμαι
532 2315 680 2349 προσήκειν
691 2314 741 2350 τὴν
753 2314 907 2350 ὁδοιπορίαν

116 2359 164 2386 διὰ
183 2360 231 2386 τοῦ
251 2360 330 2395 λόγου
343 2381 350 2392 ,
370 2361 403 2387 δι’
419 2361 525 2395 ὀλίγων,
546 2357 583 2387 ὧν
607 2361 791 2396 παρεθέμεθα,
814 2360 909 2396 ῥᾳδίαν

115 2406 176 2436 τοῖς
193 2405 417 2442 φιλοπονωτέροις
430 2406 479 2441 τὴν
490 2406 606 2441 θεωρίαν
619 2408 779 2441 ποιήσαντες
791 2405 845 2432 τῶν
857 2405 912 2432 λοι-

115 2450 180 2477 πῶν
195 2451 384 2486 παρεμῦολῶν.
409 2451 517 2486 Ἀρεταὶ
526 2452 548 2478 δ’
564 2451 596 2478 ἃν
612 2449 666 2478 εἷεν
679 2452 707 2477 αἱ
725 2451 910 2487 παρεμὸολαί·

114 2494 164 2526 αἷς
176 2497 190 2522 ὁ
198 2496 237 2531 τῷ
248 2495 335 2530 στύλῳ
345 2496 394 2530 τῆς
404 2495 515 2530 νεφέλης
526 2495 666 2531 ἑπόμενος,
677 2496 794 2531 καθεξῆς
811 2496 912 2531 προῖὼν

114 2540 361 2576 ὲνστρατοπεδεύει
385 2541 433 2566 καὶ
459 2541 639 2568 ἀναπαύεται.
671 2542 726 2573 Τὰς
752 2539 798 2568 οὖν
822 2543 850 2568 ὲν
872 2541 911 2577 τῷ

114 2586 197 2622 μέσῳ
216 2587 379 2621 καταγωγὰς
401 2587 524 2623 ὑπερϐὰς
545 2589 584 2623 τῷ
600 2588 682 2623 λόγῳ,
705 2588 755 2622 τῆς
774 2588 844 2614 κατὰ
859 2588 909 2624 τὴν

112 2633 223 2667 πέτραν
239 2632 453 2667 θαυματοποιῒας
475 2634 712 2669 ἐπιμνησθήσομαι
723 2655 729 2667 ,
751 2631 784 2669 ἦς
799 2634 815 2669 ἡ
829 2634 910 2668 φύσις

111 2678 130 2712 ἠ
148 2678 298 2713 ἀντιτυττὴς
312 2679 359 2705 καὶ
371 2679 538 2714 στερέμνιος,
553 2680 634 2706 ποτὸν
649 2681 705 2711 τοῖς
719 2679 831 2714 διψῶσιν
847 2681 910 2714 ὲγέ-

111 2731 191 2754 νετο,
209 2724 248 2754 εἰς
263 2723 357 2755 ὓδατος
379 2724 553 2761 μαλακότητα
566 2725 617 2761 τῆς
637 2725 798 2758 ἀντιτυπίας
812 2726 910 2753 ἀναλυ-

153 2811 175 2825 ³’
195 2809 266 2838 Psal.
284 2819 369 2844 uvn,
383 2812 420 2838 27

953 1595 1071 1622 ordine?
1089 1595 1161 1630 quod
1174 1595 1280 1622 scilicet
1297 1596 1388 1622 crucis
1406 1596 1578 1630 mysterium.
1598 1604 1652 1631 quo
1666 1600 1742 1631 pota-

954 1641 1016 1667 bilis
1031 1641 1142 1668 virlutis
1158 1648 1227 1675 aqua
1244 1641 1401 1668 sitientibus
1419 1641 1458 1674 iit.
1473 1641 1505 1668 ad
1523 1641 1667 1669 duodecim
1683 1641 1742 1669 fon-

954 1689 995 1713 tes
1011 1693 1043 1713 ae
1059 1685 1231 1720 septuaginta
1243 1686 1359 1720 palmas,
1376 1685 1427 1713 hoc
1438 1690 1490 1718 est,
1507 1686 1540 1713 ad
1552 1686 1741 1721 Evangelicam

955 1738 1005 1757 nos
1019 1730 1130 1758 adducit
1147 1730 1309 1763 doctrinam,
1331 1731 1358 1757 in
1376 1738 1429 1764 qua
1441 1730 1531 1758 fontes
1548 1731 1657 1765 quidem
1672 1731 1742 1758 duo-

955 1777 1040 1803 decim
1051 1781 1116 1803 sunt
1132 1776 1183 1810 ipsi
1199 1776 1317 1810 apostoli
1332 1783 1339 1801 :
1357 1775 1499 1802 duodecim
1513 1776 1584 1803 enim
1599 1776 1632 1802 ad
1648 1776 1742 1810 praadi-

955 1821 1073 1848 candum
1104 1820 1279 1855 Evangelium
1310 1820 1443 1848 Dominus
1469 1821 1567 1856 elegit.
1599 1829 1646 1856 per
1672 1829 1741 1856 quos

956 1866 1092 1900 Evangelii
1113 1866 1233 1893 sonitum
1251 1873 1380 1893 emanare
1405 1864 1499 1893 voluit.
1520 1863 1644 1900 Namque
1677 1874 1743 1901 apo-

957 1910 1034 1937 stolis
1049 1917 1208 1937 concessam
1224 1910 1356 1938 divinitus
1369 1910 1484 1945 gloriam
1498 1909 1643 1937 Psalmista
1658 1911 1743 1937 multo

957 1959 1020 1982 ante
1034 1955 1143 1987 cecinit,
1169 1954 1215 1982 ubi
1228 1955 1295 1982 dicit
1313 1955 1340 1982 in
1359 1955 1551 1983 cantionibus:
1569 1954 1744 1983 «Benedicitc

958 1999 1101 2027 Dominum
1118 2000 1202 2027 Deum
1217 2008 1250 2027 ex
1265 2000 1386 2029 fontibus
1401 2001 1484 2028 Israel
1495 2001 1543 2027 ".I
1568 2000 1743 2037 Septuaginta

957 2053 1023 2073 vero
1038 2046 1132 2081 palma:
1150 2051 1211 2081 post
1224 2046 1367 2074 duodecim
1383 2047 1532 2082 discipulos
1545 2048 1662 2075 ordinati
1678 2056 1744 2083 apo~

959 2093 1021 2119 stoli
1047 2096 1128 2124 sunt,
1157 2092 1203 2127 qui
1235 2092 1262 2119 in
1291 2093 1448 2120 universum
1482 2097 1615 2120 terrarum
1650 2094 1743 2121 orbem

959 2137 1066 2170 emissi,
1100 2141 1139 2163 tot
1164 2144 1278 2164 numero
1302 2137 1412 2164 fuerunt
1437 2143 1503 2174 quot
1528 2139 1631 2172 palmas
1661 2138 1745 2166 fuisse

962 2187 1055 2210 narrat
1074 2183 1199 2209 historia.

999 2317 1098 2345 Verum
1121 2318 1250 2353 quoniam
1267 2324 1327 2352 qua:
1350 2317 1480 2352 deinceps
1499 2321 1646 2344 narrantur
1669 2325 1746 2344 man-

961 2364 1064 2396 siones,
1081 2372 1128 2399 per
1140 2372 1170 2391 ea
1188 2372 1249 2399 qum
1267 2365 1388 2392 diximus
1401 2365 1493 2392 faciles
1509 2368 1573 2392 sunt
1590 2364 1744 2392 intellectu:

965 2410 1080 2437 virtutes
1095 2411 1167 2437 enim
1185 2410 1251 2437 mihi
1273 2410 1427 2445 signiﬁcare
1440 2411 1577 2442 videntur,
1595 2410 1622 2436 in
1646 2411 1746 2444 quibus

962 2454 1008 2489 qui
1027 2454 1125 2482 nubem
1148 2455 1284 2489 sequitur,
1297 2460 1387 2482 castra
1401 2457 1518 2481 metatur
1533 2459 1559 2481 et
1581 2455 1744 2489 requiescit:

961 2506 1009 2526 eas
1024 2499 1164 2526 brevitatis
1180 2506 1263 2526 causa
1289 2503 1385 2533 sponte
1405 2502 1603 2534 transgressus,
1620 2500 1744 2526 miraculi

961 2552 1017 2571 non
1041 2544 1188 2572 obliviscar
1209 2544 1300 2576 illius,
1328 2552 1382 2578 quo
1405 2544 1473 2570 dura
1493 2549 1519 2570 et
1538 2545 1624 2571 solida
1649 2544 1746 2578 lapidis

962 2594 1060 2617 natura
1091 2591 1119 2617 in
1156 2597 1287 2624 aquarum
1323 2596 1456 2616 conversa
1485 2589 1636 2620 mollitiem,
1666 2593 1745 2623 potus

963 2635 1118 2662 sitientibus
1134 2634 1204 2661 facta
1220 2639 1271 2662 est.
1286 2634 1415 2667 Quamvis
1427 2642 1481 2661 non
1502 2635 1537 2661 sit
1552 2633 1660 2660 diiTxeile
1680 2641 1746 2660 ana-

963 2681 1064 2716 gogicae
1079 2680 1259 2715 speculationi
1274 2681 1372 2708 seriem
1389 2680 1509 2707 historiae
1524 2680 1653 2714 adaplare
1665 2683 1747 2714 atque

963 2730 1134 2754 connectere.
1152 2725 1217 2753 Nam
1236 2725 1283 2761 qui
1300 2725 1456 2761 [Egyptium
1472 2725 1499 2752 in
1515 2725 1592 2760 aquis
1608 2728 1746 2752 mortuum
