1977 3071
256 147 308 174 567

887 142 915 169 S.
936 141 1101 169 CRECORII
1122 140 1164 168 ΝΥ
1171 139 1269 168 SSENI

1830 139 1878 167 368

255 201 410 236 dereliquit,
436 205 462 227 et
483 207 575 227 amara
603 199 677 234 ligno
690 198 780 225 crucis
794 197 885 225 dulcia
911 198 963 225 sibi
980 204 1038 224 con-

1097 196 1200 232 θείσης.
1235 196 1303 222 Ἀλλ’
1329 195 1415 227 οὐδεὶς
1433 195 1513 227 πόνος
1541 195 1732 231 προσαρμόσαι
1755 196 1787 231 τῇ
1811 197 1879 223 κατὰ

257 247 331 279 fecit,
345 251 372 274 et
386 246 558 273 abundanter
574 253 606 272 ex
624 244 746 271 fontibus
766 243 924 278 apostolicis
941 250 972 270 ac
992 243 1044 270 sub

256 293 353 319 umbra
366 291 516 326 palmarum
529 290 672 325 requievit.
688 290 712 316 is
722 289 778 323 jam
793 289 826 315 ad
840 287 1042 323 suscipiendum

257 337 341 365 Deum
355 338 382 363 lit
398 337 522 364 idoneus.
534 336 615 370 Lapis
627 335 711 367 enim,
729 339 758 361 ut
769 334 902 369 Apostolo
911 334 999 368 placet
1009 333 1042 365 ³⁸,

256 382 382 409 Christus
396 386 448 413 est,
477 381 568 409 siccus
588 385 614 408 et
638 381 724 408 durus
743 380 855 407 nimium
877 379 1042 409 inﬁdelibus.

255 428 299 454 cui
315 427 337 454 si
356 428 402 462 qui
419 427 522 461 virgam
538 426 599 453 ﬁdei
619 426 766 457 adducant,
781 429 862 460 potus
882 425 909 452 Iit
924 425 1043 452 sitienti-

256 473 307 500 bus
324 473 394 499 intro
407 473 433 499 in
449 472 522 506 ipsos
537 471 625 498 ﬂttens
639 475 720 506 atque
735 478 860 498 manans.
880 480 888 495 ι
900 471 955 504 Ego
970 471 1042 497 enim

255 523 282 545 et
295 518 374 545 Pater
391 526 497 549 tuens,»
518 517 616 552 inquit,
637 517 808 548 tveniemns,
830 519 856 542 et
876 516 1042 542 mansionem

255 563 284 590 in
308 564 366 598 ipso
393 563 526 590 faciemus
539 563 588 588 ".i
614 562 684 589 Illud
697 569 761 589 vero
782 560 1041 596 pra‘termitteudum

255 608 329 635 nullo
342 613 419 643 pacto
429 612 481 640 est,
497 607 569 642 quod
586 612 762 642 posteaquam
777 614 850 633 mare
862 607 1041 638 transierunt,

255 658 430 688 posteaquam
461 653 613 679 amaritudo
640 659 774 686 aquarum
809 652 911 679 sitienti
943 652 1043 679 virtute

254 698 318 732 ligni
342 698 368 725 in
392 697 563 725 dulcedinem
587 704 719 724 conversa
733 701 786 728 est,
804 700 981 731 posteaquam
996 697 1044 724 de-

254 744 347 770 liciosi‘.
365 742 436 777 apud
454 742 542 770 fontes
557 747 584 770 et
599 743 706 777 palmas
720 742 840 772 fuerunt,
862 747 956 777 postea
969 741 1042 769 deni-

252 797 305 823 que
321 796 403 823 qnam
420 796 452 815 ex
470 788 558 823 lapide
572 788 710 819 biberunt,
728 793 793 815 tunc
806 795 866 822 quae
877 788 911 815 ab
924 787 1041 823 [Egypto

252 833 349 860 viatica
367 837 394 860 et
411 833 487 860 cibos
501 833 554 860 sibi
577 838 785 867 assumpserunt
808 833 917 867 penitus
933 840 980 860 eos
994 833 1040 860 de-

251 878 383 911 fecerunt,
413 882 478 905 tunc
493 879 565 905 omn‘l
590 879 757 905 nutrimento
780 878 852 912 quod
871 878 905 904 ab
922 877 1047 912 (Egypto.

252 923 377 950 ferebant
390 923 545 958 absumpto,
561 923 678 958 desuper
691 923 741 950 sibi
755 922 849 950 deﬂuit
861 923 938 950 cilius
950 924 1041 950 varius

251 969 331 996 simul
346 974 373 996 et
391 969 515 1003 simplex.
536 967 655 1002 Simplex
674 969 732 995 visu
747 974 828 1002 alque
849 968 957 999 unicus,
973 977 1042 1002 qua-
1062 974 1067 980 '

251 1014 327 1042 litate
346 1015 448 1046 varius,
466 1014 498 1041 ad
515 1015 684 1048 singulorum
701 1015 865 1050 cupiditates
876 1022 906 1041 se
920 1019 1038 1042 vertens.

251 1059 322 1091 Quid
342 1060 425 1094 igitur
439 1060 501 1086 hinc
519 1059 667 1087 discimus?
684 1059 755 1094 quod
771 1067 796 1092 ο,
808 1065 895 1086 orteat
916 1061 968 1086 vidi
980 1061 1041 1088 licet

250 1105 312 1136 (ide,
330 1106 504 1140 baptismate,
526 1106 629 1137 labore,
646 1106 719 1131 omni
735 1106 845 1137 virtute,
861 1107 935 1132 omni
953 1106 1041 1133 Evan-

249 1150 335 1184 gt-lica
349 1150 484 1180 doctrina,
502 1150 619 1176 mundos
639 1157 777 1184 purosque
797 1150 904 1178 animos
932 1155 1040 1178 nostros

250 1196 351 1227 facere,
362 1195 396 1222 ita
411 1195 559 1222 utomnino
568 1195 713 1229 alienigcni
727 1202 826 1228 mores,
844 1199 870 1222 et
880 1195 1040 1230 Egyptiaca

249 1242 314 1273 vita,
337 1242 464 1268 vitiorum
481 1241 585 1268 scilicet
601 1241 722 1267 onmium
746 1241 837 1272 turba,
859 1248 909 1268 nos
922 1241 1038 1274 deﬁciat,

248 1292 274 1314 et
291 1286 400 1313 demmn
418 1286 551 1320 depurato
570 1285 756 1319 defaecatoque
779 1285 882 1317 animo,
899 1286 1039 1313 cmlestem

248 1331 339 1358 cibum
359 1339 420 1358 esse
436 1330 652 1364 suscipiendum,
673 1338 753 1364 quem
772 1330 846 1357 nulla
871 1330 949 1358 nobis
969 1331 1040 1357 satio

248 1377 421 1411 agriculturze
440 1376 545 1402 artibus
558 1375 696 1409 produxit.
714 1375 767 1402 Sed
784 1376 861 1410 panis
876 1379 918 1403 est
936 1376 1040 1410 absque

248 1423 364 1454 semine,
376 1423 479 1456 absque
494 1421 627 1454 aratione,
642 1422 746 1456 absque
758 1421 812 1448 alio
824 1422 943 1448 humano
957 1430 1040 1456 opere

249 1468 327 1494 nobis
355 1472 477 1501 paratus.
505 1466 528 1494 Is
554 1467 673 1501 desuper
700 1466 823 1494 deﬂuens
838 1467 865 1494 in
889 1467 972 1494 terris
998 1468 1039 1494 in-

1095 242 1239 277 ἀναγωγὴν
1260 241 1360 277 θεωρίᾳ
1383 241 1430 276 τὴν
1447 242 1495 276 τῆς
1519 241 1639 276 ἱστορίας
1655 241 1823 269 ἀκολουθίαν.
1852 242 1878 268 '0

1095 288 1149 324 γὰρ
1170 289 1198 314 ὲν
1219 288 1257 323 τῷ
1275 287 1351 314 ὕδατι
1374 286 1531 314 καταλιπὼν
1549 287 1645 322 νεκρὸν
1658 287 1703 314 τὸν
1719 287 1878 321 Αίγύπτιον,

1094 334 1190 368 καὶτῷ
1206 333 1276 369 ξύλῳ
1290 333 1450 367 γλυκανθεὶς
1462 354 1468 365 ,
1488 333 1535 359 καὶ
1558 334 1617 364 ταῖς
1632 333 1823 364 ἀποστολικαῖς
1838 334 1879 360 ὲν-

1093 380 1233 414 τρυφήσας
1247 381 1358 414 πηγαῖς,
1372 379 1424 405 ὑπό
1436 388 1465 405 τε
1482 380 1514 414 τῇ
1529 379 1593 414 σκιᾷ
1605 379 1659 405 τῶν
1674 379 1802 412 φοινίκων
1820 380 1879 406 ἀνα-

1094 425 1276 459 παυσάμενος,
1289 423 1366 456 οἶδτος
1381 425 1430 460 ἤδη
1439 425 1486 451 καὶ
1493 424 1539 451 τοῦ
1550 423 1617 450 Θεοῦ
1628 423 1750 455 δεκτικὸς
1766 424 1878 458 γίνεται.

1099 470 1131 496 'H
1148 470 1201 505 γὰρ
1212 470 1310 505 πέτρα,
1322 470 1411 502 καθώς
1429 479 1509 504 φησιν
1520 471 1534 496 6
1555 469 1724 501 Ἀπόστολος,
1738 470 1752 495 6
1766 470 1880 505 Χριστός

1094 515 1166 540 ἐστιν
1178 535 1186 546 ,
1205 515 1319 549 ἄνικμός
1339 523 1380 546 τις
1400 515 1447 541 καὶ
1463 515 1611 550 ἁντιτυπὴς
1624 515 1680 545 τοῖς
1701 515 1824 546 ἀπίστοις
1834 522 1841 528 ·
1856 515 1880 541 εἰ

1092 560 1120 586 δέ
1140 569 1180 592 τις
1198 561 1331 595 προσάγοι
1346 561 1395 595 τὴν
1408 560 1505 595 ρἁδον
1517 560 1567 595 τῆς
1585 560 1711 591 πίστεως,
1731 560 1810 591 ποτὺς
1824 561 1879 590 τοῖς

1092 605 1189 640 διψῶσι
1203 606 1355 640 γινόμενος,
1371 607 1417 632 καὶ
1435 606 1509 638 ἐντὸς
1525 606 1578 632 τῶν
1593 602 1786 641 εἰσδεχομένων
1800 606 1880 633 αὐτὸν

1096 652 1235 687 είσρέων.ι
1246 651 1316 686 Ἐγὼ
1330 652 1395 687 γὰρ,
1417 652 1492 687 φησὶ,
1509 651 1555 678 καὶ
1570 653 1584 678 ὁ
1600 652 1693 687 Πατήρ
1709 661 1759 686 μου
1775 652 1880 678 ἐλευσό-

1094 698 1181 733 μεθα,
1198 699 1245 725 καὶ
1262 698 1344 734 μονὴν
1359 699 1423 735 παρ’
1440 698 1515 734 αὐτῷ
1540 698 1834 734 ποιησόμεθα.›”Δξιον
1851 699 1880 729 δὲ

1094 744 1160 779 μηδὲ
1181 743 1259 770 τοῦτο
1287 744 1475 779 παραδραμεῖν
1497 743 1652 779 ἀθεώρητον
1665 763 1672 776 ,
1694 744 1735 770 ὅτι
1757 744 1825 779 μετὰ
1850 745 1880 771 τδ

1091 789 1216 824 διαϐῆναι
1237 790 1286 825 τὴν
1309 790 1457 822 θάλασσαν,
1481 790 1528 817 καὶ
1549 789 1732 824 γλυκανθῆναι
1756 791 1810 822 τοῖς
1829 790 1880 825 τῆς

1093 834 1193 870 ἀρετῆς
1207 835 1356 871 ὁδοιπόροις
1368 835 1398 862 τὸ
1411 835 1492 870 ὕδωρ,
1505 836 1550 863 καὶ
1563 835 1631 870 μετὰ
1641 835 1690 870 τὴν
1703 835 1791 871 ἁδρὰν
1806 836 1879 862 ὲκεί-

1092 889 1140 915 νην
1155 880 1292 915 διαγωγὴν
1303 901 1310 911 ,
1329 881 1378 916 τὴν
1394 881 1464 907 κατά
1482 881 1532 913 τὰς
1547 881 1637 916 πηγὰς
1652 881 1700 907 καὶ
1715 881 1778 912 τοὺς
1792 881 1880 914 φοίνι-

1092 934 1153 957 κας,
1171 927 1218 952 καὶ
1231 925 1299 961 μετὰ
1311 925 1341 952 τδ
1355 928 1427 954 πιεῖν
1434 928 1465 953 ὲκ
1473 927 1522 962 τῆς
1532 927 1632 962 πέτρας
1638 926 1699 953 τότε
1711 925 1849 957 παντελῶς
1861 927 1879 961 ἠ

1092 971 1145 997 τῶν
1159 971 1316 1005 Αἰγυπτίων
1331 970 1445 1005 ἐφοδίων
1457 971 1592 1005 ἐπίλειψις
1607 971 1720 1005 γίνεται.
1739 972 1793 998 Καὶ
1809 971 1880 998 οὕτω

1093 1016 1227 1051 μηδεμιᾶς
1250 1016 1339 1047 αὐτοῖς
1361 1016 1571 1052 ὑπολειφθείσης
1592 1016 1740 1050 ἀλλοφύλου
1759 1017 1880 1052 τροφῆς,

1090 1062 1124 1096 ἣν
1138 1061 1167 1094 ἐξ
1182 1062 1317 1095 Αἰγύπτου
1337 1062 1534 1094 ἐπεσιτίσαντο,
1552 1062 1653 1089 ἄνωθεν
1667 1063 1802 1098 ἐπιρῤεῖὴ
1817 1071 1881 1098 τρο-

1092 1105 1138 1141 φὴ,
1157 1107 1264 1141 ποικίλη
1280 1115 1321 1138 τις
1336 1107 1394 1141 ἄμα
1409 1107 1456 1133 καὶ
1470 1107 1608 1143 μονοειδὴς
1623 1105 1699 1135 οὖσα.
1712 1107 1748 1134 Τὸ
1762 1107 1811 1143 μὲν
1824 1109 1880 1143 γὰρ

1092 1151 1252 1186 φαινόμενον
1275 1152 1409 1186 μονοειδὲς
1431 1150 1475 1187 ἦν,
1498 1154 1514 1186 ἡ
1529 1152 1557 1178 δὲ
1582 1153 1692 1188 ποιότης
1711 1152 1742 1178 τὺ
1758 1153 1881 1180 ποικίλον

1091 1194 1173 1231 εἶχεν,
1201 1197 1308 1232 ἑκάστῳ
1325 1198 1486 1232 προσφόρως
1505 1198 1573 1224 κατὰ
1590 1198 1619 1224 τὸ
1634 1196 1703 1229 εἶδος
1719 1199 1767 1233 τῆς
1784 1198 1880 1225 ὲπιθυο

1093 1241 1155 1275 μίας
1170 1242 1342 1276 ἐγγενομένη.
1356 1242 1387 1267 Τί
1398 1240 1444 1268 οὖν
1456 1242 1528 1268 ἐστιν
1539 1242 1553 1268 6
1564 1242 1751 1277 μανθάνομεν;
1762 1242 1794 1268 δι’
1809 1243 1880 1269 ὅσων

1091 1288 1224 1322 προσήκει
1240 1287 1398 1322 καθαρσίων
1415 1288 1510 1314 ἑαυτὸν
1522 1287 1674 1322 ἐκκαθᾶραι
1693 1296 1753 1314 τινα
1769 1287 1819 1322 τῆς
1830 1289 1879 1314 At-

1090 1332 1207 1365 γυπτίας
1227 1340 1255 1358 τε
1277 1333 1322 1358 καί
1337 1331 1486 1365 ἀλλοφύλου
1500 1331 1573 1366 ζωῆς
1585 1340 1591 1347 ·
1609 1332 1679 1359 ὥστε
1696 1333 1811 1359 κενῶσαι
1833 1333 1880 1359 τὸν

1089 1377 1139 1411 τῆς
1163 1376 1252 1411 ψυχῆς
1274 1377 1356 1403 αὑτοῦ
1375 1377 1491 1403 θύλακον
1511 1378 1601 1412 πάσης
1622 1378 1672 1412 τῆς
1691 1378 1762 1404 κατά
1778 1378 1880 1405 κακίαν

1089 1423 1209 1458 τροφῆς,
1232 1423 1265 1457 ἢν
1286 1422 1467 1450 σιτοποιοῦσιν
1490 1424 1515 1449 οἱ
1539 1423 1700 1457 Αἰγύπτιοι·
1721 1424 1768 1451 καὶ
1791 1424 1881 1455 οὕτως

1090 1469 1138 1503 τὴν
1153 1469 1255 1495 ἄνωθεν
1271 1469 1416 1496 κατιοῦσαν
1439 1468 1542 1503 τροφὴν
1557 1470 1584 1495 ἐν
1607 1469 1695 1504 ἐαυτῷ
1718 1471 1823 1505 καθαρᾷ
1846 1472 1880 1506 τῇ

248 1514 368 1546 venitur;
395 1514 472 1547 panis
498 1513 570 1540 enim
599 1513 647 1548 qui
672 1513 705 1540 de
729 1513 799 1540 coelo
820 1513 970 1546 descendit,
991 1514 1036 1548 qui

1090 1514 1160 1549 ψυχῇ
1176 1513 1300 1546 δέξασθαι
1315 1522 1321 1528 ·
1338 1515 1370 1548 ἢν
1384 1515 1413 1540 οὐ
1429 1514 1517 1549 σπορὰ
1532 1515 1597 1549 ἡμῖν
1608 1516 1665 1546 τοῖς
1679 1515 1710 1540 ἐκ
1727 1516 1881 1548 γεωπονίας

248 1567 329 1586 vcrus
342 1559 420 1585 cibus
436 1562 488 1590 est,
504 1559 550 1592 qui
568 1558 739 1593 aznigmaticc
756 1558 806 1585 hac
821 1558 935 1586 historia
952 1559 1038 1594 signi-

249 1603 356 1634 ﬁcatur,
375 1610 429 1629 non
446 1603 607 1637 incorporea
620 1603 744 1637 quaedam
763 1595 807 1629 res
822 1608 873 1629 est.
893 1602 952 1635 Quo
965 1604 1036 1630 enim

248 1653 328 1683 pacto
345 1656 388 1675 res
409 1649 571 1683 incorporea
592 1648 700 1683 corpori
725 1648 802 1675 cibus
825 1648 891 1675 ﬁet?
915 1656 957 1676 res
975 1656 1038 1676 vero

248 1700 309 1727 qua:
322 1692 484 1726 incorporea
503 1699 556 1718 non
573 1695 626 1722 est,
639 1699 740 1726 corpus
760 1692 872 1719 omnino
882 1696 934 1719 est.
949 1692 1037 1727 liuius

248 1738 372 1773 corporis
388 1745 483 1772 panem
505 1745 559 1764 non
573 1738 671 1769 aratio,
693 1745 747 1764 non
764 1738 844 1768 satio,
862 1746 915 1764 non
929 1739 1035 1773 agrico-

248 1783 335 1810 larum
350 1791 419 1818 opus
441 1782 533 1813 ellicit.
561 1782 609 1810 sed
625 1786 696 1810 terra
714 1783 815 1810 intacta
831 1785 991 1818 permansit,
1008 1789 1035 1811 et

249 1832 337 1855 tamen
352 1836 421 1862 pane
439 1828 518 1862 plena
533 1827 595 1860 fuit,
615 1835 668 1863 qtto
684 1827 864 1856 famescentes
877 1829 1034 1864 mysterium

249 1872 368 1908 Virginis
378 1873 499 1907 perdocti
513 1873 591 1902 facile
621 1877 792 1900 saturantur.
810 1873 835 1900 Is
853 1873 934 1912 igitur
954 1875 1036 1901 mira-

249 1918 310 1945 bilis
325 1918 384 1945 sine
395 1919 563 1953 agricultura
577 1919 656 1954 panis
667 1923 693 1946 et
705 1919 817 1946 verbum
830 1923 886 1946 est:
905 1920 1036 1948 varietate

248 1961 387 1996 qualitatis
405 1962 437 1989 ad
462 1963 669 1998 suscipientium
687 1964 887 1995 habitudinem,
907 1966 1034 1992 virtutem

247 2014 325 2033 Suam
343 2012 503 2035 commutat.

1088 1561 1231 1595 ἀνέφυσεν,
1247 1560 1304 1586 ἀλλ’
1320 1561 1426 1595 ἕτοιμος
1441 1561 1523 1595 ἄρτος
1542 1560 1662 1596 ἄσπορος
1674 1570 1703 1587 τε
1721 1562 1766 1587 καὶ
1777 1562 1880 1596 ἀνήρο-

1087 1615 1146 1637 τος,
1162 1606 1264 1633 ἄνωθεν
1280 1606 1329 1641 μὲν
1344 1606 1445 1632 κατιὼν
1456 1626 1462 1636 .
1484 1607 1530 1632 ἐπὶ
1551 1607 1580 1633 δὲ
1601 1607 1652 1641 γῆς
1667 1607 1878 1642 εὑρισκόμενος.

1087 1652 1165 1683 Νοεῖς
1180 1653 1208 1678 δὲ
1225 1652 1335 1683 πάντως
1359 1652 1407 1687 τὴν
1424 1652 1510 1686 ἀληθῆ
1525 1652 1626 1687 ταύτην
1650 1652 1752 1687 βρῶσιν
1769 1653 1814 1679 διὰ
1829 1653 1880 1679 τοῦ

1087 1697 1157 1724 κατά
1177 1698 1226 1732 τὴν
1248 1697 1367 1732 ἱστορίαν
1382 1697 1553 1731 αἰνίγματος,
1570 1698 1611 1723 ὅτι
1630 1699 1644 1724 6
1664 1697 1744 1732 ἄρτος
1759 1699 1773 1724 ὁ
1786 1699 1817 1724 ἐκ
1830 1699 1880 1725 τοῦ

1087 1742 1202 1777 οὐρανοῦ
1221 1742 1352 1775 καταϐὰς,
1363 1743 1413 1768 οὐκ
1428 1742 1574 1777 ἀσώματόν
1586 1751 1611 1769 τι
1624 1744 1719 1778 χρῆμά
1730 1745 1797 1770 ἐστι.
1813 1744 1880 1776 Πῶς

1088 1788 1141 1822 γὰρ
1159 1787 1192 1814 ἂν
1218 1787 1323 1822 σώματι
1339 1788 1425 1823 τροφὴ
1444 1788 1547 1821 γένοιτο
1568 1788 1598 1814 τὺ
1613 1788 1776 1824 ἀσώματον;
1791 1789 1829 1816 Τὸ
1849 1790 1880 1816 δὲ

1091 1832 1128 1867 μὴ
1139 1832 1283 1867 ἀσώματον
1294 1853 1300 1863 ,
1319 1832 1397 1867 σῶμα
1420 1833 1529 1864 πάντως
1549 1834 1617 1860 ἐστι.
1633 1834 1670 1860 Τὺ
1681 1834 1710 1860 δὲ
1726 1834 1804 1870 σῶμα
1819 1835 1880 1862 τού-

1088 1886 1134 1904 του
1145 1878 1191 1904 τοῦ
1205 1878 1287 1913 ἀρτου
1302 1877 1363 1905 οὔτε
1382 1878 1477 1913 ἄροσις
1500 1878 1562 1905 οὔτε
1577 1879 1665 1915 σπορὰ
1681 1880 1858 1916 ἐγεώργησεν
1870 1889 1877 1895 ·

1088 1923 1145 1949 ἀλλ’
1169 1924 1186 1955 ἡ
1202 1923 1237 1958 γῆ
1250 1923 1294 1949 οἶα
1310 1924 1369 1949 ἐστὶ
1388 1923 1512 1958 μείνασα,
1530 1924 1637 1960 πλήρης
1656 1925 1811 1959 εὑρίσκεται
1826 1925 1877 1960 τῆς

1089 1967 1163 1998 Θείας
1179 1967 1279 2002 ταύτης
1294 1967 1406 2002 τροφῆς,
1426 1964 1459 2002 ἦς
1478 1969 1502 1993 ot
1516 1968 1661 2000 πεινῶντες
1677 1969 1829 2004 μετέχουσι,
1846 1969 1878 1996 τὸ

1090 2012 1160 2038 κατὰ
1174 2012 1222 2047 τὴν
1234 2013 1371 2048 Παρθένον
1385 2013 1534 2047 μυστήριον
1545 2013 1588 2039 διὰ
1600 2014 1648 2048 τῆς
1660 2014 1878 2048 θαυματοποιῖας

247 2052 348 2088 ταύτης
363 2053 614 2088 προπαιδευόμενοι,
627 2047 711 2084 (Tino;
719 2053 806 2080 τοίνυν
819 2055 833 2081 6
847 2054 1023 2090 ἀγεώργητος
1033 2056 1112 2092 ἄρτος
1123 2059 1169 2084 καὶ
1183 2058 1268 2092 Λόγος
1277 2047 1345 2090 ἐστὶ,
1353 2057 1392 2093 τῷ
1402 2057 1538 2084 πολυειδεῖ
1544 2059 1593 2094 τῆς
1602 2047 1742 2095 ποιότητος
1749 2060 1817 2086 κατὰ
1825 2060 1877 2091 τὰς

247 2099 300 2126 τῶν
319 2099 461 2126 ἐσθιόντων
484 2097 701 2135 ὲπιτηδειότητας
723 2098 941 2132 συνεξαλλάσσων
959 2102 1008 2136 τὴν
1028 2102 1151 2138 δύναμιν.

284 2145 365 2172 Novit
382 2145 454 2172 enim
475 2152 528 2172 non
546 2145 634 2172 solum
652 2146 731 2180 panis
750 2153 820 2178 esse,
840 2154 932 2174 verum
948 2151 974 2174 et
991 2147 1032 2174 lac

249 2190 304 2218 ﬁeri
330 2196 436 2222 etcaro,
456 2196 483 2218 et
501 2191 572 2221 olus.
591 2191 722 2226 quidquid
746 2192 861 2226 denique
881 2194 1032 2220 assumenti

1123 2148 1183 2177 Οἵδε
1209 2150 1262 2186 γὰρ
1280 2151 1311 2177 οὐ
1339 2152 1418 2186 μόνον
1445 2152 1526 2186 ἄρτος
1547 2149 1627 2184 εἶναι,
1651 2151 1717 2178 ἀλλὰ
1740 2153 1787 2179 καὶ
1803 2152 1877 2187 γάλα

1086 2195 1219 2229 γίνεσθαι,
1250 2198 1297 2222 καὶ
1328 2197 1421 2232 κρέας,
1436 2197 1483 2223 καὶ
1502 2197 1628 2231 λάχανον,
1649 2199 1695 2224 καὶ
1707 2198 1802 2232 ὅτιπερ
1812 2196 1876 2234 ἆνῇ

247 2238 413 2264 conveniens
429 2241 455 2264 et
467 2237 615 2271 expetitum
631 2237 676 2270 sit,
690 2241 719 2264 ut
736 2237 886 2272 Apostolus
903 2239 970 2268 vult.
986 2239 1032 2273 qui

1090 2239 1139 2266 τῶν
1150 2229 1379 2275 προσφερομένων
1403 2229 1569 2276 κατάλληλόν
1583 2250 1613 2268 τε
1627 2241 1673 2268 καὶ
1689 2229 1875 2277 καταθύμιονῗ

248 2283 318 2309 hanc
334 2284 412 2310 nobis
428 2291 550 2310 mensam
565 2283 739 2317 praeparavit,
760 2283 786 2310 in
802 2283 827 2309 id
838 2288 1033 2312 commutatur.

249 2329 294 2356 Sic
309 2329 381 2355 enim
394 2329 502 2355 divinus
528 2329 572 2355 ille
584 2329 624 2355 vir
637 2328 847 2363 perfectioribus
860 2330 1032 2363 solidiorem,

247 2379 274 2401 et
303 2375 329 2400 in
354 2374 445 2400 carnis
469 2374 587 2408 speciem
606 2374 718 2400 verbum
740 2374 830 2401 cibum
856 2375 913 2402 ﬁeri
941 2375 1032 2407 docet,

249 2417 448 2446 infirmioribus
477 2419 559 2450 olus,
589 2418 739 2446 infantibus
772 2419 824 2447 lac.
858 2420 1034 2456 Quaecunque

248 2468 336 2491 autem
364 2465 397 2491 de
411 2464 474 2491 cibo
505 2464 551 2492 illo
582 2468 675 2491 narrat
708 2465 840 2497 historia,
875 2471 1033 2500 praecepta,

247 2513 405 2543 statutaque
440 2513 505 2536 sunt
542 2509 574 2536 ad
608 2509 677 2537 bene
707 2514 834 2544 recteque
864 2510 1033 2538 vivendum:

246 2555 388 2590 aequaliter
413 2555 484 2582 enim
503 2555 631 2582 omnibus
647 2556 817 2590 propositum
841 2555 925 2583 fuisse
943 2557 1033 2583 cibum

247 2605 405 2634 asseverat;
426 2608 474 2628 nec
496 2601 556 2636 plus
572 2605 618 2628 aut
645 2602 747 2632 minus,
777 2609 858 2636 quam
887 2601 1034 2636 indigentia

245 2647 379 2682 exigebat,
397 2655 411 2674 a
427 2647 607 2674 validioribus
635 2652 681 2674 aut
700 2646 928 2674 imbecillioribus
956 2648 1034 2675 colli-

233 2692 368 2725 -gcbatur.
387 2692 463 2724 Quod
482 2699 542 2718 meo
555 2691 660 2726 judicio
674 2692 822 2726 praeceptio
837 2691 959 2726 quaedam
978 2697 1031 2726 cst,

245 2743 341 2764 omnes
369 2736 554 2763 communiter
581 2736 740 2768 instruens,
779 2743 814 2764 ne
841 2736 919 2770 plura
947 2744 1030 2772 quam

280 2823 302 2837 ³⁸
324 2821 332 2847 l
352 2823 415 2848 Cor.
433 2831 460 2855 κ,
478 2823 503 2850 Δ.
543 2823 564 2838 ³⁸
577 2822 654 2850 Joau.
671 2831 725 2857 xw,
742 2823 787 2850 25.

1083 2285 1121 2316 ὡς
1133 2285 1253 2312 διδάσκει
1279 2287 1293 2312 6
1311 2286 1361 2321 τὴν
1381 2286 1511 2321 τοιαύτην
1536 2288 1592 2318 τοῖς
1608 2287 1690 2313 αὐτοῦ
1711 2288 1876 2322 παρατιθεὶς

1084 2330 1150 2364 ἡμῖν
1177 2330 1326 2365 τράπεζαν,
1345 2331 1450 2363 Παῦλος
1469 2333 1483 2358 6
1508 2332 1578 2363 θεῖος
1603 2332 1759 2364 ἀπόστολος,
1784 2334 1799 2359 6
1816 2335 1877 2364 τοῖς

1083 2375 1259 2410 τελειοτέροις
1275 2377 1454 2412 στερροτέραν
1469 2385 1498 2403 τε
1521 2378 1568 2404 καὶ
1585 2377 1690 2412 κρεώδη
1707 2377 1807 2412 βρῶσιν
1827 2378 1876 2404 τὸν

1083 2419 1160 2453 λόγον
1189 2420 1282 2450 ποιῶν,
1309 2421 1356 2447 καὶ
1380 2421 1496 2456 λάχανον
1511 2424 1567 2453 τοῖς
1595 2422 1808 2458 ἀσθενεστέροις,
1825 2424 1877 2450 καὶ

1085 2465 1157 2499 γάλα
1184 2467 1239 2496 τοῖς
1263 2466 1434 2502 νηπιάζουσι.
1456 2467 1495 2492 Τὰ
1518 2467 1540 2494 δ’
1560 2468 1608 2494 ὅσα
1623 2469 1686 2504 περὶ
1700 2469 1750 2504 τὴν
1771 2469 1877 2504 τροφὴν

1086 2511 1191 2545 ἐκείνην
1213 2512 1229 2544 ή
1260 2511 1363 2546 ἱστορία
1386 2511 1496 2544 διέξεισι
1512 2512 1648 2547 θαύματα,
1669 2514 1791 2548 δόγματα
1805 2514 1876 2549 πρὸς

1085 2555 1130 2582 τὸν
1143 2555 1202 2582 κατ’
1217 2556 1317 2591 ἀρετὴν
1331 2556 1387 2591 βίον
1405 2557 1471 2583 ὲστί.
1483 2558 1552 2593 Φησὶ
1569 2558 1633 2593 γὰρ,
1647 2559 1707 2593 ῐσην
1724 2560 1790 2586 πᾶσι
1803 2568 1875 2595 προ-

1086 2602 1191 2628 κεῖσθαι
1214 2602 1263 2637 τὴν
1279 2602 1329 2636 τῆς
1345 2602 1447 2637 τροφῆς
1465 2604 1620 2638 μετουσίαν,
1636 2605 1712 2630 οὐδὲν
1730 2605 1799 2631 κατὰ
1813 2605 1877 2632 δια-

1086 2647 1171 2682 φορὰν
1186 2648 1236 2682 τῆς
1246 2646 1300 2672 τῶν
1317 2646 1498 2681 συλλεγόντων
1513 2648 1665 2684 δυνάμεως,
1682 2649 1743 2676 οὔτε
1761 2650 1877 2677 πλεονά-

1088 2693 1187 2724 ζουσαν
1201 2692 1272 2718 κατὰ
1283 2692 1385 2728 χρείαν,
1400 2692 1460 2719 οὔτε
1472 2693 1657 2722 ἐλλείπουσαν.
1666 2695 1751 2723 Τοῦτο
1761 2696 1789 2722 δέ
1802 2696 1875 2726 ἐστι,

1084 2738 1155 2765 κατά
1171 2746 1202 2772 γε
1213 2738 1258 2764 τὸν
1267 2738 1333 2773 ὲμὸν
1343 2738 1431 2772 λόγον,
1446 2739 1585 2776 συμϐουλή
1605 2750 1646 2773 τις
1655 2741 1694 2777 τῷ
1709 2740 1791 2776 κοινῷ
1805 2749 1878 2776 προ-
