1977 3071
146 119 197 148 569

802 119 844 146 Dii
859 120 939 147 \‘ITA
958 120 1093 148 MCYSIS.

1711 123 1763 150 370

147 175 269 211 κειμένη,
298 175 334 210 μὴ
358 174 484 209 παριέναι
499 175 560 206 τοὺς
576 175 653 210 ὄρους
675 175 723 209 τῆς
746 175 850 210 χρείας,
865 177 925 208 τοὺς

982 183 1081 204 naturzc
1096 175 1240 208 suilluiant,
1258 184 1339 203 causa
1354 177 1462 204 vivendi
1474 185 1505 205 ex
1516 177 1559 205 his
1576 178 1762 208 matcrialilms

145 220 195 251 τὰς
211 218 337 254 ἀφορμὰς
353 218 399 245 τοῦ
415 218 464 253 ζῇν
477 219 508 244 ὲκ
521 219 575 244 τῶν
591 219 691 245 ὑλικῶν
706 219 807 246 τούτων
821 220 929 256 ποριζο-

148 265 253 299 μένους,
273 263 330 290 ἁλλ’
348 261 377 289 εὖ
399 263 506 296 ειδέναι,
523 264 564 290 ὅτι
587 263 616 290 ἓν
633 264 730 299 μέτρον
743 266 775 299 τῇ
789 265 868 298 φύσει
880 265 929 300 τῆς

147 309 246 344 ἐδωδῆς
262 309 306 335 ἐπὶ
324 309 432 335 πάντων
445 309 544 344 ἐστὶνὴ
561 309 628 344 πρὸς
644 309 748 344 ἡμέραν
763 310 912 342 ἀπόλαυσις
922 320 928 325 ·

147 357 176 381 ὲν
220 355 272 382 κᾶν
297 355 483 382 πολλαπλάσια
503 355 714 390 παρασκευασθῇ
730 355 779 390 τῆς
795 357 900 391 χρείας,
912 359 928 392 ὴ

147 402 253 437 γαστὴρ
265 401 299 428 τὰ
315 401 366 428 ἴδια
384 401 470 436 μέτρα
492 401 616 435 διαϐῆναι
631 400 710 435 etiam
721 401 772 428 οὐκ
788 401 855 436 ἕχει,
870 402 930 428 οὐδὲ

147 449 180 482 τῇ
196 447 332 482 ἀπληστίᾳ
356 447 405 481 τῆς
419 445 595 481 παρασκευῆς
609 446 817 474 συνεκτείνεται.
839 447 929 480 Ἀλλὰ,

148 493 238 525 καθώς
271 501 352 528 φησιν
367 494 383 527 ἡ
406 492 527 527 ἱστορία.
551 491 612 517 οὔτε
645 492 659 517 ὁ
685 492 717 517 τὸ
743 492 809 518 πολὺ
830 492 929 525 λαϐὼν,

148 533 381 565 ὲπλεόνασεῗποῦ
396 537 451 572 γὰρ
473 536 606 572 ἀπόθηται
621 537 651 563 τὸ
674 537 764 569 πλέον,
786 538 835 564 οὐκ
858 537 929 572 ἔχει·

147 583 209 610 οὗτε
221 585 235 610 ὁ
253 583 283 610 τὺ
296 583 392 617 ὀλίγον,
411 584 575 618 ἠλαττόνησε
587 591 594 597 ⁸
611 582 678 618 πρὸς
701 583 755 618 γὰρ
772 582 802 609 τὸ
822 583 931 618 εὑρεθὲν

149 631 311 658 συσταλεῖσα
333 632 350 667 ἡ
374 631 454 666 χρεία
480 630 678 665 συνεμετρήθη.
711 630 747 656 Τὸ
777 630 804 656 δὲ
825 631 880 661 τοῖς
901 630 931 656 τὸ

149 677 274 713 περιττὸν
295 677 484 712 ταμιεύουσιν,
503 678 541 708 είς
559 677 707 710 σκωλήκων
723 676 830 709 γένεσιν
847 684 930 710 μετα-

148 721 282 748 ποιεῖσθαι
295 721 344 756 τὴν
362 721 523 755 ἀπληστίαν,
539 721 585 755 βοᾷ
593 720 694 756 τρόπον
707 720 767 746 τινὰ
783 721 838 751 τοῖς
853 720 931 746 πλεο-

148 765 258 796 νέκταις
285 764 329 791 διὰ
355 764 457 791 τούτων
479 766 492 792 ὁ
521 765 609 798 λόγος,
633 765 673 791 ὃτι
689 765 742 791 πᾶν
769 764 799 791 τὸ
817 763 869 796 ἔξω
883 765 931 799 τῆς

149 809 257 844 χρείας.
286 809 338 836 ὑπὸ
363 810 413 845 τῆς
438 810 629 844 πλεονεκτικῆς
657 810 758 844 ταύτης
785 810 931 845 ἐπιθυμίας

981 226 1151 254 appetanms,
1167 222 1214 249 sed
1233 222 1315 255 probe
1333 226 1475 250 teneamus
1500 231 1580 249 unam
1609 231 1670 251 esse
1687 232 1762 251 com-

981 274 1090 293 munem
1122 267 1147 293 in
1177 267 1305 294 omnibus
1330 267 1427 294 edendi
1447 275 1616 300 mensuram,
1636 269 1761 295 diurnam

981 311 1179 340 sufﬁcientiam.
1202 311 1269 338 Nam
1284 312 1307 339 si
1321 312 1402 339 etiam
1420 312 1496 346 plura
1514 321 1594 348 quam
1612 314 1761 348 indigentia

981 356 1102 391 ﬂagitat,
1126 361 1275 392 praeparata
1304 357 1417 390 fuerint,
1448 363 1542 385 venter
1570 363 1660 386 tamen
1689 360 1760 386 ultra

981 406 1106 427 naturam
1123 409 1199 429 suam
1214 402 1354 436 suscipere
1370 409 1424 428 non
1445 405 1543 436 potest,
1556 410 1643 436 neque
1658 410 1761 437 pracpa-

980 446 1096 473 rationis
1112 447 1291 482 magnitudini
1310 447 1516 482 correspondet.
1540 447 1591 474 Sed
1611 447 1682 475 sicut
1703 449 1760 475 his-

981 492 1050 518 toria
1070 492 1162 524 tradit,
1177 500 1226 520 nec
1241 493 1286 528 qui
1303 494 1417 520 multum
1434 493 1579 527 acceperit,
1591 494 1760 528 superabun-

971 536 1096 566 .daverit,
1107 543 1168 562 eum
1178 543 1231 562 non
1245 535 1370 562 habuerit
1385 535 1429 562 ubi
1447 537 1674 570 superabundnns
1688 538 1762 563 loca-

981 582 1066 614 verit;
1077 588 1126 607 nec
1134 582 1180 615 qui
1190 588 1304 615 paueum
1317 580 1586 616 collegit,imligneril
1603 586 1761 609 :contracta

980 626 1052 652 enim
1080 625 1228 660 indigentia
1254 629 1529 658 commensurataque
1554 624 1586 650 ad
1615 630 1758 659 acceptum

982 669 1043 696 fuit.
1060 669 1138 702 Quod
1155 677 1229 699 vero.
1241 669 1264 696 si
1277 669 1339 704 quis
1351 669 1435 695 stulta
1446 668 1594 702 cupiditate
1608 667 1759 702 deponendi

981 714 1130 749 quidquam
1147 722 1180 741 ex
1209 714 1256 741 illo
1271 713 1334 741 cibo
1357 713 1383 740 in
1412 714 1563 740 crastinum
1590 713 1758 747 deposuerit,

981 764 1067 787 totum
1102 760 1129 786 in
1158 767 1265 787 vermes
1296 763 1491 786 commutatum
1523 759 1608 786 fuisse
1636 759 1757 786 dicitur:

981 804 1059 839 quasi
1086 805 1150 831 tuba
1168 804 1284 839 quadam
1302 811 1333 831 ea
1354 812 1383 831 re
1401 804 1515 831 historia
1542 803 1666 835 intonuit,
1682 811 1762 831 omne

150 854 352 890 περιεχόμενον,
375 855 404 880 ὲν
419 855 453 890 τῇ
473 854 535 890 ἑξῆς
558 854 658 889 ἡμέρᾳ,
680 853 830 886 τουτέστιν,
847 855 874 880 ὲν
892 854 929 888 τῷ

982 850 1053 884 quod
1069 850 1140 876 ultra
1155 850 1332 884 indigentiam
1358 855 1447 877 mente
1463 857 1544 877 avara
1570 853 1759 880 conservatur,

150 897 433 934 προτδοκωμένῳβίῳ,
440 901 454 926 ὁ
463 897 612 934 σκώληξτῷ
621 898 798 934 ταμιεύσαντι
815 899 928 932 γίνεται.

150 943 215 970 Nos!
227 943 256 970 δὲ
281 943 390 974 πάντως
404 944 418 969 ὁ
432 942 537 969 ἀκούων
554 943 597 969 διὰ
617 944 663 970 τοῦ
684 944 823 978 σκώληκος
837 944 931 970 τούτου

149 989 195 1016 τον
217 987 394 1023 ἀτελεύτητον
409 987 546 1023 σκώληκα,
564 989 609 1014 τὸν
635 988 680 1015 διὰ
698 989 747 1023 τῆς
777 989 932 1021 πλεονεξίας

151 1032 374 1068 ζ’νδογονούμενον.
394 1033 430 1059 Τὸ
449 1033 475 1059 δὲ
490 1034 518 1059 ὲν
536 1033 607 1068 μόνῳ
623 1033 662 1068 τῷ
675 1033 801 1069 σαϐϐάτῳ
812 1034 931 1069 διαρκεῖν

150 1079 179 1104 Iri
195 1078 332 1107 ἀπόθετον,
347 1078 480 1114 μηδεμίαν
491 1078 636 1113 διαφθορὰν
654 1079 932 1115 ὑπομένον,τοιαύτην

151 1124 211 1150 τινὰ
227 1124 380 1159 συμϐουλὴν
393 1125 512 1160 περιέχει
528 1133 533 1139 ’
551 1124 591 1151 ὃτι
601 1133 641 1151 τοι
654 1125 713 1151 vita
729 1126 862 1161 χρηστέον
875 1126 932 1152 ἐστὶ

150 1172 182 1205 τῇ
195 1171 367 1206 πλεο-,εκτικῇ
383 1172 547 1206 προαιρέσει,
562 1172 589 1197 ἐν
603 1168 642 1203 οἷς
650 1171 680 1197 τὸ
690 1171 870 1206 συναγόμενον
877 1171 934 1199 δια-

150 1215 253 1251 φθορὰν
267 1216 297 1242 οὐ
312 1217 453 1251 προσίεται
464 1225 470 1232 ·
486 1216 545 1242 τότε
559 1217 766 1251 χρήσιμονὴμῖν
777 1218 931 1250 γενόμενον,

149 1261 214 1287 ὅταν
238 1262 416 1296 παρελθόντες
427 1262 476 1297 τὴν
493 1261 538 1288 τοῦ
564 1262 620 1296 βίον
634 1261 728 1288 τούτου
746 1263 931 1298 παρασκευὴν,

150 1307 179 1333 ὲν
195 1309 227 1342 τῇ
246 1308 313 1342 μετᾶ
331 1308 444 1334 θάνατον
459 1307 579 1342 ἀπραξίᾳ
590 1307 742 1342 γενώμεθα,
764 1308 796 1334 'H
812 1308 865 1342 γὰρ
880 1308 933 1342 πρὸ

149 1352 196 1378 τοῦ
215 1352 349 1379 σαὸεάτου
375 1353 475 1388 ἡμέρα,
493 1353 651 1388 παρασκευὴ
672 1353 738 1388 πρὸς
753 1353 783 1379 τὸ
799 1354 932 1380 σάῢδατον

150 1399 196 1424 καὶ
209 1397 266 1424 ἐστι
287 1398 332 1425 καὶ
349 1398 518 1433 ὀνομάζεται.
729 1403 732 1405 “

185 1442 258 1477 Λῦτη
284 1443 306 1468 δ’
332 1443 375 1477 εἴη
389 1444 403 1469 ὁ
421 1442 474 1477 βίος
490 1438 576 1473 οὗτος,
593 1443 621 1468 ὲν
633 1439 654 1475 ᾧ
673 1442 705 1468 τὰ
720 1443 768 1477 τῆς
780 1442 930 1477 ἐρχομένης

149 1487 221 1523 ζωῆς
237 1489 340 1520 ἑαυτοῖς
352 1488 561 1523 εὐτρεπίζομεψ
576 1485 626 1524 ὲνῇ
638 1488 717 1523 ἔργον
727 1488 802 1514 οὐδὲν
813 1487 867 1514 τῶν
882 1488 929 1514 νῦν
945 1517 964 1526 Η

149 1535 215 1569 ἡμῖν
238 1534 490 1569 συγκεχωρημένων
505 1533 676 1562 ἐπιτελεῖται,
689 1533 718 1559 ού
735 1533 864 1568 γεωργία,
883 1533 931 1559 οὐκ

149 1579 278 1614 ἐμπορία,
301 1579 330 1605 οὑ
348 1579 486 1614 στρατεία,
502 1580 551 1604 οὐκ
570 1578 632 1605 ἄλλο
643 1587 669 1604 τι
684 1578 736 1604 τῶν
749 1575 798 1604 ὦδε
818 1578 933 1604 σπουδα-

149 1623 270 1659 ζομένων
288 1624 348 1650 οὐδέ
364 1631 402 1650 τι·
414 1623 470 1650 ἀλλ’
485 1624 512 1649 ὲν
525 1623 644 1658 ἀπραξίᾳ
655 1623 729 1658 πάσῃ
739 1624 792 1649 τῶν
806 1623 932 1649 τοιούτων

149 1669 236 1704 ἔργων
249 1669 396 1703 διάγοντες,
421 1669 474 1695 τῶν
487 1668 534 1695 νῦν
552 1669 617 1704 ἡμῖν
634 1668 708 1702 παρὰ
720 1669 764 1694 τὸν
780 1668 836 1703 βίον
849 1676 932 1694 κατα-

148 1714 322 1750 ϐεϐλημένων
350 1714 514 1749 σπερμάτων
529 1715 591 1745 τοὺς
610 1715 732 1748 καρποὺς
748 1713 912 1748 νομιζόμεθα
923 1721 929 1728 ·

149 1760 305 1796 ἀφθάρτους
326 1761 385 1794 μὲν,
407 1760 485 1795 εἰπερ
501 1759 591 1792 ἀγαθὰ
609 1760 651 1794 εἴη
666 1759 713 1785 τοῦ
729 1759 786 1794 βίον
801 1760 834 1785 τὰ
850 1759 932 1794 σπέρ-

151 1815 223 1841 ματα
234 1814 240 1821 ·
262 1806 425 1841 φθαρτικοὺς
441 1806 469 1832 δὲ
483 1806 529 1832 καὶ
540 1805 686 1840 ὀλεθρίους,
705 1806 728 1831 εί
740 1805 850 1831 τοιαῦτα
866 1806 931 1840 ἡμῖν

149 1852 184 1879 τὰ
199 1851 319 1887 γεώργια
328 1851 376 1886 τῆς
390 1851 463 1886 ζωῆς
477 1850 578 1885 ταύτης
588 1850 740 1884 ὲκψύσειεν.
756 1850 785 1876 Ὀ
796 1850 849 1885 γὰρ
860 1850 932 1876 σπεί-

151 1906 204 1933 ρων
216 1898 256 1928 είς
270 1897 299 1923 τὸ
316 1896 433 1932 πνεῦμα,
447 1897 538 1932 φησιν,
550 1897 582 1922 ὲκ
598 1895 644 1922 τοῦ
661 1895 813 1930 meditato;
830 1895 932 1930 θερίσει

149 1941 222 1976 ζωὴν
249 1940 357 1968 αἰώνιον
367 1949 374 1956 ·
388 1941 402 1967 ὁ
417 1940 446 1966 δὲ
462 1940 581 1974 σπείρων
598 1939 637 1970 είς
652 1939 702 1974 τὴν
720 1939 818 1974 σάρκα,
833 1940 864 1965 ὲκ
883 1940 932 1974 τῆς

149 1987 249 2023 σαρκὸς
274 1987 376 2021 θερίσει
400 1985 512 2021 φθοράν.
533 1985 601 2011 Ἀλλ’
621 1986 637 2020 ἡ
667 1985 734 2020 πρὸς
756 1985 787 2011 τὸ
810 1986 932 2019 κρεῖττον

148 2033 292 2068 ὲτοιμασία
318 2033 384 2068 μόνη
401 2032 502 2067 κυρίως
519 2031 677 2067 παρασκευὴ
693 2030 870 2066 ὀνομάζεται·
886 2031 932 2058 καὶ

150 2079 277 2114 κυροῦται
295 2079 326 2114 δή
342 2078 422 2105 ποθεν
436 2077 474 2113 τῷ
488 2078 571 2113 νόμῳ,
583 2075 616 2114 ἦς
627 2077 658 2104 τὸ
671 2077 812 2109 ἀπόθετον,
828 2077 932 2112 ἀφθαρ-

151 2122 196 2148 σῖα
210 2123 276 2148 ἐστί.
295 2123 331 2148 Τὸ
346 2122 373 2148 δὲ
385 2123 417 2148 ἐκ
429 2122 475 2148 τοῦ
492 2122 612 2148 ἐναντίου
629 2121 783 2156 νοούμενον,
801 2121 831 2147 ού
842 2130 931 2156 παρα-

150 2167 260 2202 σκευὴν.
289 2167 346 2194 ἀλλ’
363 2167 499 2193 ἔκπτωσιν
517 2167 692 2202 παρασκευῆς
710 2166 861 2201 ὀνομάσειε.
887 2167 932 2192 Διὸ
949 2177 970 2205 D

151 2212 235 2247 μόνην
264 2212 312 2247 τὴν
333 2212 400 2247 πρὸς
419 2212 448 2238 τὸ
470 2213 592 2247 κρεῖττον
608 2211 826 2246 κατορθουμένην
845 2219 933 2246 παρα-

150 2258 249 2294 σκευὴν
261 2257 399 2293 νομοθετεί
412 2258 468 2288 τοῖς
492 2256 669 2292 ἀνθρώποιςή
689 2256 803 2290 ἱστορία,
819 2256 848 2282 τὺ
863 2257 934 2282 ἐναν-

148 2303 206 2330 τίον
219 2303 264 2330 διὰ
277 2304 325 2338 τῆς
341 2312 377 2329 πα
383 2303 528 2338 ραλείψεως
536 2304 605 2328 νοεῖν
613 2304 668 2333 τοῖς
679 2303 797 2332 συνετοῖς
808 2301 933 2328 καταλεί-

149 2357 246 2375 πουσα.
260 2348 390 2382 Καθάπερ
401 2348 428 2374 δὲ
442 2348 470 2373 ὲν
482 2349 536 2378 τοῖς
547 2347 749 2381 στρατιωτικοῖς
764 2346 932 2379 καταλόγοις,

149 2395 280 2431 πρότερον
290 2393 394 2429 πορίζει
404 2393 434 2420 τὸ
448 2393 600 2427 σιτηρέσιον
616 2392 630 2418 ὀ
640 2392 690 2426 τῆς
701 2391 844 2427 στρατείας
855 2391 934 2426 ἡγού-

151 2449 240 2475 μενος,
271 2438 320 2466 εἶθ’
337 2439 407 2465 οὕτω
429 2438 518 2464 δίδωτι
542 2438 588 2464 τοῦ
609 2438 726 2472 πολέμου
744 2437 775 2462 τὸ
787 2437 911 2471 σύνθημα
924 2445 930 2451 ·

149 2483 194 2510 τὸν
204 2483 282 2509 αὑτὸν
298 2482 397 2517 τρόπον
415 2482 461 2508 καὶ
477 2483 500 2507 oi
526 2482 574 2516 τῆς
590 2482 689 2516 ἀρετῆς
714 2480 877 2516 στρατιῶται
903 2480 933 2506 τὸ

151 2528 280 2564 μυστικὸν
291 2527 430 2562 δεξάμενοι
448 2527 610 2561 σιτηρέσιον,
623 2526 694 2552 οὕτω
704 2527 774 2552 κατὰ
787 2526 840 2552 τῶν
858 2526 933 2553 ἀλλο-

149 2574 239 2608 φύλων
262 2574 364 2600 κινοῦσι
387 2573 432 2599 τὸν
459 2573 586 2607 πόλεμον,
614 2573 701 2608 Ἰησοῦ
724 2572 770 2599 τοῦ
794 2572 932 2604 Μωῦσέως

149 2619 270 2654 διαδόχου
299 2618 502 2654 καθηγουμένου
530 2619 579 2652 τῆς
605 2619 704 2653 μάχης.
731 2619 812 2654 Ὁρᾷς
826 2618 858 2644 δι’
873 2618 932 2650 οἵας

150 2665 271 2698 πρόεισιν
281 2663 439 2695 ἀκολουθίας
447 2665 459 2690 '3
468 2663 560 2697 λόγο;;
573 2664 644 2695 Ἕως
658 2663 848 2699 ἀσθενέστερός
859 2664 932 2690 ἐστιν

149 2710 162 2736 5
186 2709 328 2744 ἄνθρωπος
344 2710 374 2744 τῇ
392 2710 496 2744 πονηρᾷ
520 2709 655 2744 τυραννίδι
682 2709 883 2743 κεκακωμένος,
898 2709 932 2736 δι’

149 2755 243 2781 ἑαυτοῦ
261 2755 305 2781 τὸν
322 2755 416 2790 ἐχυρὸν
433 2755 483 2781 οὐκ
497 2755 644 2790 ἁμύνεται’
665 2755 725 2782 οὐδὲ
746 2755 798 2791 γὰρ
811 2755 930 2782 δύναται.

156 2801 222 2827 ¹Δλλ’
236 2800 328 2835 ἕτερός
345 2801 418 2827 ἐστιν
433 2801 446 2827 ὁ
460 2801 513 2827 τῶν
528 2800 711 2828 ἀσθενούντων
728 2801 904 2836 ὑπερμαχῶν,
919 2803 932 2827 ο

980 895 1007 921 in
1037 894 1163 929 sequenti
1194 894 1257 926 die,
1274 894 1301 921 in
1329 893 1421 921 futuro
1449 893 1575 922 videlicet
1597 894 1708 925 szecuto,
1734 893 1762 920 in

980 946 1087 966 vermes
1099 940 1230 967 adversus
1242 947 1289 967 eos
1303 940 1349 974 qui
1364 944 1574 972 conservarnnt,
1587 941 1760 967 commutari.

982 982 1019 1009 Ita
1037 990 1085 1018 per
1100 983 1173 1011 hunc
1191 992 1308 1011 vermem
1327 985 1403 1011 illum
1427 992 1477 1019 ego
1502 985 1682 1013 inmortalem
1702 993 1763 1011 ver-

982 1036 1052 1055 inem
1070 1028 1200 1063 intelligo,
1217 1030 1263 1063 qui
1279 1030 1339 1064 plus
1357 1029 1473 1057 habendi
1499 1030 1650 1064 cupiditate
1676 1030 1763 1056 viviﬁ-

982 1077 1071 1100 catur.
1096 1073 1143 1101 Die
1171 1079 1261 1101 autem
1285 1075 1391 1102 sabbati
1416 1075 1504 1102 solum
1533 1075 1658 1108 illaesum,
1690 1076 1762 1110 quod

982 1117 1182 1152 deponehatur,
1208 1119 1393 1154 permanebat.
1413 1120 1470 1152 Qua
1500 1128 1533 1147 ex
1566 1129 1596 1147 re
1617 1125 1683 1147 tunc
1713 1122 1762 1148 hac

983 1163 1135 1198 deponendi
1162 1164 1348 1200 superﬂuitate
1374 1166 1486 1200 provida
1515 1171 1606 1193 tuente
1633 1167 1761 1193 utendum

982 1208 1123 1240 docemur,
1139 1210 1248 1244 quando
1267 1210 1356 1244 ipsum
1374 1210 1528 1244 depositum
1558 1218 1658 1245 corrnp
1673 1211 1761 1238 ionem

982 1255 1036 1288 pati
1053 1262 1105 1281 non
1122 1259 1220 1288 potest.
1239 1254 1265 1281 ld
1282 1257 1354 1282 enim
1371 1260 1432 1290 post
1449 1256 1531 1290 hujus
1559 1256 1619 1282 \‘ita-
1637 1264 1763 1290 pan-asce-

981 1307 1031 1326 vcn
1048 1299 1075 1326 in
1092 1300 1192 1334 quiete,
1206 1309 1267 1335 qua:
1288 1306 1349 1336 post
1372 1306 1485 1328 mortem
1509 1305 1560 1334 est,
1586 1301 1762 1328 utilissimum

980 1345 1050 1371 erit:
1083 1345 1141 1373 dies
1158 1354 1274 1380 namque
1293 1351 1356 1374 ante
1385 1347 1539 1378 sabbatum.
1557 1355 1711 1382 perasceve.
1738 1347 1763 1374 id

980 1393 1032 1420 est,
1046 1392 1207 1425 praeparatio
1223 1392 1255 1418 a-l
1273 1392 1432 1424 Sabbatuni,
1448 1397 1473 1419 et
1498 1398 1538 1420 est
1555 1398 1581 1419 ct
1597 1393 1758 1427 appellatur.

1019 1434 1081 1462 ch
1106 1443 1170 1463 vero
1198 1438 1405 1471 praeparationis
1430 1438 1497 1467 dies.
1516 1438 1572 1464 haec
1597 1438 1650 1464 vita
1666 1442 1717 1468 est,
1735 1438 1762 1463 in

983 1488 1035 1516 qua
1064 1489 1249 1516 praeparanms
1275 1491 1335 1518 quae
1361 1484 1394 1510 ad
1424 1483 1540 1510 luturani
1572 1484 1653 1510 vitam
1684 1483 1764 1510 nobis

984 1532 1082 1561 prazslo
1107 1532 1196 1554 erunt.
1213 1527 1279 1555 Nam
1308 1529 1334 1555 in
1355 1529 1399 1555 illa
1424 1536 1477 1556 non
1506 1529 1684 1563 agricultura,
1710 1537 1763 1554 non

983 1576 1148 1610 mercatura,
1168 1581 1221 1600 non
1244 1574 1349 1607 militia,
1365 1581 1418 1600 non
1433 1573 1580 1608 quidquam
1597 1574 1692 1601 horum
1705 1582 1765 1608 qua:

983 1617 1028 1644 hic
1055 1617 1183 1651 facimus,
1209 1619 1288 1646 nobis
1317 1619 1508 1653 concedetur;
1539 1620 1586 1647 sed
1617 1621 1644 1647 in
1672 1620 1764 1655 quiete

983 1663 1104 1690 omnium
1118 1671 1178 1698 qua:
1191 1665 1234 1691 hic
1246 1665 1361 1699 agimus,
1375 1672 1406 1692 ac
1418 1666 1572 1693 cessatione
1583 1666 1763 1695 versabimur.

983 1707 1089 1736 fructus
1117 1709 1252 1736 duntaxat
1278 1718 1391 1745 operum
1414 1719 1475 1745 qua:
1500 1711 1545 1738 hic
1569 1711 1764 1738 seminavimus

983 1754 1143 1789 colligentes
1158 1764 1165 1788 ;
1186 1755 1290 1783 fruetus
1310 1757 1485 1783 immortales
1497 1756 1623 1791 quidem,
1643 1756 1665 1783 si
1683 1756 1764 1790 hujus

983 1799 1046 1826 vitae
1058 1801 1162 1827 semina
1179 1801 1249 1828 bona
1274 1806 1372 1828 erant:
1391 1802 1505 1829 Iethales
1523 1805 1612 1828 autem
1630 1809 1660 1828 ac
1676 1802 1765 1836 perni-

983 1846 1087 1877 ciosos,
1105 1846 1127 1873 si
1145 1847 1279 1881 ejusmodi
1296 1847 1400 1875 semina
1415 1847 1477 1873 vitae
1493 1847 1575 1880 hujus
1598 1847 1655 1880 agri
1672 1851 1765 1880 protu-

984 1891 1076 1918 lerint.
1094 1892 1160 1918 Nam
1175 1893 1221 1926 qui
1244 1893 1271 1919 in
1291 1892 1387 1928 spiritu
1415 1893 1542 1923 seminat,
1566 1892 1664 1926 inquit.
1683 1892 1764 1918 vitam

983 1942 1109 1964 aeternam
1130 1946 1161 1964 ex
1182 1938 1280 1972 spiritu
1306 1942 1408 1969 metet;
1426 1938 1473 1972 qui
1496 1938 1522 1964 in
1540 1945 1621 1964 carne
1637 1938 1762 1969 seminat,

983 1983 1187 2016 corruptionem
1211 1987 1294 2010 metet
1319 1991 1351 2010 ex
1374 1990 1466 2010 carne.
1490 1982 1657 2018 Praeparatio
1682 1983 1765 2017 igitur

983 2036 1045 2063 quae
1058 2028 1091 2056 ad
1107 2030 1206 2057 melius
1217 2034 1269 2062 est,
1282 2030 1340 2056 sola
1355 2029 1466 2064 proprie
1479 2036 1626 2064 parasceve
1642 2029 1766 2054 nomina-

984 2077 1028 2100 tur
1043 2083 1048 2099 ε
1066 2079 1093 2101 et
1116 2075 1152 2101 ita
1170 2083 1267 2101 nomen
1285 2075 1345 2108 ejus
1370 2082 1385 2101 a
1410 2075 1468 2109 lege
1485 2074 1670 2106 constituitur,
1686 2073 1765 2107 cujus

983 2119 1135 2154 depositum
1155 2120 1325 2155 incorruptio
1345 2125 1397 2148 est.
1414 2120 1441 2147 Si
1458 2120 1520 2155 quis
1540 2123 1630 2147 autem
1646 2121 1671 2146 in
1688 2120 1765 2154 pejus

984 2165 1105 2199 deponit,
1122 2173 1171 2192 nec
1184 2170 1237 2197 est,
1253 2173 1303 2192 nec
1316 2165 1416 2193 dicitur
1429 2166 1593 2200 praeparatio
1608 2174 1614 2192 :
1631 2165 1764 2191 bonorum

983 2210 1054 2236 enim
1072 2211 1250 2245 privationem
1268 2211 1358 2237 nullus
1380 2211 1442 2245 jure
1463 2211 1699 2246 przeparationem,
1717 2210 1764 2237 sed

984 2257 1192 2290 praeparationis
1207 2257 1342 2289 jarturam
1364 2257 1542 2292 nuncupabit.
1559 2257 1663 2284 Idcirco
1678 2257 1763 2284 solam

984 2302 1016 2328 ad
1033 2302 1133 2329 melius
1150 2303 1374 2336 prmparationem
1390 2303 1503 2330 historia
1519 2303 1597 2330 nobis
1610 2304 1763 2338 proposuit.

983 2346 1151 2372 contrarium
1175 2347 1236 2380 ejus
1262 2347 1411 2381 inquirenti
1430 2347 1578 2382 prudenter
1595 2348 1763 2382 relinquens.

985 2389 1084 2417 Verum
1101 2392 1328 2426 quemadmodum
1351 2401 1413 2419 cum
1438 2394 1611 2428 conscriptus
1626 2394 1764 2420 exercitus

985 2436 1074 2467 fuerit.
1103 2438 1220 2471 prinmm
1245 2444 1426 2465 commeatum
1449 2443 1525 2473 parat
1549 2439 1685 2466 exercitus
1697 2440 1763 2472 dux,

983 2489 1014 2509 ac
1026 2483 1124 2510 deinde
1139 2483 1201 2511 belli
1217 2484 1264 2510 dat
1282 2488 1412 2511 tesseram
1428 2494 1434 2511 :
1449 2485 1544 2512 eodem
1561 2485 1642 2511 modo
1655 2493 1764 2518 quoque

983 2528 1092 2556 virtutis
1121 2529 1220 2557 milites
1251 2531 1368 2564 primum
1403 2531 1547 2565 mysticum
1579 2534 1762 2557 commeatum

983 2574 1167 2608 accipiunt,et
1179 2575 1218 2601 sie
1231 2575 1364 2602 adversus
1376 2575 1542 2610 alienigenas
1550 2580 1660 2603 exeunt,
1670 2574 1763 2602 Jesuui

983 2621 1029 2654 qui
1043 2620 1127 2656 Moysi
1142 2621 1277 2648 successit
1287 2621 1384 2647 ducem
1406 2622 1585 2654 possidentes.
1604 2620 1684 2647 Vides
1708 2628 1762 2654 qua

983 2668 1053 2693 serie
1080 2666 1193 2693 historia
1221 2667 1364 2700 procedit?
1395 2667 1470 2693 rides
1502 2667 1638 2701 quomodo
1670 2670 1764 2693 nestru

983 2717 1081 2738 cum-ta
1100 2712 1239 2745 proposito
1256 2712 1432 2747 congruunt?
1447 2712 1596 2744 Quousque
1621 2711 1764 2738 imbecillis

985 2756 1066 2782 homo
1097 2756 1123 2782 in
1151 2755 1203 2782 title
1232 2759 1275 2782 est
1308 2755 1462 2790 perniciosa
1492 2755 1600 2788 tyranni
1632 2755 1765 2781 servitute

984 2810 1140 2836 oppressus,
1159 2810 1210 2828 non
1228 2801 1285 2835 ipso
1298 2809 1327 2828 se
1342 2801 1375 2828 ab
1388 2801 1465 2827 hoste
1482 2804 1585 2826 tutntur
1601 2809 1606 2826 :
1625 2807 1675 2827 nec
1690 2801 1763 2827 enim
