  <div class='ocr_page' id='page_1' title='image "/cluster/home/n/w/nwhite01/storage/ocr_20150623/44/njp.32101009003169/192.png"; bbox 0 0 1977 3071; ppageno 0'>
   <div class='ocr_carea' id='block_1_1' title="bbox 139 99 192 127">
    <p class='ocr_par' dir='ltr' id='par_1_1' title="bbox 139 99 192 127">
     <span class='ocr_line' id='line_1_1' title="bbox 139 99 192 127; baseline -0.019 0"><span class='ocrx_word' id='word_1_1' title='bbox 139 99 192 127; x_wconf 72' lang='lat'>375</span> 
     </span>
    </p>
   </div>
   <div class='ocr_carea' id='block_1_2' title="bbox 146 202 926 240">
    <p class='ocr_par' dir='ltr' id='par_1_2' title="bbox 146 202 926 240">
     <span class='ocr_line' id='line_1_2' title="bbox 146 202 926 240; baseline 0.003 -11"><span class='ocrx_word' id='word_1_2' title='bbox 146 202 269 229; x_wconf 71' lang='grc' dir='ltr'>Ἐπειδὰν</span> <span class='ocrx_word' id='word_1_3' title='bbox 282 209 336 238; x_wconf 88' lang='grc' dir='ltr'>γαρ</span> <span class='ocrx_word' id='word_1_4' title='bbox 347 204 361 229; x_wconf 90' lang='grc' dir='ltr'>ό</span> <span class='ocrx_word' id='word_1_5' title='bbox 376 203 443 239; x_wconf 78' lang='grc' dir='ltr'>πρὸς</span> <span class='ocrx_word' id='word_1_6' title='bbox 467 204 512 231; x_wconf 82' lang='grc' dir='ltr'>τὸν</span> <span class='ocrx_word' id='word_1_7' title='bbox 540 205 657 231; x_wconf 80' lang='grc' dir='ltr'>Μωῦσέα</span> <span class='ocrx_word' id='word_1_8' title='bbox 681 205 728 231; x_wconf 77' lang='grc' dir='ltr'>καὶ</span> <span class='ocrx_word' id='word_1_9' title='bbox 743 204 792 240; x_wconf 82' lang='grc' dir='ltr'>τὴν</span> <span class='ocrx_word' id='word_1_10' title='bbox 812 205 926 239; x_wconf 82' lang='grc' dir='ltr'>νεφέλην</span> 
     </span>
    </p>
   </div>
   <div class='ocr_carea' id='block_1_3' title="bbox 139 245 927 285">
    <p class='ocr_par' dir='ltr' id='par_1_3' title="bbox 139 245 927 285">
     <span class='ocr_line' id='line_1_3' title="bbox 139 245 927 285; baseline 0.003 -11"><span class='ocrx_word' id='word_1_11' title='bbox 139 248 254 283; x_wconf 83' lang='grc' dir='ltr'>βλέπων,</span> <span class='ocrx_word' id='word_1_12' title='bbox 277 248 313 275; x_wconf 76' lang='grc' dir='ltr'>δι’</span> <span class='ocrx_word' id='word_1_13' title='bbox 328 245 365 275; x_wconf 84' lang='grc' dir='ltr'>ὥν</span> <span class='ocrx_word' id='word_1_14' title='bbox 379 249 541 285; x_wconf 80' lang='grc' dir='ltr'>ἀμφοτέρων</span> <span class='ocrx_word' id='word_1_15' title='bbox 557 250 661 284; x_wconf 83' lang='grc' dir='ltr'>γίνεται</span> <span class='ocrx_word' id='word_1_16' title='bbox 675 251 732 281; x_wconf 78' lang='grc' dir='ltr'>τοῖς</span> <span class='ocrx_word' id='word_1_17' title='bbox 753 251 814 276; x_wconf 75' lang='grc' dir='ltr'>κατ’</span> <span class='ocrx_word' id='word_1_18' title='bbox 827 249 927 285; x_wconf 83' lang='grc' dir='ltr'>ἀρετὴν</span> 
     </span>
    </p>
   </div>
   <div class='ocr_carea' id='block_1_4' title="bbox 138 293 927 330">
    <p class='ocr_par' dir='ltr' id='par_1_4' title="bbox 138 293 927 330">
     <span class='ocr_line' id='line_1_4' title="bbox 138 293 927 330; baseline 0 -10"><span class='ocrx_word' id='word_1_19' title='bbox 138 293 278 329; x_wconf 80' lang='grc' dir='ltr'>προϊοῦσιν</span> <span class='ocrx_word' id='word_1_20' title='bbox 303 295 319 330; x_wconf 86' lang='grc' dir='ltr'><strong>ή</strong></span> <span class='ocrx_word' id='word_1_21' title='bbox 339 294 451 330; x_wconf 86' lang='grc' dir='ltr'>όδηγία·</span> <span class='ocrx_word' id='word_1_22' title='bbox 478 295 520 330; x_wconf 80' lang='grc' dir='ltr'>εἴη</span> <span class='ocrx_word' id='word_1_23' title='bbox 544 295 567 321; x_wconf 78' lang='grc' dir='ltr'>δ’</span> <span class='ocrx_word' id='word_1_24' title='bbox 592 295 625 321; x_wconf 84' lang='grc' dir='ltr'>ἂν</span> <span class='ocrx_word' id='word_1_25' title='bbox 640 296 669 321; x_wconf 86' lang='grc' dir='ltr'>ὲν</span> <span class='ocrx_word' id='word_1_26' title='bbox 685 294 725 330; x_wconf 86' lang='grc' dir='ltr'>τῷ</span> <span class='ocrx_word' id='word_1_27' title='bbox 742 295 820 330; x_wconf 83' lang='grc' dir='ltr'>μέρει</span> <span class='ocrx_word' id='word_1_28' title='bbox 840 295 927 330; x_wconf 85' lang='grc' dir='ltr'>τούτῳ</span> 
     </span>
    </p>
   </div>
   <div class='ocr_carea' id='block_1_5' title="bbox 138 339 926 376">
    <p class='ocr_par' dir='ltr' id='par_1_5' title="bbox 138 339 926 376">
     <span class='ocr_line' id='line_1_5' title="bbox 138 339 926 376; baseline 0.001 -10"><span class='ocrx_word' id='word_1_29' title='bbox 138 340 258 374; x_wconf 84' lang='grc' dir='ltr'>Μωῦσῆς</span> <span class='ocrx_word' id='word_1_30' title='bbox 278 339 338 375; x_wconf 75' lang='grc' dir='ltr'>μὶν,</span> <span class='ocrx_word' id='word_1_31' title='bbox 363 340 398 367; x_wconf 89' lang='grc' dir='ltr'>τά</span> <span class='ocrx_word' id='word_1_32' title='bbox 414 339 513 375; x_wconf 89' lang='grc' dir='ltr'>νομικά</span> <span class='ocrx_word' id='word_1_33' title='bbox 538 339 764 375; x_wconf 75' lang='grc' dir='ltr'>παραγγέλματα,</span> <span class='ocrx_word' id='word_1_34' title='bbox 781 340 879 376; x_wconf 82' lang='grc' dir='ltr'>νεφέλη</span> <span class='ocrx_word' id='word_1_35' title='bbox 898 341 926 367; x_wconf 78' lang='grc' dir='ltr'>δὲ</span> 
     </span>
    </p>
   </div>
   <div class='ocr_carea' id='block_1_6' title="bbox 137 383 927 420">
    <p class='ocr_par' dir='ltr' id='par_1_6' title="bbox 137 383 927 420">
     <span class='ocr_line' id='line_1_6' title="bbox 137 383 927 420; baseline -0.001 -9"><span class='ocrx_word' id='word_1_36' title='bbox 137 384 383 420; x_wconf 83' lang='grc' dir='ltr'>προκαθηγουμένη</span> <span class='ocrx_word' id='word_1_37' title='bbox 396 383 444 411; x_wconf 78' lang='grc' dir='ltr'>τοῦ</span> <span class='ocrx_word' id='word_1_38' title='bbox 458 384 540 419; x_wconf 87' lang='grc' dir='ltr'>νόμου</span> <span class='ocrx_word' id='word_1_39' title='bbox 553 392 559 398; x_wconf 90' lang='grc'>·</span> <span class='ocrx_word' id='word_1_40' title='bbox 576 384 605 415; x_wconf 79' lang='grc' dir='ltr'>ὃς</span> <span class='ocrx_word' id='word_1_41' title='bbox 616 384 720 419; x_wconf 69' lang='grc' dir='ltr'>διανοίᾳ</span> <span class='ocrx_word' id='word_1_42' title='bbox 734 383 927 420; x_wconf 76' lang='grc' dir='ltr'>κεκαθαρμένη</span> 
     </span>
    </p>
   </div>
   <div class='ocr_carea' id='block_1_7' title="bbox 138 429 927 465">
    <p class='ocr_par' dir='ltr' id='par_1_7' title="bbox 138 429 927 465">
     <span class='ocr_line' id='line_1_7' title="bbox 138 429 927 465; baseline 0 -9"><span class='ocrx_word' id='word_1_43' title='bbox 138 431 167 456; x_wconf 82' lang='grc' dir='ltr'>ὲν</span> <span class='ocrx_word' id='word_1_44' title='bbox 179 431 212 465; x_wconf 82' lang='grc' dir='ltr'>τῇ</span> <span class='ocrx_word' id='word_1_45' title='bbox 226 429 348 457; x_wconf 79' lang='grc' dir='ltr'>διαϐάσει</span> <span class='ocrx_word' id='word_1_46' title='bbox 360 429 408 456; x_wconf 80' lang='grc' dir='ltr'>τοῦ</span> <span class='ocrx_word' id='word_1_47' title='bbox 431 429 536 461; x_wconf 80' lang='grc' dir='ltr'>ὕδατος.</span> <span class='ocrx_word' id='word_1_48' title='bbox 553 429 694 465; x_wconf 87' lang='grc' dir='ltr'>νεκρὼσας</span> <span class='ocrx_word' id='word_1_49' title='bbox 709 438 738 456; x_wconf 89' lang='grc' dir='ltr'>τε</span> <span class='ocrx_word' id='word_1_50' title='bbox 752 430 799 456; x_wconf 74' lang='grc' dir='ltr'>καὶ</span> <span class='ocrx_word' id='word_1_51' title='bbox 813 430 927 465; x_wconf 82' lang='grc' dir='ltr'>ἀποκρί-</span> 
     </span>
    </p>
   </div>
   <div class='ocr_carea' id='block_1_8' title="bbox 137 475 924 511">
    <p class='ocr_par' dir='ltr' id='par_1_8' title="bbox 137 475 924 511">
     <span class='ocr_line' id='line_1_8' title="bbox 137 475 924 511; baseline -0.001 -9"><span class='ocrx_word' id='word_1_52' title='bbox 137 485 185 509; x_wconf 90' lang='grc' dir='ltr'>νας</span> <span class='ocrx_word' id='word_1_53' title='bbox 205 475 301 502; x_wconf 78' lang='grc' dir='ltr'>ἑαυτοῦ</span> <span class='ocrx_word' id='word_1_54' title='bbox 323 475 353 502; x_wconf 76' lang='grc' dir='ltr'>τὸ</span> <span class='ocrx_word' id='word_1_55' title='bbox 375 475 534 510; x_wconf 74' lang='grc' dir='ltr'>ἀλλόφυλον,</span> <span class='ocrx_word' id='word_1_56' title='bbox 551 475 678 509; x_wconf 74' lang='grc' dir='ltr'>γεύσεταί</span> <span class='ocrx_word' id='word_1_57' title='bbox 698 484 727 502; x_wconf 90' lang='grc' dir='ltr'>τε</span> <span class='ocrx_word' id='word_1_58' title='bbox 741 475 792 510; x_wconf 84' lang='grc' dir='ltr'>τῆς</span> <span class='ocrx_word' id='word_1_59' title='bbox 810 477 924 511; x_wconf 79' lang='grc' dir='ltr'>μερρᾱς,</span> 
     </span>
    </p>
   </div>
   <div class='ocr_carea' id='block_1_9' title="bbox 136 520 927 556">
    <p class='ocr_par' dir='ltr' id='par_1_9' title="bbox 136 520 927 556">
     <span class='ocr_line' id='line_1_9' title="bbox 136 520 927 556; baseline -0.001 -9"><span class='ocrx_word' id='word_1_60' title='bbox 136 521 269 552; x_wconf 82' lang='grc' dir='ltr'>τουτέστι,</span> <span class='ocrx_word' id='word_1_61' title='bbox 285 520 332 547; x_wconf 82' lang='grc' dir='ltr'>τοῦ</span> <span class='ocrx_word' id='word_1_62' title='bbox 358 521 561 556; x_wconf 83' lang='grc' dir='ltr'>κεχωρισμένου</span> <span class='ocrx_word' id='word_1_63' title='bbox 585 520 638 547; x_wconf 83' lang='grc' dir='ltr'>τῶν</span> <span class='ocrx_word' id='word_1_64' title='bbox 652 520 754 556; x_wconf 82' lang='grc' dir='ltr'>ἡδονῶν</span> <span class='ocrx_word' id='word_1_65' title='bbox 769 520 837 555; x_wconf 88' lang='grc' dir='ltr'>βίου,</span> <span class='ocrx_word' id='word_1_66' title='bbox 856 521 870 547; x_wconf 90' lang='grc' dir='ltr'><strong>ὂ</strong></span> <span class='ocrx_word' id='word_1_67' title='bbox 883 530 927 546; x_wconf 91' lang='grc' dir='ltr'>πι-</span> 
     </span>
    </p>
   </div>
   <div class='ocr_carea' id='block_1_10' title="bbox 137 565 926 602">
    <p class='ocr_par' dir='ltr' id='par_1_10' title="bbox 137 565 926 602">
     <span class='ocr_line' id='line_1_10' title="bbox 137 565 926 602; baseline 0 -10"><span class='ocrx_word' id='word_1_68' title='bbox 137 566 202 602; x_wconf 76' lang='grc' dir='ltr'>κρόν</span> <span class='ocrx_word' id='word_1_69' title='bbox 216 575 245 592; x_wconf 89' lang='grc' dir='ltr'>τε</span> <span class='ocrx_word' id='word_1_70' title='bbox 265 566 314 592; x_wconf 72' lang='grc' dir='ltr'>καὶ</span> <span class='ocrx_word' id='word_1_71' title='bbox 333 566 416 601; x_wconf 83' lang='grc' dir='ltr'>ἀηδὲς</span> <span class='ocrx_word' id='word_1_72' title='bbox 433 566 509 602; x_wconf 75' lang='grc' dir='ltr'>παρὰ</span> <span class='ocrx_word' id='word_1_73' title='bbox 523 565 571 601; x_wconf 80' lang='grc' dir='ltr'>τὴν</span> <span class='ocrx_word' id='word_1_74' title='bbox 590 565 701 601; x_wconf 86' lang='grc' dir='ltr'>πρώτην</span> <span class='ocrx_word' id='word_1_75' title='bbox 716 568 772 597; x_wconf 88' lang='grc' dir='ltr'>τοῖς</span> <span class='ocrx_word' id='word_1_76' title='bbox 790 566 926 601; x_wconf 85' lang='grc' dir='ltr'>γευσαμέ-</span> 
     </span>
    </p>
   </div>
   <div class='ocr_carea' id='block_1_11' title="bbox 136 611 926 647">
    <p class='ocr_par' dir='ltr' id='par_1_11' title="bbox 136 611 926 647">
     <span class='ocr_line' id='line_1_11' title="bbox 136 611 926 647; baseline -0.003 -8"><span class='ocrx_word' id='word_1_77' title='bbox 136 620 192 643; x_wconf 85' lang='grc' dir='ltr'>νοις</span> <span class='ocrx_word' id='word_1_78' title='bbox 218 611 395 646; x_wconf 84' lang='grc' dir='ltr'>φαινόμενον,</span> <span class='ocrx_word' id='word_1_79' title='bbox 425 611 556 645; x_wconf 86' lang='grc' dir='ltr'>γλυκεῖαν</span> <span class='ocrx_word' id='word_1_80' title='bbox 575 611 690 647; x_wconf 84' lang='grc' dir='ltr'>παρέχει</span> <span class='ocrx_word' id='word_1_81' title='bbox 711 613 767 643; x_wconf 82' lang='grc' dir='ltr'>τοῖς</span> <span class='ocrx_word' id='word_1_82' title='bbox 795 611 826 638; x_wconf 80' lang='grc' dir='ltr'>τὸ</span> <span class='ocrx_word' id='word_1_83' title='bbox 850 611 926 644; x_wconf 78' lang='grc' dir='ltr'>ξύλον</span> 
     </span>
    </p>
   </div>
   <div class='ocr_carea' id='block_1_12' title="bbox 137 655 927 693">
    <p class='ocr_par' dir='ltr' id='par_1_12' title="bbox 137 655 927 693">
     <span class='ocr_line' id='line_1_12' title="bbox 137 655 927 693; baseline 0.001 -10"><span class='ocrx_word' id='word_1_84' title='bbox 137 657 370 692; x_wconf 82' lang='grc' dir='ltr'>παραδεξαμένοις</span> <span class='ocrx_word' id='word_1_85' title='bbox 384 657 434 693; x_wconf 84' lang='grc' dir='ltr'>τὴν</span> <span class='ocrx_word' id='word_1_86' title='bbox 445 657 570 692; x_wconf 78' lang='grc' dir='ltr'>αἴσθησιν</span> <span class='ocrx_word' id='word_1_87' title='bbox 582 666 588 672; x_wconf 89' lang='grc'><strong>·</strong></span> <span class='ocrx_word' id='word_1_88' title='bbox 606 655 666 684; x_wconf 76' lang='grc' dir='ltr'>εἶτα</span> <span class='ocrx_word' id='word_1_89' title='bbox 678 659 734 689; x_wconf 80' lang='grc' dir='ltr'>τοῖς</span> <span class='ocrx_word' id='word_1_90' title='bbox 746 657 857 684; x_wconf 79' lang='grc' dir='ltr'>κάλλεσι</span> <span class='ocrx_word' id='word_1_91' title='bbox 872 657 927 684; x_wconf 86' lang='grc' dir='ltr'>τῶν</span> 
     </span>
    </p>
   </div>
   <div class='ocr_carea' id='block_1_13' title="bbox 137 701 927 738">
    <p class='ocr_par' dir='ltr' id='par_1_13' title="bbox 137 701 927 738">
     <span class='ocr_line' id='line_1_13' title="bbox 137 701 927 738; baseline 0 -10"><span class='ocrx_word' id='word_1_92' title='bbox 137 702 266 735; x_wconf 87' lang='grc' dir='ltr'>φοινίκων</span> <span class='ocrx_word' id='word_1_93' title='bbox 289 701 343 728; x_wconf 85' lang='grc' dir='ltr'>τῶν</span> <span class='ocrx_word' id='word_1_94' title='bbox 375 701 562 735; x_wconf 84' lang='grc' dir='ltr'>εύαγγελικῶν</span> <span class='ocrx_word' id='word_1_95' title='bbox 583 702 629 728; x_wconf 70' lang='grc' dir='ltr'>καὶ</span> <span class='ocrx_word' id='word_1_96' title='bbox 652 702 706 728; x_wconf 84' lang='grc' dir='ltr'>τῶν</span> <span class='ocrx_word' id='word_1_97' title='bbox 724 702 820 737; x_wconf 83' lang='grc' dir='ltr'>πηγῶν</span> <span class='ocrx_word' id='word_1_98' title='bbox 834 703 927 738; x_wconf 76' lang='grc' dir='ltr'>ἐντρυ-</span> 
     </span>
    </p>
   </div>
   <div class='ocr_carea' id='block_1_14' title="bbox 137 747 925 783">
    <p class='ocr_par' dir='ltr' id='par_1_14' title="bbox 137 747 925 783">
     <span class='ocr_line' id='line_1_14' title="bbox 137 747 925 783; baseline 0 -9"><span class='ocrx_word' id='word_1_99' title='bbox 137 749 236 783; x_wconf 72' lang='grc' dir='ltr'>φήσας,</span> <span class='ocrx_word' id='word_1_100' title='bbox 252 749 299 775; x_wconf 76' lang='grc' dir='ltr'>καὶ</span> <span class='ocrx_word' id='word_1_101' title='bbox 315 747 361 774; x_wconf 81' lang='grc' dir='ltr'>τοῦ</span> <span class='ocrx_word' id='word_1_102' title='bbox 389 747 491 779; x_wconf 83' lang='grc' dir='ltr'>ζῶντος</span> <span class='ocrx_word' id='word_1_103' title='bbox 505 747 611 780; x_wconf 80' lang='grc' dir='ltr'>ὓδατος,</span> <span class='ocrx_word' id='word_1_104' title='bbox 622 748 691 782; x_wconf 84' lang='grc' dir='ltr'>ὅπερ</span> <span class='ocrx_word' id='word_1_105' title='bbox 701 748 775 774; x_wconf 76' lang='grc' dir='ltr'>ἐστὶν</span> <span class='ocrx_word' id='word_1_106' title='bbox 792 749 808 783; x_wconf 91' lang='grc' dir='ltr'><strong>ή</strong></span> <span class='ocrx_word' id='word_1_107' title='bbox 827 748 925 783; x_wconf 85' lang='grc' dir='ltr'>πέτρα.</span> 
     </span>
    </p>
   </div>
   <div class='ocr_carea' id='block_1_15' title="bbox 138 793 926 830">
    <p class='ocr_par' dir='ltr' id='par_1_15' title="bbox 138 793 926 830">
     <span class='ocr_line' id='line_1_15' title="bbox 138 793 926 830; baseline 0 -11"><span class='ocrx_word' id='word_1_108' title='bbox 138 794 245 830; x_wconf 84' lang='grc' dir='ltr'>πλήρης</span> <span class='ocrx_word' id='word_1_109' title='bbox 260 794 416 829; x_wconf 82' lang='grc' dir='ltr'>γενόμενος,</span> <span class='ocrx_word' id='word_1_110' title='bbox 445 793 490 820; x_wconf 91' lang='grc' dir='ltr'>τόν</span> <span class='ocrx_word' id='word_1_111' title='bbox 504 802 533 820; x_wconf 88' lang='grc' dir='ltr'>τε</span> <span class='ocrx_word' id='word_1_112' title='bbox 557 794 682 829; x_wconf 82' lang='grc' dir='ltr'>οὐράνιον</span> <span class='ocrx_word' id='word_1_113' title='bbox 695 794 776 829; x_wconf 75' lang='grc' dir='ltr'>ἄρτον</span> <span class='ocrx_word' id='word_1_114' title='bbox 792 795 820 820; x_wconf 83' lang='grc' dir='ltr'>ὲν</span> <span class='ocrx_word' id='word_1_115' title='bbox 837 793 926 828; x_wconf 79' lang='grc' dir='ltr'>ἑαυτῷ</span> 
     </span>
    </p>
   </div>
   <div class='ocr_carea' id='block_1_16' title="bbox 137 836 926 874">
    <p class='ocr_par' dir='ltr' id='par_1_16' title="bbox 137 836 926 874">
     <span class='ocr_line' id='line_1_16' title="bbox 137 836 926 874; baseline -0.003 -7"><span class='ocrx_word' id='word_1_116' title='bbox 137 841 237 873; x_wconf 73' lang='grc' dir='ltr'>λαϐὼν,</span> <span class='ocrx_word' id='word_1_117' title='bbox 249 841 296 867; x_wconf 73' lang='grc' dir='ltr'>καὶ</span> <span class='ocrx_word' id='word_1_118' title='bbox 306 840 377 868; x_wconf 86' lang='grc' dir='ltr'>κατά</span> <span class='ocrx_word' id='word_1_119' title='bbox 385 840 439 867; x_wconf 87' lang='grc' dir='ltr'>τῶν</span> <span class='ocrx_word' id='word_1_120' title='bbox 455 839 611 874; x_wconf 70' lang='grc' dir='ltr'>ἀλλοφύλων</span> <span class='ocrx_word' id='word_1_121' title='bbox 622 839 828 874; x_wconf 83' lang='grc' dir='ltr'>ἀνδρισάμενος,</span> <span class='ocrx_word' id='word_1_122' title='bbox 843 836 865 873; x_wconf 82' lang='grc' dir='ltr'>ᾧ</span> <span class='ocrx_word' id='word_1_123' title='bbox 876 840 926 874; x_wconf 80' lang='grc' dir='ltr'>τῆς</span> 
     </span>
    </p>
   </div>
   <div class='ocr_carea' id='block_1_17' title="bbox 137 884 927 921">
    <p class='ocr_par' dir='ltr' id='par_1_17' title="bbox 137 884 927 921">
     <span class='ocr_line' id='line_1_17' title="bbox 137 884 927 921; baseline -0.003 -9"><span class='ocrx_word' id='word_1_124' title='bbox 137 886 215 920; x_wconf 78' lang='grc' dir='ltr'>νίκης</span> <span class='ocrx_word' id='word_1_125' title='bbox 238 886 323 918; x_wconf 70' lang='grc' dir='ltr'>αἰτία,</span> <span class='ocrx_word' id='word_1_126' title='bbox 340 886 356 921; x_wconf 83' lang='grc' dir='ltr'>ἡ</span> <span class='ocrx_word' id='word_1_127' title='bbox 375 885 485 916; x_wconf 78' lang='grc' dir='ltr'>ἕκτασις</span> <span class='ocrx_word' id='word_1_128' title='bbox 508 885 562 911; x_wconf 84' lang='grc' dir='ltr'>τῶν</span> <span class='ocrx_word' id='word_1_129' title='bbox 589 884 688 920; x_wconf 72' lang='grc' dir='ltr'>χειρῶν</span> <span class='ocrx_word' id='word_1_130' title='bbox 711 884 757 911; x_wconf 76' lang='grc' dir='ltr'>τοῦ</span> <span class='ocrx_word' id='word_1_131' title='bbox 783 885 927 920; x_wconf 76' lang='grc' dir='ltr'>νομοθέτου</span> 
     </span>
    </p>
   </div>
   <div class='ocr_carea' id='block_1_18' title="bbox 138 929 928 966">
    <p class='ocr_par' dir='ltr' id='par_1_18' title="bbox 138 929 928 966">
     <span class='ocr_line' id='line_1_18' title="bbox 138 929 928 966; baseline 0 -10"><span class='ocrx_word' id='word_1_132' title='bbox 138 931 252 962; x_wconf 84' lang='grc' dir='ltr'>γίνεται,</span> <span class='ocrx_word' id='word_1_133' title='bbox 265 931 281 966; x_wconf 80' lang='grc' dir='ltr'>ἡ</span> <span class='ocrx_word' id='word_1_134' title='bbox 296 930 326 956; x_wconf 80' lang='grc' dir='ltr'>τὸ</span> <span class='ocrx_word' id='word_1_135' title='bbox 348 930 497 965; x_wconf 82' lang='grc' dir='ltr'>μυστήριον</span> <span class='ocrx_word' id='word_1_136' title='bbox 516 929 564 956; x_wconf 78' lang='grc' dir='ltr'>τοῦ</span> <span class='ocrx_word' id='word_1_137' title='bbox 579 929 697 965; x_wconf 84' lang='grc' dir='ltr'>σταυροῦ</span> <span class='ocrx_word' id='word_1_138' title='bbox 714 930 928 965; x_wconf 73' lang='grc' dir='ltr'>προδεικνύουσα</span> 
     </span>
    </p>
   </div>
   <div class='ocr_carea' id='block_1_19' title="bbox 138 975 929 1011">
    <p class='ocr_par' dir='ltr' id='par_1_19' title="bbox 138 975 929 1011">
     <span class='ocr_line' id='line_1_19' title="bbox 138 975 929 1011; baseline -0.001 -9"><span class='ocrx_word' id='word_1_139' title='bbox 138 977 198 1002; x_wconf 82' lang='grc' dir='ltr'>τότε</span> <span class='ocrx_word' id='word_1_140' title='bbox 213 976 380 1011; x_wconf 81' lang='grc' dir='ltr'>προσάγεται</span> <span class='ocrx_word' id='word_1_141' title='bbox 394 976 428 1010; x_wconf 84' lang='grc' dir='ltr'>τῇ</span> <span class='ocrx_word' id='word_1_142' title='bbox 451 976 500 1010; x_wconf 81' lang='grc' dir='ltr'>τῆς</span> <span class='ocrx_word' id='word_1_143' title='bbox 520 975 721 1010; x_wconf 77' lang='grc' dir='ltr'>ὑπερκειμένης</span> <span class='ocrx_word' id='word_1_144' title='bbox 737 975 842 1009; x_wconf 82' lang='grc' dir='ltr'>φύσεως</span> <span class='ocrx_word' id='word_1_145' title='bbox 863 975 929 1001; x_wconf 87' lang='grc' dir='ltr'>οεω-</span> 
     </span>
    </p>
   </div>
   <div class='ocr_carea' id='block_1_20' title="bbox 141 1020 929 1057">
    <p class='ocr_par' dir='ltr' id='par_1_20' title="bbox 141 1020 929 1057">
     <span class='ocr_line' id='line_1_20' title="bbox 141 1020 929 1057; baseline -0.001 -9"><span class='ocrx_word' id='word_1_146' title='bbox 141 1022 196 1057; x_wconf 83' lang='grc' dir='ltr'>ρίᾳ.</span> <span class='ocrx_word' id='word_1_147' title='bbox 215 1021 289 1053; x_wconf 85' lang='grc' dir='ltr'>Ὀδὺς</span> <span class='ocrx_word' id='word_1_148' title='bbox 303 1021 331 1048; x_wconf 84' lang='grc' dir='ltr'>δὲ</span> <span class='ocrx_word' id='word_1_149' title='bbox 347 1020 423 1056; x_wconf 85' lang='grc' dir='ltr'>αὐτῷ</span> <span class='ocrx_word' id='word_1_150' title='bbox 437 1021 504 1057; x_wconf 83' lang='grc' dir='ltr'>πρὸς</span> <span class='ocrx_word' id='word_1_151' title='bbox 513 1021 561 1056; x_wconf 77' lang='grc' dir='ltr'>τὴν</span> <span class='ocrx_word' id='word_1_152' title='bbox 578 1020 706 1055; x_wconf 78' lang='grc' dir='ltr'>τοιαύτην</span> <span class='ocrx_word' id='word_1_153' title='bbox 720 1020 830 1054; x_wconf 84' lang='grc' dir='ltr'>γνῶσιν,</span> <span class='ocrx_word' id='word_1_154' title='bbox 845 1021 929 1047; x_wconf 77' lang='grc' dir='ltr'>καοα-</span> 
     </span>
    </p>
   </div>
   <div class='ocr_carea' id='block_1_21' title="bbox 141 1066 928 1103">
    <p class='ocr_par' dir='ltr' id='par_1_21' title="bbox 141 1066 928 1103">
     <span class='ocr_line' id='line_1_21' title="bbox 141 1066 928 1103; baseline -0.003 -9"><span class='ocrx_word' id='word_1_155' title='bbox 141 1068 220 1102; x_wconf 76' lang='grc' dir='ltr'>ρότης</span> <span class='ocrx_word' id='word_1_156' title='bbox 228 1067 344 1102; x_wconf 85' lang='grc' dir='ltr'>γίνεται,</span> <span class='ocrx_word' id='word_1_157' title='bbox 357 1068 388 1093; x_wconf 82' lang='grc' dir='ltr'>οὐ</span> <span class='ocrx_word' id='word_1_158' title='bbox 396 1066 443 1093; x_wconf 78' lang='grc' dir='ltr'>τοῦ</span> <span class='ocrx_word' id='word_1_159' title='bbox 452 1066 576 1102; x_wconf 79' lang='grc' dir='ltr'>σώματος</span> <span class='ocrx_word' id='word_1_160' title='bbox 585 1067 676 1101; x_wconf 83' lang='grc' dir='ltr'>μόνον,</span> <span class='ocrx_word' id='word_1_161' title='bbox 689 1067 928 1103; x_wconf 75' lang='grc' dir='ltr'>περιρῤαντηρίοις</span> 
     </span>
    </p>
   </div>
   <div class='ocr_carea' id='block_1_22' title="bbox 140 1109 928 1148">
    <p class='ocr_par' dir='ltr' id='par_1_22' title="bbox 140 1109 928 1148">
     <span class='ocr_line' id='line_1_22' title="bbox 140 1109 928 1148; baseline -0.001 -8"><span class='ocrx_word' id='word_1_162' title='bbox 140 1109 210 1140; x_wconf 76' lang='grc' dir='ltr'>τισὶν</span> <span class='ocrx_word' id='word_1_163' title='bbox 227 1113 451 1148; x_wconf 81' lang='grc' dir='ltr'>ἀφαγνισθέντος,</span> <span class='ocrx_word' id='word_1_164' title='bbox 463 1112 532 1139; x_wconf 88' lang='grc' dir='ltr'>ἀλλά</span> <span class='ocrx_word' id='word_1_165' title='bbox 542 1112 590 1138; x_wconf 76' lang='grc' dir='ltr'>καὶ</span> <span class='ocrx_word' id='word_1_166' title='bbox 604 1111 658 1138; x_wconf 84' lang='grc' dir='ltr'>τῶν</span> <span class='ocrx_word' id='word_1_167' title='bbox 672 1112 828 1148; x_wconf 76' lang='grc' dir='ltr'>ἐνδυμάτων</span> <span class='ocrx_word' id='word_1_168' title='bbox 839 1113 928 1146; x_wconf 80' lang='grc' dir='ltr'>πάσης</span> 
     </span>
    </p>
   </div>
   <div class='ocr_carea' id='block_1_23' title="bbox 140 1158 929 1194">
    <p class='ocr_par' dir='ltr' id='par_1_23' title="bbox 140 1158 929 1194">
     <span class='ocr_line' id='line_1_23' title="bbox 140 1158 929 1194; baseline -0.003 -8"><span class='ocrx_word' id='word_1_169' title='bbox 140 1159 248 1194; x_wconf 83' lang='grc' dir='ltr'>κηλῖδος</span> <span class='ocrx_word' id='word_1_170' title='bbox 276 1159 501 1186; x_wconf 84' lang='grc' dir='ltr'>ἀποκλυσοέντων</span> <span class='ocrx_word' id='word_1_171' title='bbox 519 1158 557 1194; x_wconf 84' lang='grc' dir='ltr'>τῷ</span> <span class='ocrx_word' id='word_1_172' title='bbox 575 1158 662 1185; x_wconf 76' lang='grc' dir='ltr'>ὕδατι.</span> <span class='ocrx_word' id='word_1_173' title='bbox 675 1158 760 1185; x_wconf 84' lang='grc' dir='ltr'>Τοῦτο</span> <span class='ocrx_word' id='word_1_174' title='bbox 770 1158 798 1184; x_wconf 86' lang='grc' dir='ltr'>δέ</span> <span class='ocrx_word' id='word_1_175' title='bbox 814 1159 882 1189; x_wconf 74' lang='grc' dir='ltr'>ἐστι,</span> <span class='ocrx_word' id='word_1_176' title='bbox 899 1158 929 1185; x_wconf 73' lang='grc' dir='ltr'>τὸ</span> 
     </span>
    </p>
   </div>
   <div class='ocr_carea' id='block_1_24' title="bbox 139 1203 930 1240">
    <p class='ocr_par' dir='ltr' id='par_1_24' title="bbox 139 1203 930 1240">
     <span class='ocr_line' id='line_1_24' title="bbox 139 1203 930 1240; baseline -0.001 -9"><span class='ocrx_word' id='word_1_177' title='bbox 139 1205 185 1232; x_wconf 70' lang='grc' dir='ltr'>διὰ</span> <span class='ocrx_word' id='word_1_178' title='bbox 206 1205 315 1231; x_wconf 73' lang='grc' dir='ltr'>πάντων</span> <span class='ocrx_word' id='word_1_179' title='bbox 337 1204 506 1240; x_wconf 82' lang='grc' dir='ltr'>καθαρεῦσαι</span> <span class='ocrx_word' id='word_1_180' title='bbox 522 1205 577 1232; x_wconf 85' lang='grc' dir='ltr'>δεῖν</span> <span class='ocrx_word' id='word_1_181' title='bbox 587 1205 632 1230; x_wconf 84' lang='grc' dir='ltr'>τὸν</span> <span class='ocrx_word' id='word_1_182' title='bbox 650 1204 779 1239; x_wconf 82' lang='grc' dir='ltr'>μέλλοντα</span> <span class='ocrx_word' id='word_1_183' title='bbox 797 1203 930 1239; x_wconf 81' lang='grc' dir='ltr'>προσϐαί-</span> 
     </span>
    </p>
   </div>
   <div class='ocr_carea' id='block_1_25' title="bbox 140 1249 930 1285">
    <p class='ocr_par' dir='ltr' id='par_1_25' title="bbox 140 1249 930 1285">
     <span class='ocr_line' id='line_1_25' title="bbox 140 1249 930 1285; baseline 0 -9"><span class='ocrx_word' id='word_1_184' title='bbox 140 1259 195 1276; x_wconf 87' lang='grc' dir='ltr'>νειν</span> <span class='ocrx_word' id='word_1_185' title='bbox 210 1251 241 1285; x_wconf 81' lang='grc' dir='ltr'>τῇ</span> <span class='ocrx_word' id='word_1_186' title='bbox 251 1250 304 1276; x_wconf 86' lang='grc' dir='ltr'>τῶν</span> <span class='ocrx_word' id='word_1_187' title='bbox 329 1250 412 1276; x_wconf 76' lang='grc' dir='ltr'>ὅντων</span> <span class='ocrx_word' id='word_1_188' title='bbox 434 1249 546 1285; x_wconf 79' lang='grc' dir='ltr'>θεωρίᾳ,</span> <span class='ocrx_word' id='word_1_189' title='bbox 558 1250 595 1282; x_wconf 85' lang='grc' dir='ltr'>ὠς</span> <span class='ocrx_word' id='word_1_190' title='bbox 609 1250 656 1277; x_wconf 72' lang='grc' dir='ltr'>καὶ</span> <span class='ocrx_word' id='word_1_191' title='bbox 673 1250 746 1285; x_wconf 78' lang='grc' dir='ltr'>ψυχῇ</span> <span class='ocrx_word' id='word_1_192' title='bbox 763 1251 811 1276; x_wconf 61' lang='grc' dir='ltr'>καὶ⁸</span> <span class='ocrx_word' id='word_1_193' title='bbox 823 1249 930 1284; x_wconf 81' lang='grc' dir='ltr'>σώματι</span> 
     </span>
    </p>
   </div>
   <div class='ocr_carea' id='block_1_26' title="bbox 140 1294 929 1331">
    <p class='ocr_par' dir='ltr' id='par_1_26' title="bbox 140 1294 929 1331">
     <span class='ocr_line' id='line_1_26' title="bbox 140 1294 929 1331; baseline 0 -9"><span class='ocrx_word' id='word_1_194' title='bbox 140 1295 259 1331; x_wconf 73' lang='grc' dir='ltr'>καθαρὸν</span> <span class='ocrx_word' id='word_1_195' title='bbox 272 1294 341 1322; x_wconf 75' lang='grc' dir='ltr'>εἶναι</span> <span class='ocrx_word' id='word_1_196' title='bbox 355 1297 402 1322; x_wconf 73' lang='grc' dir='ltr'>καὶ</span> <span class='ocrx_word' id='word_1_197' title='bbox 418 1295 649 1331; x_wconf 79' lang='grc' dir='ltr'>ἀκηλίδωτον,τὸν</span> <span class='ocrx_word' id='word_1_198' title='bbox 664 1296 693 1322; x_wconf 79' lang='grc' dir='ltr'>ὲν</span> <span class='ocrx_word' id='word_1_199' title='bbox 706 1295 828 1330; x_wconf 79' lang='grc' dir='ltr'>ἐκατέρῳ</span> <span class='ocrx_word' id='word_1_200' title='bbox 844 1295 929 1330; x_wconf 78' lang='grc' dir='ltr'>ῥύπον</span> 
     </span>
    </p>
   </div>
   <div class='ocr_carea' id='block_1_27' title="bbox 141 1341 930 1377">
    <p class='ocr_par' dir='ltr' id='par_1_27' title="bbox 141 1341 930 1377">
     <span class='ocr_line' id='line_1_27' title="bbox 141 1341 930 1377; baseline 0.001 -10"><span class='ocrx_word' id='word_1_201' title='bbox 141 1341 315 1377; x_wconf 80' lang='grc' dir='ltr'>καταλλήλως</span> <span class='ocrx_word' id='word_1_202' title='bbox 342 1341 565 1376; x_wconf 83' lang='grc' dir='ltr'>ἀποκλυσάμενον</span> <span class='ocrx_word' id='word_1_203' title='bbox 575 1349 582 1356; x_wconf 72' lang='grc'><strong>⁸</strong></span> <span class='ocrx_word' id='word_1_204' title='bbox 600 1342 638 1373; x_wconf 85' lang='grc' dir='ltr'>ὡς</span> <span class='ocrx_word' id='word_1_205' title='bbox 651 1341 684 1368; x_wconf 79' lang='grc' dir='ltr'>ἂν</span> <span class='ocrx_word' id='word_1_206' title='bbox 698 1341 814 1377; x_wconf 79' lang='grc' dir='ltr'>καθαροὶ</span> <span class='ocrx_word' id='word_1_207' title='bbox 831 1341 877 1368; x_wconf 84' lang='grc' dir='ltr'>καὶ</span> <span class='ocrx_word' id='word_1_208' title='bbox 891 1341 930 1376; x_wconf 86' lang='grc' dir='ltr'>τῷ</span> 
     </span>
    </p>
   </div>
   <div class='ocr_carea' id='block_1_28' title="bbox 141 1387 930 1424">
    <p class='ocr_par' dir='ltr' id='par_1_28' title="bbox 141 1387 930 1424">
     <span class='ocr_line' id='line_1_28' title="bbox 141 1387 930 1424; baseline 0.001 -11"><span class='ocrx_word' id='word_1_209' title='bbox 141 1387 171 1414; x_wconf 71' lang='grc' dir='ltr'>τὸ</span> <span class='ocrx_word' id='word_1_210' title='bbox 185 1387 305 1424; x_wconf 81' lang='grc' dir='ltr'>κρυπτὸν</span> <span class='ocrx_word' id='word_1_211' title='bbox 326 1387 424 1422; x_wconf 80' lang='grc' dir='ltr'>ὁρῶντι</span> <span class='ocrx_word' id='word_1_212' title='bbox 444 1387 605 1422; x_wconf 78' lang='grc' dir='ltr'>φανείημεν,</span> <span class='ocrx_word' id='word_1_213' title='bbox 622 1388 696 1422; x_wconf 78' lang='grc' dir='ltr'>καὶὴ</span> <span class='ocrx_word' id='word_1_214' title='bbox 712 1387 782 1414; x_wconf 84' lang='grc' dir='ltr'>κατὰ</span> <span class='ocrx_word' id='word_1_215' title='bbox 795 1387 824 1414; x_wconf 82' lang='grc' dir='ltr'>τὸ</span> <span class='ocrx_word' id='word_1_216' title='bbox 837 1387 930 1422; x_wconf 75' lang='grc' dir='ltr'>φαινό-</span> 
     </span>
    </p>
   </div>
   <div class='ocr_carea' id='block_1_29' title="bbox 143 1432 929 1468">
    <p class='ocr_par' dir='ltr' id='par_1_29' title="bbox 143 1432 929 1468">
     <span class='ocr_line' id='line_1_29' title="bbox 143 1432 929 1468; baseline 0 -9"><span class='ocrx_word' id='word_1_217' title='bbox 143 1441 223 1468; x_wconf 86' lang='grc' dir='ltr'>μενον</span> <span class='ocrx_word' id='word_1_218' title='bbox 246 1433 436 1468; x_wconf 77' lang='grc' dir='ltr'>εὐσχημοσύνη</span> <span class='ocrx_word' id='word_1_219' title='bbox 463 1433 497 1468; x_wconf 84' lang='grc' dir='ltr'>τῇ</span> <span class='ocrx_word' id='word_1_220' title='bbox 524 1432 629 1460; x_wconf 75' lang='grc' dir='ltr'>ἔνδοθεν</span> <span class='ocrx_word' id='word_1_221' title='bbox 641 1434 691 1468; x_wconf 81' lang='grc' dir='ltr'>τῆς</span> <span class='ocrx_word' id='word_1_222' title='bbox 701 1432 790 1468; x_wconf 80' lang='grc' dir='ltr'>ψυχῆς</span> <span class='ocrx_word' id='word_1_223' title='bbox 810 1432 929 1460; x_wconf 83' lang='grc' dir='ltr'>διαθέσει</span> 
     </span>
    </p>
   </div>
   <div class='ocr_carea' id='block_1_30' title="bbox 788 101 1090 131">
    <p class='ocr_par' dir='ltr' id='par_1_30' title="bbox 788 101 1090 131">
     <span class='ocr_line' id='line_1_30' title="bbox 788 101 1090 131; baseline 0 -1"><span class='ocrx_word' id='word_1_224' title='bbox 788 103 832 130; x_wconf 85' lang='lat' dir='ltr'>DE</span> <span class='ocrx_word' id='word_1_225' title='bbox 853 102 932 131; x_wconf 75' lang='lat' dir='ltr'>VITA</span> <span class='ocrx_word' id='word_1_226' title='bbox 952 101 1090 131; x_wconf 82' lang='lat' dir='ltr'>MOYSIS.</span> 
     </span>
    </p>
   </div>
   <div class='ocr_carea' id='block_1_31' title="bbox 140 157 962 196">
    <p class='ocr_par' dir='ltr' id='par_1_31' title="bbox 140 157 962 196">
     <span class='ocr_line' id='line_1_31' title="bbox 140 157 962 196; baseline 0.005 -13"><span class='ocrx_word' id='word_1_227' title='bbox 140 158 199 192; x_wconf 84' lang='grc' dir='ltr'>ρίας</span> <span class='ocrx_word' id='word_1_228' title='bbox 216 157 292 189; x_wconf 81' lang='grc' dir='ltr'>τάξιν</span> <span class='ocrx_word' id='word_1_229' title='bbox 315 159 347 193; x_wconf 80' lang='grc' dir='ltr'>τῇ</span> <span class='ocrx_word' id='word_1_230' title='bbox 370 158 530 194; x_wconf 77' lang='grc' dir='ltr'>ἀναγωγιχῇ</span> <span class='ocrx_word' id='word_1_231' title='bbox 556 159 747 195; x_wconf 71' lang='grc' dir='ltr'>προσαρμόσαι</span> <span class='ocrx_word' id='word_1_232' title='bbox 769 161 799 186; x_wconf 82' lang='grc' dir='ltr'>τὸ</span> <span class='ocrx_word' id='word_1_233' title='bbox 823 161 923 196; x_wconf 84' lang='grc' dir='ltr'>νόημα.</span> <span class='ocrx_word' id='word_1_234' title='bbox 941 163 962 190; x_wconf 86' lang='grc' dir='ltr'>Λ</span> 
     </span>
    </p>
   </div>
   <div class='ocr_carea' id='block_1_32' title="bbox 1709 101 1761 128">
    <p class='ocr_par' dir='ltr' id='par_1_32' title="bbox 1709 101 1761 128">
     <span class='ocr_line' id='line_1_32' title="bbox 1709 101 1761 128; baseline 0 0"><span class='ocrx_word' id='word_1_235' title='bbox 1709 101 1761 128; x_wconf 68' lang='grc'>576</span> 
     </span>
    </p>
   </div>
   <div class='ocr_carea' id='block_1_33' title="bbox 979 158 1765 195">
    <p class='ocr_par' dir='ltr' id='par_1_33' title="bbox 979 158 1765 195">
     <span class='ocr_line' id='line_1_33' title="bbox 979 158 1765 195; baseline -0.001 -9"><span class='ocrx_word' id='word_1_236' title='bbox 979 158 1085 195; x_wconf 79' lang='lat' dir='ltr'>Moyses</span> <span class='ocrx_word' id='word_1_237' title='bbox 1099 158 1207 194; x_wconf 83' lang='lat' dir='ltr'><strong>quidem</strong></span> <span class='ocrx_word' id='word_1_238' title='bbox 1224 167 1273 194; x_wconf 87' lang='lat' dir='ltr'>pro</span> <span class='ocrx_word' id='word_1_239' title='bbox 1301 159 1359 194; x_wconf 76' lang='lat' dir='ltr'><strong>lege</strong></span> <span class='ocrx_word' id='word_1_240' title='bbox 1380 159 1503 194; x_wconf 78' lang='lat' dir='ltr'>legisque</span> <span class='ocrx_word' id='word_1_241' title='bbox 1532 158 1687 194; x_wconf 62' lang='lat' dir='ltr'><strong>praeceptis,</strong></span> <span class='ocrx_word' id='word_1_242' title='bbox 1714 167 1765 185; x_wconf 87' lang='lat' dir='ltr'><strong>nu-</strong></span> 
     </span>
    </p>
   </div>
   <div class='ocr_carea' id='block_1_34' title="bbox 979 203 1764 239">
    <p class='ocr_par' dir='ltr' id='par_1_34' title="bbox 979 203 1764 239">
     <span class='ocr_line' id='line_1_34' title="bbox 979 203 1764 239; baseline -0.003 -8"><span class='ocrx_word' id='word_1_243' title='bbox 979 206 1027 232; x_wconf 87' lang='lat' dir='ltr'>bes</span> <span class='ocrx_word' id='word_1_244' title='bbox 1039 208 1130 232; x_wconf 87' lang='lat' dir='ltr'><strong>autem</strong></span> <span class='ocrx_word' id='word_1_245' title='bbox 1143 203 1198 231; x_wconf 79' lang='lat' dir='ltr'><strong>dux</strong></span> <span class='ocrx_word' id='word_1_246' title='bbox 1216 204 1302 239; x_wconf 74' lang='lat' dir='ltr'><strong>legis;</strong></span> <span class='ocrx_word' id='word_1_247' title='bbox 1327 212 1389 232; x_wconf 86' lang='lat' dir='ltr'>cum</span> <span class='ocrx_word' id='word_1_248' title='bbox 1416 203 1517 232; x_wconf 88' lang='lat' dir='ltr'><strong>mundo</strong></span> <span class='ocrx_word' id='word_1_249' title='bbox 1535 203 1620 231; x_wconf 88' lang='lat' dir='ltr'><strong>corde</strong></span> <span class='ocrx_word' id='word_1_250' title='bbox 1640 204 1666 230; x_wconf 89' lang='lat' dir='ltr'>in</span> <span class='ocrx_word' id='word_1_251' title='bbox 1686 204 1764 237; x_wconf 80' lang='lat' dir='ltr'><strong>aquis</strong></span> 
     </span>
    </p>
   </div>
   <div class='ocr_carea' id='block_1_35' title="bbox 979 248 1762 285">
    <p class='ocr_par' dir='ltr' id='par_1_35' title="bbox 979 248 1762 285">
     <span class='ocr_line' id='line_1_35' title="bbox 979 248 1762 285; baseline -0.003 -9"><span class='ocrx_word' id='word_1_252' title='bbox 979 254 1125 285; x_wconf 87' lang='lat' dir='ltr'><strong>tyrannum</strong></span> <span class='ocrx_word' id='word_1_253' title='bbox 1139 249 1318 281; x_wconf 74' lang='lat' dir='ltr'><strong>interfecerit,</strong></span> <span class='ocrx_word' id='word_1_254' title='bbox 1336 257 1398 276; x_wconf 87' lang='lat' dir='ltr'>cum</span> <span class='ocrx_word' id='word_1_255' title='bbox 1421 257 1506 283; x_wconf 88' lang='lat' dir='ltr'><strong>aquas</strong></span> <span class='ocrx_word' id='word_1_256' title='bbox 1523 255 1630 275; x_wconf 85' lang='lat' dir='ltr'><strong>amaras</strong></span> <span class='ocrx_word' id='word_1_257' title='bbox 1652 248 1762 278; x_wconf 75' lang='lat' dir='ltr'><strong>biberit,</strong></span> 
     </span>
    </p>
   </div>
   <div class='ocr_carea' id='block_1_36' title="bbox 978 294 1763 331">
    <p class='ocr_par' dir='ltr' id='par_1_36' title="bbox 978 294 1763 331">
     <span class='ocr_line' id='line_1_36' title="bbox 978 294 1763 331; baseline -0.004 -9"><span class='ocrx_word' id='word_1_258' title='bbox 978 296 1094 323; x_wconf 87' lang='lat' dir='ltr'><strong>alienam</strong></span> <span class='ocrx_word' id='word_1_259' title='bbox 1114 303 1128 322; x_wconf 86' lang='lat' dir='ltr'>a</span> <span class='ocrx_word' id='word_1_260' title='bbox 1153 296 1338 331; x_wconf 67' lang='lat' dir='ltr'>voluptatibus</span> <span class='ocrx_word' id='word_1_261' title='bbox 1358 295 1441 322; x_wconf 90' lang='lat' dir='ltr'><strong>vitam</strong></span> <span class='ocrx_word' id='word_1_262' title='bbox 1457 294 1566 326; x_wconf 77' lang='lat' dir='ltr'>vixerit,</span> <span class='ocrx_word' id='word_1_263' title='bbox 1591 302 1651 328; x_wconf 67' lang='lat' dir='ltr'><strong>quae</strong></span> <span class='ocrx_word' id='word_1_264' title='bbox 1670 300 1763 320; x_wconf 83' lang='lat' dir='ltr'><strong>amara</strong></span> 
     </span>
    </p>
   </div>
   <div class='ocr_carea' id='block_1_37' title="bbox 977 339 1764 378">
    <p class='ocr_par' dir='ltr' id='par_1_37' title="bbox 977 339 1764 378">
     <span class='ocr_line' id='line_1_37' title="bbox 977 339 1764 378; baseline -0.006 -8"><span class='ocrx_word' id='word_1_265' title='bbox 977 348 1003 370; x_wconf 89' lang='lat' dir='ltr'>et</span> <span class='ocrx_word' id='word_1_266' title='bbox 1021 342 1139 370; x_wconf 82' lang='lat' dir='ltr'><strong>diilicilis</strong></span> <span class='ocrx_word' id='word_1_267' title='bbox 1153 343 1286 378; x_wconf 86' lang='lat' dir='ltr'><strong>primum.</strong></span> <span class='ocrx_word' id='word_1_268' title='bbox 1307 341 1406 369; x_wconf 88' lang='lat' dir='ltr'><strong>deinde</strong></span> <span class='ocrx_word' id='word_1_269' title='bbox 1420 341 1507 368; x_wconf 81' lang='lat' dir='ltr'>facilis</span> <span class='ocrx_word' id='word_1_270' title='bbox 1530 339 1688 374; x_wconf 80' lang='lat' dir='ltr'><strong>etjucunda</strong></span> <span class='ocrx_word' id='word_1_271' title='bbox 1713 347 1764 374; x_wconf 80' lang='lat' dir='ltr'>gu-</span> 
     </span>
    </p>
   </div>
   <div class='ocr_carea' id='block_1_38' title="bbox 979 384 1762 421">
    <p class='ocr_par' dir='ltr' id='par_1_38' title="bbox 979 384 1762 421">
     <span class='ocr_line' id='line_1_38' title="bbox 979 384 1762 421; baseline -0.004 -9"><span class='ocrx_word' id='word_1_272' title='bbox 979 386 1117 413; x_wconf 86' lang='lat' dir='ltr'><strong>stantibus</strong></span> <span class='ocrx_word' id='word_1_273' title='bbox 1138 386 1310 413; x_wconf 89' lang='lat' dir='ltr'><strong>immissione</strong></span> <span class='ocrx_word' id='word_1_274' title='bbox 1322 385 1387 421; x_wconf 78' lang='lat' dir='ltr'><strong>ligni</strong></span> <span class='ocrx_word' id='word_1_275' title='bbox 1398 385 1514 412; x_wconf 87' lang='lat' dir='ltr'><strong>videtur.</strong></span> <span class='ocrx_word' id='word_1_276' title='bbox 1525 384 1592 412; x_wconf 90' lang='lat' dir='ltr'>Cum</span> <span class='ocrx_word' id='word_1_277' title='bbox 1610 384 1762 419; x_wconf 88' lang='lat' dir='ltr'><strong>palmarum</strong></span> 
     </span>
    </p>
   </div>
   <div class='ocr_carea' id='block_1_39' title="bbox 977 429 1765 466">
    <p class='ocr_par' dir='ltr' id='par_1_39' title="bbox 977 429 1765 466">
     <span class='ocr_line' id='line_1_39' title="bbox 977 429 1765 466; baseline -0.004 -8"><span class='ocrx_word' id='word_1_278' title='bbox 977 439 1009 458; x_wconf 88' lang='lat' dir='ltr'>ac</span> <span class='ocrx_word' id='word_1_279' title='bbox 1035 431 1151 458; x_wconf 74' lang='lat' dir='ltr'><strong>fontium</strong></span> <span class='ocrx_word' id='word_1_280' title='bbox 1185 432 1360 462; x_wconf 77' lang='lat' dir='ltr'><strong>ammuitate,</strong></span> <span class='ocrx_word' id='word_1_281' title='bbox 1392 430 1560 466; x_wconf 63' lang='lat' dir='ltr'><strong>Evangelicaa</strong></span> <span class='ocrx_word' id='word_1_282' title='bbox 1589 430 1696 457; x_wconf 88' lang='lat' dir='ltr'><strong>scilicet</strong></span> <span class='ocrx_word' id='word_1_283' title='bbox 1720 429 1765 456; x_wconf 90' lang='lat' dir='ltr'><strong>do-</strong></span> 
     </span>
    </p>
   </div>
   <div class='ocr_carea' id='block_1_40' title="bbox 978 475 1766 511">
    <p class='ocr_par' dir='ltr' id='par_1_40' title="bbox 978 475 1766 511">
     <span class='ocr_line' id='line_1_40' title="bbox 978 475 1766 511; baseline 0 -9"><span class='ocrx_word' id='word_1_284' title='bbox 978 477 1074 504; x_wconf 64' lang='lat' dir='ltr'><strong>ctrinae</strong></span> <span class='ocrx_word' id='word_1_285' title='bbox 1090 476 1201 504; x_wconf 85' lang='lat' dir='ltr'><strong>ﬂuentis</strong></span> <span class='ocrx_word' id='word_1_286' title='bbox 1215 477 1322 504; x_wconf 81' lang='lat' dir='ltr'>labores</span> <span class='ocrx_word' id='word_1_287' title='bbox 1335 476 1479 511; x_wconf 85' lang='lat' dir='ltr'><strong>depulerit,</strong></span> <span class='ocrx_word' id='word_1_288' title='bbox 1499 476 1522 503; x_wconf 86' lang='lat' dir='ltr'>si</span> <span class='ocrx_word' id='word_1_289' title='bbox 1546 482 1616 510; x_wconf 77' lang='lat' dir='ltr'><strong>aqua</strong></span> <span class='ocrx_word' id='word_1_290' title='bbox 1632 475 1691 502; x_wconf 87' lang='lat' dir='ltr'><strong>viva</strong></span> <span class='ocrx_word' id='word_1_291' title='bbox 1705 482 1766 510; x_wconf 63' lang='lat' dir='ltr'><strong>quae</strong></span> 
     </span>
    </p>
   </div>
   <div class='ocr_carea' id='block_1_41' title="bbox 979 521 1764 555">
    <p class='ocr_par' dir='ltr' id='par_1_41' title="bbox 979 521 1764 555">
     <span class='ocr_line' id='line_1_41' title="bbox 979 521 1764 555; baseline -0.003 -7"><span class='ocrx_word' id='word_1_292' title='bbox 979 522 1047 555; x_wconf 88' lang='lat' dir='ltr'><strong>lapis</strong></span> <span class='ocrx_word' id='word_1_293' title='bbox 1071 526 1124 554; x_wconf 82' lang='lat' dir='ltr'><strong>est,</strong></span> <span class='ocrx_word' id='word_1_294' title='bbox 1152 522 1279 550; x_wconf 82' lang='lat' dir='ltr'><strong>videlicet</strong></span> <span class='ocrx_word' id='word_1_295' title='bbox 1304 522 1441 554; x_wconf 83' lang='lat' dir='ltr'><strong>Christus,</strong></span> <span class='ocrx_word' id='word_1_296' title='bbox 1464 522 1536 549; x_wconf 88' lang='lat' dir='ltr'><strong>sitim</strong></span> <span class='ocrx_word' id='word_1_297' title='bbox 1560 521 1711 553; x_wconf 83' lang='lat' dir='ltr'><strong>sedaverit,</strong></span> <span class='ocrx_word' id='word_1_298' title='bbox 1741 521 1764 547; x_wconf 88' lang='lat' dir='ltr'><strong>si</strong></span> 
     </span>
    </p>
   </div>
   <div class='ocr_carea' id='block_1_42' title="bbox 978 567 1764 603">
    <p class='ocr_par' dir='ltr' id='par_1_42' title="bbox 978 567 1764 603">
     <span class='ocr_line' id='line_1_42' title="bbox 978 567 1764 603; baseline 0 -9"><span class='ocrx_word' id='word_1_299' title='bbox 978 567 1081 595; x_wconf 70' lang='lat' dir='ltr'><strong>coalein</strong></span> <span class='ocrx_word' id='word_1_300' title='bbox 1097 568 1158 595; x_wconf 88' lang='lat' dir='ltr'><strong>cibo</strong></span> <span class='ocrx_word' id='word_1_301' title='bbox 1167 569 1285 602; x_wconf 78' lang='lat' dir='ltr'><strong>seipsqu</strong></span> <span class='ocrx_word' id='word_1_302' title='bbox 1296 567 1447 603; x_wconf 74' lang='lat' dir='ltr'>repleverit,</span> <span class='ocrx_word' id='word_1_303' title='bbox 1457 567 1480 594; x_wconf 91' lang='lat' dir='ltr'>si</span> <span class='ocrx_word' id='word_1_304' title='bbox 1494 567 1630 595; x_wconf 88' lang='lat' dir='ltr'><strong>consertis</strong></span> <span class='ocrx_word' id='word_1_305' title='bbox 1638 567 1764 594; x_wconf 85' lang='lat' dir='ltr'><strong>manibus</strong></span> 
     </span>
    </p>
   </div>
   <div class='ocr_carea' id='block_1_43' title="bbox 978 612 1763 647">
    <p class='ocr_par' dir='ltr' id='par_1_43' title="bbox 978 612 1763 647">
     <span class='ocr_line' id='line_1_43' title="bbox 978 612 1763 647; baseline -0.001 -8"><span class='ocrx_word' id='word_1_306' title='bbox 978 620 1039 639; x_wconf 93' lang='lat' dir='ltr'>cum</span> <span class='ocrx_word' id='word_1_307' title='bbox 1056 613 1134 640; x_wconf 80' lang='lat' dir='ltr'><strong>hoste</strong></span> <span class='ocrx_word' id='word_1_308' title='bbox 1150 614 1256 640; x_wconf 78' lang='lat' dir='ltr'><strong>vicerit.</strong></span> <span class='ocrx_word' id='word_1_309' title='bbox 1268 613 1355 646; x_wconf 80' lang='lat' dir='ltr'><strong>Quam</strong></span> <span class='ocrx_word' id='word_1_310' title='bbox 1371 612 1482 647; x_wconf 83' lang='lat' dir='ltr'><strong>quidem</strong></span> <span class='ocrx_word' id='word_1_311' title='bbox 1506 612 1649 640; x_wconf 83' lang='lat' dir='ltr'><strong>victoriam</strong></span> <span class='ocrx_word' id='word_1_312' title='bbox 1665 616 1763 639; x_wconf 75' lang='lat' dir='ltr'><strong>cxten-</strong></span> 
     </span>
    </p>
   </div>
   <div class='ocr_carea' id='block_1_44' title="bbox 978 657 1765 694">
    <p class='ocr_par' dir='ltr' id='par_1_44' title="bbox 978 657 1765 694">
     <span class='ocr_line' id='line_1_44' title="bbox 978 657 1765 694; baseline -0.001 -9"><span class='ocrx_word' id='word_1_313' title='bbox 978 658 1019 685; x_wconf 92' lang='lat' dir='ltr'><strong>sio</strong></span> <span class='ocrx_word' id='word_1_314' title='bbox 1046 666 1174 686; x_wconf 87' lang='lat' dir='ltr'><strong>manuum</strong></span> <span class='ocrx_word' id='word_1_315' title='bbox 1195 659 1291 694; x_wconf 81' lang='lat' dir='ltr'><strong>Moysi.</strong></span> <span class='ocrx_word' id='word_1_316' title='bbox 1323 666 1371 693; x_wconf 86' lang='lat' dir='ltr'>per</span> <span class='ocrx_word' id='word_1_317' title='bbox 1387 665 1468 693; x_wconf 87' lang='lat' dir='ltr'><strong>quam</strong></span> <span class='ocrx_word' id='word_1_318' title='bbox 1487 657 1646 692; x_wconf 73' lang='lat' dir='ltr'><strong>mysterium</strong></span> <span class='ocrx_word' id='word_1_319' title='bbox 1673 658 1765 684; x_wconf 87' lang='lat' dir='ltr'><strong>crucis</strong></span> 
     </span>
    </p>
   </div>
   <div class='ocr_carea' id='block_1_45' title="bbox 980 704 1765 740">
    <p class='ocr_par' dir='ltr' id='par_1_45' title="bbox 980 704 1765 740">
     <span class='ocr_line' id='line_1_45' title="bbox 980 704 1765 740; baseline -0.001 -9"><span class='ocrx_word' id='word_1_320' title='bbox 980 704 1124 740; x_wconf 78' lang='lat' dir='ltr'><strong>ﬁguratur,</strong></span> <span class='ocrx_word' id='word_1_321' title='bbox 1151 705 1292 739; x_wconf 67' lang='lat' dir='ltr'><strong>praestitit;</strong></span> <span class='ocrx_word' id='word_1_322' title='bbox 1315 712 1370 739; x_wconf 92' lang='lat' dir='ltr'>quo</span> <span class='ocrx_word' id='word_1_323' title='bbox 1405 705 1536 739; x_wconf 87' lang='lat' dir='ltr'><strong>mysterio</strong></span> <span class='ocrx_word' id='word_1_324' title='bbox 1569 711 1652 732; x_wconf 76' lang='lat' dir='ltr'><strong>verus</strong></span> <span class='ocrx_word' id='word_1_325' title='bbox 1681 704 1765 731; x_wconf 85' lang='lat' dir='ltr'><strong>israel</strong></span> 
     </span>
    </p>
   </div>
   <div class='ocr_carea' id='block_1_46' title="bbox 978 750 1766 786">
    <p class='ocr_par' dir='ltr' id='par_1_46' title="bbox 978 750 1766 786">
     <span class='ocr_line' id='line_1_46' title="bbox 978 750 1766 786; baseline -0.001 -9"><span class='ocrx_word' id='word_1_326' title='bbox 978 759 1087 786; x_wconf 89' lang='lat' dir='ltr'><strong>quoque</strong></span> <span class='ocrx_word' id='word_1_327' title='bbox 1102 751 1198 782; x_wconf 85' lang='lat' dir='ltr'><strong>vincit.</strong></span> <span class='ocrx_word' id='word_1_328' title='bbox 1226 759 1288 779; x_wconf 91' lang='lat' dir='ltr'>cum</span> <span class='ocrx_word' id='word_1_329' title='bbox 1305 751 1362 778; x_wconf 63' lang='lat' dir='ltr'><strong>haec</strong></span> <span class='ocrx_word' id='word_1_330' title='bbox 1374 751 1465 778; x_wconf 87' lang='lat' dir='ltr'><strong>omnia</strong></span> <span class='ocrx_word' id='word_1_331' title='bbox 1487 751 1632 786; x_wconf 76' lang='lat' dir='ltr'><strong>peregerit.</strong></span> <span class='ocrx_word' id='word_1_332' title='bbox 1650 755 1707 778; x_wconf 93' lang='lat' dir='ltr'>tum</span> <span class='ocrx_word' id='word_1_333' title='bbox 1719 750 1766 777; x_wconf 78' lang='lat' dir='ltr'><strong>de-</strong></span> 
     </span>
    </p>
   </div>
   <div class='ocr_carea' id='block_1_47' title="bbox 979 796 1765 832">
    <p class='ocr_par' dir='ltr' id='par_1_47' title="bbox 979 796 1765 832">
     <span class='ocr_line' id='line_1_47' title="bbox 979 796 1765 832; baseline 0 -9"><span class='ocrx_word' id='word_1_334' title='bbox 979 805 1052 823; x_wconf 89' lang='lat' dir='ltr'>mum</span> <span class='ocrx_word' id='word_1_335' title='bbox 1065 797 1098 824; x_wconf 88' lang='lat' dir='ltr'>ad</span> <span class='ocrx_word' id='word_1_336' title='bbox 1113 797 1329 832; x_wconf 80' lang='lat' dir='ltr'><strong>speculationem</strong></span> <span class='ocrx_word' id='word_1_337' title='bbox 1344 804 1478 832; x_wconf 67' lang='lat' dir='ltr'><strong>suprema</strong></span> <span class='ocrx_word' id='word_1_338' title='bbox 1488 801 1592 824; x_wconf 55' lang='lat' dir='ltr'><strong>natura;</strong></span> <span class='ocrx_word' id='word_1_339' title='bbox 1610 796 1765 828; x_wconf 85' lang='lat' dir='ltr'><strong>adducitur,</strong></span> 
     </span>
    </p>
   </div>
   <div class='ocr_carea' id='block_1_48' title="bbox 979 841 1764 877">
    <p class='ocr_par' dir='ltr' id='par_1_48' title="bbox 979 841 1764 877">
     <span class='ocr_line' id='line_1_48' title="bbox 979 841 1764 877; baseline -0.003 -8"><span class='ocrx_word' id='word_1_340' title='bbox 979 842 1012 869; x_wconf 90' lang='lat' dir='ltr'>ad</span> <span class='ocrx_word' id='word_1_341' title='bbox 1030 850 1111 877; x_wconf 91' lang='lat' dir='ltr'><strong>quam</strong></span> <span class='ocrx_word' id='word_1_342' title='bbox 1123 851 1177 870; x_wconf 90' lang='lat' dir='ltr'>non</span> <span class='ocrx_word' id='word_1_343' title='bbox 1191 843 1275 870; x_wconf 89' lang='lat' dir='ltr'><strong>animi</strong></span> <span class='ocrx_word' id='word_1_344' title='bbox 1293 847 1398 869; x_wconf 90' lang='lat' dir='ltr'><strong>tantum</strong></span> <span class='ocrx_word' id='word_1_345' title='bbox 1409 846 1436 869; x_wconf 80' lang='lat' dir='ltr'>et</span> <span class='ocrx_word' id='word_1_346' title='bbox 1454 842 1578 877; x_wconf 89' lang='lat' dir='ltr'><strong>corporis</strong></span> <span class='ocrx_word' id='word_1_347' title='bbox 1597 841 1764 876; x_wconf 86' lang='lat' dir='ltr'><strong>aspersioni-</strong></span> 
     </span>
    </p>
   </div>
   <div class='ocr_carea' id='block_1_49' title="bbox 978 887 1767 924">
    <p class='ocr_par' dir='ltr' id='par_1_49' title="bbox 978 887 1767 924">
     <span class='ocr_line' id='line_1_49' title="bbox 978 887 1767 924; baseline -0.001 -9"><span class='ocrx_word' id='word_1_348' title='bbox 978 888 1029 916; x_wconf 88' lang='lat' dir='ltr'>bus</span> <span class='ocrx_word' id='word_1_349' title='bbox 1044 888 1208 923; x_wconf 86' lang='lat' dir='ltr'><strong>quibusdam</strong></span> <span class='ocrx_word' id='word_1_350' title='bbox 1225 888 1379 924; x_wconf 67' lang='lat' dir='ltr'><strong>depurgati,</strong></span> <span class='ocrx_word' id='word_1_351' title='bbox 1401 888 1446 916; x_wconf 83' lang='lat' dir='ltr'>sed</span> <span class='ocrx_word' id='word_1_352' title='bbox 1461 888 1576 916; x_wconf 83' lang='lat' dir='ltr'><strong>vestitur.</strong></span> <span class='ocrx_word' id='word_1_353' title='bbox 1588 895 1698 923; x_wconf 68' lang='lat' dir='ltr'><strong>quoque</strong></span> <span class='ocrx_word' id='word_1_354' title='bbox 1719 887 1767 914; x_wconf 85' lang='lat' dir='ltr'><strong>de-</strong></span> 
     </span>
    </p>
   </div>
   <div class='ocr_carea' id='block_1_50' title="bbox 978 934 1764 975">
    <p class='ocr_par' dir='ltr' id='par_1_50' title="bbox 978 934 1764 975">
     <span class='ocr_line' id='line_1_50' title="bbox 978 934 1764 975; baseline -0.003 -13"><span class='ocrx_word' id='word_1_355' title='bbox 978 935 1055 963; x_wconf 86' lang='lat' dir='ltr'><strong>ducit</strong></span> <span class='ocrx_word' id='word_1_356' title='bbox 1076 935 1238 975; x_wconf 61' lang='lat' dir='ltr'><strong>mundities,</strong></span> <span class='ocrx_word' id='word_1_357' title='bbox 1269 940 1298 962; x_wconf 90' lang='lat' dir='ltr'><strong>ut</strong></span> <span class='ocrx_word' id='word_1_358' title='bbox 1315 935 1422 963; x_wconf 79' lang='lat' dir='ltr'><strong>scilicet</strong></span> <span class='ocrx_word' id='word_1_359' title='bbox 1447 942 1500 961; x_wconf 92' lang='lat' dir='ltr'>non</span> <span class='ocrx_word' id='word_1_360' title='bbox 1529 934 1637 962; x_wconf 90' lang='lat' dir='ltr'><strong>occulta</strong></span> <span class='ocrx_word' id='word_1_361' title='bbox 1663 934 1764 966; x_wconf 81' lang='lat' dir='ltr'><strong>solum.</strong></span> 
     </span>
    </p>
   </div>
   <div class='ocr_carea' id='block_1_51' title="bbox 979 980 1766 1015">
    <p class='ocr_par' dir='ltr' id='par_1_51' title="bbox 979 980 1766 1015">
     <span class='ocr_line' id='line_1_51' title="bbox 979 980 1766 1015; baseline 0 -9"><span class='ocrx_word' id='word_1_362' title='bbox 979 981 1159 1008; x_wconf 82' lang='lat' dir='ltr'><strong>verumctiam</strong></span> <span class='ocrx_word' id='word_1_363' title='bbox 1189 981 1334 1008; x_wconf 79' lang='lat' dir='ltr'><strong>manifesta</strong></span> <span class='ocrx_word' id='word_1_364' title='bbox 1363 985 1390 1007; x_wconf 88' lang='lat' dir='ltr'>et</span> <span class='ocrx_word' id='word_1_365' title='bbox 1415 980 1572 1015; x_wconf 82' lang='lat' dir='ltr'><strong>apparentia</strong></span> <span class='ocrx_word' id='word_1_366' title='bbox 1605 980 1766 1007; x_wconf 76' lang='lat' dir='ltr'><strong>decora‘ita</strong></span> 
     </span>
    </p>
   </div>
   <div class='ocr_carea' id='block_1_52' title="bbox 980 1025 1763 1060">
    <p class='ocr_par' dir='ltr' id='par_1_52' title="bbox 980 1025 1763 1060">
     <span class='ocr_line' id='line_1_52' title="bbox 980 1025 1763 1060; baseline -0.001 -8"><span class='ocrx_word' id='word_1_367' title='bbox 980 1027 1057 1057; x_wconf 82' lang='lat' dir='ltr'><strong>liant,</strong></span> <span class='ocrx_word' id='word_1_368' title='bbox 1082 1029 1112 1053; x_wconf 89' lang='lat' dir='ltr'><strong>ut</strong></span> <span class='ocrx_word' id='word_1_369' title='bbox 1137 1026 1264 1054; x_wconf 86' lang='lat' dir='ltr'><strong>interiori</strong></span> <span class='ocrx_word' id='word_1_370' title='bbox 1288 1026 1372 1053; x_wconf 90' lang='lat' dir='ltr'><strong>animi</strong></span> <span class='ocrx_word' id='word_1_371' title='bbox 1393 1025 1568 1060; x_wconf 85' lang='lat' dir='ltr'><strong>dispositioni</strong></span> <span class='ocrx_word' id='word_1_372' title='bbox 1588 1025 1763 1052; x_wconf 81' lang='lat' dir='ltr'><strong>conveniant.</strong></span> 
     </span>
    </p>
   </div>
   <div class='ocr_carea' id='block_1_53' title="bbox 979 1069 1767 1102">
    <p class='ocr_par' dir='ltr' id='par_1_53' title="bbox 979 1069 1767 1102">
     <span class='ocr_line' id='line_1_53' title="bbox 979 1069 1767 1102; baseline -0.003 -4"><span class='ocrx_word' id='word_1_373' title='bbox 979 1071 1037 1099; x_wconf 87' lang='lat' dir='ltr'>Non</span> <span class='ocrx_word' id='word_1_374' title='bbox 1053 1073 1126 1099; x_wconf 87' lang='lat' dir='ltr'><strong>enim</strong></span> <span class='ocrx_word' id='word_1_375' title='bbox 1143 1072 1261 1099; x_wconf 85' lang='lat' dir='ltr'><strong>vestium</strong></span> <span class='ocrx_word' id='word_1_376' title='bbox 1281 1071 1402 1102; x_wconf 84' lang='lat' dir='ltr'><strong>macula,</strong></span> <span class='ocrx_word' id='word_1_377' title='bbox 1425 1078 1459 1098; x_wconf 91' lang='lat' dir='ltr'>ne</span> <span class='ocrx_word' id='word_1_378' title='bbox 1476 1070 1509 1098; x_wconf 89' lang='lat' dir='ltr'>ad</span> <span class='ocrx_word' id='word_1_379' title='bbox 1530 1069 1614 1097; x_wconf 85' lang='lat' dir='ltr'><strong>Deum</strong></span> <span class='ocrx_word' id='word_1_380' title='bbox 1634 1070 1767 1098; x_wconf 84' lang='lat' dir='ltr'><strong>ascenda-</strong></span> 
     </span>
    </p>
   </div>
   <div class='ocr_carea' id='block_1_54' title="bbox 979 1116 1765 1152">
    <p class='ocr_par' dir='ltr' id='par_1_54' title="bbox 979 1116 1765 1152">
     <span class='ocr_line' id='line_1_54' title="bbox 979 1116 1765 1152; baseline -0.003 -8"><span class='ocrx_word' id='word_1_381' title='bbox 979 1125 1051 1150; x_wconf 89' lang='lat' dir='ltr'><strong>mus,</strong></span> <span class='ocrx_word' id='word_1_382' title='bbox 1069 1124 1188 1152; x_wconf 84' lang='lat' dir='ltr'><strong>unquam</strong></span> <span class='ocrx_word' id='word_1_383' title='bbox 1201 1117 1313 1148; x_wconf 85' lang='lat' dir='ltr'><strong>vetabit,</strong></span> <span class='ocrx_word' id='word_1_384' title='bbox 1332 1117 1379 1144; x_wconf 87' lang='lat' dir='ltr'>sed</span> <span class='ocrx_word' id='word_1_385' title='bbox 1399 1116 1501 1148; x_wconf 83' lang='lat' dir='ltr'><strong>studia,</strong></span> <span class='ocrx_word' id='word_1_386' title='bbox 1523 1123 1583 1150; x_wconf 58' lang='lat' dir='ltr'><strong>quae</strong></span> <span class='ocrx_word' id='word_1_387' title='bbox 1597 1117 1622 1142; x_wconf 87' lang='lat' dir='ltr'>in</span> <span class='ocrx_word' id='word_1_388' title='bbox 1635 1116 1686 1142; x_wconf 89' lang='lat' dir='ltr'>hac</span> <span class='ocrx_word' id='word_1_389' title='bbox 1711 1116 1765 1143; x_wconf 79' lang='lat' dir='ltr'><strong>vita</strong></span> 
     </span>
    </p>
   </div>
   <div class='ocr_carea' id='block_1_55' title="bbox 980 1160 1767 1197">
    <p class='ocr_par' dir='ltr' id='par_1_55' title="bbox 980 1160 1767 1197">
     <span class='ocr_line' id='line_1_55' title="bbox 980 1160 1767 1197; baseline -0.003 -7"><span class='ocrx_word' id='word_1_390' title='bbox 980 1160 1157 1197; x_wconf 68' lang='lat' dir='ltr'><strong>suScipimus,</strong></span> <span class='ocrx_word' id='word_1_391' title='bbox 1173 1162 1250 1196; x_wconf 87' lang='lat' dir='ltr'><strong>quasi</strong></span> <span class='ocrx_word' id='word_1_392' title='bbox 1265 1166 1354 1190; x_wconf 74' lang='lat' dir='ltr'><strong>vestes</strong></span> <span class='ocrx_word' id='word_1_393' title='bbox 1369 1165 1442 1193; x_wconf 85' lang='lat' dir='ltr'><strong>sunt,</strong></span> <span class='ocrx_word' id='word_1_394' title='bbox 1466 1162 1567 1196; x_wconf 88' lang='lat' dir='ltr'><strong>quibus</strong></span> <span class='ocrx_word' id='word_1_395' title='bbox 1577 1161 1657 1189; x_wconf 82' lang='lat' dir='ltr'><strong>homo</strong></span> <span class='ocrx_word' id='word_1_396' title='bbox 1677 1161 1767 1188; x_wconf 84' lang='lat' dir='ltr'><strong>indui-</strong></span> 
     </span>
    </p>
   </div>
   <div class='ocr_carea' id='block_1_56' title="bbox 980 1207 1766 1242">
    <p class='ocr_par' dir='ltr' id='par_1_56' title="bbox 980 1207 1766 1242">
     <span class='ocr_line' id='line_1_56' title="bbox 980 1207 1766 1242; baseline -0.001 -7"><span class='ocrx_word' id='word_1_397' title='bbox 980 1212 1034 1234; x_wconf 87' lang='lat' dir='ltr'><strong>tur.</strong></span> <span class='ocrx_word' id='word_1_398' title='bbox 1049 1207 1111 1235; x_wconf 63' lang='lat' dir='ltr'><strong>Haec</strong></span> <span class='ocrx_word' id='word_1_399' title='bbox 1123 1208 1206 1242; x_wconf 79' lang='lat' dir='ltr'><strong>igitur</strong></span> <span class='ocrx_word' id='word_1_400' title='bbox 1216 1207 1317 1239; x_wconf 83' lang='lat' dir='ltr'><strong>studia,</strong></span> <span class='ocrx_word' id='word_1_401' title='bbox 1345 1211 1372 1234; x_wconf 91' lang='lat' dir='ltr'>et</span> <span class='ocrx_word' id='word_1_402' title='bbox 1388 1207 1439 1234; x_wconf 87' lang='lat' dir='ltr'>hos</span> <span class='ocrx_word' id='word_1_403' title='bbox 1454 1207 1572 1233; x_wconf 83' lang='lat' dir='ltr'><strong>amictus</strong></span> <span class='ocrx_word' id='word_1_404' title='bbox 1587 1214 1639 1234; x_wconf 92' lang='lat' dir='ltr'>non</span> <span class='ocrx_word' id='word_1_405' title='bbox 1661 1211 1766 1241; x_wconf 75' lang='lat' dir='ltr'><strong>turpes,</strong></span> 
     </span>
    </p>
   </div>
   <div class='ocr_carea' id='block_1_57' title="bbox 980 1252 1762 1288">
    <p class='ocr_par' dir='ltr' id='par_1_57' title="bbox 980 1252 1762 1288">
     <span class='ocr_line' id='line_1_57' title="bbox 980 1252 1762 1288; baseline -0.004 -7"><span class='ocrx_word' id='word_1_406' title='bbox 980 1254 1028 1282; x_wconf 88' lang='lat' dir='ltr'>sed</span> <span class='ocrx_word' id='word_1_407' title='bbox 1043 1253 1207 1288; x_wconf 86' lang='lat' dir='ltr'><strong>purissimos</strong></span> <span class='ocrx_word' id='word_1_408' title='bbox 1220 1261 1282 1281; x_wconf 82' lang='lat' dir='ltr'><strong>esse</strong></span> <span class='ocrx_word' id='word_1_409' title='bbox 1295 1253 1383 1280; x_wconf 84' lang='lat' dir='ltr'><strong>decet.</strong></span> <span class='ocrx_word' id='word_1_410' title='bbox 1401 1252 1457 1279; x_wconf 88' lang='lat' dir='ltr'><strong>llac</strong></span> <span class='ocrx_word' id='word_1_411' title='bbox 1470 1260 1500 1279; x_wconf 88' lang='lat' dir='ltr'>re</span> <span class='ocrx_word' id='word_1_412' title='bbox 1513 1252 1659 1287; x_wconf 81' lang='lat' dir='ltr'><strong>diligenter</strong></span> <span class='ocrx_word' id='word_1_413' title='bbox 1680 1252 1762 1283; x_wconf 76' lang='lat' dir='ltr'><strong>facta,</strong></span> 
     </span>
    </p>
   </div>
   <div class='ocr_carea' id='block_1_58' title="bbox 981 1297 1768 1334">
    <p class='ocr_par' dir='ltr' id='par_1_58' title="bbox 981 1297 1768 1334">
     <span class='ocr_line' id='line_1_58' title="bbox 981 1297 1768 1334; baseline -0.003 -8"><span class='ocrx_word' id='word_1_414' title='bbox 981 1300 1167 1334; x_wconf 85' lang='lat' dir='ltr'><strong>armentisque</strong></span> <span class='ocrx_word' id='word_1_415' title='bbox 1193 1299 1335 1326; x_wconf 85' lang='lat' dir='ltr'><strong>brutorum</strong></span> <span class='ocrx_word' id='word_1_416' title='bbox 1366 1298 1445 1333; x_wconf 82' lang='lat' dir='ltr'><strong>longe</strong></span> <span class='ocrx_word' id='word_1_417' title='bbox 1470 1305 1486 1325; x_wconf 92' lang='lat' dir='ltr'>a</span> <span class='ocrx_word' id='word_1_418' title='bbox 1506 1303 1598 1324; x_wconf 86' lang='lat' dir='ltr'><strong>monte</strong></span> <span class='ocrx_word' id='word_1_419' title='bbox 1612 1297 1707 1332; x_wconf 76' lang='lat' dir='ltr'><strong>pulsis,</strong></span> <span class='ocrx_word' id='word_1_420' title='bbox 1728 1297 1768 1324; x_wconf 86' lang='lat' dir='ltr'>sic</span> 
     </span>
    </p>
   </div>
   <div class='ocr_carea' id='block_1_59' title="bbox 981 1343 1768 1378">
    <p class='ocr_par' dir='ltr' id='par_1_59' title="bbox 981 1343 1768 1378">
     <span class='ocr_line' id='line_1_59' title="bbox 981 1343 1768 1378; baseline -0.003 -8"><span class='ocrx_word' id='word_1_421' title='bbox 981 1344 1014 1372; x_wconf 91' lang='lat' dir='ltr'>ad</span> <span class='ocrx_word' id='word_1_422' title='bbox 1030 1344 1179 1372; x_wconf 81' lang='lat' dir='ltr'><strong>altissimas</strong></span> <span class='ocrx_word' id='word_1_423' title='bbox 1193 1343 1317 1371; x_wconf 86' lang='lat' dir='ltr'><strong>ascendit</strong></span> <span class='ocrx_word' id='word_1_424' title='bbox 1333 1343 1544 1378; x_wconf 81' lang='lat' dir='ltr'><strong>speculationes.</strong></span> <span class='ocrx_word' id='word_1_425' title='bbox 1558 1343 1615 1375; x_wconf 85' lang='lat' dir='ltr'><strong>Qua</strong></span> <span class='ocrx_word' id='word_1_426' title='bbox 1628 1351 1661 1370; x_wconf 82' lang='lat' dir='ltr'>ex</span> <span class='ocrx_word' id='word_1_427' title='bbox 1680 1351 1719 1374; x_wconf 84' lang='lat' dir='ltr'><strong>re.</strong></span> <span class='ocrx_word' id='word_1_428' title='bbox 1739 1347 1768 1370; x_wconf 88' lang='lat' dir='ltr'><strong>ut</strong></span> 
     </span>
    </p>
   </div>
   <div class='ocr_carea' id='block_1_60' title="bbox 980 1387 1768 1425">
    <p class='ocr_par' dir='ltr' id='par_1_60' title="bbox 980 1387 1768 1425">
     <span class='ocr_line' id='line_1_60' title="bbox 980 1387 1768 1425; baseline 0 -9"><span class='ocrx_word' id='word_1_429' title='bbox 980 1397 1031 1425; x_wconf 76' lang='lat' dir='ltr'><strong>ego</strong></span> <span class='ocrx_word' id='word_1_430' title='bbox 1045 1389 1176 1420; x_wconf 86' lang='lat' dir='ltr'><strong>arbitror,</strong></span> <span class='ocrx_word' id='word_1_431' title='bbox 1194 1389 1260 1416; x_wconf 89' lang='lat' dir='ltr'><strong>illud</strong></span> <span class='ocrx_word' id='word_1_432' title='bbox 1272 1388 1352 1416; x_wconf 89' lang='lat' dir='ltr'><strong>nobis</strong></span> <span class='ocrx_word' id='word_1_433' title='bbox 1376 1388 1559 1423; x_wconf 76' lang='lat' dir='ltr'><strong>signiﬁcatur,</strong></span> <span class='ocrx_word' id='word_1_434' title='bbox 1578 1388 1650 1423; x_wconf 89' lang='lat' dir='ltr'><strong>quod</strong></span> <span class='ocrx_word' id='word_1_435' title='bbox 1666 1387 1768 1416; x_wconf 85' lang='lat' dir='ltr'><strong>debea-</strong></span> 
     </span>
    </p>
   </div>
   <div class='ocr_carea' id='block_1_61' title="bbox 982 1433 1768 1468">
    <p class='ocr_par' dir='ltr' id='par_1_61' title="bbox 982 1433 1768 1468">
     <span class='ocr_line' id='line_1_61' title="bbox 982 1433 1768 1468; baseline -0.003 -6"><span class='ocrx_word' id='word_1_436' title='bbox 982 1442 1043 1462; x_wconf 90' lang='lat' dir='ltr'>mus</span> <span class='ocrx_word' id='word_1_437' title='bbox 1062 1434 1134 1461; x_wconf 87' lang='lat' dir='ltr'><strong>hanc</strong></span> <span class='ocrx_word' id='word_1_438' title='bbox 1151 1441 1183 1461; x_wconf 77' lang='lat' dir='ltr'><strong>ex</strong></span> <span class='ocrx_word' id='word_1_439' title='bbox 1197 1441 1280 1461; x_wconf 83' lang='lat' dir='ltr'><strong>sensu</strong></span> <span class='ocrx_word' id='word_1_440' title='bbox 1297 1434 1396 1461; x_wconf 80' lang='lat' dir='ltr'><strong>factam</strong></span> <span class='ocrx_word' id='word_1_441' title='bbox 1418 1433 1616 1468; x_wconf 79' lang='lat' dir='ltr'><strong>cognitionem,</strong></span> <span class='ocrx_word' id='word_1_442' title='bbox 1637 1441 1698 1460; x_wconf 89' lang='lat' dir='ltr'>cum</span> <span class='ocrx_word' id='word_1_443' title='bbox 1713 1441 1768 1468; x_wconf 84' lang='lat' dir='ltr'>qua</span> 
     </span>
    </p>
   </div>
   <div class='ocr_carea' id='block_1_62' title="bbox 143 1477 929 1516">
    <p class='ocr_par' dir='ltr' id='par_1_62' title="bbox 143 1477 928 1513">
     <span class='ocr_line' id='line_1_62' title="bbox 143 1477 928 1513; baseline 0 -9"><span class='ocrx_word' id='word_1_444' title='bbox 143 1477 298 1512; x_wconf 78' lang='grc' dir='ltr'>συμϐαίνοι.</span> <span class='ocrx_word' id='word_1_445' title='bbox 316 1477 365 1504; x_wconf 81' lang='grc' dir='ltr'>Διὰ</span> <span class='ocrx_word' id='word_1_446' title='bbox 388 1477 464 1504; x_wconf 84' lang='grc' dir='ltr'>τοῦτο</span> <span class='ocrx_word' id='word_1_447' title='bbox 492 1477 546 1512; x_wconf 80' lang='grc' dir='ltr'>πρὸ</span> <span class='ocrx_word' id='word_1_448' title='bbox 561 1479 612 1513; x_wconf 84' lang='grc' dir='ltr'>τῆς</span> <span class='ocrx_word' id='word_1_449' title='bbox 636 1477 681 1504; x_wconf 76' lang='grc' dir='ltr'>ἐπὶ</span> <span class='ocrx_word' id='word_1_450' title='bbox 695 1477 725 1504; x_wconf 82' lang='grc' dir='ltr'>τὸ</span> <span class='ocrx_word' id='word_1_451' title='bbox 746 1478 808 1513; x_wconf 73' lang='grc' dir='ltr'>ὅρος</span> <span class='ocrx_word' id='word_1_452' title='bbox 823 1478 928 1510; x_wconf 83' lang='grc' dir='ltr'>ἀνόδου,</span> 
     </span>
    </p>
   </div>
   <div class='ocr_carea' id='block_1_63' title="bbox 981 1477 1768 1516">
    <p class='ocr_par' dir='ltr' id='par_1_63' title="bbox 981 1480 1768 1515">
     <span class='ocr_line' id='line_1_63' title="bbox 981 1480 1768 1515; baseline 0.001 -9"><span class='ocrx_word' id='word_1_453' title='bbox 981 1480 1154 1515; x_wconf 78' lang='lat' dir='ltr'><strong>intelligibile</strong></span> <span class='ocrx_word' id='word_1_454' title='bbox 1180 1480 1409 1514; x_wconf 82' lang='lat' dir='ltr'><strong>contemplamur,</strong></span> <span class='ocrx_word' id='word_1_455' title='bbox 1437 1481 1550 1507; x_wconf 86' lang='lat' dir='ltr'><strong>omnino</strong></span> <span class='ocrx_word' id='word_1_456' title='bbox 1574 1483 1768 1513; x_wconf 85' lang='lat' dir='ltr'><strong>contemnere;</strong></span> 
     </span>
    </p>
   </div>
   <div class='ocr_carea' id='block_1_64' title="bbox 141 1522 932 1558">
    <p class='ocr_par' dir='ltr' id='par_1_64' title="bbox 141 1522 932 1558">
     <span class='ocr_line' id='line_1_64' title="bbox 141 1522 932 1558; baseline 0 -9"><span class='ocrx_word' id='word_1_457' title='bbox 141 1522 180 1558; x_wconf 80' lang='grc' dir='ltr'>τῷ</span> <span class='ocrx_word' id='word_1_458' title='bbox 190 1523 254 1558; x_wconf 78' lang='grc' dir='ltr'>θείῳ</span> <span class='ocrx_word' id='word_1_459' title='bbox 264 1522 496 1558; x_wconf 85' lang='grc' dir='ltr'>προστάγματιτά</span> <span class='ocrx_word' id='word_1_460' title='bbox 510 1522 606 1557; x_wconf 81' lang='grc' dir='ltr'>ἱμάτια</span> <span class='ocrx_word' id='word_1_461' title='bbox 619 1522 757 1555; x_wconf 81' lang='grc' dir='ltr'>πλύνεται,</span> <span class='ocrx_word' id='word_1_462' title='bbox 771 1523 819 1558; x_wconf 84' lang='grc' dir='ltr'>τῆς</span> <span class='ocrx_word' id='word_1_463' title='bbox 834 1523 932 1558; x_wconf 78' lang='grc' dir='ltr'>εὐσχή-</span> 
     </span>
    </p>
   </div>
   <div class='ocr_carea' id='block_1_65' title="bbox 144 1568 933 1604">
    <p class='ocr_par' dir='ltr' id='par_1_65' title="bbox 144 1568 933 1604">
     <span class='ocr_line' id='line_1_65' title="bbox 144 1568 933 1604; baseline 0 -9"><span class='ocrx_word' id='word_1_464' title='bbox 144 1578 223 1604; x_wconf 82' lang='grc' dir='ltr'>μονος</span> <span class='ocrx_word' id='word_1_465' title='bbox 237 1569 283 1596; x_wconf 81' lang='grc' dir='ltr'>τοῦ</span> <span class='ocrx_word' id='word_1_466' title='bbox 295 1569 352 1604; x_wconf 85' lang='grc' dir='ltr'>βίου</span> <span class='ocrx_word' id='word_1_467' title='bbox 376 1568 521 1603; x_wconf 81' lang='grc' dir='ltr'>περιϐολῆς</span> <span class='ocrx_word' id='word_1_468' title='bbox 545 1568 787 1603; x_wconf 85' lang='grc' dir='ltr'>παραδηλουμένης</span> <span class='ocrx_word' id='word_1_469' title='bbox 802 1570 869 1603; x_wconf 81' lang='grc' dir='ltr'>ἡμῖν</span> <span class='ocrx_word' id='word_1_470' title='bbox 894 1569 933 1604; x_wconf 79' lang='grc' dir='ltr'>τῷ</span> 
     </span>
    </p>
   </div>
   <div class='ocr_carea' id='block_1_66' title="bbox 142 1612 933 1648">
    <p class='ocr_par' dir='ltr' id='par_1_66' title="bbox 142 1612 933 1648">
     <span class='ocr_line' id='line_1_66' title="bbox 142 1612 933 1648; baseline 0 -9"><span class='ocrx_word' id='word_1_471' title='bbox 142 1613 197 1639; x_wconf 81' lang='grc' dir='ltr'>τῶν</span> <span class='ocrx_word' id='word_1_472' title='bbox 215 1613 330 1648; x_wconf 67' lang='grc' dir='ltr'>ἱματίων</span> <span class='ocrx_word' id='word_1_473' title='bbox 359 1613 508 1647; x_wconf 78' lang='grc' dir='ltr'>αἰνίγματι.</span> <span class='ocrx_word' id='word_1_474' title='bbox 532 1613 569 1638; x_wconf 85' lang='grc' dir='ltr'>Οὺ</span> <span class='ocrx_word' id='word_1_475' title='bbox 585 1612 638 1648; x_wconf 84' lang='grc' dir='ltr'>γὰρ</span> <span class='ocrx_word' id='word_1_476' title='bbox 661 1612 694 1639; x_wconf 81' lang='grc' dir='ltr'>ἄν</span> <span class='ocrx_word' id='word_1_477' title='bbox 719 1621 760 1644; x_wconf 85' lang='grc' dir='ltr'>τις</span> <span class='ocrx_word' id='word_1_478' title='bbox 781 1613 865 1646; x_wconf 75' lang='grc' dir='ltr'>εἴποι,</span> <span class='ocrx_word' id='word_1_479' title='bbox 887 1613 933 1639; x_wconf 79' lang='grc' dir='ltr'>τὸν</span> 
     </span>
    </p>
   </div>
   <div class='ocr_carea' id='block_1_67' title="bbox 143 1657 932 1694">
    <p class='ocr_par' dir='ltr' id='par_1_67' title="bbox 143 1657 932 1694">
     <span class='ocr_line' id='line_1_67' title="bbox 143 1657 932 1694; baseline 0.001 -10"><span class='ocrx_word' id='word_1_480' title='bbox 143 1658 272 1693; x_wconf 76' lang='grc' dir='ltr'>αἰσθητὸν</span> <span class='ocrx_word' id='word_1_481' title='bbox 297 1658 391 1685; x_wconf 84' lang='grc' dir='ltr'>τοῦτον</span> <span class='ocrx_word' id='word_1_482' title='bbox 412 1659 497 1694; x_wconf 75' lang='grc' dir='ltr'>ῥύπον</span> <span class='ocrx_word' id='word_1_483' title='bbox 515 1657 568 1684; x_wconf 88' lang='grc' dir='ltr'>τῶν</span> <span class='ocrx_word' id='word_1_484' title='bbox 597 1658 722 1693; x_wconf 79' lang='grc' dir='ltr'>ῑματίων,</span> <span class='ocrx_word' id='word_1_485' title='bbox 740 1658 868 1692; x_wconf 81' lang='grc' dir='ltr'>ἐμπόδιον</span> <span class='ocrx_word' id='word_1_486' title='bbox 882 1658 932 1693; x_wconf 79' lang='grc' dir='ltr'>τῆς</span> 
     </span>
    </p>
   </div>
   <div class='ocr_carea' id='block_1_68' title="bbox 142 1702 932 1738">
    <p class='ocr_par' dir='ltr' id='par_1_68' title="bbox 142 1702 932 1738">
     <span class='ocr_line' id='line_1_68' title="bbox 142 1702 932 1738; baseline 0.001 -9"><span class='ocrx_word' id='word_1_487' title='bbox 142 1703 237 1729; x_wconf 78' lang='grc' dir='ltr'>ἀνόδου</span> <span class='ocrx_word' id='word_1_488' title='bbox 258 1704 313 1734; x_wconf 80' lang='grc' dir='ltr'>τοῖς</span> <span class='ocrx_word' id='word_1_489' title='bbox 342 1703 411 1738; x_wconf 79' lang='grc' dir='ltr'>πρὸς</span> <span class='ocrx_word' id='word_1_490' title='bbox 430 1703 476 1729; x_wconf 82' lang='grc' dir='ltr'>τὸν</span> <span class='ocrx_word' id='word_1_491' title='bbox 502 1702 569 1728; x_wconf 83' lang='grc' dir='ltr'>Θεὸν</span> <span class='ocrx_word' id='word_1_492' title='bbox 592 1702 697 1729; x_wconf 85' lang='grc' dir='ltr'>ἀνιοῦσι</span> <span class='ocrx_word' id='word_1_493' title='bbox 717 1703 859 1737; x_wconf 84' lang='grc' dir='ltr'>γίνεσθαι·</span> <span class='ocrx_word' id='word_1_494' title='bbox 875 1704 932 1730; x_wconf 82' lang='grc' dir='ltr'>ἀλλ’</span> 
     </span>
    </p>
   </div>
   <div class='ocr_carea' id='block_1_69' title="bbox 144 1745 933 1783">
    <p class='ocr_par' dir='ltr' id='par_1_69' title="bbox 144 1745 933 1783">
     <span class='ocr_line' id='line_1_69' title="bbox 144 1745 933 1783; baseline 0 -9"><span class='ocrx_word' id='word_1_495' title='bbox 144 1745 221 1783; x_wconf 72' lang='grc' dir='ltr'>οἶμαι</span> <span class='ocrx_word' id='word_1_496' title='bbox 237 1747 325 1779; x_wconf 78' lang='grc' dir='ltr'>καλῶς</span> <span class='ocrx_word' id='word_1_497' title='bbox 340 1747 369 1773; x_wconf 75' lang='grc' dir='ltr'>τὸ</span> <span class='ocrx_word' id='word_1_498' title='bbox 383 1747 489 1782; x_wconf 77' lang='grc' dir='ltr'>ἱμάτιον</span> <span class='ocrx_word' id='word_1_499' title='bbox 503 1746 553 1782; x_wconf 77' lang='grc' dir='ltr'>τὴν</span> <span class='ocrx_word' id='word_1_500' title='bbox 563 1746 617 1773; x_wconf 87' lang='grc' dir='ltr'>τῶν</span> <span class='ocrx_word' id='word_1_501' title='bbox 626 1747 696 1773; x_wconf 80' lang='grc' dir='ltr'>κατὰ</span> <span class='ocrx_word' id='word_1_502' title='bbox 706 1746 750 1773; x_wconf 84' lang='grc' dir='ltr'>τδν</span> <span class='ocrx_word' id='word_1_503' title='bbox 766 1746 822 1781; x_wconf 76' lang='grc' dir='ltr'>βίον</span> <span class='ocrx_word' id='word_1_504' title='bbox 839 1748 933 1774; x_wconf 84' lang='grc' dir='ltr'>τοῦτον</span> 
     </span>
    </p>
   </div>
   <div class='ocr_carea' id='block_1_70' title="bbox 146 1791 933 1828">
    <p class='ocr_par' dir='ltr' id='par_1_70' title="bbox 146 1791 933 1828">
     <span class='ocr_line' id='line_1_70' title="bbox 146 1791 933 1828; baseline -0.001 -8"><span class='ocrx_word' id='word_1_505' title='bbox 146 1793 365 1828; x_wconf 72' lang='grc' dir='ltr'>ἐπιτηδευμάτων</span> <span class='ocrx_word' id='word_1_506' title='bbox 393 1791 537 1828; x_wconf 85' lang='grc' dir='ltr'>περιϐολὴν</span> <span class='ocrx_word' id='word_1_507' title='bbox 562 1792 751 1827; x_wconf 78' lang='grc' dir='ltr'>ὀνομάζεσθαι.</span> <span class='ocrx_word' id='word_1_508' title='bbox 775 1792 876 1819; x_wconf 81' lang='grc' dir='ltr'>Τούτου</span> <span class='ocrx_word' id='word_1_509' title='bbox 905 1794 933 1820; x_wconf 84' lang='grc' dir='ltr'>δὲ</span> 
     </span>
    </p>
   </div>
   <div class='ocr_carea' id='block_1_71' title="bbox 146 1837 920 1875">
    <p class='ocr_par' dir='ltr' id='par_1_71' title="bbox 146 1837 920 1875">
     <span class='ocr_line' id='line_1_71' title="bbox 146 1837 920 1875; baseline 0 -10"><span class='ocrx_word' id='word_1_510' title='bbox 146 1838 378 1873; x_wconf 78' lang='grc' dir='ltr'>κατορθωθέντος,</span> <span class='ocrx_word' id='word_1_511' title='bbox 398 1838 445 1864; x_wconf 73' lang='grc' dir='ltr'>καὶ</span> <span class='ocrx_word' id='word_1_512' title='bbox 472 1837 522 1872; x_wconf 67' lang='grc' dir='ltr'>τῇς</span> <span class='ocrx_word' id='word_1_513' title='bbox 542 1837 595 1864; x_wconf 82' lang='grc' dir='ltr'>τῶν</span> <span class='ocrx_word' id='word_1_514' title='bbox 619 1838 724 1872; x_wconf 81' lang='grc' dir='ltr'>ἀλόγων</span> <span class='ocrx_word' id='word_1_515' title='bbox 751 1838 852 1873; x_wconf 78' lang='grc' dir='ltr'>ἀγέλης</span> <span class='ocrx_word' id='word_1_516' title='bbox 867 1841 920 1875; x_wconf 82' lang='grc' dir='ltr'>ποῤ</span> 
     </span>
    </p>
   </div>
   <div class='ocr_carea' id='block_1_72' title="bbox 147 1874 934 1921">
    <p class='ocr_par' dir='ltr' id='par_1_72' title="bbox 147 1874 934 1921">
     <span class='ocr_line' id='line_1_72' title="bbox 147 1874 934 1921; baseline -0.001 -9"><span class='ocrx_word' id='word_1_517' title='bbox 147 1886 260 1921; x_wconf 83' lang='grc' dir='ltr'>ῥωτάτω</span> <span class='ocrx_word' id='word_1_518' title='bbox 285 1884 331 1911; x_wconf 83' lang='grc' dir='ltr'>τοῦ</span> <span class='ocrx_word' id='word_1_519' title='bbox 359 1884 438 1921; x_wconf 67' lang='grc' dir='ltr'>ὅρους</span> <span class='ocrx_word' id='word_1_520' title='bbox 464 1883 656 1920; x_wconf 86' lang='grc' dir='ltr'>ἀπελαοείσης,</span> <span class='ocrx_word' id='word_1_521' title='bbox 681 1874 752 1911; x_wconf 64' lang='grc' dir='ltr'>οὓτω</span> <span class='ocrx_word' id='word_1_522' title='bbox 776 1874 934 1920; x_wconf 82' lang='grc' dir='ltr'>προσϐαινει</span> 
     </span>
    </p>
   </div>
   <div class='ocr_carea' id='block_1_73' title="bbox 145 1930 933 1966">
    <p class='ocr_par' dir='ltr' id='par_1_73' title="bbox 145 1930 933 1966">
     <span class='ocr_line' id='line_1_73' title="bbox 145 1930 933 1966; baseline -0.001 -9"><span class='ocrx_word' id='word_1_523' title='bbox 145 1932 179 1966; x_wconf 78' lang='grc' dir='ltr'>τῇ</span> <span class='ocrx_word' id='word_1_524' title='bbox 202 1930 332 1957; x_wconf 87' lang='grc' dir='ltr'>ἀναϐάσει</span> <span class='ocrx_word' id='word_1_525' title='bbox 361 1930 415 1957; x_wconf 84' lang='grc' dir='ltr'>τῶν</span> <span class='ocrx_word' id='word_1_526' title='bbox 442 1930 551 1965; x_wconf 80' lang='grc' dir='ltr'>ὑψηλῶν</span> <span class='ocrx_word' id='word_1_527' title='bbox 577 1930 729 1965; x_wconf 81' lang='grc' dir='ltr'>νοημάτων.</span> <span class='ocrx_word' id='word_1_528' title='bbox 753 1930 789 1956; x_wconf 78' lang='grc' dir='ltr'>Τὸ</span> <span class='ocrx_word' id='word_1_529' title='bbox 807 1930 836 1956; x_wconf 79' lang='grc' dir='ltr'>δὲ</span> <span class='ocrx_word' id='word_1_530' title='bbox 852 1930 933 1966; x_wconf 78' lang='grc' dir='ltr'>μηδὲν</span> 
     </span>
    </p>
   </div>
   <div class='ocr_carea' id='block_1_74' title="bbox 145 1975 931 2011">
    <p class='ocr_par' dir='ltr' id='par_1_74' title="bbox 145 1975 931 2011">
     <span class='ocr_line' id='line_1_74' title="bbox 145 1975 931 2011; baseline -0.001 -8"><span class='ocrx_word' id='word_1_531' title='bbox 145 1976 200 2004; x_wconf 74' lang='grc' dir='ltr'>τῶν</span> <span class='ocrx_word' id='word_1_532' title='bbox 219 1976 322 2010; x_wconf 84' lang='grc' dir='ltr'>ἀλόγων</span> <span class='ocrx_word' id='word_1_533' title='bbox 347 1976 520 2011; x_wconf 82' lang='grc' dir='ltr'>συγχωρῆσαι</span> <span class='ocrx_word' id='word_1_534' title='bbox 545 1975 591 2001; x_wconf 73' lang='grc' dir='ltr'>ἐπὶ</span> <span class='ocrx_word' id='word_1_535' title='bbox 616 1975 663 2002; x_wconf 79' lang='grc' dir='ltr'>τοῦ</span> <span class='ocrx_word' id='word_1_536' title='bbox 682 1976 762 2010; x_wconf 74' lang='grc' dir='ltr'>ὄρους</span> <span class='ocrx_word' id='word_1_537' title='bbox 779 1975 931 2010; x_wconf 79' lang='grc' dir='ltr'>φαίνεσθαι,</span> 
     </span>
    </p>
   </div>
   <div class='ocr_carea' id='block_1_75' title="bbox 148 2011 933 2057">
    <p class='ocr_par' dir='ltr' id='par_1_75' title="bbox 148 2011 933 2057">
     <span class='ocr_line' id='line_1_75' title="bbox 148 2011 933 2057; baseline -0.001 -8"><span class='ocrx_word' id='word_1_538' title='bbox 148 2011 377 2057; x_wconf 61' lang='grc' dir='ltr'>σημαίνει,’κατά</span> <span class='ocrx_word' id='word_1_539' title='bbox 401 2022 450 2057; x_wconf 81' lang='grc' dir='ltr'>τὴν</span> <span class='ocrx_word' id='word_1_540' title='bbox 466 2021 603 2056; x_wconf 83' lang='grc' dir='ltr'>ἡμετέραν</span> <span class='ocrx_word' id='word_1_541' title='bbox 624 2021 768 2057; x_wconf 76' lang='grc' dir='ltr'>ὑπόληψιν,</span> <span class='ocrx_word' id='word_1_542' title='bbox 797 2021 828 2048; x_wconf 76' lang='grc' dir='ltr'>τὸ</span> <span class='ocrx_word' id='word_1_543' title='bbox 849 2022 933 2056; x_wconf 85' lang='grc' dir='ltr'>ύπερ-</span> 
     </span>
    </p>
   </div>
   <div class='ocr_carea' id='block_1_76' title="bbox 147 2067 932 2103">
    <p class='ocr_par' dir='ltr' id='par_1_76' title="bbox 147 2067 932 2103">
     <span class='ocr_line' id='line_1_76' title="bbox 147 2067 932 2103; baseline 0 -9"><span class='ocrx_word' id='word_1_544' title='bbox 147 2068 228 2103; x_wconf 69' lang='grc' dir='ltr'>ϐῆναι</span> <span class='ocrx_word' id='word_1_545' title='bbox 250 2068 299 2103; x_wconf 86' lang='grc' dir='ltr'>τὴν</span> <span class='ocrx_word' id='word_1_546' title='bbox 326 2067 355 2101; x_wconf 76' lang='grc' dir='ltr'>ἐξ</span> <span class='ocrx_word' id='word_1_547' title='bbox 376 2067 528 2103; x_wconf 77' lang='grc' dir='ltr'>αἰσθήσεως</span> <span class='ocrx_word' id='word_1_548' title='bbox 547 2067 695 2102; x_wconf 83' lang='grc' dir='ltr'>γενομένην</span> <span class='ocrx_word' id='word_1_549' title='bbox 720 2067 822 2101; x_wconf 83' lang='grc' dir='ltr'>γνῶσιν</span> <span class='ocrx_word' id='word_1_550' title='bbox 852 2068 881 2094; x_wconf 86' lang='grc' dir='ltr'>ὲν</span> <span class='ocrx_word' id='word_1_551' title='bbox 899 2068 932 2103; x_wconf 81' lang='grc' dir='ltr'>τῇ</span> 
     </span>
    </p>
   </div>
   <div class='ocr_carea' id='block_1_77' title="bbox 146 2112 934 2149">
    <p class='ocr_par' dir='ltr' id='par_1_77' title="bbox 146 2112 934 2149">
     <span class='ocr_line' id='line_1_77' title="bbox 146 2112 934 2149; baseline 0 -10"><span class='ocrx_word' id='word_1_552' title='bbox 146 2114 200 2139; x_wconf 78' lang='grc' dir='ltr'>τῶν</span> <span class='ocrx_word' id='word_1_553' title='bbox 227 2113 329 2148; x_wconf 82' lang='grc' dir='ltr'>νοητῶν</span> <span class='ocrx_word' id='word_1_554' title='bbox 346 2112 461 2149; x_wconf 68' lang='grc' dir='ltr'>Θεωρίςν</span> <span class='ocrx_word' id='word_1_555' title='bbox 479 2112 543 2139; x_wconf 80' lang='grc' dir='ltr'>ἴδιον</span> <span class='ocrx_word' id='word_1_556' title='bbox 557 2113 611 2148; x_wconf 68' lang='grc' dir='ltr'>γὰρ</span> <span class='ocrx_word' id='word_1_557' title='bbox 622 2113 679 2147; x_wconf 68' lang='grc' dir='ltr'>τῆς</span> <span class='ocrx_word' id='word_1_558' title='bbox 703 2112 757 2140; x_wconf 86' lang='grc' dir='ltr'>τῶν</span> <span class='ocrx_word' id='word_1_559' title='bbox 770 2112 874 2147; x_wconf 83' lang='grc' dir='ltr'>ἀλόγων</span> <span class='ocrx_word' id='word_1_560' title='bbox 884 2113 934 2147; x_wconf 75' lang='grc' dir='ltr'>φύ-</span> 
     </span>
    </p>
   </div>
   <div class='ocr_carea' id='block_1_78' title="bbox 148 2154 970 2194">
    <p class='ocr_par' dir='ltr' id='par_1_78' title="bbox 148 2154 970 2194">
     <span class='ocr_line' id='line_1_78' title="bbox 148 2154 970 2194; baseline 0.001 -10"><span class='ocrx_word' id='word_1_561' title='bbox 148 2167 226 2189; x_wconf 87' lang='grc' dir='ltr'>σεως,</span> <span class='ocrx_word' id='word_1_562' title='bbox 253 2159 282 2185; x_wconf 82' lang='grc' dir='ltr'>τὸ</span> <span class='ocrx_word' id='word_1_563' title='bbox 308 2158 367 2185; x_wconf 85' lang='grc' dir='ltr'>κατ’</span> <span class='ocrx_word' id='word_1_564' title='bbox 395 2158 520 2194; x_wconf 70' lang='grc' dir='ltr'>αἴσθησιν</span> <span class='ocrx_word' id='word_1_565' title='bbox 542 2158 626 2193; x_wconf 80' lang='grc' dir='ltr'>μόνην</span> <span class='ocrx_word' id='word_1_566' title='bbox 640 2157 700 2193; x_wconf 80' lang='grc' dir='ltr'>δίχα</span> <span class='ocrx_word' id='word_1_567' title='bbox 719 2157 838 2190; x_wconf 78' lang='grc' dir='ltr'>διανοίας</span> <span class='ocrx_word' id='word_1_568' title='bbox 860 2159 932 2185; x_wconf 76' lang='grc' dir='ltr'>οἱκο-</span> <span class='ocrx_word' id='word_1_569' title='bbox 949 2154 970 2182; x_wconf 72' lang='grc' dir='ltr'><strong>θ</strong></span> 
     </span>
    </p>
   </div>
   <div class='ocr_carea' id='block_1_79' title="bbox 146 2203 932 2239">
    <p class='ocr_par' dir='ltr' id='par_1_79' title="bbox 146 2203 932 2239">
     <span class='ocr_line' id='line_1_79' title="bbox 146 2203 932 2239; baseline 0 -9"><span class='ocrx_word' id='word_1_570' title='bbox 146 2203 296 2238; x_wconf 82' lang='grc' dir='ltr'>νομεῖσθαι.</span> <span class='ocrx_word' id='word_1_571' title='bbox 320 2204 445 2230; x_wconf 86' lang='grc' dir='ltr'>Ἐκείνων</span> <span class='ocrx_word' id='word_1_572' title='bbox 472 2203 634 2238; x_wconf 81' lang='grc' dir='ltr'>καθηγεῖται</span> <span class='ocrx_word' id='word_1_573' title='bbox 665 2204 682 2239; x_wconf 82' lang='grc' dir='ltr'>ὴ</span> <span class='ocrx_word' id='word_1_574' title='bbox 704 2204 817 2239; x_wconf 75' lang='grc' dir='ltr'>ὅρασις,</span> <span class='ocrx_word' id='word_1_575' title='bbox 840 2205 887 2231; x_wconf 79' lang='grc' dir='ltr'>καὶ</span> <span class='ocrx_word' id='word_1_576' title='bbox 916 2205 932 2239; x_wconf 84' lang='grc' dir='ltr'>ἡ</span> 
     </span>
    </p>
   </div>
   <div class='ocr_carea' id='block_1_80' title="bbox 147 2250 932 2286">
    <p class='ocr_par' dir='ltr' id='par_1_80' title="bbox 147 2250 932 2286">
     <span class='ocr_line' id='line_1_80' title="bbox 147 2250 932 2286; baseline 0.003 -10"><span class='ocrx_word' id='word_1_577' title='bbox 147 2250 216 2285; x_wconf 81' lang='grc' dir='ltr'>ἀκοὴ</span> <span class='ocrx_word' id='word_1_578' title='bbox 238 2250 367 2282; x_wconf 82' lang='grc' dir='ltr'>πολλάκις</span> <span class='ocrx_word' id='word_1_579' title='bbox 400 2250 467 2286; x_wconf 77' lang='grc' dir='ltr'>πρός</span> <span class='ocrx_word' id='word_1_580' title='bbox 499 2258 526 2276; x_wconf 86' lang='grc' dir='ltr'>τι</span> <span class='ocrx_word' id='word_1_581' title='bbox 551 2250 600 2285; x_wconf 78' lang='grc' dir='ltr'>τὴν</span> <span class='ocrx_word' id='word_1_582' title='bbox 631 2251 720 2286; x_wconf 83' lang='grc' dir='ltr'>ὁρμὴν</span> <span class='ocrx_word' id='word_1_583' title='bbox 756 2251 932 2286; x_wconf 76' lang='grc' dir='ltr'>παρεκίνησε.</span> 
     </span>
    </p>
   </div>
   <div class='ocr_carea' id='block_1_81' title="bbox 149 2291 933 2331">
    <p class='ocr_par' dir='ltr' id='par_1_81' title="bbox 149 2291 933 2331">
     <span class='ocr_line' id='line_1_81' title="bbox 149 2291 933 2331; baseline 0.001 -10"><span class='ocrx_word' id='word_1_584' title='bbox 149 2295 203 2321; x_wconf 72' lang='grc' dir='ltr'>Καὶ</span> <span class='ocrx_word' id='word_1_585' title='bbox 218 2295 251 2321; x_wconf 76' lang='grc' dir='ltr'><strong>τά</strong></span> <span class='ocrx_word' id='word_1_586' title='bbox 267 2295 334 2321; x_wconf 78' lang='grc' dir='ltr'>ἄλλα</span> <span class='ocrx_word' id='word_1_587' title='bbox 349 2295 449 2326; x_wconf 83' lang='grc' dir='ltr'>πάντα,</span> <span class='ocrx_word' id='word_1_588' title='bbox 461 2294 494 2321; x_wconf 85' lang='grc' dir='ltr'>δι’</span> <span class='ocrx_word' id='word_1_589' title='bbox 512 2291 549 2321; x_wconf 85' lang='grc' dir='ltr'>ὧν</span> <span class='ocrx_word' id='word_1_590' title='bbox 565 2294 675 2330; x_wconf 77' lang='grc' dir='ltr'>ἐνεργὸς</span> <span class='ocrx_word' id='word_1_591' title='bbox 686 2296 703 2330; x_wconf 87' lang='grc' dir='ltr'>ὴ</span> <span class='ocrx_word' id='word_1_592' title='bbox 717 2295 842 2331; x_wconf 75' lang='grc' dir='ltr'>αἴσθησις</span> <span class='ocrx_word' id='word_1_593' title='bbox 861 2296 933 2330; x_wconf 76' lang='grc' dir='ltr'>γίνεο</span> 
     </span>
    </p>
   </div>
   <div class='ocr_carea' id='block_1_82' title="bbox 148 2340 933 2376">
    <p class='ocr_par' dir='ltr' id='par_1_82' title="bbox 148 2340 933 2376">
     <span class='ocr_line' id='line_1_82' title="bbox 148 2340 933 2376; baseline 0.001 -9"><span class='ocrx_word' id='word_1_594' title='bbox 148 2350 203 2372; x_wconf 73' lang='grc' dir='ltr'>ται,</span> <span class='ocrx_word' id='word_1_595' title='bbox 228 2340 328 2376; x_wconf 81' lang='grc' dir='ltr'>πολλὴν</span> <span class='ocrx_word' id='word_1_596' title='bbox 350 2342 379 2367; x_wconf 76' lang='grc' dir='ltr'>ὲν</span> <span class='ocrx_word' id='word_1_597' title='bbox 394 2342 448 2373; x_wconf 84' lang='grc' dir='ltr'>τοῖς</span> <span class='ocrx_word' id='word_1_598' title='bbox 465 2341 572 2375; x_wconf 80' lang='grc' dir='ltr'>ἀλόγοις</span> <span class='ocrx_word' id='word_1_599' title='bbox 593 2341 649 2376; x_wconf 72' lang='grc' dir='ltr'>ἔχει</span> <span class='ocrx_word' id='word_1_600' title='bbox 667 2341 716 2376; x_wconf 83' lang='grc' dir='ltr'>τὴν</span> <span class='ocrx_word' id='word_1_601' title='bbox 731 2341 831 2376; x_wconf 76' lang='grc' dir='ltr'>χώραν.</span> <span class='ocrx_word' id='word_1_602' title='bbox 852 2341 883 2368; x_wconf 87' lang='lat' dir='ltr'>&#39;H</span> <span class='ocrx_word' id='word_1_603' title='bbox 905 2343 933 2369; x_wconf 80' lang='grc' dir='ltr'>δὲ</span> 
     </span>
    </p>
   </div>
   <div class='ocr_carea' id='block_1_83' title="bbox 147 2386 935 2423">
    <p class='ocr_par' dir='ltr' id='par_1_83' title="bbox 147 2386 935 2423">
     <span class='ocr_line' id='line_1_83' title="bbox 147 2386 935 2423; baseline 0.005 -11"><span class='ocrx_word' id='word_1_604' title='bbox 147 2386 194 2413; x_wconf 80' lang='grc' dir='ltr'>τοῦ</span> <span class='ocrx_word' id='word_1_605' title='bbox 206 2387 274 2414; x_wconf 77' lang='grc' dir='ltr'>Θεοῦ</span> <span class='ocrx_word' id='word_1_606' title='bbox 285 2387 395 2423; x_wconf 79' lang='grc' dir='ltr'>Θεωρία,</span> <span class='ocrx_word' id='word_1_607' title='bbox 409 2386 472 2413; x_wconf 78' lang='grc' dir='ltr'>οὒτε</span> <span class='ocrx_word' id='word_1_608' title='bbox 485 2386 556 2413; x_wconf 79' lang='grc' dir='ltr'>κατὰ</span> <span class='ocrx_word' id='word_1_609' title='bbox 565 2387 595 2413; x_wconf 82' lang='grc' dir='ltr'>τὺ</span> <span class='ocrx_word' id='word_1_610' title='bbox 611 2388 781 2422; x_wconf 86' lang='grc' dir='ltr'>φαινόμενον,</span> <span class='ocrx_word' id='word_1_611' title='bbox 790 2387 851 2415; x_wconf 80' lang='grc' dir='ltr'>οὕτε</span> <span class='ocrx_word' id='word_1_612' title='bbox 864 2389 935 2416; x_wconf 82' lang='grc' dir='ltr'>κατά</span> 
     </span>
    </p>
   </div>
   <div class='ocr_carea' id='block_1_84' title="bbox 983 1525 1768 1560">
    <p class='ocr_par' dir='ltr' id='par_1_84' title="bbox 983 1525 1768 1560">
     <span class='ocr_line' id='line_1_84' title="bbox 983 1525 1768 1560; baseline 0 -8"><span class='ocrx_word' id='word_1_613' title='bbox 983 1525 1125 1560; x_wconf 91' lang='lat' dir='ltr'><strong>proprium</strong></span> <span class='ocrx_word' id='word_1_614' title='bbox 1151 1525 1225 1552; x_wconf 89' lang='lat' dir='ltr'><strong>enim</strong></span> <span class='ocrx_word' id='word_1_615' title='bbox 1261 1530 1367 1552; x_wconf 63' lang='lat' dir='ltr'><strong>natura!</strong></span> <span class='ocrx_word' id='word_1_616' title='bbox 1388 1525 1532 1552; x_wconf 88' lang='lat' dir='ltr'><strong>brutorum</strong></span> <span class='ocrx_word' id='word_1_617' title='bbox 1556 1529 1608 1556; x_wconf 81' lang='lat' dir='ltr'><strong>est,</strong></span> <span class='ocrx_word' id='word_1_618' title='bbox 1635 1532 1667 1552; x_wconf 82' lang='lat' dir='ltr'>ex</span> <span class='ocrx_word' id='word_1_619' title='bbox 1686 1532 1768 1553; x_wconf 83' lang='lat' dir='ltr'><strong>sensu</strong></span> 
     </span>
    </p>
   </div>
   <div class='ocr_carea' id='block_1_85' title="bbox 983 1570 1769 1606">
    <p class='ocr_par' dir='ltr' id='par_1_85' title="bbox 983 1570 1769 1606">
     <span class='ocr_line' id='line_1_85' title="bbox 983 1570 1769 1606; baseline 0 -8"><span class='ocrx_word' id='word_1_620' title='bbox 983 1571 1042 1598; x_wconf 90' lang='lat' dir='ltr'><strong>solo</strong></span> <span class='ocrx_word' id='word_1_621' title='bbox 1068 1571 1174 1606; x_wconf 86' lang='lat' dir='ltr'><strong>absque</strong></span> <span class='ocrx_word' id='word_1_622' title='bbox 1194 1571 1352 1598; x_wconf 87' lang='lat' dir='ltr'><strong>intellectus</strong></span> <span class='ocrx_word' id='word_1_623' title='bbox 1377 1571 1539 1605; x_wconf 82' lang='lat' dir='ltr'><strong>Operatioue</strong></span> <span class='ocrx_word' id='word_1_624' title='bbox 1559 1570 1647 1605; x_wconf 85' lang='lat' dir='ltr'><strong>aliqua</strong></span> <span class='ocrx_word' id='word_1_625' title='bbox 1670 1570 1769 1605; x_wconf 76' lang='lat' dir='ltr'><strong>guber-</strong></span> 
     </span>
    </p>
   </div>
   <div class='ocr_carea' id='block_1_86' title="bbox 982 1615 1768 1651">
    <p class='ocr_par' dir='ltr' id='par_1_86' title="bbox 982 1615 1768 1651">
     <span class='ocr_line' id='line_1_86' title="bbox 982 1615 1768 1651; baseline -0.003 -7"><span class='ocrx_word' id='word_1_626' title='bbox 982 1617 1060 1650; x_wconf 87' lang='lat' dir='ltr'><strong>nari;</strong></span> <span class='ocrx_word' id='word_1_627' title='bbox 1076 1623 1138 1643; x_wconf 91' lang='lat' dir='ltr'>nam</span> <span class='ocrx_word' id='word_1_628' title='bbox 1149 1620 1197 1643; x_wconf 87' lang='lat' dir='ltr'><strong>aut</strong></span> <span class='ocrx_word' id='word_1_629' title='bbox 1214 1617 1300 1646; x_wconf 84' lang='lat' dir='ltr'><strong>visus.</strong></span> <span class='ocrx_word' id='word_1_630' title='bbox 1311 1619 1357 1642; x_wconf 86' lang='lat' dir='ltr'><strong>aut</strong></span> <span class='ocrx_word' id='word_1_631' title='bbox 1375 1615 1494 1646; x_wconf 87' lang='lat' dir='ltr'><strong>auditus,</strong></span> <span class='ocrx_word' id='word_1_632' title='bbox 1506 1616 1679 1643; x_wconf 88' lang='lat' dir='ltr'><strong>autaliorum</strong></span> <span class='ocrx_word' id='word_1_633' title='bbox 1692 1616 1768 1651; x_wconf 87' lang='lat' dir='ltr'><strong>quis-</strong></span> 
     </span>
    </p>
   </div>
   <div class='ocr_carea' id='block_1_87' title="bbox 983 1661 1769 1696">
    <p class='ocr_par' dir='ltr' id='par_1_87' title="bbox 983 1661 1769 1696">
     <span class='ocr_line' id='line_1_87' title="bbox 983 1661 1769 1696; baseline -0.001 -7"><span class='ocrx_word' id='word_1_634' title='bbox 983 1661 1055 1696; x_wconf 84' lang='lat' dir='ltr'><strong>piam</strong></span> <span class='ocrx_word' id='word_1_635' title='bbox 1073 1668 1215 1692; x_wconf 86' lang='lat' dir='ltr'><strong>sensuum.</strong></span> <span class='ocrx_word' id='word_1_636' title='bbox 1239 1668 1293 1687; x_wconf 91' lang='lat' dir='ltr'>nou</span> <span class='ocrx_word' id='word_1_637' title='bbox 1313 1661 1449 1692; x_wconf 88' lang='lat' dir='ltr'><strong>voluntas,</strong></span> <span class='ocrx_word' id='word_1_638' title='bbox 1474 1668 1563 1694; x_wconf 85' lang='lat' dir='ltr'><strong>neque</strong></span> <span class='ocrx_word' id='word_1_639' title='bbox 1579 1661 1648 1688; x_wconf 89' lang='lat' dir='ltr'><strong>ratio</strong></span> <span class='ocrx_word' id='word_1_640' title='bbox 1666 1661 1769 1696; x_wconf 84' lang='lat' dir='ltr'><strong>appeti-</strong></span> 
     </span>
    </p>
   </div>
   <div class='ocr_carea' id='block_1_88' title="bbox 964 1704 1768 1738">
    <p class='ocr_par' dir='ltr' id='par_1_88' title="bbox 964 1704 1768 1738">
     <span class='ocr_line' id='line_1_88' title="bbox 964 1704 1768 1738; baseline 0 -6"><span class='ocrx_word' id='word_1_641' title='bbox 964 1706 1074 1734; x_wconf 81' lang='lat' dir='ltr'><strong>-tiones</strong></span> <span class='ocrx_word' id='word_1_642' title='bbox 1085 1706 1230 1733; x_wconf 87' lang='lat' dir='ltr'><strong>brutorum</strong></span> <span class='ocrx_word' id='word_1_643' title='bbox 1253 1709 1351 1732; x_wconf 86' lang='lat' dir='ltr'><strong>movet.</strong></span> <span class='ocrx_word' id='word_1_644' title='bbox 1374 1704 1466 1738; x_wconf 87' lang='lat' dir='ltr'><strong>Quare</strong></span> <span class='ocrx_word' id='word_1_645' title='bbox 1482 1708 1574 1731; x_wconf 86' lang='lat' dir='ltr'><strong>motus</strong></span> <span class='ocrx_word' id='word_1_646' title='bbox 1596 1705 1638 1732; x_wconf 88' lang='lat' dir='ltr'><strong>sui</strong></span> <span class='ocrx_word' id='word_1_647' title='bbox 1662 1713 1768 1738; x_wconf 81' lang='lat' dir='ltr'><strong>omnes,</strong></span> 
     </span>
    </p>
   </div>
   <div class='ocr_carea' id='block_1_89' title="bbox 983 1749 1768 1785">
    <p class='ocr_par' dir='ltr' id='par_1_89' title="bbox 983 1749 1768 1785">
     <span class='ocr_line' id='line_1_89' title="bbox 983 1749 1768 1785; baseline -0.003 -7"><span class='ocrx_word' id='word_1_648' title='bbox 983 1756 1011 1778; x_wconf 87' lang='lat' dir='ltr'><strong>et</strong></span> <span class='ocrx_word' id='word_1_649' title='bbox 1023 1758 1105 1785; x_wconf 81' lang='lat' dir='ltr'><strong>opera</strong></span> <span class='ocrx_word' id='word_1_650' title='bbox 1132 1758 1262 1778; x_wconf 79' lang='lat' dir='ltr'><strong>sensuum</strong></span> <span class='ocrx_word' id='word_1_651' title='bbox 1292 1754 1366 1777; x_wconf 87' lang='lat' dir='ltr'><strong>sunt.</strong></span> <span class='ocrx_word' id='word_1_652' title='bbox 1400 1749 1558 1784; x_wconf 77' lang='lat' dir='ltr'><strong>Speculatio</strong></span> <span class='ocrx_word' id='word_1_653' title='bbox 1585 1754 1686 1781; x_wconf 78' lang='lat' dir='ltr'><strong>autent,</strong></span> <span class='ocrx_word' id='word_1_654' title='bbox 1715 1758 1768 1785; x_wconf 80' lang='lat' dir='ltr'>qua</span> 
     </span>
    </p>
   </div>
   <div class='ocr_carea' id='block_1_90' title="bbox 983 1795 1766 1831">
    <p class='ocr_par' dir='ltr' id='par_1_90' title="bbox 983 1795 1766 1831">
     <span class='ocr_line' id='line_1_90' title="bbox 983 1795 1766 1831; baseline 0.001 -9"><span class='ocrx_word' id='word_1_655' title='bbox 983 1795 1068 1824; x_wconf 88' lang='lat' dir='ltr'><strong>Deum</strong></span> <span class='ocrx_word' id='word_1_656' title='bbox 1082 1797 1311 1831; x_wconf 82' lang='lat' dir='ltr'><strong>contemplamur,</strong></span> <span class='ocrx_word' id='word_1_657' title='bbox 1329 1803 1378 1822; x_wconf 87' lang='lat' dir='ltr'>nec</span> <span class='ocrx_word' id='word_1_658' title='bbox 1390 1795 1460 1826; x_wconf 86' lang='lat' dir='ltr'><strong>visu,</strong></span> <span class='ocrx_word' id='word_1_659' title='bbox 1480 1803 1531 1823; x_wconf 89' lang='lat' dir='ltr'>uec</span> <span class='ocrx_word' id='word_1_660' title='bbox 1546 1795 1652 1827; x_wconf 88' lang='lat' dir='ltr'><strong>auditu,</strong></span> <span class='ocrx_word' id='word_1_661' title='bbox 1678 1804 1766 1830; x_wconf 86' lang='lat' dir='ltr'><strong>quan-</strong></span> 
     </span>
    </p>
   </div>
   <div class='ocr_carea' id='block_1_91' title="bbox 984 1841 1768 1876">
    <p class='ocr_par' dir='ltr' id='par_1_91' title="bbox 984 1841 1768 1876">
     <span class='ocr_line' id='line_1_91' title="bbox 984 1841 1768 1876; baseline -0.001 -8"><span class='ocrx_word' id='word_1_662' title='bbox 984 1845 1041 1869; x_wconf 89' lang='lat' dir='ltr'>tum</span> <span class='ocrx_word' id='word_1_663' title='bbox 1058 1842 1084 1869; x_wconf 95' lang='lat' dir='ltr'>in</span> <span class='ocrx_word' id='word_1_664' title='bbox 1105 1849 1135 1870; x_wconf 89' lang='lat' dir='ltr'>se</span> <span class='ocrx_word' id='word_1_665' title='bbox 1162 1847 1216 1872; x_wconf 84' lang='lat' dir='ltr'><strong>est,</strong></span> <span class='ocrx_word' id='word_1_666' title='bbox 1244 1841 1364 1876; x_wconf 80' lang='lat' dir='ltr'><strong>indiget;</strong></span> <span class='ocrx_word' id='word_1_667' title='bbox 1393 1848 1480 1875; x_wconf 84' lang='lat' dir='ltr'><strong>neque</strong></span> <span class='ocrx_word' id='word_1_668' title='bbox 1500 1846 1631 1868; x_wconf 89' lang='lat' dir='ltr'><strong>consueta</strong></span> <span class='ocrx_word' id='word_1_669' title='bbox 1651 1841 1768 1876; x_wconf 86' lang='lat' dir='ltr'><strong>quadam</strong></span> 
     </span>
    </p>
   </div>
   <div class='ocr_carea' id='block_1_92' title="bbox 984 1886 1771 1922">
    <p class='ocr_par' dir='ltr' id='par_1_92' title="bbox 984 1886 1771 1922">
     <span class='ocr_line' id='line_1_92' title="bbox 984 1886 1771 1922; baseline -0.003 -8"><span class='ocrx_word' id='word_1_670' title='bbox 984 1887 1230 1922; x_wconf 72' lang='lat' dir='ltr'><strong>comprehensione</strong></span> <span class='ocrx_word' id='word_1_671' title='bbox 1240 1886 1480 1920; x_wconf 83' lang='lat' dir='ltr'><strong>intellectioneque</strong></span> <span class='ocrx_word' id='word_1_672' title='bbox 1495 1886 1658 1920; x_wconf 86' lang='lat' dir='ltr'><strong>percipitur;</strong></span> <span class='ocrx_word' id='word_1_673' title='bbox 1674 1886 1771 1912; x_wconf 83' lang='lat' dir='ltr'><strong>oculus</strong></span> 
     </span>
    </p>
   </div>
   <div class='ocr_carea' id='block_1_93' title="bbox 983 1929 1769 1962">
    <p class='ocr_par' dir='ltr' id='par_1_93' title="bbox 983 1929 1769 1962">
     <span class='ocr_line' id='line_1_93' title="bbox 983 1929 1769 1962; baseline -0.003 -4"><span class='ocrx_word' id='word_1_674' title='bbox 983 1932 1055 1959; x_wconf 91' lang='lat' dir='ltr'><strong>enim</strong></span> <span class='ocrx_word' id='word_1_675' title='bbox 1075 1938 1130 1958; x_wconf 91' lang='lat' dir='ltr'>non</span> <span class='ocrx_word' id='word_1_676' title='bbox 1152 1931 1230 1962; x_wconf 83' lang='lat' dir='ltr'><strong>vidit,</strong></span> <span class='ocrx_word' id='word_1_677' title='bbox 1252 1938 1302 1958; x_wconf 81' lang='lat' dir='ltr'>nec</span> <span class='ocrx_word' id='word_1_678' title='bbox 1328 1930 1404 1957; x_wconf 80' lang='lat' dir='ltr'><strong>auris</strong></span> <span class='ocrx_word' id='word_1_679' title='bbox 1415 1929 1629 1958; x_wconf 82' lang='lat' dir='ltr'><strong>audivit“:non</strong></span> <span class='ocrx_word' id='word_1_680' title='bbox 1640 1935 1683 1957; x_wconf 82' lang='lat' dir='ltr'>est</span> <span class='ocrx_word' id='word_1_681' title='bbox 1697 1930 1769 1957; x_wconf 88' lang='lat' dir='ltr'><strong>cnim</strong></span> 
     </span>
    </p>
   </div>
   <div class='ocr_carea' id='block_1_94' title="bbox 983 1975 1772 2012">
    <p class='ocr_par' dir='ltr' id='par_1_94' title="bbox 983 1975 1772 2012">
     <span class='ocr_line' id='line_1_94' title="bbox 983 1975 1772 2012; baseline -0.003 -8"><span class='ocrx_word' id='word_1_682' title='bbox 983 1977 1132 2012; x_wconf 82' lang='lat' dir='ltr'><strong>quidquam</strong></span> <span class='ocrx_word' id='word_1_683' title='bbox 1148 1983 1254 2008; x_wconf 85' lang='lat' dir='ltr'><strong>eorum,</strong></span> <span class='ocrx_word' id='word_1_684' title='bbox 1273 1984 1334 2011; x_wconf 85' lang='lat' dir='ltr'><strong>qua:</strong></span> <span class='ocrx_word' id='word_1_685' title='bbox 1362 1976 1388 2003; x_wconf 89' lang='lat' dir='ltr'><strong>iu</strong></span> <span class='ocrx_word' id='word_1_686' title='bbox 1411 1983 1460 2003; x_wconf 87' lang='lat' dir='ltr'>cor</span> <span class='ocrx_word' id='word_1_687' title='bbox 1482 1975 1600 2002; x_wconf 87' lang='lat' dir='ltr'><strong>hominis</strong></span> <span class='ocrx_word' id='word_1_688' title='bbox 1623 1975 1772 2002; x_wconf 85' lang='lat' dir='ltr'><strong>ascendere</strong></span> 
     </span>
    </p>
   </div>
   <div class='ocr_carea' id='block_1_95' title="bbox 984 2021 1771 2057">
    <p class='ocr_par' dir='ltr' id='par_1_95' title="bbox 984 2021 1771 2057">
     <span class='ocr_line' id='line_1_95' title="bbox 984 2021 1771 2057; baseline -0.005 -6"><span class='ocrx_word' id='word_1_689' title='bbox 984 2027 1197 2051; x_wconf 84' lang='lat' dir='ltr'><strong>consueverunt.</strong></span> <span class='ocrx_word' id='word_1_690' title='bbox 1218 2022 1308 2055; x_wconf 82' lang='lat' dir='ltr'><strong>Quare</strong></span> <span class='ocrx_word' id='word_1_691' title='bbox 1321 2026 1439 2057; x_wconf 79' lang='lat' dir='ltr'><strong>oportet,</strong></span> <span class='ocrx_word' id='word_1_692' title='bbox 1455 2022 1478 2049; x_wconf 87' lang='lat' dir='ltr'>si</span> <span class='ocrx_word' id='word_1_693' title='bbox 1499 2021 1563 2056; x_wconf 88' lang='lat' dir='ltr'><strong>quis</strong></span> <span class='ocrx_word' id='word_1_694' title='bbox 1587 2021 1620 2047; x_wconf 88' lang='lat' dir='ltr'>ad</span> <span class='ocrx_word' id='word_1_695' title='bbox 1647 2024 1771 2048; x_wconf 80' lang='lat' dir='ltr'><strong>content-</strong></span> 
     </span>
    </p>
   </div>
   <div class='ocr_carea' id='block_1_96' title="bbox 989 2065 1772 2104">
    <p class='ocr_par' dir='ltr' id='par_1_96' title="bbox 989 2065 1772 2104">
     <span class='ocr_line' id='line_1_96' title="bbox 989 2065 1772 2104; baseline -0.005 -8"><span class='ocrx_word' id='word_1_696' title='bbox 989 2070 1137 2104; x_wconf 85' lang='lat' dir='ltr'><strong>plationem</strong></span> <span class='ocrx_word' id='word_1_697' title='bbox 1151 2069 1213 2104; x_wconf 82' lang='lat' dir='ltr'><strong>ejus</strong></span> <span class='ocrx_word' id='word_1_698' title='bbox 1230 2068 1445 2100; x_wconf 84' lang='lat' dir='ltr'><strong>accederevelit,</strong></span> <span class='ocrx_word' id='word_1_699' title='bbox 1464 2068 1499 2094; x_wconf 90' lang='lat' dir='ltr'>ab</span> <span class='ocrx_word' id='word_1_700' title='bbox 1509 2067 1584 2094; x_wconf 91' lang='lat' dir='ltr'><strong>omni</strong></span> <span class='ocrx_word' id='word_1_701' title='bbox 1603 2065 1726 2093; x_wconf 87' lang='lat' dir='ltr'><strong>sensuali</strong></span> <span class='ocrx_word' id='word_1_702' title='bbox 1745 2070 1772 2093; x_wconf 88' lang='lat' dir='ltr'><strong>et</strong></span> 
     </span>
    </p>
   </div>
   <div class='ocr_carea' id='block_1_97' title="bbox 985 2113 1771 2148">
    <p class='ocr_par' dir='ltr' id='par_1_97' title="bbox 985 2113 1771 2148">
     <span class='ocr_line' id='line_1_97' title="bbox 985 2113 1771 2148; baseline -0.004 -6"><span class='ocrx_word' id='word_1_703' title='bbox 985 2116 1137 2142; x_wconf 75' lang='lat' dir='ltr'><strong>irrationali</strong></span> <span class='ocrx_word' id='word_1_704' title='bbox 1159 2119 1235 2142; x_wconf 91' lang='lat' dir='ltr'><strong>motu</strong></span> <span class='ocrx_word' id='word_1_705' title='bbox 1259 2119 1376 2142; x_wconf 81' lang='lat' dir='ltr'><strong>mentem</strong></span> <span class='ocrx_word' id='word_1_706' title='bbox 1406 2121 1484 2141; x_wconf 86' lang='lat' dir='ltr'><strong>suam</strong></span> <span class='ocrx_word' id='word_1_707' title='bbox 1504 2113 1708 2148; x_wconf 75' lang='lat' dir='ltr'><strong>pet-mundare;</strong></span> <span class='ocrx_word' id='word_1_708' title='bbox 1739 2119 1771 2139; x_wconf 83' lang='lat' dir='ltr'>ac</span> 
     </span>
    </p>
   </div>
   <div class='ocr_carea' id='block_1_98' title="bbox 986 2157 1772 2194">
    <p class='ocr_par' dir='ltr' id='par_1_98' title="bbox 986 2157 1772 2194">
     <span class='ocr_line' id='line_1_98' title="bbox 986 2157 1772 2194; baseline -0.004 -7"><span class='ocrx_word' id='word_1_709' title='bbox 986 2161 1022 2187; x_wconf 83' lang='lat' dir='ltr'>ita</span> <span class='ocrx_word' id='word_1_710' title='bbox 1035 2168 1098 2187; x_wconf 90' lang='lat' dir='ltr'>cum</span> <span class='ocrx_word' id='word_1_711' title='bbox 1116 2167 1224 2187; x_wconf 75' lang='lat' dir='ltr'><strong>omnem</strong></span> <span class='ocrx_word' id='word_1_712' title='bbox 1241 2160 1399 2194; x_wconf 88' lang='lat' dir='ltr'><strong>opinionem</strong></span> <span class='ocrx_word' id='word_1_713' title='bbox 1416 2166 1478 2193; x_wconf 75' lang='lat' dir='ltr'><strong>quae</strong></span> <span class='ocrx_word' id='word_1_714' title='bbox 1493 2166 1524 2185; x_wconf 77' lang='lat' dir='ltr'><strong>ex</strong></span> <span class='ocrx_word' id='word_1_715' title='bbox 1542 2158 1668 2185; x_wconf 82' lang='lat' dir='ltr'><strong>sensiluu</strong></span> <span class='ocrx_word' id='word_1_716' title='bbox 1689 2157 1772 2192; x_wconf 81' lang='lat' dir='ltr'><strong>origi-</strong></span> 
     </span>
    </p>
   </div>
   <div class='ocr_carea' id='block_1_99' title="bbox 985 2203 1771 2238">
    <p class='ocr_par' dir='ltr' id='par_1_99' title="bbox 985 2203 1771 2238">
     <span class='ocr_line' id='line_1_99' title="bbox 985 2203 1771 2238; baseline -0.005 -4"><span class='ocrx_word' id='word_1_717' title='bbox 985 2215 1047 2234; x_wconf 87' lang='lat' dir='ltr'>nem</span> <span class='ocrx_word' id='word_1_718' title='bbox 1059 2206 1166 2238; x_wconf 80' lang='lat' dir='ltr'><strong>habeat,</strong></span> <span class='ocrx_word' id='word_1_719' title='bbox 1191 2213 1223 2232; x_wconf 80' lang='lat' dir='ltr'>cx</span> <span class='ocrx_word' id='word_1_720' title='bbox 1245 2210 1336 2233; x_wconf 88' lang='lat' dir='ltr'><strong>mente</strong></span> <span class='ocrx_word' id='word_1_721' title='bbox 1354 2203 1532 2236; x_wconf 88' lang='lat' dir='ltr'><strong>abstruserit,</strong></span> <span class='ocrx_word' id='word_1_722' title='bbox 1555 2203 1771 2230; x_wconf 84' lang='lat' dir='ltr'><strong>consuetudine-</strong></span> 
     </span>
    </p>
   </div>
   <div class='ocr_carea' id='block_1_100' title="bbox 984 2249 1771 2287">
    <p class='ocr_par' dir='ltr' id='par_1_100' title="bbox 984 2249 1771 2287">
     <span class='ocr_line' id='line_1_100' title="bbox 984 2249 1771 2287; baseline -0.006 -7"><span class='ocrx_word' id='word_1_723' title='bbox 984 2261 1038 2287; x_wconf 90' lang='lat' dir='ltr'>que</span> <span class='ocrx_word' id='word_1_724' title='bbox 1054 2252 1181 2286; x_wconf 75' lang='lat' dir='ltr'><strong>conjugis</strong></span> <span class='ocrx_word' id='word_1_725' title='bbox 1198 2259 1256 2279; x_wconf 56' lang='lat' dir='ltr'><strong>suae</strong></span> <span class='ocrx_word' id='word_1_726' title='bbox 1272 2251 1392 2279; x_wconf 88' lang='lat' dir='ltr'><strong>caruerit</strong></span> <span class='ocrx_word' id='word_1_727' title='bbox 1420 2249 1534 2284; x_wconf 75' lang='lat' dir='ltr'><strong>(conjux</strong></span> <span class='ocrx_word' id='word_1_728' title='bbox 1557 2257 1623 2276; x_wconf 87' lang='lat' dir='ltr'><strong>vero</strong></span> <span class='ocrx_word' id='word_1_729' title='bbox 1643 2249 1687 2276; x_wconf 84' lang='lat' dir='ltr'><strong>hic</strong></span> <span class='ocrx_word' id='word_1_730' title='bbox 1707 2256 1771 2276; x_wconf 88' lang='lat' dir='ltr'><strong>sen-</strong></span> 
     </span>
    </p>
   </div>
   <div class='ocr_carea' id='block_1_101' title="bbox 986 2297 1771 2332">
    <p class='ocr_par' dir='ltr' id='par_1_101' title="bbox 986 2297 1771 2332">
     <span class='ocr_line' id='line_1_101' title="bbox 986 2297 1771 2332; baseline -0.005 -6"><span class='ocrx_word' id='word_1_731' title='bbox 986 2307 1033 2327; x_wconf 85' lang='lat' dir='ltr'>sus</span> <span class='ocrx_word' id='word_1_732' title='bbox 1051 2298 1224 2332; x_wconf 78' lang='lat' dir='ltr'><strong>intelligitur.</strong></span> <span class='ocrx_word' id='word_1_733' title='bbox 1237 2297 1283 2332; x_wconf 92' lang='lat' dir='ltr'>qui</span> <span class='ocrx_word' id='word_1_734' title='bbox 1299 2297 1464 2331; x_wconf 85' lang='lat' dir='ltr'><strong>conjum-tus</strong></span> <span class='ocrx_word' id='word_1_735' title='bbox 1480 2300 1586 2323; x_wconf 72' lang='lat' dir='ltr'><strong>naturae</strong></span> <span class='ocrx_word' id='word_1_736' title='bbox 1608 2299 1708 2322; x_wconf 77' lang='lat' dir='ltr'><strong>nostra:</strong></span> <span class='ocrx_word' id='word_1_737' title='bbox 1723 2303 1771 2322; x_wconf 93' lang='lat' dir='ltr'><strong>no-</strong></span> 
     </span>
    </p>
   </div>
   <div class='ocr_carea' id='block_1_102' title="bbox 986 2341 1771 2377">
    <p class='ocr_par' dir='ltr' id='par_1_102' title="bbox 986 2341 1771 2377">
     <span class='ocr_line' id='line_1_102' title="bbox 986 2341 1771 2377; baseline -0.005 -6"><span class='ocrx_word' id='word_1_738' title='bbox 986 2345 1091 2372; x_wconf 87' lang='lat' dir='ltr'><strong>biscum</strong></span> <span class='ocrx_word' id='word_1_739' title='bbox 1106 2343 1210 2369; x_wconf 79' lang='lat' dir='ltr'><strong>habitat</strong></span> <span class='ocrx_word' id='word_1_740' title='bbox 1232 2341 1254 2377; x_wconf 84' lang='lat'><strong>),</strong></span> <span class='ocrx_word' id='word_1_741' title='bbox 1267 2345 1316 2370; x_wconf 78' lang='lat' dir='ltr'>hac</span> <span class='ocrx_word' id='word_1_742' title='bbox 1335 2342 1418 2377; x_wconf 84' lang='lat' dir='ltr'><strong>igitur</strong></span> <span class='ocrx_word' id='word_1_743' title='bbox 1428 2349 1490 2368; x_wconf 91' lang='lat' dir='ltr'>cum</span> <span class='ocrx_word' id='word_1_744' title='bbox 1511 2342 1641 2371; x_wconf 87' lang='lat' dir='ltr'><strong>caruerit,</strong></span> <span class='ocrx_word' id='word_1_745' title='bbox 1663 2341 1703 2368; x_wconf 89' lang='lat' dir='ltr'>sic</span> <span class='ocrx_word' id='word_1_746' title='bbox 1723 2341 1771 2367; x_wconf 87' lang='lat' dir='ltr'><strong>de-</strong></span> 
     </span>
    </p>
   </div>
   <div class='ocr_carea' id='block_1_103' title="bbox 988 2387 1524 2424">
    <p class='ocr_par' dir='ltr' id='par_1_103' title="bbox 988 2387 1524 2424">
     <span class='ocr_line' id='line_1_103' title="bbox 988 2387 1524 2424; baseline -0.007 -7"><span class='ocrx_word' id='word_1_747' title='bbox 988 2389 1071 2424; x_wconf 83' lang='lat' dir='ltr'><strong>nique</strong></span> <span class='ocrx_word' id='word_1_748' title='bbox 1083 2388 1183 2423; x_wconf 87' lang='lat' dir='ltr'><strong>poterit</strong></span> <span class='ocrx_word' id='word_1_749' title='bbox 1197 2387 1230 2415; x_wconf 88' lang='lat' dir='ltr'>ad</span> <span class='ocrx_word' id='word_1_750' title='bbox 1247 2390 1366 2414; x_wconf 89' lang='lat' dir='ltr'><strong>montem</strong></span> <span class='ocrx_word' id='word_1_751' title='bbox 1382 2387 1524 2414; x_wconf 81' lang='lat' dir='ltr'><strong>accedere.</strong></span> 
     </span>
    </p>
   </div>
   <div class='ocr_carea' id='block_1_104' title="bbox 145 2430 1774 2474">
    <p class='ocr_par' dir='ltr' id='par_1_104' title="bbox 145 2430 1774 2474">
     <span class='ocr_line' id='line_1_104' title="bbox 145 2430 1774 2474; baseline -0.002 -13"><span class='ocrx_word' id='word_1_752' title='bbox 145 2435 177 2461; x_wconf 65' lang='grc' dir='ltr'>το</span> <span class='ocrx_word' id='word_1_753' title='bbox 200 2434 364 2469; x_wconf 82' lang='grc' dir='ltr'>ἀκουόμενον</span> <span class='ocrx_word' id='word_1_754' title='bbox 389 2435 558 2470; x_wconf 78' lang='grc' dir='ltr'>ἐνεργεῖται,</span> <span class='ocrx_word' id='word_1_755' title='bbox 585 2433 646 2460; x_wconf 74' lang='grc' dir='ltr'>οὔτε</span> <span class='ocrx_word' id='word_1_756' title='bbox 676 2435 730 2461; x_wconf 76' lang='grc' dir='ltr'>τινὶ</span> <span class='ocrx_word' id='word_1_757' title='bbox 752 2435 805 2462; x_wconf 85' lang='grc' dir='ltr'>τῶν</span> <span class='ocrx_word' id='word_1_758' title='bbox 834 2437 955 2474; x_wconf 76' lang='grc' dir='ltr'>συνήθων</span> <span class='ocrx_word' id='word_1_759' title='bbox 975 2436 1118 2472; x_wconf 78' lang='grc' dir='ltr'>νοημάτων</span> <span class='ocrx_word' id='word_1_760' title='bbox 1139 2434 1390 2468; x_wconf 81' lang='grc' dir='ltr'>καταλαμϐάνεται·</span> <span class='ocrx_word' id='word_1_761' title='bbox 1419 2433 1479 2460; x_wconf 73' lang='grc' dir='ltr'>οὔτε</span> <span class='ocrx_word' id='word_1_762' title='bbox 1505 2433 1557 2468; x_wconf 76' lang='grc' dir='ltr'>γὰρ</span> <span class='ocrx_word' id='word_1_763' title='bbox 1574 2432 1709 2467; x_wconf 69' lang='grc' dir='ltr'>ὀφθαλμὸς</span> <span class='ocrx_word' id='word_1_764' title='bbox 1736 2430 1774 2459; x_wconf 77' lang='grc' dir='ltr'>εἷ-</span> 
     </span>
    </p>
   </div>
   <div class='ocr_carea' id='block_1_105' title="bbox 147 2478 1773 2520">
    <p class='ocr_par' dir='ltr' id='par_1_105' title="bbox 147 2478 1773 2520">
     <span class='ocr_line' id='line_1_105' title="bbox 147 2478 1773 2520; baseline -0.002 -12"><span class='ocrx_word' id='word_1_765' title='bbox 147 2483 199 2514; x_wconf 85' lang='grc' dir='ltr'>δεν,</span> <span class='ocrx_word' id='word_1_766' title='bbox 219 2482 279 2509; x_wconf 76' lang='grc' dir='ltr'>οὗτε</span> <span class='ocrx_word' id='word_1_767' title='bbox 303 2480 349 2514; x_wconf 76' lang='grc' dir='ltr'>οὖς</span> <span class='ocrx_word' id='word_1_768' title='bbox 369 2482 502 2517; x_wconf 71' lang='grc' dir='ltr'>ἣκουσιν,</span> <span class='ocrx_word' id='word_1_769' title='bbox 527 2481 588 2509; x_wconf 70' lang='grc' dir='ltr'>οὔτε</span> <span class='ocrx_word' id='word_1_770' title='bbox 616 2491 641 2508; x_wconf 87' lang='grc' dir='ltr'>τι</span> <span class='ocrx_word' id='word_1_771' title='bbox 661 2482 714 2509; x_wconf 86' lang='grc' dir='ltr'>τῶν</span> <span class='ocrx_word' id='word_1_772' title='bbox 731 2484 777 2509; x_wconf 75' lang='grc' dir='ltr'>ἐπὶ</span> <span class='ocrx_word' id='word_1_773' title='bbox 801 2484 915 2519; x_wconf 77' lang='grc' dir='ltr'>καρδίαν</span> <span class='ocrx_word' id='word_1_774' title='bbox 940 2484 1084 2520; x_wconf 81' lang='grc' dir='ltr'>ἀνθρώπου</span> <span class='ocrx_word' id='word_1_775' title='bbox 1108 2482 1230 2517; x_wconf 77' lang='grc' dir='ltr'>συνήθως</span> <span class='ocrx_word' id='word_1_776' title='bbox 1249 2481 1447 2508; x_wconf 81' lang='grc' dir='ltr'>ἀναϐαινόντων</span> <span class='ocrx_word' id='word_1_777' title='bbox 1460 2481 1542 2506; x_wconf 77' lang='grc' dir='ltr'>ἐστίν.</span> <span class='ocrx_word' id='word_1_778' title='bbox 1566 2480 1646 2506; x_wconf 84' lang='grc' dir='ltr'>’Λλλά</span> <span class='ocrx_word' id='word_1_779' title='bbox 1660 2478 1712 2514; x_wconf 84' lang='grc' dir='ltr'>χρὴ</span> <span class='ocrx_word' id='word_1_780' title='bbox 1727 2478 1773 2504; x_wconf 82' lang='grc' dir='ltr'>τὸν</span> 
     </span>
    </p>
   </div>
   <div class='ocr_carea' id='block_1_106' title="bbox 149 2526 1774 2567">
    <p class='ocr_par' dir='ltr' id='par_1_106' title="bbox 149 2526 1774 2567">
     <span class='ocr_line' id='line_1_106' title="bbox 149 2526 1774 2567; baseline -0.002 -11"><span class='ocrx_word' id='word_1_781' title='bbox 149 2531 279 2566; x_wconf 82' lang='grc' dir='ltr'>μέλλοντα</span> <span class='ocrx_word' id='word_1_782' title='bbox 304 2529 476 2565; x_wconf 75' lang='grc' dir='ltr'>προσϐαίνειν</span> <span class='ocrx_word' id='word_1_783' title='bbox 497 2532 531 2565; x_wconf 82' lang='grc' dir='ltr'>τῇ</span> <span class='ocrx_word' id='word_1_784' title='bbox 548 2529 601 2556; x_wconf 84' lang='grc' dir='ltr'>τῶν</span> <span class='ocrx_word' id='word_1_785' title='bbox 621 2530 731 2564; x_wconf 70' lang='grc' dir='ltr'>ὑψηλῶν</span> <span class='ocrx_word' id='word_1_786' title='bbox 754 2533 926 2567; x_wconf 76' lang='grc' dir='ltr'>κατανοήσει,</span> <span class='ocrx_word' id='word_1_787' title='bbox 952 2533 1042 2567; x_wconf 64' lang='grc' dir='ltr'>πάσης</span> <span class='ocrx_word' id='word_1_788' title='bbox 1067 2530 1227 2565; x_wconf 70' lang='grc' dir='ltr'>αἰσθητικῆς</span> <span class='ocrx_word' id='word_1_789' title='bbox 1254 2537 1283 2556; x_wconf 85' lang='grc' dir='ltr'>τε</span> <span class='ocrx_word' id='word_1_790' title='bbox 1304 2529 1350 2555; x_wconf 75' lang='grc' dir='ltr'>καὶ</span> <span class='ocrx_word' id='word_1_791' title='bbox 1363 2528 1461 2562; x_wconf 83' lang='grc' dir='ltr'>ἀλόγου</span> <span class='ocrx_word' id='word_1_792' title='bbox 1485 2527 1617 2562; x_wconf 83' lang='grc' dir='ltr'>κινήσεως</span> <span class='ocrx_word' id='word_1_793' title='bbox 1636 2526 1774 2561; x_wconf 79' lang='grc' dir='ltr'>προκαθᾶ-</span> 
     </span>
    </p>
   </div>
   <div class='ocr_carea' id='block_1_107' title="bbox 148 2573 1773 2613">
    <p class='ocr_par' dir='ltr' id='par_1_107' title="bbox 148 2573 1773 2613">
     <span class='ocr_line' id='line_1_107' title="bbox 148 2573 1773 2613; baseline -0.003 -11"><span class='ocrx_word' id='word_1_794' title='bbox 148 2585 191 2613; x_wconf 78' lang='grc' dir='ltr'>ραι</span> <span class='ocrx_word' id='word_1_795' title='bbox 205 2575 250 2601; x_wconf 69' lang='grc' dir='ltr'>τὸν</span> <span class='ocrx_word' id='word_1_796' title='bbox 263 2576 373 2610; x_wconf 80' lang='grc' dir='ltr'>τρόπον.</span> <span class='ocrx_word' id='word_1_797' title='bbox 392 2577 438 2602; x_wconf 74' lang='grc' dir='ltr'>καὶ</span> <span class='ocrx_word' id='word_1_798' title='bbox 451 2577 539 2602; x_wconf 75' lang='grc' dir='ltr'>πᾶσαν</span> <span class='ocrx_word' id='word_1_799' title='bbox 552 2575 642 2608; x_wconf 82' lang='grc' dir='ltr'>δόξαν,</span> <span class='ocrx_word' id='word_1_800' title='bbox 665 2576 713 2611; x_wconf 80' lang='grc' dir='ltr'>τὴν</span> <span class='ocrx_word' id='word_1_801' title='bbox 731 2577 762 2602; x_wconf 76' lang='grc' dir='ltr'>ὲκ</span> <span class='ocrx_word' id='word_1_802' title='bbox 786 2577 945 2612; x_wconf 67' lang='grc' dir='ltr'>προλήψεως</span> <span class='ocrx_word' id='word_1_803' title='bbox 974 2586 1045 2609; x_wconf 80' lang='grc' dir='ltr'>τινος</span> <span class='ocrx_word' id='word_1_804' title='bbox 1060 2576 1256 2611; x_wconf 78' lang='grc' dir='ltr'>γεγενημένην,</span> <span class='ocrx_word' id='word_1_805' title='bbox 1283 2575 1333 2609; x_wconf 83' lang='grc' dir='ltr'>τῆς</span> <span class='ocrx_word' id='word_1_806' title='bbox 1354 2574 1471 2605; x_wconf 78' lang='grc' dir='ltr'>διανοίας</span> <span class='ocrx_word' id='word_1_807' title='bbox 1485 2574 1664 2603; x_wconf 75' lang='grc' dir='ltr'>ὲκπλύναντα,</span> <span class='ocrx_word' id='word_1_808' title='bbox 1681 2573 1731 2606; x_wconf 83' lang='grc' dir='ltr'>τῆς</span> <span class='ocrx_word' id='word_1_809' title='bbox 1747 2581 1773 2598; x_wconf 78' lang='grc' dir='ltr'>τε</span> 
     </span>
    </p>
   </div>
   <div class='ocr_carea' id='block_1_108' title="bbox 150 2617 1774 2657">
    <p class='ocr_par' dir='ltr' id='par_1_108' title="bbox 150 2617 1774 2657">
     <span class='ocr_line' id='line_1_108' title="bbox 150 2617 1774 2657; baseline -0.007 -4"><span class='ocrx_word' id='word_1_810' title='bbox 150 2620 278 2656; x_wconf 72' lang='grc' dir='ltr'>ιυνήθους</span> <span class='ocrx_word' id='word_1_811' title='bbox 299 2621 406 2655; x_wconf 77' lang='grc' dir='ltr'>ὁμιλίας</span> <span class='ocrx_word' id='word_1_812' title='bbox 427 2620 594 2656; x_wconf 77' lang='grc' dir='ltr'>χωρισθέντα</span> <span class='ocrx_word' id='word_1_813' title='bbox 615 2621 664 2656; x_wconf 79' lang='grc' dir='ltr'>τῆς</span> <span class='ocrx_word' id='word_1_814' title='bbox 687 2622 753 2656; x_wconf 68' lang='grc' dir='ltr'>πρὸς</span> <span class='ocrx_word' id='word_1_815' title='bbox 778 2623 827 2657; x_wconf 86' lang='grc' dir='ltr'>τὴν</span> <span class='ocrx_word' id='word_1_816' title='bbox 847 2623 914 2649; x_wconf 79' lang='grc' dir='ltr'>ἰδίαν</span> <span class='ocrx_word' id='word_1_817' title='bbox 937 2625 1068 2653; x_wconf 67' lang='grc' dir='ltr'>σύνοικον1</span> <span class='ocrx_word' id='word_1_818' title='bbox 1093 2622 1225 2652; x_wconf 80' lang='grc' dir='ltr'>τουτέστι,</span> <span class='ocrx_word' id='word_1_819' title='bbox 1247 2621 1296 2655; x_wconf 85' lang='grc' dir='ltr'>τὴν</span> <span class='ocrx_word' id='word_1_820' title='bbox 1321 2619 1456 2654; x_wconf 75' lang='grc' dir='ltr'>αἴσθησιν,</span> <span class='ocrx_word' id='word_1_821' title='bbox 1475 2621 1491 2653; x_wconf 76' lang='grc' dir='ltr'>ἡ</span> <span class='ocrx_word' id='word_1_822' title='bbox 1517 2619 1618 2652; x_wconf 77' lang='grc' dir='ltr'>συζυγή</span> <span class='ocrx_word' id='word_1_823' title='bbox 1639 2625 1695 2647; x_wconf 82' lang='grc' dir='ltr'>πως</span> <span class='ocrx_word' id='word_1_824' title='bbox 1716 2617 1774 2643; x_wconf 75' lang='grc' dir='ltr'>ἐστὶ</span> 
     </span>
    </p>
   </div>
   <div class='ocr_carea' id='block_1_109' title="bbox 148 2666 1579 2705">
    <p class='ocr_par' dir='ltr' id='par_1_109' title="bbox 148 2666 1579 2705">
     <span class='ocr_line' id='line_1_109' title="bbox 148 2666 1579 2705; baseline -0.001 -12"><span class='ocrx_word' id='word_1_825' title='bbox 148 2668 178 2703; x_wconf 76' lang='grc' dir='ltr'>τῇ</span> <span class='ocrx_word' id='word_1_826' title='bbox 193 2668 315 2702; x_wconf 68' lang='grc' dir='ltr'>ἡμετέρα</span> <span class='ocrx_word' id='word_1_827' title='bbox 330 2667 409 2702; x_wconf 89' lang='grc' dir='ltr'>φύσει</span> <span class='ocrx_word' id='word_1_828' title='bbox 423 2668 470 2694; x_wconf 89' lang='grc' dir='ltr'>καὶ</span> <span class='ocrx_word' id='word_1_829' title='bbox 484 2667 606 2699; x_wconf 82' lang='grc' dir='ltr'>σύνοικος</span> <span class='ocrx_word' id='word_1_830' title='bbox 616 2677 622 2683; x_wconf 90' lang='grc'><strong><em>“</em></strong></span> <span class='ocrx_word' id='word_1_831' title='bbox 640 2669 687 2696; x_wconf 77' lang='grc' dir='ltr'>καὶ</span> <span class='ocrx_word' id='word_1_832' title='bbox 701 2669 802 2704; x_wconf 83' lang='grc' dir='ltr'>ταύτης</span> <span class='ocrx_word' id='word_1_833' title='bbox 817 2670 934 2705; x_wconf 77' lang='grc' dir='ltr'>καθαρὸν</span> <span class='ocrx_word' id='word_1_834' title='bbox 954 2671 1108 2705; x_wconf 83' lang='grc' dir='ltr'>γενόμενον.</span> <span class='ocrx_word' id='word_1_835' title='bbox 1129 2669 1199 2695; x_wconf 75' lang='grc' dir='ltr'>οὓτω</span> <span class='ocrx_word' id='word_1_836' title='bbox 1216 2667 1418 2700; x_wconf 75' lang='grc' dir='ltr'>κατατολμῆσαι</span> <span class='ocrx_word' id='word_1_837' title='bbox 1433 2666 1478 2692; x_wconf 77' lang='grc' dir='ltr'>τοῦ</span> <span class='ocrx_word' id='word_1_838' title='bbox 1491 2667 1579 2698; x_wconf 63' lang='grc' dir='ltr'>ὅρους.</span> 
     </span>
    </p>
   </div>
   <div class='ocr_carea' id='block_1_110' title="bbox 185 2714 936 2753">
    <p class='ocr_par' dir='ltr' id='par_1_110' title="bbox 185 2714 936 2753">
     <span class='ocr_line' id='line_1_110' title="bbox 185 2714 936 2753; baseline 0.005 -13"><span class='ocrx_word' id='word_1_839' title='bbox 185 2715 266 2749; x_wconf 75' lang='grc' dir='ltr'>Ὅρος</span> <span class='ocrx_word' id='word_1_840' title='bbox 275 2714 328 2749; x_wconf 87' lang='grc' dir='ltr'>γάρ</span> <span class='ocrx_word' id='word_1_841' title='bbox 338 2715 411 2741; x_wconf 75' lang='grc' dir='ltr'>ἑστι-ι</span> <span class='ocrx_word' id='word_1_842' title='bbox 420 2715 531 2746; x_wconf 72' lang='grc' dir='ltr'>ἄναντες</span> <span class='ocrx_word' id='word_1_843' title='bbox 539 2714 575 2746; x_wconf 78' lang='grc' dir='ltr'>ὡς</span> <span class='ocrx_word' id='word_1_844' title='bbox 586 2715 693 2750; x_wconf 82' lang='grc' dir='ltr'>άληθῶς</span> <span class='ocrx_word' id='word_1_845' title='bbox 703 2717 748 2743; x_wconf 75' lang='grc' dir='ltr'>καὶ</span> <span class='ocrx_word' id='word_1_846' title='bbox 759 2716 936 2753; x_wconf 73' lang='grc' dir='ltr'>δυσπρόσιτον</span> 
     </span>
    </p>
   </div>
   <div class='ocr_carea' id='block_1_111' title="bbox 184 2805 608 2839">
    <p class='ocr_par' dir='ltr' id='par_1_111' title="bbox 184 2805 608 2839">
     <span class='ocr_line' id='line_1_111' title="bbox 184 2805 608 2839; baseline 0 -6"><span class='ocrx_word' id='word_1_847' title='bbox 184 2806 204 2822; x_wconf 77' lang='grc'>⁸·</span> <span class='ocrx_word' id='word_1_848' title='bbox 225 2805 276 2834; x_wconf 89' lang='lat' dir='ltr'><strong>lsa.</strong></span> <span class='ocrx_word' id='word_1_849' title='bbox 296 2807 412 2839; x_wconf 63' lang='lat' dir='ltr'>Ltl\&#39;,4;</span> <span class='ocrx_word' id='word_1_850' title='bbox 430 2805 438 2832; x_wconf 88' lang='grc' dir='ltr'>ι</span> <span class='ocrx_word' id='word_1_851' title='bbox 455 2806 516 2834; x_wconf 88' lang='lat' dir='ltr'>Cor.</span> <span class='ocrx_word' id='word_1_852' title='bbox 536 2814 565 2838; x_wconf 85' lang='grc' dir='ltr'>ιι,</span> <span class='ocrx_word' id='word_1_853' title='bbox 583 2807 608 2834; x_wconf 84' lang='grc'>9.</span> 
     </span>
    </p>
   </div>
   <div class='ocr_carea' id='block_1_112' title="bbox 1026 2709 1772 2744">
    <p class='ocr_par' dir='ltr' id='par_1_112' title="bbox 1026 2709 1772 2744">
     <span class='ocr_line' id='line_1_112' title="bbox 1026 2709 1772 2744; baseline -0.008 0"><span class='ocrx_word' id='word_1_854' title='bbox 1026 2717 1103 2744; x_wconf 81' lang='lat' dir='ltr'><strong>Mons</strong></span> <span class='ocrx_word' id='word_1_855' title='bbox 1125 2720 1213 2743; x_wconf 81' lang='lat' dir='ltr'><strong>autem</strong></span> <span class='ocrx_word' id='word_1_856' title='bbox 1234 2715 1335 2742; x_wconf 75' lang='lat' dir='ltr'><strong>arduus</strong></span> <span class='ocrx_word' id='word_1_857' title='bbox 1364 2721 1425 2740; x_wconf 83' lang='lat' dir='ltr'><strong>vcrc</strong></span> <span class='ocrx_word' id='word_1_858' title='bbox 1452 2721 1482 2739; x_wconf 64' lang='lat' dir='ltr'>ac</span> <span class='ocrx_word' id='word_1_859' title='bbox 1512 2719 1624 2738; x_wconf 71' lang='lat' dir='ltr'><strong>accessu</strong></span> <span class='ocrx_word' id='word_1_860' title='bbox 1647 2709 1772 2741; x_wconf 74' lang='lat' dir='ltr'><strong>diilirilis.</strong></span> 
     </span>
    </p>
   </div>
  </div>
