1977 3071
204 135 257 163 375

819 128 846 156 5.
865 123 1028 155 GREGORII
1048 123 1194 152 NYSSENI

1772 123 1826 150 576

205 191 352 226 'I‘beologia
378 193 437 224 est;
454 190 535 224 cujus
559 190 604 217 vix
627 189 774 217 multitudo
810 189 845 215 ad
878 187 985 215 radices

1042 185 1053 218 ἡ
1066 183 1199 218 θεολογία,
1207 181 1240 219 ἧς
1250 183 1326 219 μόλις
1333 184 1347 210 ὁ
1359 183 1441 215 πολὺς
1448 183 1514 215 λεὼς
1523 183 1573 218 τὴν
1584 183 1722 218 ὑπώρειαν
1731 183 1826 217 φθάνει

205 236 348 272 pervenire
365 239 465 270 potest.
480 235 508 263 Si
533 236 594 270 quis
615 242 681 262 vero
703 233 791 261 Moses
821 233 986 265 iuerit,cum

205 282 288 310 altius
312 281 480 311 ascenderit.
513 281 612 316 poterit
637 281 744 308 sonitus
767 280 893 307 tubarum
915 279 986 306 auri-

204 328 256 355 bus
272 328 384 359 sentire,
396 335 464 362 quas
480 331 575 354 narrat
596 327 712 354 historia
732 325 906 361 procedendo
928 323 985 351 ﬁeri

206 372 345 400 fortiores.
366 373 414 400 Est
436 377 526 400 autetn
548 373 623 403 tuba,
643 381 695 399 non
722 379 834 406 parvum
848 375 988 404 stuporem

205 426 253 452 per
276 419 398 445 auditum
424 417 544 446 eiiiciens
569 422 674 445 naturae
694 417 795 444 divinat-
815 415 983 451 praedicatio,

205 471 333 499 magnum
347 464 455 499 quidem
468 464 560 492 statim
574 464 607 491 ab
620 463 700 490 initio
714 471 827 495 sonans,
838 462 924 497 magis
938 469 987 488 au-

205 514 260 536 tem
276 513 359 544 atque
371 510 458 545 magis
475 510 502 537 in
517 510 621 537 ultimis
644 510 784 540 intonans,
803 508 927 536 Insonuit
942 509 986 535 lr-x

204 559 233 582 et
258 555 398 589 prophetat
424 555 546 582 divinum
570 555 771 582 incarnationis
801 554 985 590 mysterium;

206 600 253 627 scd
266 600 457 628 imbecilliores
472 603 550 628 erant
566 601 618 627 illa:
632 601 727 635 prima;
740 608 832 633 voces,
858 608 939 634 quam
960 605 990 626 ut

206 650 319 679 possent
334 646 417 673 duros
429 653 611 673 commovere.
627 646 743 674 Auditus
765 646 869 673 idcirco
882 645 990 672 Judaao-

184 698 185 701 ‘
205 699 267 718 rum
296 692 417 719 surditas
446 691 573 719 tubarum
600 699 699 719 sonum
724 692 836 719 minime
857 691 989 725 suscepit,

206 737 255 765 sed
285 738 479 772 prophetarum
506 738 576 765 tubae
594 737 725 772 paulatim
748 737 929 772 procedentes
945 744 990 764 so-

205 783 320 810 nantius
332 783 502 810 cecinerunt.
516 782 584 809 Nam
597 783 701 810 ultima:
716 790 799 810 voces
814 790 874 817 quae
896 782 988 809 Evan-

205 828 292 863 gelica
311 827 505 862 praedicatione
523 827 603 855 factm
614 831 691 858 sunt.
715 828 842 855 auditum
865 835 988 855 comnm-

205 878 315 906 verunt.
334 875 432 909 spiritu
446 874 487 901 sic
499 882 546 908 per
563 881 667 909 organa
684 874 874 901 vehementius
897 874 925 901 in
943 881 990 908 po-

207 918 370 946 sterioribus
388 918 541 946 intonante.
552 918 660 954 Organa
676 926 742 945 vero
753 925 785 945 ac
800 918 988 946 instrumenta

207 971 292 991 unum
309 971 405 991 sonum
423 963 595 998 spiritualem
615 963 745 1010 cdentia‘
755 963 895 998 prophetae
909 967 992 996 atque

207 1010 326 1044 apostoli
349 1013 415 1037 sunt
445 1017 587 1044 :quorum
609 1016 706 1040 sonus,
728 1009 758 1036 ut
779 1009 924 1036 Psalmista
950 1009 992 1035 di-

207 1053 256 1083 cit,
272 1053 300 1080 in
315 1060 423 1080 omnem
440 1052 678 1085 terramexivit,et
691 1053 717 1079 in
736 1052 803 1080 ﬁnes
817 1053 893 1080 orbis
911 1057 991 1080 terra:

207 1098 290 1126 verba
303 1098 440 1126 eorum“.
459 1097 537 1132 Quod
551 1106 616 1125 vero
633 1098 780 1125 multitudo
797 1105 891 1125 vocem
910 1098 984 1124 illam

207 1144 303 1171 audire
335 1151 389 1171 non
408 1144 507 1178 potuit.
539 1144 588 1171 sed
613 1144 752 1171 commisit
771 1143 869 1178 Moysi,
893 1143 992 1177 utipse

207 1188 399 1223 perseipsum
426 1192 532 1216 secreta
554 1188 599 1215 illa
618 1188 781 1222 perciperet,
804 1184 992 1223 populumque

208 1239 302 1269 postea
324 1234 447 1265 doreret,
475 1241 647 1268 quaecunque
674 1233 767 1260 divina
797 1234 923 1261 doctrina
950 1233 992 1260 di-

207 1280 319 1311 dicerit,
337 1279 363 1307 id
381 1287 491 1314 quoque
507 1280 534 1306 in
548 1279 670 1307 Ecclesia
683 1279 739 1307 ﬁeri
754 1284 840 1307 totum
851 1279 991 1312 ridemus;

208 1328 266 1353 non
292 1325 365 1353 enim
391 1325 560 1360 permittitur
590 1325 719 1352 omnibus
743 1325 775 1351 ad
798 1325 992 1360 mysteriorum

207 1370 392 1406 cognitionem
406 1371 516 1405 seipsos
532 1371 684 1402 intrudere,
703 1370 752 1398 sed
769 1371 880 1405 eligitur
893 1377 964 1397 unus
978 1377 994 1397 e

207 1416 303 1443 multis
325 1416 482 1443 divinarum
507 1423 600 1443 rerum
616 1424 712 1451 capax,
728 1417 772 1443 cui
791 1416 885 1443 czelcri
913 1415 993 1442 audi—

207 1465 266 1489 tum
279 1468 342 1488 cum
359 1460 515 1488 obedientia
539 1461 688 1496 praebeant.
719 1461 787 1488 illud
807 1461 860 1489 sibi
881 1461 994 1489 creden-

207 1507 272 1534 dum
288 1506 500 1540 faciendumque
516 1510 656 1541 putantes.
677 1507 752 1541 quod
768 1507 858 1539 abeo,
873 1507 919 1541 qui
937 1506 990 1533 ini-
1006 1522 1027 1551 α

208 1552 294 1578 tiatus
335 1556 378 1578 est.
420 1551 587 1579 audiverim.
620 1551 702 1578 «Non
733 1560 866 1582 omnes.»
891 1552 991 1586 inquit,

211 1603 220 1621 ι
246 1594 363 1629 apostoli
383 1598 463 1628 sunt,
491 1603 542 1622 nec
565 1596 704 1630 propheta:
722 1604 818 1624 omnes
828 1597 871 1624 “:
891 1607 900 1623 ι
920 1597 993 1631 quod

209 1640 289 1668 hodie
316 1640 343 1667 in
372 1641 466 1668 multis
481 1641 613 1670 Ecclesiis
639 1650 735 1677 parum
765 1648 902 1671 servatur.
925 1643 992 1670 Nam

208 1687 286 1714 multi
304 1694 367 1714 cum
384 1686 474 1714 adhuc
499 1687 603 1722 prioris
623 1688 685 1715 vitae
707 1689 842 1716 maculam
866 1697 921 1716 non
945 1689 993 1716 ab-

209 1732 373 1762 sterserint.
406 1733 458 1767 ipsi
489 1733 576 1765 illoti,
602 1741 634 1760 ac
661 1734 763 1761 amictu
790 1735 853 1762 vita
880 1735 993 1762 sordido

209 1782 330 1810 utentes.
350 1779 535 1806 irrationalem
560 1787 672 1807 sensum
703 1780 729 1807 in
750 1781 878 1808 omnibus
906 1781 992 1816 pluris

208 1824 352 1855 iacientes,
369 1824 492 1851 divinum
511 1824 584 1852 hunc
597 1832 742 1853 ascensum
759 1833 856 1860 rapere
878 1827 991 1860 audent,

208 1869 281 1896 unde
304 1869 355 1905 ipsi
381 1869 440 1897 suis
456 1869 669 1904 cogitationibus
693 1870 893 1905 lapidabuntur.
924 1872 990 1899 Nam

161 1916 164 1920 ’
208 1916 401 1944 luereticorum
411 1916 556 1951 opiniones
574 1916 680 1951 lapides
693 1917 803 1952 quidem
821 1921 896 1948 sunt,
929 1919 993 1952 qui-

209 1963 262 1990 bus
281 1969 428 1997 pravorum
460 1961 618 1989 inventores
642 1962 802 1997 dogmatum
826 1963 991 1991 obruuntur.

209 2008 280 2041 Quid
297 2012 385 2034 autem
400 2007 547 2042 signiﬁcat,
571 2008 643 2042 quod
662 2008 689 2034 in
707 2009 852 2044 caliginem
869 2010 989 2044 seipsum

210 2054 288 2088 prius
303 2053 410 2088 Moyses
425 2053 586 2085 intromisit,
610 2053 711 2081 deinde
726 2054 752 2080 in
770 2062 802 2081 ea
822 2054 906 2082 Dequ
934 2063 993 2090 pro-

209 2100 318 2134 spcxit?
335 2099 508 2126 Contrarium
528 2099 600 2125 enim
623 2100 648 2126 id
664 2101 865 2134 quodammodo
885 2102 993 2129 videtur

208 2144 302 2178 prium
318 2143 416 2170 visioui
433 2152 440 2170 :
457 2151 519 2170 nam
535 2147 600 2170 tunc
621 2144 648 2170 in
660 2145 731 2176 luce,
745 2153 817 2172 nunc
829 2146 855 2172 iu
874 2147 992 2180 caligine

1040 230 1076 265 (el
1085 230 1113 256 δέ
1127 238 1169 261 τις
1178 230 1298 264 Μωῦσῆς
1310 229 1364 264 εῐη,
1377 228 1482 262 γένοιτο
1493 229 1526 255 ἂν
1541 229 1588 255 καὶ
1599 229 1645 255 ἐπὶ
1658 229 1706 263 τῆς
1719 228 1825 260 ἀνόδου,

1040 275 1136 310 χωρῶν
1148 276 1182 310 τῇ
1196 276 1263 310 ἁκοῆ
1275 275 1325 305 τὰς
1340 275 1393 301 τῶν
1408 273 1565 307 σαλπίγγων
1582 273 1683 308 φωνὰς.
1698 274 1729 305 ἃς
1743 283 1826 308 φησιν

1039 323 1054 348 ό
1062 322 1110 357 τῆς
1121 321 1238 356 ἱστορίας
1248 321 1337 355 λόγος,
1351 319 1526 355 ἰσχυροτέρας
1536 320 1563 346 ὲν
1571 319 1610 354 τῷ
1624 319 1778 354 προϐαίνειν
1788 319 1828 353 γί-

1039 367 1154 402 νεσθαι)’
1162 365 1269 401 ἀληθῶς
1279 366 1395 401 σάλπιγξ
1402 366 1418 401 ἠ
1425 365 1472 401 τὴν
1487 366 1572 400 ἀκοὴν
1586 365 1825 399 καταπλήττουσα,

1039 414 1069 440 τὸ
1086 413 1149 448 περὶ
1169 414 1220 448 τῆς
1242 412 1317 444 θείας
1335 411 1441 446 φύσεως
1468 412 1608 446 κήρυγμα,
1626 411 1698 446 μέγα
1719 410 1766 445 μὲν
1779 410 1827 436 καὶ

1040 461 1115 495 παρὰ
1129 459 1177 495 τὴν
1194 458 1306 494 πρώτην
1323 458 1493 493 φαινόμενον,
1510 457 1601 492 μεῖζον
1614 457 1642 484 δὲ
1660 457 1706 483 καὶ
1725 457 1826 492 μᾶλλον

1039 508 1089 541 τῆς
1124 505 1209 540 ἀκοῆς
1238 504 1467 539 καθικνούμενον,
1507 503 1536 529 ἐν
1563 504 1618 534 τοῖς
1650 503 1824 534 τελευταίοις.

1040 550 1201 577 Ἐσάλπισεν
1211 551 1225 576 ὁ
1238 549 1320 585 νόμος
1330 549 1377 576 καὶ
1385 550 1409 574 οἱ
1421 548 1557 583 προφῆται
1567 548 1597 574 τὸ
1610 546 1679 574 θεῖον
1694 548 1742 583 τῆς
1756 548 1826 574 κατὰ

1040 596 1181 632 ἄνθρωπον
1197 595 1352 630 οἰκονομίας
1374 595 1536 629 μυστήριον·
1556 594 1614 621 ἀλλ’
1633 594 1826 628 ἀσθενέστεραι

1039 640 1109 678 ἦσαν
1130 642 1158 668 αἱ
1178 642 1284 676 πρῶται
1306 641 1404 675 φωναὶ,
1427 641 1443 676 ἢ
1469 639 1538 666 ὥστε
1565 639 1751 667 καθικνεῖσθαι
1776 639 1825 674 τῆς

1039 688 1168 719 ἀπειθοῦς
1181 688 1274 721 ἀκοῆς.
1289 686 1334 713 Διὺ
1349 688 1365 722 ἡ
1382 686 1532 721 βαρυηκοῖα
1546 685 1600 712 τῶν
1614 685 1760 716 Ἰουδαίων,
1773 685 1825 720 τὴν

1041 733 1132 769 φωνὴν
1146 733 1199 759 τῶν
1216 732 1374 766 σαλπίγγων
1392 732 1422 758 οὐ
1439 732 1614 766 παρεδέξατο.
1627 731 1825 766 Προϐαίνουσαι

1040 780 1087 812 δὲ,
1110 779 1199 811 καθώς
1224 788 1306 814 φησιν
1322 779 1336 805 ό
1360 779 1448 812 λόγος,
1471 778 1499 804 αἱ
1526 779 1683 812 σάλπιγγες,
1704 777 1828 812 ἐγένοντο

1043 825 1221 861 ἰσχυρότεραι,
1250 825 1281 850 Ai.
1304 824 1359 860 γὰρ
1382 824 1534 850 τελευταῖαι
1556 823 1644 858 φωναὶ
1663 824 1692 849 αἱ
1713 823 1756 849 διὰ
1773 823 1828 850 τῶν

1042 871 1226 906 εὺαγγελικῶν
1253 870 1439 906 κηρυγμάτων
1464 870 1661 905 γεγενημέναι,
1685 870 1828 896 καθίκοντο

1041 918 1090 952 τῆς
1106 919 1205 952 ἀκοῆς¹
1221 916 1291 943 οὕτω
1306 916 1352 943 τοῦ
1369 916 1523 952 πνεύματος
1615 916 1658 943 διὰ
1673 916 1727 942 τῶν
1743 916 1827 951 ὀργά-

1042 972 1094 990 νων
1111 963 1239 998 ἠχοῦντος
1251 963 1436 998 γενναιότερον
1457 963 1484 988 ὲν
1497 964 1551 993 τοῖς
1567 962 1676 997 ἑφεξῆς,
1693 962 1738 988 καὶ
1751 961 1826 988 εὐτο-

1041 1008 1158 1043 νώτερον
1174 1008 1333 1043 ποιουμένου
1348 1007 1393 1034 τὸν
1402 1006 1478 1042 ἦχον.
1493 1009 1614 1042 Ὄργανα
1630 1007 1651 1033 δ¹
1666 1006 1698 1033 ἂν
1713 1004 1767 1032 εἷεν
1781 1007 1829 1032 ἕνα

1043 1054 1226 1087 πνευματικὸν
1244 1055 1360 1089 φθόγγον
1385 1054 1513 1089 ἠχοῦντα,
1536 1054 1672 1088 προφῆται
1695 1052 1742 1079 καὶ
1760 1052 1828 1078 ἁπό-

1043 1099 1145 1126 στολοι·
1167 1096 1215 1131 ὧν,
1230 1099 1319 1130 καθώς
1335 1107 1416 1134 φησιν
1429 1100 1445 1134 ἡ
1459 1098 1611 1133 ψαλμῳδια,
1624 1098 1663 1129 εἰς
1678 1098 1767 1123 πᾶσαν
1780 1096 1830 1132 τὴν

1042 1145 1093 1180 γῆν
1118 1144 1227 1180 ἐξῆλθεν
1244 1145 1258 1171 ό
1274 1145 1390 1180 φθόγγος
1414 1144 1512 1175 αὐτῶν,
1530 1143 1577 1170 καὶ
1601 1145 1641 1174 εἰς
1669 1143 1703 1169 τὰ
1723 1143 1830 1178 πέρατα

1041 1191 1091 1225 τῆς
1105 1190 1266 1225 οἰκουμένης
1279 1190 1313 1217 τὰ
1329 1191 1438 1225 ῥήματα
1450 1189 1547 1216 αὐτῶν.
1569 1190 1601 1215 El
1617 1189 1644 1215 δὲ
1660 1189 1689 1215 οὐ
1707 1190 1789 1224 χωρεῖ
1799 1189 1830 1215 τδ

1043 1236 1145 1271 πλῆθος
1161 1236 1209 1271 τὴν
1223 1236 1326 1263 ἄνωθεν
1340 1235 1484 1270 γινομένην
1497 1235 1597 1270 φωνὴν,
1615 1234 1671 1261 ἀλλ’
1688 1235 1830 1269 ἐπιτρέπει

1042 1283 1081 1317 τῷ
1100 1283 1221 1314 Μωῦσεῖ,
1235 1281 1338 1316 γνῶναι
1362 1282 1410 1317 μὲν
1425 1282 1457 1308 δι’
1475 1281 1556 1308 αὑτοῦ
1572 1281 1605 1308 τὰ
1624 1280 1776 1316 ἀπόρρητα,
1792 1280 1831 1306 δι-

1042 1329 1120 1361 δάξαι
1139 1329 1168 1355 δὲ
1190 1329 1235 1354 τὸν
1248 1328 1321 1359 λαδν,
1345 1328 1413 1363 ὅπερ
1429 1327 1461 1354 ἂν
1475 1327 1518 1353 διὰ
1530 1327 1578 1362 τῆς
1591 1327 1692 1353 ἄνωθεν
1705 1326 1831 1352 διδασκα-

1043 1374 1102 1406 λίας
1113 1374 1181 1410 τύχῃ
1195 1373 1286 1408 μαθὼν
1301 1373 1398 1407 δόγμα,
1410 1373 1455 1399 καὶ
1467 1372 1546 1398 τοῦτο
1561 1371 1614 1398 τῶν
1630 1371 1699 1398 κατὰ
1712 1371 1830 1406 τὴνΈχ-

1043 1420 1156 1454 κλησίαν
1177 1419 1366 1454 διοικουμένων
1389 1418 1466 1445 ἐστι’
1490 1417 1520 1444 τὸ
1535 1417 1571 1453 μὴ
1597 1417 1700 1448 πάντας
1718 1416 1831 1447 ἑαυτοὺς

1043 1466 1165 1492 εἰσωθεῖν
1185 1465 1252 1500 πρὸς
1271 1465 1319 1499 τὴν
1341 1463 1396 1490 τῶν
1418 1464 1575 1498 μυστηρίων
1595 1462 1756 1497 κατάληψιη
1773 1462 1831 1489 ἀλλ’

1044 1510 1219 1542 ἐπιλέξαντας
1234 1509 1263 1542 ἐξ
1278 1509 1382 1535 ἑαυτῶν
1397 1509 1442 1535 τὸν
1459 1509 1581 1543 χωρῆσαι
1595 1508 1629 1534 τὰ
1644 1507 1702 1534 θεῖα
1714 1507 1829 1542 δυνάμε-

1044 1564 1104 1586 νον,
1121 1555 1217 1590 ἐκείνῳ
1235 1555 1284 1589 τὴν
1299 1554 1382 1589 ἀκοὴν
1398 1554 1576 1588 εὐγνωμόνως
1599 1554 1718 1588 ὑπέχειν,
1736 1552 1831 1579 πιστὸν

1043 1602 1209 1637 ἡγουμένους
1217 1601 1298 1631 ἆπαν,
1308 1602 1403 1636 ὅτιπερ
1413 1600 1445 1627 ἂν
1456 1599 1531 1635 παρὰ
1540 1599 1586 1626 τοῦ
1598 1599 1632 1626 τὰ
1642 1600 1700 1626 Osi:
1713 1599 1830 1635 μυηθέν-

1043 1656 1088 1679 τος
1100 1647 1260 1674 ἀκούσωσιν.
1271 1656 1280 1672 ‹
1292 1647 1330 1673 Οὐ
1341 1646 1439 1678 πάντες
1449 1646 1513 1682 γὰρ,
1528 1655 1537 1672 ι
1549 1646 1640 1680 φησὶν,
1654 1655 1663 1670 ι
1675 1645 1830 1676 ἀπόστολοι,

1042 1693 1102 1720 οὐδὲ
1116 1693 1213 1725 πάντες
1227 1693 1375 1728 προφῆται,
1388 1701 1397 1717 ι
1410 1692 1495 1718 Τοῦτο
1506 1692 1534 1718 δὲ
1545 1692 1595 1718 οὐκ
1606 1691 1662 1718 ἔστι
1673 1690 1719 1717 νῦν
1730 1691 1758 1717 ὲν
1771 1691 1832 1723 ταῖς

1044 1738 1152 1769 πολλαῖς
1168 1737 1221 1764 τῶν
1242 1737 1410 1772 Ἑκκλησιῶν
1430 1737 1642 1772 φυλασσόμενον.
1665 1736 1760 1763 Πολλοὶ
1776 1735 1831 1772 γὰρ

1043 1783 1199 1818 καθαρσίων
1219 1783 1257 1810 ἔτι
1273 1784 1305 1810 ἐκ
1322 1783 1376 1809 τῶν
1399 1782 1571 1817 βεῦιωμένων
1591 1782 1682 1812 αὐτοῖς
1696 1781 1829 1816 δεόμενοι,

1042 1828 1155 1855 ἄπλυτοι
1170 1836 1242 1860 τινες
1261 1828 1307 1854 καὶ
1324 1827 1556 1862 κατεσπιλωμένοι
1572 1829 1604 1862 τῇ
1619 1827 1666 1853 τοῦ
1678 1826 1735 1862 βίου
1749 1835 1829 1862 περι-

1043 1874 1119 1910 ϐολῇ,
1138 1875 1188 1910 τὴν
1204 1874 1300 1907 ἄλογον
1314 1873 1437 1909 αἴσθησιν
1450 1873 1539 1900 αὐτῶν
1557 1873 1763 1909 προὸαλόμενοι,
1780 1873 1830 1907 τῆς

1044 1919 1117 1950 θείας
1136 1919 1229 1946 ἀνόδου
1255 1919 1477 1954 κατατολμῶσιν,
1503 1918 1564 1945 ὃθεν
1587 1918 1662 1945 αὐτοὶ
1683 1919 1740 1950 τοῖς
1755 1918 1831 1949 ἰδίοις

1043 1965 1133 1991 αὐτῶν
1157 1964 1296 1999 λογισμοῖς
1315 1964 1553 1991 κατασαλεύονται.
1577 1964 1610 1990 Αἱ
1626 1964 1680 1999 γὰρ
1694 1963 1831 1999 αἱρετικαὶ

1044 2008 1201 2044 ὑπολήψεις,
1218 2009 1284 2035 λίθοι
1299 2009 1371 2040 τινὲς
1387 2008 1505 2043 ἀτεχνῶς
1517 2009 1585 2035 εἰσιν
1596 2008 1677 2035 αὑτὸν
1691 2008 1736 2034 τὸν
1753 2008 1831 2043 εὑρε-

1044 2054 1092 2090 τὴν
1108 2055 1162 2081 τῶν
1175 2054 1300 2089 πονηρῶν
1310 2054 1452 2089 δογμάτων
1469 2054 1698 2089 καταχωννύντες.
1714 2053 1746 2080 Τί
1760 2053 1787 2080 δὲ
1798 2053 1831 2088 δὴ

1045 2101 1168 2136 βούλεται
1181 2101 1211 2127 τὸ
1227 2100 1302 2131 ἐντὸς
1317 2099 1365 2126 τοῦ
1378 2100 1478 2134 γνόφου
1499 2100 1625 2134 γενέσθαι
1641 2100 1686 2126 τὸν
1699 2100 1830 2131 Μωῡπέα,

1044 2147 1091 2173 καὶ
1109 2143 1196 2177 οὕτως
1214 2147 1243 2173 ἐν
1261 2145 1334 2180 αὑτῷ
1353 2146 1399 2172 τὸν
1419 2146 1484 2172 Θεὸν
1506 2145 1589 2178 ίδεῖν;
1623 2145 1759 2184 Ἐναντίον
1777 2145 1832 2180 γὰρ

207 2189 292 2216 Deum
311 2188 393 2217 videt.
409 2187 463 2216 Sed
481 2188 507 2216 id
524 2197 635 2223 quoque
652 2197 667 2216 a
681 2190 752 2217 serie
773 2191 913 2226 anagogici
928 2200 990 2219 scu-

1044 2193 1117 2220 δοκεῖ
1134 2201 1192 2223 πως
1206 2190 1274 2219 εἶναι
1286 2193 1318 2226 τῇ
1336 2191 1430 2227 πρώτῃ
1443 2191 1586 2227 θεοφανείᾳ
1599 2191 1630 2218 τὺ
1646 2192 1694 2218 νῦν
1711 2191 1833 2227 ἱστορού-

208 2243 256 2263 sus
285 2235 435 2263 abhorrere
457 2242 513 2262 non
553 2239 681 2269 putamus
712 2245 718 2262 :
743 2243 792 2270 per
820 2237 891 2264 hanc
919 2238 991 2265 enim

207 2281 396 2309 diversitatem
413 2280 535 2308 historia:
547 2281 772 2316 docemur,quod
791 2282 933 2317 religionis
945 2291 993 2310 co-

207 2326 295 2360 gnitio
318 2326 363 2352 lux
395 2330 437 2352 est
460 2325 495 2352 ab
524 2325 602 2353 initio
620 2326 686 2359 illis,
712 2334 727 2354 a
743 2327 844 2362 quibus
862 2333 990 2364 percepta

207 2376 248 2400 est
265 2371 463 2406 :quamobrem
485 2371 556 2406 quod
582 2372 707 2407 religioni
732 2374 888 2408 oppositum
912 2375 993 2402 iutel-

205 2417 327 2453 ligimus,
340 2417 459 2444 tenebrae
473 2421 537 2444 sunt
548 2437 554 2449 ε
569 2425 686 2452 quarum
710 2418 837 2454 depulsio
853 2428 907 2447 non
938 2421 991 2448 nisi

206 2464 276 2492 lucis
296 2462 509 2498 participatione
535 2462 574 2490 ﬁt.
601 2462 704 2490 Verum
725 2473 802 2493 mens
821 2466 940 2493 hominis
956 2468 992 2495 ad

205 2512 310 2546 majora
331 2518 439 2545 semper
462 2514 490 2538 et
506 2510 672 2545 perfectiora
694 2513 858 2546 procedens.
887 2502 992 2548 quanto

205 2558 294 2593 magis
309 2557 342 2584 ad
361 2557 407 2584 Dei
427 2557 643 2591 speculationem
667 2558 783 2591 accedit,
803 2562 878 2586 tanto
903 2560 990 2595 magis

205 2603 349 2638 perspicit,
378 2601 450 2636 quod
473 2601 566 2628 divina
603 2605 702 2628 natura
732 2601 879 2629 invisibilis
906 2608 989 2638 atque

205 2647 494 2682 incomprehensibilis
517 2651 569 2674 cst.
596 2646 664 2673 Nam
681 2654 742 2673 cum
767 2647 911 2682 reliquerit
935 2656 989 2676 non

205 2695 293 2722 solum
309 2693 400 2721 omnia
415 2701 476 2728 qua:
492 2700 574 2720 sensu
588 2692 790 2727 percipiuntur,
804 2701 897 2721 verum
908 2695 990 2721 etiam

205 2744 302 2767 cuncta
319 2747 380 2774 qua:
395 2742 487 2766 mente
506 2738 704 2773 inspiciuntur,
725 2745 756 2765 ac
781 2747 889 2774 semper
901 2741 933 2768 ad
950 2742 991 2768 in-

243 2825 346 2855 “Psal.
368 2826 482 2858 xvm,3.
523 2826 544 2841 ⁸³
563 2824 646 2853 lCor.
664 2833 699 2859 xl,
717 2825 758 2852 29.

1046 2247 1139 2274 μενον·
1157 2239 1218 2264 τότε
1236 2238 1284 2273 μὲν
1301 2237 1355 2272 γὰρ
1376 2238 1405 2264 ἐν
1426 2237 1512 2271 φωτὶ,
1535 2237 1581 2264 νῦν
1597 2237 1625 2263 δὲ
1647 2238 1675 2263 ἐν
1688 2237 1780 2271 γνόφῳ
1803 2236 1834 2262 το

1044 2285 1129 2311 Θεῖον.
1144 2283 1218 2319 Μηδὲ
1241 2283 1318 2310 τοῦτο
1336 2283 1382 2310 τοῦ
1407 2283 1503 2318 εἱρμοῦ
1517 2283 1570 2309 τῶν
1594 2283 1664 2310 κατὰ
1688 2282 1833 2317 ἀναγωγὴν

1044 2332 1110 2366 ἡμῖν
1129 2329 1320 2365 θεωρηθέντων
1336 2329 1449 2365 ἀπᾴδειν
1474 2328 1638 2364 νομισωμεν,
1667 2328 1790 2354 Διδάσκει
1803 2328 1832 2354 δὲ

1044 2375 1088 2402 διὰ
1101 2375 1203 2402 τούτων
1218 2376 1233 2401 ὁ
1247 2374 1335 2409 λόγος,
1353 2375 1421 2409 ὅτιὴ
1437 2375 1538 2408 γνῶσις
1554 2374 1603 2409 τῆς
1619 2373 1759 2404 εὐσεῦείας
1773 2372 1832 2406 φῶς

1046 2421 1150 2456 γίνεται
1167 2421 1242 2457 παρὰ
1254 2421 1302 2456 τὴν
1316 2420 1427 2455 πρώτην
1440 2417 1481 2451 οἷς
1492 2419 1525 2446 ἂν
1542 2420 1691 2454 ἐγγίνηται.
1715 2419 1786 2446 Διότι
1802 2419 1832 2446 τὸ

1047 2468 1210 2500 ἐξεναντίας
1235 2469 1267 2502 τῇ
1283 2466 1408 2502 εὐσεϐείᾳ
1421 2465 1574 2501 νοούμενον,
1591 2466 1686 2497 σκότος
1706 2465 1795 2491 ἐστίν·
1813 2466 1830 2500 ἡ

1045 2513 1073 2539 δὲ
1093 2512 1251 2548 ἀποστροφὴ
1267 2512 1313 2538 τοῦ
1338 2512 1460 2542 σκότους,
1477 2511 1510 2545 τῇ
1532 2510 1661 2545 μετουσίᾳ
1677 2509 1724 2536 τοῦ
1744 2509 1832 2543 φωτὸς

1045 2559 1159 2593 γίνεται.
1175 2557 1280 2593 Προϊὼν
1302 2557 1330 2583 δὲ
1348 2559 1361 2584 ὁ
1374 2556 1446 2589 νοῦς,
1464 2557 1510 2584 καὶ
1529 2557 1574 2584 διὰ
1594 2557 1717 2592 μείζονος
1731 2556 1774 2582 ἀεὶ
1785 2555 1832 2582 καὶ

1043 2603 1214 2639 τελειοτέρας
1225 2603 1360 2638 προσοχῆς
1368 2603 1396 2628 ἐν
1409 2602 1531 2637 περινοίᾳ
1540 2601 1680 2636 γινόμενος
1688 2599 1738 2634 τῆς
1748 2599 1832 2630 ὅντως

1045 2650 1249 2684 κατανοήσεως,
1275 2648 1330 2683 ὅσῳ
1343 2648 1519 2683 προσεγγίζει
1545 2647 1645 2683 μᾶλλον
1663 2648 1696 2681 τῇ
1718 2645 1829 2680 θεωρίᾳ,

1043 2695 1162 2730 τοσούτῳ
1180 2693 1259 2720 πλέον
1273 2694 1323 2729 ὁρᾷ
1335 2693 1366 2719 τὸ
1383 2693 1434 2728 τῆς
1453 2693 1528 2724 θεῖας
1541 2692 1648 2726 φύσεως
1664 2691 1829 2726 ἀθεώρητον.

1044 2741 1207 2768 Καταλιπὼν
1217 2740 1272 2775 γὰρ
1285 2741 1337 2767 πᾶν
1349 2740 1379 2767 τὸ
1393 2740 1562 2775 φαινόμενον,
1577 2738 1608 2765 οὺ
1624 2738 1703 2773 μόνον
1719 2738 1768 2764 ὅσα
1780 2745 1830 2764 κα-
