1977 3071
94 134 138 160 577

738 134 781 168 ΒΕ
802 133 878 162 νιτΑ
893 133 1024 162 MOYSlS.

1654 139 1706 167 578

93 190 257 225 ταλαμϐάνει
273 190 290 225 η
305 189 440 224 αἴσθησις,
453 189 520 216 ἀλλὰ
535 190 580 217 καὶ
596 191 645 218 ὅσα
659 192 675 226 ὴ
690 191 792 219 διάνοια
804 192 876 218 δοκεί

928 192 1027 218 teriora
1047 191 1249 226 progrediatur,
1281 195 1347 218 tunc
1369 192 1486 228 caligine
1511 192 1632 227 undique
1653 194 1706 220 cir-

94 236 214 271 βλέπιιν·
241 236 286 262 ἀεὶ
309 235 376 271 πρὸς
394 236 424 263 τὸ
446 236 581 271 ὲνδότερον
601 237 680 268 ἵεται,
698 238 750 267 ἕως
769 237 802 263 ἂν
818 238 874 263 δια-

93 281 137 316 δυῇ
159 281 192 316 τῇ
206 281 454 317 πολυπραγμοσύνῃ
468 283 518 316 τῆς
538 281 655 313 διανοίας
666 282 734 318 πρὸς
749 283 779 308 τὸ
792 283 874 308 ἀθέα-

93 326 134 353 τόν
153 335 182 352 τε
205 327 253 353 καὶ
272 326 479 361 ἀκατάληπτον,
494 327 576 354 κάκεῖ
598 328 644 354 τὸν
666 327 731 354 Θεὸν
754 327 805 363 ῐδῃ.
830 328 874 354 Ἐν

92 370 176 406 τούτῳ
195 371 250 405 γὰρ
270 372 286 405 ἡ
305 370 407 405 mea;
428 372 500 397 ἐστιν
516 370 616 405 είδησις
634 371 680 397 τοῦ
697 371 872 406 ζητουμένου,

92 417 121 443 τὸ
133 416 255 452 ἐντούτῳ
268 417 299 442 τὸ
312 417 385 448 ίδείν,
400 417 429 442 ὲν
444 418 483 453 τῷ
500 416 536 451 μὴ
555 415 619 442 ἰδεῖν
632 424 639 430 ·
655 417 695 443 ὅτι
715 417 873 452 ὑπέρκειται

93 460 180 493 πάσης
198 459 327 494 είδήσεως
350 459 382 486 τὸ
396 459 569 495 ζητούμενον,
590 457 645 486 οἶόν
661 469 713 487 τινι
733 461 825 495 γνόφῳ
840 461 873 495 τῇ

93 505 264 540 ἀκαταληψίᾳ.
280 505 447 539 πανταχόθεν
467 504 662 540 διειλημμένον.
684 506 729 532 Διό
743 514 811 541 φησι
826 507 874 533 καὶ

93 549 107 575 6
119 549 219 583 ὑψηλδς
238 549 373 583 Ἰωάννης.
393 550 408 575 6
424 550 453 575 ὲν
476 549 515 584 τῷ
539 549 657 585 λαμπρῷ
678 551 770 586 γνόφῳ
787 551 874 587 τούτῳ

93 594 243 629 γενόμενος,
256 595 296 621 ὅτι
306 606 316 623 ι
325 595 391 622 Θεδν
396 595 482 627 οὐδεὶς
489 595 595 632 ἑώρακε
602 593 736 625 mirare-3
748 598 777 624 οὐ
795 597 873 632 μόνον

92 641 145 670 τοῖς
157 639 319 675 ἀνθρώποις,
332 639 401 666 ἀλλὰ
413 639 460 665 καὶ
468 640 542 675 πάσῃ
553 641 635 675 νοητῇ
646 640 726 675 φύσει
736 642 786 676 τῆς
799 642 874 674 θείας

92 686 182 716 οὐσίας
207 686 258 720 τὴν
284 685 384 719 γνῶσιν
406 686 550 720 ἀνέφικτον
571 684 656 719 εἷναι,
687 688 720 722 τῇ
738 688 874 723 ἀποφάσει

91 730 176 766 ταύτῃ
189 730 381 766 διοριζόμενος.

128 778 192 806 Ὅτε
205 776 251 805 οὖν
267 778 366 814 μείζων
383 779 489 813 ἐγένετο
509 779 579 806 κατὰ
590 779 639 815 τὴν
654 779 752 813 γνῶσιν
766 780 780 806 6
793 780 874 806 Μωῦ-

94 823 152 858 σῆς,
164 823 223 850 τότε
234 823 358 858 ὁμολογεῖ
369 824 414 849 τὸν
423 824 490 850 Θεὸν
503 824 533 850 ὲν
545 824 637 859 γνόφῳ
650 825 722 855 ἰδεῖν,
740 824 871 856 τουτέστι,

92 868 150 895 τότε
166 868 279 903 γνῶναι,
301 869 341 895 ὅτι
363 869 450 895 ἐκεῖνό
473 869 531 895 ἐστι
547 871 580 904 τῇ
602 869 681 903 φύσει
699 869 729 895 τὸ
747 870 833 901 Θεῖον,
857 869 871 896 ὃ

93 914 181 948 πάσης
195 913 320 948 γνώσεώς
339 923 368 940 τε
386 915 432 940 καὶ
449 914 624 949 καταλήψεώς
639 915 711 941 ἐστιν
727 914 870 950 ἀνώτερον,

93 959 205 994 Είσῆλθε
218 959 282 995 γὰρ,
301 959 377 994 φησι,
391 960 510 994 Μωῦσῆς
526 961 566 991 είς
579 960 624 986 τὸν
640 960 748 994 γνόφον,
767 957 798 986 οὖ
812 958 845 995 ἦν
858 960 872 986 ό

91 1004 165 1036 Θεός.
181 1005 228 1036 Τίς
242 1006 257 1032 ό
271 1005 346 1037 Θεό;;
367 1005 396 1037 ὃς
409 1006 485 1032 ἔθετο
498 1006 529 1032 τὸ
544 1005 639 1037 σκότος
651 1007 813 1041 ἁποκρυφὴν
827 1006 874 1033 αὺ-

92 1049 148 1080 τοῦ,
164 1049 254 1081 καθώς
276 1059 342 1086 φησι
359 1051 448 1082 Δαϐὶδ,
472 1052 486 1077 6
508 1052 537 1077 ὲν
550 1051 591 1086 τῷ
608 1051 682 1086 αὑτῷ
706 1051 818 1086 μυηθεὶς
839 1051 873 1078 τὰ

93 1095 245 1131 ἀπόρρητα,
272 1095 299 1122 ’0
315 1096 344 1122 δὲ
363 1096 421 1122 ἐκεῖ
440 1096 568 1130 γεγονὼς,
581 1096 599 1123 ἃ.
619 1096 817 1132 προεπαιδεύθη
830 1097 874 1123 διὰ

92 1140 139 1166 τοῦ
155 1141 264 1175 γνόφου,
278 1141 357 1167 πάλιν
369 1141 412 1167 διὰ
424 1141 471 1167 τοῦ
480 1141 579 1175 γνόφου
591 1141 745 1168 διδάσκεται
756 1149 763 1156 ·
779 1141 817 1172 ὡς
829 1141 873 1174 ἂν,
891 1159 894 1162 ν

92 1183 178 1221 οἶμαι,
186 1186 353 1221 παγιώτερον
362 1187 428 1221 ἡμῖν
441 1186 472 1212 τὸ
484 1188 546 1222 περὶ
555 1185 649 1213 τούτου
656 1188 767 1222 γένηται
776 1186 874 1221 δόγμα,

91 1232 125 1266 τῇ
144 1231 204 1266 θείᾳ.
226 1233 299 1267 φωνῇ
324 1231 556 1267 μαρτυρούμενον.
584 1231 762 1266 Ἀπαγορεύει
781 1231 834 1266 γὰρ
847 1232 875 1257 ὲν

93 1276 210 1311 πρώτοις
224 1278 237 1303 6
253 1277 322 1308 θεῖος
334 1277 421 1311 λόγος,
433 1278 501 1313 πρὸς
513 1277 595 1312 μηδὲν
607 1277 660 1304 τῶν
670 1277 876 1312 γινωσκομένων

92 1320 250 1355 ὁμοιοῦσθαι
264 1321 338 1355 παρὰ
351 1321 404 1346 τῶν
420 1321 571 1356 ἀνθρώπων
583 1321 611 1348 τὸ
619 1321 694 1347 Θεῖον
704 1329 710 1334 ·
725 1322 762 1352 ὡς
780 1321 876 1352 παντὸς

93 1365 226 1400 νοήματος
242 1364 288 1390 τοῦ
305 1365 374 1391 κατά
393 1373 453 1391 τινα
474 1365 672 1400 περιληπτικὴν
685 1364 834 1399 φαντασίαν
848 1365 877 1390 ὲν

93 1411 217 1446 περινοίᾳ.
243 1410 295 1438 τινὶ
308 1410 352 1436 καὶ
371 1409 516 1445 στοχασμῷ
540 1410 589 1445 τῆς
605 1410 711 1444 φύσεως
724 1409 876 1443 γινομένου,

93 1456 200 1484 εἴδωλον
211 1455 278 1482 Θεοῦ
293 1455 457 1488 πλάσσοντος
470 1457 517 1484 καὶ
526 1456 555 1482 οὐ
565 1455 630 1481 Θεὸν
641 1455 876 1489 καταγγέλλοντος.

93 1502 159 1536 Διχῆ
174 1501 202 1528 δὲ
225 1502 274 1537 τῆς
291 1503 349 1528 κατ’
368 1501 507 1528 εὐσέϐειαν
522 1501 624 1536 ἀρετῆς
641 1501 818 1538 διῃρημένης,
838 1500 878 1531 εἷς
891 1521 912 1550 C

93 1555 124 1575 τι
137 1548 167 1573 τὸ
178 1548 263 1580 Θείον,
277 1547 323 1574 καὶ
337 1548 376 1578 εἰς
384 1547 431 1582 τὴν
442 1546 488 1572 τοῦ
500 1545 580 1581 ἠθους
586 1546 758 1584 κατόρθωσιν
769 1553 777 1560 ·
793 1545 873 1580 μέρος

94 1592 149 1627 γὰρ
171 1592 323 1624 εὐσεϐείας,
349 1593 396 1619 καὶ
415 1594 431 1628 ἡ
455 1592 501 1619 τοῦ
521 1592 601 1628 ἤθους
624 1592 777 1627 καθαρότης
799 1591 872 1617 ἐστί’

95 1637 189 1673 μαθὼν
205 1639 233 1664 ὲν
246 1638 373 1673 πρώτοις,
387 1637 405 1664 ἃ
420 1637 472 1673 χρὴ
491 1638 555 1673 περὶ
573 1637 639 1664 Θεοῦ
659 1637 802 1671 γινώσκειν
812 1645 819 1652 ·
846 1636 877 1662 τὸ

93 1683 122 1711 δέ
137 1692 168 1718 γε
182 1683 326 1718 γινώσκειν
341 1682 385 1719 ἦν,
399 1684 430 1710 τὸ
445 1683 527 1719 μηδὲν
546 1683 610 1718 περὶ
622 1682 704 1709 αὑτοῦ
720 1682 773 1709 τῶν
791 1681 820 1714 ἐξ
832 1683 877 1708 ἁν-

93 1729 232 1765 θρωπίνης
245 1729 422 1765 καταλήψεως
439 1730 647 1764 γινωσκομένων
660 1728 757 1755 εἰδέναι
767 1736 774 1743 °
792 1728 877 1760 οὕτως

92 1777 124 1803 τὸ
141 1775 235 1811 ἕτερον
251 1775 300 1810 τῆς
311 1775 410 1810 ἀρετῆς
429 1774 498 1806 εἶδος
513 1775 676 1806 διδάσκεται,
693 1774 834 1809 μανθάνων
848 1775 877 1800 ὲν

93 1821 159 1852 οἵοις
184 1821 396 1856 ἐπιτηδεύμασιν
417 1821 432 1847 ό
462 1820 588 1855 ἐνάρετος
605 1819 785 1851 κατορθοῦται
809 1819 875 1853 βίος.

92 1867 172 1894 Μετὰ
193 1866 271 1893 τοῦτο
294 1868 323 1893 ὲν
339 1867 372 1901 τῇ
388 1866 585 1902 ἀχειροποιήτῳ
600 1865 685 1900 σκηνῇ
701 1866 813 1900 γίνεται.
829 1864 878 1896 Τίς

91 1911 269 1947 ἀκολουθήσει
287 1911 325 1946 τῷ
343 1911 386 1937 διὰ
403 1911 457 1937 τῶν
473 1910 599 1937 τοιούτων
617 1909 745 1941 ὁδεύοντι,
765 1909 811 1936 καὶ
831 1909 878 1936 ἐπὶ

91 1957 217 1984 τοσοῦτον
230 1957 372 1992 ὑψουμένῳ
386 1956 431 1982 τὸν
442 1956 520 1987 νοῦν;
543 1955 571 1987 ὃς
585 1955 710 1990 καθάπερ
721 1955 783 1981 τινὰ
794 1963 876 1990 κορυ-

91 2003 146 2039 φὴν
159 2004 191 2030 ὲκ
209 2002 329 2038 κορυφῆς
350 2001 573 2037 μεταλαμϐάνων,
588 2001 632 2027 διὰ
642 2001 690 2035 τῆς
704 2000 757 2028 τῶν
768 2000 877 2036 ὑψηλῶν

91 2047 262 2079 ἀναϐάσεως,
274 2047 316 2073 ἀεὶ
332 2046 428 2073 ἑαυτοῦ
448 2046 551 2079 γίνεται
566 2045 739 2080 ὑψηλότερος.
766 2046 876 2080 Πρῶτον

91 2093 222 2120 κατέλιπε
234 2093 284 2128 τὴν
298 2091 447 2127 ὑπώρειαν,
461 2092 568 2117 πάντων
576 2091 629 2117 τῶν
639 2091 706 2126 πρὸς
719 2091 767 2126 τὴν
783 2090 874 2117 ἄνοδον

90 2138 280 2174 ἀτονησάντων
299 2137 465 2172 ἀποκριθείς,
489 2135 554 2163 Εἶτα
573 2137 678 2171 δέχεται
694 2137 727 2171 τῇ
744 2137 810 2171 ἀκοῇ
826 2136 874 2168 τὰς

924 241 1080 271 cumscptus
1104 237 1236 264 invisibili
1256 240 1283 264 et
1306 238 1594 272 incomprelicnsibili,
1621 237 1704 265 Deum

923 282 1006 309 videt.
1028 282 1056 308 In
1077 282 1129 309 hoc
1147 283 1218 309 enim
1237 283 1367 308 consistit
1384 282 1429 309 Dei
1447 290 1510 310 vera
1525 283 1654 318 cognitio,
1678 284 1705 311 in

924 326 976 354 hoc
988 331 1030 354 est
1043 327 1105 361 ejus
1117 327 1196 359 visio,
1221 331 1250 353 ut
1266 327 1360 354 videas
1376 328 1447 361 quod
1467 327 1552 355 videri
1576 335 1628 355 non
1643 336 1706 363 pos-

924 373 970 404 sit,
990 372 1062 406 quod
1074 379 1181 399 omnem
1199 373 1383 407 cognitionem
1396 373 1516 406 cognitio
1540 373 1600 407 ejus
1623 381 1706 401 exce-

923 418 973 450 dit,
983 419 1060 452 quasi
1071 419 1187 453 caligine
1201 418 1318 453 quadam
1338 419 1396 453 ipsa
1413 419 1701 453 incomprehensibili-

925 466 980 490 tate
998 463 1118 498 undique
1133 467 1272 490 contenta.
1299 463 1470 498 Quapropter
1491 463 1601 490 divinus
1620 465 1702 490 etimit

923 508 1054 540 Joannes,
1073 509 1118 543 qui
1137 509 1163 535 in
1195 509 1445 544 splendidissimam
1464 509 1535 536 hanc
1559 509 1704 543 caliginem

924 558 1095 589 pervenerat,
1107 562 1159 580 non
1175 554 1493 581 dubitavitexelamare:
1513 563 1521 579 ι
1535 555 1618 581 Deum
1637 562 1706 580 imn-

923 607 1004 634 quam
1033 599 1105 627 ullus
1129 599 1244 626 vidit“:
1262 610 1270 625 I
1287 607 1340 626 non
1363 600 1450 626 solum
1473 600 1639 631 hominibus,
1658 600 1706 626 sed

924 645 1099 672 intellectuali
1116 647 1189 672 omni
1205 651 1309 672 natura:
1324 647 1519 681 impossibilcm
1534 647 1632 673 divinat
1643 647 1707 673 sub—

924 691 1032 718 stantize
1047 692 1229 726 cognitionem
1249 692 1299 718 hac
1314 692 1457 726 negatione
1473 692 1668 719 determinatus.

958 779 1048 813 Quare
1063 779 1168 815 Moyses
1180 780 1260 807 etiam
1275 787 1337 807 cum
1349 781 1504 815 cognitione
1518 781 1605 814 major
1619 780 1707 808 factu!

924 825 993 858 l'uit,
1012 830 1077 852 tunc
1091 825 1248 857 conﬁtetur,
1268 825 1294 851 in
1309 826 1426 860 caligine
1443 825 1528 852 Deum
1544 825 1645 852 vidisse
1656 845 1662 856 .
1680 825 1706 852 id

922 875 983 901 est,
1001 874 1066 897 tunc
1081 871 1189 897 demum
1217 872 1380 906 cognovisse
1405 872 1477 897 illam
1503 879 1565 898 esse
1583 871 1707 898 divinam

922 921 1046 943 naturam
1060 924 1120 951 qua).
1132 908 1313 951 cognitionem
1327 920 1354 943 et
1368 916 1639 951 comprehensionem
1653 923 1708 942 om-

922 969 982 988 nem
995 961 1110 988 excedit.
1127 960 1320 988 lntravitenim
1337 961 1442 996 Moyses
1456 961 1588 995 (historia
1605 961 1705 995 inquit)

923 1006 949 1032 in
964 1006 1106 1040 caliginem
1117 1025 1124 1036 ,
1139 1006 1183 1032 ubi
1201 1005 1270 1033 Deus
1285 1011 1343 1032 erat
1360 1006 1392 1033 ".
1408 1006 1538 1039 Quisnam
1556 1006 1643 1033 Deus?
1658 1006 1706 1040 qui

923 1051 1012 1085 posuit
1027 1050 1152 1078 tenebras
1165 1051 1373 1078 occultationem
1389 1059 1486 1082 suam»,
1499 1055 1528 1077 ut
1543 1051 1643 1078 cecinit
1658 1050 1709 1077 Da-

923 1096 967 1122 vid
978 1095 1022 1123 ille
1032 1096 1065 1128 “,
1079 1096 1124 1130 qui
1137 1096 1219 1122 etiam
1235 1096 1261 1122 in
1275 1095 1369 1122 eadem
1382 1096 1636 1130 caligine‘iuitiatus
1648 1100 1707 1122 cst:

925 1141 969 1175 qui
985 1148 1051 1168 vero
1070 1141 1134 1166 illuc
1150 1141 1278 1171 intravit,
1295 1148 1325 1166 ea
1342 1141 1375 1167 de
1389 1141 1489 1174 quibus
1502 1145 1565 1167 ante
1580 1148 1626 1175 per
1641 1141 1709 1167 cali-

925 1186 1013 1220 ginem
1033 1185 1120 1212 fur-rat
1136 1186 1278 1217 eruditus,
1296 1193 1392 1212 rursus
1409 1193 1456 1220 per
1473 1186 1613 1220 caliginem
1629 1186 1710 1212 doce—

926 1235 979 1262 tur,
1003 1235 1033 1257 ut
1053 1230 1115 1262 ﬁat,
1135 1231 1242 1265 opinor,
1265 1230 1370 1257 ﬁrmius
1387 1231 1438 1257 hoc
1454 1230 1593 1257 ιίι-ετθιιιιιι
1618 1231 1709 1257 divina

927 1283 991 1303 voce
1006 1281 1086 1310 alque
1111 1276 1275 1303 auctoritate
1293 1276 1511 1310 comprobatum.
1537 1275 1616 1302 Vetat
1637 1276 1708 1302 enim

927 1320 954 1347 in
978 1321 1074 1355 primis
1089 1320 1212 1347 divinttm
1234 1325 1398 1355 praeceptum
1415 1321 1450 1352 ⁸⁷,
1472 1329 1506 1347 ne
1533 1321 1650 1355 alicujus
1670 1321 1709 1347 rei

927 1374 1008 1400 quam
1020 1373 1171 1400 cognoscas
1182 1386 1189 1397 ,
1202 1365 1286 1392 Deum
1298 1366 1413 1393 similem
1427 1371 1504 1401 putes
1517 1375 1523 1392 :
1536 1367 1624 1394 omnis
1636 1367 1710 1393 enim

928 1411 1101 1443 intellectus,
1123 1411 1170 1446 qui
1194 1411 1365 1445 phantastica
1384 1413 1502 1446 quadam
1528 1411 1708 1445 cogitatione.

927 1457 1005 1490 quasi
1018 1455 1177 1490 conjectura
1187 1456 1308 1483 divinam
1325 1461 1450 1482 naturam
1465 1456 1657 1490 apprehendit,
1673 1456 1711 1482 sic

929 1502 1080 1529 mulacrum
1093 1502 1201 1536 quidem
1220 1501 1265 1529 Dei
1280 1501 1357 1528 ﬁnxit
1369 1503 1395 1528 in
1408 1508 1512 1533 meme,
1526 1501 1608 1529 Deum
1622 1506 1710 1528 autem

927 1554 982 1573 non
994 1546 1136 1574 intellexit.
1147 1546 1246 1580 Verum
1260 1555 1319 1574 cum
1331 1546 1428 1578 virtus.
1441 1555 1501 1581 qua:
1510 1546 1659 1574 secundum
1671 1553 1712 1573 vc-

927 1593 1034 1619 ritatem
1049 1598 1089 1619 est
1102 1612 1110 1625 ,
1127 1592 1254 1626 bipaitita
1269 1592 1320 1623 sit,
1335 1593 1488 1626 partimque
1503 1592 1553 1619 ﬁde
1567 1593 1594 1618 in
1610 1591 1709 1622 Deum,

926 1637 1026 1671 partim
1043 1641 1117 1665 recta
1135 1638 1243 1665 vivendi
1260 1638 1366 1664 ratione
1382 1638 1567 1664 constituatur
1582 1637 1590 1671 (
1603 1637 1711 1670 pietatis

927 1683 1000 1710 enim
1016 1682 1140 1718 profecto
1157 1691 1220 1718 pars
1238 1691 1292 1710 non
1311 1691 1393 1717 parva
1410 1687 1452 1710 est
1468 1682 1616 1709 mundities
1631 1682 1712 1716 vitae)

928 1728 1045 1762 primum
1060 1727 1172 1759 didicit,
1196 1727 1261 1762 quid
1277 1730 1401 1761 oporteat
1427 1726 1461 1753 de
1486 1726 1539 1753 Deo
1561 1733 1711 1760 cognosce-

927 1781 957 1800 re
970 1782 976 1800 :
993 1773 1065 1808 quod
1078 1773 1187 1808 quidem
1201 1779 1367 1806 cognoscere
1379 1771 1448 1798 nihil
1464 1771 1538 1798 aliud
1553 1777 1613 1802 est,
1629 1778 1710 1805 quam

928 1819 994 1846 nihil
1015 1826 1108 1846 eorum
1126 1825 1187 1845 esse
1203 1817 1287 1844 Deum
1308 1824 1493 1851 cognoscere,
1513 1824 1575 1851 qua:
1593 1817 1710 1843 humana

928 1872 1004 1891 mens
1021 1867 1109 1899 potest
1123 1870 1299 1895 cognoscere.
1315 1862 1416 1890 Deinde
1430 1863 1510 1889 aliam
1525 1861 1634 1888 virtutis
1648 1869 1712 1896 par-

928 1913 980 1936 tem
1003 1909 1145 1943 diligenter
1169 1910 1268 1935 docet:
1291 1907 1404 1935 docetur
1426 1909 1498 1934 enilu
1522 1907 1621 1942 quibus
1646 1914 1710 1941 ope-

928 1954 1003 1981 ribus
1024 1955 1091 1980 bene
1113 1953 1219 1980 vivendi
1237 1954 1306 1979 ratio
1319 1953 1494 1987 perﬁciatur:
1512 1960 1543 1980 ac
1557 1953 1665 1979 demum
1682 1952 1709 1978 in

928 1999 1133 2025 tabernaculum
1147 2019 1154 2029 ,
1170 1999 1241 2033 quod
1259 2006 1358 2025 manus
1372 1999 1446 2025 nulla
1463 1998 1551 2025 fuerat
1567 1997 1710 2029 fabricata,

928 2044 1090 2078 ingreditur.
1105 2043 1172 2076 Quis
1186 2048 1317 2078 sequetur
1332 2045 1403 2071 hunc
1414 2063 1422 2075 ,
1434 2044 1479 2078 qui
1499 2051 1546 2078 per
1562 2048 1602 2070 tot
1619 2047 1710 2069 tanta-

927 2098 979 2125 que
997 2089 1120 2121 scandit,
1139 2097 1172 2117 ac
1190 2095 1306 2117 mentem
1324 2098 1432 2125 semper
1448 2090 1473 2116 in
1491 2090 1572 2116 altius
1585 2088 1711 2116 extollit?

927 2135 973 2170 qui
988 2143 1049 2162 cum
1066 2135 1092 2162 in
1110 2142 1194 2162 unum
1212 2142 1342 2162 cacumen
1357 2135 1530 2167 ascenderit,
1545 2134 1577 2161 ad
1593 2134 1708 2161 alterum

90 2185 146 2212 τῶν
171 2184 328 2217 σαλπίγγων
346 2183 448 2218 φωνὰς,
465 2182 504 2218 τῷ
522 2182 583 2217 ὕψει
600 2183 648 2217 τῆς
665 2182 758 2208 ἀνόδου
778 2190 876 2208 συνεπ-

930 2180 994 2207 illud
1005 2199 1012 2211 .
1028 2183 1079 2211 sibi
1087 2183 1118 2209 fit
1126 2182 1237 2217 gradus,
1245 2185 1272 2208 ct
1280 2181 1312 2207 ad
1325 2181 1389 2207 illud
1397 2181 1595 2213 iterum,atque
1611 2179 1708 2207 iterum

90 2231 246 2266 αιρόμενος.
269 2230 328 2256 Ἐπὶ
339 2229 453 2260 τούτοις,
473 2229 513 2259 εις
529 2228 558 2254 τὺ
573 2228 686 2262 ἀόρατον
700 2227 749 2262 τῆς
764 2227 877 2260 θεογνω-

91 2278 155 2309 σίας
179 2278 274 2305 ἄδυτον
293 2276 475 2311 παραδύεται·
508 2275 556 2301 καὶ
574 2275 634 2301 οὐδὲ
648 2274 678 2301 ἐν
691 2274 778 2308 τούτῳ
791 2274 875 2308 μένει,

90 2323 150 2350 ἀλλ’
163 2323 210 2349 ἐπὶ
229 2322 279 2357 τὴν
298 2321 503 2357 ἀχειροποίητον
523 2319 679 2355 μεταϐαίνει
695 2319 807 2354 σκηνήν.
832 2318 876 2352 Td)

89 2370 149 2395 ὄντι
163 2369 216 2402 γὰρ
224 2367 270 2395 ἐπὶ
280 2367 358 2394 τοῦτο
368 2367 487 2402 καταντᾷ
498 2366 528 2392 τὸ
542 2365 637 2400 πέρας,
648 2365 662 2390 6
671 2364 714 2391 διὰ
727 2363 779 2389 τῶν
791 2363 877 2389 τοιού-

89 2422 148 2440 των
159 2413 260 2439 ἀνόδων
269 2411 428 2446 ὑψούμενος.
444 2411 522 2437 Δοκεῖ
531 2409 584 2444 γάρ
597 2417 642 2444 μοι
653 2408 699 2434 καὶ
711 2408 771 2434 καθ’
785 2407 877 2442 ἕτερον

89 2457 156 2484 νοῦν
169 2456 324 2488 διδάσκαλος
337 2456 354 2491 ἠ
366 2455 479 2491 οὐρανία
494 2453 665 2488 σάλπιγξτῆς
684 2454 731 2479 ἐπὶ
741 2453 791 2487 τὴν
807 2454 880 2487 ἀχει-

90 2501 238 2538 ροποίητον
262 2500 379 2536 πάροδον
399 2499 438 2534 τῷ
455 2499 592 2525 ἐπανιόντι
610 2496 741 2531 γίνεσθαι.
769 2495 800 2521 ’1-1
822 2496 876 2532 γὰρ

88 2548 148 2575 τῶν
165 2546 225 2574 κατ’
240 2545 353 2581 οὐρανὸν
369 2545 514 2580 θαυμάτων
533 2543 674 2577 διασκευὴ,
689 2542 738 2577 τὴν
755 2543 879 2576 ἐκφαινο-

90 2594 180 2630 μένην
196 2594 252 2624 τοῖς
274 2590 333 2618 οὖσι
349 2591 445 2625 σοφίαν
460 2590 605 2621 διαϐοῶσα,
627 2589 674 2615 καὶ
694 2589 743 2624 τὴν
758 2587 878 2622 μεγάλην

89 2639 140 2666 τοῦ
162 2639 230 2666 Θεοῦ
258 2638 336 2671 δόξαν
358 2638 413 2665 τῶν
431 2636 599 2672 φαινομένων
615 2635 790 2670 διηγουμένη,
808 2633 877 2661 κατὰ

88 2687 121 2712 τὸ
149 2685 307 2721 εἰρημένον,
335 2685 376 2710 ὅτι
405 2684 460 2710 «Oi
484 2683 592 2718 οὐρανοὶ
620 2681 776 2717 διηγοῦνται
799 2680 877 2713 δόξαν

88 2729 160 2756 (ν)εοῦ
173 2737 179 2744 ·
193 2739 201 2755 ι
229 2728 296 2764 αὔτη
315 2728 353 2763 τῷ
369 2728 459 2764 τρανῴ
477 2736 505 2754 τε
526 2728 569 2754 καὶ
589 2727 677 2761 εὺήχῳ
696 2725 744 2760 τῆς
755 2725 877 2751 διδασκα-

133 2813 155 2828 ⁸¹
169 2817 244 2845 Joan.
262 2816 320 2851 1J8.

378 2818 399 2833 "
411 2817 495 2844 Exod.
514 2825 539 2847 π,
554 2816 598 2843 2|.
636 2816 657 2831 δ”
673 2816 743 2844 Psal.
762 2823 826 2847 ιιι-ιι,
844 2815 885 2842 10.

929 2225 962 2252 ad
985 2225 1058 2252 aliud
1069 2246 1076 2258 ,
1101 2226 1137 2252 ita
1155 2229 1185 2252 ut
1200 2226 1234 2253 de
1249 2225 1336 2252 alliori
1357 2225 1383 2251 in
1398 2225 1479 2252 altius
1493 2232 1600 2259 semper
1614 2231 1709 2251 ascen-

928 2272 990 2302 dat.
1008 2279 1170 2305 semperque
1191 2271 1282 2306 scipso
1306 2270 1353 2297 ﬁat
1375 2271 1570 2305 praestantior?
1588 2269 1708 2296 l’rimum

928 2324 989 2343 cum
1010 2317 1100 2343 caeteri
1123 2324 1218 2343 omnes
1236 2316 1267 2342 ad
1285 2323 1429 2343 ascensum
1446 2315 1610 2346 deﬁcerent,
1636 2315 1710 2342 radi-

928 2369 974 2388 ces
996 2362 1096 2388 montis
1120 2361 1195 2388 solus
1219 2361 1436 2396 supergreditur:
1455 2360 1556 2387 Deinde
1579 2360 1708 2387 tubarum

929 2407 1035 2434 sonitus
1058 2406 1170 2434 auribus
1189 2407 1309 2442 percepit
1332 2407 1476 2434 altitudine
1503 2407 1603 2434 montis
1626 2406 1710 2433 mira-

929 2454 997 2486 bili;
1024 2453 1082 2488 ipse
1098 2460 1207 2488 quoque
1224 2453 1336 2480 miriﬁce
1351 2454 1473 2480 elevatus
1486 2472 1493 2482 .
1511 2452 1544 2479 ad
1565 2452 1622 2478 lucc
1638 2451 1709 2478 invi-

930 2498 1018 2526 sibilia
1029 2498 1128 2525 divinze
1143 2497 1308 2532 cognitionis
1321 2498 1467 2532 penetralia
1480 2497 1641 2531 ingreditur.
1657 2495 1710 2523 Nec

929 2544 964 2571 ibi
982 2544 1146 2578 permansit,
1161 2543 1206 2570 sed
1224 2544 1250 2569 in
1267 2543 1472 2570 tabernaculum
1489 2543 1562 2569 nulla
1579 2549 1658 2568 ntanu
1672 2541 1711 2567 l'a-

928 2594 1001 2616 ctum
1021 2589 1189 2623 pertransit:
1210 2592 1285 2615 certe
1306 2596 1423 2623 namque
1447 2588 1480 2615 ad
1504 2588 1577 2614 hunc
1602 2586 1711 2614 tandem

928 2633 972 2660 ille
988 2633 1066 2660 ﬁnem
1081 2633 1220 2667 pervenit.
1235 2632 1282 2666 qui
1296 2632 1452 2665 bujusntodi
1466 2631 1627 2659 asccnsibus
1641 2630 1713 2656 exal-

928 2683 1010 2707 tatnr.
1029 2678 1080 2705 Sed
1097 2679 1142 2705 illa
1156 2686 1264 2712 quoque
1278 2678 1413 2705 sententia
1427 2677 1461 2705 de
1474 2676 1577 2704 ccelesti
1596 2675 1659 2702 tuba
1678 2675 1712 2702 ad

927 2725 1046 2752 divinam
1065 2723 1231 2759 pel-ducente
1246 2723 1445 2758 cognitionem,
1467 2730 1521 2750 non
1545 2727 1586 2749 est
1610 2721 1712 2755 impro-

913 2814 934 2831 ⁸⁷
952 2814 1035 2841 Exod.
1052 2822 1096 2844 xx,
1117 2814 1143 2841 6.
