1977 3071
91 117 141 146 381

706 120 751 148 DE
769 119 850 147 VITA
867 117 1006 148 MOYSIS.

1658 117 1710 144 582

90 174 158 201 θεοῦ
182 175 295 210 ἑρευνᾷν
321 174 434 210 δύναμιν
457 174 578 210 ἔχουσιν·
599 177 623 203 εί
645 176 676 212 δή
698 184 740 208 τις
758 175 869 207 τοιοῦτός

927 175 998 202 ctius
1011 178 1086 202 certe
1099 177 1156 208 est,
1178 174 1421 210 exquisitissimam
1441 177 1524 209 atque
1546 173 1709 199 altissimam

90 221 176 250 ἐστιν.
193 220 230 252 ὠς
243 219 381 256 Πνεῦμα-τι
394 221 484 248 λαλεῖν
503 222 650 257 μυστήρια,
664 222 755 254 καθώς
771 231 852 257 φησιν
867 223 881 249 6

98 263 267 296 ’Δπύστολος.
282 266 314 291 Ὃ
325 265 354 291 δὲ
369 266 433 300 παρ’
447 266 525 300 ἡμῶν
541 266 724 301 ποχαστικῶς
738 266 881 293 ὑπονοούν-

90 316 146 336 των
164 309 229 343 περὶ
242 308 292 336 τοῦ
308 309 487 345 προκειμένου
501 311 636 346 νοήματος
657 311 781 346 λέγεται,
801 311 880 338 τοῦτο

90 353 139 380 ἐπὶ
160 355 193 389 τῇ
218 354 306 391 κρίσει
330 354 385 381 τῶν
407 356 623 390 ἐντυγχανόντων
643 357 792 391 ποιήσομεν
810 356 877 392 ὼςῆ

89 399 254 434 ἀπόϐλητον,
267 399 284 434 ἢ
298 400 443 427 ἀπόδεκτον
459 401 628 436 νομισθῆναι,
644 401 718 433 ὅπως
735 401 768 428 ἂν
783 402 800 437 ἡ
819 401 876 428 διά-

89 452 150 470 νοια
164 445 211 471 τοῦ
229 446 332 481 κρίνειν
347 446 552 482 ἐπεσκεμμένον
569 446 719 482 λογίσηται.

124 579 215 614 Φαμὲν
225 580 324 610 τοίνυν,
336 580 365 606 ἐν
380 580 457 615 μέρει
468 581 498 607 τὸ
512 582 540 607 ἐν
552 580 654 614 τούτοις
671 583 816 618 μυστήριον
826 581 873 608 τοῦ

88 624 196 652 Παύλου
208 633 316 660 παραγυ
321 625 484 660 μνώσαντος,
494 626 621 662 βραχεῖαν
627 628 658 653 ὲκ
663 627 716 653 τῶν
723 628 781 662 εἰρη
786 628 873 662 μένων

87 669 215 705 ἀφορμὴν
226 670 361 701 λαϐόντες,
373 671 413 697 ὅτι
424 672 452 697 ὲν
461 663 744 707 τύπῳπροεπαιδεύθη
754 673 872 707 Μωῡσῆς

87 714 118 740 τὸ
134 714 258 749 περὶτῆς
275 714 376 749 σκηνῆς
397 715 445 749 τῆς
457 715 487 741 τὸ
501 716 554 742 πᾶν
576 715 753 752 περιεχούσης
770 717 871 751 μυστή-

87 767 154 794 ριον.
171 758 244 794 Αὕτη
259 759 281 786 δ’
294 759 326 786 ἂν
345 760 387 793 εἴη
415 761 540 796 Χριστος,
567 763 583 797 ἡ
605 761 652 788 τοῦ
668 762 735 788 Θεοῦ
756 762 870 797 δύναμις

85 803 135 829 καὶ
151 805 168 839 η
189 803 236 830 τοῦ
251 804 318 831 Θεοῦ
341 805 429 840 σοφία,
450 806 466 840 ἢ
491 807 693 842 ἀχειροποίητος
716 805 783 834 οὖσα
802 807 872 834 κατὰ

86 849 137 883 τὴν
147 849 214 876 ἰδίαν
228 849 318 884 φύσιν,
329 850 435 885 δέχεται
448 851 478 877 τὸ
491 852 754 886 κατασκευασθῆναι,
768 853 831 879 ὅταν
844 853 872 879 ἐν

85 895 154 929 ἡμῖν
172 895 218 930 δὲῃ
232 895 279 929 τὴν
300 896 400 930 σκηνὴν
415 897 515 932 ταύτην
529 898 664 933 παγῆναι·
678 897 747 924 ὥστε
762 898 810 933 τὴν
825 898 873 924 αὐ-

85 939 144 974 τὴν,
154 940 253 974 τρόπον
263 940 334 974 τινὰ,
343 942 390 968 καὶ
401 942 586 969 ἀκατάσκευον
598 944 644 969 καὶ
657 943 872 978 κατεσκευασμέ-

84 994 134 1020 νην
145 983 213 1012 εἶναι
223 995 230 1002 ·
245 987 284 1022 τῷ
302 988 349 1022 μὲν
364 989 560 1024 προῡπάρχειν,
572 991 706 1022 ἄκτιστον,
721 991 759 1025 τῷ
775 991 802 1017 δὲ
815 991 872 1017 ὑλι-

84 1031 137 1066 κὴν
155 1031 257 1058 ταὺττν
278 1032 403 1066 δέξασθαι
430 1033 567 1067 σύστασιν,
585 1036 694 1072 κτιστὴν
711 1037 868 1072 γενομένην.

120 1121 196 1156 Τάχα
207 1122 256 1148 οὐκ
269 1123 371 1157 ἀσαφὲς
392 1123 421 1150 τὸ
445 1123 588 1159 λεγόμενον
605 1126 659 1157 τοῖς
679 1125 869 1160 παραδοξαμέ-

82 1175 139 1198 νοις
153 1168 273 1202 ἀκριῦὦς
293 1168 322 1195 τὸ
338 1170 386 1204 τῆς
408 1169 521 1201 πίστεως
545 1169 624 1204 ἡμῶν
648 1173 804 1205 μυστήριον.
822 1172 869 1197 Ἐν

81 1213 137 1248 γάρ
161 1214 233 1239 ἐστιν
256 1215 287 1240 ὲκ
311 1214 428 1244 πάντων.
450 1214 464 1240 ὃ
489 1215 536 1241 καὶ
560 1215 614 1250 πρὸ
637 1215 740 1241 αἰώνων
760 1214 804 1250 ἢν.
824 1216 870 1242 καὶ

82 1259 126 1284 ἐπ’
141 1258 260 1293 ἐσχάτων
276 1259 328 1285 τῶν
343 1260 447 1285 αἰώνων
463 1260 578 1293 ἐγένετο,
592 1259 606 1286 ὃ
619 1260 666 1286 τοῦ
685 1261 733 1294 μὲν
745 1261 870 1294 γενέσθαι

82 1303 214 1337 χρονικῶς
230 1303 279 1329 οὐκ
297 1303 399 1329 ἐδέετο·
416 1303 474 1335 πῶς
500 1305 554 1339 γὰρ
579 1305 609 1331 τὸ
632 1305 686 1338 πρὸ
701 1305 804 1340 χρόνων
823 1306 870 1332 καὶ

82 1347 187 1374 αἰώνων
209 1348 316 1383 δεηθείη
353 1349 482 1384 χρονικῆς
511 1350 656 1383 γενέσεως;
681 1351 715 1377 δι’
744 1352 816 1386 ἡμᾶς
841 1351 870 1377 δὲ

81 1394 142 1425 τοὺς
157 1393 186 1425 ἐξ
199 1394 325 1425 ἀϐουλίας
339 1394 368 1420 τὸ
381 1393 449 1421 εἶναι
465 1395 713 1430 παραφθείραντας,
727 1396 870 1428 ἀνεδέξατο

81 1438 112 1464 τὸ
129 1438 188 1464 καθ’
203 1440 276 1474 ἡμᾶς
291 1439 427 1473 γενέσθαι,
454 1440 497 1466 ἵνα
518 1441 548 1466 τὺ
567 1441 619 1473 ἔξω
635 1441 682 1467 τοῦ
705 1441 780 1473 ὄντος
796 1443 870 1476 γενό-

83 1491 173 1516 μενον,
194 1484 233 1514 εἰς
260 1483 288 1509 τὺ
311 1483 341 1509 ὃν
365 1484 444 1510 πάλιν
466 1485 637 1521 ὲπαναγάγῃ.
653 1486 737 1512 Τοῦτο
754 1487 782 1513 δέ
797 1488 870 1513 ἐστιν

81 1528 96 1554 6
112 1528 257 1563 μονογενὴς
272 1529 346 1560 Θεὸς.
367 1530 380 1555 ὁ
403 1531 431 1555 ἐν
453 1530 526 1564 αὖτῷ
547 1530 596 1565 μὲν
611 1531 744 1566 περιέχων
758 1532 788 1557 τὸ
806 1534 868 1564 πᾶν,

890 830 910 856 Β

929 219 1025 247 horum
1040 219 1174 247 rationem
1190 221 1225 247 ab
1239 220 1293 247 illis
1308 225 1401 255 petere
1411 240 1420 252 ,
1441 219 1488 254 qui
1499 220 1584 254 gratia
1593 217 1710 252 Spiritus

929 264 1063 300 profunda
1079 265 1124 292 Dei
1138 270 1241 300 queant
1253 265 1410 300 perquirere
1423 273 1430 291 :
1447 264 1471 291 si
1487 263 1549 298 quis
1561 270 1634 289 nunc
1649 262 1710 288 latis

927 314 986 342 est.
1004 315 1034 337 ut
1048 307 1149 344 Spiritu
1166 311 1295 345 mysteria
1313 310 1452 344 loquatur,
1469 308 1540 335 sicut
1564 308 1601 334 ait
1622 307 1707 342 Apos-

928 356 1000 383 tolus
1017 355 1050 382 ‘°.
1066 354 1143 388 Quod
1159 358 1249 382 autem
1271 362 1286 381 a
1305 354 1385 381 nobis
1400 353 1570 387 conjectione
1592 352 1708 386 quadam

929 400 987 426 haec
1011 398 1044 426 ad
1071 399 1240 434 propositqu
1264 397 1536 426 accommodantibus
1557 397 1665 429 dicitur,
1683 397 1709 424 id

930 445 1030 479 iudicio
1050 444 1196 479 legentium
1215 448 1302 471 totum
1325 443 1526 477 relinquimus,
1550 451 1600 470 nec
1625 443 1709 470 recla-

929 491 1063 517 mabimus
1085 490 1108 517 si
1130 490 1289 524 rejecerint',
1314 497 1365 516 nec
1388 488 1543 516 laztabimur
1567 488 1590 516 si
1616 496 1710 516 susee—

927 535 1025 569 perint.

962 580 1082 607 Dicimus
1097 587 1162 614 ergo
1178 579 1300 606 nonnihil
1317 587 1350 607 ex
1364 578 1461 610 Paulo.
1483 578 1529 614 qui
1547 578 1708 614 mysterium

928 624 1046 651 breviter
1062 624 1171 659 tetigit,
1189 624 1286 658 adjuti.
1306 624 1378 658 quod
1401 624 1428 650 in
1450 623 1535 657 ﬁgura
1557 622 1709 657 pradoctus

928 669 978 696 iuit
993 669 1100 705 Moyses
1117 669 1338 700 tabernaculum,
1356 676 1411 703 quo
1429 669 1553 694 universa
1565 667 1708 694 continen-

927 719 982 745 tur,
1001 714 1027 741 id
1047 722 1110 741 vero
1126 713 1252 742 Christus
1268 714 1314 740 Dei
1337 714 1423 740 virtus
1437 717 1464 740 et
1483 712 1529 739 Dei
1553 712 1705 747 sapientia:

926 767 986 793 qua:
1004 759 1113 794 quidem
1129 759 1261 793 sapientia
1279 758 1325 785 Dei
1342 766 1396 785 non
1412 766 1491 784 manu
1509 757 1590 789 facta,
1607 757 1654 784 sed
1671 757 1706 783 in-

926 807 1016 831 creata
1041 811 1103 830 cum
1123 804 1158 831 Sil.
1173 804 1323 831 secundum
1346 808 1471 830 naturam
1490 811 1582 835 suam,
1598 807 1704 830 creatu-

927 857 985 876 ram
1002 849 1133 884 suscepit,
1155 848 1264 881 quando
1280 848 1430 876 secundum
1458 856 1508 876 nos
1525 855 1607 875 carne
1626 854 1707 882 opor-

926 893 977 920 tuit
1000 893 1205 920 tabernaculum
1227 893 1279 919 hoc
1307 893 1446 920 fabricari.
1473 894 1538 919 llent
1561 891 1631 919 idem
1654 891 1708 918 alio

926 937 1007 964 modo
1025 937 1125 964 factum
1141 941 1168 963 et
1183 944 1236 963 non
1254 936 1355 962 factum
1371 941 1431 963 est:
1454 941 1561 966 natura,
1578 935 1604 961 in
1620 941 1708 968 quan-

925 986 981 1008 tum
1000 985 1062 1008 ante
1079 982 1178 1008 saecula
1197 981 1258 1012 fuit,
1280 981 1430 1008 increatum
1447 985 1489 1007 est
1506 989 1512 1006 :
1531 980 1557 1006 in
1574 983 1706 1014 quantum

923 1027 1091 1061 corporalem
1119 1027 1190 1053 hanc
1216 1026 1417 1053 conerctionem
1444 1024 1576 1061 suscepit,
1586 1028 1704 1051 creatum

923 1073 1079 1106 factumque
1095 1075 1148 1098 est.

958 1117 1012 1144 Nec
1036 1117 1184 1144 obscurum
1203 1120 1245 1144 est
1270 1115 1343 1150 qttod
1364 1115 1494 1148 dicimus,
1521 1115 1555 1142 iis
1577 1114 1622 1149 qui
1650 1113 1702 1140 [ide

923 1167 1024 1190 nostra:
1041 1162 1199 1196 mysterium
1213 1161 1432 1196 complectuntur
1446 1169 1452 1186 :
1471 1167 1553 1186 unum
1569 1159 1641 1184 enim
1665 1161 1707 1184 est

921 1216 953 1234 et
975 1207 1103 1233 omnibus
1132 1205 1347 1237 tabernaculum,
1371 1205 1443 1239 quod
1466 1208 1492 1231 ct
1523 1208 1585 1230 ante
1608 1202 1706 1235 saecula

922 1252 982 1282 fuit.
999 1257 1026 1279 et
1039 1252 1196 1279 novissimis
1206 1251 1375 1286 temporibus
1386 1250 1487 1277 factum
1498 1254 1549 1277 est.
1562 1248 1589 1275 ld
1602 1253 1707 1282 tempo-

922 1298 1014 1324 raliter
1029 1298 1065 1324 ita
1081 1297 1136 1324 ﬁeri
1152 1304 1204 1323 non
1221 1297 1359 1330 indigebat
1374 1305 1380 1323 :
1394 1294 1532 1330 quomodo
1546 1295 1617 1321 enim
1633 1293 1705 1329 quod

921 1347 984 1370 ante
1001 1343 1091 1369 omnia
1107 1346 1165 1369 erat
1181 1346 1313 1376 tempora,
1326 1341 1443 1368 factione
1457 1340 1587 1374 indigebit
1603 1344 1706 1373 tempo-

920 1387 1099 1415 rali?Verum
1116 1391 1226 1421 propter
1242 1394 1292 1414 nos
1307 1386 1352 1420 qui
1369 1393 1416 1420 per
1433 1385 1641 1420 imprudentiam
1656 1391 1706 1410 no-

919 1438 1003 1462 stram
1015 1438 1138 1460 naturam
1147 1439 1370 1466 corruperamtts,
1380 1431 1477 1458 similis
1489 1431 1567 1457 nobis
1578 1430 1706 1464 dignatus

918 1483 960 1506 cst
978 1479 1045 1510 ﬁeri,
1064 1482 1092 1504 ut
1109 1478 1133 1504 id
1152 1478 1222 1512 quod
1239 1481 1314 1503 extra
1330 1482 1453 1503 naturatn
1472 1479 1539 1506 erat,
1562 1483 1657 1501 rursus
1672 1475 1704 1501 ad

921 1527 1045 1550 naturam
1060 1530 1110 1550 nos
1128 1523 1278 1549 reduceret.
1300 1521 1329 1548 Id
1343 1528 1406 1548 vero
1421 1525 1461 1547 est
1479 1520 1634 1554 unigenilus
1650 1520 1706 1554 ipse

81 1573 236 1607 πηξάμενος
258 1573 286 1600 δὲ
307 1574 353 1600 καὶ
378 1575 406 1600 ἐν
427 1575 491 1610 ἡμῖν
512 1575 561 1610 τὴν
579 1565 773 1612 ἰδίανγσκηνήν.
794 1577 825 1603 Εἰ
841 1578 869 1604 δὲ

922 1569 1002 1600 Deus,
1017 1569 1061 1603 qui
1074 1568 1199 1594 universa
1210 1566 1318 1602 quidem
1336 1567 1457 1593 continet
1470 1566 1495 1592 in
1507 1566 1607 1599 scipso.
1621 1565 1668 1592 sed
1679 1569 1706 1591 et

81 1617 169 1652 σκηνὴ
199 1617 323 1644 τοσοῦτον
354 1618 456 1652 ἀγαθὸν
484 1620 663 1654 ὀνομάζεται,
692 1622 868 1656 ταρασσέσθω

82 1661 164 1695 μηδὲν
178 1662 192 1687 6
207 1661 387 1698 φιλόχριστος,
401 1664 439 1695 ὡς
455 1666 726 1701 κατασμικρυνοὺσης
740 1666 770 1693 τὸ
785 1675 869 1702 μεγα-

79 1706 150 1733 λεῖον
165 1707 214 1742 τῆς
230 1707 335 1742 φύσεως
347 1708 392 1735 τοῦ
405 1709 483 1740 Θεοῦ,
501 1710 549 1742 τῆς
563 1712 724 1746 ἐγκειμένης
744 1714 777 1747 τῇ
798 1713 868 1745 λέξει

80 1751 235 1785 ἐμφάσεως.
251 1752 318 1779 Οὐδὲ
333 1753 387 1787 γὰρ
400 1754 462 1780 ἄλλο
473 1763 498 1780 τι
509 1755 563 1781 τῶν
577 1755 715 1791 ὀνομάτων
731 1757 804 1790 ἄξιον
819 1758 869 1793 τῆς

81 1795 188 1828 φύσεως
199 1796 245 1822 τοῦ
263 1798 460 1832 σημαινομένου
479 1799 551 1825 ἐστίν
561 1809 567 1814 ·
582 1800 648 1827 ἀλλὰ
665 1802 752 1828 πάντα
768 1803 869 1837 ὁμοίως

79 1841 262 1868 ἀποπέπτωκε
286 1842 336 1877 τῆς
352 1843 482 1879 ἀκριϐοῦς
508 1845 652 1878 σημασίας,
673 1846 709 1872 τά
730 1855 760 1872 τε
783 1847 868 1883 μικρὰ

79 1887 252 1921 νομιζόμενα,
268 1887 314 1913 καὶ
336 1885 376 1918 οἷς
399 1896 424 1913 τι
452 1888 566 1922 μέγεθος
587 1890 730 1924 νοημάτων
753 1890 782 1922 ἐξ
801 1891 868 1917 ὐπο-

79 1931 187 1966 ὶήψεως
198 1932 334 1966 ἐνορᾶται.
354 1932 424 1959 Ἀλλ’
440 1932 534 1969 ὥσπερ
553 1934 586 1960 τὰ
600 1934 666 1960 ἄλλα
682 1935 780 1966 πάντα,
799 1936 869 1962 κατὰ

79 1985 106 2002 τι
122 1977 328 2011 σημαινόμενον,
344 1977 457 2004 ἕκαστον
472 1978 591 2010 εὐσεϐῶς
610 1980 676 2014 πρὶς
696 1980 807 2012 ἔνδειξιν
819 1981 867 2016 τῆς

79 2020 154 2052 θείας
168 2021 308 2055 δυνάμεως
322 2021 440 2055 λέγεται,
458 2020 513 2049 οἷον
535 2025 548 2049 ό
571 2024 669 2058 ίατρὺς,
689 2026 702 2050 6
730 2026 840 2061 ποιμὴν,
853 2027 867 2052 6

80 2065 293 2101 ὑπερασπιστὴς,
310 2068 324 2093 ό
350 2067 441 2103 ἄρτος,
467 2069 481 2094 6
504 2068 628 2102 ἄγγελος,
657 2071 673 2105 ἡ
697 2070 828 2105 ἄμπελος,
850 2072 866 2106 ἡ

79 2111 148 2143 ὁδὸς,
165 2112 182 2146 ὴ
200 2112 278 2147 Θύρα,
297 2113 313 2148 ἡ
336 2113 412 2148 μονὴ,
436 2113 465 2139 τὸ
480 2113 560 2149 ὕδωρ,
582 2116 598 2150 ἡ
622 2117 718 2151 πέτρα,
737 2118 753 2152 ὴ
780 2117 864 2153 πηγὴ,

79 2157 127 2184 καὶ
139 2157 188 2185 ὅσα
207 2158 275 2185 ἄλλα
294 2159 358 2193 περὶ
378 2159 460 2185 αἱ)τοῦ
485 2159 606 2193 λέγεται·
625 2161 705 2193 οὕτω,
721 2163 791 2189 κατά
805 2171 865 2190 τινα

79 2202 219 2237 θεοπρεπῆ
241 2204 388 2238 σημασίαν,
413 2204 460 2230 καὶ
471 2203 512 2239 τῷ
528 2205 577 2239 τῆς
600 2206 700 2241 σκηνῆς
717 2209 866 2242 κατονομά-

78 2247 154 2279 ζεται
173 2249 284 2282 ῥήματι.
307 2248 338 2274 Ἢ
354 2248 408 2283 γὰρ
431 2249 588 2286 περιεκτικὴ
609 2251 662 2277 τῶν
684 2251 768 2278 ὄντων
787 2253 865 2280 δύνα-

80 2301 136 2328 μις.
152 2293 181 2319 ὲν
225 2295 346 2320 κατοικεῖ
365 2294 419 2320 πᾶν
430 2294 461 2321 τὸ
475 2295 609 2330 πλήρωμα
626 2297 674 2331 τῆς
693 2297 827 2332 Θεότητος,

78 2338 155 2374 κοινὴ
178 2338 223 2365 τοῦ
248 2339 347 2371 παντὸς
367 2340 465 2375 σκέπη,
488 2342 502 2367 6
525 2342 553 2367 ὲν
574 2342 648 2376 αὐτῷ
668 2342 699 2368 τδ
720 2344 773 2370 πᾶν
791 2353 865 2380 περιρ

78 2385 164 2417 έχων,
192 2384 277 2419 σκηνὴ
304 2384 403 2419 κυρίως
434 2385 658 2420 κατονομάζεται.
689 2387 807 2423 ’Λνάγκη
835 2388 864 2415 δὲ

77 2429 230 2464 πρόσφορον
252 2427 319 2456 εἶναι
338 2430 377 2465 τῷ
398 2430 509 2465 ὀνόματι
530 2432 578 2467 τὴν
594 2432 735 2464 ὀπτασίαν,
750 2433 864 2460 ἑκάστου

77 2474 131 2500 τῶν
143 2474 276 2508 ὀφθέντων
289 2475 356 2510 πρός
373 2484 432 2502 τινα
446 2476 611 2511 θεοπρεποῦς
623 2478 781 2513 ὑπολήψεως
796 2480 863 2506 θεω-

77 2520 138 2556 ρίαν
153 2521 391 2556 χειραγωγοῦντος.
415 2522 490 2549 Ἐπεὶ
510 2520 555 2549 οὖν
571 2524 585 2549 ὁ
600 2523 686 2558 μέγας
706 2524 864 2557 ’Λπόστολος

75 2566 274 2602 καταπέτασμα
296 2567 346 2602 τῆς
371 2568 446 2594 κάτω
474 2569 575 2604 σκηνῆς
600 2568 646 2604 τὴν
670 2569 758 2605 σάρκα
782 2572 863 2606 φησὶν

75 2610 147 2638 εἶναι
156 2621 163 2628 ·
178 2612 223 2638 διὰ
232 2613 262 2639 τὸ
274 2614 306 2639 ὲκ
321 2613 460 2645 ποικίλων,
472 2611 558 2648 οἶμαι,
570 2613 624 2640 τῶν
637 2615 777 2651 τεσσάρων
792 2625 863 2643 στοι-

75 2657 156 2694 χείων
168 2658 238 2693 ἔχειν
252 2659 300 2693 τὴν
320 2658 446 2685 σύστασιν
457 2667 463 2673 ⁸
491 2659 561 2693 τάχα
580 2659 626 2686 καὶ
642 2660 721 2691 αὐτὸς
737 2661 766 2686 ὲν
779 2661 862 2688 ὀπτα-

76 2706 123 2738 σίᾳ.
145 2704 193 2738 τῆς
215 2704 316 2739 σκηνῆς
339 2704 496 2739 γενόμενος,
523 2705 551 2730 ἐν
577 2707 632 2736 τοῖς
660 2705 862 2743 ὑπεροιλρανίοις

131 2808 153 2823 ⁵⁵
165 2807 174 2835 i
187 2807 249 2836 Cor.
267 2817 323 2843 xtv,
339 2810 366 2837 2.
405 2810 425 2825 "
444 2809 524 2839 llebr.
540 2820 576 2846 Ix,
591 2813 607 2839 2
622 2821 680 2848 sqq.

883 2237 904 2265 D

920 1614 946 1640 in
967 1613 1046 1640 nobis
1064 1612 1270 1638 tabernaculum
1289 1618 1368 1637 suum
1383 1610 1532 1638 fabricatus
1548 1614 1599 1637 est.
1621 1609 1706 1635 Nonio

920 1664 1009 1685 autem
1032 1665 1064 1684 ex
1090 1657 1255 1684 zelalorihus
1273 1655 1376 1682 Christi
1393 1655 1583 1686 eonturhetur,
1601 1655 1624 1681 si
1645 1659 1705 1680 tau-

919 1708 973 1729 tam
996 1710 1065 1735 rem,
1091 1702 1296 1728 tabernaculum
1315 1701 1502 1735 appellamus,
1529 1701 1607 1735 quasi
1624 1700 1704 1733 quid—

920 1756 1000 1783 quam
1024 1747 1183 1775 detrahatur
1197 1743 1296 1773 diviﬁaa
1319 1751 1424 1773 natura:
1450 1751 1559 1780 propter
1579 1745 1704 1772 vovabuli
1730 1759 1736 1763 ρ

919 1795 1075 1822 vilitatem:
1094 1800 1144 1820 nec
1158 1793 1230 1819 enim
1257 1800 1375 1827 unquam
1400 1792 1513 1827 dignum
1538 1792 1583 1818 illa
1605 1796 1703 1818 natura

918 1841 1030 1867 verbum
1050 1839 1212 1866 invenietur.
1227 1838 1292 1865 Nam
1311 1845 1370 1872 qum
1389 1838 1422 1864 ab
1436 1838 1591 1864 hominibus
1612 1839 1704 1872 profe-

918 1891 1027 1918 runtur,
1045 1886 1188 1920 aequaliter
1208 1894 1221 1912 a
1238 1886 1416 1921 signiﬁcanda
1434 1886 1477 1912 illa
1500 1892 1596 1912 natura
1612 1886 1703 1912 ontnia

919 1932 1032 1959 distant.
1051 1932 1102 1958 Sed
1119 1936 1216 1957 caetera
1237 1939 1296 1966 quae
1319 1931 1352 1958 de
1375 1931 1429 1961 Deo
1449 1931 1587 1959 dicuntur.
1605 1931 1647 1965 pie
1670 1931 1703 1957 ad

918 1979 1106 2006 ostentandam
1119 1978 1236 2005 divinam
1249 1978 1394 2013 quamdam
1406 1979 1531 2004 virtutem
1546 1978 1704 2012 Capiuntur,

919 2029 947 2050 ut
963 2023 1094 2053 medicus,
1113 2027 1216 2056 pastor.
1238 2026 1384 2057 protector,
1408 2023 1496 2056 panis.
1527 2023 1648 2056 angelus,
1663 2021 1704 2047 vi-

918 2069 964 2100 tis,
983 2069 1034 2098 via,
1047 2070 1141 2102 jamm.
1169 2068 1286 2100 mansio,
1305 2076 1386 2102 aqua,
1402 2068 1481 2102 lapis,
1502 2067 1573 2097 fons.
1597 2067 1704 2100 aliaque

918 2115 1072 2149 hujusmodi
1090 2124 1095 2140 :
1113 2115 1152 2141 sic
1169 2118 1352 2141 tonscntanea
1368 2114 1484 2148 quadam
1503 2112 1703 2147 signiﬁcatione

917 2161 1122 2188 tabernaculum
1143 2167 1252 2194 quoque
1273 2159 1401 2186 dicimus.
1416 2158 1510 2185 Virtus
1533 2159 1618 2188 enim.
1641 2165 1701 2192 quxe

918 2209 1009 2234 omnia
1030 2208 1164 2238 continet,
1184 2207 1210 2233 in
1236 2213 1290 2240 qua
1307 2206 1434 2232 universa
1457 2205 1567 2232 deitalis
1587 2204 1702 2238 plenitu-

918 2254 953 2280 do
972 2253 1115 2283 inhabilat,
1133 2259 1194 2278 cum
1209 2259 1353 2278 cotmnuue
1366 2251 1391 2278 id
1404 2251 1524 2277 omnium
1537 2254 1637 2276 tectum
1654 2250 1699 2280 sit.

918 2307 1034 2333 cumque
1050 2298 1175 2325 universa
1193 2298 1218 2324 in
1235 2298 1294 2332 ipso
1309 2297 1456 2327 contineat,
1471 2304 1524 2323 non
1541 2296 1639 2330 injuria
1663 2300 1702 2322 ta-
1740 2293 1746 2297 ’

918 2345 1094 2371 bernaculum
1109 2346 1292 2377 nuncupatur.
1305 2342 1418 2377 Oporlet
1432 2346 1522 2369 autetn
1537 2347 1565 2368 ut
1578 2342 1694 2368 taberna-

917 2391 970 2418 culi
1002 2390 1071 2417 visio
1095 2389 1210 2424 mystico
1231 2389 1408 2416 tabernaculo
1427 2388 1467 2415 sic
1486 2388 1647 2418 conveniat,
1672 2393 1696 2413 ut

914 2436 1020 2470 singula
1045 2436 1130 2470 ipsius
1146 2434 1178 2460 ad
1205 2434 1308 2469 aliquid
1334 2441 1386 2460 nou
1409 2434 1548 2467 indignum
1572 2433 1699 2468 mysterio

914 2489 964 2508 nos
989 2481 1125 2508 deducant
1149 2480 1172 2496 “
1208 2479 1243 2506 Ac
1270 2480 1398 2514 quoniam
1424 2479 1533 2506 divinus
1554 2479 1699 2513 Apostolus

916 2527 1047 2553 visionem
1066 2526 1123 2560 ipse
1140 2533 1248 2560 queque
1271 2525 1354 2551 totius
1370 2525 1538 2552 tabernaculi
1565 2532 1697 2551 consectt-

917 2576 972 2603 tus,
993 2579 1054 2598 eum
1080 2572 1106 2597 in
1131 2570 1287 2597 t-mlestihus
1304 2569 1393 2604 adytis
1420 2577 1468 2604 per
1494 2570 1620 2604 spiritum
1647 2569 1697 2596 sihi

916 2619 1044 2654 mysteria
1062 2617 1180 2652 paradisi
1201 2616 1319 2642 revelata
1345 2615 1400 2642 sint
1412 2616 1457 2646 ⁵¹“,
1481 2615 1612 2642 (ortinam
1630 2614 1699 2640 infe-

916 2664 997 2691 rioris
1011 2661 1178 2690 tabernaculi
1193 2668 1303 2687 carnem
1317 2659 1419 2687 Christi
1431 2668 1493 2687 esse
1506 2660 1544 2686 ait
1559 2669 1564 2686 :
1577 2663 1698 2694 propter-

914 2718 945 2737 ea
965 2708 1037 2744 qnod
1063 2715 1096 2735 ex
1120 2706 1248 2736 diversis,
1284 2704 1390 2738 opinor,
1419 2709 1534 2738 quatuor
1556 2703 1695 2732 elementis

737 2814 768 2830 ⁸¹¹
783 2813 803 2840 ll
817 2813 878 2841 Cor.
893 2821 940 2845 xu,
953 2812 978 2839 ι.
