1977 3071
268 124 321 153 383

889 125 917 153 S.
940 125 1103 153 GltEGORlI
1125 125 1270 154 NYSSENI
1309 122 1314 127 ’

1849 128 1902 155 585

267 183 418 218 composita
434 188 492 211 est:
510 191 565 211 non
583 184 636 211 erit
653 184 771 212 alienum
787 184 820 212 ad
835 184 906 212 hanc
928 184 1056 219 apostoli-

1111 185 1226 218 ἀδύτοις,
1242 183 1264 220 ᾧ
1282 185 1328 213 διὰ
1348 186 1394 213 τοῦ
1421 187 1574 222 πνεύματος
1599 185 1776 221 instabam,
1801 186 1834 212 τὰ
1853 185 1900 212 τοῦ

266 235 327 256 cam
346 230 426 257 unius
443 230 528 264 partis
543 230 740 265 expositionem
762 230 950 264 respicientes,
971 234 1055 257 totam

266 273 301 301 de
315 275 493 301 tabernaculo
508 279 630 302 nostram
651 275 812 302 sententiam
834 275 981 309 explicare.
998 274 1056 302 Fiet

266 324 356 346 autem
370 320 448 348 nobis
465 321 609 355 peripsius
624 321 747 355 Apostoli
760 321 842 348 verba
860 320 886 347 in
904 320 1056 355 intelligen-

266 367 303 392 tia
319 367 492 401 aenigmatum
507 367 674 393 tabernaculi
686 365 791 393 facilior
803 366 893 394 aditus
909 376 915 394 ι
934 367 970 394 ait
982 368 1054 394 enim

265 411 300 438 de
316 411 470 448 Unigi-nito,
491 419 572 446 quem
589 412 700 439 nomine
716 412 885 439 tabernaculi
904 414 1054 447 nuncupari

265 457 396 488 diximus.
412 459 474 492 quia
492 458 518 484 in
535 465 568 486 eo
583 464 673 486 creata
695 463 758 486 sunt
773 458 875 490 omnia,
896 458 1013 486 visibilia
1029 464 1054 486 et

265 503 424 535 invisibilia,
451 504 509 531 sive
529 504 635 535 throni,
658 504 716 531 sive
729 507 891 538 potestates,
907 504 964 531 sive
979 505 1054 539 prin-

264 549 385 584 cipatus,
401 550 459 577 sive
474 550 686 583 dominationes,
700 550 757 577 sive
773 549 888 578 virtutes
900 550 934 576 ".

300 641 374 674 Quas
389 641 425 668 ob
444 647 489 669 res
505 641 638 669 columnae
658 646 770 677 argento
787 646 869 677 atque
884 649 951 670 auro
971 642 1056 669 reful-

265 692 370 723 gentes,
389 691 416 714 et
434 691 535 720 vectes,
557 695 589 714 ac
601 689 706 718 annuli.
727 689 860 716 cherubin
876 697 984 723 quoque
998 689 1054 721 illa,

264 740 326 768 quae
346 732 404 759 suis
423 739 513 758 arcam
528 735 678 767 contegunt
700 733 761 763 alis,
785 736 936 767 czcteraque
951 733 1054 765 Omnia,

264 785 326 812 quae
350 777 383 804 ad
405 777 596 804 sustinendum
613 777 870 812 contegendumque
893 778 1056 805 tabernacu-

263 820 320 850 lum
335 823 542 855 describuntur,
557 824 579 850 si
596 824 657 858 quis
672 823 705 850 ad
722 824 850 862 superius
867 824 988 858 respicit,
1005 831 1055 851 an-

265 870 388 904 gelorum
403 874 445 897 est
461 869 609 896 multitudo
625 869 653 896 in
669 870 846 897 tabernaculo
861 870 920 905 ipso
937 878 1054 906 conspe—

264 919 384 949 cta,qua
405 921 536 949 corporea
562 914 619 941 haec
643 915 793 942 secumlum
815 915 862 942 Dei
888 917 1054 945 voluntatem

265 960 440 987 sustinentur
457 964 538 995 atquc
555 965 694 995 teguntur.
713 961 740 987 lu
766 961 812 988 illo
831 962 904 989 enim
930 962 1056 989 taberna-

264 1006 329 1032 culo
343 1006 400 1032 veri
417 1010 508 1033 vectes
526 1006 614 1033 nostri
638 1012 665 1033 et
682 1006 805 1033 habitant
822 1011 847 1034 et
872 1011 946 1040 sunt,
960 1008 1005 1042 qui
1021 1007 1055 1034 ad

265 1051 449 1079 ministerium
474 1052 622 1078 mittuntur
637 1057 748 1086 propter
765 1051 870 1080 futuros
888 1053 984 1080 salutis
1002 1053 1056 1080 ha2<

265 1097 355 1127 redes,
373 1097 419 1130 qui
436 1097 516 1123 sicuti
540 1096 651 1130 quidam
668 1096 761 1123 annuli
782 1097 808 1123 in
826 1097 933 1124 animos
949 1097 1055 1124 salvan-

265 1141 363 1169 dorum
388 1142 583 1173 immittuntur,
611 1143 645 1170 ad
668 1143 865 1169 sublimitatem
887 1143 996 1170 virtutis
1022 1143 1054 1170 ad

265 1192 367 1215 terram
389 1188 511 1222 dejectos
535 1189 684 1216 elevantcs.
714 1188 791 1215 llunc
816 1193 906 1216 autent
931 1189 1054 1216 altiorem

264 1241 326 1261 esse
336 1241 446 1261 sensum
458 1234 606 1269 Scriptura:
620 1235 647 1261 in
663 1235 714 1261 hoc
731 1235 800 1267 loco,
812 1235 874 1262 inde
886 1240 968 1269 patet,
982 1237 1054 1270 quod

265 1280 398 1307 cherubin
421 1281 465 1306 illa
485 1281 638 1308 materialia
662 1281 721 1308 suis
738 1281 790 1308 alis
814 1282 940 1316 tegebant
955 1287 1055 1317 myste—

266 1325 318 1357 ria.
337 1333 398 1360 qua:
414 1326 440 1352 in
457 1333 520 1352 arca
533 1331 621 1357 erant,
640 1331 670 1353 ut
688 1327 776 1354 littera
789 1326 866 1354 dicit.
880 1327 946 1354 Nam
964 1328 989 1354 id
1007 1336 1056 1354 no-

265 1379 328 1398 men
349 1371 381 1399 iis
409 1372 514 1406 angelis
534 1372 705 1404 attribuitur,
731 1377 760 1399 ut
777 1372 861 1400 Isaias
883 1377 910 1400 ct
932 1373 1055 1400 Ezechiel

266 1417 354 1448 aiunt,
374 1419 422 1453 qui
446 1419 519 1446 circa
539 1419 658 1446 divinam
673 1419 841 1454 majestatem
860 1421 1054 1456 inspiciuntur.

266 1463 336 1489 Arca
354 1471 419 1490 vero
435 1464 546 1492 l'ccderis
562 1465 613 1491 alis
630 1466 751 1499 ipsorum
771 1466 903 1493 cherubin
920 1471 1054 1499 contecta,

267 1507 312 1534 hic
328 1508 392 1535 illud
408 1509 519 1542 dicitur,
536 1510 609 1544 quod
631 1511 703 1545 apud
721 1511 820 1538 Isaiam
836 1511 903 1538 faeie
917 1512 1053 1546 signitica-
1070 1524 1090 1551 ρ

267 1558 322 1580 tur.
341 1554 406 1580 Nam
428 1560 457 1581 ut
473 1563 536 1582 arca
552 1555 606 1586 hic,
624 1556 660 1583 ita
677 1557 712 1583 ibi
732 1557 816 1584 facies
834 1558 989 1585 chen-ubiuis
1004 1559 1055 1585 alis

267 1600 374 1634 conti-gi
386 1599 547 1627 allirmatur.
565 1600 653 1628 Unum
669 1603 752 1637 igitur
767 1603 801 1630 ab
818 1605 941 1638 utrisque
953 1605 1055 1639 signili-

266 1645 324 1672 cari
348 1653 402 1672 non
423 1646 594 1674 dubitamus.
613 1647 725 1675 Videtur
750 1654 840 1676 autem
862 1650 926 1676 mihi
953 1651 1057 1677 incom-

267 1691 449 1725 prehcusibile
463 1692 545 1727 hujus
559 1694 766 1728 spcculatiouis,
787 1703 847 1729 qua:
862 1695 896 1722 de
913 1696 1057 1722 inclTahili-

267 1738 319 1765 bus
333 1742 386 1769 est,
402 1738 574 1774 a'nigmatice
588 1739 750 1774 signiﬁcari.
770 1740 837 1768 Cum
853 1748 918 1768 vero
934 1741 968 1768 de
983 1742 1057 1777 lych-

267 1783 322 1814 nis,
339 1783 364 1810 id
381 1787 433 1817 est,
444 1784 564 1812 lucernis
574 1785 663 1817 audis,
674 1784 746 1820 quod
764 1789 867 1820 septem
882 1785 1012 1820 partito"
1024 1794 1057 1814 ex

268 1837 322 1855 una
334 1828 392 1856 basi
407 1836 439 1856 ac
451 1829 544 1857 radice
558 1829 715 1857 candelabri
727 1831 962 1862 sustentabantur,
974 1835 1003 1858 ut
1013 1831 1059 1858 lux

267 1875 440 1902 abundanter
464 1875 585 1910 undique
609 1875 773 1911 perluceret,
793 1875 856 1910 jure
877 1876 1058 1904 multiformes

267 1922 382 1956 spiritus
395 1921 514 1957 {ulgores
528 1923 556 1949 in
569 1922 620 1949 hoc
636 1923 812 1950 tabernaculo
821 1921 1059 1958 periulgcreinlel-

267 1968 355 2002 ligus;
373 1972 475 2002 septem
494 1968 595 2002 partito
605 1968 630 1984 ”
647 1969 720 1995 enim
740 1968 854 2002 spiritus
872 1969 963 1995 radios
977 1969 1058 1995 etiam

220 2044 223 2048 _
268 2012 354 2041 Isaias
373 2014 490 2047 partitus
512 2018 564 2041 est.
586 2012 809 2048 Propitiatorium
824 2018 915 2041 autem
931 2015 996 2049 quid
1012 2015 1057 2045 sit,

268 2067 323 2086 non
339 2066 410 2094 opus
423 2060 595 2094 expositione
610 2060 665 2086 ulla
681 2065 710 2087 ut
725 2060 902 2095 intelligatur,
914 2068 976 2087 cum
989 2061 1060 2094 Apo-

269 2104 356 2131 stolus
369 2103 394 2130 id
408 2105 575 2137 cnodaverit,
592 2105 638 2139 qui
654 2104 690 2131 ait
705 2113 711 2131 :
729 2114 738 2130 ι
749 2113 828 2140 quem
844 2105 996 2132 animarmn
1011 2114 1059 2132 no-

268 2155 387 2178 strarum
410 2150 627 2185 propitiatorium
645 2151 797 2185 proposuit.
819 2161 828 2176 ι
847 2151 939 2177 Altare
954 2159 1017 2178 vero
1034 2155 1059 2178 et

268 2195 438 2222 thuribulum
451 2204 511 2222 cum
527 2196 618 2227 audio,
633 2197 819 2223 adorationem
831 2197 962 2231 intelligo,
975 2205 1056 2231 quam

269 2242 333 2271 huic
341 2242 517 2269 tabernaculo
526 2243 652 2270 cmlestes
660 2244 774 2270 virtutes
784 2243 909 2270 atii-runt.
919 2243 976 2269 Non
986 2244 1057 2270 enim

219 2293 230 2300 ⁸
269 2287 357 2314 solum
371 2288 531 2314 inferiorum
546 2292 626 2323 atque
640 2289 821 2319 terrestrium,
839 2289 886 2315 sed
904 2289 1058 2315 cmlestium

268 2340 379 2368 quoque
399 2333 519 2368 tinguant
536 2334 573 2360 ait
595 2334 701 2360 laudent
717 2339 799 2369 atque
823 2334 948 2369 gloriam,
970 2339 998 2361 ut
1017 2343 1060 2361 re-

270 2387 332 2406 rum
352 2380 473 2406 onmium
496 2380 642 2415 principio,
659 2381 772 2407 reddere
793 2390 799 2407 :
821 2380 848 2407 id
863 2381 935 2408 enim
953 2386 1060 2416 gratum

269 2431 312 2452 cst
328 2426 378 2460 ipsi
397 2426 574 2459 sacriﬁcium,
597 2427 732 2454 labiorum
747 2426 863 2457 fructus.
885 2432 912 2454 ut
937 2429 974 2454 ait
990 2429 1062 2463 Apo-

269 2471 404 2504 stolus",
431 2476 458 2499 et
481 2472 549 2499 odor
570 2473 713 2499 orationis.
740 2472 817 2505 Quod
845 2473 866 2500 si
892 2474 995 2500 torium
1019 2475 1062 2502 his

269 2517 350 2544 etiam
371 2517 442 2545 inest
455 2518 547 2546 colore
560 2526 707 2553 purpureo,
722 2522 748 2545 et
766 2519 811 2553 pili
829 2519 934 2550 intexti,
950 2527 1003 2546 non
1020 2524 1059 2546 ta-

271 2569 332 2589 men
348 2563 546 2597 speculationis
561 2563 643 2597 hujus
662 2563 748 2591 series
763 2564 977 2598 perturbabitur.
994 2563 1059 2591 Nam

269 2609 368 2636 oculus
386 2608 431 2636 ille
447 2609 622 2644 propheticus
639 2609 666 2635 in
691 2609 885 2636 altissimarum
903 2609 952 2636 hac
970 2617 1059 2636 rerum

271 2654 388 2686 visione,
410 2656 558 2682 salutarem
575 2663 684 2690 quoque
703 2655 809 2682 Domini
829 2657 982 2690 passionem
998 2660 1060 2682 tau-

271 2709 354 2735 quam
368 2708 383 2728 e
397 2701 507 2733 specula
523 2701 672 2736 prospexit,
688 2709 770 2736 quant
786 2710 817 2729 ex
843 2707 958 2736 utroque
970 2702 1059 2729 dicto-

273 2755 332 2775 rum
350 2748 530 2783 signiﬁcatam
547 2747 632 2774 fuisse
647 2755 699 2774 non
716 2748 834 2783 ainhigo.
858 2747 971 2775 [tribu-do
987 2749 1059 2775 enim

315 2837 338 2852 "
353 2837 457 2866 Coloss.
473 2846 490 2870 ι,
511 2837 552 2864 16.
598 2837 619 2853 ⁵³
636 2835 687 2864 lsa.
706 2839 778 2869 xui.
818 2839 839 2854 “
862 2837 942 2865 llvbr.
962 2847 999 2867 ιιι.
1015 2839 1040 2866 5.

1108 232 1271 266 παραδείσου
1301 233 1455 267 μυστήρια·
1484 232 1574 263 καλῶς
1599 231 1631 258 ἄν
1659 231 1715 266 ἔχοι
1738 232 1770 266 τῇ
1801 232 1899 266 μερικῇ

1107 277 1288 312 προσέχοντας
1307 278 1452 314 ἑρμηνείᾳ,
1471 279 1561 304 πᾶσαν
1577 277 1626 313 τὴν
1649 278 1697 312 τῆς
1718 277 1821 312 σκηνῆς
1835 277 1900 303 θεω-

1108 323 1168 358 ρίαν
1198 324 1378 359 συναρμόζειν
1406 324 1445 358 τῷ
1477 323 1565 359 μέρει.
1595 323 1701 349 Γένοιτο
1726 323 1748 349 δ’
1771 323 1804 349 ἂν
1824 323 1899 358 ἡμῖν,

1105 369 1138 394 δι’
1163 369 1252 395 αὐτῶν
1274 369 1329 395 τῶν
1352 369 1400 395 τοῦ
1428 368 1590 395 ’Δποστόλου
1613 368 1711 402 λόγων,
1735 368 1752 402 ἡ
1776 367 1830 393 τῶν
1851 367 1900 402 τῆς

1106 415 1209 449 σκηνῆς
1231 415 1400 449 αἰνιγμάτων
1425 416 1568 450 σαφήνεια.
1592 414 1660 448 Φησὶ
1683 414 1737 448 γάρ
1764 422 1814 439 που
1835 416 1899 448 περὶ

1105 459 1151 486 τοῦ
1167 459 1346 494 Μονογενοῦς,
1361 460 1391 487 ὃν
1405 460 1466 486 ἀντὶ
1479 459 1528 494 τῆς
1544 459 1646 493 σκηνῆς
1671 458 1844 492 νενοήκαμεν,
1859 458 1899 483 ὅτι

1106 506 1136 532 ὲν
1155 505 1229 540 αὑτῷ
1246 506 1357 541 ἐκτίσθη
1384 506 1418 532 τὰ
1440 506 1548 537 πάντα,
1576 505 1610 531 τὰ
1633 504 1720 539 ὁρατά.
1741 511 1770 529 τε
1796 503 1842 529 καί
1865 503 1901 528 τὰ

1107 551 1220 586 ἀόρατα,
1242 552 1296 578 εἴτε
1319 552 1417 587 θρόνοι,
1436 551 1490 577 εἴτε
1510 550 1639 583 ἐξουσίαι,
1658 549 1713 576 εἴτε
1737 549 1828 584 ἀρχαὶ,
1845 547 1900 574 εἴτε

1109 597 1275 632 κυριότητες,
1300 597 1355 623 εἴτε
1376 597 1514 631 δυνάμεις.

1142 643 1246 669 Οὐκοῦν
1273 642 1362 669 στύλοι
1383 642 1620 678 ἁργυρολαμπεῐς,
1647 641 1695 668 καὶ
1718 640 1900 676 χρυσήλατοι,

1107 688 1154 714 καὶ
1179 689 1342 724 ἀναφορεῖς,
1375 688 1423 715 καὶ
1450 687 1607 717 δακτύλιοι,
1638 687 1685 713 καὶ
1712 687 1746 713 τὰ
1770 686 1902 721 χερουϐὶμ

1107 734 1212 764 ἐκεῖνα,
1235 734 1269 760 τὰ
1291 735 1350 765 ταῖς
1365 733 1477 768 πτέρυξι
1493 733 1542 768 τὴν
1557 732 1672 759 κιϐωτὸν
1688 732 1900 767 ἐπικρύπτοντα,

1107 779 1153 806 καὶ
1168 779 1252 805 τᾶλλα
1271 779 1370 807 πάντα.
1386 780 1436 806 ὅσα
1450 781 1466 815 ἡ
1487 779 1539 813 τῆς
1553 777 1741 813 σκηνοπηγίας
1756 778 1901 813 ὑπογραφὴ

1106 825 1238 860 περιέχει,
1258 826 1281 851 εἰ
1300 825 1348 859 μέν
1363 833 1405 856 τις
1423 825 1490 860 πρὸς
1506 825 1540 850 τὰ
1557 824 1613 851 ἄνω
1630 823 1722 858 βλέποι
1735 823 1854 853 σκοπῶν,
1871 823 1901 848 αἱ

1073 859 1092 886 Β
1108 871 1288 906 ὑπερκὸσμιοι
1314 871 1442 905 δυνάμεις
1463 870 1540 902 εἰσὶν,
1563 870 1590 896 αἱ
1617 869 1645 894 ὲν
1670 870 1703 904 τῇ
1731 869 1817 902 σκηνῇ
1834 868 1902 893 Θεω-

1109 917 1252 952 ρούμεναι,
1281 917 1308 943 αι
1332 916 1401 942 κατὰ
1421 915 1496 942 θείαν
1515 915 1640 951 βούλησιν
1659 914 1689 940 τὸ
1712 914 1765 940 πᾶν
1791 913 1901 948 ὑπερεί-

1106 963 1208 989 δουσαι.
1238 962 1353 988 Ἐκεῖνοι
1376 961 1498 996 ἀληθινοὶ
1525 961 1671 995 ἀναφορεῖς
1694 959 1782 994 ἡμῶν,
1810 959 1835 984 οἱ
1859 959 1901 988 εἰς

1105 1009 1243 1035 διακονίαν
1265 1007 1490 1042 ἀναστελλόμενοι
1512 1006 1564 1041 διὰὶ
1577 1007 1640 1036 τοὺς
1662 1005 1807 1040 μέλλοντας
1834 1004 1900 1038 κλη-

1107 1056 1230 1091 ρονομεῖν
1251 1054 1396 1090 σωτηρίαν,
1423 1055 1446 1080 οἱ
1465 1053 1590 1088 καθάπερ
1602 1051 1753 1082 δακτυλίοις
1768 1051 1823 1076 τισὶ
1839 1052 1901 1081 ταῖς

1105 1102 1202 1136 ψυχαῖς
1218 1101 1296 1136 ἡμῶν
1319 1101 1485 1135 ὲνειρὸμενοι
1511 1099 1566 1125 τῶν
1593 1097 1764 1132 σωζομένων,
1783 1096 1815 1122 δι’
1837 1096 1900 1122 ὲαυ-

1105 1147 1159 1174 τῶν
1176 1147 1241 1182 πρὸς
1256 1146 1287 1172 to
1302 1146 1367 1181 ὗψος
1383 1146 1432 1181 τῆς
1448 1146 1548 1180 ἀρετῆς
1561 1144 1622 1175 τοὺς
1638 1143 1779 1178 κειμένους
1792 1143 1838 1168 ἐπὶ
1852 1143 1901 1177 τῆς

1107 1193 1157 1228 γῆς
1181 1192 1371 1228 ἀναφέροντες.
1389 1191 1528 1226 Χερουϐὶμ
1549 1190 1578 1216 δὲ
1595 1189 1679 1216 εἰπὼν
1692 1190 1706 1215 6
1721 1189 1798 1223 λόγος
1815 1196 1900 1215 κατα-

1107 1237 1277 1264 καλύπτοντα
1294 1237 1353 1268 ταῖς
1379 1235 1490 1270 πτέρυξι
1515 1234 1549 1261 τὰ
1572 1234 1719 1268 ὲγκείμενα
1737 1234 1770 1268 τῇ
1792 1232 1902 1267 κιὸωτῷ

1106 1285 1154 1319 τῆς
1183 1283 1316 1318 διαθήκης
1344 1283 1490 1317 μυστήρια,
1517 1281 1620 1316 βεϐαιοῖ
1644 1279 1692 1315 τὴν
1724 1279 1902 1306 ἀποδοθεῖσαν

1107 1328 1171 1362 ἡμῖν
1185 1327 1260 1362 παρὰ
1276 1327 1325 1362 τῆς
1342 1327 1443 1361 σκηνῆς
1459 1326 1583 1360 θεωρίαν.
1600 1325 1636 1350 Τὸ
1652 1324 1705 1359 γὰρ
1720 1324 1804 1358 ὄνομα
1821 1323 1902 1350 τοῦτο

1106 1373 1160 1399 τῶν
1180 1373 1244 1408 περὶ
1267 1373 1317 1407 τὴν
1343 1372 1417 1398 θείαν
1443 1371 1524 1404 φύσιν
1549 1370 1743 1405 θεωρουμένων
1761 1369 1901 1403 δυνάμεων

1108 1419 1318 1454 μεμαθήκαμεν,
1331 1419 1362 1450 ἃς
1377 1419 1392 1444 ὁ
1411 1417 1524 1448 Ἡσαΐας
1540 1418 1586 1443 καὶ
1602 1418 1616 1443 6
1630 1415 1759 1451 Ίεζξκιὴλ
1773 1416 1902 1450 κατενόη-

1108 1473 1168 1491 σαν.
1190 1465 1221 1490 Ἡ
1237 1464 1265 1490 δὲ
1280 1463 1394 1495 κιϐωτὸς
1409 1463 1457 1498 τῆς
1474 1462 1614 1497 διαθήκης,
1631 1461 1824 1496 κεκαλυμμένη
1839 1462 1902 1491 ταῖς

1109 1509 1231 1546 πτέρυξι,
1256 1510 1292 1545 μὴ
1316 1509 1442 1541 ξενιζέτω
1468 1509 1516 1543 τὴν
1540 1508 1639 1543 ἀκοήν·
1668 1507 1715 1533 καὶ
1739 1507 1791 1542 γὰρ
1814 1508 1843 1533 ὲν
1861 1507 1903 1542 τῷ

1114 1557 1212 1592 Ἡσαΐᾳ
1228 1556 1258 1582 τὸ
1277 1556 1369 1591 ὅμοιον
1394 1555 1451 1581 ἐστι
1478 1554 1583 1589 μαθεῖν,
1609 1555 1638 1579 ἐν
1662 1553 1800 1587 αἰνίγματι
1825 1552 1902 1587 παρὰ

1107 1601 1154 1628 τοῦ
1180 1601 1319 1637 προφήτου
1346 1600 1410 1635 περὶ
1434 1599 1488 1626 τῶν
1511 1598 1654 1635 πτερύγων
1675 1598 1833 1633 λεγόμενον·
1849 1594 1902 1623 ὦδε

1109 1648 1157 1682 μὲν
1171 1648 1186 1682 ὴ
1201 1647 1326 1678 κιϐωτὸς,
1344 1647 1401 1673 ἐκεῖ
1420 1646 1447 1672 δὲ
1465 1645 1620 1681 πρόσωπον,
1636 1645 1673 1676 ὡς
1688 1645 1746 1675 se;
1760 1643 1834 1675 ὄντος
1853 1643 1904 1669 τοῦ

1108 1694 1136 1719 ἐν
1153 1693 1317 1728 ἀμφοτέροις
1332 1691 1487 1727 νοουμένου,
1505 1691 1574 1726 ὅπερ
1599 1699 1644 1725 μοι
1665 1689 1781 1716 δοκεῖτὸ
1798 1688 1904 1714 ἀκατά-

1108 1738 1209 1773 ληπτον
1234 1738 1283 1773 τῆς
1306 1738 1360 1764 τῶν
1389 1737 1551 1772 ἀπορρήτων
1578 1735 1692 1770 θεωρίας
1720 1734 1901 1761 αἰνίσσεσθαι.

1108 1784 1167 1811 Κᾶν
1188 1784 1251 1819 περὶ
1273 1784 1377 1818 λύχνων
1395 1782 1515 1817 ἀκούσῃς
1540 1780 1706 1815 πολυσχιδιῖκ
1728 1781 1760 1806 ὲκ
1775 1779 1840 1814 μιᾶς
1854 1779 1904 1805 λυ-

1108 1831 1183 1866 χνίας
1199 1830 1384 1865 ἀνεχομένων,
1409 1828 1478 1855 ὥστε
1501 1828 1615 1862 ἄξοονον
1634 1826 1704 1853 εἶναι
1723 1826 1770 1853 καὶ
1790 1826 1904 1860 δαψιλὲς

1108 1876 1138 1903 τὸ
1154 1876 1210 1911 φῶς
1226 1874 1393 1909 πανταχόθεν
1419 1874 1609 1909 λαμπόμενον·
1635 1873 1685 1899 οὐκ
1705 1872 1737 1898 ἂν
1757 1871 1901 1906 ἁμάρτοις,

1108 1922 1157 1954 τὰς
1179 1922 1328 1953 πολυειδεῖς
1346 1921 1392 1947 τοῦ
1415 1920 1568 1955 πνεύματος
1591 1918 1773 1954 μαρμαρυγὰς
1789 1917 1903 1951 διαπρέ-

1109 1977 1170 1994 πειν
1193 1967 1279 2004 ταύτῃ
1306 1968 1338 2002 τῇ
1361 1967 1446 2001 σκηνῇ
1466 1965 1650 2000 λογιζόμενος,
1676 1963 1766 1995 καθὼς
1787 1963 1904 1994 Ἡσαΐας

1111 2013 1202 2047 φησιν,
1223 2012 1326 2046 ὲπταχῆ
1348 2010 1460 2045 διαιρῶν
1486 2010 1535 2041 τὰς
1559 2009 1734 2043 λαμπηῖόνας
1757 2006 1803 2033 τοῦ
1821 2007 1905 2033 πνεύ-

1111 2066 1203 2093 ματος.
1218 2058 1255 2084 Τὸ
1270 2057 1298 2084 δὲ
1312 2057 1466 2092 ἱλαστήριον
1482 2055 1542 2082 οὐδὲ
1563 2055 1709 2090 ἑρμηνείας
1722 2052 1795 2089 οἶμαι
1819 2062 1905 2088 προσσ

1109 2105 1227 2136 δέεσθαι,
1241 2103 1288 2130 τοῦ
1301 2100 1464 2128 Ἀποστόλου
1481 2102 1509 2127 τὸ
1534 2100 1723 2136 κεκρυμμένον
1740 2099 1905 2134 γυμνώσαν-

1109 2158 1164 2182 τος,
1176 2150 1203 2181 ὃς
1214 2155 1307 2183 φησιν·
1316 2149 1369 2175 ὃτιι
1386 2148 1416 2174 ὃν
1429 2146 1558 2182 προέθετο
1570 2147 1584 2172 ὁ
1600 2146 1665 2176 Θεὸς
1684 2145 1838 2180 ἱλαστήριον
1849 2144 1905 2170 τῶν

1078 2201 1097 2227 Ι)
1109 2195 1202 2231 ψυχῶν
1237 2194 1350 2230 ὴμῶν·»
1365 2193 1555 2227 θυσιαστήριον
1588 2191 1615 2217 δὲ
1650 2192 1697 2217 καὶ
1726 2190 1906 2225 θυμιατήριον

1113 2242 1229 2274 ἀκούων,
1244 2242 1297 2269 νοῶ
1318 2241 1365 2276 τὴν
1385 2239 1516 2274 διηνεκῶς
1537 2237 1746 2272 ἐπιτελουμένην
1766 2237 1797 2271 τῇ
1817 2236 1905 2270 σκηνῇ

1112 2289 1199 2323 ταύτῃ
1221 2287 1275 2314 τῶν
1297 2286 1465 2322 ἐπουρανίων
1485 2284 1678 2319 προσκύνησιν,
1695 2282 1730 2308 Οὐ
1753 2282 1808 2317 γὶιρ
1825 2281 1907 2316 μόνον

1112 2334 1242 2367 ἐπιγείων
1267 2332 1314 2358 καὶ
1339 2329 1533 2365 ὑπερχθονίων,
1549 2328 1615 2355 ἀλλὰ
1640 2328 1687 2354 καὶ
1715 2327 1769 2353 τῶν
1791 2327 1909 2361 ἐπουρα-

1109 2379 1173 2405 νίων
1195 2378 1245 2414 τὴν
1264 2376 1388 2411 γλῶσσάν
1410 2384 1491 2410 φησιν
1509 2373 1681 2408 ἀναπέμπειν
1705 2372 1752 2398 τὸν
1772 2369 1846 2397 αἶνον
1870 2372 1906 2405 τῇ

1110 2425 1164 2451 τῶν
1180 2425 1288 2451 πάντων
1303 2423 1383 2458 ἀρχῇ.
1400 2421 1485 2447 Τοῦτο
1500 2420 1529 2446 δέ
1548 2421 1620 2446 ἐστιν
1633 2420 1649 2453 ἡ
1667 2417 1851 2454 κεχαρισμένη
1865 2417 1909 2451 τῷ

1111 2471 1171 2506 Θεῷ
1183 2470 1272 2502 ουσία,
1287 2469 1317 2495 τὺ
1333 2468 1472 2504 κάρπωμα
1484 2465 1538 2492 τῶν
1552 2464 1674 2500 χειλέων,
1690 2462 1779 2494 καθώς
1795 2470 1879 2496 φησιν
1895 2463 1910 2488 6

1121 2516 1292 2548 ’Λπόστολος,
1318 2515 1365 2541 καὶ
1389 2513 1444 2539 τῶν
1470 2511 1627 2548 προσευχῶν
1652 2511 1668 2545 ἡ
1699 2508 1804 2535 εὐωδία.
1823 2507 1856 2534 Εἰ
1879 2506 1911 2532 δὲ

1116 2564 1163 2591 καὶ
1185 2563 1273 2598 δέρμα
1294 2562 1322 2587 ὲν
1347 2559 1451 2590 τούτοις
1475 2558 1570 2593 ὁρᾶται
1595 2553 1803 2589 πεφοινιγμένον
1821 2553 1910 2587 βαφῇ,

1116 2618 1163 2636 και
1180 2597 1271 2644 τρίχες
1295 2604 1499 2640 ὲξυφανθείσαι·
1520 2602 1580 2629 οὐδὲ
1594 2598 1671 2633 οὗτος
1701 2601 1714 2626 6
1739 2599 1833 2635 εἱρμδς

1116 2643 1232 2691 θεωρίας
1257 2654 1461 2687 διακοπήσεται.
1490 2649 1519 2676 Ὀ
1543 2649 1596 2685 γὰρ
1620 2645 1788 2681 προφητικὸς
1809 2643 1913 2691 ὀφθαλ-

1117 2688 1179 2738 μὸς,
1195 2702 1223 2727 ὲν
1237 2702 1270 2736 τῇ
1283 2699 1336 2726 τῶν
1357 2698 1436 2724 οείων
1455 2695 1572 2729 ὀπτασίᾳ
1591 2695 1740 2728 γινόμενος,
1755 2691 1816 2738 εκεῖ
1841 2688 1912 2738 καο-

1115 2736 1233 2782 εώραται
1258 2743 1480 2781 προσωρισμένον
1504 2741 1533 2769 τὸ
1560 2740 1691 2775 σωτήριον
1713 2737 1811 2768 πάθος·
1840 2736 1913 2769 ὅπερ

1097 2837 1118 2854 ⁸³
1136 2836 1218 2864 Hebr.
1234 2842 1292 2866 xui,
1310 2833 1350 2860 l5.
