  <div class='ocr_page' id='page_1' title='image "/cluster/home/n/w/nwhite01/storage/ocr_20150623/44/njp.32101009003169/198.png"; bbox 0 0 1977 3071; ppageno 0'>
   <div class='ocr_carea' id='block_1_1' title="bbox 113 106 161 135">
    <p class='ocr_par' dir='ltr' id='par_1_1' title="bbox 113 106 161 135">
     <span class='ocr_line' id='line_1_1' title="bbox 113 106 161 135; baseline -0.042 0"><span class='ocrx_word' id='word_1_1' title='bbox 113 106 161 135; x_wconf 72' lang='lat'><strong>585</strong></span> 
     </span>
    </p>
   </div>
   <div class='ocr_carea' id='block_1_2' title="bbox 773 103 1063 134">
    <p class='ocr_par' dir='ltr' id='par_1_2' title="bbox 773 103 1063 134">
     <span class='ocr_line' id='line_1_2' title="bbox 773 103 1063 134; baseline -0.007 0"><span class='ocrx_word' id='word_1_2' title='bbox 773 106 816 134; x_wconf 87' lang='lat' dir='ltr'><strong>DE</strong></span> <span class='ocrx_word' id='word_1_3' title='bbox 833 104 911 132; x_wconf 79' lang='lat' dir='ltr'><strong>Vl’l&#39;A</strong></span> <span class='ocrx_word' id='word_1_4' title='bbox 927 103 1063 132; x_wconf 79' lang='lat' dir='ltr'><strong>MOYSIS.</strong></span> 
     </span>
    </p>
   </div>
   <div class='ocr_carea' id='block_1_3' title="bbox 1679 102 1732 132">
    <p class='ocr_par' dir='ltr' id='par_1_3' title="bbox 1679 102 1732 132">
     <span class='ocr_line' id='line_1_3' title="bbox 1679 102 1732 132; baseline 0.019 -1"><span class='ocrx_word' id='word_1_5' title='bbox 1679 102 1732 132; x_wconf 73' lang='lat'><strong>586</strong></span> 
     </span>
    </p>
   </div>
   <div class='ocr_carea' id='block_1_4' title="bbox 112 155 896 197">
    <p class='ocr_par' dir='ltr' id='par_1_4' title="bbox 112 155 893 195">
     <span class='ocr_line' id='line_1_4' title="bbox 112 155 893 195; baseline -0.008 -8"><span class='ocrx_word' id='word_1_6' title='bbox 112 163 137 187; x_wconf 79' lang='grc' dir='ltr'><strong>ὲν</strong></span> <span class='ocrx_word' id='word_1_7' title='bbox 150 160 271 195; x_wconf 82' lang='grc' dir='ltr'>ἐκατέρῳ</span> <span class='ocrx_word' id='word_1_8' title='bbox 282 158 334 184; x_wconf 88' lang='grc' dir='ltr'>τῶν</span> <span class='ocrx_word' id='word_1_9' title='bbox 348 156 498 193; x_wconf 75' lang='grc' dir='ltr'><strong>εἰρημένων</strong></span> <span class='ocrx_word' id='word_1_10' title='bbox 515 155 676 191; x_wconf 80' lang='grc' dir='ltr'>σημαίνεται</span> <span class='ocrx_word' id='word_1_11' title='bbox 685 164 692 171; x_wconf 81' lang='grc'><em>’</em></span> <span class='ocrx_word' id='word_1_12' title='bbox 705 155 752 182; x_wconf 78' lang='grc' dir='ltr'>τοῦ</span> <span class='ocrx_word' id='word_1_13' title='bbox 772 156 819 190; x_wconf 82' lang='grc' dir='ltr'><strong>μὲν</strong></span> <span class='ocrx_word' id='word_1_14' title='bbox 835 156 893 191; x_wconf 85' lang='grc' dir='ltr'>ὲρυ-</span> 
     </span>
    </p>
   </div>
   <div class='ocr_carea' id='block_1_5' title="bbox 948 155 1730 197">
    <p class='ocr_par' dir='ltr' id='par_1_5' title="bbox 948 161 1730 197">
     <span class='ocr_line' id='line_1_5' title="bbox 948 161 1730 197; baseline 0.001 -8"><span class='ocrx_word' id='word_1_15' title='bbox 948 163 1118 197; x_wconf 72' lang='lat' dir='ltr'><strong>sanguinem,</strong></span> <span class='ocrx_word' id='word_1_16' title='bbox 1134 162 1179 197; x_wconf 87' lang='lat' dir='ltr'><strong>pili</strong></span> <span class='ocrx_word' id='word_1_17' title='bbox 1190 167 1280 190; x_wconf 85' lang='lat' dir='ltr'><strong>autem</strong></span> <span class='ocrx_word' id='word_1_18' title='bbox 1294 167 1408 190; x_wconf 84' lang='lat' dir='ltr'><strong>mortem</strong></span> <span class='ocrx_word' id='word_1_19' title='bbox 1420 163 1578 191; x_wconf 86' lang='lat' dir='ltr'><strong>ostendunt.</strong></span> <span class='ocrx_word' id='word_1_20' title='bbox 1589 161 1656 190; x_wconf 85' lang='lat' dir='ltr'><strong>Nam</strong></span> <span class='ocrx_word' id='word_1_21' title='bbox 1668 169 1730 190; x_wconf 85' lang='lat' dir='ltr'><strong>eum</strong></span> 
     </span>
    </p>
   </div>
   <div class='ocr_carea' id='block_1_6' title="bbox 114 200 892 241">
    <p class='ocr_par' dir='ltr' id='par_1_6' title="bbox 114 200 892 241">
     <span class='ocr_line' id='line_1_6' title="bbox 114 200 892 241; baseline -0.008 -9"><span class='ocrx_word' id='word_1_22' title='bbox 114 207 229 241; x_wconf 78' lang='grc' dir='ltr'>ϐήματος</span> <span class='ocrx_word' id='word_1_23' title='bbox 246 205 277 231; x_wconf 75' lang='grc' dir='ltr'>τὸ</span> <span class='ocrx_word' id='word_1_24' title='bbox 295 201 375 238; x_wconf 76' lang='grc' dir='ltr'>αἷμα,</span> <span class='ocrx_word' id='word_1_25' title='bbox 393 203 441 238; x_wconf 80' lang='grc' dir='ltr'><strong>τῆς</strong></span> <span class='ocrx_word' id='word_1_26' title='bbox 463 201 491 228; x_wconf 78' lang='grc' dir='ltr'><strong>δὲ</strong></span> <span class='ocrx_word' id='word_1_27' title='bbox 516 201 607 237; x_wconf 82' lang='grc' dir='ltr'>τριχὸς</span> <span class='ocrx_word' id='word_1_28' title='bbox 623 200 824 236; x_wconf 74' lang='grc' dir='ltr'>ἑρμηνευούσης</span> <span class='ocrx_word' id='word_1_29' title='bbox 843 200 892 235; x_wconf 86' lang='grc' dir='ltr'>τὴν</span> 
     </span>
    </p>
   </div>
   <div class='ocr_carea' id='block_1_7' title="bbox 115 245 891 289">
    <p class='ocr_par' dir='ltr' id='par_1_7' title="bbox 115 245 891 289">
     <span class='ocr_line' id='line_1_7' title="bbox 115 245 891 289; baseline -0.01 -10"><span class='ocrx_word' id='word_1_30' title='bbox 115 254 252 289; x_wconf 81' lang='grc' dir='ltr'><strong>νέκρωσιν.</strong></span> <span class='ocrx_word' id='word_1_31' title='bbox 269 251 398 284; x_wconf 77' lang='grc' dir='ltr'>Ἄμοιρος</span> <span class='ocrx_word' id='word_1_32' title='bbox 415 249 469 283; x_wconf 85' lang='grc' dir='ltr'>γὰρ</span> <span class='ocrx_word' id='word_1_33' title='bbox 492 247 643 282; x_wconf 73' lang='grc' dir='ltr'>αἰσθήσεως</span> <span class='ocrx_word' id='word_1_34' title='bbox 659 247 676 282; x_wconf 84' lang='grc' dir='ltr'><strong>ή</strong></span> <span class='ocrx_word' id='word_1_35' title='bbox 698 246 759 282; x_wconf 75' lang='grc' dir='ltr'>τρὶξ</span> <span class='ocrx_word' id='word_1_36' title='bbox 780 246 819 281; x_wconf 87' lang='grc' dir='ltr'><strong>τῷ</strong></span> <span class='ocrx_word' id='word_1_37' title='bbox 838 245 891 272; x_wconf 83' lang='grc' dir='ltr'><strong>σώ-</strong></span> 
     </span>
    </p>
   </div>
   <div class='ocr_carea' id='block_1_8' title="bbox 117 291 819 333">
    <p class='ocr_par' dir='ltr' id='par_1_8' title="bbox 117 291 819 333">
     <span class='ocr_line' id='line_1_8' title="bbox 117 291 819 333; baseline -0.01 -9"><span class='ocrx_word' id='word_1_38' title='bbox 117 306 178 333; x_wconf 84' lang='grc' dir='ltr'>ματι</span> <span class='ocrx_word' id='word_1_39' title='bbox 191 305 198 312; x_wconf 88' lang='grc'>·</span> <span class='ocrx_word' id='word_1_40' title='bbox 216 297 255 322; x_wconf 83' lang='grc' dir='ltr'>διὸ</span> <span class='ocrx_word' id='word_1_41' title='bbox 270 294 372 330; x_wconf 82' lang='grc' dir='ltr'><strong>κυρίως</strong></span> <span class='ocrx_word' id='word_1_42' title='bbox 389 294 549 329; x_wconf 85' lang='grc' dir='ltr'>νεκρότητος</span> <span class='ocrx_word' id='word_1_43' title='bbox 558 292 662 326; x_wconf 86' lang='grc' dir='ltr'>γίνεται</span> <span class='ocrx_word' id='word_1_44' title='bbox 678 291 819 327; x_wconf 77' lang='grc' dir='ltr'>σύμὸολον.</span> 
     </span>
    </p>
   </div>
   <div class='ocr_carea' id='block_1_9' title="bbox 145 335 892 376">
    <p class='ocr_par' dir='ltr' id='par_1_9' title="bbox 145 335 892 376">
     <span class='ocr_line' id='line_1_9' title="bbox 145 335 892 376; baseline -0.009 -7"><span class='ocrx_word' id='word_1_45' title='bbox 145 343 231 369; x_wconf 86' lang='grc' dir='ltr'>Ὅταν</span> <span class='ocrx_word' id='word_1_46' title='bbox 251 342 301 376; x_wconf 85' lang='grc' dir='ltr'>μὲν</span> <span class='ocrx_word' id='word_1_47' title='bbox 315 338 362 367; x_wconf 85' lang='grc' dir='ltr'><strong>οὖν</strong></span> <span class='ocrx_word' id='word_1_48' title='bbox 377 339 426 374; x_wconf 85' lang='grc' dir='ltr'><strong>τὴν</strong></span> <span class='ocrx_word' id='word_1_49' title='bbox 443 339 498 365; x_wconf 77' lang='grc' dir='ltr'><strong>ἄνω</strong></span> <span class='ocrx_word' id='word_1_50' title='bbox 517 338 618 373; x_wconf 84' lang='grc' dir='ltr'>σκηνὴν</span> <span class='ocrx_word' id='word_1_51' title='bbox 633 337 733 374; x_wconf 79' lang='grc' dir='ltr'><strong>βλέπῃ·</strong></span> <span class='ocrx_word' id='word_1_52' title='bbox 750 336 834 363; x_wconf 82' lang='grc' dir='ltr'>ταῦτα</span> <span class='ocrx_word' id='word_1_53' title='bbox 849 335 892 363; x_wconf 80' lang='grc' dir='ltr'><strong>διὰ</strong></span> 
     </span>
    </p>
   </div>
   <div class='ocr_carea' id='block_1_10' title="bbox 110 383 893 422">
    <p class='ocr_par' dir='ltr' id='par_1_10' title="bbox 110 383 893 422">
     <span class='ocr_line' id='line_1_10' title="bbox 110 383 893 422; baseline -0.011 -5"><span class='ocrx_word' id='word_1_54' title='bbox 110 391 209 417; x_wconf 78' lang='grc' dir='ltr'>τούτων</span> <span class='ocrx_word' id='word_1_55' title='bbox 226 389 240 415; x_wconf 90' lang='lat'><strong>6</strong></span> <span class='ocrx_word' id='word_1_56' title='bbox 266 387 409 422; x_wconf 78' lang='grc' dir='ltr'><strong>προφήτης</strong></span> <span class='ocrx_word' id='word_1_57' title='bbox 424 386 483 421; x_wconf 81' lang='grc' dir='ltr'><strong>ὁρᾷ.</strong></span> <span class='ocrx_word' id='word_1_58' title='bbox 510 385 542 410; x_wconf 86' lang='lat' dir='ltr'><strong>El</strong></span> <span class='ocrx_word' id='word_1_59' title='bbox 563 384 590 410; x_wconf 83' lang='grc' dir='ltr'><strong>δέ</strong></span> <span class='ocrx_word' id='word_1_60' title='bbox 610 392 652 415; x_wconf 84' lang='grc' dir='ltr'><strong>τις</strong></span> <span class='ocrx_word' id='word_1_61' title='bbox 665 383 714 418; x_wconf 84' lang='grc' dir='ltr'>τὴν</span> <span class='ocrx_word' id='word_1_62' title='bbox 734 383 809 409; x_wconf 84' lang='grc' dir='ltr'>κάτω</span> <span class='ocrx_word' id='word_1_63' title='bbox 827 390 893 417; x_wconf 87' lang='grc' dir='ltr'>σκη-</span> 
     </span>
    </p>
   </div>
   <div class='ocr_carea' id='block_1_11' title="bbox 111 429 893 471">
    <p class='ocr_par' dir='ltr' id='par_1_11' title="bbox 111 429 893 471">
     <span class='ocr_line' id='line_1_11' title="bbox 111 429 893 471; baseline -0.009 -8"><span class='ocrx_word' id='word_1_64' title='bbox 111 437 156 471; x_wconf 77' lang='grc' dir='ltr'>νὴν</span> <span class='ocrx_word' id='word_1_65' title='bbox 170 434 284 469; x_wconf 77' lang='grc' dir='ltr'><strong>θεωροίη</strong></span> <span class='ocrx_word' id='word_1_66' title='bbox 296 441 303 449; x_wconf 83' lang='grc'><em>’</em></span> <span class='ocrx_word' id='word_1_67' title='bbox 327 431 420 467; x_wconf 79' lang='grc' dir='ltr'>ἐπειόὴ</span> <span class='ocrx_word' id='word_1_68' title='bbox 437 431 556 466; x_wconf 80' lang='grc' dir='ltr'>πολλαχῆ</span> <span class='ocrx_word' id='word_1_69' title='bbox 579 429 695 464; x_wconf 80' lang='grc' dir='ltr'>Χριστὸς</span> <span class='ocrx_word' id='word_1_70' title='bbox 711 431 728 464; x_wconf 84' lang='grc' dir='ltr'><strong>ὴ</strong></span> <span class='ocrx_word' id='word_1_71' title='bbox 748 429 893 464; x_wconf 78' lang='grc' dir='ltr'><strong>Ἐκκλησία</strong></span> 
     </span>
    </p>
   </div>
   <div class='ocr_carea' id='block_1_12' title="bbox 112 475 893 517">
    <p class='ocr_par' dir='ltr' id='par_1_12' title="bbox 112 475 893 517">
     <span class='ocr_line' id='line_1_12' title="bbox 112 475 893 517; baseline -0.009 -9"><span class='ocrx_word' id='word_1_72' title='bbox 112 482 184 517; x_wconf 79' lang='grc' dir='ltr'>παρὰ</span> <span class='ocrx_word' id='word_1_73' title='bbox 206 480 253 507; x_wconf 79' lang='grc' dir='ltr'>τοῦ</span> <span class='ocrx_word' id='word_1_74' title='bbox 279 479 385 506; x_wconf 82' lang='grc' dir='ltr'><strong>Παύλου</strong></span> <span class='ocrx_word' id='word_1_75' title='bbox 414 476 627 511; x_wconf 75' lang='grc' dir='ltr'><strong>κατονομάζεται</strong></span> <span class='ocrx_word' id='word_1_76' title='bbox 642 484 648 490; x_wconf 90' lang='grc'>·</span> <span class='ocrx_word' id='word_1_77' title='bbox 675 475 764 506; x_wconf 85' lang='grc' dir='ltr'>καλῶς</span> <span class='ocrx_word' id='word_1_78' title='bbox 780 475 813 502; x_wconf 87' lang='grc' dir='ltr'>ἂν</span> <span class='ocrx_word' id='word_1_79' title='bbox 835 475 893 510; x_wconf 76' lang='grc' dir='ltr'>ἔχοι</span> 
     </span>
    </p>
   </div>
   <div class='ocr_carea' id='block_1_13' title="bbox 113 522 893 561">
    <p class='ocr_par' dir='ltr' id='par_1_13' title="bbox 113 522 893 561">
     <span class='ocr_line' id='line_1_13' title="bbox 113 522 893 561; baseline -0.006 -8"><span class='ocrx_word' id='word_1_80' title='bbox 113 528 173 558; x_wconf 79' lang='grc' dir='ltr'>τοὺς</span> <span class='ocrx_word' id='word_1_81' title='bbox 188 525 329 561; x_wconf 81' lang='grc' dir='ltr'><strong>ὑπηρέτας</strong></span> <span class='ocrx_word' id='word_1_82' title='bbox 342 524 389 551; x_wconf 85' lang='grc' dir='ltr'><strong>τοῦ</strong></span> <span class='ocrx_word' id='word_1_83' title='bbox 405 524 478 550; x_wconf 89' lang='grc' dir='ltr'>θείου</span> <span class='ocrx_word' id='word_1_84' title='bbox 490 524 650 559; x_wconf 81' lang='grc' dir='ltr'><strong>μυστηρίου,</strong></span> <span class='ocrx_word' id='word_1_85' title='bbox 664 523 709 555; x_wconf 84' lang='grc' dir='ltr'>οὓς</span> <span class='ocrx_word' id='word_1_86' title='bbox 723 524 769 549; x_wconf 79' lang='grc' dir='ltr'>καὶ</span> <span class='ocrx_word' id='word_1_87' title='bbox 782 522 893 554; x_wconf 81' lang='grc' dir='ltr'><strong>στύλους</strong></span> 
     </span>
    </p>
   </div>
   <div class='ocr_carea' id='block_1_14' title="bbox 111 568 893 608">
    <p class='ocr_par' dir='ltr' id='par_1_14' title="bbox 111 568 893 608">
     <span class='ocr_line' id='line_1_14' title="bbox 111 568 893 608; baseline -0.006 -9"><span class='ocrx_word' id='word_1_88' title='bbox 111 573 158 608; x_wconf 81' lang='grc' dir='ltr'>τῆς</span> <span class='ocrx_word' id='word_1_89' title='bbox 188 570 350 606; x_wconf 86' lang='grc' dir='ltr'>Ἐκκλησίας</span> <span class='ocrx_word' id='word_1_90' title='bbox 379 569 558 604; x_wconf 80' lang='grc' dir='ltr'>κατονομάζει</span> <span class='ocrx_word' id='word_1_91' title='bbox 581 571 594 596; x_wconf 92' lang='lat'><strong>6</strong></span> <span class='ocrx_word' id='word_1_92' title='bbox 614 569 702 602; x_wconf 85' lang='grc' dir='ltr'>λόγος,</span> <span class='ocrx_word' id='word_1_93' title='bbox 731 568 893 601; x_wconf 84' lang='grc' dir='ltr'><strong>ἀποστόλους</strong></span> 
     </span>
    </p>
   </div>
   <div class='ocr_carea' id='block_1_15' title="bbox 113 612 893 652">
    <p class='ocr_par' dir='ltr' id='par_1_15' title="bbox 113 612 893 652">
     <span class='ocr_line' id='line_1_15' title="bbox 113 612 893 652; baseline -0.005 -8"><span class='ocrx_word' id='word_1_94' title='bbox 113 627 139 645; x_wconf 86' lang='grc' dir='ltr'><strong>τε</strong></span> <span class='ocrx_word' id='word_1_95' title='bbox 153 617 200 652; x_wconf 52' lang='grc' dir='ltr'>καὶ</span> <span class='ocrx_word' id='word_1_96' title='bbox 214 616 387 646; x_wconf 75' lang='grc' dir='ltr'><strong>διδασκάλους</strong></span> <span class='ocrx_word' id='word_1_97' title='bbox 402 614 449 641; x_wconf 81' lang='grc' dir='ltr'>καὶ</span> <span class='ocrx_word' id='word_1_98' title='bbox 463 614 615 650; x_wconf 73' lang='grc' dir='ltr'>προφήτας.</span> <span class='ocrx_word' id='word_1_99' title='bbox 630 614 664 640; x_wconf 84' lang='grc' dir='ltr'>τὰ</span> <span class='ocrx_word' id='word_1_100' title='bbox 674 614 792 648; x_wconf 82' lang='grc' dir='ltr'>ὀνόματα</span> <span class='ocrx_word' id='word_1_101' title='bbox 807 612 893 640; x_wconf 82' lang='grc' dir='ltr'>ταῦτα</span> 
     </span>
    </p>
   </div>
   <div class='ocr_carea' id='block_1_16' title="bbox 111 658 893 697">
    <p class='ocr_par' dir='ltr' id='par_1_16' title="bbox 111 658 893 697">
     <span class='ocr_line' id='line_1_16' title="bbox 111 658 893 697; baseline -0.006 -8"><span class='ocrx_word' id='word_1_102' title='bbox 111 662 253 697; x_wconf 81' lang='grc' dir='ltr'><strong>ὀνομάζειν</strong></span> <span class='ocrx_word' id='word_1_103' title='bbox 269 658 349 687; x_wconf 77' lang='grc' dir='ltr'>εἶναι.</span> <span class='ocrx_word' id='word_1_104' title='bbox 365 660 402 687; x_wconf 83' lang='grc' dir='ltr'><strong>Οὐ</strong></span> <span class='ocrx_word' id='word_1_105' title='bbox 423 659 476 694; x_wconf 77' lang='grc' dir='ltr'>γὰρ</span> <span class='ocrx_word' id='word_1_106' title='bbox 492 659 571 693; x_wconf 86' lang='grc' dir='ltr'>μόνον</span> <span class='ocrx_word' id='word_1_107' title='bbox 585 658 686 694; x_wconf 82' lang='grc' dir='ltr'><strong>Πέτρος</strong></span> <span class='ocrx_word' id='word_1_108' title='bbox 703 659 749 685; x_wconf 71' lang='grc' dir='ltr'>καὶ</span> <span class='ocrx_word' id='word_1_109' title='bbox 768 659 893 694; x_wconf 79' lang='grc' dir='ltr'><strong>Ἰωάννης</strong></span> 
     </span>
    </p>
   </div>
   <div class='ocr_carea' id='block_1_17' title="bbox 113 704 894 740">
    <p class='ocr_par' dir='ltr' id='par_1_17' title="bbox 113 704 894 740">
     <span class='ocr_line' id='line_1_17' title="bbox 113 704 894 740; baseline -0.01 -3"><span class='ocrx_word' id='word_1_110' title='bbox 113 710 157 736; x_wconf 83' lang='grc' dir='ltr'><strong>καὶ</strong></span> <span class='ocrx_word' id='word_1_111' title='bbox 188 706 335 739; x_wconf 76' lang='grc' dir='ltr'>Ἰάκωϐος,</span> <span class='ocrx_word' id='word_1_112' title='bbox 359 705 450 733; x_wconf 84' lang='grc' dir='ltr'>στύλοι</span> <span class='ocrx_word' id='word_1_113' title='bbox 471 705 521 740; x_wconf 84' lang='grc' dir='ltr'>τῆς</span> <span class='ocrx_word' id='word_1_114' title='bbox 542 704 703 739; x_wconf 81' lang='grc' dir='ltr'>Ἐκκλησίας</span> <span class='ocrx_word' id='word_1_115' title='bbox 728 705 814 730; x_wconf 67' lang='grc' dir='ltr'>εἰσίνθ</span> <span class='ocrx_word' id='word_1_116' title='bbox 834 704 894 731; x_wconf 75' lang='grc' dir='ltr'><strong>οὐδὲ</strong></span> 
     </span>
    </p>
   </div>
   <div class='ocr_carea' id='block_1_18' title="bbox 114 747 893 791">
    <p class='ocr_par' dir='ltr' id='par_1_18' title="bbox 114 747 893 791">
     <span class='ocr_line' id='line_1_18' title="bbox 114 747 893 791; baseline -0.008 -10"><span class='ocrx_word' id='word_1_117' title='bbox 114 755 190 791; x_wconf 83' lang='grc' dir='ltr'>μόνος</span> <span class='ocrx_word' id='word_1_118' title='bbox 213 754 227 780; x_wconf 97' lang='lat'><strong>6</strong></span> <span class='ocrx_word' id='word_1_119' title='bbox 253 750 410 786; x_wconf 76' lang='grc' dir='ltr'>Βαπτιατὴς</span> <span class='ocrx_word' id='word_1_120' title='bbox 440 750 566 784; x_wconf 84' lang='grc' dir='ltr'><strong>Ἰωάννης</strong></span> <span class='ocrx_word' id='word_1_121' title='bbox 589 751 603 776; x_wconf 89' lang='grc' dir='ltr'>ὀ</span> <span class='ocrx_word' id='word_1_122' title='bbox 627 750 722 785; x_wconf 82' lang='grc' dir='ltr'>λύχνος</span> <span class='ocrx_word' id='word_1_123' title='bbox 735 747 769 785; x_wconf 84' lang='grc' dir='ltr'><strong>ἦν</strong></span> <span class='ocrx_word' id='word_1_124' title='bbox 784 749 893 785; x_wconf 84' lang='grc' dir='ltr'>καιόμε-</span> 
     </span>
    </p>
   </div>
   <div class='ocr_carea' id='block_1_19' title="bbox 114 795 894 832">
    <p class='ocr_par' dir='ltr' id='par_1_19' title="bbox 114 795 894 832">
     <span class='ocr_line' id='line_1_19' title="bbox 114 795 894 832; baseline -0.008 -4"><span class='ocrx_word' id='word_1_125' title='bbox 114 809 168 832; x_wconf 85' lang='grc' dir='ltr'>νος·</span> <span class='ocrx_word' id='word_1_126' title='bbox 194 800 262 826; x_wconf 80' lang='grc' dir='ltr'>ἀλλὰ</span> <span class='ocrx_word' id='word_1_127' title='bbox 287 798 387 828; x_wconf 78' lang='grc' dir='ltr'>πάντες</span> <span class='ocrx_word' id='word_1_128' title='bbox 410 798 434 823; x_wconf 78' lang='grc' dir='ltr'><strong>οἱ</strong></span> <span class='ocrx_word' id='word_1_129' title='bbox 461 796 494 823; x_wconf 84' lang='grc' dir='ltr'><strong>δι’</strong></span> <span class='ocrx_word' id='word_1_130' title='bbox 522 795 626 823; x_wconf 82' lang='grc' dir='ltr'><strong>ἑαυτῶν</strong></span> <span class='ocrx_word' id='word_1_131' title='bbox 648 796 697 831; x_wconf 82' lang='grc' dir='ltr'>τὴν</span> <span class='ocrx_word' id='word_1_132' title='bbox 731 796 894 829; x_wconf 84' lang='grc' dir='ltr'><strong>Ἐκκλησίαν</strong></span> 
     </span>
    </p>
   </div>
   <div class='ocr_carea' id='block_1_20' title="bbox 112 841 894 882">
    <p class='ocr_par' dir='ltr' id='par_1_20' title="bbox 112 841 894 882">
     <span class='ocr_line' id='line_1_20' title="bbox 112 841 894 882; baseline -0.008 -9"><span class='ocrx_word' id='word_1_133' title='bbox 112 846 268 882; x_wconf 76' lang='grc' dir='ltr'>ἐρείδοντες,</span> <span class='ocrx_word' id='word_1_134' title='bbox 291 844 336 871; x_wconf 78' lang='grc' dir='ltr'><strong>καὶ</strong></span> <span class='ocrx_word' id='word_1_135' title='bbox 361 844 385 870; x_wconf 82' lang='lat' dir='ltr'><strong>oi</strong></span> <span class='ocrx_word' id='word_1_136' title='bbox 410 843 454 869; x_wconf 82' lang='grc' dir='ltr'><strong>διὰ</strong></span> <span class='ocrx_word' id='word_1_137' title='bbox 478 842 531 868; x_wconf 83' lang='grc' dir='ltr'>τῶν</span> <span class='ocrx_word' id='word_1_138' title='bbox 555 842 626 869; x_wconf 76' lang='grc' dir='ltr'>ἰδίων</span> <span class='ocrx_word' id='word_1_139' title='bbox 639 841 725 877; x_wconf 77' lang='grc' dir='ltr'>ἔργων</span> <span class='ocrx_word' id='word_1_140' title='bbox 752 841 894 876; x_wconf 74' lang='grc' dir='ltr'><strong>φωστῆρες</strong></span> 
     </span>
    </p>
   </div>
   <div class='ocr_carea' id='block_1_21' title="bbox 112 887 894 926">
    <p class='ocr_par' dir='ltr' id='par_1_21' title="bbox 112 887 894 926">
     <span class='ocr_line' id='line_1_21' title="bbox 112 887 894 926; baseline -0.008 -8"><span class='ocrx_word' id='word_1_141' title='bbox 112 892 256 926; x_wconf 84' lang='grc' dir='ltr'><strong>γινόμενοι,</strong></span> <span class='ocrx_word' id='word_1_142' title='bbox 280 890 327 916; x_wconf 74' lang='grc' dir='ltr'>καὶ</span> <span class='ocrx_word' id='word_1_143' title='bbox 341 888 432 915; x_wconf 86' lang='grc' dir='ltr'>στύλοι</span> <span class='ocrx_word' id='word_1_144' title='bbox 448 887 495 914; x_wconf 78' lang='grc' dir='ltr'><strong>καὶ</strong></span> <span class='ocrx_word' id='word_1_145' title='bbox 511 887 600 922; x_wconf 85' lang='grc' dir='ltr'><strong>λύχνοι</strong></span> <span class='ocrx_word' id='word_1_146' title='bbox 615 887 748 921; x_wconf 78' lang='grc' dir='ltr'>λέγονται.</span> <span class='ocrx_word' id='word_1_147' title='bbox 767 896 776 913; x_wconf 81' lang='grc' dir='ltr'><strong>ι</strong></span> <span class='ocrx_word' id='word_1_148' title='bbox 800 887 894 922; x_wconf 79' lang='grc' dir='ltr'>Ὑμεῖς</span> 
     </span>
    </p>
   </div>
   <div class='ocr_carea' id='block_1_22' title="bbox 111 931 895 971">
    <p class='ocr_par' dir='ltr' id='par_1_22' title="bbox 111 931 895 971">
     <span class='ocr_line' id='line_1_22' title="bbox 111 931 895 971; baseline -0.009 -7"><span class='ocrx_word' id='word_1_149' title='bbox 111 939 171 964; x_wconf 76' lang='grc' dir='ltr'>ἐστε</span> <span class='ocrx_word' id='word_1_150' title='bbox 183 937 214 963; x_wconf 82' lang='grc' dir='ltr'><strong>τὸ</strong></span> <span class='ocrx_word' id='word_1_151' title='bbox 235 936 293 971; x_wconf 85' lang='grc' dir='ltr'><strong>φῶς</strong></span> <span class='ocrx_word' id='word_1_152' title='bbox 306 934 354 962; x_wconf 84' lang='grc' dir='ltr'><strong>τοῦ</strong></span> <span class='ocrx_word' id='word_1_153' title='bbox 369 934 483 969; x_wconf 81' lang='grc' dir='ltr'><strong>κόσμου,</strong></span> <span class='ocrx_word' id='word_1_154' title='bbox 505 943 514 960; x_wconf 82' lang='grc' dir='ltr'><strong>ι</strong></span> <span class='ocrx_word' id='word_1_155' title='bbox 535 933 601 968; x_wconf 81' lang='grc' dir='ltr'>φησὶ</span> <span class='ocrx_word' id='word_1_156' title='bbox 616 933 684 967; x_wconf 84' lang='grc' dir='ltr'>πρὸς</span> <span class='ocrx_word' id='word_1_157' title='bbox 702 932 765 964; x_wconf 82' lang='grc' dir='ltr'>τοὺς</span> <span class='ocrx_word' id='word_1_158' title='bbox 779 931 895 958; x_wconf 84' lang='grc' dir='ltr'>ἀποστό-</span> 
     </span>
    </p>
   </div>
   <div class='ocr_carea' id='block_1_23' title="bbox 112 977 897 1016">
    <p class='ocr_par' dir='ltr' id='par_1_23' title="bbox 112 977 897 1016">
     <span class='ocr_line' id='line_1_23' title="bbox 112 977 897 1016; baseline -0.008 -7"><span class='ocrx_word' id='word_1_159' title='bbox 112 983 172 1014; x_wconf 89' lang='grc' dir='ltr'>λους</span> <span class='ocrx_word' id='word_1_160' title='bbox 191 983 204 1008; x_wconf 91' lang='lat'><strong>6</strong></span> <span class='ocrx_word' id='word_1_161' title='bbox 227 981 338 1016; x_wconf 83' lang='grc' dir='ltr'>Κύριος.</span> <span class='ocrx_word' id='word_1_162' title='bbox 354 980 409 1006; x_wconf 78' lang='grc' dir='ltr'><strong>Καὶ</strong></span> <span class='ocrx_word' id='word_1_163' title='bbox 423 979 504 1006; x_wconf 80' lang='grc' dir='ltr'>πάλιν</span> <span class='ocrx_word' id='word_1_164' title='bbox 523 978 633 1014; x_wconf 78' lang='grc' dir='ltr'>ἑτέρους</span> <span class='ocrx_word' id='word_1_165' title='bbox 647 979 661 1004; x_wconf 89' lang='lat'><strong>6</strong></span> <span class='ocrx_word' id='word_1_166' title='bbox 676 977 753 1009; x_wconf 78' lang='grc' dir='ltr'>Θεῖος</span> <span class='ocrx_word' id='word_1_167' title='bbox 771 977 897 1004; x_wconf 76' lang='grc' dir='ltr'>’Δπόστο-</span> 
     </span>
    </p>
   </div>
   <div class='ocr_carea' id='block_1_24' title="bbox 112 1023 894 1060">
    <p class='ocr_par' dir='ltr' id='par_1_24' title="bbox 112 1023 894 1060">
     <span class='ocr_line' id='line_1_24' title="bbox 112 1023 894 1060; baseline -0.005 -6"><span class='ocrx_word' id='word_1_168' title='bbox 112 1029 154 1058; x_wconf 86' lang='grc' dir='ltr'>λος</span> <span class='ocrx_word' id='word_1_169' title='bbox 169 1027 278 1058; x_wconf 79' lang='grc' dir='ltr'>στύλους</span> <span class='ocrx_word' id='word_1_170' title='bbox 293 1024 659 1058; x_wconf 76' lang='grc' dir='ltr'>εἶναιδιακελεύεται,λέγων</span> <span class='ocrx_word' id='word_1_171' title='bbox 669 1032 675 1039; x_wconf 93' lang='grc'>·</span> <span class='ocrx_word' id='word_1_172' title='bbox 693 1033 702 1049; x_wconf 85' lang='grc' dir='ltr'><strong>ι</strong></span> <span class='ocrx_word' id='word_1_173' title='bbox 723 1024 840 1060; x_wconf 86' lang='grc' dir='ltr'>Ἑδραῖοι</span> <span class='ocrx_word' id='word_1_174' title='bbox 851 1023 894 1058; x_wconf 72' lang='grc' dir='ltr'><strong>τι.</strong></span> 
     </span>
    </p>
   </div>
   <div class='ocr_carea' id='block_1_25' title="bbox 110 1067 896 1103">
    <p class='ocr_par' dir='ltr' id='par_1_25' title="bbox 110 1067 896 1103">
     <span class='ocr_line' id='line_1_25' title="bbox 110 1067 896 1103; baseline 0 -10"><span class='ocrx_word' id='word_1_175' title='bbox 110 1067 185 1094; x_wconf 83' lang='grc' dir='ltr'>νεσθε</span> <span class='ocrx_word' id='word_1_176' title='bbox 207 1068 253 1094; x_wconf 66' lang='grc' dir='ltr'>καὶ</span> <span class='ocrx_word' id='word_1_177' title='bbox 275 1068 560 1102; x_wconf 78' lang='grc' dir='ltr'>ἀμετακίνητοι.ιΚαὶ</span> <span class='ocrx_word' id='word_1_178' title='bbox 586 1067 632 1094; x_wconf 80' lang='grc' dir='ltr'><strong>τὸν</strong></span> <span class='ocrx_word' id='word_1_179' title='bbox 656 1067 787 1103; x_wconf 85' lang='grc' dir='ltr'>Τιμόθεον</span> <span class='ocrx_word' id='word_1_180' title='bbox 816 1067 896 1093; x_wconf 79' lang='grc' dir='ltr'>καλὸν</span> 
     </span>
    </p>
   </div>
   <div class='ocr_carea' id='block_1_26' title="bbox 110 1112 895 1148">
    <p class='ocr_par' dir='ltr' id='par_1_26' title="bbox 110 1112 895 1148">
     <span class='ocr_line' id='line_1_26' title="bbox 110 1112 895 1148; baseline -0.003 -8"><span class='ocrx_word' id='word_1_181' title='bbox 110 1112 203 1140; x_wconf 69' lang='grc' dir='ltr'>στύλον</span> <span class='ocrx_word' id='word_1_182' title='bbox 228 1114 400 1147; x_wconf 75' lang='grc' dir='ltr'>ἐτεκτήνατο,</span> <span class='ocrx_word' id='word_1_183' title='bbox 425 1113 538 1148; x_wconf 82' lang='grc' dir='ltr'><strong>ποιήσας</strong></span> <span class='ocrx_word' id='word_1_184' title='bbox 561 1113 641 1140; x_wconf 78' lang='grc' dir='ltr'>αὑτὸν</span> <span class='ocrx_word' id='word_1_185' title='bbox 662 1112 761 1147; x_wconf 86' lang='grc' dir='ltr'>(καθώς</span> <span class='ocrx_word' id='word_1_186' title='bbox 778 1121 844 1147; x_wconf 79' lang='grc' dir='ltr'>φησι</span> <span class='ocrx_word' id='word_1_187' title='bbox 862 1113 895 1148; x_wconf 83' lang='grc' dir='ltr'>τῇ</span> 
     </span>
    </p>
   </div>
   <div class='ocr_carea' id='block_1_27' title="bbox 111 1157 897 1195">
    <p class='ocr_par' dir='ltr' id='par_1_27' title="bbox 111 1157 897 1195">
     <span class='ocr_line' id='line_1_27' title="bbox 111 1157 897 1195; baseline -0.003 -10"><span class='ocrx_word' id='word_1_188' title='bbox 111 1159 162 1195; x_wconf 78' lang='grc' dir='ltr'><strong>ἰδίᾳ</strong></span> <span class='ocrx_word' id='word_1_189' title='bbox 194 1161 280 1194; x_wconf 81' lang='grc' dir='ltr'><strong>φωνῇ)</strong></span> <span class='ocrx_word' id='word_1_190' title='bbox 305 1159 398 1186; x_wconf 87' lang='grc' dir='ltr'>στύλον</span> <span class='ocrx_word' id='word_1_191' title='bbox 425 1159 473 1185; x_wconf 82' lang='grc' dir='ltr'><strong>καὶ</strong></span> <span class='ocrx_word' id='word_1_192' title='bbox 498 1158 637 1193; x_wconf 78' lang='grc' dir='ltr'><strong>ἑδραίωμα</strong></span> <span class='ocrx_word' id='word_1_193' title='bbox 660 1159 709 1193; x_wconf 79' lang='grc' dir='ltr'>τῆς</span> <span class='ocrx_word' id='word_1_194' title='bbox 736 1157 897 1192; x_wconf 84' lang='grc' dir='ltr'>Ἐκκλησίας</span> 
     </span>
    </p>
   </div>
   <div class='ocr_carea' id='block_1_28' title="bbox 112 1201 896 1240">
    <p class='ocr_par' dir='ltr' id='par_1_28' title="bbox 112 1201 896 1240">
     <span class='ocr_line' id='line_1_28' title="bbox 112 1201 896 1240; baseline -0.004 -10"><span class='ocrx_word' id='word_1_195' title='bbox 112 1204 248 1239; x_wconf 75' lang='grc' dir='ltr'>ἀληθείας.</span> <span class='ocrx_word' id='word_1_196' title='bbox 272 1203 315 1230; x_wconf 84' lang='grc' dir='ltr'><strong>Ἐν</strong></span> <span class='ocrx_word' id='word_1_197' title='bbox 333 1203 419 1240; x_wconf 83' lang='grc' dir='ltr'>ταύτῃ</span> <span class='ocrx_word' id='word_1_198' title='bbox 436 1204 469 1238; x_wconf 82' lang='grc' dir='ltr'>τῇ</span> <span class='ocrx_word' id='word_1_199' title='bbox 493 1204 579 1238; x_wconf 85' lang='grc' dir='ltr'>σκηνῇ</span> <span class='ocrx_word' id='word_1_200' title='bbox 597 1202 643 1229; x_wconf 76' lang='grc' dir='ltr'>καὶ</span> <span class='ocrx_word' id='word_1_201' title='bbox 661 1202 741 1228; x_wconf 77' lang='grc' dir='ltr'>θυσία</span> <span class='ocrx_word' id='word_1_202' title='bbox 757 1201 806 1236; x_wconf 79' lang='grc' dir='ltr'>τῆς</span> <span class='ocrx_word' id='word_1_203' title='bbox 825 1201 896 1228; x_wconf 58' lang='grc' dir='ltr'>αἰνέι</span> 
     </span>
    </p>
   </div>
   <div class='ocr_carea' id='block_1_29' title="bbox 116 1242 897 1284">
    <p class='ocr_par' dir='ltr' id='par_1_29' title="bbox 116 1242 897 1284">
     <span class='ocr_line' id='line_1_29' title="bbox 116 1242 897 1284; baseline -0.004 -8"><span class='ocrx_word' id='word_1_204' title='bbox 116 1258 190 1281; x_wconf 72' lang='grc' dir='ltr'>σεως,</span> <span class='ocrx_word' id='word_1_205' title='bbox 211 1250 255 1276; x_wconf 76' lang='grc' dir='ltr'>καὶ</span> <span class='ocrx_word' id='word_1_206' title='bbox 273 1249 396 1284; x_wconf 84' lang='grc' dir='ltr'>θυμίαμα</span> <span class='ocrx_word' id='word_1_207' title='bbox 417 1249 466 1283; x_wconf 80' lang='grc' dir='ltr'><strong>τῆς</strong></span> <span class='ocrx_word' id='word_1_208' title='bbox 482 1242 642 1283; x_wconf 66' lang='grc' dir='ltr'>προσευχῆς.</span> <span class='ocrx_word' id='word_1_209' title='bbox 659 1248 676 1282; x_wconf 80' lang='grc' dir='ltr'><strong>ἡ</strong></span> <span class='ocrx_word' id='word_1_210' title='bbox 697 1247 736 1282; x_wconf 79' lang='grc' dir='ltr'>τῷ</span> <span class='ocrx_word' id='word_1_211' title='bbox 749 1247 838 1282; x_wconf 74' lang='grc' dir='ltr'>ὄρθρῳ</span> <span class='ocrx_word' id='word_1_212' title='bbox 852 1247 897 1273; x_wconf 77' lang='grc' dir='ltr'>καὶ</span> 
     </span>
    </p>
   </div>
   <div class='ocr_carea' id='block_1_30' title="bbox 111 1291 896 1329">
    <p class='ocr_par' dir='ltr' id='par_1_30' title="bbox 111 1291 896 1329">
     <span class='ocr_line' id='line_1_30' title="bbox 111 1291 896 1329; baseline -0.004 -10"><span class='ocrx_word' id='word_1_213' title='bbox 111 1294 143 1328; x_wconf 84' lang='grc' dir='ltr'><strong>τῇ</strong></span> <span class='ocrx_word' id='word_1_214' title='bbox 160 1293 264 1329; x_wconf 59' lang='grc' dir='ltr'>ἑσπέρᾳ</span> <span class='ocrx_word' id='word_1_215' title='bbox 283 1292 463 1327; x_wconf 72' lang='grc' dir='ltr'><strong>ἐνεργουμένη</strong></span> <span class='ocrx_word' id='word_1_216' title='bbox 478 1291 521 1318; x_wconf 81' lang='grc' dir='ltr'><strong>διὰ</strong></span> <span class='ocrx_word' id='word_1_217' title='bbox 535 1291 634 1322; x_wconf 83' lang='grc' dir='ltr'>παντὸς</span> <span class='ocrx_word' id='word_1_218' title='bbox 650 1292 814 1326; x_wconf 76' lang='grc' dir='ltr'>καθορᾶται·</span> <span class='ocrx_word' id='word_1_219' title='bbox 828 1291 896 1317; x_wconf 78' lang='grc' dir='ltr'>νοεζν</span> 
     </span>
    </p>
   </div>
   <div class='ocr_carea' id='block_1_31' title="bbox 108 1336 896 1373">
    <p class='ocr_par' dir='ltr' id='par_1_31' title="bbox 108 1336 896 1373">
     <span class='ocr_line' id='line_1_31' title="bbox 108 1336 896 1373; baseline -0.001 -10"><span class='ocrx_word' id='word_1_220' title='bbox 108 1337 136 1364; x_wconf 77' lang='grc' dir='ltr'><strong>δὲ</strong></span> <span class='ocrx_word' id='word_1_221' title='bbox 161 1338 250 1364; x_wconf 77' lang='grc' dir='ltr'>δίδωσι</span> <span class='ocrx_word' id='word_1_222' title='bbox 278 1337 363 1364; x_wconf 81' lang='grc' dir='ltr'>ταῦτα</span> <span class='ocrx_word' id='word_1_223' title='bbox 383 1338 398 1364; x_wconf 87' lang='lat'><strong>6</strong></span> <span class='ocrx_word' id='word_1_224' title='bbox 421 1337 507 1373; x_wconf 77' lang='grc' dir='ltr'>μέγας</span> <span class='ocrx_word' id='word_1_225' title='bbox 538 1337 629 1369; x_wconf 57' lang='grc' dir='ltr'><strong>Δαυῖᾆ</strong></span> <span class='ocrx_word' id='word_1_226' title='bbox 659 1336 830 1363; x_wconf 79' lang='grc' dir='ltr'>κατευθύνων</span> <span class='ocrx_word' id='word_1_227' title='bbox 858 1337 896 1368; x_wconf 75' lang='grc' dir='ltr'><strong>εἰς</strong></span> 
     </span>
    </p>
   </div>
   <div class='ocr_carea' id='block_1_32' title="bbox 107 1381 895 1418">
    <p class='ocr_par' dir='ltr' id='par_1_32' title="bbox 107 1381 895 1418">
     <span class='ocr_line' id='line_1_32' title="bbox 107 1381 895 1418; baseline -0.003 -9"><span class='ocrx_word' id='word_1_228' title='bbox 107 1383 194 1418; x_wconf 77' lang='grc' dir='ltr'>ὀσμὴν</span> <span class='ocrx_word' id='word_1_229' title='bbox 214 1383 326 1414; x_wconf 78' lang='grc' dir='ltr'>εὐωδίας</span> <span class='ocrx_word' id='word_1_230' title='bbox 345 1382 383 1418; x_wconf 86' lang='grc' dir='ltr'>τῷ</span> <span class='ocrx_word' id='word_1_231' title='bbox 402 1382 461 1418; x_wconf 86' lang='grc' dir='ltr'><strong>Θεῷ</strong></span> <span class='ocrx_word' id='word_1_232' title='bbox 477 1383 526 1418; x_wconf 86' lang='grc' dir='ltr'>τῆς</span> <span class='ocrx_word' id='word_1_233' title='bbox 540 1382 693 1418; x_wconf 76' lang='grc' dir='ltr'>προσευχῆς</span> <span class='ocrx_word' id='word_1_234' title='bbox 713 1381 742 1407; x_wconf 83' lang='grc' dir='ltr'>τὺ</span> <span class='ocrx_word' id='word_1_235' title='bbox 762 1381 895 1416; x_wconf 83' lang='grc' dir='ltr'><strong>Θυμίαμα”</strong></span> 
     </span>
    </p>
   </div>
   <div class='ocr_carea' id='block_1_33' title="bbox 109 1427 897 1463">
    <p class='ocr_par' dir='ltr' id='par_1_33' title="bbox 109 1427 897 1463">
     <span class='ocr_line' id='line_1_33' title="bbox 109 1427 897 1463; baseline -0.004 -8"><span class='ocrx_word' id='word_1_236' title='bbox 109 1429 155 1455; x_wconf 73' lang='grc' dir='ltr'>καὶ</span> <span class='ocrx_word' id='word_1_237' title='bbox 171 1428 216 1455; x_wconf 76' lang='grc' dir='ltr'><strong>διὰ</strong></span> <span class='ocrx_word' id='word_1_238' title='bbox 233 1429 282 1463; x_wconf 77' lang='grc' dir='ltr'><strong>τῆς</strong></span> <span class='ocrx_word' id='word_1_239' title='bbox 313 1429 449 1460; x_wconf 76' lang='grc' dir='ltr'>ἐκτάσεως</span> <span class='ocrx_word' id='word_1_240' title='bbox 467 1427 521 1454; x_wconf 85' lang='grc' dir='ltr'><strong>τῶν</strong></span> <span class='ocrx_word' id='word_1_241' title='bbox 546 1427 656 1463; x_wconf 83' lang='grc' dir='ltr'>χειρῶν,</span> <span class='ocrx_word' id='word_1_242' title='bbox 680 1427 828 1462; x_wconf 84' lang='grc' dir='ltr'>ἱερουργῶν</span> <span class='ocrx_word' id='word_1_243' title='bbox 849 1427 897 1462; x_wconf 82' lang='grc' dir='ltr'>τὴν</span> 
     </span>
    </p>
   </div>
   <div class='ocr_carea' id='block_1_34' title="bbox 948 207 1732 243">
    <p class='ocr_par' dir='ltr' id='par_1_34' title="bbox 948 207 1732 243">
     <span class='ocr_line' id='line_1_34' title="bbox 948 207 1732 243; baseline 0.001 -8"><span class='ocrx_word' id='word_1_244' title='bbox 948 208 974 235; x_wconf 91' lang='lat' dir='ltr'><strong>in</strong></span> <span class='ocrx_word' id='word_1_245' title='bbox 990 215 1103 242; x_wconf 82' lang='lat' dir='ltr'><strong>corpore</strong></span> <span class='ocrx_word' id='word_1_246' title='bbox 1118 208 1190 242; x_wconf 90' lang='lat' dir='ltr'><strong>pilus</strong></span> <span class='ocrx_word' id='word_1_247' title='bbox 1201 207 1304 242; x_wconf 83' lang='lat' dir='ltr'><strong>absque</strong></span> <span class='ocrx_word' id='word_1_248' title='bbox 1320 216 1401 236; x_wconf 86' lang='lat' dir='ltr'><strong>sensu</strong></span> <span class='ocrx_word' id='word_1_249' title='bbox 1417 209 1464 241; x_wconf 85' lang='lat' dir='ltr'><strong>sit,</strong></span> <span class='ocrx_word' id='word_1_250' title='bbox 1480 216 1534 236; x_wconf 93' lang='lat' dir='ltr'><strong>non</strong></span> <span class='ocrx_word' id='word_1_251' title='bbox 1547 208 1646 243; x_wconf 81' lang='lat' dir='ltr'><strong>injuria</strong></span> <span class='ocrx_word' id='word_1_252' title='bbox 1658 215 1732 236; x_wconf 80' lang='lat' dir='ltr'><strong>mm-</strong></span> 
     </span>
    </p>
   </div>
   <div class='ocr_carea' id='block_1_35' title="bbox 948 253 1281 289">
    <p class='ocr_par' dir='ltr' id='par_1_35' title="bbox 948 253 1281 289">
     <span class='ocr_line' id='line_1_35' title="bbox 948 253 1281 289; baseline 0 -8"><span class='ocrx_word' id='word_1_253' title='bbox 948 255 983 281; x_wconf 87' lang='lat' dir='ltr'><strong>tis</strong></span> <span class='ocrx_word' id='word_1_254' title='bbox 1001 254 1154 289; x_wconf 86' lang='lat' dir='ltr'><strong>symbolum</strong></span> <span class='ocrx_word' id='word_1_255' title='bbox 1170 253 1281 281; x_wconf 85' lang='lat' dir='ltr'><strong>dicitur.</strong></span> 
     </span>
    </p>
   </div>
   <div class='ocr_carea' id='block_1_36' title="bbox 983 344 1731 380">
    <p class='ocr_par' dir='ltr' id='par_1_36' title="bbox 983 344 1731 380">
     <span class='ocr_line' id='line_1_36' title="bbox 983 344 1731 380; baseline 0.003 -8"><span class='ocrx_word' id='word_1_256' title='bbox 983 345 1044 372; x_wconf 65' lang='lat' dir='ltr'><strong>llaec</strong></span> <span class='ocrx_word' id='word_1_257' title='bbox 1060 345 1141 380; x_wconf 76' lang='lat' dir='ltr'><strong>igitur</strong></span> <span class='ocrx_word' id='word_1_258' title='bbox 1155 345 1182 372; x_wconf 93' lang='lat' dir='ltr'><strong>in</strong></span> <span class='ocrx_word' id='word_1_259' title='bbox 1197 345 1339 380; x_wconf 80' lang='lat' dir='ltr'><strong>superiore</strong></span> <span class='ocrx_word' id='word_1_260' title='bbox 1354 344 1530 372; x_wconf 84' lang='lat' dir='ltr'><strong>tabernaculo</strong></span> <span class='ocrx_word' id='word_1_261' title='bbox 1544 345 1731 374; x_wconf 77' lang='lat' dir='ltr'><strong>materialibrs</strong></span> 
     </span>
    </p>
   </div>
   <div class='ocr_carea' id='block_1_37' title="bbox 946 388 1731 425">
    <p class='ocr_par' dir='ltr' id='par_1_37' title="bbox 946 388 1731 425">
     <span class='ocr_line' id='line_1_37' title="bbox 946 388 1731 425; baseline -0.001 -9"><span class='ocrx_word' id='word_1_262' title='bbox 946 390 1002 417; x_wconf 85' lang='lat' dir='ltr'><strong>illis</strong></span> <span class='ocrx_word' id='word_1_263' title='bbox 1014 390 1167 425; x_wconf 75' lang='lat' dir='ltr'><strong>signiﬁcata</strong></span> <span class='ocrx_word' id='word_1_264' title='bbox 1182 396 1320 425; x_wconf 84' lang='lat' dir='ltr'><strong>putamus.</strong></span> <span class='ocrx_word' id='word_1_265' title='bbox 1335 389 1362 416; x_wconf 93' lang='lat' dir='ltr'><strong>In</strong></span> <span class='ocrx_word' id='word_1_266' title='bbox 1374 388 1502 416; x_wconf 83' lang='lat' dir='ltr'><strong>inferiore</strong></span> <span class='ocrx_word' id='word_1_267' title='bbox 1514 396 1587 421; x_wconf 84' lang='lat' dir='ltr'><strong>vero,</strong></span> <span class='ocrx_word' id='word_1_268' title='bbox 1602 390 1731 424; x_wconf 88' lang='lat' dir='ltr'><strong>quoniam</strong></span> 
     </span>
    </p>
   </div>
   <div class='ocr_carea' id='block_1_38' title="bbox 948 434 1732 470">
    <p class='ocr_par' dir='ltr' id='par_1_38' title="bbox 948 434 1732 470">
     <span class='ocr_line' id='line_1_38' title="bbox 948 434 1732 470; baseline -0.004 -7"><span class='ocrx_word' id='word_1_269' title='bbox 948 436 1045 470; x_wconf 66' lang='lat' dir='ltr'><strong>saepius</strong></span> <span class='ocrx_word' id='word_1_270' title='bbox 1057 443 1071 463; x_wconf 90' lang='lat' dir='ltr'><strong>a</strong></span> <span class='ocrx_word' id='word_1_271' title='bbox 1089 435 1173 463; x_wconf 82' lang='lat' dir='ltr'><strong>Paulo</strong></span> <span class='ocrx_word' id='word_1_272' title='bbox 1188 435 1307 463; x_wconf 82' lang='lat' dir='ltr'><strong>Ecclesia</strong></span> <span class='ocrx_word' id='word_1_273' title='bbox 1334 434 1460 462; x_wconf 73' lang='lat' dir='ltr'><strong>Christus</strong></span> <span class='ocrx_word' id='word_1_274' title='bbox 1480 434 1641 468; x_wconf 78' lang='lat' dir='ltr'><strong>appellatur,</strong></span> <span class='ocrx_word' id='word_1_275' title='bbox 1654 435 1732 461; x_wconf 80' lang='lat' dir='ltr'><strong>Chri-</strong></span> 
     </span>
    </p>
   </div>
   <div class='ocr_carea' id='block_1_39' title="bbox 947 480 1731 515">
    <p class='ocr_par' dir='ltr' id='par_1_39' title="bbox 947 480 1731 515">
     <span class='ocr_line' id='line_1_39' title="bbox 947 480 1731 515; baseline -0.004 -6"><span class='ocrx_word' id='word_1_276' title='bbox 947 486 1007 509; x_wconf 89' lang='lat' dir='ltr'><strong>stus</strong></span> <span class='ocrx_word' id='word_1_277' title='bbox 1021 486 1122 513; x_wconf 87' lang='lat' dir='ltr'><strong>autem,</strong></span> <span class='ocrx_word' id='word_1_278' title='bbox 1138 485 1167 508; x_wconf 88' lang='lat' dir='ltr'><strong>ut</strong></span> <span class='ocrx_word' id='word_1_279' title='bbox 1178 482 1308 511; x_wconf 87' lang='lat' dir='ltr'><strong>diximus.</strong></span> <span class='ocrx_word' id='word_1_280' title='bbox 1324 481 1450 515; x_wconf 82' lang='lat' dir='ltr'><strong>superius</strong></span> <span class='ocrx_word' id='word_1_281' title='bbox 1461 480 1665 508; x_wconf 82' lang='lat' dir='ltr'><strong>tabernaculum</strong></span> <span class='ocrx_word' id='word_1_282' title='bbox 1678 484 1731 513; x_wconf 78' lang='lat' dir='ltr'><strong>est,</strong></span> 
     </span>
    </p>
   </div>
   <div class='ocr_carea' id='block_1_40' title="bbox 949 525 1732 562">
    <p class='ocr_par' dir='ltr' id='par_1_40' title="bbox 949 525 1732 562">
     <span class='ocr_line' id='line_1_40' title="bbox 949 525 1732 562; baseline -0.004 -7"><span class='ocrx_word' id='word_1_283' title='bbox 949 535 1002 555; x_wconf 85' lang='lat' dir='ltr'><strong>non</strong></span> <span class='ocrx_word' id='word_1_284' title='bbox 1016 531 1059 555; x_wconf 84' lang='lat' dir='ltr'><strong>est</strong></span> <span class='ocrx_word' id='word_1_285' title='bbox 1082 527 1213 560; x_wconf 87' lang='lat' dir='ltr'><strong>alienum,</strong></span> <span class='ocrx_word' id='word_1_286' title='bbox 1226 528 1248 554; x_wconf 90' lang='lat' dir='ltr'><strong>si</strong></span> <span class='ocrx_word' id='word_1_287' title='bbox 1269 527 1331 562; x_wconf 81' lang='lat' dir='ltr'><strong>quis</strong></span> <span class='ocrx_word' id='word_1_288' title='bbox 1346 526 1496 554; x_wconf 70' lang='lat' dir='ltr'><strong>Ecclesia&quot;:</strong></span> <span class='ocrx_word' id='word_1_289' title='bbox 1519 533 1595 553; x_wconf 83' lang='lat' dir='ltr'><strong>suam</strong></span> <span class='ocrx_word' id='word_1_290' title='bbox 1618 525 1732 553; x_wconf 79' lang='lat' dir='ltr'><strong>inferius</strong></span> 
     </span>
    </p>
   </div>
   <div class='ocr_carea' id='block_1_41' title="bbox 947 571 1734 605">
    <p class='ocr_par' dir='ltr' id='par_1_41' title="bbox 947 571 1734 605">
     <span class='ocr_line' id='line_1_41' title="bbox 947 571 1734 605; baseline -0.005 -4"><span class='ocrx_word' id='word_1_291' title='bbox 947 581 1008 601; x_wconf 89' lang='lat' dir='ltr'><strong>esse</strong></span> <span class='ocrx_word' id='word_1_292' title='bbox 1022 572 1228 600; x_wconf 84' lang='lat' dir='ltr'><strong>tabernaculum</strong></span> <span class='ocrx_word' id='word_1_293' title='bbox 1242 573 1401 603; x_wconf 79' lang='lat' dir='ltr'><strong>arbitretur,</strong></span> <span class='ocrx_word' id='word_1_294' title='bbox 1418 572 1443 598; x_wconf 92' lang='lat' dir='ltr'><strong>in</strong></span> <span class='ocrx_word' id='word_1_295' title='bbox 1456 579 1510 605; x_wconf 87' lang='lat' dir='ltr'><strong>quo</strong></span> <span class='ocrx_word' id='word_1_296' title='bbox 1524 571 1656 598; x_wconf 73' lang='lat' dir='ltr'><strong>columnas</strong></span> <span class='ocrx_word' id='word_1_297' title='bbox 1669 575 1734 598; x_wconf 85' lang='lat' dir='ltr'><strong>sunt</strong></span> 
     </span>
    </p>
   </div>
   <div class='ocr_carea' id='block_1_42' title="bbox 947 615 1734 652">
    <p class='ocr_par' dir='ltr' id='par_1_42' title="bbox 947 615 1734 652">
     <span class='ocr_line' id='line_1_42' title="bbox 947 615 1734 652; baseline -0.001 -9"><span class='ocrx_word' id='word_1_298' title='bbox 947 617 1139 652; x_wconf 83' lang='lat' dir='ltr'><strong>mysteriorum</strong></span> <span class='ocrx_word' id='word_1_299' title='bbox 1155 617 1284 644; x_wconf 79' lang='lat' dir='ltr'><strong>Ecclesia:</strong></span> <span class='ocrx_word' id='word_1_300' title='bbox 1301 616 1431 648; x_wconf 88' lang='lat' dir='ltr'><strong>ministri,</strong></span> <span class='ocrx_word' id='word_1_301' title='bbox 1451 623 1521 650; x_wconf 88' lang='lat' dir='ltr'><strong>quos</strong></span> <span class='ocrx_word' id='word_1_302' title='bbox 1539 615 1589 642; x_wconf 88' lang='lat' dir='ltr'><strong>hoc</strong></span> <span class='ocrx_word' id='word_1_303' title='bbox 1610 616 1670 650; x_wconf 88' lang='lat' dir='ltr'><strong>ipso</strong></span> <span class='ocrx_word' id='word_1_304' title='bbox 1684 622 1734 642; x_wconf 95' lang='lat' dir='ltr'><strong>no-</strong></span> 
     </span>
    </p>
   </div>
   <div class='ocr_carea' id='block_1_43' title="bbox 948 661 1732 698">
    <p class='ocr_par' dir='ltr' id='par_1_43' title="bbox 948 661 1732 698">
     <span class='ocr_line' id='line_1_43' title="bbox 948 661 1732 698; baseline -0.003 -9"><span class='ocrx_word' id='word_1_305' title='bbox 948 663 1022 690; x_wconf 88' lang='lat' dir='ltr'><strong>mine</strong></span> <span class='ocrx_word' id='word_1_306' title='bbox 1046 670 1242 698; x_wconf 80' lang='lat' dir='ltr'><strong>nonnunquam</strong></span> <span class='ocrx_word' id='word_1_307' title='bbox 1265 662 1434 697; x_wconf 70' lang='lat' dir='ltr'><strong>appellamus</strong></span> <span class='ocrx_word' id='word_1_308' title='bbox 1456 661 1620 688; x_wconf 88' lang='lat' dir='ltr'><strong>:ministros</strong></span> <span class='ocrx_word' id='word_1_309' title='bbox 1642 665 1732 688; x_wconf 86' lang='lat' dir='ltr'><strong>autem</strong></span> 
     </span>
    </p>
   </div>
   <div class='ocr_carea' id='block_1_44' title="bbox 947 704 1736 744">
    <p class='ocr_par' dir='ltr' id='par_1_44' title="bbox 947 704 1736 744">
     <span class='ocr_line' id='line_1_44' title="bbox 947 704 1736 744; baseline -0.004 -9"><span class='ocrx_word' id='word_1_310' title='bbox 947 709 1095 743; x_wconf 83' lang='lat' dir='ltr'><strong>apostolos.</strong></span> <span class='ocrx_word' id='word_1_311' title='bbox 1112 709 1266 744; x_wconf 83' lang='lat' dir='ltr'><strong>prophetas.</strong></span> <span class='ocrx_word' id='word_1_312' title='bbox 1279 708 1414 734; x_wconf 87' lang='lat' dir='ltr'><strong>doctores.</strong></span> <span class='ocrx_word' id='word_1_313' title='bbox 1429 706 1484 733; x_wconf 82' lang='lat' dir='ltr'><strong>Nec</strong></span> <span class='ocrx_word' id='word_1_314' title='bbox 1497 707 1568 733; x_wconf 84' lang='lat' dir='ltr'><strong>enim</strong></span> <span class='ocrx_word' id='word_1_315' title='bbox 1583 707 1670 733; x_wconf 83' lang='lat' dir='ltr'><strong>solum</strong></span> <span class='ocrx_word' id='word_1_316' title='bbox 1683 704 1736 736; x_wconf 49' lang='lat' dir='ltr'><strong>Pe:</strong></span> 
     </span>
    </p>
   </div>
   <div class='ocr_carea' id='block_1_45' title="bbox 948 751 1732 782">
    <p class='ocr_par' dir='ltr' id='par_1_45' title="bbox 948 751 1732 782">
     <span class='ocr_line' id='line_1_45' title="bbox 948 751 1732 782; baseline -0.003 -2"><span class='ocrx_word' id='word_1_317' title='bbox 948 759 1007 781; x_wconf 88' lang='lat' dir='ltr'><strong>trus</strong></span> <span class='ocrx_word' id='word_1_318' title='bbox 1021 758 1048 780; x_wconf 85' lang='lat' dir='ltr'><strong>et</strong></span> <span class='ocrx_word' id='word_1_319' title='bbox 1059 753 1178 780; x_wconf 83' lang='lat' dir='ltr'><strong>Joannes</strong></span> <span class='ocrx_word' id='word_1_320' title='bbox 1193 757 1219 780; x_wconf 88' lang='lat' dir='ltr'><strong>et</strong></span> <span class='ocrx_word' id='word_1_321' title='bbox 1233 752 1351 780; x_wconf 85' lang='lat' dir='ltr'><strong>Jacobus</strong></span> <span class='ocrx_word' id='word_1_322' title='bbox 1362 753 1495 780; x_wconf 77' lang='lat' dir='ltr'><strong>columna:</strong></span> <span class='ocrx_word' id='word_1_323' title='bbox 1511 751 1640 779; x_wconf 73' lang='lat' dir='ltr'><strong>Ecclesia:</strong></span> <span class='ocrx_word' id='word_1_324' title='bbox 1653 756 1732 782; x_wconf 76' lang='lat' dir='ltr'><strong>sunt.</strong></span> 
     </span>
    </p>
   </div>
   <div class='ocr_carea' id='block_1_46' title="bbox 947 796 1730 832">
    <p class='ocr_par' dir='ltr' id='par_1_46' title="bbox 947 796 1730 832">
     <span class='ocr_line' id='line_1_46' title="bbox 947 796 1730 832; baseline -0.004 -7"><span class='ocrx_word' id='word_1_325' title='bbox 947 807 998 825; x_wconf 87' lang='lat' dir='ltr'><strong>nec</strong></span> <span class='ocrx_word' id='word_1_326' title='bbox 1013 798 1133 825; x_wconf 86' lang='lat' dir='ltr'><strong>Joannes</strong></span> <span class='ocrx_word' id='word_1_327' title='bbox 1151 797 1270 832; x_wconf 82' lang='lat' dir='ltr'><strong>Baptista</strong></span> <span class='ocrx_word' id='word_1_328' title='bbox 1287 801 1392 824; x_wconf 89' lang='lat' dir='ltr'><strong>tantum</strong></span> <span class='ocrx_word' id='word_1_329' title='bbox 1416 797 1516 824; x_wconf 90' lang='lat' dir='ltr'><strong>ardens</strong></span> <span class='ocrx_word' id='word_1_330' title='bbox 1530 801 1588 823; x_wconf 86' lang='lat' dir='ltr'><strong>erat</strong></span> <span class='ocrx_word' id='word_1_331' title='bbox 1605 796 1730 831; x_wconf 87' lang='lat' dir='ltr'><strong>lychnus.</strong></span> 
     </span>
    </p>
   </div>
   <div class='ocr_carea' id='block_1_47' title="bbox 948 841 1732 877">
    <p class='ocr_par' dir='ltr' id='par_1_47' title="bbox 948 841 1732 877">
     <span class='ocr_line' id='line_1_47' title="bbox 948 841 1732 877; baseline -0.005 -6"><span class='ocrx_word' id='word_1_332' title='bbox 948 843 995 872; x_wconf 87' lang='lat' dir='ltr'><strong>sed</strong></span> <span class='ocrx_word' id='word_1_333' title='bbox 1015 850 1110 870; x_wconf 82' lang='lat' dir='ltr'><strong>omnes</strong></span> <span class='ocrx_word' id='word_1_334' title='bbox 1129 843 1229 877; x_wconf 90' lang='lat' dir='ltr'><strong>quibus</strong></span> <span class='ocrx_word' id='word_1_335' title='bbox 1253 843 1374 869; x_wconf 83' lang='lat' dir='ltr'><strong>Ecclesia</strong></span> <span class='ocrx_word' id='word_1_336' title='bbox 1399 845 1579 873; x_wconf 82' lang='lat' dir='ltr'><strong>sustentatur.</strong></span> <span class='ocrx_word' id='word_1_337' title='bbox 1602 841 1649 876; x_wconf 88' lang='lat' dir='ltr'><strong>qtti</strong></span> <span class='ocrx_word' id='word_1_338' title='bbox 1674 841 1732 868; x_wconf 88' lang='lat' dir='ltr'><strong>suis</strong></span> 
     </span>
    </p>
   </div>
   <div class='ocr_carea' id='block_1_48' title="bbox 947 887 1730 923">
    <p class='ocr_par' dir='ltr' id='par_1_48' title="bbox 947 887 1730 923">
     <span class='ocr_line' id='line_1_48' title="bbox 947 887 1730 923; baseline -0.004 -6"><span class='ocrx_word' id='word_1_339' title='bbox 947 889 1076 923; x_wconf 88' lang='lat' dir='ltr'><strong>operibus</strong></span> <span class='ocrx_word' id='word_1_340' title='bbox 1087 889 1233 916; x_wconf 80' lang='lat' dir='ltr'><strong>luminaria</strong></span> <span class='ocrx_word' id='word_1_341' title='bbox 1246 888 1309 914; x_wconf 79' lang='lat' dir='ltr'><strong>facti</strong></span> <span class='ocrx_word' id='word_1_342' title='bbox 1327 891 1402 918; x_wconf 88' lang='lat' dir='ltr'><strong>sunt,</strong></span> <span class='ocrx_word' id='word_1_343' title='bbox 1414 887 1440 914; x_wconf 88' lang='lat' dir='ltr'><strong>hi</strong></span> <span class='ocrx_word' id='word_1_344' title='bbox 1453 887 1586 914; x_wconf 70' lang='lat' dir='ltr'><strong>columna:</strong></span> <span class='ocrx_word' id='word_1_345' title='bbox 1599 891 1626 914; x_wconf 91' lang='lat' dir='ltr'><strong>et</strong></span> <span class='ocrx_word' id='word_1_346' title='bbox 1641 887 1730 922; x_wconf 84' lang='lat' dir='ltr'><strong>lychni</strong></span> 
     </span>
    </p>
   </div>
   <div class='ocr_carea' id='block_1_49' title="bbox 947 930 1732 968">
    <p class='ocr_par' dir='ltr' id='par_1_49' title="bbox 947 930 1732 968">
     <span class='ocr_line' id='line_1_49' title="bbox 947 930 1732 968; baseline 0 -8"><span class='ocrx_word' id='word_1_347' title='bbox 947 938 1149 968; x_wconf 88' lang='lat' dir='ltr'><strong>nuncupantur.</strong></span> <span class='ocrx_word' id='word_1_348' title='bbox 1182 942 1192 958; x_wconf 82' lang='grc' dir='ltr'><strong>ι</strong></span> <span class='ocrx_word' id='word_1_349' title='bbox 1212 932 1267 960; x_wconf 70' lang='lat' dir='ltr'><strong>Vcs</strong></span> <span class='ocrx_word' id='word_1_350' title='bbox 1293 933 1360 960; x_wconf 86' lang='lat' dir='ltr'><strong>estis</strong></span> <span class='ocrx_word' id='word_1_351' title='bbox 1387 933 1431 959; x_wconf 83' lang='lat' dir='ltr'><strong>lux</strong></span> <span class='ocrx_word' id='word_1_352' title='bbox 1458 931 1568 964; x_wconf 86' lang='lat' dir='ltr'><strong>mundi,</strong></span> <span class='ocrx_word' id='word_1_353' title='bbox 1594 941 1604 958; x_wconf 78' lang='grc' dir='ltr'><strong>ι</strong></span> <span class='ocrx_word' id='word_1_354' title='bbox 1626 930 1732 960; x_wconf 83' lang='lat' dir='ltr'><strong>Veritas</strong></span> 
     </span>
    </p>
   </div>
   <div class='ocr_carea' id='block_1_50' title="bbox 947 977 1733 1014">
    <p class='ocr_par' dir='ltr' id='par_1_50' title="bbox 947 977 1733 1014">
     <span class='ocr_line' id='line_1_50' title="bbox 947 977 1733 1014; baseline 0 -8"><span class='ocrx_word' id='word_1_355' title='bbox 947 979 1078 1014; x_wconf 83' lang='lat' dir='ltr'><strong>apostolis</strong></span> <span class='ocrx_word' id='word_1_356' title='bbox 1098 979 1135 1006; x_wconf 89' lang='lat' dir='ltr'><strong>ait</strong></span> <span class='ocrx_word' id='word_1_357' title='bbox 1147 979 1170 994; x_wconf 86' lang='lat'>&quot;</span> <span class='ocrx_word' id='word_1_358' title='bbox 1188 988 1194 1005; x_wconf 90' lang='lat'><strong>:</strong></span> <span class='ocrx_word' id='word_1_359' title='bbox 1212 985 1243 1005; x_wconf 87' lang='lat' dir='ltr'><strong>ac</strong></span> <span class='ocrx_word' id='word_1_360' title='bbox 1264 985 1374 1005; x_wconf 87' lang='lat' dir='ltr'><strong>rursum</strong></span> <span class='ocrx_word' id='word_1_361' title='bbox 1400 978 1471 1006; x_wconf 80' lang='lat' dir='ltr'><strong>alios</strong></span> <span class='ocrx_word' id='word_1_362' title='bbox 1484 978 1564 1005; x_wconf 88' lang='lat' dir='ltr'><strong>divus</strong></span> <span class='ocrx_word' id='word_1_363' title='bbox 1586 977 1733 1012; x_wconf 80' lang='lat' dir='ltr'><strong>Apostolus</strong></span> 
     </span>
    </p>
   </div>
   <div class='ocr_carea' id='block_1_51' title="bbox 947 1023 1733 1059">
    <p class='ocr_par' dir='ltr' id='par_1_51' title="bbox 947 1023 1733 1059">
     <span class='ocr_line' id='line_1_51' title="bbox 947 1023 1733 1059; baseline -0.001 -8"><span class='ocrx_word' id='word_1_364' title='bbox 947 1024 1024 1059; x_wconf 86' lang='lat' dir='ltr'><strong>quasi</strong></span> <span class='ocrx_word' id='word_1_365' title='bbox 1039 1024 1181 1051; x_wconf 89' lang='lat' dir='ltr'><strong>columnas</strong></span> <span class='ocrx_word' id='word_1_366' title='bbox 1194 1024 1328 1054; x_wconf 83' lang='lat' dir='ltr'><strong>hortatur,</strong></span> <span class='ocrx_word' id='word_1_367' title='bbox 1342 1031 1404 1050; x_wconf 92' lang='lat' dir='ltr'><strong>cum</strong></span> <span class='ocrx_word' id='word_1_368' title='bbox 1417 1023 1485 1050; x_wconf 82' lang='lat' dir='ltr'><strong>dicit</strong></span> <span class='ocrx_word' id='word_1_369' title='bbox 1500 1032 1506 1049; x_wconf 92' lang='lat'>:</span> <span class='ocrx_word' id='word_1_370' title='bbox 1526 1033 1534 1048; x_wconf 84' lang='grc' dir='ltr'><strong>ι</strong></span> <span class='ocrx_word' id='word_1_371' title='bbox 1550 1023 1632 1050; x_wconf 86' lang='lat' dir='ltr'><strong>Firmi</strong></span> <span class='ocrx_word' id='word_1_372' title='bbox 1647 1027 1733 1051; x_wconf 82' lang='lat' dir='ltr'><strong>estote</strong></span> 
     </span>
    </p>
   </div>
   <div class='ocr_carea' id='block_1_52' title="bbox 947 1069 1734 1104">
    <p class='ocr_par' dir='ltr' id='par_1_52' title="bbox 947 1069 1734 1104">
     <span class='ocr_line' id='line_1_52' title="bbox 947 1069 1734 1104; baseline 0 -8"><span class='ocrx_word' id='word_1_373' title='bbox 947 1074 1028 1104; x_wconf 87' lang='lat' dir='ltr'><strong>atque</strong></span> <span class='ocrx_word' id='word_1_374' title='bbox 1044 1070 1197 1097; x_wconf 83' lang='lat' dir='ltr'><strong>immobiles</strong></span> <span class='ocrx_word' id='word_1_375' title='bbox 1213 1070 1245 1096; x_wconf 83' lang='lat'><strong>&quot;.</strong></span> <span class='ocrx_word' id='word_1_376' title='bbox 1267 1079 1276 1095; x_wconf 86' lang='grc' dir='ltr'><strong>ι</strong></span> <span class='ocrx_word' id='word_1_377' title='bbox 1299 1070 1332 1096; x_wconf 79' lang='lat' dir='ltr'><strong>At</strong></span> <span class='ocrx_word' id='word_1_378' title='bbox 1349 1077 1413 1097; x_wconf 88' lang='lat' dir='ltr'><strong>vero</strong></span> <span class='ocrx_word' id='word_1_379' title='bbox 1434 1069 1606 1096; x_wconf 83' lang='lat' dir='ltr'><strong>Timotheum</strong></span> <span class='ocrx_word' id='word_1_380' title='bbox 1630 1070 1734 1096; x_wconf 79' lang='lat' dir='ltr'><strong>colum-</strong></span> 
     </span>
    </p>
   </div>
   <div class='ocr_carea' id='block_1_53' title="bbox 947 1114 1733 1149">
    <p class='ocr_par' dir='ltr' id='par_1_53' title="bbox 947 1114 1733 1149">
     <span class='ocr_line' id='line_1_53' title="bbox 947 1114 1733 1149; baseline 0 -8"><span class='ocrx_word' id='word_1_381' title='bbox 947 1122 1009 1144; x_wconf 86' lang='lat' dir='ltr'><strong>nam</strong></span> <span class='ocrx_word' id='word_1_382' title='bbox 1024 1115 1235 1149; x_wconf 87' lang='lat' dir='ltr'><strong>pulcherrimam</strong></span> <span class='ocrx_word' id='word_1_383' title='bbox 1260 1114 1409 1142; x_wconf 80' lang='lat' dir='ltr'><strong>fabricatus</strong></span> <span class='ocrx_word' id='word_1_384' title='bbox 1429 1119 1482 1146; x_wconf 86' lang='lat' dir='ltr'><strong>est,</strong></span> <span class='ocrx_word' id='word_1_385' title='bbox 1502 1123 1564 1141; x_wconf 85' lang='lat' dir='ltr'><strong>cum</strong></span> <span class='ocrx_word' id='word_1_386' title='bbox 1585 1114 1674 1149; x_wconf 88' lang='lat' dir='ltr'><strong>ipsum</strong></span> <span class='ocrx_word' id='word_1_387' title='bbox 1691 1114 1733 1141; x_wconf 59' lang='lat' dir='ltr'><strong>llr.</strong></span> 
     </span>
    </p>
   </div>
   <div class='ocr_carea' id='block_1_54' title="bbox 947 1159 1732 1187">
    <p class='ocr_par' dir='ltr' id='par_1_54' title="bbox 947 1159 1732 1187">
     <span class='ocr_line' id='line_1_54' title="bbox 947 1159 1732 1187; baseline 0.001 -1"><span class='ocrx_word' id='word_1_388' title='bbox 947 1160 1066 1186; x_wconf 83' lang='lat' dir='ltr'><strong>mitatem</strong></span> <span class='ocrx_word' id='word_1_389' title='bbox 1083 1160 1205 1186; x_wconf 88' lang='lat' dir='ltr'><strong>veritatis</strong></span> <span class='ocrx_word' id='word_1_390' title='bbox 1216 1167 1272 1186; x_wconf 64' lang='lat' dir='ltr'><strong>sua:</strong></span> <span class='ocrx_word' id='word_1_391' title='bbox 1282 1161 1355 1186; x_wconf 86' lang='lat' dir='ltr'><strong>vocis</strong></span> <span class='ocrx_word' id='word_1_392' title='bbox 1370 1159 1494 1186; x_wconf 86' lang='lat' dir='ltr'><strong>doctrina</strong></span> <span class='ocrx_word' id='word_1_393' title='bbox 1505 1159 1665 1187; x_wconf 73' lang='lat' dir='ltr'><strong>effecerit&quot;.</strong></span> <span class='ocrx_word' id='word_1_394' title='bbox 1676 1159 1732 1187; x_wconf 91' lang='lat' dir='ltr'><strong>Hoc</strong></span> 
     </span>
    </p>
   </div>
   <div class='ocr_carea' id='block_1_55' title="bbox 948 1204 1733 1237">
    <p class='ocr_par' dir='ltr' id='par_1_55' title="bbox 948 1204 1733 1237">
     <span class='ocr_line' id='line_1_55' title="bbox 948 1204 1733 1237; baseline -0.001 -5"><span class='ocrx_word' id='word_1_395' title='bbox 948 1206 973 1232; x_wconf 94' lang='lat' dir='ltr'><strong>in</strong></span> <span class='ocrx_word' id='word_1_396' title='bbox 988 1206 1162 1233; x_wconf 80' lang='lat' dir='ltr'><strong>tabernaculo</strong></span> <span class='ocrx_word' id='word_1_397' title='bbox 1175 1209 1202 1232; x_wconf 82' lang='lat' dir='ltr'><strong>ct</strong></span> <span class='ocrx_word' id='word_1_398' title='bbox 1219 1205 1385 1232; x_wconf 78' lang='lat' dir='ltr'><strong>sacriﬁcium</strong></span> <span class='ocrx_word' id='word_1_399' title='bbox 1403 1204 1501 1237; x_wconf 79' lang='lat' dir='ltr'><strong>laudis,</strong></span> <span class='ocrx_word' id='word_1_400' title='bbox 1518 1209 1544 1231; x_wconf 90' lang='lat' dir='ltr'><strong>et</strong></span> <span class='ocrx_word' id='word_1_401' title='bbox 1559 1205 1622 1232; x_wconf 90' lang='lat' dir='ltr'><strong>thus</strong></span> <span class='ocrx_word' id='word_1_402' title='bbox 1635 1204 1733 1232; x_wconf 84' lang='lat' dir='ltr'><strong>oratio-</strong></span> 
     </span>
    </p>
   </div>
   <div class='ocr_carea' id='block_1_56' title="bbox 947 1249 1730 1284">
    <p class='ocr_par' dir='ltr' id='par_1_56' title="bbox 947 1249 1730 1284">
     <span class='ocr_line' id='line_1_56' title="bbox 947 1249 1730 1284; baseline 0.001 -8"><span class='ocrx_word' id='word_1_403' title='bbox 947 1250 991 1278; x_wconf 84' lang='lat' dir='ltr'><strong>nis</strong></span> <span class='ocrx_word' id='word_1_404' title='bbox 1006 1250 1032 1276; x_wconf 93' lang='lat' dir='ltr'><strong>in</strong></span> <span class='ocrx_word' id='word_1_405' title='bbox 1050 1258 1129 1277; x_wconf 84' lang='lat' dir='ltr'><strong>mane</strong></span> <span class='ocrx_word' id='word_1_406' title='bbox 1140 1258 1172 1277; x_wconf 89' lang='lat' dir='ltr'><strong>ac</strong></span> <span class='ocrx_word' id='word_1_407' title='bbox 1185 1257 1325 1284; x_wconf 87' lang='lat' dir='ltr'><strong>vesperum</strong></span> <span class='ocrx_word' id='word_1_408' title='bbox 1341 1249 1464 1276; x_wconf 84' lang='lat' dir='ltr'><strong>adhiberi</strong></span> <span class='ocrx_word' id='word_1_409' title='bbox 1478 1257 1584 1284; x_wconf 82' lang='lat' dir='ltr'><strong>semper</strong></span> <span class='ocrx_word' id='word_1_410' title='bbox 1598 1250 1730 1279; x_wconf 86' lang='lat' dir='ltr'><strong>videmus.</strong></span> 
     </span>
    </p>
   </div>
   <div class='ocr_carea' id='block_1_57' title="bbox 948 1293 1732 1329">
    <p class='ocr_par' dir='ltr' id='par_1_57' title="bbox 948 1293 1732 1329">
     <span class='ocr_line' id='line_1_57' title="bbox 948 1293 1732 1329; baseline 0.001 -8"><span class='ocrx_word' id='word_1_411' title='bbox 948 1294 1004 1322; x_wconf 92' lang='lat' dir='ltr'><strong>lloc</strong></span> <span class='ocrx_word' id='word_1_412' title='bbox 1018 1295 1057 1322; x_wconf 80' lang='lat' dir='ltr'><strong>sic</strong></span> <span class='ocrx_word' id='word_1_413' title='bbox 1073 1295 1224 1329; x_wconf 83' lang='lat' dir='ltr'><strong>intelligere</strong></span> <span class='ocrx_word' id='word_1_414' title='bbox 1241 1293 1323 1320; x_wconf 85' lang='lat' dir='ltr'><strong>David</strong></span> <span class='ocrx_word' id='word_1_415' title='bbox 1346 1294 1391 1320; x_wconf 82' lang='lat' dir='ltr'><strong>ille</strong></span> <span class='ocrx_word' id='word_1_416' title='bbox 1413 1301 1463 1320; x_wconf 86' lang='lat' dir='ltr'><strong>nos</strong></span> <span class='ocrx_word' id='word_1_417' title='bbox 1486 1293 1601 1327; x_wconf 82' lang='lat' dir='ltr'><strong>inducit,</strong></span> <span class='ocrx_word' id='word_1_418' title='bbox 1626 1295 1672 1329; x_wconf 89' lang='lat' dir='ltr'><strong>qui</strong></span> <span class='ocrx_word' id='word_1_419' title='bbox 1690 1296 1732 1322; x_wconf 85' lang='lat' dir='ltr'><strong>in-</strong></span> 
     </span>
    </p>
   </div>
   <div class='ocr_carea' id='block_1_58' title="bbox 948 1339 1733 1374">
    <p class='ocr_par' dir='ltr' id='par_1_58' title="bbox 948 1339 1733 1374">
     <span class='ocr_line' id='line_1_58' title="bbox 948 1339 1733 1374; baseline 0.001 -8"><span class='ocrx_word' id='word_1_420' title='bbox 948 1347 1060 1367; x_wconf 80' lang='lat' dir='ltr'><strong>censum</strong></span> <span class='ocrx_word' id='word_1_421' title='bbox 1084 1339 1218 1365; x_wconf 75' lang='lat' dir='ltr'><strong>orationis</strong></span> <span class='ocrx_word' id='word_1_422' title='bbox 1237 1339 1262 1365; x_wconf 94' lang='lat' dir='ltr'><strong>in</strong></span> <span class='ocrx_word' id='word_1_423' title='bbox 1280 1339 1389 1365; x_wconf 88' lang='lat' dir='ltr'><strong>odorem</strong></span> <span class='ocrx_word' id='word_1_424' title='bbox 1413 1339 1558 1366; x_wconf 86' lang='lat' dir='ltr'><strong>suavitatis</strong></span> <span class='ocrx_word' id='word_1_425' title='bbox 1581 1339 1684 1374; x_wconf 75' lang='lat' dir='ltr'><strong>dirigit,</strong></span> <span class='ocrx_word' id='word_1_426' title='bbox 1705 1343 1733 1367; x_wconf 83' lang='lat' dir='ltr'><strong>et</strong></span> 
     </span>
    </p>
   </div>
   <div class='ocr_carea' id='block_1_59' title="bbox 948 1384 1734 1413">
    <p class='ocr_par' dir='ltr' id='par_1_59' title="bbox 948 1384 1734 1413">
     <span class='ocr_line' id='line_1_59' title="bbox 948 1384 1734 1413; baseline 0.003 -2"><span class='ocrx_word' id='word_1_427' title='bbox 948 1392 1078 1411; x_wconf 87' lang='lat' dir='ltr'><strong>manuum</strong></span> <span class='ocrx_word' id='word_1_428' title='bbox 1104 1385 1291 1411; x_wconf 80' lang='lat' dir='ltr'><strong>cxtensionem</strong></span> <span class='ocrx_word' id='word_1_429' title='bbox 1307 1384 1471 1411; x_wconf 82' lang='lat' dir='ltr'><strong>sacriﬁcium</strong></span> <span class='ocrx_word' id='word_1_430' title='bbox 1492 1393 1553 1412; x_wconf 86' lang='lat' dir='ltr'><strong>esse</strong></span> <span class='ocrx_word' id='word_1_431' title='bbox 1575 1385 1672 1413; x_wconf 77' lang='lat' dir='ltr'><strong>asserit</strong></span> <span class='ocrx_word' id='word_1_432' title='bbox 1688 1393 1734 1413; x_wconf 63' lang='grc' dir='ltr'><strong><em>κη</em></strong></span> 
     </span>
    </p>
   </div>
   <div class='ocr_carea' id='block_1_60' title="bbox 949 1429 1734 1464">
    <p class='ocr_par' dir='ltr' id='par_1_60' title="bbox 949 1429 1734 1464">
     <span class='ocr_line' id='line_1_60' title="bbox 949 1429 1734 1464; baseline 0.001 -8"><span class='ocrx_word' id='word_1_433' title='bbox 949 1430 1099 1464; x_wconf 85' lang='lat' dir='ltr'><strong>spertinum</strong></span> <span class='ocrx_word' id='word_1_434' title='bbox 1117 1430 1150 1456; x_wconf 85' lang='lat'><strong>&quot;.</strong></span> <span class='ocrx_word' id='word_1_435' title='bbox 1170 1429 1258 1457; x_wconf 82' lang='lat' dir='ltr'><strong>Urnas</strong></span> <span class='ocrx_word' id='word_1_436' title='bbox 1282 1437 1355 1462; x_wconf 87' lang='lat' dir='ltr'><strong>vero,</strong></span> <span class='ocrx_word' id='word_1_437' title='bbox 1382 1429 1408 1456; x_wconf 87' lang='lat' dir='ltr'><strong>id</strong></span> <span class='ocrx_word' id='word_1_438' title='bbox 1432 1435 1486 1463; x_wconf 86' lang='lat' dir='ltr'><strong>est,</strong></span> <span class='ocrx_word' id='word_1_439' title='bbox 1502 1438 1567 1457; x_wconf 87' lang='lat' dir='ltr'><strong>vasa</strong></span> <span class='ocrx_word' id='word_1_440' title='bbox 1584 1430 1617 1457; x_wconf 90' lang='lat' dir='ltr'><strong>ad</strong></span> <span class='ocrx_word' id='word_1_441' title='bbox 1642 1431 1734 1457; x_wconf 77' lang='lat' dir='ltr'><strong>lavan-</strong></span> 
     </span>
    </p>
   </div>
   <div class='ocr_carea' id='block_1_61' title="bbox 109 1473 896 1514">
    <p class='ocr_par' dir='ltr' id='par_1_61' title="bbox 109 1473 895 1509">
     <span class='ocr_line' id='line_1_61' title="bbox 109 1473 895 1509; baseline -0.003 -9"><span class='ocrx_word' id='word_1_442' title='bbox 109 1474 213 1500; x_wconf 84' lang='grc' dir='ltr'>θυσίαν.</span> <span class='ocrx_word' id='word_1_443' title='bbox 245 1474 387 1509; x_wconf 77' lang='grc' dir='ltr'>Λουτῆρας</span> <span class='ocrx_word' id='word_1_444' title='bbox 413 1473 440 1500; x_wconf 80' lang='grc' dir='ltr'><strong>δέ</strong></span> <span class='ocrx_word' id='word_1_445' title='bbox 466 1482 508 1504; x_wconf 85' lang='grc' dir='ltr'><strong>τις</strong></span> <span class='ocrx_word' id='word_1_446' title='bbox 530 1473 645 1504; x_wconf 81' lang='grc' dir='ltr'>ἁκούων,</span> <span class='ocrx_word' id='word_1_447' title='bbox 675 1474 763 1507; x_wconf 84' lang='grc' dir='ltr'>νοήσει</span> <span class='ocrx_word' id='word_1_448' title='bbox 789 1473 895 1503; x_wconf 82' lang='grc' dir='ltr'>πάντως</span> 
     </span>
    </p>
   </div>
   <div class='ocr_carea' id='block_1_62' title="bbox 948 1473 1734 1514">
    <p class='ocr_par' dir='ltr' id='par_1_62' title="bbox 949 1474 1734 1510">
     <span class='ocr_line' id='line_1_62' title="bbox 949 1474 1734 1510; baseline 0.001 -9"><span class='ocrx_word' id='word_1_449' title='bbox 949 1474 1024 1505; x_wconf 85' lang='lat' dir='ltr'><strong>dum,</strong></span> <span class='ocrx_word' id='word_1_450' title='bbox 1035 1476 1097 1510; x_wconf 77' lang='lat' dir='ltr'><strong>quis</strong></span> <span class='ocrx_word' id='word_1_451' title='bbox 1111 1475 1229 1510; x_wconf 78' lang='lat' dir='ltr'><strong>ambiget</strong></span> <span class='ocrx_word' id='word_1_452' title='bbox 1245 1483 1292 1503; x_wconf 86' lang='lat' dir='ltr'><strong>eos</strong></span> <span class='ocrx_word' id='word_1_453' title='bbox 1304 1483 1376 1507; x_wconf 79' lang='lat' dir='ltr'><strong>esse,</strong></span> <span class='ocrx_word' id='word_1_454' title='bbox 1391 1476 1435 1510; x_wconf 93' lang='lat' dir='ltr'><strong>qui</strong></span> <span class='ocrx_word' id='word_1_455' title='bbox 1446 1483 1493 1510; x_wconf 85' lang='lat' dir='ltr'><strong>per</strong></span> <span class='ocrx_word' id='word_1_456' title='bbox 1510 1476 1734 1503; x_wconf 84' lang='lat' dir='ltr'><strong>sacramentalem</strong></span> 
     </span>
    </p>
   </div>
   <div class='ocr_carea' id='block_1_63' title="bbox 107 1518 898 1554">
    <p class='ocr_par' dir='ltr' id='par_1_63' title="bbox 107 1518 898 1554">
     <span class='ocr_line' id='line_1_63' title="bbox 107 1518 898 1554; baseline -0.003 -9"><span class='ocrx_word' id='word_1_457' title='bbox 107 1520 171 1550; x_wconf 74' lang='grc' dir='ltr'>τοὺς</span> <span class='ocrx_word' id='word_1_458' title='bbox 199 1519 242 1545; x_wconf 78' lang='grc' dir='ltr'><strong>διὰ</strong></span> <span class='ocrx_word' id='word_1_459' title='bbox 265 1519 312 1545; x_wconf 83' lang='grc' dir='ltr'><strong>τοῦ</strong></span> <span class='ocrx_word' id='word_1_460' title='bbox 334 1519 464 1554; x_wconf 73' lang='grc' dir='ltr'>μυστικοῦ</span> <span class='ocrx_word' id='word_1_461' title='bbox 488 1518 583 1549; x_wconf 80' lang='grc' dir='ltr'>ὓδατος</span> <span class='ocrx_word' id='word_1_462' title='bbox 607 1518 652 1544; x_wconf 83' lang='grc' dir='ltr'>τὸν</span> <span class='ocrx_word' id='word_1_463' title='bbox 681 1518 817 1553; x_wconf 78' lang='grc' dir='ltr'>μολυσμὸν</span> <span class='ocrx_word' id='word_1_464' title='bbox 835 1518 898 1544; x_wconf 84' lang='grc' dir='ltr'>ἀπο-</span> 
     </span>
    </p>
   </div>
   <div class='ocr_carea' id='block_1_64' title="bbox 108 1562 899 1600">
    <p class='ocr_par' dir='ltr' id='par_1_64' title="bbox 108 1562 899 1600">
     <span class='ocr_line' id='line_1_64' title="bbox 108 1562 899 1600; baseline -0.004 -9"><span class='ocrx_word' id='word_1_465' title='bbox 108 1565 255 1597; x_wconf 74' lang='grc' dir='ltr'>κλύζοντας</span> <span class='ocrx_word' id='word_1_466' title='bbox 270 1565 324 1591; x_wconf 84' lang='grc' dir='ltr'>τῶν</span> <span class='ocrx_word' id='word_1_467' title='bbox 342 1564 493 1600; x_wconf 82' lang='grc' dir='ltr'>ἁμαρτιῶν.</span> <span class='ocrx_word' id='word_1_468' title='bbox 514 1564 619 1599; x_wconf 79' lang='grc' dir='ltr'>Λουτὴρ</span> <span class='ocrx_word' id='word_1_469' title='bbox 634 1562 666 1599; x_wconf 84' lang='grc' dir='ltr'><strong>ἦν</strong></span> <span class='ocrx_word' id='word_1_470' title='bbox 681 1565 695 1590; x_wconf 80' lang='grc' dir='ltr'><strong><em>ὁ</em></strong></span> <span class='ocrx_word' id='word_1_471' title='bbox 719 1563 852 1597; x_wconf 76' lang='grc' dir='ltr'><strong>Ἰωάννης.</strong></span> <span class='ocrx_word' id='word_1_472' title='bbox 870 1563 899 1589; x_wconf 79' lang='grc' dir='ltr'>ἐν</span> 
     </span>
    </p>
   </div>
   <div class='ocr_carea' id='block_1_65' title="bbox 108 1609 900 1648">
    <p class='ocr_par' dir='ltr' id='par_1_65' title="bbox 108 1609 900 1648">
     <span class='ocr_line' id='line_1_65' title="bbox 108 1609 900 1648; baseline -0.004 -11"><span class='ocrx_word' id='word_1_473' title='bbox 108 1611 148 1646; x_wconf 84' lang='grc' dir='ltr'>τῷ</span> <span class='ocrx_word' id='word_1_474' title='bbox 169 1612 286 1648; x_wconf 78' lang='grc' dir='ltr'><strong>Ἰορδάνῃ</strong></span> <span class='ocrx_word' id='word_1_475' title='bbox 312 1611 412 1642; x_wconf 78' lang='grc' dir='ltr'>λούων,</span> <span class='ocrx_word' id='word_1_476' title='bbox 439 1611 468 1636; x_wconf 83' lang='grc' dir='ltr'>ἐν</span> <span class='ocrx_word' id='word_1_477' title='bbox 496 1610 534 1644; x_wconf 83' lang='grc' dir='ltr'>τῷ</span> <span class='ocrx_word' id='word_1_478' title='bbox 569 1611 618 1645; x_wconf 82' lang='grc' dir='ltr'><strong>τῆς</strong></span> <span class='ocrx_word' id='word_1_479' title='bbox 643 1609 785 1645; x_wconf 75' lang='grc' dir='ltr'>μετανοίας</span> <span class='ocrx_word' id='word_1_480' title='bbox 808 1609 900 1644; x_wconf 80' lang='grc' dir='ltr'>βαπτί-</span> 
     </span>
    </p>
   </div>
   <div class='ocr_carea' id='block_1_66' title="bbox 109 1653 899 1692">
    <p class='ocr_par' dir='ltr' id='par_1_66' title="bbox 109 1653 899 1692">
     <span class='ocr_line' id='line_1_66' title="bbox 109 1653 899 1692; baseline -0.003 -10"><span class='ocrx_word' id='word_1_481' title='bbox 109 1664 210 1690; x_wconf 82' lang='grc' dir='ltr'>σματι-</span> <span class='ocrx_word' id='word_1_482' title='bbox 230 1656 328 1692; x_wconf 77' lang='grc' dir='ltr'>λουτὴρ</span> <span class='ocrx_word' id='word_1_483' title='bbox 351 1653 384 1691; x_wconf 78' lang='grc' dir='ltr'><strong>ἦν</strong></span> <span class='ocrx_word' id='word_1_484' title='bbox 402 1656 416 1682; x_wconf 89' lang='lat'><strong>6</strong></span> <span class='ocrx_word' id='word_1_485' title='bbox 435 1656 546 1690; x_wconf 78' lang='grc' dir='ltr'><strong>Πέτρος,</strong></span> <span class='ocrx_word' id='word_1_486' title='bbox 573 1655 735 1690; x_wconf 77' lang='grc' dir='ltr'>τρισχιλίους</span> <span class='ocrx_word' id='word_1_487' title='bbox 750 1656 820 1681; x_wconf 70' lang='grc' dir='ltr'>κατὰ</span> <span class='ocrx_word' id='word_1_488' title='bbox 833 1655 899 1681; x_wconf 85' lang='grc' dir='ltr'><strong>ταύ-</strong></span> 
     </span>
    </p>
   </div>
   <div class='ocr_carea' id='block_1_67' title="bbox 108 1699 898 1735">
    <p class='ocr_par' dir='ltr' id='par_1_67' title="bbox 108 1699 898 1735">
     <span class='ocr_line' id='line_1_67' title="bbox 108 1699 898 1735; baseline -0.003 -7"><span class='ocrx_word' id='word_1_489' title='bbox 108 1702 156 1728; x_wconf 80' lang='grc' dir='ltr'>τὸν</span> <span class='ocrx_word' id='word_1_490' title='bbox 185 1701 311 1734; x_wconf 77' lang='grc' dir='ltr'>καθάπαξ</span> <span class='ocrx_word' id='word_1_491' title='bbox 334 1701 460 1735; x_wconf 84' lang='grc' dir='ltr'>κατάγων</span> <span class='ocrx_word' id='word_1_492' title='bbox 484 1700 531 1727; x_wconf 71' lang='grc' dir='ltr'><strong>ἐπὶ</strong></span> <span class='ocrx_word' id='word_1_493' title='bbox 555 1700 585 1726; x_wconf 87' lang='grc' dir='ltr'>τὺ</span> <span class='ocrx_word' id='word_1_494' title='bbox 609 1699 690 1735; x_wconf 80' lang='grc' dir='ltr'>ὕδωρ.</span> <span class='ocrx_word' id='word_1_495' title='bbox 717 1699 823 1735; x_wconf 76' lang='grc' dir='ltr'>Λουτὴρ</span> <span class='ocrx_word' id='word_1_496' title='bbox 851 1699 898 1726; x_wconf 82' lang='grc' dir='ltr'><strong>τοῦ</strong></span> 
     </span>
    </p>
   </div>
   <div class='ocr_carea' id='block_1_68' title="bbox 110 1744 899 1778">
    <p class='ocr_par' dir='ltr' id='par_1_68' title="bbox 110 1744 899 1778">
     <span class='ocr_line' id='line_1_68' title="bbox 110 1744 899 1778; baseline -0.001 -6"><span class='ocrx_word' id='word_1_497' title='bbox 110 1747 252 1773; x_wconf 73' lang='grc' dir='ltr'>Κανδάκου</span> <span class='ocrx_word' id='word_1_498' title='bbox 284 1748 298 1773; x_wconf 90' lang='lat'><strong>6</strong></span> <span class='ocrx_word' id='word_1_499' title='bbox 326 1746 475 1778; x_wconf 83' lang='grc' dir='ltr'>Φίλιππος,</span> <span class='ocrx_word' id='word_1_500' title='bbox 505 1745 551 1772; x_wconf 81' lang='grc' dir='ltr'>καὶ</span> <span class='ocrx_word' id='word_1_501' title='bbox 578 1746 687 1772; x_wconf 86' lang='grc' dir='ltr'>πάντων</span> <span class='ocrx_word' id='word_1_502' title='bbox 715 1745 815 1776; x_wconf 84' lang='grc' dir='ltr'>πάντες</span> <span class='ocrx_word' id='word_1_503' title='bbox 844 1744 899 1771; x_wconf 85' lang='grc' dir='ltr'><strong>τῶν</strong></span> 
     </span>
    </p>
   </div>
   <div class='ocr_carea' id='block_1_69' title="bbox 111 1791 897 1827">
    <p class='ocr_par' dir='ltr' id='par_1_69' title="bbox 111 1791 897 1827">
     <span class='ocr_line' id='line_1_69' title="bbox 111 1791 897 1827; baseline -0.001 -9"><span class='ocrx_word' id='word_1_504' title='bbox 111 1792 278 1827; x_wconf 80' lang='grc' dir='ltr'>μετεχόντων</span> <span class='ocrx_word' id='word_1_505' title='bbox 301 1791 351 1826; x_wconf 82' lang='grc' dir='ltr'>τῆς</span> <span class='ocrx_word' id='word_1_506' title='bbox 373 1792 486 1826; x_wconf 84' lang='grc' dir='ltr'>δωρεᾶς,</span> <span class='ocrx_word' id='word_1_507' title='bbox 501 1792 525 1818; x_wconf 87' lang='lat' dir='ltr'><strong>ol</strong></span> <span class='ocrx_word' id='word_1_508' title='bbox 547 1791 721 1827; x_wconf 75' lang='grc' dir='ltr'>ἐνεργοῦντες</span> <span class='ocrx_word' id='word_1_509' title='bbox 743 1791 792 1826; x_wconf 81' lang='grc' dir='ltr'>τὴν</span> <span class='ocrx_word' id='word_1_510' title='bbox 807 1791 897 1826; x_wconf 78' lang='grc' dir='ltr'>χάριν.</span> 
     </span>
    </p>
   </div>
   <div class='ocr_carea' id='block_1_70' title="bbox 110 1835 898 1871">
    <p class='ocr_par' dir='ltr' id='par_1_70' title="bbox 110 1835 898 1871">
     <span class='ocr_line' id='line_1_70' title="bbox 110 1835 898 1871; baseline -0.004 -7"><span class='ocrx_word' id='word_1_511' title='bbox 110 1839 166 1869; x_wconf 73' lang='grc' dir='ltr'><strong>Τὰς</strong></span> <span class='ocrx_word' id='word_1_512' title='bbox 192 1838 219 1863; x_wconf 80' lang='grc' dir='ltr'><strong>δὲ</strong></span> <span class='ocrx_word' id='word_1_513' title='bbox 245 1837 371 1869; x_wconf 79' lang='grc' dir='ltr'>αὐλαίας,</span> <span class='ocrx_word' id='word_1_514' title='bbox 397 1837 425 1863; x_wconf 80' lang='grc' dir='ltr'>αἳ</span> <span class='ocrx_word' id='word_1_515' title='bbox 450 1836 494 1863; x_wconf 77' lang='grc' dir='ltr'><strong>διὰ</strong></span> <span class='ocrx_word' id='word_1_516' title='bbox 521 1836 570 1871; x_wconf 83' lang='grc' dir='ltr'>τῆς</span> <span class='ocrx_word' id='word_1_517' title='bbox 597 1837 655 1870; x_wconf 84' lang='grc' dir='ltr'>μετ’</span> <span class='ocrx_word' id='word_1_518' title='bbox 678 1835 799 1870; x_wconf 88' lang='grc' dir='ltr'>ἀλλήλων</span> <span class='ocrx_word' id='word_1_519' title='bbox 823 1844 898 1870; x_wconf 86' lang='grc' dir='ltr'>συμ-</span> 
     </span>
    </p>
   </div>
   <div class='ocr_carea' id='block_1_71' title="bbox 110 1881 898 1918">
    <p class='ocr_par' dir='ltr' id='par_1_71' title="bbox 110 1881 898 1918">
     <span class='ocr_line' id='line_1_71' title="bbox 110 1881 898 1918; baseline -0.003 -9"><span class='ocrx_word' id='word_1_520' title='bbox 110 1883 192 1918; x_wconf 72' lang='grc' dir='ltr'>ϐολῆς</span> <span class='ocrx_word' id='word_1_521' title='bbox 216 1883 264 1917; x_wconf 74' lang='grc' dir='ltr'>τὴν</span> <span class='ocrx_word' id='word_1_522' title='bbox 289 1882 390 1917; x_wconf 84' lang='grc' dir='ltr'>σκηνὴν</span> <span class='ocrx_word' id='word_1_523' title='bbox 415 1883 444 1908; x_wconf 80' lang='grc' dir='ltr'>ὲν</span> <span class='ocrx_word' id='word_1_524' title='bbox 472 1881 564 1916; x_wconf 79' lang='grc' dir='ltr'>κύκλῳ</span> <span class='ocrx_word' id='word_1_525' title='bbox 595 1881 824 1916; x_wconf 77' lang='grc' dir='ltr'>διαλαμϐάνουσι,</span> <span class='ocrx_word' id='word_1_526' title='bbox 849 1881 898 1917; x_wconf 86' lang='grc' dir='ltr'><strong>τὴν</strong></span> 
     </span>
    </p>
   </div>
   <div class='ocr_carea' id='block_1_72' title="bbox 110 1926 899 1963">
    <p class='ocr_par' dir='ltr' id='par_1_72' title="bbox 110 1926 899 1963">
     <span class='ocr_line' id='line_1_72' title="bbox 110 1926 899 1963; baseline -0.003 -9"><span class='ocrx_word' id='word_1_527' title='bbox 110 1928 287 1962; x_wconf 77' lang='grc' dir='ltr'>ἀγαπητικήν</span> <span class='ocrx_word' id='word_1_528' title='bbox 301 1937 330 1954; x_wconf 85' lang='grc' dir='ltr'><strong>τε</strong></span> <span class='ocrx_word' id='word_1_529' title='bbox 348 1928 395 1954; x_wconf 79' lang='grc' dir='ltr'><strong>καὶ</strong></span> <span class='ocrx_word' id='word_1_530' title='bbox 406 1927 547 1963; x_wconf 81' lang='grc' dir='ltr'>εἰρηνικὴν</span> <span class='ocrx_word' id='word_1_531' title='bbox 569 1926 623 1953; x_wconf 84' lang='grc' dir='ltr'>τῶν</span> <span class='ocrx_word' id='word_1_532' title='bbox 641 1927 822 1953; x_wconf 80' lang='grc' dir='ltr'>πιστευόντων</span> <span class='ocrx_word' id='word_1_533' title='bbox 834 1927 899 1962; x_wconf 83' lang='grc' dir='ltr'><strong>ὀμό-</strong></span> 
     </span>
    </p>
   </div>
   <div class='ocr_carea' id='block_1_73' title="bbox 110 1972 898 2008">
    <p class='ocr_par' dir='ltr' id='par_1_73' title="bbox 110 1972 898 2008">
     <span class='ocr_line' id='line_1_73' title="bbox 110 1972 898 2008; baseline 0 -9"><span class='ocrx_word' id='word_1_534' title='bbox 110 1981 185 2000; x_wconf 84' lang='grc' dir='ltr'>νοιαν</span> <span class='ocrx_word' id='word_1_535' title='bbox 208 1972 277 2000; x_wconf 78' lang='grc' dir='ltr'>εἷναί</span> <span class='ocrx_word' id='word_1_536' title='bbox 298 1982 338 2004; x_wconf 89' lang='grc' dir='ltr'><strong>τις</strong></span> <span class='ocrx_word' id='word_1_537' title='bbox 361 1973 492 2003; x_wconf 79' lang='grc' dir='ltr'>ὑπονοῶν,</span> <span class='ocrx_word' id='word_1_538' title='bbox 516 1973 566 1999; x_wconf 82' lang='grc' dir='ltr'>οὐκ</span> <span class='ocrx_word' id='word_1_539' title='bbox 582 1972 613 2000; x_wconf 77' lang='grc' dir='ltr'><strong>ἂν</strong></span> <span class='ocrx_word' id='word_1_540' title='bbox 629 1972 744 2008; x_wconf 80' lang='grc' dir='ltr'>ἁμάρτοι</span> <span class='ocrx_word' id='word_1_541' title='bbox 762 1972 808 1998; x_wconf 85' lang='grc' dir='ltr'>τοῦ</span> <span class='ocrx_word' id='word_1_542' title='bbox 833 1973 898 2008; x_wconf 86' lang='grc' dir='ltr'>πρέ-</span> 
     </span>
    </p>
   </div>
   <div class='ocr_carea' id='block_1_74' title="bbox 111 2017 895 2053">
    <p class='ocr_par' dir='ltr' id='par_1_74' title="bbox 111 2017 895 2053">
     <span class='ocr_line' id='line_1_74' title="bbox 111 2017 895 2053; baseline -0.001 -9"><span class='ocrx_word' id='word_1_543' title='bbox 111 2027 225 2050; x_wconf 83' lang='grc' dir='ltr'>ποντος·</span> <span class='ocrx_word' id='word_1_544' title='bbox 247 2018 316 2044; x_wconf 73' lang='grc' dir='ltr'>οὕτω</span> <span class='ocrx_word' id='word_1_545' title='bbox 339 2018 385 2044; x_wconf 81' lang='grc' dir='ltr'>τοῦ</span> <span class='ocrx_word' id='word_1_546' title='bbox 410 2017 490 2044; x_wconf 73' lang='grc' dir='ltr'><strong>Δαϐὶδ</strong></span> <span class='ocrx_word' id='word_1_547' title='bbox 513 2017 739 2053; x_wconf 78' lang='grc' dir='ltr'>ἐρμηνεύσαντος,</span> <span class='ocrx_word' id='word_1_548' title='bbox 759 2018 789 2049; x_wconf 83' lang='grc' dir='ltr'>ὃς</span> <span class='ocrx_word' id='word_1_549' title='bbox 805 2025 895 2051; x_wconf 71' lang='grc' dir='ltr'>φησιν,</span> 
     </span>
    </p>
   </div>
   <div class='ocr_carea' id='block_1_75' title="bbox 109 2062 897 2098">
    <p class='ocr_par' dir='ltr' id='par_1_75' title="bbox 109 2062 897 2098">
     <span class='ocr_line' id='line_1_75' title="bbox 109 2062 897 2098; baseline -0.003 -8"><span class='ocrx_word' id='word_1_550' title='bbox 109 2064 224 2098; x_wconf 70' lang='grc' dir='ltr'>ἵκτι,Θεὶς</span> <span class='ocrx_word' id='word_1_551' title='bbox 246 2063 280 2089; x_wconf 77' lang='grc' dir='ltr'>τὰ</span> <span class='ocrx_word' id='word_1_552' title='bbox 298 2063 360 2098; x_wconf 66' lang='lat' dir='ltr'><strong>apta</strong></span> <span class='ocrx_word' id='word_1_553' title='bbox 373 2071 418 2089; x_wconf 88' lang='grc' dir='ltr'><strong>σου</strong></span> <span class='ocrx_word' id='word_1_554' title='bbox 435 2063 555 2098; x_wconf 72' lang='grc' dir='ltr'><strong>εἰρήνην.</strong></span> <span class='ocrx_word' id='word_1_555' title='bbox 571 2063 663 2098; x_wconf 79' lang='grc' dir='ltr'>Δέρμα</span> <span class='ocrx_word' id='word_1_556' title='bbox 677 2063 705 2089; x_wconf 85' lang='grc' dir='ltr'><strong>δὲ</strong></span> <span class='ocrx_word' id='word_1_557' title='bbox 720 2062 897 2097; x_wconf 83' lang='grc' dir='ltr'>πεφοινιγμέ-</span> 
     </span>
    </p>
   </div>
   <div class='ocr_carea' id='block_1_76' title="bbox 111 2108 897 2144">
    <p class='ocr_par' dir='ltr' id='par_1_76' title="bbox 111 2108 897 2144">
     <span class='ocr_line' id='line_1_76' title="bbox 111 2108 897 2144; baseline -0.001 -9"><span class='ocrx_word' id='word_1_558' title='bbox 111 2117 167 2140; x_wconf 83' lang='grc' dir='ltr'>νον,</span> <span class='ocrx_word' id='word_1_559' title='bbox 183 2108 228 2134; x_wconf 72' lang='grc' dir='ltr'><strong>καὶ</strong></span> <span class='ocrx_word' id='word_1_560' title='bbox 248 2108 353 2144; x_wconf 69' lang='grc' dir='ltr'>δέρρεις</span> <span class='ocrx_word' id='word_1_561' title='bbox 369 2108 423 2135; x_wconf 78' lang='grc' dir='ltr'><strong>ἀπὸ</strong></span> <span class='ocrx_word' id='word_1_562' title='bbox 442 2108 553 2143; x_wconf 84' lang='grc' dir='ltr'>τριχῶν,</span> <span class='ocrx_word' id='word_1_563' title='bbox 569 2108 634 2143; x_wconf 77' lang='grc' dir='ltr'>πρὸς</span> <span class='ocrx_word' id='word_1_564' title='bbox 649 2108 751 2143; x_wconf 81' lang='grc' dir='ltr'>κόσμον</span> <span class='ocrx_word' id='word_1_565' title='bbox 769 2108 818 2143; x_wconf 83' lang='grc' dir='ltr'><strong>τῆς</strong></span> <span class='ocrx_word' id='word_1_566' title='bbox 832 2116 897 2143; x_wconf 68' lang='grc' dir='ltr'>σκηι</span> 
     </span>
    </p>
   </div>
   <div class='ocr_carea' id='block_1_77' title="bbox 951 1519 1736 1554">
    <p class='ocr_par' dir='ltr' id='par_1_77' title="bbox 951 1519 1736 1554">
     <span class='ocr_line' id='line_1_77' title="bbox 951 1519 1736 1554; baseline 0.001 -8"><span class='ocrx_word' id='word_1_567' title='bbox 951 1527 1046 1554; x_wconf 81' lang='lat' dir='ltr'><strong>aquam</strong></span> <span class='ocrx_word' id='word_1_568' title='bbox 1076 1525 1249 1554; x_wconf 83' lang='lat' dir='ltr'><strong>peccatorum</strong></span> <span class='ocrx_word' id='word_1_569' title='bbox 1278 1521 1376 1548; x_wconf 68' lang='lat' dir='ltr'><strong>sordes</strong></span> <span class='ocrx_word' id='word_1_570' title='bbox 1405 1520 1542 1547; x_wconf 80' lang='lat' dir='ltr'><strong>auferunt.</strong></span> <span class='ocrx_word' id='word_1_571' title='bbox 1568 1519 1652 1547; x_wconf 83' lang='lat' dir='ltr'><strong>Lutet&#39;</strong></span> <span class='ocrx_word' id='word_1_572' title='bbox 1676 1524 1736 1547; x_wconf 85' lang='lat' dir='ltr'><strong>erat</strong></span> 
     </span>
    </p>
   </div>
   <div class='ocr_carea' id='block_1_78' title="bbox 949 1563 1736 1601">
    <p class='ocr_par' dir='ltr' id='par_1_78' title="bbox 949 1563 1736 1601">
     <span class='ocr_line' id='line_1_78' title="bbox 949 1563 1736 1601; baseline 0.003 -10"><span class='ocrx_word' id='word_1_573' title='bbox 949 1563 1078 1595; x_wconf 83' lang='lat' dir='ltr'><strong>Joannes,</strong></span> <span class='ocrx_word' id='word_1_574' title='bbox 1098 1565 1192 1591; x_wconf 84' lang='lat' dir='ltr'><strong>lavans</strong></span> <span class='ocrx_word' id='word_1_575' title='bbox 1214 1565 1242 1592; x_wconf 88' lang='lat' dir='ltr'><strong>in</strong></span> <span class='ocrx_word' id='word_1_576' title='bbox 1266 1564 1398 1598; x_wconf 84' lang='lat' dir='ltr'><strong>Jordanc,</strong></span> <span class='ocrx_word' id='word_1_577' title='bbox 1420 1566 1447 1593; x_wconf 96' lang='lat' dir='ltr'><strong>in</strong></span> <span class='ocrx_word' id='word_1_578' title='bbox 1469 1566 1631 1600; x_wconf 87' lang='lat' dir='ltr'><strong>baptismate</strong></span> <span class='ocrx_word' id='word_1_579' title='bbox 1654 1569 1736 1601; x_wconf 70' lang='lat' dir='ltr'><strong>pt‘eni-</strong></span> 
     </span>
    </p>
   </div>
   <div class='ocr_carea' id='block_1_79' title="bbox 950 1610 1735 1643">
    <p class='ocr_par' dir='ltr' id='par_1_79' title="bbox 950 1610 1735 1643">
     <span class='ocr_line' id='line_1_79' title="bbox 950 1610 1735 1643; baseline 0.004 -7"><span class='ocrx_word' id='word_1_580' title='bbox 950 1610 1084 1637; x_wconf 74' lang='lat' dir='ltr'><strong>tentize“.</strong></span> <span class='ocrx_word' id='word_1_581' title='bbox 1101 1610 1176 1638; x_wconf 84' lang='lat' dir='ltr'><strong>Talis</strong></span> <span class='ocrx_word' id='word_1_582' title='bbox 1197 1616 1255 1638; x_wconf 87' lang='lat' dir='ltr'><strong>erat</strong></span> <span class='ocrx_word' id='word_1_583' title='bbox 1279 1611 1390 1643; x_wconf 85' lang='lat' dir='ltr'><strong>Petrus,</strong></span> <span class='ocrx_word' id='word_1_584' title='bbox 1413 1612 1465 1638; x_wconf 83' lang='lat' dir='ltr'><strong>tria</strong></span> <span class='ocrx_word' id='word_1_585' title='bbox 1490 1611 1574 1638; x_wconf 91' lang='lat' dir='ltr'><strong>millia</strong></span> <span class='ocrx_word' id='word_1_586' title='bbox 1595 1612 1735 1639; x_wconf 82' lang='lat' dir='ltr'><strong>hominum</strong></span> 
     </span>
    </p>
   </div>
   <div class='ocr_carea' id='block_1_80' title="bbox 949 1655 1737 1692">
    <p class='ocr_par' dir='ltr' id='par_1_80' title="bbox 949 1655 1737 1692">
     <span class='ocr_line' id='line_1_80' title="bbox 949 1655 1737 1692; baseline 0.003 -10"><span class='ocrx_word' id='word_1_587' title='bbox 949 1655 1030 1683; x_wconf 87' lang='lat' dir='ltr'><strong>simul</strong></span> <span class='ocrx_word' id='word_1_588' title='bbox 1043 1655 1076 1682; x_wconf 88' lang='lat' dir='ltr'><strong>ad</strong></span> <span class='ocrx_word' id='word_1_589' title='bbox 1095 1656 1221 1690; x_wconf 87' lang='lat' dir='ltr'><strong>baptismi</strong></span> <span class='ocrx_word' id='word_1_590' title='bbox 1237 1656 1374 1683; x_wconf 85' lang='lat' dir='ltr'><strong>lavacrum</strong></span> <span class='ocrx_word' id='word_1_591' title='bbox 1390 1656 1528 1684; x_wconf 86' lang='lat' dir='ltr'><strong>deducens</strong></span> <span class='ocrx_word' id='word_1_592' title='bbox 1543 1657 1576 1683; x_wconf 80' lang='lat'><strong>“.</strong></span> <span class='ocrx_word' id='word_1_593' title='bbox 1594 1657 1737 1692; x_wconf 84' lang='lat' dir='ltr'><strong>Philippus</strong></span> 
     </span>
    </p>
   </div>
   <div class='ocr_carea' id='block_1_81' title="bbox 932 1701 1736 1739">
    <p class='ocr_par' dir='ltr' id='par_1_81' title="bbox 932 1701 1736 1739">
     <span class='ocr_line' id='line_1_81' title="bbox 932 1701 1736 1739; baseline 0.005 -13"><span class='ocrx_word' id='word_1_594' title='bbox 932 1708 1057 1739; x_wconf 38' lang='lat' dir='ltr'><strong>[quoque</strong></span> <span class='ocrx_word' id='word_1_595' title='bbox 1070 1708 1136 1728; x_wconf 87' lang='lat' dir='ltr'><strong>urna</strong></span> <span class='ocrx_word' id='word_1_596' title='bbox 1158 1701 1291 1729; x_wconf 84' lang='lat' dir='ltr'><strong>Candacis</strong></span> <span class='ocrx_word' id='word_1_597' title='bbox 1312 1701 1373 1728; x_wconf 82' lang='lat' dir='ltr'><strong>fuit.</strong></span> <span class='ocrx_word' id='word_1_598' title='bbox 1394 1702 1464 1734; x_wconf 80' lang='lat' dir='ltr'><strong>Quid</strong></span> <span class='ocrx_word' id='word_1_599' title='bbox 1486 1703 1590 1732; x_wconf 78' lang='lat' dir='ltr'><strong>multa?</strong></span> <span class='ocrx_word' id='word_1_600' title='bbox 1608 1704 1736 1731; x_wconf 83' lang='lat' dir='ltr'><strong>omnibus</strong></span> 
     </span>
    </p>
   </div>
   <div class='ocr_carea' id='block_1_82' title="bbox 934 1746 1735 1782">
    <p class='ocr_par' dir='ltr' id='par_1_82' title="bbox 934 1746 1735 1782">
     <span class='ocr_line' id='line_1_82' title="bbox 934 1746 1735 1782; baseline 0.002 -9"><span class='ocrx_word' id='word_1_601' title='bbox 934 1746 994 1781; x_wconf 55' lang='lat' dir='ltr'><strong>&#39;qui</strong></span> <span class='ocrx_word' id='word_1_602' title='bbox 1007 1747 1040 1773; x_wconf 87' lang='lat' dir='ltr'><strong>ad</strong></span> <span class='ocrx_word' id='word_1_603' title='bbox 1056 1747 1184 1782; x_wconf 83' lang='lat' dir='ltr'><strong>baptismi</strong></span> <span class='ocrx_word' id='word_1_604' title='bbox 1198 1746 1299 1774; x_wconf 88' lang='lat' dir='ltr'><strong>donum</strong></span> <span class='ocrx_word' id='word_1_605' title='bbox 1318 1749 1440 1779; x_wconf 84' lang='lat' dir='ltr'><strong>veniunt.</strong></span> <span class='ocrx_word' id='word_1_606' title='bbox 1460 1748 1477 1774; x_wconf 94' lang='lat' dir='ltr'><strong>ii</strong></span> <span class='ocrx_word' id='word_1_607' title='bbox 1496 1748 1528 1774; x_wconf 90' lang='lat' dir='ltr'><strong>ad</strong></span> <span class='ocrx_word' id='word_1_608' title='bbox 1544 1749 1643 1775; x_wconf 85' lang='lat' dir='ltr'><strong>lotoria</strong></span> <span class='ocrx_word' id='word_1_609' title='bbox 1660 1755 1735 1780; x_wconf 88' lang='lat' dir='ltr'><strong>sunt,</strong></span> 
     </span>
    </p>
   </div>
   <div class='ocr_carea' id='block_1_83' title="bbox 948 1792 1736 1827">
    <p class='ocr_par' dir='ltr' id='par_1_83' title="bbox 948 1792 1736 1827">
     <span class='ocr_line' id='line_1_83' title="bbox 948 1792 1736 1827; baseline 0.005 -9"><span class='ocrx_word' id='word_1_610' title='bbox 948 1792 994 1827; x_wconf 89' lang='lat' dir='ltr'><strong>qui</strong></span> <span class='ocrx_word' id='word_1_611' title='bbox 1018 1792 1171 1819; x_wconf 76' lang='lat' dir='ltr'><strong>ministerio</strong></span> <span class='ocrx_word' id='word_1_612' title='bbox 1196 1800 1246 1819; x_wconf 90' lang='lat' dir='ltr'><strong>suo</strong></span> <span class='ocrx_word' id='word_1_613' title='bbox 1266 1792 1379 1827; x_wconf 74' lang='lat' dir='ltr'><strong>gratiam</strong></span> <span class='ocrx_word' id='word_1_614' title='bbox 1408 1793 1538 1827; x_wconf 63' lang='lat' dir='ltr'><strong>praebent.</strong></span> <span class='ocrx_word' id='word_1_615' title='bbox 1555 1793 1646 1820; x_wconf 73' lang='lat' dir='ltr'><strong>Aultea</strong></span> <span class='ocrx_word' id='word_1_616' title='bbox 1670 1802 1736 1822; x_wconf 86' lang='lat' dir='ltr'><strong>vero</strong></span> 
     </span>
    </p>
   </div>
   <div class='ocr_carea' id='block_1_84' title="bbox 948 1837 1736 1872">
    <p class='ocr_par' dir='ltr' id='par_1_84' title="bbox 948 1837 1736 1872">
     <span class='ocr_line' id='line_1_84' title="bbox 948 1837 1736 1872; baseline 0.003 -8"><span class='ocrx_word' id='word_1_617' title='bbox 948 1845 1009 1872; x_wconf 78' lang='lat' dir='ltr'><strong>qua:</strong></span> <span class='ocrx_word' id='word_1_618' title='bbox 1026 1838 1096 1865; x_wconf 89' lang='lat' dir='ltr'><strong>inter</strong></span> <span class='ocrx_word' id='word_1_619' title='bbox 1107 1845 1137 1865; x_wconf 87' lang='lat' dir='ltr'><strong>se</strong></span> <span class='ocrx_word' id='word_1_620' title='bbox 1152 1845 1277 1864; x_wconf 77' lang='lat' dir='ltr'><strong>connexa</strong></span> <span class='ocrx_word' id='word_1_621' title='bbox 1295 1837 1501 1864; x_wconf 89' lang='lat' dir='ltr'><strong>tabernaculum</strong></span> <span class='ocrx_word' id='word_1_622' title='bbox 1514 1837 1541 1865; x_wconf 87' lang='lat' dir='ltr'><strong>in</strong></span> <span class='ocrx_word' id='word_1_623' title='bbox 1553 1838 1647 1866; x_wconf 87' lang='lat' dir='ltr'><strong>orbem</strong></span> <span class='ocrx_word' id='word_1_624' title='bbox 1664 1847 1736 1866; x_wconf 89' lang='lat' dir='ltr'><strong>com-</strong></span> 
     </span>
    </p>
   </div>
   <div class='ocr_carea' id='block_1_85' title="bbox 949 1882 1733 1917">
    <p class='ocr_par' dir='ltr' id='par_1_85' title="bbox 949 1882 1733 1917">
     <span class='ocr_line' id='line_1_85' title="bbox 949 1882 1733 1917; baseline 0.004 -9"><span class='ocrx_word' id='word_1_625' title='bbox 949 1882 1118 1916; x_wconf 89' lang='lat' dir='ltr'><strong>plectuntur,</strong></span> <span class='ocrx_word' id='word_1_626' title='bbox 1137 1882 1280 1909; x_wconf 89' lang='lat' dir='ltr'><strong>amabilem</strong></span> <span class='ocrx_word' id='word_1_627' title='bbox 1297 1882 1492 1917; x_wconf 82' lang='lat' dir='ltr'><strong>paciﬁcamque</strong></span> <span class='ocrx_word' id='word_1_628' title='bbox 1506 1883 1676 1911; x_wconf 86' lang='lat' dir='ltr'><strong>credentium</strong></span> <span class='ocrx_word' id='word_1_629' title='bbox 1691 1893 1733 1912; x_wconf 79' lang='lat' dir='ltr'><strong>es-</strong></span> 
     </span>
    </p>
   </div>
   <div class='ocr_carea' id='block_1_86' title="bbox 947 1927 1736 1962">
    <p class='ocr_par' dir='ltr' id='par_1_86' title="bbox 947 1927 1736 1962">
     <span class='ocr_line' id='line_1_86' title="bbox 947 1927 1736 1962; baseline 0.004 -9"><span class='ocrx_word' id='word_1_630' title='bbox 947 1935 978 1954; x_wconf 83' lang='lat' dir='ltr'><strong>se</strong></span> <span class='ocrx_word' id='word_1_631' title='bbox 991 1927 1168 1954; x_wconf 79' lang='lat' dir='ltr'><strong>concordiam</strong></span> <span class='ocrx_word' id='word_1_632' title='bbox 1195 1934 1248 1954; x_wconf 92' lang='lat' dir='ltr'><strong>non</strong></span> <span class='ocrx_word' id='word_1_633' title='bbox 1267 1927 1385 1955; x_wconf 88' lang='lat' dir='ltr'><strong>absurde</strong></span> <span class='ocrx_word' id='word_1_634' title='bbox 1406 1928 1544 1962; x_wconf 84' lang='lat' dir='ltr'><strong>quispiam</strong></span> <span class='ocrx_word' id='word_1_635' title='bbox 1561 1928 1671 1956; x_wconf 80' lang='lat' dir='ltr'><strong>dixerit.</strong></span> <span class='ocrx_word' id='word_1_636' title='bbox 1689 1928 1736 1957; x_wconf 90' lang='lat' dir='ltr'><strong>Sic</strong></span> 
     </span>
    </p>
   </div>
   <div class='ocr_carea' id='block_1_87' title="bbox 947 1971 1735 2007">
    <p class='ocr_par' dir='ltr' id='par_1_87' title="bbox 947 1971 1735 2007">
     <span class='ocr_line' id='line_1_87' title="bbox 947 1971 1735 2007; baseline 0.005 -10"><span class='ocrx_word' id='word_1_637' title='bbox 947 1973 1020 1998; x_wconf 85' lang='lat' dir='ltr'><strong>enim</strong></span> <span class='ocrx_word' id='word_1_638' title='bbox 1044 1971 1128 1998; x_wconf 67' lang='lat' dir='ltr'><strong>David</strong></span> <span class='ocrx_word' id='word_1_639' title='bbox 1151 1971 1224 1999; x_wconf 90' lang='lat' dir='ltr'><strong>hunc</strong></span> <span class='ocrx_word' id='word_1_640' title='bbox 1241 1972 1330 1999; x_wconf 92' lang='lat' dir='ltr'><strong>locum</strong></span> <span class='ocrx_word' id='word_1_641' title='bbox 1348 1973 1509 2007; x_wconf 89' lang='lat' dir='ltr'><strong>exposuisse</strong></span> <span class='ocrx_word' id='word_1_642' title='bbox 1531 1973 1650 2006; x_wconf 84' lang='lat' dir='ltr'><strong>videtur,</strong></span> <span class='ocrx_word' id='word_1_643' title='bbox 1673 1982 1735 2002; x_wconf 84' lang='lat' dir='ltr'><strong>eum</strong></span> 
     </span>
    </p>
   </div>
   <div class='ocr_carea' id='block_1_88' title="bbox 947 2017 1735 2054">
    <p class='ocr_par' dir='ltr' id='par_1_88' title="bbox 947 2017 1735 2054">
     <span class='ocr_line' id='line_1_88' title="bbox 947 2017 1735 2054; baseline 0.005 -11"><span class='ocrx_word' id='word_1_644' title='bbox 947 2017 1043 2044; x_wconf 86' lang='lat' dir='ltr'><strong>dicat:</strong></span> <span class='ocrx_word' id='word_1_645' title='bbox 1066 2017 1117 2050; x_wconf 85' lang='lat' dir='ltr'><strong>Qui</strong></span> <span class='ocrx_word' id='word_1_646' title='bbox 1142 2018 1220 2052; x_wconf 90' lang='lat' dir='ltr'><strong>ponis</strong></span> <span class='ocrx_word' id='word_1_647' title='bbox 1246 2019 1378 2045; x_wconf 90' lang='lat' dir='ltr'><strong>terminos</strong></span> <span class='ocrx_word' id='word_1_648' title='bbox 1406 2024 1468 2045; x_wconf 90' lang='lat' dir='ltr'><strong>tuos</strong></span> <span class='ocrx_word' id='word_1_649' title='bbox 1492 2026 1596 2054; x_wconf 88' lang='lat' dir='ltr'><strong>pacem.</strong></span> <span class='ocrx_word' id='word_1_650' title='bbox 1624 2019 1735 2048; x_wconf 85' lang='lat' dir='ltr'><strong>Corium</strong></span> 
     </span>
    </p>
   </div>
   <div class='ocr_carea' id='block_1_89' title="bbox 947 2061 1735 2096">
    <p class='ocr_par' dir='ltr' id='par_1_89' title="bbox 947 2061 1735 2096">
     <span class='ocr_line' id='line_1_89' title="bbox 947 2061 1735 2096; baseline 0.003 -9"><span class='ocrx_word' id='word_1_651' title='bbox 947 2068 1013 2087; x_wconf 81' lang='lat' dir='ltr'><strong>vero</strong></span> <span class='ocrx_word' id='word_1_652' title='bbox 1033 2067 1214 2095; x_wconf 86' lang='lat' dir='ltr'><strong>purpureum,</strong></span> <span class='ocrx_word' id='word_1_653' title='bbox 1231 2064 1258 2087; x_wconf 89' lang='lat' dir='ltr'><strong>et</strong></span> <span class='ocrx_word' id='word_1_654' title='bbox 1275 2068 1340 2095; x_wconf 77' lang='lat' dir='ltr'><strong>saga</strong></span> <span class='ocrx_word' id='word_1_655' title='bbox 1358 2068 1390 2088; x_wconf 81' lang='lat' dir='ltr'><strong>ex</strong></span> <span class='ocrx_word' id='word_1_656' title='bbox 1408 2061 1481 2096; x_wconf 86' lang='lat' dir='ltr'><strong>pilis,</strong></span> <span class='ocrx_word' id='word_1_657' title='bbox 1499 2061 1532 2088; x_wconf 90' lang='lat' dir='ltr'><strong>ad</strong></span> <span class='ocrx_word' id='word_1_658' title='bbox 1550 2066 1677 2089; x_wconf 89' lang='lat' dir='ltr'><strong>ornatum</strong></span> <span class='ocrx_word' id='word_1_659' title='bbox 1693 2066 1735 2089; x_wconf 88' lang='lat' dir='ltr'><strong>ta-</strong></span> 
     </span>
    </p>
   </div>
   <div class='ocr_carea' id='block_1_90' title="bbox 948 2106 1734 2142">
    <p class='ocr_par' dir='ltr' id='par_1_90' title="bbox 948 2106 1734 2142">
     <span class='ocr_line' id='line_1_90' title="bbox 948 2106 1734 2142; baseline 0.003 -10"><span class='ocrx_word' id='word_1_660' title='bbox 948 2106 1090 2133; x_wconf 77' lang='lat' dir='ltr'><strong>bernaculi</strong></span> <span class='ocrx_word' id='word_1_661' title='bbox 1110 2106 1287 2141; x_wconf 87' lang='lat' dir='ltr'><strong>pertinentia,</strong></span> <span class='ocrx_word' id='word_1_662' title='bbox 1305 2106 1513 2134; x_wconf 81' lang='lat' dir='ltr'><strong>accommodate</strong></span> <span class='ocrx_word' id='word_1_663' title='bbox 1536 2107 1734 2142; x_wconf 81' lang='lat' dir='ltr'><strong>intelligentur,</strong></span> 
     </span>
    </p>
   </div>
   <div class='ocr_carea' id='block_1_91' title="bbox 111 2150 896 2188">
    <p class='ocr_par' dir='ltr' id='par_1_91' title="bbox 111 2153 896 2188">
     <span class='ocr_line' id='line_1_91' title="bbox 111 2153 896 2188; baseline -0.001 -9"><span class='ocrx_word' id='word_1_664' title='bbox 111 2154 162 2188; x_wconf 81' lang='grc' dir='ltr'><strong>νῆς</strong></span> <span class='ocrx_word' id='word_1_665' title='bbox 177 2153 361 2183; x_wconf 75' lang='grc' dir='ltr'>συντελοῦσαι,</span> <span class='ocrx_word' id='word_1_666' title='bbox 388 2153 561 2188; x_wconf 84' lang='grc' dir='ltr'>καταλλήλως</span> <span class='ocrx_word' id='word_1_667' title='bbox 585 2153 617 2180; x_wconf 78' lang='grc' dir='ltr'>ἂν</span> <span class='ocrx_word' id='word_1_668' title='bbox 634 2153 755 2188; x_wconf 84' lang='grc' dir='ltr'>νοηθεῖεν</span> <span class='ocrx_word' id='word_1_669' title='bbox 775 2153 792 2188; x_wconf 85' lang='grc' dir='ltr'>ἥ</span> <span class='ocrx_word' id='word_1_670' title='bbox 809 2161 838 2179; x_wconf 81' lang='grc' dir='ltr'><strong>τε</strong></span> <span class='ocrx_word' id='word_1_671' title='bbox 853 2153 896 2179; x_wconf 75' lang='grc' dir='ltr'><strong>νέ-</strong></span> 
     </span>
    </p>
   </div>
   <div class='ocr_carea' id='block_1_92' title="bbox 948 2150 1736 2188">
    <p class='ocr_par' dir='ltr' id='par_1_92' title="bbox 950 2151 1736 2186">
     <span class='ocr_line' id='line_1_92' title="bbox 950 2151 1736 2186; baseline 0 -8"><span class='ocrx_word' id='word_1_672' title='bbox 950 2152 973 2179; x_wconf 92' lang='lat' dir='ltr'><strong>si</strong></span> <span class='ocrx_word' id='word_1_673' title='bbox 990 2159 1038 2186; x_wconf 91' lang='lat' dir='ltr'><strong>pro</strong></span> <span class='ocrx_word' id='word_1_674' title='bbox 1054 2152 1130 2179; x_wconf 86' lang='lat' dir='ltr'><strong>corio</strong></span> <span class='ocrx_word' id='word_1_675' title='bbox 1145 2152 1321 2180; x_wconf 80' lang='lat' dir='ltr'><strong>mortiﬁcatio</strong></span> <span class='ocrx_word' id='word_1_676' title='bbox 1336 2160 1428 2186; x_wconf 74' lang='lat' dir='ltr'><strong>prona:</strong></span> <span class='ocrx_word' id='word_1_677' title='bbox 1442 2151 1475 2178; x_wconf 87' lang='lat' dir='ltr'><strong>ad</strong></span> <span class='ocrx_word' id='word_1_678' title='bbox 1495 2152 1663 2186; x_wconf 85' lang='lat' dir='ltr'><strong>peccandum</strong></span> <span class='ocrx_word' id='word_1_679' title='bbox 1675 2160 1736 2179; x_wconf 82' lang='lat' dir='ltr'><strong>car-</strong></span> 
     </span>
    </p>
   </div>
   <div class='ocr_carea' id='block_1_93' title="bbox 111 2196 899 2235">
    <p class='ocr_par' dir='ltr' id='par_1_93' title="bbox 111 2196 899 2235">
     <span class='ocr_line' id='line_1_93' title="bbox 111 2196 899 2235; baseline -0.001 -10"><span class='ocrx_word' id='word_1_680' title='bbox 111 2207 215 2234; x_wconf 85' lang='grc' dir='ltr'>κρωσις</span> <span class='ocrx_word' id='word_1_681' title='bbox 238 2199 287 2233; x_wconf 85' lang='grc' dir='ltr'>τῆς</span> <span class='ocrx_word' id='word_1_682' title='bbox 312 2199 500 2235; x_wconf 60' lang='grc' dir='ltr'>ἁμαρητικῆς</span> <span class='ocrx_word' id='word_1_683' title='bbox 527 2198 643 2234; x_wconf 74' lang='grc' dir='ltr'>σαρκὸς,</span> <span class='ocrx_word' id='word_1_684' title='bbox 673 2196 706 2234; x_wconf 82' lang='grc' dir='ltr'>ἦς</span> <span class='ocrx_word' id='word_1_685' title='bbox 730 2199 843 2233; x_wconf 75' lang='grc' dir='ltr'>αἴνιγμα</span> <span class='ocrx_word' id='word_1_686' title='bbox 869 2198 899 2224; x_wconf 81' lang='grc' dir='ltr'>τὸ</span> 
     </span>
    </p>
   </div>
   <div class='ocr_carea' id='block_1_94' title="bbox 111 2243 898 2280">
    <p class='ocr_par' dir='ltr' id='par_1_94' title="bbox 111 2243 898 2280">
     <span class='ocr_line' id='line_1_94' title="bbox 111 2243 898 2280; baseline -0.001 -10"><span class='ocrx_word' id='word_1_687' title='bbox 111 2244 320 2279; x_wconf 82' lang='grc' dir='ltr'>πεφοινιγμένον</span> <span class='ocrx_word' id='word_1_688' title='bbox 342 2245 428 2280; x_wconf 78' lang='grc' dir='ltr'>δέρμα</span> <span class='ocrx_word' id='word_1_689' title='bbox 448 2244 516 2276; x_wconf 75' lang='grc' dir='ltr'>ἐστὶ,</span> <span class='ocrx_word' id='word_1_690' title='bbox 541 2244 589 2271; x_wconf 80' lang='grc' dir='ltr'>καὶ</span> <span class='ocrx_word' id='word_1_691' title='bbox 608 2245 751 2279; x_wconf 83' lang='grc' dir='ltr'>ήτραχεῖα</span> <span class='ocrx_word' id='word_1_692' title='bbox 777 2243 898 2279; x_wconf 74' lang='grc' dir='ltr'>διαγωγὴ</span> 
     </span>
    </p>
   </div>
   <div class='ocr_carea' id='block_1_95' title="bbox 111 2287 899 2324">
    <p class='ocr_par' dir='ltr' id='par_1_95' title="bbox 111 2287 899 2324">
     <span class='ocr_line' id='line_1_95' title="bbox 111 2287 899 2324; baseline -0.001 -8"><span class='ocrx_word' id='word_1_693' title='bbox 111 2290 174 2316; x_wconf 75' lang='grc' dir='ltr'>κατ’</span> <span class='ocrx_word' id='word_1_694' title='bbox 186 2290 358 2324; x_wconf 76' lang='grc' dir='ltr'>ἐγκράτειαν,</span> <span class='ocrx_word' id='word_1_695' title='bbox 374 2287 415 2321; x_wconf 74' lang='grc' dir='ltr'><strong>οἷς</strong></span> <span class='ocrx_word' id='word_1_696' title='bbox 434 2289 579 2324; x_wconf 78' lang='grc' dir='ltr'>ιῖιραῖςεται</span> <span class='ocrx_word' id='word_1_697' title='bbox 596 2289 711 2324; x_wconf 76' lang='grc' dir='ltr'>μάλιστα</span> <span class='ocrx_word' id='word_1_698' title='bbox 733 2290 750 2323; x_wconf 78' lang='grc' dir='ltr'>ἡ</span> <span class='ocrx_word' id='word_1_699' title='bbox 767 2290 816 2324; x_wconf 85' lang='grc' dir='ltr'>τῆς</span> <span class='ocrx_word' id='word_1_700' title='bbox 837 2289 899 2315; x_wconf 80' lang='grc' dir='ltr'><strong>Ἐκ-</strong></span> 
     </span>
    </p>
   </div>
   <div class='ocr_carea' id='block_1_96' title="bbox 111 2334 899 2370">
    <p class='ocr_par' dir='ltr' id='par_1_96' title="bbox 111 2334 899 2370">
     <span class='ocr_line' id='line_1_96' title="bbox 111 2334 899 2370; baseline 0 -10"><span class='ocrx_word' id='word_1_701' title='bbox 111 2335 228 2370; x_wconf 84' lang='grc' dir='ltr'>κλησίας</span> <span class='ocrx_word' id='word_1_702' title='bbox 244 2335 340 2369; x_wconf 85' lang='grc' dir='ltr'>σκηνή.</span> <span class='ocrx_word' id='word_1_703' title='bbox 363 2335 401 2362; x_wconf 78' lang='grc' dir='ltr'>Τὰ</span> <span class='ocrx_word' id='word_1_704' title='bbox 416 2335 470 2369; x_wconf 78' lang='grc' dir='ltr'>γὰρ</span> <span class='ocrx_word' id='word_1_705' title='bbox 486 2334 607 2369; x_wconf 79' lang='grc' dir='ltr'>δέρματα</span> <span class='ocrx_word' id='word_1_706' title='bbox 621 2335 738 2370; x_wconf 82' lang='grc' dir='ltr'>ζωτικὴν</span> <span class='ocrx_word' id='word_1_707' title='bbox 751 2335 779 2360; x_wconf 77' lang='grc' dir='ltr'>ἐν</span> <span class='ocrx_word' id='word_1_708' title='bbox 795 2335 899 2366; x_wconf 77' lang='grc' dir='ltr'>ἑαυτοῖς</span> 
     </span>
    </p>
   </div>
   <div class='ocr_carea' id='block_1_97' title="bbox 110 2380 898 2416">
    <p class='ocr_par' dir='ltr' id='par_1_97' title="bbox 110 2380 898 2416">
     <span class='ocr_line' id='line_1_97' title="bbox 110 2380 898 2416; baseline 0 -10"><span class='ocrx_word' id='word_1_709' title='bbox 110 2380 165 2406; x_wconf 67' lang='grc' dir='ltr'><strong>οὐκ</strong></span> <span class='ocrx_word' id='word_1_710' title='bbox 189 2380 282 2415; x_wconf 75' lang='grc' dir='ltr'>ἔχοντα</span> <span class='ocrx_word' id='word_1_711' title='bbox 304 2380 418 2415; x_wconf 76' lang='grc' dir='ltr'>δύναμιν</span> <span class='ocrx_word' id='word_1_712' title='bbox 439 2381 488 2415; x_wconf 84' lang='grc' dir='ltr'><strong>τὴν</strong></span> <span class='ocrx_word' id='word_1_713' title='bbox 514 2381 545 2406; x_wconf 82' lang='grc' dir='ltr'>ὲκ</span> <span class='ocrx_word' id='word_1_714' title='bbox 567 2381 684 2414; x_wconf 77' lang='grc' dir='ltr'>φύσεως,</span> <span class='ocrx_word' id='word_1_715' title='bbox 705 2381 738 2416; x_wconf 84' lang='grc' dir='ltr'>τῇ</span> <span class='ocrx_word' id='word_1_716' title='bbox 763 2380 835 2415; x_wconf 70' lang='grc' dir='ltr'>βαερῇ</span> <span class='ocrx_word' id='word_1_717' title='bbox 851 2380 898 2407; x_wconf 84' lang='grc' dir='ltr'><strong>τοῦ</strong></span> 
     </span>
    </p>
   </div>
   <div class='ocr_carea' id='block_1_98' title="bbox 112 2425 898 2461">
    <p class='ocr_par' dir='ltr' id='par_1_98' title="bbox 112 2425 898 2461">
     <span class='ocr_line' id='line_1_98' title="bbox 112 2425 898 2461; baseline 0 -9"><span class='ocrx_word' id='word_1_718' title='bbox 112 2426 287 2461; x_wconf 71' lang='grc' dir='ltr'>ἐρυθήματος</span> <span class='ocrx_word' id='word_1_719' title='bbox 301 2427 399 2460; x_wconf 72' lang='grc' dir='ltr'>εὐανθῆ</span> <span class='ocrx_word' id='word_1_720' title='bbox 421 2427 537 2460; x_wconf 81' lang='grc' dir='ltr'>γίνεται,</span> <span class='ocrx_word' id='word_1_721' title='bbox 564 2426 632 2460; x_wconf 84' lang='grc' dir='ltr'>ὅπερ</span> <span class='ocrx_word' id='word_1_722' title='bbox 645 2425 776 2458; x_wconf 79' lang='grc' dir='ltr'>διδάσκει,</span> <span class='ocrx_word' id='word_1_723' title='bbox 790 2426 839 2460; x_wconf 84' lang='grc' dir='ltr'><strong>τὴν</strong></span> <span class='ocrx_word' id='word_1_724' title='bbox 854 2425 898 2452; x_wconf 82' lang='grc' dir='ltr'><strong>διὰ</strong></span> 
     </span>
    </p>
   </div>
   <div class='ocr_carea' id='block_1_99' title="bbox 111 2468 898 2505">
    <p class='ocr_par' dir='ltr' id='par_1_99' title="bbox 111 2468 898 2505">
     <span class='ocr_line' id='line_1_99' title="bbox 111 2468 898 2505; baseline -0.003 -8"><span class='ocrx_word' id='word_1_725' title='bbox 111 2470 161 2497; x_wconf 74' lang='grc' dir='ltr'>τοῦ</span> <span class='ocrx_word' id='word_1_726' title='bbox 179 2470 333 2505; x_wconf 81' lang='grc' dir='ltr'>Πνεύματος</span> <span class='ocrx_word' id='word_1_727' title='bbox 357 2470 525 2497; x_wconf 78' lang='grc' dir='ltr'>ἐπανθοῦσαν</span> <span class='ocrx_word' id='word_1_728' title='bbox 539 2470 618 2505; x_wconf 84' lang='grc' dir='ltr'>χάριν</span> <span class='ocrx_word' id='word_1_729' title='bbox 641 2470 678 2505; x_wconf 87' lang='grc' dir='ltr'><strong>μὴ</strong></span> <span class='ocrx_word' id='word_1_730' title='bbox 695 2470 722 2496; x_wconf 83' lang='grc' dir='ltr'><strong>ὲν</strong></span> <span class='ocrx_word' id='word_1_731' title='bbox 740 2469 842 2505; x_wconf 79' lang='grc' dir='ltr'>ἑτέροις</span> <span class='ocrx_word' id='word_1_732' title='bbox 856 2468 898 2503; x_wconf 82' lang='grc' dir='ltr'>γί-</span> 
     </span>
    </p>
   </div>
   <div class='ocr_carea' id='block_1_100' title="bbox 112 2515 897 2553">
    <p class='ocr_par' dir='ltr' id='par_1_100' title="bbox 112 2515 897 2553">
     <span class='ocr_line' id='line_1_100' title="bbox 112 2515 897 2553; baseline 0.001 -11"><span class='ocrx_word' id='word_1_733' title='bbox 112 2516 218 2548; x_wconf 79' lang='grc' dir='ltr'>νεσθαι,</span> <span class='ocrx_word' id='word_1_734' title='bbox 232 2517 255 2542; x_wconf 81' lang='grc' dir='ltr'>εἰ</span> <span class='ocrx_word' id='word_1_735' title='bbox 274 2517 310 2551; x_wconf 80' lang='grc' dir='ltr'><strong>μή</strong></span> <span class='ocrx_word' id='word_1_736' title='bbox 325 2525 396 2547; x_wconf 80' lang='grc' dir='ltr'>τινες</span> <span class='ocrx_word' id='word_1_737' title='bbox 411 2517 522 2547; x_wconf 74' lang='grc' dir='ltr'>ἑαυτοὺς</span> <span class='ocrx_word' id='word_1_738' title='bbox 538 2517 570 2551; x_wconf 82' lang='grc' dir='ltr'>τῇ</span> <span class='ocrx_word' id='word_1_739' title='bbox 587 2517 710 2553; x_wconf 72' lang='grc' dir='ltr'>ἁμαρτὶᾳ</span> <span class='ocrx_word' id='word_1_740' title='bbox 727 2515 897 2551; x_wconf 74' lang='grc' dir='ltr'>ιεκρώσαιεν.</span> 
     </span>
    </p>
   </div>
   <div class='ocr_carea' id='block_1_101' title="bbox 112 2561 899 2598">
    <p class='ocr_par' dir='ltr' id='par_1_101' title="bbox 112 2561 899 2598">
     <span class='ocr_line' id='line_1_101' title="bbox 112 2561 899 2598; baseline 0 -10"><span class='ocrx_word' id='word_1_741' title='bbox 112 2563 146 2588; x_wconf 82' lang='grc' dir='ltr'><strong>Εἰ</strong></span> <span class='ocrx_word' id='word_1_742' title='bbox 160 2563 186 2588; x_wconf 77' lang='grc' dir='ltr'><strong>δὲ</strong></span> <span class='ocrx_word' id='word_1_743' title='bbox 201 2563 247 2588; x_wconf 69' lang='grc' dir='ltr'>καὶ</span> <span class='ocrx_word' id='word_1_744' title='bbox 264 2564 279 2597; x_wconf 82' lang='grc' dir='ltr'>ἡ</span> <span class='ocrx_word' id='word_1_745' title='bbox 297 2562 412 2597; x_wconf 67' lang='grc' dir='ltr'>σώφρων</span> <span class='ocrx_word' id='word_1_746' title='bbox 426 2562 505 2594; x_wconf 79' lang='grc' dir='ltr'><strong>αἰδὼς</strong></span> <span class='ocrx_word' id='word_1_747' title='bbox 523 2561 575 2598; x_wconf 62' lang='lat' dir='ltr'><strong>[ob]</strong></span> <span class='ocrx_word' id='word_1_748' title='bbox 592 2564 624 2598; x_wconf 82' lang='grc' dir='ltr'>τῇ</span> <span class='ocrx_word' id='word_1_749' title='bbox 649 2561 721 2597; x_wconf 74' lang='grc' dir='ltr'><strong>βαφῇ</strong></span> <span class='ocrx_word' id='word_1_750' title='bbox 736 2562 782 2588; x_wconf 78' lang='grc' dir='ltr'>τοῦ</span> <span class='ocrx_word' id='word_1_751' title='bbox 801 2562 899 2597; x_wconf 77' lang='grc' dir='ltr'>ἐρυθή-</span> 
     </span>
    </p>
   </div>
   <div class='ocr_carea' id='block_1_102' title="bbox 113 2607 899 2643">
    <p class='ocr_par' dir='ltr' id='par_1_102' title="bbox 113 2607 899 2643">
     <span class='ocr_line' id='line_1_102' title="bbox 113 2607 899 2643; baseline 0.003 -11"><span class='ocrx_word' id='word_1_752' title='bbox 113 2615 202 2642; x_wconf 83' lang='grc' dir='ltr'>ματος</span> <span class='ocrx_word' id='word_1_753' title='bbox 217 2607 268 2633; x_wconf 62' lang='grc' dir='ltr'>ὺπιδ</span> <span class='ocrx_word' id='word_1_754' title='bbox 281 2607 327 2633; x_wconf 73' lang='grc' dir='ltr'>τοῦ</span> <span class='ocrx_word' id='word_1_755' title='bbox 344 2607 423 2641; x_wconf 81' lang='grc' dir='ltr'>λόγου</span> <span class='ocrx_word' id='word_1_756' title='bbox 438 2608 609 2642; x_wconf 78' lang='grc' dir='ltr'>σημαίνεται,</span> <span class='ocrx_word' id='word_1_757' title='bbox 625 2608 670 2633; x_wconf 70' lang='grc' dir='ltr'><strong>ἐπὶ</strong></span> <span class='ocrx_word' id='word_1_758' title='bbox 690 2607 729 2642; x_wconf 81' lang='grc' dir='ltr'><strong>τῷ</strong></span> <span class='ocrx_word' id='word_1_759' title='bbox 744 2607 899 2643; x_wconf 78' lang='grc' dir='ltr'>βουλομένῳ</span> 
     </span>
    </p>
   </div>
   <div class='ocr_carea' id='block_1_103' title="bbox 111 2651 897 2688">
    <p class='ocr_par' dir='ltr' id='par_1_103' title="bbox 111 2651 897 2688">
     <span class='ocr_line' id='line_1_103' title="bbox 111 2651 897 2688; baseline 0 -10"><span class='ocrx_word' id='word_1_760' title='bbox 111 2651 244 2687; x_wconf 72' lang='grc' dir='ltr'>ποιοζμαι</span> <span class='ocrx_word' id='word_1_761' title='bbox 266 2653 315 2687; x_wconf 82' lang='grc' dir='ltr'><strong>τὴν</strong></span> <span class='ocrx_word' id='word_1_762' title='bbox 330 2652 429 2688; x_wconf 65' lang='grc' dir='ltr'>κρίσιν.</span> <span class='ocrx_word' id='word_1_763' title='bbox 450 2653 481 2678; x_wconf 84' lang='grc' dir='ltr'><strong>ῚΙ</strong></span> <span class='ocrx_word' id='word_1_764' title='bbox 503 2652 531 2678; x_wconf 80' lang='grc' dir='ltr'><strong>δὲ</strong></span> <span class='ocrx_word' id='word_1_765' title='bbox 552 2652 606 2680; x_wconf 81' lang='grc' dir='ltr'><strong>τῶν</strong></span> <span class='ocrx_word' id='word_1_766' title='bbox 621 2653 721 2688; x_wconf 82' lang='grc' dir='ltr'>τριχῶν</span> <span class='ocrx_word' id='word_1_767' title='bbox 745 2652 897 2687; x_wconf 78' lang='grc' dir='ltr'>συμπλοκὴ,</span> 
     </span>
    </p>
   </div>
   <div class='ocr_carea' id='block_1_104' title="bbox 111 2696 899 2733">
    <p class='ocr_par' dir='ltr' id='par_1_104' title="bbox 111 2696 899 2733">
     <span class='ocr_line' id='line_1_104' title="bbox 111 2696 899 2733; baseline 0.003 -10"><span class='ocrx_word' id='word_1_768' title='bbox 111 2697 201 2732; x_wconf 64' lang='grc' dir='ltr'>τραχύ</span> <span class='ocrx_word' id='word_1_769' title='bbox 212 2707 242 2724; x_wconf 82' lang='grc' dir='ltr'><strong>τε</strong></span> <span class='ocrx_word' id='word_1_770' title='bbox 263 2699 308 2724; x_wconf 67' lang='grc' dir='ltr'>καὶ</span> <span class='ocrx_word' id='word_1_771' title='bbox 322 2698 437 2730; x_wconf 64' lang='grc' dir='ltr'>δυσαυὲς</span> <span class='ocrx_word' id='word_1_772' title='bbox 457 2696 666 2732; x_wconf 68' lang='grc' dir='ltr'>ἀπεργαζομένη</span> <span class='ocrx_word' id='word_1_773' title='bbox 684 2698 836 2733; x_wconf 67' lang='grc' dir='ltr'>ἐξύφασμα,</span> <span class='ocrx_word' id='word_1_774' title='bbox 851 2698 899 2733; x_wconf 73' lang='grc' dir='ltr'>τὴν</span> 
     </span>
    </p>
   </div>
   <div class='ocr_carea' id='block_1_105' title="bbox 952 2197 1735 2233">
    <p class='ocr_par' dir='ltr' id='par_1_105' title="bbox 952 2197 1735 2233">
     <span class='ocr_line' id='line_1_105' title="bbox 952 2197 1735 2233; baseline 0.003 -9"><span class='ocrx_word' id='word_1_775' title='bbox 952 2198 1006 2229; x_wconf 89' lang='lat' dir='ltr'><strong>nis,</strong></span> <span class='ocrx_word' id='word_1_776' title='bbox 1026 2205 1074 2232; x_wconf 83' lang='lat' dir='ltr'><strong>pro</strong></span> <span class='ocrx_word' id='word_1_777' title='bbox 1097 2198 1189 2233; x_wconf 77' lang='lat' dir='ltr'><strong>sagis,</strong></span> <span class='ocrx_word' id='word_1_778' title='bbox 1204 2197 1326 2224; x_wconf 88' lang='lat' dir='ltr'><strong>strictior</strong></span> <span class='ocrx_word' id='word_1_779' title='bbox 1343 2197 1451 2224; x_wconf 84' lang='lat' dir='ltr'><strong>vivendi</strong></span> <span class='ocrx_word' id='word_1_780' title='bbox 1479 2204 1585 2231; x_wconf 83' lang='lat' dir='ltr'><strong>norma,</strong></span> <span class='ocrx_word' id='word_1_781' title='bbox 1607 2201 1634 2225; x_wconf 91' lang='lat' dir='ltr'><strong>et</strong></span> <span class='ocrx_word' id='word_1_782' title='bbox 1656 2199 1735 2232; x_wconf 83' lang='lat' dir='ltr'><strong>quasi</strong></span> 
     </span>
    </p>
   </div>
   <div class='ocr_carea' id='block_1_106' title="bbox 951 2242 1736 2277">
    <p class='ocr_par' dir='ltr' id='par_1_106' title="bbox 951 2242 1736 2277">
     <span class='ocr_line' id='line_1_106' title="bbox 951 2242 1736 2277; baseline 0 -7"><span class='ocrx_word' id='word_1_783' title='bbox 951 2243 1048 2270; x_wconf 87' lang='lat' dir='ltr'><strong>durior</strong></span> <span class='ocrx_word' id='word_1_784' title='bbox 1065 2243 1247 2277; x_wconf 79' lang='lat' dir='ltr'><strong>intelligitur:</strong></span> <span class='ocrx_word' id='word_1_785' title='bbox 1268 2243 1312 2270; x_wconf 71' lang='lat' dir='ltr'><strong>his</strong></span> <span class='ocrx_word' id='word_1_786' title='bbox 1327 2242 1399 2269; x_wconf 88' lang='lat' dir='ltr'><strong>cnim</strong></span> <span class='ocrx_word' id='word_1_787' title='bbox 1418 2243 1535 2270; x_wconf 82' lang='lat' dir='ltr'><strong>maxime</strong></span> <span class='ocrx_word' id='word_1_788' title='bbox 1552 2242 1681 2271; x_wconf 62' lang='lat' dir='ltr'><strong>Ecelesiw</strong></span> <span class='ocrx_word' id='word_1_789' title='bbox 1699 2248 1736 2270; x_wconf 83' lang='lat' dir='ltr'><strong>ta-</strong></span> 
     </span>
    </p>
   </div>
   <div class='ocr_carea' id='block_1_107' title="bbox 950 2287 1736 2316">
    <p class='ocr_par' dir='ltr' id='par_1_107' title="bbox 950 2287 1736 2316">
     <span class='ocr_line' id='line_1_107' title="bbox 950 2287 1736 2316; baseline 0 -1"><span class='ocrx_word' id='word_1_790' title='bbox 950 2289 1130 2316; x_wconf 85' lang='lat' dir='ltr'><strong>bernaculum</strong></span> <span class='ocrx_word' id='word_1_791' title='bbox 1146 2291 1304 2315; x_wconf 71' lang='lat' dir='ltr'><strong>exornatur.</strong></span> <span class='ocrx_word' id='word_1_792' title='bbox 1323 2287 1403 2315; x_wconf 89' lang='lat' dir='ltr'><strong>Coria</strong></span> <span class='ocrx_word' id='word_1_793' title='bbox 1419 2287 1490 2314; x_wconf 87' lang='lat' dir='ltr'><strong>enitn</strong></span> <span class='ocrx_word' id='word_1_794' title='bbox 1508 2295 1569 2314; x_wconf 88' lang='lat' dir='ltr'><strong>cunt</strong></span> <span class='ocrx_word' id='word_1_795' title='bbox 1585 2288 1687 2315; x_wconf 86' lang='lat' dir='ltr'><strong>nullam</strong></span> <span class='ocrx_word' id='word_1_796' title='bbox 1708 2288 1736 2316; x_wconf 91' lang='lat' dir='ltr'><strong>in</strong></span> 
     </span>
    </p>
   </div>
   <div class='ocr_carea' id='block_1_108' title="bbox 949 2331 1734 2363">
    <p class='ocr_par' dir='ltr' id='par_1_108' title="bbox 949 2331 1734 2363">
     <span class='ocr_line' id='line_1_108' title="bbox 949 2331 1734 2363; baseline -0.001 -3"><span class='ocrx_word' id='word_1_797' title='bbox 949 2341 979 2360; x_wconf 82' lang='lat' dir='ltr'><strong>se</strong></span> <span class='ocrx_word' id='word_1_798' title='bbox 994 2334 1100 2360; x_wconf 79' lang='lat' dir='ltr'><strong>vivendi</strong></span> <span class='ocrx_word' id='word_1_799' title='bbox 1119 2334 1244 2359; x_wconf 85' lang='lat' dir='ltr'><strong>virtutem</strong></span> <span class='ocrx_word' id='word_1_800' title='bbox 1261 2339 1276 2358; x_wconf 86' lang='lat' dir='ltr'><strong>a</strong></span> <span class='ocrx_word' id='word_1_801' title='bbox 1300 2336 1399 2358; x_wconf 81' lang='lat' dir='ltr'><strong>natura</strong></span> <span class='ocrx_word' id='word_1_802' title='bbox 1415 2331 1562 2363; x_wconf 84' lang='lat' dir='ltr'><strong>retineant,</strong></span> <span class='ocrx_word' id='word_1_803' title='bbox 1584 2333 1676 2359; x_wconf 89' lang='lat' dir='ltr'><strong>colore</strong></span> <span class='ocrx_word' id='word_1_804' title='bbox 1691 2340 1734 2359; x_wconf 88' lang='lat' dir='ltr'><strong>ru-</strong></span> 
     </span>
    </p>
   </div>
   <div class='ocr_carea' id='block_1_109' title="bbox 953 2377 1736 2412">
    <p class='ocr_par' dir='ltr' id='par_1_109' title="bbox 953 2377 1736 2412">
     <span class='ocr_line' id='line_1_109' title="bbox 953 2377 1736 2412; baseline -0.001 -6"><span class='ocrx_word' id='word_1_805' title='bbox 953 2379 1060 2406; x_wconf 75' lang='lat' dir='ltr'><strong>bedinis</strong></span> <span class='ocrx_word' id='word_1_806' title='bbox 1086 2378 1181 2405; x_wconf 73' lang='lat' dir='ltr'><strong>llum-re</strong></span> <span class='ocrx_word' id='word_1_807' title='bbox 1201 2378 1327 2404; x_wconf 89' lang='lat' dir='ltr'><strong>videntur</strong></span> <span class='ocrx_word' id='word_1_808' title='bbox 1349 2386 1356 2404; x_wconf 92' lang='lat'><strong><em>:</em></strong></span> <span class='ocrx_word' id='word_1_809' title='bbox 1381 2377 1453 2412; x_wconf 90' lang='lat' dir='ltr'><strong>quod</strong></span> <span class='ocrx_word' id='word_1_810' title='bbox 1469 2377 1589 2404; x_wconf 86' lang='lat' dir='ltr'><strong>ostendit</strong></span> <span class='ocrx_word' id='word_1_811' title='bbox 1612 2377 1736 2405; x_wconf 84' lang='lat' dir='ltr'><strong>ﬂoridam</strong></span> 
     </span>
    </p>
   </div>
   <div class='ocr_carea' id='block_1_110' title="bbox 960 2421 1737 2458">
    <p class='ocr_par' dir='ltr' id='par_1_110' title="bbox 960 2421 1737 2458">
     <span class='ocr_line' id='line_1_110' title="bbox 960 2421 1737 2458; baseline 0.003 -9"><span class='ocrx_word' id='word_1_812' title='bbox 960 2421 1200 2458; x_wconf 71' lang='lat' dir='ltr'><strong>Spiritusgratiam</strong></span> <span class='ocrx_word' id='word_1_813' title='bbox 1214 2431 1267 2450; x_wconf 90' lang='lat' dir='ltr'><strong>non</strong></span> <span class='ocrx_word' id='word_1_814' title='bbox 1283 2423 1407 2450; x_wconf 84' lang='lat' dir='ltr'><strong>habitare</strong></span> <span class='ocrx_word' id='word_1_815' title='bbox 1424 2423 1449 2450; x_wconf 92' lang='lat' dir='ltr'><strong>in</strong></span> <span class='ocrx_word' id='word_1_816' title='bbox 1470 2423 1589 2456; x_wconf 89' lang='lat' dir='ltr'><strong>homine,</strong></span> <span class='ocrx_word' id='word_1_817' title='bbox 1609 2424 1660 2451; x_wconf 89' lang='lat' dir='ltr'><strong>nisi</strong></span> <span class='ocrx_word' id='word_1_818' title='bbox 1678 2424 1737 2458; x_wconf 85' lang='lat' dir='ltr'><strong>pri-</strong></span> 
     </span>
    </p>
   </div>
   <div class='ocr_carea' id='block_1_111' title="bbox 952 2461 1736 2503">
    <p class='ocr_par' dir='ltr' id='par_1_111' title="bbox 952 2461 1736 2503">
     <span class='ocr_line' id='line_1_111' title="bbox 952 2461 1736 2503; baseline 0.003 -9"><span class='ocrx_word' id='word_1_819' title='bbox 952 2461 996 2494; x_wconf 87' lang='lat' dir='ltr'><strong>mo</strong></span> <span class='ocrx_word' id='word_1_820' title='bbox 1020 2469 1122 2502; x_wconf 73' lang='lat' dir='ltr'><strong>peccati</strong></span> <span class='ocrx_word' id='word_1_821' title='bbox 1139 2468 1192 2494; x_wconf 89' lang='lat' dir='ltr'><strong>vim</strong></span> <span class='ocrx_word' id='word_1_822' title='bbox 1216 2468 1242 2494; x_wconf 91' lang='lat' dir='ltr'><strong>in</strong></span> <span class='ocrx_word' id='word_1_823' title='bbox 1267 2469 1357 2503; x_wconf 84' lang='lat' dir='ltr'><strong>seipso</strong></span> <span class='ocrx_word' id='word_1_824' title='bbox 1382 2468 1596 2496; x_wconf 82' lang='lat' dir='ltr'><strong>mortiﬁcaverit.</strong></span> <span class='ocrx_word' id='word_1_825' title='bbox 1624 2468 1652 2496; x_wconf 87' lang='lat' dir='ltr'><strong>Si</strong></span> <span class='ocrx_word' id='word_1_826' title='bbox 1671 2477 1736 2496; x_wconf 80' lang='lat' dir='ltr'><strong>vero</strong></span> 
     </span>
    </p>
   </div>
   <div class='ocr_carea' id='block_1_112' title="bbox 952 2513 1736 2548">
    <p class='ocr_par' dir='ltr' id='par_1_112' title="bbox 952 2513 1736 2548">
     <span class='ocr_line' id='line_1_112' title="bbox 952 2513 1736 2548; baseline 0 -9"><span class='ocrx_word' id='word_1_827' title='bbox 952 2513 1080 2547; x_wconf 87' lang='lat' dir='ltr'><strong>pudorem</strong></span> <span class='ocrx_word' id='word_1_828' title='bbox 1103 2514 1184 2540; x_wconf 81' lang='lat' dir='ltr'><strong>etiam</strong></span> <span class='ocrx_word' id='word_1_829' title='bbox 1203 2513 1355 2540; x_wconf 85' lang='lat' dir='ltr'><strong>modestum</strong></span> <span class='ocrx_word' id='word_1_830' title='bbox 1373 2513 1474 2541; x_wconf 87' lang='lat' dir='ltr'><strong>coloris</strong></span> <span class='ocrx_word' id='word_1_831' title='bbox 1499 2513 1631 2540; x_wconf 87' lang='lat' dir='ltr'><strong>rttbedine</strong></span> <span class='ocrx_word' id='word_1_832' title='bbox 1651 2513 1736 2548; x_wconf 77' lang='lat' dir='ltr'><strong>signi-</strong></span> 
     </span>
    </p>
   </div>
   <div class='ocr_carea' id='block_1_113' title="bbox 951 2559 1734 2593">
    <p class='ocr_par' dir='ltr' id='par_1_113' title="bbox 951 2559 1734 2593">
     <span class='ocr_line' id='line_1_113' title="bbox 951 2559 1734 2593; baseline 0.003 -9"><span class='ocrx_word' id='word_1_833' title='bbox 951 2559 1025 2585; x_wconf 84' lang='lat' dir='ltr'><strong>licari</strong></span> <span class='ocrx_word' id='word_1_834' title='bbox 1049 2559 1184 2593; x_wconf 83' lang='lat' dir='ltr'><strong>quispiam</strong></span> <span class='ocrx_word' id='word_1_835' title='bbox 1210 2559 1367 2591; x_wconf 81' lang='lat' dir='ltr'><strong>contendat,</strong></span> <span class='ocrx_word' id='word_1_836' title='bbox 1391 2567 1446 2586; x_wconf 91' lang='lat' dir='ltr'><strong>non</strong></span> <span class='ocrx_word' id='word_1_837' title='bbox 1469 2564 1543 2586; x_wconf 80' lang='lat' dir='ltr'><strong>certe</strong></span> <span class='ocrx_word' id='word_1_838' title='bbox 1570 2559 1734 2587; x_wconf 76' lang='lat' dir='ltr'><strong>reluctabor.</strong></span> 
     </span>
    </p>
   </div>
   <div class='ocr_carea' id='block_1_114' title="bbox 950 2604 1735 2639">
    <p class='ocr_par' dir='ltr' id='par_1_114' title="bbox 950 2604 1735 2639">
     <span class='ocr_line' id='line_1_114' title="bbox 950 2604 1735 2639; baseline -0.001 -8"><span class='ocrx_word' id='word_1_839' title='bbox 950 2604 1070 2631; x_wconf 82' lang='lat' dir='ltr'><strong>Pilorutn</strong></span> <span class='ocrx_word' id='word_1_840' title='bbox 1084 2609 1173 2631; x_wconf 87' lang='lat' dir='ltr'><strong>autem</strong></span> <span class='ocrx_word' id='word_1_841' title='bbox 1195 2604 1332 2630; x_wconf 77' lang='lat' dir='ltr'><strong>intricatio</strong></span> <span class='ocrx_word' id='word_1_842' title='bbox 1348 2611 1472 2639; x_wconf 89' lang='lat' dir='ltr'><strong>asperam</strong></span> <span class='ocrx_word' id='word_1_843' title='bbox 1497 2605 1580 2631; x_wconf 88' lang='lat' dir='ltr'><strong>tactui</strong></span> <span class='ocrx_word' id='word_1_844' title='bbox 1597 2609 1735 2632; x_wconf 80' lang='lat' dir='ltr'><strong>texturam</strong></span> 
     </span>
    </p>
   </div>
   <div class='ocr_carea' id='block_1_115' title="bbox 949 2650 1734 2685">
    <p class='ocr_par' dir='ltr' id='par_1_115' title="bbox 949 2650 1734 2685">
     <span class='ocr_line' id='line_1_115' title="bbox 949 2650 1734 2685; baseline 0 -8"><span class='ocrx_word' id='word_1_845' title='bbox 949 2651 1081 2680; x_wconf 82' lang='lat' dir='ltr'><strong>clliciens.</strong></span> <span class='ocrx_word' id='word_1_846' title='bbox 1104 2658 1228 2685; x_wconf 86' lang='lat' dir='ltr'><strong>asperam</strong></span> <span class='ocrx_word' id='word_1_847' title='bbox 1255 2654 1282 2677; x_wconf 87' lang='lat' dir='ltr'><strong>et</strong></span> <span class='ocrx_word' id='word_1_848' title='bbox 1299 2650 1457 2684; x_wconf 88' lang='lat' dir='ltr'><strong>passionum</strong></span> <span class='ocrx_word' id='word_1_849' title='bbox 1480 2650 1559 2678; x_wconf 91' lang='lat' dir='ltr'><strong>nobis</strong></span> <span class='ocrx_word' id='word_1_850' title='bbox 1589 2650 1734 2677; x_wconf 85' lang='lat' dir='ltr'><strong>insitarum</strong></span> 
     </span>
    </p>
   </div>
   <div class='ocr_carea' id='block_1_116' title="bbox 951 2696 1735 2729">
    <p class='ocr_par' dir='ltr' id='par_1_116' title="bbox 951 2696 1735 2729">
     <span class='ocr_line' id='line_1_116' title="bbox 951 2696 1735 2729; baseline -0.001 -5"><span class='ocrx_word' id='word_1_851' title='bbox 951 2697 1121 2725; x_wconf 80' lang='lat' dir='ltr'><strong>domitriceni</strong></span> <span class='ocrx_word' id='word_1_852' title='bbox 1147 2696 1343 2724; x_wconf 84' lang='lat' dir='ltr'><strong>continentiam</strong></span> <span class='ocrx_word' id='word_1_853' title='bbox 1364 2696 1529 2724; x_wconf 88' lang='lat' dir='ltr'><strong>subindicat.</strong></span> <span class='ocrx_word' id='word_1_854' title='bbox 1555 2696 1621 2729; x_wconf 68' lang='lat' dir='ltr'><strong>Quae</strong></span> <span class='ocrx_word' id='word_1_855' title='bbox 1643 2696 1735 2723; x_wconf 84' lang='lat' dir='ltr'><strong>omnia</strong></span> 
     </span>
    </p>
   </div>
   <div class='ocr_carea' id='block_1_117' title="bbox 152 2780 896 2820">
    <p class='ocr_par' dir='ltr' id='par_1_117' title="bbox 152 2783 884 2820">
     <span class='ocr_line' id='line_1_117' title="bbox 152 2783 884 2820; baseline -0.005 -6"><span class='ocrx_word' id='word_1_856' title='bbox 152 2786 174 2802; x_wconf 85' lang='lat'>&quot;</span> <span class='ocrx_word' id='word_1_857' title='bbox 189 2787 283 2814; x_wconf 77' lang='lat' dir='ltr'><strong>Matth.</strong></span> <span class='ocrx_word' id='word_1_858' title='bbox 302 2795 328 2820; x_wconf 80' lang='grc' dir='ltr'>ν,</span> <span class='ocrx_word' id='word_1_859' title='bbox 345 2787 387 2814; x_wconf 79' lang='grc' dir='ltr'>ιι.</span> <span class='ocrx_word' id='word_1_860' title='bbox 425 2787 447 2802; x_wconf 87' lang='grc'><strong>⁵⁷</strong></span> <span class='ocrx_word' id='word_1_861' title='bbox 462 2786 469 2812; x_wconf 96' lang='grc' dir='ltr'><strong>Ι</strong></span> <span class='ocrx_word' id='word_1_862' title='bbox 485 2786 546 2813; x_wconf 88' lang='lat' dir='ltr'><strong>Cor.</strong></span> <span class='ocrx_word' id='word_1_863' title='bbox 563 2793 606 2813; x_wconf 83' lang='lat' dir='ltr'><strong>xv.</strong></span> <span class='ocrx_word' id='word_1_864' title='bbox 624 2785 658 2813; x_wconf 83' lang='lat'><strong>58</strong></span> <span class='ocrx_word' id='word_1_865' title='bbox 707 2785 729 2801; x_wconf 82' lang='lat'><strong>&quot;</strong></span> <span class='ocrx_word' id='word_1_866' title='bbox 743 2784 751 2810; x_wconf 88' lang='grc' dir='ltr'><strong>Ι</strong></span> <span class='ocrx_word' id='word_1_867' title='bbox 763 2783 884 2812; x_wconf 83' lang='lat' dir='ltr'><strong>Timotlt.</strong></span> 
     </span>
    </p>
   </div>
   <div class='ocr_carea' id='block_1_118' title="bbox 948 2780 1734 2820">
    <p class='ocr_par' dir='ltr' id='par_1_118' title="bbox 952 2780 1734 2815">
     <span class='ocr_line' id='line_1_118' title="bbox 952 2780 1734 2815; baseline 0 -6"><span class='ocrx_word' id='word_1_868' title='bbox 952 2783 994 2809; x_wconf 78' lang='lat' dir='ltr'><strong>l3.</strong></span> <span class='ocrx_word' id='word_1_869' title='bbox 1033 2783 1056 2799; x_wconf 76' lang='grc'><strong>⁸⁵</strong></span> <span class='ocrx_word' id='word_1_870' title='bbox 1067 2783 1139 2810; x_wconf 81' lang='lat' dir='ltr'><strong>Psal.</strong></span> <span class='ocrx_word' id='word_1_871' title='bbox 1155 2791 1208 2813; x_wconf 83' lang='lat' dir='ltr'><strong>xw,</strong></span> <span class='ocrx_word' id='word_1_872' title='bbox 1226 2782 1253 2808; x_wconf 71' lang='grc' dir='ltr'><strong>εὶ.</strong></span> <span class='ocrx_word' id='word_1_873' title='bbox 1284 2780 1384 2808; x_wconf 77' lang='lat' dir='ltr'><strong>“Luc.</strong></span> <span class='ocrx_word' id='word_1_874' title='bbox 1403 2789 1443 2815; x_wconf 89' lang='grc' dir='ltr'>ιιι,</span> <span class='ocrx_word' id='word_1_875' title='bbox 1458 2781 1484 2808; x_wconf 78' lang='lat'><strong>3.</strong></span> <span class='ocrx_word' id='word_1_876' title='bbox 1523 2781 1544 2797; x_wconf 85' lang='lat'><strong>&quot;</strong></span> <span class='ocrx_word' id='word_1_877' title='bbox 1560 2781 1620 2809; x_wconf 79' lang='lat' dir='ltr'><strong>Act.</strong></span> <span class='ocrx_word' id='word_1_878' title='bbox 1633 2787 1663 2814; x_wconf 91' lang='grc' dir='ltr'><strong>ιι,</strong></span> <span class='ocrx_word' id='word_1_879' title='bbox 1688 2781 1734 2809; x_wconf 79' lang='grc' dir='ltr'><strong>Η.</strong></span> 
     </span>
    </p>
   </div>
  </div>
