1977 3071
238 134 291 164 587
853 134 881 161 s.
902 126 1067 161 canuntur
1084 132 1228 161 NYSSENI
1813 135 1867 164 sas

237 192 276 218 ita
290 198 321 219 se
336 190 437 217 habere
456 189 600 216 conﬁrmat
619 197 714 216 eorum
730 189 797 222 vita,
817 190 863 224 qui
883 190 910 216 in
927 197 1017 225 perpe-

1086 190 1205 224 τραχεῖαν
1215 188 1318 224 ταύτην
1329 188 1374 214 καὶ
1384 187 1571 224 δαπανητικὴν
1585 189 1638 216 τῶν
1650 190 1866 226 καθομιλούντων

237 243 283 264 tua
302 236 405 270 degunt
420 235 586 270 vir’giuitatc.
601 243 663 270 qua
684 243 794 263 carnem
819 236 856 262 ita
876 236 1017 263 viventiuir

1086 233 1173 260 rullth
1206 233 1370 268 ἐγκράτειαν
1397 233 1603 261 ὑπαινίσσεται·
1633 236 1667 262 τὰ
1692 236 1721 263 δὲ
1754 237 1866 264 τοιαῦτα

237 282 364 316 castigat.
382 281 448 314 Qum
465 289 528 309 vero
548 281 622 308 intus
643 286 731 314 erant,
745 281 843 309 Sancta
867 285 1017 308 sanctorulr

1087 279 1166 305 πάντα
1178 278 1314 305 δείκνυσιν
1334 279 1377 312 ἐφ’
1394 279 1494 314 ἑαυτῆς
1517 279 1532 314 ἠ
1560 280 1588 305 ὲν
1612 279 1746 316 παρθενίᾳ
1766 281 1833 317 ζωὴ,
1851 283 1867 317 ὴ

237 327 464 358 nominabantur,
482 326 515 353 ad
529 334 590 361 quae
602 326 747 353 multitudo
758 327 898 360 pervenire
911 334 965 353 non
977 334 1017 361 pol

1088 322 1126 358 ῖὴν
1143 322 1231 358 σάρκα
1245 322 1299 348 τῶν
1316 322 1387 349 οὕτω
1402 322 1530 358 βιούντων
1545 323 1737 356 ὑποπιέζουσα.
1759 326 1790 352 Εἰ
1801 325 1828 352 δὲ
1838 326 1868 352 τὸ

235 376 316 404 terat.
335 372 392 399 haec
408 379 498 399 rerum
522 371 661 398 veritatem
683 371 848 406 signiﬁcant.
876 370 1015 399 Veritaten

1088 368 1160 401 ἰδον,
1172 369 1238 404 ὅπερ
1249 367 1340 402 Ἀγιον
1352 368 1438 402 ἁγίων
1454 369 1570 403 λέγεται,
1589 370 1646 400 τοῖς
1668 369 1774 402 πολλοῖς
1795 371 1868 397 ἐστιν

235 418 306 444 hanc
323 418 444 453 mysterii
456 417 543 445 nostri
554 417 616 444 dico
630 424 687 444 rem
704 422 838 449 sanctam,
855 421 882 444 et
897 421 1015 445 sanctuu

1087 414 1250 448 ivsrcléa'ov,
1266 414 1332 449 μηδὲ
1359 415 1437 440 τοῦτο
1456 414 1568 450 ἀπᾴδειν
1580 415 1630 450 τῆς
1640 414 1694 442 τῶν
1715 415 1867 451 νοηθέντων

235 468 405 495 sanctorum,
423 468 449 490 et
463 464 555 490 multis
569 463 881 498 incomprehensibilem.
898 462 960 490 Haec
975 470 1015 490 ve-

1088 459 1237 490 ικολουθίας
1253 459 1418 494 νομίσωμεν.
1433 459 1556 494 Ἀληθῶς
1571 459 1624 495 γὰρ
1642 460 1720 494 ἆγιόν
1733 469 1759 487 τι
1772 461 1868 497 χρῆμά

238 507 304 533 ritas
318 507 345 533 in
359 507 449 541 adytis
471 507 641 534 tabernaculi
664 507 824 538 constituta,
851 507 954 541 absque
974 514 1018 534 cu-

1087 514 1145 538 .στι,
1165 506 1212 532 καὶ
1225 505 1311 539 ἁγίων
1328 505 1416 540 ἅγιον,
1432 506 1478 532 καὶ
1499 506 1556 537 τοῖς
1575 505 1682 538 πολλοῖς
1702 507 1821 542 ἄληπτόν
1835 516 1867 534 τε

235 552 360 579 riositate
384 552 475 587 aliqua
500 552 614 587 intelligi
633 559 666 580 ac
683 552 768 587 recipi
791 553 881 579 debet.
902 552 1015 579 Creden-

1087 551 1124 577 ιαὶ
1148 551 1305 586 ἀπρόσιτον.
1331 552 1347 586 ὴ
1373 551 1427 577 τῶν
1452 551 1537 577 ὄντων
1560 551 1682 587 ἀλήθεια,
1704 549 1738 588 ἧς
1760 553 1789 580 ὲν
1811 554 1867 584 τοῖς

234 597 300 624 dum
315 598 387 625 enim
409 601 462 630 est,
479 597 516 624 ita
536 605 597 625 esse
613 604 642 624 ut
665 597 787 624 Ecclesia
812 591 949 632 praedicat,
968 605 1014 625 nor

1086 597 1185 628 ἱιδύτοις
1197 605 1226 623 τε
1241 597 1287 623 καὶ
1301 597 1466 632 ἀπορρήτοις
1478 598 1527 632 τῆς
1540 596 1587 623 τοῦ
1602 597 1752 633 μυστηρίου
1765 600 1866 634 σκηνῆς

235 648 325 670 tamen
347 643 435 670 oculis
456 643 578 670 omnium
604 644 678 670 cerni
696 650 786 677 posse.
811 643 858 670 sed
879 643 907 669 in
925 643 1015 670 menti:

1086 642 1297 677 ιαθιδρυμὲνης,
1324 642 1607 678 ἅπολυπραγμύνητον
1638 641 1707 669 εἶναι
1734 643 1786 678 χρὴ
1811 643 1866 670 τῶν

236 690 323 724 ipsius
334 688 522 724 penetralibus
537 688 744 715 indubitabilem
760 688 901 715 veritatem
916 694 1016 722 perma-

1086 689 1146 724 ᾧπερ
1162 688 1315 723 κατάληψιν
1329 688 1414 714 ὄντων
1427 688 1476 723 τὴν
1490 688 1653 722 κατανόησιν
1665 697 1672 703 ·
1690 689 1866 722 πιστεύοντας

234 743 308 762 nere.
1075 733 1144 761 εἶναι
1175 734 1224 770 μὲν
1250 734 1280 760 τὸ
1299 734 1474 770 ζητούμενον,
1500 734 1530 760 οὔ
1558 734 1611 770 μὴν
1636 736 1693 766 τοῖς
1719 735 1867 771 ὀφθαλμοῖς

1076 781 1184 807 πάντων
1198 776 1367 815 προκεῖσθαι,
1381 779 1438 806 ἀλλ’
1455 781 1483 806 ἐν
1496 781 1552 812 τοῖς
1565 780 1673 811 ἀδύτοις
1686 781 1736 816 τῆς
1748 780 1867 812 διανοίας

1077 825 1168 859 μένειν
1185 824 1351 859 ἀπόρρητον,

269 870 331 898 llaec
347 870 454 905 aliaque
470 870 553 905 hujus
581 869 751 898 tabernaculi
766 869 872 897 visione
890 868 925 896 ab
948 868 1022 895 omni
1042 859 1049 886 ¹

1112 869 1205 896 Ταῦτα
1218 869 1246 896 δὲ
1262 870 1309 896 καὶ
1323 869 1358 896 τὰ
1371 869 1483 896 τοιαῦτα
1501 869 1655 902 παιδευθεὶς
1667 870 1710 897 διὰ
1729 872 1777 906 τῆς
1795 871 1865 898 κατὰ

233 917 316 944 sorde
332 917 478 943 mundatus
489 917 585 944 oculus
602 916 647 943 ille
662 916 760 942 mentis
775 914 902 942 Mosaicae
912 915 1010 942 doctus

1085 914 1122 950 τὴν
1139 914 1241 950 σκηνὴν
1264 915 1407 946 ὀπτασίας,
1427 916 1442 941 ὀ
1463 914 1668 950 κεκαθαρμένος
1694 916 1796 947 ἐκεῖνος
1817 916 1865 950 ὀφ-

231 963 440 996 visionibusquc
452 962 495 989 his
506 962 589 988 altius
596 962 731 994 elevatus,
743 968 839 988 rursus
847 960 881 987 ad
892 967 1011 987 cacumel

1085 961 1176 996 Ιαλμδς
1200 961 1249 996 τῆς
1272 961 1411 992 Μωῦσέως
1436 961 1544 996 ὲκείνης
1567 961 1666 996 ψυχῆς,
1688 963 1735 988 καὶ
1752 962 1795 990 διὰ
1810 961 1865 988 τῶν

231 1009 345 1035 alterius
368 1007 474 1034 scandit
501 1007 708 1042 speculationis,
742 1006 941 1034 sacerdotalem
959 1013 1007 1040 per

1085 1006 1199 1033 τοιούτων
1224 1006 1342 1041 ὑψωθεὶς
1367 1006 1520 1041 θεαμάτων,
1543 1007 1625 1033 πάλιν
1649 1007 1719 1043 πρὸς
1743 1008 1865 1043 κορυφὴν

231 1054 342 1081 discens
360 1054 499 1084 vestitum,
527 1053 554 1079 in
568 1060 623 1087 quo
636 1056 678 1080 est
703 1052 835 1079 subucula
849 1056 876 1079 et
898 1052 1011 1086 superio

1085 1053 1160 1079 ἱλλων
1184 1052 1327 1087 νοημάτων
1354 1052 1560 1084 ἀναϐιϐάζεται,
1577 1053 1623 1079 τὸν
1649 1054 1792 1089 στολισμὸν
1814 1055 1865 1090 τῆς

231 1101 334 1131 tunica,
344 1105 370 1127 et
383 1100 529 1134 pectorale,
543 1098 615 1133 quod
627 1098 710 1125 variis
721 1105 752 1124 ac
767 1097 884 1124 diversis
901 1097 1011 1132 lapidun

1086 1099 1222 1134 ερωσύνης
1238 1098 1481 1134 ὲκπαιδευόμενος·
1509 1099 1537 1125 ὲν
1554 1096 1593 1130 οἷς
1611 1099 1685 1125 ἔστιν
1706 1099 1720 1125 ὅ
1744 1108 1774 1125 τε
1798 1099 1864 1125 ὐπο-

231 1146 382 1180 l'ulgoribus
405 1144 606 1179 resplendebat.
633 1144 697 1170 vitta
718 1142 823 1170 circum
849 1146 940 1177 caput,
959 1149 1011 1169 cun

1083 1145 1164 1180 ἱὺτης,
1191 1145 1238 1171 καὶ
1262 1146 1275 1172 ό
1298 1145 1454 1179 ὲπενδύτης,
1471 1144 1518 1171 καὶ
1536 1144 1567 1171 τὸ
1589 1145 1753 1180 προστήθιον
1775 1146 1863 1172 έκεῖνο

231 1192 331 1218 lamina
341 1199 424 1225 super
432 1198 503 1223 eam,
519 1190 725 1224 feminaliaque,
737 1192 765 1216 et
780 1196 858 1223 poma
875 1198 881 1215 ι
897 1193 923 1216 et
938 1196 1011 1223 supr:

1083 1192 1132 1222 ταῖς
1156 1191 1292 1222 ποικίλαις
1315 1190 1369 1217 τῶν
1389 1190 1472 1217 λίθων
1490 1190 1598 1224 αῐγλαις
1614 1191 1863 1226 περιλαμπόμενον,

231 1237 288 1264 haec
303 1236 394 1263 omnia
417 1236 560 1267 rationale,
579 1241 611 1261 ac
630 1235 691 1269 ejus
713 1233 859 1268 judicium,
876 1237 903 1260 et
917 1241 978 1268 qua:
995 1233 1011 1259 it

1084 1236 1119 1262 ml
1140 1237 1157 1272 ἡ
1176 1237 1240 1271 περὶ
1261 1236 1310 1272 τὴν
1329 1235 1450 1271 κεφαλὴν
1466 1236 1566 1267 ταινία,
1592 1236 1684 1262 καὶτὸ
1710 1237 1751 1262 ἐπ’
1780 1237 1864 1271 αὐτῆς

230 1285 354 1315 utusque
373 1280 515 1314 inspicitur
539 1280 639 1306 veritas
667 1279 701 1310 ",
726 1282 752 1304 et
770 1278 867 1304 horum
894 1278 1010 1312 utrinqm

1084 1282 1197 1314 πέταλον,
1221 1283 1237 1317 ἡ
1253 1282 1422 1317 περισκελὶς,
1440 1282 1465 1307 οί
1483 1282 1596 1316 ροἳσκοι,
1618 1282 1642 1308 οί
1662 1281 1794 1313 κώδωνες,
1806 1279 1864 1308 εἶτα

229 1326 390 1353 connectiva
413 1326 649 1360 superhumeralia
676 1324 893 1358 patriarcharum
922 1324 1009 1351 inscul

1084 1327 1202 1363 ιπεράνω
1233 1327 1353 1358 πάντων,
1368 1326 1399 1353 τὸ
1424 1326 1513 1360 λόγιόν
1532 1335 1561 1353 τε
1575 1327 1620 1353 καὶ
1642 1328 1659 1361 ἡ
1675 1327 1799 1361 δήλωσις,
1818 1327 1864 1353 καὶ

230 1376 275 1406 pta
282 1371 450 1403 nominibus,
463 1378 580 1405 quorum
592 1371 714 1398 omnium
726 1370 837 1398 nomina
847 1369 1010 1396 multitudim

1083 1375 1088 1408 τ
1104 1374 1147 1399 ἐπ’
1165 1374 1266 1408 ἀμφοῖν
1281 1372 1456 1408 θεωρουμένη
1476 1372 1599 1407 ἀλήθεια,
1618 1372 1648 1399 αἴ
1663 1381 1693 1398 τε
1708 1372 1863 1399 συνδετικαὶ

229 1417 288 1451 ipsa
302 1416 461 1448 ostendunt,
484 1425 538 1443 non
551 1416 690 1443 sensualia
704 1416 829 1452 quaedam
845 1415 992 1450 signiﬁcari

1083 1418 1173 1445 τούτων
1194 1418 1363 1453 ἑκατέρωθεν
1384 1417 1530 1453 ὲπωμίδες,
1546 1418 1785 1453 ὲγκεκολαμμέναι
1810 1418 1863 1444 τῶν

229 1463 329 1497 quibus
343 1454 416 1489 enim
432 1462 555 1496 corporis
578 1462 698 1489 vestibus
723 1463 780 1488 haec
802 1462 924 1492 nomina,
949 1460 1009 1495 judi

1083 1464 1248 1499 τατριαρχῶν
1262 1464 1295 1490 τὰ
1312 1463 1432 1498 ὀνόματα
1442 1470 1449 1476 ·
1470 1459 1508 1489 ὧν
1525 1463 1707 1498 ὑποτέμνεται
1720 1463 1750 1489 τὺ
1764 1463 1863 1498 πλῆθος

229 1508 316 1540 cium,
335 1507 479 1539 rationale,
497 1507 599 1534 veritas
627 1506 815 1534 conveniunt?
840 1506 930 1539 Quare
944 1510 1006 1541 pate

1082 1511 1120 1545 τῆς
1136 1510 1196 1536 καθ’
1213 1510 1327 1535 ἕκαστον
1348 1508 1478 1544 ἀκριϐοῦς
1489 1508 1615 1544 θεωρίας,
1631 1508 1702 1535 αὐτὰ
1717 1510 1767 1545 τῆς
1783 1518 1862 1545 περι-

228 1560 285 1580 non
299 1552 359 1586 ejus
385 1552 525 1579 sensibilis
548 1552 666 1579 amictus
681 1551 769 1586 gratia
787 1551 928 1578 historiam
958 1559 1008 1578 ess

1083 1556 1153 1591 ἰολῆς
1165 1555 1199 1582 τὰ
1225 1555 1355 1590 ὀνόματα.
1377 1554 1456 1580 Ποῖον
1479 1554 1534 1589 γὰρ
1552 1554 1715 1589 σωματικῶν
1742 1554 1863 1589 ἐσθημά-

229 1598 408 1632 descriptam,
438 1597 485 1624 sed
514 1601 544 1623 ut
569 1597 639 1624 alius
651 1597 761 1632 quidam
784 1601 898 1624 ornatus
924 1598 1009 1623 anima

1083 1609 1124 1627 των
1148 1600 1242 1634 δνομα,
1266 1599 1392 1634 δήλωσις,
1413 1599 1429 1634 ἢ
1446 1598 1546 1632 λόγιον,
1564 1599 1580 1634 ἢ
1600 1599 1732 1635 ἅλήθεια;
1752 1598 1770 1635 ἦ
1786 1599 1863 1635 δηλο-

228 1644 363 1671 virtuosis
375 1644 505 1678 operibus
523 1643 694 1671 ostendatur.
715 1643 783 1670 Nam
797 1643 861 1678 quid
875 1643 928 1670 sibi
946 1643 1008 1669 aliut

1087 1645 1128 1672 ότι
1163 1645 1299 1671 δείκνυται
1335 1644 1379 1670 διὰ
1418 1644 1529 1677 τούτων,
1556 1644 1586 1671 τὸ
1622 1644 1658 1680 μὴ
1687 1645 1788 1681 ταύτην
1815 1646 1865 1681 τὴν

229 1691 376 1716 voluerunt
391 1689 448 1716 hare
468 1686 578 1715 nomina
594 1688 647 1715 tria
672 1688 726 1715 illis
740 1695 754 1715 a
773 1687 864 1724 Moyse
882 1688 1008 1723 imposita

1082 1689 1202 1724 ιίσοητὴν
1236 1687 1379 1724 περιϐολὴν
1405 1688 1448 1715 διὰ
1482 1691 1532 1724 τῆς
1564 1689 1684 1724 ἱστορίας
1713 1690 1777 1725 ἡμῖν
1797 1690 1862 1716 ὑπο-

227 1735 372 1770 judicium,
398 1735 543 1767 rationale,
563 1734 677 1762 veritas?
701 1738 748 1761 aut
762 1734 805 1761 cui
821 1741 940 1768 unquam
958 1741 1005 1760 cor

1082 1734 1235 1770 τράφεσθαι,
1259 1734 1326 1761 ἀλλᾶ
1350 1742 1412 1760 τινα
1429 1734 1530 1768 κόσμον
1544 1734 1643 1770 ψυχῆς,
1669 1734 1714 1761 διὰ
1727 1734 1782 1761 τῶν
1803 1735 1862 1760 κατ’

229 1781 316 1815 porali
328 1781 396 1807 vesti
413 1780 470 1807 haec
485 1780 570 1807 indita
588 1780 718 1807 fuerunt?
730 1780 795 1807 nulli
812 1779 953 1815 profecto:
971 1787 1009 1806 uel

1083 1780 1172 1817 ιρετὴν
1206 1779 1429 1815 ἐπιτηδευμάτων
1466 1779 1685 1814 ὲξυφαινὸμενον.
1725 1780 1863 1811 Ὑάκινθός

228 1826 301 1852 enim
320 1826 496 1857 conveniunt,
519 1825 565 1853 sed
583 1826 692 1853 nomina
714 1825 772 1860 ipsa
786 1825 850 1860 quid
864 1826 1007 1860 prmligura

1083 1836 1145 1853 στιν
1160 1828 1177 1861 ἡ
1193 1825 1239 1852 τοῦ
1255 1826 1390 1861 ποδήρους
1406 1825 1478 1860 βαφή
1492 1833 1498 1840 ·
1518 1826 1584 1859 φασὶ
1598 1826 1626 1852 δέ
1648 1834 1721 1857 τινες
1735 1825 1788 1852 τῶν
1810 1825 1863 1860 πρὸ

228 1870 327 1902 verint,
335 1872 473 1905 aperiunt.
484 1875 510 1898 et
523 1871 643 1899 laborem
655 1870 838 1906 expositionis
850 1870 1007 1896 diminuunt

1083 1871 1149 1906 ιμῶν
1163 1871 1374 1906 τεθεωρηκότων
1385 1870 1431 1896 τὸν
1445 1870 1533 1904 λόγον,
1547 1870 1593 1896 τὸν
1603 1870 1672 1905 ἀέρα
1684 1869 1863 1904 σημαίνεσθαι

230 1916 383 1951 llyaciutho
397 1921 440 1944 est
469 1917 564 1944 talaris
589 1917 674 1944 vestis
691 1917 786 1947 tincta.
802 1924 856 1950 qua
873 1916 920 1950 qui
947 1916 1010 1942 bunt

1083 1919 1104 1952 τῇ
1128 1917 1210 1952 βαφῇ.
1233 1916 1303 1950 Ἐγὼ
1319 1917 1346 1943 δὲ
1365 1917 1388 1942 εἰ
1404 1916 1452 1951 μέν
1466 1924 1492 1942 τι
1507 1915 1537 1942 τὸ
1551 1915 1670 1942 τοιοῦτον
1689 1914 1736 1940 τοῦ
1754 1914 1863 1949 χρώμα-

228 1962 320 1989 locum
336 1967 399 1989 ante
411 1969 461 1989 nos
476 1963 607 1997 speculati
623 1967 697 1994 sunt.
707 1970 770 1990 aera
784 1962 932 1997 signiﬁcari
948 1961 1006 1988 allir

1081 1971 1116 1993 τος
1140 1962 1219 1992 ἄνθος
1242 1961 1311 1996 πρὸς
1334 1961 1365 1987 τὸ
1391 1961 1483 1995 ἀέριον
1508 1960 1607 1995 χρῶμα
1631 1959 1769 1994 συγγενῶς
1794 1959 1861 1994 ἔχει,

229 2011 317 2033 mam.
337 2006 393 2041 Ego
407 2011 497 2034 autem
516 2014 604 2034 utrum
622 2008 718 2034 habeat
731 2007 764 2034 ad
777 2015 887 2034 aereum
899 2007 1009 2034 coloren

1081 2007 1193 2042 ἱκριϐὦς
1206 2007 1256 2033 οὐκ
1270 2006 1324 2041 ἔχω
1342 2005 1565 2041 διῖσχυρίζεσθαι.
1590 2005 1642 2031 Τὸν
1665 2005 1713 2040 μέν
1728 2013 1769 2031 τοι
1784 2004 1861 2038 λόγον

230 2051 280 2079 llos
312 2052 508 2087 hyacinthinus
524 2051 692 2084 allinitatcm,
714 2061 749 2079 an
773 2060 839 2085 non,
861 2052 924 2079 nolo
955 2059 1010 2078 coni

1082 2052 1122 2077 ὡκ
1141 2051 1286 2078 ὰποϐἀλλω
1299 2058 1305 2065 ·
1324 2051 1456 2077 συντείνει
1471 2050 1525 2085 γὰρ
1540 2050 1607 2086 πρὸς
1620 2050 1669 2085 τὴν
1688 2050 1749 2077 κατ’
1763 2050 1862 2085 ἀρετὴν

230 2097 352 2125 tendere.
383 2097 526 2124 Rationem
556 2105 623 2125 vero
647 2098 718 2125 hanc
744 2106 798 2125 nou
833 2098 938 2133 rejicio,
965 2104 1010 2123 nor

1082 2097 1189 2132 Ιεωρίαν
1212 2096 1310 2131 νόημα,
1329 2096 1370 2122 ὅτι
1392 2096 1526 2131 βούλεται,
1542 2096 1587 2122 τὸν
1603 2096 1732 2131 μέλλοντα
1744 2097 1783 2131 τῷ
1803 2096 1862 2131 Θεῷ

229 2144 302 2170 enim
321 2151 416 2179 parum
433 2144 465 2171 ad
485 2145 613 2171 virtutem
630 2144 784 2171 conducere
810 2143 918 2170 videtur
933 2152 939 2169 :
954 2143 1009 2169 hor

1077 2143 1211 2179 ἱερᾶσθαι,
1227 2143 1273 2169 καὶ
1287 2142 1318 2168 τὸ
1333 2142 1430 2169 ἑαυτοῦ
1453 2142 1600 2178 προσάγειν
1614 2142 1692 2177 σῶμα
1709 2143 1741 2178 τῇ
1757 2144 1857 2177 ίερουρ·

230 2193 304 2216 tatur
318 2189 389 2217 enim
406 2189 608 2225 hoczenigmate
628 2197 747 2220 omnem,
762 2190 809 2224 qui
828 2189 876 2216 Dei
890 2189 1010 2216 sacerdo-

1080 2189 1120 2224 (ίᾳ
1150 2189 1198 2215 καὶ
1217 2188 1330 2222 σφάγιον
1358 2187 1476 2221 γίνεσθαι
1506 2189 1544 2224 μὴ
1568 2187 1802 2223 νεκρούμενον,ὲν
1828 2189 1860 2223 τῇ

230 2234 298 2260 tium
323 2242 464 2261 assumere
490 2233 591 2266 studet,
618 2234 738 2268 seipsum
771 2241 803 2260 ac
817 2241 917 2269 corpus
937 2241 1009 2262 suun

1082 2233 1146 2269 ζώσῃ
1163 2233 1243 2268 θυσίᾳ
1263 2233 1310 2259 καὶ
1325 2233 1418 2269 λογικῇ
1438 2233 1561 2268 λατρεία,
1579 2233 1615 2268 μὴ
1627 2233 1726 2267 παχείᾳ
1743 2233 1797 2259 τινὶ
1815 2233 1862 2259 καὶ

229 2278 286 2306 Deo
317 2279 415 2306 oﬂcrre
441 2279 569 2311 hostiam,
585 2286 638 2305 non
654 2282 808 2312 euocatum,
837 2284 884 2307 aut
905 2285 1006 2307 caesum

1080 2279 1236 2315 τολυσάρκῳ
1243 2279 1288 2306 τοῦ
1298 2279 1355 2314 βίου
1363 2279 1491 2314 περιϐολῇ
1499 2279 1697 2305 καταϐλάπτειν
1703 2279 1752 2313 τὴν
1761 2278 1860 2314 ψυχὴν,

230 2325 336 2358 (vivum
357 2324 430 2351 enim
449 2324 498 2351 hoc
525 2324 702 2356 sacriﬁcium,
719 2325 916 2360 rationalisque
928 2325 1010 2352 cultu:

1081 2325 1128 2352 ιλλ*
1144 2325 1341 2352 ἀπολεπτύνειν
1356 2322 1411 2351 οἶόν
1425 2333 1451 2350 τι
1466 2325 1595 2359 ἁράχνιον
1609 2325 1683 2359 νῆμα
1697 2325 1729 2360 τῇ
1745 2324 1861 2360 καθαρό-

230 2371 275 2397 hic
300 2370 352 2404 cst)
367 2378 417 2397 nec
436 2370 528 2404 pingui
547 2370 664 2404 quodam
680 2377 712 2396 ac
726 2378 845 2397 carnoso
863 2370 945 2405 hujus
960 2370 1010 2397 vita

1081 2379 1133 2406 τητι
1145 2370 1195 2405 τῆς
1207 2370 1279 2405 ζωῆς
1293 2370 1381 2397 πάντα
1395 2370 1429 2397 τὰ
1446 2370 1493 2396 τοῦ
1508 2370 1565 2405 βίου
1587 2370 1798 2405 ἐπιτηδεύματα,
1814 2371 1861 2397 καὶ

230 2419 343 2446 amictu,
353 2414 399 2441 sed
410 2415 577 2444 tenue.sicut
588 2415 667 2441 telam
678 2422 786 2442 araneae
800 2416 901 2442 munda
910 2415 1008 2442 vivend

1082 2418 1155 2450 ιγγὺς
1165 2414 1233 2442 εἶναι
1249 2415 1318 2451 πρὸς
1328 2416 1358 2442 τὸ
1366 2415 1506 2450 ἀνωφερὲς
1522 2424 1551 2441 τε
1576 2416 1622 2442 καὶ
1639 2415 1739 2449 κοῦφον
1760 2415 1807 2442 καὶ
1824 2416 1862 2441 ὲν-

230 2461 338 2488 ratione
350 2460 516 2492 confertum,
531 2464 561 2486 ut
574 2460 681 2487 vivendi
701 2461 833 2488 tenuitate
856 2461 924 2492 leve.
937 2465 1010 2495 atqu:

1081 2462 1174 2497 ιέριον,
1185 2461 1234 2496 τὴν
1249 2459 1400 2496 σωματώδη
1416 2461 1517 2496 ταύτην
1529 2461 1609 2495 φύσιν
1621 2461 1787 2496 μετακλάσαι
1797 2470 1803 2476 ·
1818 2461 1861 2488 ἵνα

230 2514 340 2533 aereum
355 2505 467 2537 facturn.
494 2514 603 2533 sursum
623 2514 704 2540 posse
733 2507 797 2534 l'erri
812 2507 946 2534 videatur.
963 2506 1010 2533 H01

1080 2508 1135 2533 ἱταν
1149 2508 1198 2540 τῆς
1218 2507 1336 2541 ἐσχάτης
1354 2506 1514 2541 ἀκούσωμεν
1531 2506 1687 2540 σάλπιγγος,
1699 2507 1809 2542 ἀϐαρεῖς
1831 2516 1860 2533 τε

229 2553 302 2579 enim
322 2552 402 2578 modo
411 2559 473 2578 cum
486 2552 663 2579 novissimam
681 2554 772 2580 tubam
782 2553 856 2579 illam
865 2553 1005 2580 audiemu.

1079 2553 1119 2578 ιαὶ
1130 2551 1225 2586 κοῦφοι
1235 2551 1302 2587 πρὸς
1312 2551 1360 2585 τὴν
1371 2550 1462 2585 φωνὴν
1470 2550 1516 2577 τοῦ
1526 2551 1681 2583 κελεύοντος
1693 2551 1859 2587 εὑρεθέντες,

231 2599 302 2626 omni
323 2605 405 2625 onere
419 2598 537 2630 liberati,
559 2599 633 2627 leves
648 2600 681 2627 ad
695 2600 818 2635 jubentis
834 2607 928 2627 vocem
946 2599 1011 2626 exsi-

1080 2597 1212 2632 ιετάρσιοι
1235 2596 1269 2623 δι’
1286 2596 1367 2631 ἀέρος
1390 2595 1448 2631 ἅμα
1469 2595 1508 2631 τῷ
1526 2596 1619 2631 Κυρίῳ
1639 2597 1794 2632 φερώμεθα,
1808 2598 1860 2624 ὑπὸ

232 2644 330 2670 lieums
344 2650 415 2670 :nec
428 2643 548 2677 pondere
562 2644 617 2671 ullo
645 2644 679 2671 ad
696 2648 798 2672 terram
822 2643 1012 2679 deprimemur,

1081 2644 1186 2679 ιηδενὸς
1203 2643 1302 2678 βάρους
1315 2643 1361 2669 ὲπὶ
1381 2643 1430 2677 τὴν
1443 2643 1495 2678 γῆν
1512 2643 1713 2678 καθελκόμενοι,
1731 2643 1835 2670 Οὐκοῦν
1846 2644 1861 2670 ό

232 2688 278 2718 sed
292 2695 354 2715 cum
381 2687 495 2716 Domino
519 2696 567 2724 per
584 2697 647 2716 aera
664 2689 795 2716 sublimes
816 2688 945 2716 feremur.
965 2687 1012 2720 Qui

1080 2688 1143 2714 (ατὰ
1166 2687 1215 2723 τὴν
1240 2684 1287 2713 τοῦ
1305 2685 1459 2721 Ψαλμῳδοῦ
1484 2686 1645 2721 ὑποθήκην,
1680 2685 1797 2721 ἐκτήξας
1823 2685 1860 2717 ὡς

230 2741 308 2769 ergo.
327 2739 354 2761 ut
382 2734 526 2762 Psalmista
543 2734 620 2768 dicit,
643 2735 722 2770 quasi
748 2741 875 2763 araneam
898 2734 1010 2761 animan

1080 2733 1192 2768 ὶράχνην
1212 2732 1261 2767 τὴν
1284 2731 1380 2758 ἑαυτοῦ
1395 2731 1493 2766 ψυχὴν,
1510 2731 1555 2758 τὸν
1571 2731 1678 2766 ἀερώδη
1697 2732 1800 2758 ἐκεῖνον
1819 2739 1860 2766 χι-

271 2823 293 2839 ⁶¹
303 2825 386 2852 Exod.
398 2832 493 2857 xxvm,
510 2823 553 2850 50.
