  <div class='ocr_page' id='page_1' title='image "/cluster/home/n/w/nwhite01/storage/ocr_20150623/44/njp.32101009003169/200.png"; bbox 0 0 1977 3071; ppageno 0'>
   <div class='ocr_carea' id='block_1_1' title="bbox 76 110 130 138">
    <p class='ocr_par' dir='ltr' id='par_1_1' title="bbox 76 110 130 138">
     <span class='ocr_line' id='line_1_1' title="bbox 76 110 130 138; baseline -0.019 0"><span class='ocrx_word' id='word_1_1' title='bbox 76 110 130 138; x_wconf 80' lang='grc'><strong>389</strong></span> 
     </span>
    </p>
   </div>
   <div class='ocr_carea' id='block_1_2' title="bbox 728 85 1022 134">
    <p class='ocr_par' dir='ltr' id='par_1_2' title="bbox 728 85 1022 134">
     <span class='ocr_line' id='line_1_2' title="bbox 728 85 1022 134; baseline 0.003 -2"><span class='ocrx_word' id='word_1_2' title='bbox 728 85 778 132; x_wconf 69' lang='lat' dir='ltr'><strong>ne</strong></span> <span class='ocrx_word' id='word_1_3' title='bbox 791 105 870 133; x_wconf 79' lang='grc' dir='ltr'>νιτΑ</span> <span class='ocrx_word' id='word_1_4' title='bbox 887 105 1022 134; x_wconf 80' lang='lat' dir='ltr'><strong>uovsts.</strong></span> 
     </span>
    </p>
   </div>
   <div class='ocr_carea' id='block_1_3' title="bbox 1646 104 1697 133">
    <p class='ocr_par' dir='ltr' id='par_1_3' title="bbox 1646 104 1697 133">
     <span class='ocr_line' id='line_1_3' title="bbox 1646 104 1697 133; baseline 0 -1"><span class='ocrx_word' id='word_1_5' title='bbox 1646 104 1697 133; x_wconf 78' lang='lat'><strong>590</strong></span> 
     </span>
    </p>
   </div>
   <div class='ocr_carea' id='block_1_4' title="bbox 75 160 867 202">
    <p class='ocr_par' dir='ltr' id='par_1_4' title="bbox 75 163 864 202">
     <span class='ocr_line' id='line_1_4' title="bbox 75 163 864 202; baseline -0.006 -8"><span class='ocrx_word' id='word_1_6' title='bbox 75 168 149 195; x_wconf 78' lang='grc' dir='ltr'>τῶνα</span> <span class='ocrx_word' id='word_1_7' title='bbox 166 166 342 202; x_wconf 76' lang='grc' dir='ltr'>περιεϐάλετο</span> <span class='ocrx_word' id='word_1_8' title='bbox 357 167 390 192; x_wconf 81' lang='grc' dir='ltr'>ὲκ</span> <span class='ocrx_word' id='word_1_9' title='bbox 410 165 528 200; x_wconf 80' lang='grc' dir='ltr'><strong>κεφαλῆς</strong></span> <span class='ocrx_word' id='word_1_10' title='bbox 548 165 587 196; x_wconf 79' lang='grc' dir='ltr'><strong>είς</strong></span> <span class='ocrx_word' id='word_1_11' title='bbox 610 164 710 199; x_wconf 76' lang='grc' dir='ltr'>ἄκρους</span> <span class='ocrx_word' id='word_1_12' title='bbox 727 163 810 195; x_wconf 82' lang='grc' dir='ltr'>πόδας</span> <span class='ocrx_word' id='word_1_13' title='bbox 825 163 864 190; x_wconf 86' lang='grc' dir='ltr'>δι-</span> 
     </span>
    </p>
   </div>
   <div class='ocr_carea' id='block_1_5' title="bbox 919 160 1697 202">
    <p class='ocr_par' dir='ltr' id='par_1_5' title="bbox 919 160 1697 194">
     <span class='ocr_line' id='line_1_5' title="bbox 919 160 1697 194; baseline -0.004 -5"><span class='ocrx_word' id='word_1_14' title='bbox 919 170 992 190; x_wconf 77' lang='lat' dir='ltr'><strong>suam</strong></span> <span class='ocrx_word' id='word_1_15' title='bbox 1009 162 1150 190; x_wconf 76' lang='lat' dir='ltr'><strong>tabescere</strong></span> <span class='ocrx_word' id='word_1_16' title='bbox 1164 160 1238 194; x_wconf 81' lang='lat' dir='ltr'><strong>fecit,</strong></span> <span class='ocrx_word' id='word_1_17' title='bbox 1249 161 1273 189; x_wconf 87' lang='lat' dir='ltr'><strong>is</strong></span> <span class='ocrx_word' id='word_1_18' title='bbox 1285 161 1365 188; x_wconf 85' lang='lat' dir='ltr'><strong>etiam</strong></span> <span class='ocrx_word' id='word_1_19' title='bbox 1379 160 1451 188; x_wconf 86' lang='lat' dir='ltr'><strong>illam</strong></span> <span class='ocrx_word' id='word_1_20' title='bbox 1463 163 1564 188; x_wconf 86' lang='lat' dir='ltr'><strong>vestem</strong></span> <span class='ocrx_word' id='word_1_21' title='bbox 1577 160 1697 194; x_wconf 82' lang='lat' dir='ltr'><strong>seipsum</strong></span> 
     </span>
    </p>
   </div>
   <div class='ocr_carea' id='block_1_6' title="bbox 76 207 864 248">
    <p class='ocr_par' dir='ltr' id='par_1_6' title="bbox 76 207 864 248">
     <span class='ocr_line' id='line_1_6' title="bbox 76 207 864 248; baseline -0.008 -9"><span class='ocrx_word' id='word_1_22' title='bbox 76 213 186 248; x_wconf 85' lang='grc' dir='ltr'>ήκοντα.</span> <span class='ocrx_word' id='word_1_23' title='bbox 205 212 242 238; x_wconf 79' lang='grc' dir='ltr'><strong>Οὐ</strong></span> <span class='ocrx_word' id='word_1_24' title='bbox 260 211 313 246; x_wconf 81' lang='grc' dir='ltr'>γὰρ</span> <span class='ocrx_word' id='word_1_25' title='bbox 327 210 451 245; x_wconf 80' lang='grc' dir='ltr'>βούλεται</span> <span class='ocrx_word' id='word_1_26' title='bbox 470 208 646 236; x_wconf 73' lang='grc' dir='ltr'>κολοϐοῦσθαι</span> <span class='ocrx_word' id='word_1_27' title='bbox 665 208 713 243; x_wconf 79' lang='grc' dir='ltr'><strong>τὴν</strong></span> <span class='ocrx_word' id='word_1_28' title='bbox 732 207 831 244; x_wconf 81' lang='grc' dir='ltr'>ἀρετὴν</span> <span class='ocrx_word' id='word_1_29' title='bbox 849 208 864 234; x_wconf 88' lang='grc' dir='ltr'><strong>ό</strong></span> 
     </span>
    </p>
   </div>
   <div class='ocr_carea' id='block_1_7' title="bbox 77 253 863 292">
    <p class='ocr_par' dir='ltr' id='par_1_7' title="bbox 77 253 863 292">
     <span class='ocr_line' id='line_1_7' title="bbox 77 253 863 292; baseline -0.006 -8"><span class='ocrx_word' id='word_1_30' title='bbox 77 258 166 292; x_wconf 79' lang='grc' dir='ltr'>νόμος.</span> <span class='ocrx_word' id='word_1_31' title='bbox 191 256 221 283; x_wconf 84' lang='grc' dir='ltr'><strong><em>Ἦ</em></strong></span> <span class='ocrx_word' id='word_1_32' title='bbox 236 254 282 283; x_wconf 78' lang='grc' dir='ltr'>οὖν</span> <span class='ocrx_word' id='word_1_33' title='bbox 304 255 454 291; x_wconf 82' lang='grc' dir='ltr'><strong>λαμπηδὼν</strong></span> <span class='ocrx_word' id='word_1_34' title='bbox 469 255 523 282; x_wconf 87' lang='grc' dir='ltr'><strong>τῶν</strong></span> <span class='ocrx_word' id='word_1_35' title='bbox 538 254 628 281; x_wconf 91' lang='grc' dir='ltr'>καλῶν</span> <span class='ocrx_word' id='word_1_36' title='bbox 646 253 743 290; x_wconf 79' lang='grc' dir='ltr'>ἔργων,</span> <span class='ocrx_word' id='word_1_37' title='bbox 757 254 781 280; x_wconf 79' lang='lat' dir='ltr'><strong>ot</strong></span> <span class='ocrx_word' id='word_1_38' title='bbox 798 262 863 290; x_wconf 85' lang='grc' dir='ltr'>χρυ-</span> 
     </span>
    </p>
   </div>
   <div class='ocr_carea' id='block_1_8' title="bbox 78 299 864 336">
    <p class='ocr_par' dir='ltr' id='par_1_8' title="bbox 78 299 864 336">
     <span class='ocr_line' id='line_1_8' title="bbox 78 299 864 336; baseline -0.005 -7"><span class='ocrx_word' id='word_1_39' title='bbox 78 303 120 330; x_wconf 75' lang='grc' dir='ltr'><strong>σοῖ</strong></span> <span class='ocrx_word' id='word_1_40' title='bbox 133 302 256 333; x_wconf 73' lang='grc' dir='ltr'>κώδωνες</span> <span class='ocrx_word' id='word_1_41' title='bbox 275 302 338 333; x_wconf 84' lang='grc' dir='ltr'>εἰσι,</span> <span class='ocrx_word' id='word_1_42' title='bbox 355 302 412 332; x_wconf 85' lang='grc' dir='ltr'>τοῖς</span> <span class='ocrx_word' id='word_1_43' title='bbox 429 301 548 336; x_wconf 76' lang='grc' dir='ltr'><strong>ῥοΐσκοις</strong></span> <span class='ocrx_word' id='word_1_44' title='bbox 567 300 796 335; x_wconf 86' lang='grc' dir='ltr'>περιδονούμενοι.</span> <span class='ocrx_word' id='word_1_45' title='bbox 811 299 864 325; x_wconf 86' lang='grc' dir='ltr'><strong>Δύο</strong></span> 
     </span>
    </p>
   </div>
   <div class='ocr_carea' id='block_1_9' title="bbox 77 343 864 383">
    <p class='ocr_par' dir='ltr' id='par_1_9' title="bbox 77 343 864 383">
     <span class='ocr_line' id='line_1_9' title="bbox 77 343 864 383; baseline -0.003 -9"><span class='ocrx_word' id='word_1_46' title='bbox 77 348 131 383; x_wconf 84' lang='grc' dir='ltr'><strong>γάρ</strong></span> <span class='ocrx_word' id='word_1_47' title='bbox 149 349 206 374; x_wconf 81' lang='grc' dir='ltr'>ὲστι</span> <span class='ocrx_word' id='word_1_48' title='bbox 220 346 306 374; x_wconf 83' lang='grc' dir='ltr'>ταῦτα</span> <span class='ocrx_word' id='word_1_49' title='bbox 326 346 538 381; x_wconf 74' lang='grc' dir='ltr'>ἐπιτηδεύματα,</span> <span class='ocrx_word' id='word_1_50' title='bbox 563 346 595 372; x_wconf 86' lang='grc' dir='ltr'>δι’</span> <span class='ocrx_word' id='word_1_51' title='bbox 611 343 648 373; x_wconf 84' lang='grc' dir='ltr'>ὧν</span> <span class='ocrx_word' id='word_1_52' title='bbox 663 347 679 381; x_wconf 84' lang='grc' dir='ltr'><strong>ή</strong></span> <span class='ocrx_word' id='word_1_53' title='bbox 695 345 779 381; x_wconf 85' lang='grc' dir='ltr'>ἀρετὴ</span> <span class='ocrx_word' id='word_1_54' title='bbox 802 354 864 373; x_wconf 90' lang='grc' dir='ltr'>συν-</span> 
     </span>
    </p>
   </div>
   <div class='ocr_carea' id='block_1_10' title="bbox 77 391 863 428">
    <p class='ocr_par' dir='ltr' id='par_1_10' title="bbox 77 391 863 428">
     <span class='ocr_line' id='line_1_10' title="bbox 77 391 863 428; baseline -0.004 -8"><span class='ocrx_word' id='word_1_55' title='bbox 77 393 226 428; x_wconf 79' lang='grc' dir='ltr'>αγείρεται·</span> <span class='ocrx_word' id='word_1_56' title='bbox 244 394 259 428; x_wconf 87' lang='grc' dir='ltr'><strong>ή</strong></span> <span class='ocrx_word' id='word_1_57' title='bbox 272 393 313 424; x_wconf 81' lang='grc' dir='ltr'><strong>είς</strong></span> <span class='ocrx_word' id='word_1_58' title='bbox 329 392 374 419; x_wconf 85' lang='grc' dir='ltr'><strong>τὸν</strong></span> <span class='ocrx_word' id='word_1_59' title='bbox 384 392 451 418; x_wconf 79' lang='grc' dir='ltr'>Θεὸν</span> <span class='ocrx_word' id='word_1_60' title='bbox 466 391 568 423; x_wconf 79' lang='grc' dir='ltr'><strong>πίστις,</strong></span> <span class='ocrx_word' id='word_1_61' title='bbox 578 391 595 426; x_wconf 76' lang='grc' dir='ltr'>ἥ</span> <span class='ocrx_word' id='word_1_62' title='bbox 610 400 640 418; x_wconf 82' lang='grc' dir='ltr'>τε</span> <span class='ocrx_word' id='word_1_63' title='bbox 660 391 734 426; x_wconf 82' lang='grc' dir='ltr'>παρὰ</span> <span class='ocrx_word' id='word_1_64' title='bbox 747 391 793 417; x_wconf 74' lang='grc' dir='ltr'><strong>τὸν</strong></span> <span class='ocrx_word' id='word_1_65' title='bbox 807 391 863 426; x_wconf 87' lang='grc' dir='ltr'>βίον</span> 
     </span>
    </p>
   </div>
   <div class='ocr_carea' id='block_1_11' title="bbox 78 437 861 474">
    <p class='ocr_par' dir='ltr' id='par_1_11' title="bbox 78 437 861 474">
     <span class='ocr_line' id='line_1_11' title="bbox 78 437 861 474; baseline -0.004 -8"><span class='ocrx_word' id='word_1_66' title='bbox 78 439 239 474; x_wconf 81' lang='grc' dir='ltr'><strong>συνείδησις.</strong></span> <span class='ocrx_word' id='word_1_67' title='bbox 256 439 372 469; x_wconf 81' lang='grc' dir='ltr'><strong>Τούτους</strong></span> <span class='ocrx_word' id='word_1_68' title='bbox 382 437 544 473; x_wconf 84' lang='grc' dir='ltr'>προστίθησι</span> <span class='ocrx_word' id='word_1_69' title='bbox 556 437 595 471; x_wconf 82' lang='grc' dir='ltr'>τῷ</span> <span class='ocrx_word' id='word_1_70' title='bbox 607 437 735 472; x_wconf 82' lang='grc' dir='ltr'>ὲνδύματι</span> <span class='ocrx_word' id='word_1_71' title='bbox 751 437 798 464; x_wconf 85' lang='grc' dir='ltr'><strong>τοῦ</strong></span> <span class='ocrx_word' id='word_1_72' title='bbox 815 438 861 464; x_wconf 86' lang='grc' dir='ltr'><strong>Τι-</strong></span> 
     </span>
    </p>
   </div>
   <div class='ocr_carea' id='block_1_12' title="bbox 79 482 863 520">
    <p class='ocr_par' dir='ltr' id='par_1_12' title="bbox 79 482 863 520">
     <span class='ocr_line' id='line_1_12' title="bbox 79 482 863 520; baseline -0.003 -9"><span class='ocrx_word' id='word_1_73' title='bbox 79 485 176 520; x_wconf 58' lang='grc' dir='ltr'>μοθέου</span> <span class='ocrx_word' id='word_1_74' title='bbox 189 484 251 515; x_wconf 78' lang='grc' dir='ltr'>τοὺς</span> <span class='ocrx_word' id='word_1_75' title='bbox 269 484 392 518; x_wconf 76' lang='grc' dir='ltr'><strong>ῥοΐσκους</strong></span> <span class='ocrx_word' id='word_1_76' title='bbox 408 490 437 508; x_wconf 89' lang='grc' dir='ltr'>τε</span> <span class='ocrx_word' id='word_1_77' title='bbox 453 483 500 509; x_wconf 82' lang='grc' dir='ltr'>καὶ</span> <span class='ocrx_word' id='word_1_78' title='bbox 515 483 577 514; x_wconf 73' lang='grc' dir='ltr'>τοὺς</span> <span class='ocrx_word' id='word_1_79' title='bbox 599 482 727 514; x_wconf 83' lang='grc' dir='ltr'><strong>κώδωνας</strong></span> <span class='ocrx_word' id='word_1_80' title='bbox 746 484 760 509; x_wconf 87' lang='grc' dir='ltr'><strong>ό</strong></span> <span class='ocrx_word' id='word_1_81' title='bbox 777 483 863 518; x_wconf 81' lang='grc' dir='ltr'><strong>μέγας</strong></span> 
     </span>
    </p>
   </div>
   <div class='ocr_carea' id='block_1_13' title="bbox 79 527 863 564">
    <p class='ocr_par' dir='ltr' id='par_1_13' title="bbox 79 527 863 564">
     <span class='ocr_line' id='line_1_13' title="bbox 79 527 863 564; baseline -0.001 -8"><span class='ocrx_word' id='word_1_82' title='bbox 79 529 195 561; x_wconf 77' lang='grc' dir='ltr'>Παῦλος.</span> <span class='ocrx_word' id='word_1_83' title='bbox 213 528 297 556; x_wconf 82' lang='grc' dir='ltr'>εἰπὼν</span> <span class='ocrx_word' id='word_1_84' title='bbox 317 528 398 554; x_wconf 80' lang='grc' dir='ltr'>αὑτὸν</span> <span class='ocrx_word' id='word_1_85' title='bbox 414 527 486 563; x_wconf 75' lang='grc' dir='ltr'>ἔχειν</span> <span class='ocrx_word' id='word_1_86' title='bbox 508 527 562 554; x_wconf 86' lang='grc' dir='ltr'>δεῖν</span> <span class='ocrx_word' id='word_1_87' title='bbox 583 528 672 555; x_wconf 84' lang='grc' dir='ltr'>πίστιν</span> <span class='ocrx_word' id='word_1_88' title='bbox 691 528 738 555; x_wconf 78' lang='grc' dir='ltr'>καὶ</span> <span class='ocrx_word' id='word_1_89' title='bbox 758 528 863 564; x_wconf 81' lang='grc' dir='ltr'>ἀγαθὴν</span> 
     </span>
    </p>
   </div>
   <div class='ocr_carea' id='block_1_14' title="bbox 79 575 240 610">
    <p class='ocr_par' dir='ltr' id='par_1_14' title="bbox 79 575 240 610">
     <span class='ocr_line' id='line_1_14' title="bbox 79 575 240 610; baseline 0 -9"><span class='ocrx_word' id='word_1_90' title='bbox 79 575 240 610; x_wconf 79' lang='grc' dir='ltr'>συνείδησιν.</span> 
     </span>
    </p>
   </div>
   <div class='ocr_carea' id='block_1_15' title="bbox 113 685 865 721">
    <p class='ocr_par' dir='ltr' id='par_1_15' title="bbox 113 685 865 721">
     <span class='ocr_line' id='line_1_15' title="bbox 113 685 865 721; baseline -0.001 -8"><span class='ocrx_word' id='word_1_91' title='bbox 113 686 217 713; x_wconf 85' lang='grc' dir='ltr'>Οὐκοῦν</span> <span class='ocrx_word' id='word_1_92' title='bbox 232 687 249 721; x_wconf 87' lang='grc' dir='ltr'><strong>ή</strong></span> <span class='ocrx_word' id='word_1_93' title='bbox 267 686 316 721; x_wconf 82' lang='grc' dir='ltr'>μὲν</span> <span class='ocrx_word' id='word_1_94' title='bbox 329 685 419 717; x_wconf 77' lang='grc' dir='ltr'><strong>πίστις</strong></span> <span class='ocrx_word' id='word_1_95' title='bbox 437 685 554 720; x_wconf 81' lang='grc' dir='ltr'>καθαρὸν</span> <span class='ocrx_word' id='word_1_96' title='bbox 567 685 667 720; x_wconf 81' lang='grc' dir='ltr'>ήχείτω</span> <span class='ocrx_word' id='word_1_97' title='bbox 683 686 729 712; x_wconf 83' lang='grc' dir='ltr'><strong>καὶ</strong></span> <span class='ocrx_word' id='word_1_98' title='bbox 750 685 865 720; x_wconf 86' lang='grc' dir='ltr'>μεγαλό-</span> 
     </span>
    </p>
   </div>
   <div class='ocr_carea' id='block_1_16' title="bbox 78 729 864 767">
    <p class='ocr_par' dir='ltr' id='par_1_16' title="bbox 78 729 864 767">
     <span class='ocr_line' id='line_1_16' title="bbox 78 729 864 767; baseline -0.001 -8"><span class='ocrx_word' id='word_1_99' title='bbox 78 740 166 767; x_wconf 78' lang='grc' dir='ltr'>φωνον</span> <span class='ocrx_word' id='word_1_100' title='bbox 185 732 214 757; x_wconf 83' lang='grc' dir='ltr'>ὲν</span> <span class='ocrx_word' id='word_1_101' title='bbox 233 730 272 765; x_wconf 84' lang='grc' dir='ltr'>τῷ</span> <span class='ocrx_word' id='word_1_102' title='bbox 286 730 335 766; x_wconf 83' lang='grc' dir='ltr'>τῆς</span> <span class='ocrx_word' id='word_1_103' title='bbox 357 730 438 765; x_wconf 83' lang='grc' dir='ltr'>ἁγίας</span> <span class='ocrx_word' id='word_1_104' title='bbox 453 729 566 766; x_wconf 83' lang='grc' dir='ltr'>Τριάδος</span> <span class='ocrx_word' id='word_1_105' title='bbox 590 730 757 765; x_wconf 85' lang='grc' dir='ltr'>κηρύγματι.</span> <span class='ocrx_word' id='word_1_106' title='bbox 785 731 814 758; x_wconf 90' lang='grc' dir='ltr'>Ὁ</span> <span class='ocrx_word' id='word_1_107' title='bbox 835 731 864 758; x_wconf 79' lang='grc' dir='ltr'>δὲ</span> 
     </span>
    </p>
   </div>
   <div class='ocr_carea' id='block_1_17' title="bbox 79 774 862 811">
    <p class='ocr_par' dir='ltr' id='par_1_17' title="bbox 79 774 862 811">
     <span class='ocr_line' id='line_1_17' title="bbox 79 774 862 811; baseline 0 -9"><span class='ocrx_word' id='word_1_108' title='bbox 79 777 136 811; x_wconf 85' lang='grc' dir='ltr'>βίος</span> <span class='ocrx_word' id='word_1_109' title='bbox 164 775 299 810; x_wconf 80' lang='grc' dir='ltr'><strong>μιμείσθω</strong></span> <span class='ocrx_word' id='word_1_110' title='bbox 321 774 368 801; x_wconf 82' lang='grc' dir='ltr'><strong>τοῦ</strong></span> <span class='ocrx_word' id='word_1_111' title='bbox 395 774 500 809; x_wconf 80' lang='grc' dir='ltr'>καρποῦ</span> <span class='ocrx_word' id='word_1_112' title='bbox 528 774 577 810; x_wconf 87' lang='grc' dir='ltr'><strong>τῆς</strong></span> <span class='ocrx_word' id='word_1_113' title='bbox 592 775 668 809; x_wconf 77' lang='grc' dir='ltr'>ῥοιᾶς</span> <span class='ocrx_word' id='word_1_114' title='bbox 691 775 741 810; x_wconf 82' lang='grc' dir='ltr'><strong>τήν</strong></span> <span class='ocrx_word' id='word_1_115' title='bbox 767 775 862 809; x_wconf 81' lang='grc' dir='ltr'>φύσιν·</span> 
     </span>
    </p>
   </div>
   <div class='ocr_carea' id='block_1_18' title="bbox 915 205 1698 243">
    <p class='ocr_par' dir='ltr' id='par_1_18' title="bbox 915 205 1698 243">
     <span class='ocr_line' id='line_1_18' title="bbox 915 205 1698 243; baseline -0.005 -8"><span class='ocrx_word' id='word_1_116' title='bbox 915 208 1014 240; x_wconf 91' lang='lat' dir='ltr'><strong>induit,</strong></span> <span class='ocrx_word' id='word_1_117' title='bbox 1029 215 1091 243; x_wconf 68' lang='lat' dir='ltr'><strong>qua:</strong></span> <span class='ocrx_word' id='word_1_118' title='bbox 1116 214 1131 234; x_wconf 84' lang='lat' dir='ltr'><strong>a</strong></span> <span class='ocrx_word' id='word_1_119' title='bbox 1146 207 1234 242; x_wconf 86' lang='lat' dir='ltr'><strong>capite</strong></span> <span class='ocrx_word' id='word_1_120' title='bbox 1251 207 1283 233; x_wconf 85' lang='lat' dir='ltr'><strong>ad</strong></span> <span class='ocrx_word' id='word_1_121' title='bbox 1298 206 1380 241; x_wconf 85' lang='lat' dir='ltr'><strong>pedes</strong></span> <span class='ocrx_word' id='word_1_122' title='bbox 1395 213 1482 240; x_wconf 85' lang='lat' dir='ltr'><strong>usque</strong></span> <span class='ocrx_word' id='word_1_123' title='bbox 1498 205 1698 232; x_wconf 82' lang='lat' dir='ltr'><strong>circumfundi-</strong></span> 
     </span>
    </p>
   </div>
   <div class='ocr_carea' id='block_1_19' title="bbox 912 250 1697 281">
    <p class='ocr_par' dir='ltr' id='par_1_19' title="bbox 912 250 1697 281">
     <span class='ocr_line' id='line_1_19' title="bbox 912 250 1697 281; baseline -0.006 0"><span class='ocrx_word' id='word_1_124' title='bbox 912 257 958 281; x_wconf 80' lang='lat' dir='ltr'><strong>tur</strong></span> <span class='ocrx_word' id='word_1_125' title='bbox 972 263 979 281; x_wconf 85' lang='lat'><strong>:</strong></span> <span class='ocrx_word' id='word_1_126' title='bbox 997 261 1047 281; x_wconf 75' lang='lat' dir='ltr'><strong>nec</strong></span> <span class='ocrx_word' id='word_1_127' title='bbox 1058 253 1131 281; x_wconf 87' lang='lat' dir='ltr'><strong>enim</strong></span> <span class='ocrx_word' id='word_1_128' title='bbox 1146 260 1270 280; x_wconf 86' lang='lat' dir='ltr'><strong>mancam</strong></span> <span class='ocrx_word' id='word_1_129' title='bbox 1286 255 1333 279; x_wconf 83' lang='lat' dir='ltr'><strong>aut</strong></span> <span class='ocrx_word' id='word_1_130' title='bbox 1353 256 1479 278; x_wconf 76' lang='lat' dir='ltr'><strong>truncam</strong></span> <span class='ocrx_word' id='word_1_131' title='bbox 1491 258 1551 278; x_wconf 83' lang='lat' dir='ltr'><strong>esse</strong></span> <span class='ocrx_word' id='word_1_132' title='bbox 1559 250 1697 281; x_wconf 82' lang='lat' dir='ltr'><strong>virtutem,</strong></span> 
     </span>
    </p>
   </div>
   <div class='ocr_carea' id='block_1_20' title="bbox 913 294 1696 333">
    <p class='ocr_par' dir='ltr' id='par_1_20' title="bbox 913 294 1696 333">
     <span class='ocr_line' id='line_1_20' title="bbox 913 294 1696 333; baseline -0.006 -7"><span class='ocrx_word' id='word_1_133' title='bbox 913 299 960 326; x_wconf 88' lang='lat' dir='ltr'><strong>sed</strong></span> <span class='ocrx_word' id='word_1_134' title='bbox 974 299 1106 333; x_wconf 76' lang='lat' dir='ltr'><strong>integram</strong></span> <span class='ocrx_word' id='word_1_135' title='bbox 1123 300 1205 332; x_wconf 84' lang='lat' dir='ltr'><strong>atque</strong></span> <span class='ocrx_word' id='word_1_136' title='bbox 1230 303 1278 331; x_wconf 89' lang='lat' dir='ltr'><strong>per</strong></span> <span class='ocrx_word' id='word_1_137' title='bbox 1289 303 1385 322; x_wconf 82' lang='lat' dir='ltr'><strong>omnes</strong></span> <span class='ocrx_word' id='word_1_138' title='bbox 1405 302 1535 322; x_wconf 88' lang='lat' dir='ltr'><strong>numeros</strong></span> <span class='ocrx_word' id='word_1_139' title='bbox 1550 294 1696 329; x_wconf 77' lang='lat' dir='ltr'><strong>perfectam</strong></span> 
     </span>
    </p>
   </div>
   <div class='ocr_carea' id='block_1_21' title="bbox 913 340 1696 374">
    <p class='ocr_par' dir='ltr' id='par_1_21' title="bbox 913 340 1696 374">
     <span class='ocr_line' id='line_1_21' title="bbox 913 340 1696 374; baseline -0.006 -3"><span class='ocrx_word' id='word_1_140' title='bbox 913 343 956 371; x_wconf 85' lang='lat' dir='ltr'><strong>lex</strong></span> <span class='ocrx_word' id='word_1_141' title='bbox 974 344 1042 373; x_wconf 87' lang='lat' dir='ltr'><strong>vult.</strong></span> <span class='ocrx_word' id='word_1_142' title='bbox 1056 343 1145 370; x_wconf 81' lang='lat' dir='ltr'><strong>Aurea</strong></span> <span class='ocrx_word' id='word_1_143' title='bbox 1158 349 1222 369; x_wconf 88' lang='lat' dir='ltr'><strong>vero</strong></span> <span class='ocrx_word' id='word_1_144' title='bbox 1232 341 1425 372; x_wconf 88' lang='lat' dir='ltr'><strong>tintinnabula,</strong></span> <span class='ocrx_word' id='word_1_145' title='bbox 1438 340 1571 367; x_wconf 87' lang='lat' dir='ltr'><strong>bonorum</strong></span> <span class='ocrx_word' id='word_1_146' title='bbox 1585 347 1696 374; x_wconf 89' lang='lat' dir='ltr'><strong>operum</strong></span> 
     </span>
    </p>
   </div>
   <div class='ocr_carea' id='block_1_22' title="bbox 914 385 1697 423">
    <p class='ocr_par' dir='ltr' id='par_1_22' title="bbox 914 385 1697 423">
     <span class='ocr_line' id='line_1_22' title="bbox 914 385 1697 423; baseline -0.008 -7"><span class='ocrx_word' id='word_1_147' title='bbox 914 389 1043 423; x_wconf 86' lang='lat' dir='ltr'><strong>splendor</strong></span> <span class='ocrx_word' id='word_1_148' title='bbox 1056 392 1132 419; x_wconf 81' lang='lat' dir='ltr'><strong>sunt.</strong></span> <span class='ocrx_word' id='word_1_149' title='bbox 1151 387 1231 414; x_wconf 87' lang='lat' dir='ltr'><strong>malis</strong></span> <span class='ocrx_word' id='word_1_150' title='bbox 1246 386 1356 422; x_wconf 88' lang='lat' dir='ltr'><strong>punieis</strong></span> <span class='ocrx_word' id='word_1_151' title='bbox 1379 386 1538 420; x_wconf 81' lang='lat' dir='ltr'><strong>intercepta.</strong></span> <span class='ocrx_word' id='word_1_152' title='bbox 1554 385 1610 411; x_wconf 92' lang='lat' dir='ltr'><strong>Duo</strong></span> <span class='ocrx_word' id='word_1_153' title='bbox 1626 385 1697 411; x_wconf 86' lang='lat' dir='ltr'><strong>enim</strong></span> 
     </span>
    </p>
   </div>
   <div class='ocr_carea' id='block_1_23' title="bbox 913 429 1699 468">
    <p class='ocr_par' dir='ltr' id='par_1_23' title="bbox 913 429 1699 468">
     <span class='ocr_line' id='line_1_23' title="bbox 913 429 1699 468; baseline -0.006 -7"><span class='ocrx_word' id='word_1_154' title='bbox 913 433 970 462; x_wconf 72' lang='lat' dir='ltr'><strong>haec</strong></span> <span class='ocrx_word' id='word_1_155' title='bbox 989 438 1054 462; x_wconf 89' lang='lat' dir='ltr'><strong>sunt</strong></span> <span class='ocrx_word' id='word_1_156' title='bbox 1068 433 1169 464; x_wconf 86' lang='lat' dir='ltr'><strong>studia,</strong></span> <span class='ocrx_word' id='word_1_157' title='bbox 1187 432 1288 468; x_wconf 88' lang='lat' dir='ltr'><strong>quibus</strong></span> <span class='ocrx_word' id='word_1_158' title='bbox 1307 431 1394 459; x_wconf 89' lang='lat' dir='ltr'><strong>virtus</strong></span> <span class='ocrx_word' id='word_1_159' title='bbox 1410 435 1464 458; x_wconf 86' lang='lat' dir='ltr'><strong>tota</strong></span> <span class='ocrx_word' id='word_1_160' title='bbox 1481 429 1615 457; x_wconf 83' lang='lat' dir='ltr'><strong>conﬂatur</strong></span> <span class='ocrx_word' id='word_1_161' title='bbox 1626 434 1699 457; x_wconf 87' lang='lat' dir='ltr'><strong>recta</strong></span> 
     </span>
    </p>
   </div>
   <div class='ocr_carea' id='block_1_24' title="bbox 914 475 1698 512">
    <p class='ocr_par' dir='ltr' id='par_1_24' title="bbox 914 475 1698 512">
     <span class='ocr_line' id='line_1_24' title="bbox 914 475 1698 512; baseline -0.005 -6"><span class='ocrx_word' id='word_1_162' title='bbox 914 480 940 506; x_wconf 94' lang='lat' dir='ltr'><strong>in</strong></span> <span class='ocrx_word' id='word_1_163' title='bbox 957 478 1040 505; x_wconf 88' lang='lat' dir='ltr'><strong>Deum</strong></span> <span class='ocrx_word' id='word_1_164' title='bbox 1059 478 1136 510; x_wconf 82' lang='lat' dir='ltr'><strong>ﬁdes,</strong></span> <span class='ocrx_word' id='word_1_165' title='bbox 1149 481 1176 505; x_wconf 86' lang='lat' dir='ltr'><strong>et.</strong></span> <span class='ocrx_word' id='word_1_166' title='bbox 1191 478 1303 512; x_wconf 83' lang='lat' dir='ltr'><strong>probata</strong></span> <span class='ocrx_word' id='word_1_167' title='bbox 1331 476 1359 503; x_wconf 93' lang='lat' dir='ltr'><strong>in</strong></span> <span class='ocrx_word' id='word_1_168' title='bbox 1379 475 1430 503; x_wconf 89' lang='lat' dir='ltr'><strong>hac</strong></span> <span class='ocrx_word' id='word_1_169' title='bbox 1446 476 1500 502; x_wconf 85' lang='lat' dir='ltr'><strong>vita</strong></span> <span class='ocrx_word' id='word_1_170' title='bbox 1521 475 1698 502; x_wconf 80' lang='lat' dir='ltr'><strong>conscientia.</strong></span> 
     </span>
    </p>
   </div>
   <div class='ocr_carea' id='block_1_25' title="bbox 915 520 1699 558">
    <p class='ocr_par' dir='ltr' id='par_1_25' title="bbox 915 520 1699 558">
     <span class='ocr_line' id='line_1_25' title="bbox 915 520 1699 558; baseline -0.005 -7"><span class='ocrx_word' id='word_1_171' title='bbox 915 524 976 551; x_wconf 66' lang='lat' dir='ltr'><strong>Hrec</strong></span> <span class='ocrx_word' id='word_1_172' title='bbox 989 524 1059 551; x_wconf 86' lang='lat' dir='ltr'><strong>mala</strong></span> <span class='ocrx_word' id='word_1_173' title='bbox 1076 524 1174 558; x_wconf 91' lang='lat' dir='ltr'><strong>punica</strong></span> <span class='ocrx_word' id='word_1_174' title='bbox 1192 530 1223 550; x_wconf 84' lang='lat' dir='ltr'><strong>ac</strong></span> <span class='ocrx_word' id='word_1_175' title='bbox 1240 521 1421 549; x_wconf 72' lang='lat' dir='ltr'><strong>tintinnabula</strong></span> <span class='ocrx_word' id='word_1_176' title='bbox 1437 521 1594 548; x_wconf 89' lang='lat' dir='ltr'><strong>indumento</strong></span> <span class='ocrx_word' id='word_1_177' title='bbox 1606 520 1699 547; x_wconf 87' lang='lat' dir='ltr'><strong>Timo-</strong></span> 
     </span>
    </p>
   </div>
   <div class='ocr_carea' id='block_1_26' title="bbox 912 558 1701 602">
    <p class='ocr_par' dir='ltr' id='par_1_26' title="bbox 912 558 1701 602">
     <span class='ocr_line' id='line_1_26' title="bbox 912 558 1701 602; baseline -0.005 -5"><span class='ocrx_word' id='word_1_178' title='bbox 912 570 966 597; x_wconf 88' lang='lat' dir='ltr'><strong>thei</strong></span> <span class='ocrx_word' id='word_1_179' title='bbox 984 570 1086 598; x_wconf 82' lang='lat' dir='ltr'><strong>Paulus</strong></span> <span class='ocrx_word' id='word_1_180' title='bbox 1095 558 1143 597; x_wconf 78' lang='lat' dir='ltr'><strong>ille</strong></span> <span class='ocrx_word' id='word_1_181' title='bbox 1156 569 1289 601; x_wconf 83' lang='lat' dir='ltr'><strong>innexuit,</strong></span> <span class='ocrx_word' id='word_1_182' title='bbox 1302 576 1364 595; x_wconf 91' lang='lat' dir='ltr'><strong>eum</strong></span> <span class='ocrx_word' id='word_1_183' title='bbox 1375 567 1460 598; x_wconf 83' lang='lat' dir='ltr'><strong>dicat.</strong></span> <span class='ocrx_word' id='word_1_184' title='bbox 1475 571 1601 602; x_wconf 88' lang='lat' dir='ltr'><strong>oportere</strong></span> <span class='ocrx_word' id='word_1_185' title='bbox 1614 570 1643 594; x_wconf 91' lang='lat' dir='ltr'><strong>ut</strong></span> <span class='ocrx_word' id='word_1_186' title='bbox 1652 566 1701 593; x_wconf 87' lang='lat' dir='ltr'><strong>ha-</strong></span> 
     </span>
    </p>
   </div>
   <div class='ocr_carea' id='block_1_27' title="bbox 913 613 1506 650">
    <p class='ocr_par' dir='ltr' id='par_1_27' title="bbox 913 613 1506 650">
     <span class='ocr_line' id='line_1_27' title="bbox 913 613 1506 650; baseline -0.008 -6"><span class='ocrx_word' id='word_1_187' title='bbox 913 616 975 644; x_wconf 88' lang='lat' dir='ltr'><strong>beat</strong></span> <span class='ocrx_word' id='word_1_188' title='bbox 989 616 1067 644; x_wconf 81' lang='lat' dir='ltr'><strong>tidem</strong></span> <span class='ocrx_word' id='word_1_189' title='bbox 1083 620 1110 644; x_wconf 88' lang='lat' dir='ltr'><strong>et</strong></span> <span class='ocrx_word' id='word_1_190' title='bbox 1127 616 1238 650; x_wconf 86' lang='lat' dir='ltr'><strong>probam</strong></span> <span class='ocrx_word' id='word_1_191' title='bbox 1259 614 1455 642; x_wconf 83' lang='lat' dir='ltr'><strong>conscientiam</strong></span> <span class='ocrx_word' id='word_1_192' title='bbox 1471 613 1506 640; x_wconf 75' lang='lat'><strong>“.</strong></span> 
     </span>
    </p>
   </div>
   <div class='ocr_carea' id='block_1_28' title="bbox 948 680 1700 720">
    <p class='ocr_par' dir='ltr' id='par_1_28' title="bbox 948 680 1700 720">
     <span class='ocr_line' id='line_1_28' title="bbox 948 680 1700 720; baseline -0.005 -8"><span class='ocrx_word' id='word_1_193' title='bbox 948 685 1029 714; x_wconf 83' lang='lat' dir='ltr'><strong>Fides</strong></span> <span class='ocrx_word' id='word_1_194' title='bbox 1066 685 1149 720; x_wconf 75' lang='lat' dir='ltr'><strong>igitur</strong></span> <span class='ocrx_word' id='word_1_195' title='bbox 1182 683 1351 715; x_wconf 82' lang='lat' dir='ltr'><strong>sacerdotis,</strong></span> <span class='ocrx_word' id='word_1_196' title='bbox 1375 682 1459 709; x_wconf 83' lang='lat' dir='ltr'><strong>veluti</strong></span> <span class='ocrx_word' id='word_1_197' title='bbox 1488 680 1700 708; x_wconf 87' lang='lat' dir='ltr'><strong>tintinnabulum</strong></span> 
     </span>
    </p>
   </div>
   <div class='ocr_carea' id='block_1_29' title="bbox 914 727 1702 768">
    <p class='ocr_par' dir='ltr' id='par_1_29' title="bbox 914 727 1702 768">
     <span class='ocr_line' id='line_1_29' title="bbox 914 727 1702 768; baseline -0.011 -6"><span class='ocrx_word' id='word_1_198' title='bbox 914 735 987 763; x_wconf 85' lang='lat' dir='ltr'><strong>clare</strong></span> <span class='ocrx_word' id='word_1_199' title='bbox 997 736 1078 768; x_wconf 84' lang='lat' dir='ltr'><strong>atque</strong></span> <span class='ocrx_word' id='word_1_200' title='bbox 1091 738 1191 758; x_wconf 89' lang='lat' dir='ltr'><strong>sonore</strong></span> <span class='ocrx_word' id='word_1_201' title='bbox 1200 730 1227 757; x_wconf 92' lang='lat' dir='ltr'><strong>in</strong></span> <span class='ocrx_word' id='word_1_202' title='bbox 1240 733 1342 756; x_wconf 63' lang='lat' dir='ltr'><strong>sancta</strong></span> <span class='ocrx_word' id='word_1_203' title='bbox 1354 728 1497 755; x_wconf 74' lang='lat' dir='ltr'><strong>Trinitatis</strong></span> <span class='ocrx_word' id='word_1_204' title='bbox 1511 727 1702 762; x_wconf 69' lang='lat' dir='ltr'><strong>praedicatione</strong></span> 
     </span>
    </p>
   </div>
   <div class='ocr_carea' id='block_1_30' title="bbox 913 772 1702 809">
    <p class='ocr_par' dir='ltr' id='par_1_30' title="bbox 913 772 1702 809">
     <span class='ocr_line' id='line_1_30' title="bbox 913 772 1702 809; baseline -0.011 -3"><span class='ocrx_word' id='word_1_205' title='bbox 913 779 1058 809; x_wconf 74' lang='lat' dir='ltr'><strong>exclamet.</strong></span> <span class='ocrx_word' id='word_1_206' title='bbox 1084 775 1144 803; x_wconf 85' lang='lat' dir='ltr'><strong>Vita</strong></span> <span class='ocrx_word' id='word_1_207' title='bbox 1158 783 1223 802; x_wconf 88' lang='lat' dir='ltr'><strong>vero</strong></span> <span class='ocrx_word' id='word_1_208' title='bbox 1243 777 1368 801; x_wconf 86' lang='lat' dir='ltr'><strong>naturam</strong></span> <span class='ocrx_word' id='word_1_209' title='bbox 1391 773 1552 808; x_wconf 91' lang='lat' dir='ltr'><strong>punicorum</strong></span> <span class='ocrx_word' id='word_1_210' title='bbox 1581 772 1702 798; x_wconf 88' lang='lat' dir='ltr'><strong>imitetur</strong></span> 
     </span>
    </p>
   </div>
   <div class='ocr_carea' id='block_1_31' title="bbox 78 816 867 864">
    <p class='ocr_par' dir='ltr' id='par_1_31' title="bbox 78 818 864 856">
     <span class='ocr_line' id='line_1_31' title="bbox 78 818 864 856; baseline -0.001 -9"><span class='ocrx_word' id='word_1_211' title='bbox 78 820 184 854; x_wconf 72' lang='grc' dir='ltr'>ἐκείνης</span> <span class='ocrx_word' id='word_1_212' title='bbox 200 828 230 846; x_wconf 88' lang='grc' dir='ltr'>τε</span> <span class='ocrx_word' id='word_1_213' title='bbox 247 819 302 854; x_wconf 85' lang='grc' dir='ltr'>γὰρ</span> <span class='ocrx_word' id='word_1_214' title='bbox 315 818 437 853; x_wconf 76' lang='grc' dir='ltr'>ἄϐρωτός</span> <span class='ocrx_word' id='word_1_215' title='bbox 451 820 524 845; x_wconf 77' lang='grc' dir='ltr'>ἐστιν</span> <span class='ocrx_word' id='word_1_216' title='bbox 540 820 557 854; x_wconf 86' lang='grc' dir='ltr'>ὴ</span> <span class='ocrx_word' id='word_1_217' title='bbox 579 819 733 853; x_wconf 74' lang='grc' dir='ltr'>ἐπιφάνεια,</span> <span class='ocrx_word' id='word_1_218' title='bbox 758 820 864 856; x_wconf 77' lang='grc' dir='ltr'>στερρῷ</span> 
     </span>
    </p>
   </div>
   <div class='ocr_carea' id='block_1_32' title="bbox 919 816 1701 864">
    <p class='ocr_par' dir='ltr' id='par_1_32' title="bbox 919 816 1701 859">
     <span class='ocr_line' id='line_1_32' title="bbox 919 816 1701 859; baseline -0.012 -8"><span class='ocrx_word' id='word_1_219' title='bbox 919 830 1068 859; x_wconf 84' lang='lat' dir='ltr'><strong>pomorum,</strong></span> <span class='ocrx_word' id='word_1_220' title='bbox 1082 828 1198 856; x_wconf 88' lang='lat' dir='ltr'><strong>quorum</strong></span> <span class='ocrx_word' id='word_1_221' title='bbox 1213 819 1379 847; x_wconf 82' lang='lat' dir='ltr'><strong>circumfusa</strong></span> <span class='ocrx_word' id='word_1_222' title='bbox 1395 818 1517 845; x_wconf 78' lang='lat' dir='ltr'><strong>exterius</strong></span> <span class='ocrx_word' id='word_1_223' title='bbox 1528 816 1606 852; x_wconf 83' lang='lat' dir='ltr'><strong>quasi</strong></span> <span class='ocrx_word' id='word_1_224' title='bbox 1622 819 1701 848; x_wconf 86' lang='lat' dir='ltr'><strong>testa,</strong></span> 
     </span>
    </p>
   </div>
   <div class='ocr_carea' id='block_1_33' title="bbox 78 863 865 900">
    <p class='ocr_par' dir='ltr' id='par_1_33' title="bbox 78 863 865 900">
     <span class='ocr_line' id='line_1_33' title="bbox 78 863 865 900; baseline 0 -8"><span class='ocrx_word' id='word_1_225' title='bbox 78 873 109 892; x_wconf 86' lang='grc' dir='ltr'><strong>τε</strong></span> <span class='ocrx_word' id='word_1_226' title='bbox 130 865 177 898; x_wconf 79' lang='grc' dir='ltr'>καὶ</span> <span class='ocrx_word' id='word_1_227' title='bbox 198 865 412 899; x_wconf 84' lang='grc' dir='ltr'>κατεστυμμένῳ</span> <span class='ocrx_word' id='word_1_228' title='bbox 428 863 467 897; x_wconf 87' lang='grc' dir='ltr'>τῷ</span> <span class='ocrx_word' id='word_1_229' title='bbox 493 863 597 899; x_wconf 75' lang='grc' dir='ltr'>ἐλύτρῳ</span> <span class='ocrx_word' id='word_1_230' title='bbox 616 863 806 900; x_wconf 81' lang='grc' dir='ltr'>διειλημμένη.</span> <span class='ocrx_word' id='word_1_231' title='bbox 828 865 865 892; x_wconf 67' lang='lat' dir='ltr'><strong>To</strong></span> 
     </span>
    </p>
   </div>
   <div class='ocr_carea' id='block_1_34' title="bbox 78 909 866 945">
    <p class='ocr_par' dir='ltr' id='par_1_34' title="bbox 78 909 866 945">
     <span class='ocr_line' id='line_1_34' title="bbox 78 909 866 945; baseline 0.001 -9"><span class='ocrx_word' id='word_1_232' title='bbox 78 910 106 936; x_wconf 84' lang='grc' dir='ltr'>δὲ</span> <span class='ocrx_word' id='word_1_233' title='bbox 121 910 289 945; x_wconf 76' lang='grc' dir='ltr'>ἐγκείμενον,</span> <span class='ocrx_word' id='word_1_234' title='bbox 305 909 353 944; x_wconf 85' lang='grc' dir='ltr'>ήδὺ</span> <span class='ocrx_word' id='word_1_235' title='bbox 378 909 426 944; x_wconf 87' lang='grc' dir='ltr'><strong>μὲν</strong></span> <span class='ocrx_word' id='word_1_236' title='bbox 444 909 557 944; x_wconf 79' lang='grc' dir='ltr'>ὀφθῆναι</span> <span class='ocrx_word' id='word_1_237' title='bbox 576 909 614 944; x_wconf 84' lang='grc' dir='ltr'>τῷ</span> <span class='ocrx_word' id='word_1_238' title='bbox 637 910 751 945; x_wconf 84' lang='grc' dir='ltr'>ποικίλῳ</span> <span class='ocrx_word' id='word_1_239' title='bbox 770 919 799 936; x_wconf 89' lang='grc' dir='ltr'>τε</span> <span class='ocrx_word' id='word_1_240' title='bbox 818 910 866 937; x_wconf 76' lang='grc' dir='ltr'>καὶ</span> 
     </span>
    </p>
   </div>
   <div class='ocr_carea' id='block_1_35' title="bbox 79 953 865 991">
    <p class='ocr_par' dir='ltr' id='par_1_35' title="bbox 79 953 865 991">
     <span class='ocr_line' id='line_1_35' title="bbox 79 953 865 991; baseline 0 -10"><span class='ocrx_word' id='word_1_241' title='bbox 79 955 205 990; x_wconf 77' lang='grc' dir='ltr'>εὐκόσμῳ</span> <span class='ocrx_word' id='word_1_242' title='bbox 227 954 276 989; x_wconf 85' lang='grc' dir='ltr'>τῆς</span> <span class='ocrx_word' id='word_1_243' title='bbox 296 953 343 980; x_wconf 81' lang='grc' dir='ltr'><strong>τοῦ</strong></span> <span class='ocrx_word' id='word_1_244' title='bbox 375 953 481 989; x_wconf 79' lang='grc' dir='ltr'>καρποῦ</span> <span class='ocrx_word' id='word_1_245' title='bbox 506 953 660 985; x_wconf 82' lang='grc' dir='ltr'>διαθέσεως,</span> <span class='ocrx_word' id='word_1_246' title='bbox 685 954 811 989; x_wconf 82' lang='grc' dir='ltr'>ἧδιον·δὲ</span> <span class='ocrx_word' id='word_1_247' title='bbox 831 956 865 991; x_wconf 78' lang='grc' dir='ltr'>τῇ</span> 
     </span>
    </p>
   </div>
   <div class='ocr_carea' id='block_1_36' title="bbox 79 999 866 1035">
    <p class='ocr_par' dir='ltr' id='par_1_36' title="bbox 79 999 866 1035">
     <span class='ocr_line' id='line_1_36' title="bbox 79 999 866 1035; baseline 0.001 -9"><span class='ocrx_word' id='word_1_248' title='bbox 79 999 172 1034; x_wconf 82' lang='grc' dir='ltr'>γεύσει</span> <span class='ocrx_word' id='word_1_249' title='bbox 191 1000 309 1033; x_wconf 75' lang='grc' dir='ltr'><strong>γίνεταιι</strong></span> <span class='ocrx_word' id='word_1_250' title='bbox 322 999 535 1034; x_wconf 86' lang='grc' dir='ltr'>καταγλυκαῖνον</span> <span class='ocrx_word' id='word_1_251' title='bbox 550 999 600 1035; x_wconf 84' lang='grc' dir='ltr'>τὴν</span> <span class='ocrx_word' id='word_1_252' title='bbox 614 999 748 1035; x_wconf 79' lang='grc' dir='ltr'>αἴσθησιν.</span> <span class='ocrx_word' id='word_1_253' title='bbox 775 1001 811 1027; x_wconf 85' lang='grc' dir='ltr'><em>Ἦ</em></span> <span class='ocrx_word' id='word_1_254' title='bbox 836 1010 866 1027; x_wconf 82' lang='grc' dir='ltr'><strong>τε</strong></span> 
     </span>
    </p>
   </div>
   <div class='ocr_carea' id='block_1_37' title="bbox 80 1044 866 1080">
    <p class='ocr_par' dir='ltr' id='par_1_37' title="bbox 80 1044 866 1080">
     <span class='ocr_line' id='line_1_37' title="bbox 80 1044 866 1080; baseline 0 -8"><span class='ocrx_word' id='word_1_255' title='bbox 80 1045 223 1079; x_wconf 79' lang='grc' dir='ltr'>φιλόσοφος</span> <span class='ocrx_word' id='word_1_256' title='bbox 244 1045 291 1071; x_wconf 70' lang='grc' dir='ltr'>καὶ</span> <span class='ocrx_word' id='word_1_257' title='bbox 303 1045 502 1080; x_wconf 80' lang='grc' dir='ltr'>κατεσκληκυῖα</span> <span class='ocrx_word' id='word_1_258' title='bbox 518 1044 639 1080; x_wconf 85' lang='grc' dir='ltr'>διαγωγὴ</span> <span class='ocrx_word' id='word_1_259' title='bbox 657 1045 806 1080; x_wconf 83' lang='grc' dir='ltr'>δύσληπτός</span> <span class='ocrx_word' id='word_1_260' title='bbox 825 1055 866 1078; x_wconf 88' lang='grc' dir='ltr'><strong>τις</strong></span> 
     </span>
    </p>
   </div>
   <div class='ocr_carea' id='block_1_38' title="bbox 80 1089 868 1126">
    <p class='ocr_par' dir='ltr' id='par_1_38' title="bbox 80 1089 868 1126">
     <span class='ocr_line' id='line_1_38' title="bbox 80 1089 868 1126; baseline 0 -9"><span class='ocrx_word' id='word_1_261' title='bbox 80 1089 147 1118; x_wconf 76' lang='grc' dir='ltr'>οὖσα</span> <span class='ocrx_word' id='word_1_262' title='bbox 171 1091 218 1117; x_wconf 79' lang='grc' dir='ltr'>καὶ</span> <span class='ocrx_word' id='word_1_263' title='bbox 231 1090 316 1126; x_wconf 79' lang='grc' dir='ltr'>ἀηδὴς</span> <span class='ocrx_word' id='word_1_264' title='bbox 334 1091 368 1125; x_wconf 87' lang='grc' dir='ltr'><strong>τῇ</strong></span> <span class='ocrx_word' id='word_1_265' title='bbox 382 1090 518 1125; x_wconf 77' lang='grc' dir='ltr'>αἰσθήσει,</span> <span class='ocrx_word' id='word_1_266' title='bbox 533 1090 639 1126; x_wconf 80' lang='grc' dir='ltr'>πλήρης</span> <span class='ocrx_word' id='word_1_267' title='bbox 660 1091 769 1124; x_wconf 84' lang='grc' dir='ltr'>ἀγαθῶν</span> <span class='ocrx_word' id='word_1_268' title='bbox 792 1091 868 1117; x_wconf 74' lang='grc' dir='ltr'>ἑλπί-</span> 
     </span>
    </p>
   </div>
   <div class='ocr_carea' id='block_1_39' title="bbox 80 1134 868 1170">
    <p class='ocr_par' dir='ltr' id='par_1_39' title="bbox 80 1134 868 1170">
     <span class='ocr_line' id='line_1_39' title="bbox 80 1134 868 1170; baseline -0.001 -8"><span class='ocrx_word' id='word_1_269' title='bbox 80 1136 133 1162; x_wconf 89' lang='grc' dir='ltr'><strong>δων</strong></span> <span class='ocrx_word' id='word_1_270' title='bbox 147 1136 216 1168; x_wconf 75' lang='grc' dir='ltr'>ἐστὶ,</span> <span class='ocrx_word' id='word_1_271' title='bbox 232 1135 302 1162; x_wconf 80' lang='grc' dir='ltr'>κατὰ</span> <span class='ocrx_word' id='word_1_272' title='bbox 318 1135 364 1162; x_wconf 83' lang='grc' dir='ltr'>τὸν</span> <span class='ocrx_word' id='word_1_273' title='bbox 380 1135 444 1162; x_wconf 76' lang='grc' dir='ltr'>ἴδιον</span> <span class='ocrx_word' id='word_1_274' title='bbox 459 1135 564 1170; x_wconf 82' lang='grc' dir='ltr'>καρπὸν</span> <span class='ocrx_word' id='word_1_275' title='bbox 578 1134 754 1162; x_wconf 86' lang='grc' dir='ltr'>πεπανθεῖσα.</span> <span class='ocrx_word' id='word_1_276' title='bbox 777 1136 868 1162; x_wconf 85' lang='grc' dir='ltr'>Ἐπει-</span> 
     </span>
    </p>
   </div>
   <div class='ocr_carea' id='block_1_40' title="bbox 80 1178 867 1215">
    <p class='ocr_par' dir='ltr' id='par_1_40' title="bbox 80 1178 867 1215">
     <span class='ocr_line' id='line_1_40' title="bbox 80 1178 867 1215; baseline -0.001 -9"><span class='ocrx_word' id='word_1_277' title='bbox 80 1181 128 1207; x_wconf 76' lang='grc' dir='ltr'>δὰν</span> <span class='ocrx_word' id='word_1_278' title='bbox 155 1180 209 1215; x_wconf 84' lang='grc' dir='ltr'>γὰρ</span> <span class='ocrx_word' id='word_1_279' title='bbox 233 1181 248 1206; x_wconf 80' lang='grc' dir='ltr'>ὁ</span> <span class='ocrx_word' id='word_1_280' title='bbox 268 1179 389 1214; x_wconf 80' lang='grc' dir='ltr'>γεωργὸς</span> <span class='ocrx_word' id='word_1_281' title='bbox 412 1178 490 1214; x_wconf 87' lang='grc' dir='ltr'>ήμῶν</span> <span class='ocrx_word' id='word_1_282' title='bbox 514 1178 655 1215; x_wconf 80' lang='grc' dir='ltr'>ἁναπτύξῃ</span> <span class='ocrx_word' id='word_1_283' title='bbox 667 1179 714 1205; x_wconf 84' lang='grc' dir='ltr'><strong>τοῦ</strong></span> <span class='ocrx_word' id='word_1_284' title='bbox 739 1179 796 1213; x_wconf 85' lang='grc' dir='ltr'>βίου</span> <span class='ocrx_word' id='word_1_285' title='bbox 818 1179 867 1213; x_wconf 77' lang='grc' dir='ltr'><strong>τὴν</strong></span> 
     </span>
    </p>
   </div>
   <div class='ocr_carea' id='block_1_41' title="bbox 82 1223 868 1260">
    <p class='ocr_par' dir='ltr' id='par_1_41' title="bbox 82 1223 868 1260">
     <span class='ocr_line' id='line_1_41' title="bbox 82 1223 868 1260; baseline -0.001 -9"><span class='ocrx_word' id='word_1_286' title='bbox 82 1226 157 1260; x_wconf 74' lang='grc' dir='ltr'>ῥοιὰν</span> <span class='ocrx_word' id='word_1_287' title='bbox 171 1225 210 1260; x_wconf 86' lang='grc' dir='ltr'>τῷ</span> <span class='ocrx_word' id='word_1_288' title='bbox 226 1225 282 1260; x_wconf 84' lang='grc' dir='ltr'>ίδίῳ</span> <span class='ocrx_word' id='word_1_289' title='bbox 306 1224 405 1260; x_wconf 83' lang='grc' dir='ltr'>καιρῷ,</span> <span class='ocrx_word' id='word_1_290' title='bbox 429 1224 476 1251; x_wconf 75' lang='grc' dir='ltr'><strong>καὶ</strong></span> <span class='ocrx_word' id='word_1_291' title='bbox 501 1224 575 1259; x_wconf 78' lang='grc' dir='ltr'>δείξῃ</span> <span class='ocrx_word' id='word_1_292' title='bbox 597 1224 651 1250; x_wconf 88' lang='grc' dir='ltr'><strong>τῶν</strong></span> <span class='ocrx_word' id='word_1_293' title='bbox 672 1223 812 1251; x_wconf 82' lang='grc' dir='ltr'>ἀποθέτων</span> <span class='ocrx_word' id='word_1_294' title='bbox 838 1224 868 1250; x_wconf 82' lang='grc' dir='ltr'>τὸ</span> 
     </span>
    </p>
   </div>
   <div class='ocr_carea' id='block_1_42' title="bbox 81 1269 867 1304">
    <p class='ocr_par' dir='ltr' id='par_1_42' title="bbox 81 1269 867 1304">
     <span class='ocr_line' id='line_1_42' title="bbox 81 1269 867 1304; baseline -0.003 -7"><span class='ocrx_word' id='word_1_295' title='bbox 81 1270 195 1302; x_wconf 75' lang='grc' dir='ltr'>κάλλος·</span> <span class='ocrx_word' id='word_1_296' title='bbox 219 1270 279 1296; x_wconf 83' lang='grc' dir='ltr'>τότε</span> <span class='ocrx_word' id='word_1_297' title='bbox 304 1269 416 1303; x_wconf 83' lang='grc' dir='ltr'>γλυκεῖα</span> <span class='ocrx_word' id='word_1_298' title='bbox 441 1269 546 1304; x_wconf 85' lang='grc' dir='ltr'>γίνεται</span> <span class='ocrx_word' id='word_1_299' title='bbox 566 1271 623 1300; x_wconf 83' lang='grc' dir='ltr'>τοῖς</span> <span class='ocrx_word' id='word_1_300' title='bbox 647 1270 827 1296; x_wconf 82' lang='grc' dir='ltr'>ἀπολαύουσιν</span> <span class='ocrx_word' id='word_1_301' title='bbox 851 1270 867 1304; x_wconf 88' lang='grc' dir='ltr'><strong>ή</strong></span> 
     </span>
    </p>
   </div>
   <div class='ocr_carea' id='block_1_43' title="bbox 84 1313 868 1350">
    <p class='ocr_par' dir='ltr' id='par_1_43' title="bbox 84 1313 868 1350">
     <span class='ocr_line' id='line_1_43' title="bbox 84 1313 868 1350; baseline -0.003 -8"><span class='ocrx_word' id='word_1_302' title='bbox 84 1315 212 1350; x_wconf 81' lang='grc' dir='ltr'>μετουσία</span> <span class='ocrx_word' id='word_1_303' title='bbox 234 1315 288 1341; x_wconf 89' lang='grc' dir='ltr'><strong>τῶν</strong></span> <span class='ocrx_word' id='word_1_304' title='bbox 310 1315 382 1342; x_wconf 79' lang='grc' dir='ltr'>ίδίων</span> <span class='ocrx_word' id='word_1_305' title='bbox 402 1313 526 1350; x_wconf 86' lang='grc' dir='ltr'>καρπῶν.</span> <span class='ocrx_word' id='word_1_306' title='bbox 552 1314 621 1349; x_wconf 79' lang='grc' dir='ltr'>Φησὶ</span> <span class='ocrx_word' id='word_1_307' title='bbox 641 1314 694 1349; x_wconf 83' lang='grc' dir='ltr'><strong>γάρ</strong></span> <span class='ocrx_word' id='word_1_308' title='bbox 717 1322 767 1340; x_wconf 89' lang='grc' dir='ltr'><strong>που</strong></span> <span class='ocrx_word' id='word_1_309' title='bbox 788 1314 834 1340; x_wconf 78' lang='grc' dir='ltr'><strong>καὶ</strong></span> <span class='ocrx_word' id='word_1_310' title='bbox 854 1315 868 1341; x_wconf 88' lang='grc' dir='ltr'><strong>ό</strong></span> 
     </span>
    </p>
   </div>
   <div class='ocr_carea' id='block_1_44' title="bbox 82 1357 868 1394">
    <p class='ocr_par' dir='ltr' id='par_1_44' title="bbox 82 1357 868 1394">
     <span class='ocr_line' id='line_1_44' title="bbox 82 1357 868 1394; baseline -0.003 -7"><span class='ocrx_word' id='word_1_311' title='bbox 82 1361 150 1391; x_wconf 79' lang='grc' dir='ltr'>θεῖος</span> <span class='ocrx_word' id='word_1_312' title='bbox 166 1357 332 1391; x_wconf 70' lang='grc' dir='ltr'>Ἀπόστολος,</span> <span class='ocrx_word' id='word_1_313' title='bbox 340 1359 381 1385; x_wconf 77' lang='grc' dir='ltr'><strong>ὅτι</strong></span> <span class='ocrx_word' id='word_1_314' title='bbox 389 1360 464 1386; x_wconf 81' lang='grc' dir='ltr'>πᾶσα</span> <span class='ocrx_word' id='word_1_315' title='bbox 476 1359 585 1386; x_wconf 84' lang='grc' dir='ltr'>παιδεία</span> <span class='ocrx_word' id='word_1_316' title='bbox 598 1359 665 1394; x_wconf 80' lang='grc' dir='ltr'>πρὸς</span> <span class='ocrx_word' id='word_1_317' title='bbox 682 1359 731 1394; x_wconf 81' lang='grc' dir='ltr'><strong>μὲν</strong></span> <span class='ocrx_word' id='word_1_318' title='bbox 743 1359 773 1385; x_wconf 83' lang='grc' dir='ltr'>τὸ</span> <span class='ocrx_word' id='word_1_319' title='bbox 784 1360 868 1394; x_wconf 81' lang='grc' dir='ltr'>παρὸν</span> 
     </span>
    </p>
   </div>
   <div class='ocr_carea' id='block_1_45' title="bbox 81 1401 869 1440">
    <p class='ocr_par' dir='ltr' id='par_1_45' title="bbox 81 1401 869 1440">
     <span class='ocr_line' id='line_1_45' title="bbox 81 1401 869 1440; baseline -0.001 -8"><span class='ocrx_word' id='word_1_320' title='bbox 81 1406 111 1432; x_wconf 83' lang='grc' dir='ltr'>οὺ</span> <span class='ocrx_word' id='word_1_321' title='bbox 127 1405 201 1431; x_wconf 76' lang='grc' dir='ltr'>δοκεῖ</span> <span class='ocrx_word' id='word_1_322' title='bbox 215 1405 302 1439; x_wconf 77' lang='grc' dir='ltr'>χαρᾶς</span> <span class='ocrx_word' id='word_1_323' title='bbox 320 1401 400 1435; x_wconf 68' lang='grc' dir='ltr'>εἶναι,</span> <span class='ocrx_word' id='word_1_324' title='bbox 424 1404 493 1431; x_wconf 82' lang='grc' dir='ltr'>ἀλλὰ</span> <span class='ocrx_word' id='word_1_325' title='bbox 515 1405 620 1440; x_wconf 64' lang='lat' dir='ltr'><strong>hin-11;&quot;</strong></span> <span class='ocrx_word' id='word_1_326' title='bbox 643 1405 722 1432; x_wconf 86' lang='grc' dir='ltr'>τοῦτό</span> <span class='ocrx_word' id='word_1_327' title='bbox 741 1405 798 1431; x_wconf 76' lang='grc' dir='ltr'>ἐστι</span> <span class='ocrx_word' id='word_1_328' title='bbox 820 1405 869 1440; x_wconf 82' lang='grc' dir='ltr'><strong>τῆς</strong></span> 
     </span>
    </p>
   </div>
   <div class='ocr_carea' id='block_1_46' title="bbox 82 1450 868 1487">
    <p class='ocr_par' dir='ltr' id='par_1_46' title="bbox 82 1450 868 1487">
     <span class='ocr_line' id='line_1_46' title="bbox 82 1450 868 1487; baseline 0.003 -11"><span class='ocrx_word' id='word_1_329' title='bbox 82 1451 158 1486; x_wconf 79' lang='grc' dir='ltr'>ῥοιᾶς</span> <span class='ocrx_word' id='word_1_330' title='bbox 169 1450 199 1476; x_wconf 82' lang='grc' dir='ltr'>τὸ</span> <span class='ocrx_word' id='word_1_331' title='bbox 216 1450 432 1486; x_wconf 74' lang='grc' dir='ltr'>προεντυγχάνον</span> <span class='ocrx_word' id='word_1_332' title='bbox 449 1452 505 1482; x_wconf 84' lang='grc' dir='ltr'>τοῖς</span> <span class='ocrx_word' id='word_1_333' title='bbox 519 1451 681 1486; x_wconf 82' lang='grc' dir='ltr'>ἁπτομένοις</span> <span class='ocrx_word' id='word_1_334' title='bbox 692 1460 698 1467; x_wconf 92' lang='grc'><strong>·</strong></span> <span class='ocrx_word' id='word_1_335' title='bbox 714 1451 825 1487; x_wconf 80' lang='grc' dir='ltr'>ὕστερον</span> <span class='ocrx_word' id='word_1_336' title='bbox 840 1452 868 1478; x_wconf 79' lang='grc' dir='ltr'>δὲ</span> 
     </span>
    </p>
   </div>
   <div class='ocr_carea' id='block_1_47' title="bbox 915 863 1703 900">
    <p class='ocr_par' dir='ltr' id='par_1_47' title="bbox 915 863 1703 900">
     <span class='ocr_line' id='line_1_47' title="bbox 915 863 1703 900; baseline -0.013 -3"><span class='ocrx_word' id='word_1_337' title='bbox 915 867 1124 897; x_wconf 85' lang='lat' dir='ltr'><strong>incomestibilis</strong></span> <span class='ocrx_word' id='word_1_338' title='bbox 1138 867 1261 900; x_wconf 89' lang='lat' dir='ltr'><strong>duraque</strong></span> <span class='ocrx_word' id='word_1_339' title='bbox 1276 868 1328 895; x_wconf 82' lang='lat' dir='ltr'><strong>est.</strong></span> <span class='ocrx_word' id='word_1_340' title='bbox 1346 864 1418 898; x_wconf 85' lang='lat' dir='ltr'><strong>quod</strong></span> <span class='ocrx_word' id='word_1_341' title='bbox 1446 867 1536 889; x_wconf 85' lang='lat' dir='ltr'><strong>autem</strong></span> <span class='ocrx_word' id='word_1_342' title='bbox 1559 863 1633 889; x_wconf 89' lang='lat' dir='ltr'><strong>intus</strong></span> <span class='ocrx_word' id='word_1_343' title='bbox 1652 869 1703 889; x_wconf 88' lang='lat' dir='ltr'><strong>re—</strong></span> 
     </span>
    </p>
   </div>
   <div class='ocr_carea' id='block_1_48' title="bbox 914 908 1703 944">
    <p class='ocr_par' dir='ltr' id='par_1_48' title="bbox 914 908 1703 944">
     <span class='ocr_line' id='line_1_48' title="bbox 914 908 1703 944; baseline -0.013 -2"><span class='ocrx_word' id='word_1_344' title='bbox 914 914 1055 943; x_wconf 89' lang='lat' dir='ltr'><strong>conditum</strong></span> <span class='ocrx_word' id='word_1_345' title='bbox 1076 917 1128 944; x_wconf 88' lang='lat' dir='ltr'><strong>est,</strong></span> <span class='ocrx_word' id='word_1_346' title='bbox 1156 915 1182 939; x_wconf 88' lang='lat' dir='ltr'><strong>et</strong></span> <span class='ocrx_word' id='word_1_347' title='bbox 1210 911 1268 937; x_wconf 91' lang='lat' dir='ltr'><strong>visu</strong></span> <span class='ocrx_word' id='word_1_348' title='bbox 1296 918 1329 937; x_wconf 84' lang='lat' dir='ltr'><strong>ex</strong></span> <span class='ocrx_word' id='word_1_349' title='bbox 1356 909 1486 936; x_wconf 81' lang='lat' dir='ltr'><strong>varietate</strong></span> <span class='ocrx_word' id='word_1_350' title='bbox 1509 908 1609 935; x_wconf 86' lang='lat' dir='ltr'><strong>coloris</strong></span> <span class='ocrx_word' id='word_1_351' title='bbox 1621 911 1703 940; x_wconf 87' lang='lat' dir='ltr'><strong>atque</strong></span> 
     </span>
    </p>
   </div>
   <div class='ocr_carea' id='block_1_49' title="bbox 915 953 1703 991">
    <p class='ocr_par' dir='ltr' id='par_1_49' title="bbox 915 953 1703 991">
     <span class='ocr_line' id='line_1_49' title="bbox 915 953 1703 991; baseline -0.013 -4"><span class='ocrx_word' id='word_1_352' title='bbox 915 958 1103 988; x_wconf 88' lang='lat' dir='ltr'><strong>collocationis</strong></span> <span class='ocrx_word' id='word_1_353' title='bbox 1118 956 1373 991; x_wconf 79' lang='lat' dir='ltr'><strong>ortlinejucundum</strong></span> <span class='ocrx_word' id='word_1_354' title='bbox 1387 959 1439 987; x_wconf 84' lang='lat' dir='ltr'><strong>est,</strong></span> <span class='ocrx_word' id='word_1_355' title='bbox 1459 958 1484 981; x_wconf 89' lang='lat' dir='ltr'><strong>et</strong></span> <span class='ocrx_word' id='word_1_356' title='bbox 1508 957 1588 989; x_wconf 73' lang='lat' dir='ltr'><strong>gustu</strong></span> <span class='ocrx_word' id='word_1_357' title='bbox 1603 953 1703 985; x_wconf 86' lang='lat' dir='ltr'><strong>jucun-</strong></span> 
     </span>
    </p>
   </div>
   <div class='ocr_carea' id='block_1_50' title="bbox 915 997 1704 1038">
    <p class='ocr_par' dir='ltr' id='par_1_50' title="bbox 915 997 1704 1038">
     <span class='ocr_line' id='line_1_50' title="bbox 915 997 1704 1038; baseline -0.013 -5"><span class='ocrx_word' id='word_1_358' title='bbox 915 1005 988 1036; x_wconf 83' lang='lat' dir='ltr'><strong>dius,</strong></span> <span class='ocrx_word' id='word_1_359' title='bbox 1004 1012 1058 1031; x_wconf 91' lang='lat' dir='ltr'><strong>non</strong></span> <span class='ocrx_word' id='word_1_360' title='bbox 1074 1010 1156 1038; x_wconf 88' lang='lat' dir='ltr'><strong>parva</strong></span> <span class='ocrx_word' id='word_1_361' title='bbox 1172 1001 1314 1029; x_wconf 85' lang='lat' dir='ltr'><strong>dulcedine</strong></span> <span class='ocrx_word' id='word_1_362' title='bbox 1328 1007 1436 1028; x_wconf 87' lang='lat' dir='ltr'><strong>sensum</strong></span> <span class='ocrx_word' id='word_1_363' title='bbox 1462 999 1590 1026; x_wconf 79' lang='lat' dir='ltr'><strong>alliciens.</strong></span> <span class='ocrx_word' id='word_1_364' title='bbox 1613 997 1704 1024; x_wconf 90' lang='lat' dir='ltr'><strong>Philo-</strong></span> 
     </span>
    </p>
   </div>
   <div class='ocr_carea' id='block_1_51' title="bbox 916 1044 1704 1085">
    <p class='ocr_par' dir='ltr' id='par_1_51' title="bbox 916 1044 1704 1085">
     <span class='ocr_line' id='line_1_51' title="bbox 916 1044 1704 1085; baseline -0.01 -8"><span class='ocrx_word' id='word_1_365' title='bbox 916 1050 1028 1085; x_wconf 86' lang='lat' dir='ltr'><strong>sophica</strong></span> <span class='ocrx_word' id='word_1_366' title='bbox 1038 1052 1066 1076; x_wconf 88' lang='lat' dir='ltr'><strong>et</strong></span> <span class='ocrx_word' id='word_1_367' title='bbox 1074 1054 1182 1083; x_wconf 88' lang='lat' dir='ltr'><strong>quoque</strong></span> <span class='ocrx_word' id='word_1_368' title='bbox 1190 1046 1345 1073; x_wconf 80' lang='lat' dir='ltr'><strong>Christiana</strong></span> <span class='ocrx_word' id='word_1_369' title='bbox 1353 1044 1460 1072; x_wconf 80' lang='lat' dir='ltr'><strong>vivendi</strong></span> <span class='ocrx_word' id='word_1_370' title='bbox 1471 1044 1540 1070; x_wconf 80' lang='lat' dir='ltr'><strong>ratio</strong></span> <span class='ocrx_word' id='word_1_371' title='bbox 1552 1044 1618 1070; x_wconf 86' lang='lat' dir='ltr'><strong>dura</strong></span> <span class='ocrx_word' id='word_1_372' title='bbox 1628 1047 1704 1070; x_wconf 61' lang='lat' dir='ltr'><strong>exle»</strong></span> 
     </span>
    </p>
   </div>
   <div class='ocr_carea' id='block_1_52' title="bbox 916 1089 1703 1128">
    <p class='ocr_par' dir='ltr' id='par_1_52' title="bbox 916 1089 1703 1128">
     <span class='ocr_line' id='line_1_52' title="bbox 916 1089 1703 1128; baseline -0.01 -6"><span class='ocrx_word' id='word_1_373' title='bbox 916 1095 986 1128; x_wconf 87' lang='lat' dir='ltr'><strong>rius,</strong></span> <span class='ocrx_word' id='word_1_374' title='bbox 1000 1098 1082 1128; x_wconf 88' lang='lat' dir='ltr'><strong>atque</strong></span> <span class='ocrx_word' id='word_1_375' title='bbox 1097 1099 1193 1126; x_wconf 88' lang='lat' dir='ltr'><strong>aspera</strong></span> <span class='ocrx_word' id='word_1_376' title='bbox 1210 1091 1302 1118; x_wconf 84' lang='lat' dir='ltr'><strong>sensui</strong></span> <span class='ocrx_word' id='word_1_377' title='bbox 1316 1094 1368 1121; x_wconf 83' lang='lat' dir='ltr'><strong>est,</strong></span> <span class='ocrx_word' id='word_1_378' title='bbox 1390 1090 1463 1117; x_wconf 87' lang='lat' dir='ltr'><strong>intus</strong></span> <span class='ocrx_word' id='word_1_379' title='bbox 1477 1089 1577 1124; x_wconf 80' lang='lat' dir='ltr'><strong>saepius</strong></span> <span class='ocrx_word' id='word_1_380' title='bbox 1588 1089 1703 1122; x_wconf 88' lang='lat' dir='ltr'><strong>optima—</strong></span> 
     </span>
    </p>
   </div>
   <div class='ocr_carea' id='block_1_53' title="bbox 917 1136 1704 1175">
    <p class='ocr_par' dir='ltr' id='par_1_53' title="bbox 917 1136 1704 1175">
     <span class='ocr_line' id='line_1_53' title="bbox 917 1136 1704 1175; baseline -0.009 -8"><span class='ocrx_word' id='word_1_381' title='bbox 917 1149 975 1167; x_wconf 94' lang='lat' dir='ltr'><strong>rum</strong></span> <span class='ocrx_word' id='word_1_382' title='bbox 993 1139 1293 1175; x_wconf 86' lang='lat' dir='ltr'><strong>pulcherrimarumque</strong></span> <span class='ocrx_word' id='word_1_383' title='bbox 1304 1143 1394 1163; x_wconf 92' lang='lat' dir='ltr'><strong>rerum</strong></span> <span class='ocrx_word' id='word_1_384' title='bbox 1413 1136 1502 1169; x_wconf 90' lang='lat' dir='ltr'><strong>plena,</strong></span> <span class='ocrx_word' id='word_1_385' title='bbox 1517 1139 1639 1168; x_wconf 85' lang='lat' dir='ltr'><strong>tempore</strong></span> <span class='ocrx_word' id='word_1_386' title='bbox 1654 1143 1704 1161; x_wconf 84' lang='lat' dir='ltr'><strong>suo</strong></span> 
     </span>
    </p>
   </div>
   <div class='ocr_carea' id='block_1_54' title="bbox 917 1180 1703 1215">
    <p class='ocr_par' dir='ltr' id='par_1_54' title="bbox 917 1180 1703 1215">
     <span class='ocr_line' id='line_1_54' title="bbox 917 1180 1703 1215; baseline -0.008 -3"><span class='ocrx_word' id='word_1_387' title='bbox 917 1192 978 1212; x_wconf 88' lang='lat' dir='ltr'><strong>cum</strong></span> <span class='ocrx_word' id='word_1_388' title='bbox 993 1188 1099 1211; x_wconf 87' lang='lat' dir='ltr'><strong>matura</strong></span> <span class='ocrx_word' id='word_1_389' title='bbox 1115 1183 1207 1213; x_wconf 78' lang='lat' dir='ltr'><strong>fuerit,</strong></span> <span class='ocrx_word' id='word_1_390' title='bbox 1226 1189 1342 1215; x_wconf 87' lang='lat' dir='ltr'><strong>cumque</strong></span> <span class='ocrx_word' id='word_1_391' title='bbox 1367 1180 1486 1215; x_wconf 76' lang='lat' dir='ltr'><strong>agricola</strong></span> <span class='ocrx_word' id='word_1_392' title='bbox 1510 1183 1602 1206; x_wconf 82' lang='lat' dir='ltr'><strong>noster</strong></span> <span class='ocrx_word' id='word_1_393' title='bbox 1625 1186 1703 1214; x_wconf 82' lang='lat' dir='ltr'><strong>poma</strong></span> 
     </span>
    </p>
   </div>
   <div class='ocr_carea' id='block_1_55' title="bbox 918 1225 1703 1266">
    <p class='ocr_par' dir='ltr' id='par_1_55' title="bbox 918 1225 1703 1266">
     <span class='ocr_line' id='line_1_55' title="bbox 918 1225 1703 1266; baseline -0.009 -9"><span class='ocrx_word' id='word_1_394' title='bbox 918 1230 1017 1266; x_wconf 83' lang='lat' dir='ltr'><strong>punica</strong></span> <span class='ocrx_word' id='word_1_395' title='bbox 1040 1229 1123 1263; x_wconf 84' lang='lat' dir='ltr'><strong>hujus</strong></span> <span class='ocrx_word' id='word_1_396' title='bbox 1147 1228 1209 1254; x_wconf 63' lang='lat' dir='ltr'><strong>vitae</strong></span> <span class='ocrx_word' id='word_1_397' title='bbox 1235 1227 1348 1262; x_wconf 85' lang='lat' dir='ltr'><strong>aperiet,</strong></span> <span class='ocrx_word' id='word_1_398' title='bbox 1376 1225 1561 1253; x_wconf 85' lang='lat' dir='ltr'><strong>dulcissimam</strong></span> <span class='ocrx_word' id='word_1_399' title='bbox 1592 1232 1703 1252; x_wconf 89' lang='lat' dir='ltr'><strong>suorum</strong></span> 
     </span>
    </p>
   </div>
   <div class='ocr_carea' id='block_1_56' title="bbox 918 1271 1703 1308">
    <p class='ocr_par' dir='ltr' id='par_1_56' title="bbox 918 1271 1703 1308">
     <span class='ocr_line' id='line_1_56' title="bbox 918 1271 1703 1308; baseline -0.006 -6"><span class='ocrx_word' id='word_1_400' title='bbox 918 1275 1054 1302; x_wconf 83' lang='lat' dir='ltr'><strong>fructuum</strong></span> <span class='ocrx_word' id='word_1_401' title='bbox 1076 1273 1217 1308; x_wconf 59' lang='lat' dir='ltr'><strong>praestabit</strong></span> <span class='ocrx_word' id='word_1_402' title='bbox 1245 1272 1433 1307; x_wconf 77' lang='lat' dir='ltr'><strong>fragrantiam.</strong></span> <span class='ocrx_word' id='word_1_403' title='bbox 1449 1271 1595 1306; x_wconf 84' lang='lat' dir='ltr'><strong>Apostolus</strong></span> <span class='ocrx_word' id='word_1_404' title='bbox 1622 1271 1703 1297; x_wconf 88' lang='lat' dir='ltr'><strong>etiam</strong></span> 
     </span>
    </p>
   </div>
   <div class='ocr_carea' id='block_1_57' title="bbox 917 1316 1704 1352">
    <p class='ocr_par' dir='ltr' id='par_1_57' title="bbox 917 1316 1704 1352">
     <span class='ocr_line' id='line_1_57' title="bbox 917 1316 1704 1352; baseline -0.005 -6"><span class='ocrx_word' id='word_1_405' title='bbox 917 1320 993 1350; x_wconf 85' lang='lat' dir='ltr'><strong>dicit.</strong></span> <span class='ocrx_word' id='word_1_406' title='bbox 1019 1318 1121 1346; x_wconf 92' lang='lat' dir='ltr'><strong>nullam</strong></span> <span class='ocrx_word' id='word_1_407' title='bbox 1137 1318 1309 1352; x_wconf 87' lang='lat' dir='ltr'><strong>disciplinam</strong></span> <span class='ocrx_word' id='word_1_408' title='bbox 1338 1318 1364 1344; x_wconf 94' lang='lat' dir='ltr'><strong>in</strong></span> <span class='ocrx_word' id='word_1_409' title='bbox 1392 1318 1518 1351; x_wconf 74' lang='lat' dir='ltr'><strong>przesenti</strong></span> <span class='ocrx_word' id='word_1_410' title='bbox 1543 1317 1597 1343; x_wconf 88' lang='lat' dir='ltr'><strong>vita</strong></span> <span class='ocrx_word' id='word_1_411' title='bbox 1618 1316 1704 1343; x_wconf 86' lang='lat' dir='ltr'><strong>videri</strong></span> 
     </span>
    </p>
   </div>
   <div class='ocr_carea' id='block_1_58' title="bbox 918 1362 1704 1396">
    <p class='ocr_par' dir='ltr' id='par_1_58' title="bbox 918 1362 1704 1396">
     <span class='ocr_line' id='line_1_58' title="bbox 918 1362 1704 1396; baseline -0.006 -3"><span class='ocrx_word' id='word_1_412' title='bbox 918 1366 1037 1394; x_wconf 65' lang='lat' dir='ltr'><strong>laetitiam</strong></span> <span class='ocrx_word' id='word_1_413' title='bbox 1053 1364 1160 1395; x_wconf 81' lang='lat' dir='ltr'><strong>aﬂ‘crrc.</strong></span> <span class='ocrx_word' id='word_1_414' title='bbox 1177 1364 1224 1392; x_wconf 87' lang='lat' dir='ltr'><strong>sed</strong></span> <span class='ocrx_word' id='word_1_415' title='bbox 1242 1363 1381 1390; x_wconf 84' lang='lat' dir='ltr'><strong>tristitiam</strong></span> <span class='ocrx_word' id='word_1_416' title='bbox 1397 1364 1440 1396; x_wconf 75' lang='grc' dir='ltr'><strong>θ⁸;</strong></span> <span class='ocrx_word' id='word_1_417' title='bbox 1465 1366 1492 1389; x_wconf 88' lang='lat' dir='ltr'><strong>et</strong></span> <span class='ocrx_word' id='word_1_418' title='bbox 1519 1362 1545 1388; x_wconf 90' lang='lat' dir='ltr'><strong>id</strong></span> <span class='ocrx_word' id='word_1_419' title='bbox 1562 1367 1614 1394; x_wconf 86' lang='lat' dir='ltr'><strong>est,</strong></span> <span class='ocrx_word' id='word_1_420' title='bbox 1632 1362 1704 1396; x_wconf 89' lang='lat' dir='ltr'><strong>quod</strong></span> 
     </span>
    </p>
   </div>
   <div class='ocr_carea' id='block_1_59' title="bbox 919 1406 1704 1446">
    <p class='ocr_par' dir='ltr' id='par_1_59' title="bbox 919 1406 1704 1446">
     <span class='ocr_line' id='line_1_59' title="bbox 919 1406 1704 1446; baseline -0.009 -8"><span class='ocrx_word' id='word_1_421' title='bbox 919 1418 966 1446; x_wconf 87' lang='lat' dir='ltr'><strong>per</strong></span> <span class='ocrx_word' id='word_1_422' title='bbox 982 1410 1117 1438; x_wconf 86' lang='lat' dir='ltr'><strong>exteriora</strong></span> <span class='ocrx_word' id='word_1_423' title='bbox 1133 1408 1205 1444; x_wconf 88' lang='lat' dir='ltr'><strong>pomi</strong></span> <span class='ocrx_word' id='word_1_424' title='bbox 1223 1407 1315 1442; x_wconf 82' lang='lat' dir='ltr'><strong>punici</strong></span> <span class='ocrx_word' id='word_1_425' title='bbox 1334 1407 1475 1441; x_wconf 77' lang='lat' dir='ltr'><strong>ﬁguratur.</strong></span> <span class='ocrx_word' id='word_1_426' title='bbox 1503 1406 1568 1434; x_wconf 80' lang='lat' dir='ltr'><strong>Post</strong></span> <span class='ocrx_word' id='word_1_427' title='bbox 1584 1407 1640 1433; x_wconf 67' lang='lat' dir='ltr'><strong>haec</strong></span> <span class='ocrx_word' id='word_1_428' title='bbox 1655 1413 1704 1432; x_wconf 88' lang='lat' dir='ltr'><strong>an-</strong></span> 
     </span>
    </p>
   </div>
   <div class='ocr_carea' id='block_1_60' title="bbox 920 1451 1706 1488">
    <p class='ocr_par' dir='ltr' id='par_1_60' title="bbox 920 1451 1706 1488">
     <span class='ocr_line' id='line_1_60' title="bbox 920 1451 1706 1488; baseline -0.008 -5"><span class='ocrx_word' id='word_1_429' title='bbox 920 1460 972 1483; x_wconf 93' lang='lat' dir='ltr'><strong>tem</strong></span> <span class='ocrx_word' id='word_1_430' title='bbox 988 1455 1105 1482; x_wconf 80' lang='lat' dir='ltr'><strong>trucunn</strong></span> <span class='ocrx_word' id='word_1_431' title='bbox 1115 1453 1256 1488; x_wconf 81' lang='lat' dir='ltr'><strong>paciﬁcum</strong></span> <span class='ocrx_word' id='word_1_432' title='bbox 1270 1452 1369 1485; x_wconf 80' lang='lat' dir='ltr'><strong>reddit,</strong></span> <span class='ocrx_word' id='word_1_433' title='bbox 1386 1455 1412 1479; x_wconf 84' lang='lat' dir='ltr'><strong>et</strong></span> <span class='ocrx_word' id='word_1_434' title='bbox 1439 1452 1464 1478; x_wconf 92' lang='lat' dir='ltr'><strong>id</strong></span> <span class='ocrx_word' id='word_1_435' title='bbox 1480 1456 1520 1478; x_wconf 91' lang='lat' dir='ltr'><strong>est</strong></span> <span class='ocrx_word' id='word_1_436' title='bbox 1534 1451 1649 1479; x_wconf 90' lang='lat' dir='ltr'><strong>dulcedo</strong></span> <span class='ocrx_word' id='word_1_437' title='bbox 1663 1451 1706 1477; x_wconf 93' lang='lat' dir='ltr'><strong>in-</strong></span> 
     </span>
    </p>
   </div>
   <div class='ocr_carea' id='block_1_61' title="bbox 81 1495 867 1534">
    <p class='ocr_par' dir='ltr' id='par_1_61' title="bbox 81 1495 867 1531">
     <span class='ocr_line' id='line_1_61' title="bbox 81 1495 867 1531; baseline 0.003 -10"><span class='ocrx_word' id='word_1_438' title='bbox 81 1495 186 1531; x_wconf 74' lang='grc' dir='ltr'>καρπὸν</span> <span class='ocrx_word' id='word_1_439' title='bbox 211 1495 347 1531; x_wconf 73' lang='grc' dir='ltr'>εἰρηνικὸν</span> <span class='ocrx_word' id='word_1_440' title='bbox 363 1495 518 1522; x_wconf 76' lang='grc' dir='ltr'>ἀποδίδωσι.</span> <span class='ocrx_word' id='word_1_441' title='bbox 541 1495 627 1522; x_wconf 82' lang='grc' dir='ltr'>Τοῦτο</span> <span class='ocrx_word' id='word_1_442' title='bbox 650 1497 667 1531; x_wconf 89' lang='grc' dir='ltr'><strong>ή</strong></span> <span class='ocrx_word' id='word_1_443' title='bbox 688 1496 740 1524; x_wconf 89' lang='grc' dir='ltr'><strong>τῶν</strong></span> <span class='ocrx_word' id='word_1_444' title='bbox 764 1497 867 1523; x_wconf 74' lang='grc' dir='ltr'>ἔνδοθεν</span> 
     </span>
    </p>
   </div>
   <div class='ocr_carea' id='block_1_62' title="bbox 919 1495 1705 1534">
    <p class='ocr_par' dir='ltr' id='par_1_62' title="bbox 921 1496 1705 1534">
     <span class='ocr_line' id='line_1_62' title="bbox 921 1496 1705 1534; baseline -0.006 -7"><span class='ocrx_word' id='word_1_445' title='bbox 921 1502 1004 1528; x_wconf 86' lang='lat' dir='ltr'><strong>terior</strong></span> <span class='ocrx_word' id='word_1_446' title='bbox 1021 1508 1052 1526; x_wconf 90' lang='lat' dir='ltr'><strong>ac</strong></span> <span class='ocrx_word' id='word_1_447' title='bbox 1069 1498 1253 1534; x_wconf 83' lang='lat' dir='ltr'><strong>pulchritudo.</strong></span> <span class='ocrx_word' id='word_1_448' title='bbox 1281 1497 1356 1524; x_wconf 87' lang='lat' dir='ltr'><strong>Hanc</strong></span> <span class='ocrx_word' id='word_1_449' title='bbox 1380 1501 1483 1524; x_wconf 68' lang='lat' dir='ltr'><strong>vestem</strong></span> <span class='ocrx_word' id='word_1_450' title='bbox 1505 1496 1705 1531; x_wconf 81' lang='lat' dir='ltr'><strong>cossymbotam</strong></span> 
     </span>
    </p>
   </div>
   <div class='ocr_carea' id='block_1_63' title="bbox 81 1540 867 1576">
    <p class='ocr_par' dir='ltr' id='par_1_63' title="bbox 81 1540 867 1576">
     <span class='ocr_line' id='line_1_63' title="bbox 81 1540 867 1576; baseline 0.001 -9"><span class='ocrx_word' id='word_1_451' title='bbox 81 1541 218 1576; x_wconf 74' lang='grc' dir='ltr'>ἐδωδίμων</span> <span class='ocrx_word' id='word_1_452' title='bbox 239 1540 385 1576; x_wconf 87' lang='grc' dir='ltr'>γλυκύτης.</span> <span class='ocrx_word' id='word_1_453' title='bbox 399 1541 451 1567; x_wconf 80' lang='grc' dir='ltr'><strong>Τὸν</strong></span> <span class='ocrx_word' id='word_1_454' title='bbox 473 1541 502 1567; x_wconf 75' lang='grc' dir='ltr'>δὲ</span> <span class='ocrx_word' id='word_1_455' title='bbox 525 1541 625 1576; x_wconf 86' lang='grc' dir='ltr'>χιτῶνα</span> <span class='ocrx_word' id='word_1_456' title='bbox 645 1541 737 1568; x_wconf 79' lang='grc' dir='ltr'>τοῦτον</span> <span class='ocrx_word' id='word_1_457' title='bbox 756 1542 803 1569; x_wconf 69' lang='grc' dir='ltr'><strong>καὶ</strong></span> <span class='ocrx_word' id='word_1_458' title='bbox 823 1551 867 1568; x_wconf 90' lang='grc' dir='ltr'>κο-</span> 
     </span>
    </p>
   </div>
   <div class='ocr_carea' id='block_1_64' title="bbox 82 1584 868 1623">
    <p class='ocr_par' dir='ltr' id='par_1_64' title="bbox 82 1584 868 1623">
     <span class='ocr_line' id='line_1_64' title="bbox 82 1584 868 1623; baseline 0.004 -12"><span class='ocrx_word' id='word_1_459' title='bbox 82 1586 225 1621; x_wconf 76' lang='grc' dir='ltr'>συμϐωτδν</span> <span class='ocrx_word' id='word_1_460' title='bbox 247 1584 316 1614; x_wconf 78' lang='grc' dir='ltr'>εἶναι</span> <span class='ocrx_word' id='word_1_461' title='bbox 336 1588 350 1613; x_wconf 87' lang='grc' dir='ltr'>ὁ</span> <span class='ocrx_word' id='word_1_462' title='bbox 365 1587 444 1620; x_wconf 85' lang='grc' dir='ltr'>λόγος</span> <span class='ocrx_word' id='word_1_463' title='bbox 464 1587 657 1614; x_wconf 82' lang='grc' dir='ltr'>διακελεύεται.</span> <span class='ocrx_word' id='word_1_464' title='bbox 682 1588 820 1623; x_wconf 77' lang='grc' dir='ltr'>Κόσυμὸοι</span> <span class='ocrx_word' id='word_1_465' title='bbox 840 1589 868 1615; x_wconf 81' lang='grc' dir='ltr'><strong>δέ</strong></span> 
     </span>
    </p>
   </div>
   <div class='ocr_carea' id='block_1_65' title="bbox 81 1631 867 1669">
    <p class='ocr_par' dir='ltr' id='par_1_65' title="bbox 81 1631 867 1669">
     <span class='ocr_line' id='line_1_65' title="bbox 81 1631 867 1669; baseline 0.003 -11"><span class='ocrx_word' id='word_1_466' title='bbox 81 1633 145 1664; x_wconf 79' lang='grc' dir='ltr'>εἰσι,</span> <span class='ocrx_word' id='word_1_467' title='bbox 160 1631 195 1658; x_wconf 83' lang='grc' dir='ltr'><strong>τὰ</strong></span> <span class='ocrx_word' id='word_1_468' title='bbox 207 1631 259 1664; x_wconf 78' lang='grc' dir='ltr'><strong>ἔξω</strong></span> <span class='ocrx_word' id='word_1_469' title='bbox 272 1632 322 1668; x_wconf 85' lang='grc' dir='ltr'>τῆς</span> <span class='ocrx_word' id='word_1_470' title='bbox 340 1633 445 1668; x_wconf 79' lang='grc' dir='ltr'>χρείας,</span> <span class='ocrx_word' id='word_1_471' title='bbox 462 1633 565 1668; x_wconf 80' lang='grc' dir='ltr'>κόσμου</span> <span class='ocrx_word' id='word_1_472' title='bbox 581 1633 671 1669; x_wconf 84' lang='grc' dir='ltr'>χάριν,</span> <span class='ocrx_word' id='word_1_473' title='bbox 687 1634 867 1669; x_wconf 81' lang='grc' dir='ltr'>ἀπηρτημένα</span> 
     </span>
    </p>
   </div>
   <div class='ocr_carea' id='block_1_66' title="bbox 83 1677 866 1713">
    <p class='ocr_par' dir='ltr' id='par_1_66' title="bbox 83 1677 866 1713">
     <span class='ocr_line' id='line_1_66' title="bbox 83 1677 866 1713; baseline 0.003 -10"><span class='ocrx_word' id='word_1_474' title='bbox 83 1677 240 1713; x_wconf 72' lang='grc' dir='ltr'>σφαιροειδῆ</span> <span class='ocrx_word' id='word_1_475' title='bbox 251 1678 360 1713; x_wconf 81' lang='grc' dir='ltr'>ἁπαρτή</span> <span class='ocrx_word' id='word_1_476' title='bbox 365 1686 447 1713; x_wconf 87' lang='grc' dir='ltr'>ματα.</span> <span class='ocrx_word' id='word_1_477' title='bbox 463 1678 645 1713; x_wconf 84' lang='grc' dir='ltr'>Μανθάνομεν</span> <span class='ocrx_word' id='word_1_478' title='bbox 655 1679 684 1706; x_wconf 85' lang='grc' dir='ltr'>δὲ</span> <span class='ocrx_word' id='word_1_479' title='bbox 694 1679 737 1705; x_wconf 87' lang='grc' dir='ltr'><strong>διὰ</strong></span> <span class='ocrx_word' id='word_1_480' title='bbox 748 1679 849 1705; x_wconf 77' lang='grc' dir='ltr'>τούτων</span> <span class='ocrx_word' id='word_1_481' title='bbox 859 1687 866 1694; x_wconf 87' lang='lat'><strong><em>°</em></strong></span> 
     </span>
    </p>
   </div>
   <div class='ocr_carea' id='block_1_67' title="bbox 81 1723 866 1759">
    <p class='ocr_par' dir='ltr' id='par_1_67' title="bbox 81 1723 866 1759">
     <span class='ocr_line' id='line_1_67' title="bbox 81 1723 866 1759; baseline 0.003 -11"><span class='ocrx_word' id='word_1_482' title='bbox 81 1723 113 1749; x_wconf 81' lang='grc' dir='ltr'>τὸ</span> <span class='ocrx_word' id='word_1_483' title='bbox 125 1723 179 1750; x_wconf 83' lang='grc' dir='ltr'>δεῖν</span> <span class='ocrx_word' id='word_1_484' title='bbox 200 1723 237 1758; x_wconf 82' lang='grc' dir='ltr'><strong>μὴ</strong></span> <span class='ocrx_word' id='word_1_485' title='bbox 257 1724 289 1758; x_wconf 79' lang='grc' dir='ltr'>τῇ</span> <span class='ocrx_word' id='word_1_486' title='bbox 313 1723 405 1758; x_wconf 76' lang='grc' dir='ltr'>ἐντολῇ</span> <span class='ocrx_word' id='word_1_487' title='bbox 422 1723 502 1758; x_wconf 76' lang='grc' dir='ltr'>μόνον</span> <span class='ocrx_word' id='word_1_488' title='bbox 515 1723 564 1759; x_wconf 87' lang='grc' dir='ltr'><strong>τὴν</strong></span> <span class='ocrx_word' id='word_1_489' title='bbox 584 1724 685 1759; x_wconf 84' lang='grc' dir='ltr'>ἀρετὴν</span> <span class='ocrx_word' id='word_1_490' title='bbox 702 1724 866 1759; x_wconf 77' lang='grc' dir='ltr'>μετρεῖσθαι,</span> 
     </span>
    </p>
   </div>
   <div class='ocr_carea' id='block_1_68' title="bbox 82 1768 869 1805">
    <p class='ocr_par' dir='ltr' id='par_1_68' title="bbox 82 1768 869 1805">
     <span class='ocr_line' id='line_1_68' title="bbox 82 1768 869 1805; baseline 0 -9"><span class='ocrx_word' id='word_1_491' title='bbox 82 1770 151 1797; x_wconf 82' lang='grc' dir='ltr'><strong>ἀλλά</strong></span> <span class='ocrx_word' id='word_1_492' title='bbox 163 1778 188 1795; x_wconf 91' lang='grc' dir='ltr'><strong>τι</strong></span> <span class='ocrx_word' id='word_1_493' title='bbox 201 1769 247 1796; x_wconf 66' lang='grc' dir='ltr'><strong>καὶ¹</strong></span> <span class='ocrx_word' id='word_1_494' title='bbox 258 1770 322 1805; x_wconf 79' lang='grc' dir='ltr'>παρ’</span> <span class='ocrx_word' id='word_1_495' title='bbox 340 1768 415 1803; x_wconf 82' lang='grc' dir='ltr'>ἡμῶν</span> <span class='ocrx_word' id='word_1_496' title='bbox 431 1769 634 1805; x_wconf 82' lang='grc' dir='ltr'>ὲξευρίσκεσθαι</span> <span class='ocrx_word' id='word_1_497' title='bbox 649 1770 692 1796; x_wconf 81' lang='grc' dir='ltr'><strong>διὰ</strong></span> <span class='ocrx_word' id='word_1_498' title='bbox 706 1770 759 1796; x_wconf 87' lang='grc' dir='ltr'><strong>τῶν</strong></span> <span class='ocrx_word' id='word_1_499' title='bbox 772 1769 869 1802; x_wconf 76' lang='grc' dir='ltr'>ἔξωθεν</span> 
     </span>
    </p>
   </div>
   <div class='ocr_carea' id='block_1_69' title="bbox 82 1814 868 1850">
    <p class='ocr_par' dir='ltr' id='par_1_69' title="bbox 82 1814 868 1850">
     <span class='ocr_line' id='line_1_69' title="bbox 82 1814 868 1850; baseline -0.003 -8"><span class='ocrx_word' id='word_1_500' title='bbox 82 1815 349 1849; x_wconf 86' lang='grc' dir='ltr'>παρεπινοουμένων.</span> <span class='ocrx_word' id='word_1_501' title='bbox 372 1815 415 1846; x_wconf 88' lang='grc' dir='ltr'>Ὠς</span> <span class='ocrx_word' id='word_1_502' title='bbox 429 1814 462 1841; x_wconf 83' lang='grc' dir='ltr'><strong>ἂν</strong></span> <span class='ocrx_word' id='word_1_503' title='bbox 477 1815 620 1850; x_wconf 83' lang='grc' dir='ltr'>προσθήκη</span> <span class='ocrx_word' id='word_1_504' title='bbox 635 1823 676 1846; x_wconf 90' lang='grc' dir='ltr'><strong>τις</strong></span> <span class='ocrx_word' id='word_1_505' title='bbox 699 1815 745 1842; x_wconf 84' lang='grc' dir='ltr'><strong>τοῦ</strong></span> <span class='ocrx_word' id='word_1_506' title='bbox 765 1815 868 1850; x_wconf 81' lang='grc' dir='ltr'>κόσμου</span> 
     </span>
    </p>
   </div>
   <div class='ocr_carea' id='block_1_70' title="bbox 83 1858 869 1896">
    <p class='ocr_par' dir='ltr' id='par_1_70' title="bbox 83 1858 869 1896">
     <span class='ocr_line' id='line_1_70' title="bbox 83 1858 869 1896; baseline -0.001 -9"><span class='ocrx_word' id='word_1_507' title='bbox 83 1861 187 1894; x_wconf 85' lang='grc' dir='ltr'>γένοιτο</span> <span class='ocrx_word' id='word_1_508' title='bbox 201 1859 239 1894; x_wconf 80' lang='grc' dir='ltr'><strong>τῷ</strong></span> <span class='ocrx_word' id='word_1_509' title='bbox 258 1860 395 1895; x_wconf 82' lang='grc' dir='ltr'>ὲνδύματι,</span> <span class='ocrx_word' id='word_1_510' title='bbox 410 1858 466 1892; x_wconf 73' lang='grc' dir='ltr'>οἷος</span> <span class='ocrx_word' id='word_1_511' title='bbox 484 1861 496 1887; x_wconf 75' lang='grc' dir='ltr'><strong>ὁ</strong></span> <span class='ocrx_word' id='word_1_512' title='bbox 509 1861 615 1892; x_wconf 86' lang='grc' dir='ltr'>Παῦλος</span> <span class='ocrx_word' id='word_1_513' title='bbox 636 1859 679 1896; x_wconf 80' lang='grc' dir='ltr'>ἦν,</span> <span class='ocrx_word' id='word_1_514' title='bbox 693 1861 756 1892; x_wconf 83' lang='grc' dir='ltr'>τοὺς</span> <span class='ocrx_word' id='word_1_515' title='bbox 771 1860 869 1892; x_wconf 80' lang='grc' dir='ltr'>καλοὺς</span> 
     </span>
    </p>
   </div>
   <div class='ocr_carea' id='block_1_71' title="bbox 83 1904 867 1940">
    <p class='ocr_par' dir='ltr' id='par_1_71' title="bbox 83 1904 867 1940">
     <span class='ocr_line' id='line_1_71' title="bbox 83 1904 867 1940; baseline -0.001 -8"><span class='ocrx_word' id='word_1_516' title='bbox 83 1906 150 1940; x_wconf 80' lang='grc' dir='ltr'>παρ’</span> <span class='ocrx_word' id='word_1_517' title='bbox 169 1904 265 1931; x_wconf 80' lang='grc' dir='ltr'>ἑαυτοῦ</span> <span class='ocrx_word' id='word_1_518' title='bbox 290 1904 442 1940; x_wconf 80' lang='grc' dir='ltr'>κοσύμόους</span> <span class='ocrx_word' id='word_1_519' title='bbox 467 1906 527 1937; x_wconf 84' lang='grc' dir='ltr'>ταῖς</span> <span class='ocrx_word' id='word_1_520' title='bbox 552 1905 672 1937; x_wconf 72' lang='grc' dir='ltr'>ἐντολαῖς</span> <span class='ocrx_word' id='word_1_521' title='bbox 696 1905 867 1940; x_wconf 80' lang='grc' dir='ltr'>συμπλέκων.</span> 
     </span>
    </p>
   </div>
   <div class='ocr_carea' id='block_1_72' title="bbox 82 1949 869 1986">
    <p class='ocr_par' dir='ltr' id='par_1_72' title="bbox 82 1949 869 1986">
     <span class='ocr_line' id='line_1_72' title="bbox 82 1949 869 1986; baseline -0.001 -8"><span class='ocrx_word' id='word_1_522' title='bbox 82 1951 138 1978; x_wconf 84' lang='grc' dir='ltr'>Τοῦ</span> <span class='ocrx_word' id='word_1_523' title='bbox 163 1951 217 1986; x_wconf 75' lang='grc' dir='ltr'><strong>γὰρ</strong></span> <span class='ocrx_word' id='word_1_524' title='bbox 239 1950 322 1981; x_wconf 87' lang='grc' dir='ltr'>νόιιου</span> <span class='ocrx_word' id='word_1_525' title='bbox 350 1949 505 1982; x_wconf 86' lang='grc' dir='ltr'>κελεύοντος</span> <span class='ocrx_word' id='word_1_526' title='bbox 536 1951 598 1982; x_wconf 87' lang='grc' dir='ltr'>τοὺς</span> <span class='ocrx_word' id='word_1_527' title='bbox 626 1951 664 1985; x_wconf 86' lang='grc' dir='ltr'>τῷ</span> <span class='ocrx_word' id='word_1_528' title='bbox 686 1951 869 1986; x_wconf 70' lang='grc' dir='ltr'>θυσιαστηρίῳ</span> 
     </span>
    </p>
   </div>
   <div class='ocr_carea' id='block_1_73' title="bbox 84 1995 870 2033">
    <p class='ocr_par' dir='ltr' id='par_1_73' title="bbox 84 1995 870 2033">
     <span class='ocr_line' id='line_1_73' title="bbox 84 1995 870 2033; baseline -0.001 -10"><span class='ocrx_word' id='word_1_529' title='bbox 84 1995 325 2033; x_wconf 81' lang='grc' dir='ltr'>προσεδρεύοντας,</span> <span class='ocrx_word' id='word_1_530' title='bbox 334 1995 372 2030; x_wconf 86' lang='grc' dir='ltr'>τῷ</span> <span class='ocrx_word' id='word_1_531' title='bbox 381 1995 565 2030; x_wconf 83' lang='grc' dir='ltr'>θυσιαστηρίῳ</span> <span class='ocrx_word' id='word_1_532' title='bbox 578 1996 805 2031; x_wconf 80' lang='grc' dir='ltr'>συμμερίζεσθαι’</span> <span class='ocrx_word' id='word_1_533' title='bbox 824 1996 870 2023; x_wconf 75' lang='grc' dir='ltr'><strong>καὶ</strong></span> 
     </span>
    </p>
   </div>
   <div class='ocr_carea' id='block_1_74' title="bbox 84 2040 870 2076">
    <p class='ocr_par' dir='ltr' id='par_1_74' title="bbox 84 2040 870 2076">
     <span class='ocr_line' id='line_1_74' title="bbox 84 2040 870 2076; baseline 0.001 -9"><span class='ocrx_word' id='word_1_534' title='bbox 84 2042 123 2076; x_wconf 86' lang='grc' dir='ltr'><strong>μὴ</strong></span> <span class='ocrx_word' id='word_1_535' title='bbox 144 2040 292 2072; x_wconf 79' lang='grc' dir='ltr'>κωλύοντος</span> <span class='ocrx_word' id='word_1_536' title='bbox 310 2040 426 2076; x_wconf 81' lang='grc' dir='ltr'>ἀδελφὴν</span> <span class='ocrx_word' id='word_1_537' title='bbox 445 2042 562 2074; x_wconf 83' lang='grc' dir='ltr'>γυναῖκα</span> <span class='ocrx_word' id='word_1_538' title='bbox 583 2041 735 2076; x_wconf 76' lang='grc' dir='ltr'>περιάγειν,</span> <span class='ocrx_word' id='word_1_539' title='bbox 749 2042 870 2073; x_wconf 71' lang='grc' dir='ltr'>καὶτοὺς</span> 
     </span>
    </p>
   </div>
   <div class='ocr_carea' id='block_1_75' title="bbox 83 2085 870 2122">
    <p class='ocr_par' dir='ltr' id='par_1_75' title="bbox 83 2085 870 2122">
     <span class='ocr_line' id='line_1_75' title="bbox 83 2085 870 2122; baseline 0 -9"><span class='ocrx_word' id='word_1_540' title='bbox 83 2087 114 2113; x_wconf 75' lang='grc' dir='ltr'><strong>τὸ</strong></span> <span class='ocrx_word' id='word_1_541' title='bbox 129 2086 294 2120; x_wconf 79' lang='grc' dir='ltr'>Εὑαγγέλιον</span> <span class='ocrx_word' id='word_1_542' title='bbox 317 2086 561 2120; x_wconf 82' lang='grc' dir='ltr'>καταγγέλλοντας,</span> <span class='ocrx_word' id='word_1_543' title='bbox 580 2086 683 2114; x_wconf 78' lang='grc' dir='ltr'>ἐκεῖθεν</span> <span class='ocrx_word' id='word_1_544' title='bbox 706 2086 772 2122; x_wconf 78' lang='grc' dir='ltr'><strong>ζῇν·</strong></span> <span class='ocrx_word' id='word_1_545' title='bbox 795 2085 870 2119; x_wconf 74' lang='grc' dir='ltr'>οὗτος</span> 
     </span>
    </p>
   </div>
   <div class='ocr_carea' id='block_1_76' title="bbox 83 2131 870 2167">
    <p class='ocr_par' dir='ltr' id='par_1_76' title="bbox 83 2131 870 2167">
     <span class='ocr_line' id='line_1_76' title="bbox 83 2131 870 2167; baseline 0 -8"><span class='ocrx_word' id='word_1_546' title='bbox 83 2131 220 2159; x_wconf 81' lang='grc' dir='ltr'>ἀδάπανον</span> <span class='ocrx_word' id='word_1_547' title='bbox 233 2133 348 2158; x_wconf 79' lang='grc' dir='ltr'>ποιεῖται</span> <span class='ocrx_word' id='word_1_548' title='bbox 367 2131 397 2157; x_wconf 87' lang='grc' dir='ltr'><strong>τὺ</strong></span> <span class='ocrx_word' id='word_1_549' title='bbox 416 2131 592 2166; x_wconf 83' lang='grc' dir='ltr'>Εὑαγγέλιον,</span> <span class='ocrx_word' id='word_1_550' title='bbox 608 2133 707 2158; x_wconf 82' lang='grc' dir='ltr'>πεινῶν</span> <span class='ocrx_word' id='word_1_551' title='bbox 727 2134 773 2159; x_wconf 75' lang='grc' dir='ltr'>καὶ</span> <span class='ocrx_word' id='word_1_552' title='bbox 787 2133 870 2167; x_wconf 62' lang='grc' dir='ltr'>διψῶν</span> 
     </span>
    </p>
   </div>
   <div class='ocr_carea' id='block_1_77' title="bbox 83 2169 910 2212">
    <p class='ocr_par' dir='ltr' id='par_1_77' title="bbox 83 2169 910 2212">
     <span class='ocr_line' id='line_1_77' title="bbox 83 2169 910 2212; baseline 0.001 -10"><span class='ocrx_word' id='word_1_553' title='bbox 83 2177 131 2202; x_wconf 78' lang='grc' dir='ltr'>καὶ</span> <span class='ocrx_word' id='word_1_554' title='bbox 151 2175 338 2211; x_wconf 81' lang='grc' dir='ltr'>γυμνητεύων.</span> <span class='ocrx_word' id='word_1_555' title='bbox 363 2171 442 2203; x_wconf 76' lang='grc' dir='ltr'>Οὗτοι</span> <span class='ocrx_word' id='word_1_556' title='bbox 456 2177 525 2202; x_wconf 87' lang='grc' dir='ltr'>εἰσιν</span> <span class='ocrx_word' id='word_1_557' title='bbox 546 2177 572 2202; x_wconf 87' lang='grc' dir='ltr'>οἱ</span> <span class='ocrx_word' id='word_1_558' title='bbox 593 2176 670 2203; x_wconf 75' lang='grc' dir='ltr'>καλοὶ</span> <span class='ocrx_word' id='word_1_559' title='bbox 687 2177 829 2212; x_wconf 76' lang='grc' dir='ltr'>κόσυμὸοι,</span> <span class='ocrx_word' id='word_1_560' title='bbox 845 2178 870 2204; x_wconf 85' lang='lat' dir='ltr'><strong>ot</strong></span> <span class='ocrx_word' id='word_1_561' title='bbox 888 2169 910 2197; x_wconf 83' lang='lat' dir='ltr'><strong>D</strong></span> 
     </span>
    </p>
   </div>
   <div class='ocr_carea' id='block_1_78' title="bbox 82 2221 870 2258">
    <p class='ocr_par' dir='ltr' id='par_1_78' title="bbox 82 2221 870 2258">
     <span class='ocr_line' id='line_1_78' title="bbox 82 2221 870 2258; baseline 0 -9"><span class='ocrx_word' id='word_1_562' title='bbox 82 2223 130 2249; x_wconf 84' lang='grc' dir='ltr'>τὸν</span> <span class='ocrx_word' id='word_1_563' title='bbox 147 2222 248 2257; x_wconf 80' lang='grc' dir='ltr'>χιτῶνα</span> <span class='ocrx_word' id='word_1_564' title='bbox 267 2222 319 2248; x_wconf 83' lang='grc' dir='ltr'><strong>τῶν</strong></span> <span class='ocrx_word' id='word_1_565' title='bbox 340 2221 454 2248; x_wconf 74' lang='grc' dir='ltr'>ἐντολῶν</span> <span class='ocrx_word' id='word_1_566' title='bbox 468 2222 501 2256; x_wconf 80' lang='grc' dir='ltr'>τῇ</span> <span class='ocrx_word' id='word_1_567' title='bbox 520 2222 585 2256; x_wconf 85' lang='grc' dir='ltr'>παρ’</span> <span class='ocrx_word' id='word_1_568' title='bbox 607 2221 709 2249; x_wconf 82' lang='grc' dir='ltr'>ἑαυτῶν</span> <span class='ocrx_word' id='word_1_569' title='bbox 728 2223 870 2258; x_wconf 82' lang='grc' dir='ltr'>προσθήκῃ</span> 
     </span>
    </p>
   </div>
   <div class='ocr_carea' id='block_1_79' title="bbox 83 2266 871 2304">
    <p class='ocr_par' dir='ltr' id='par_1_79' title="bbox 83 2266 871 2304">
     <span class='ocr_line' id='line_1_79' title="bbox 83 2266 871 2304; baseline -0.001 -8"><span class='ocrx_word' id='word_1_570' title='bbox 83 2268 330 2304; x_wconf 76' lang='grc' dir='ltr'>κατακοσμοῦντες.</span> <span class='ocrx_word' id='word_1_571' title='bbox 352 2266 417 2294; x_wconf 79' lang='grc' dir='ltr'>Εῐτα</span> <span class='ocrx_word' id='word_1_572' title='bbox 432 2267 479 2294; x_wconf 82' lang='grc' dir='ltr'><strong>δύο</strong></span> <span class='ocrx_word' id='word_1_573' title='bbox 492 2267 590 2294; x_wconf 83' lang='grc' dir='ltr'>πέπλοι</span> <span class='ocrx_word' id='word_1_574' title='bbox 603 2268 705 2295; x_wconf 78' lang='grc' dir='ltr'>ἄνωθεν</span> <span class='ocrx_word' id='word_1_575' title='bbox 715 2269 871 2295; x_wconf 76' lang='grc' dir='ltr'>ἐπιϐάλλον-</span> 
     </span>
    </p>
   </div>
   <div class='ocr_carea' id='block_1_80' title="bbox 82 2312 871 2349">
    <p class='ocr_par' dir='ltr' id='par_1_80' title="bbox 82 2312 871 2349">
     <span class='ocr_line' id='line_1_80' title="bbox 82 2312 871 2349; baseline 0 -9"><span class='ocrx_word' id='word_1_576' title='bbox 82 2323 130 2341; x_wconf 85' lang='grc' dir='ltr'><strong>ται</strong></span> <span class='ocrx_word' id='word_1_577' title='bbox 142 2314 181 2349; x_wconf 88' lang='grc' dir='ltr'>τῷ</span> <span class='ocrx_word' id='word_1_578' title='bbox 196 2314 306 2349; x_wconf 85' lang='grc' dir='ltr'>ποδήρει</span> <span class='ocrx_word' id='word_1_579' title='bbox 322 2315 353 2340; x_wconf 81' lang='grc' dir='ltr'>ἐκ</span> <span class='ocrx_word' id='word_1_580' title='bbox 373 2313 426 2339; x_wconf 89' lang='grc' dir='ltr'><strong>τῶν</strong></span> <span class='ocrx_word' id='word_1_581' title='bbox 444 2312 527 2348; x_wconf 79' lang='grc' dir='ltr'>ὤμων</span> <span class='ocrx_word' id='word_1_582' title='bbox 544 2313 623 2348; x_wconf 80' lang='grc' dir='ltr'>μέχρι</span> <span class='ocrx_word' id='word_1_583' title='bbox 638 2313 683 2340; x_wconf 83' lang='grc' dir='ltr'><strong>τοῦ</strong></span> <span class='ocrx_word' id='word_1_584' title='bbox 700 2314 813 2349; x_wconf 84' lang='grc' dir='ltr'>στήθους</span> <span class='ocrx_word' id='word_1_585' title='bbox 826 2314 871 2341; x_wconf 77' lang='grc' dir='ltr'>καὶ</span> 
     </span>
    </p>
   </div>
   <div class='ocr_carea' id='block_1_81' title="bbox 83 2357 871 2393">
    <p class='ocr_par' dir='ltr' id='par_1_81' title="bbox 83 2357 871 2393">
     <span class='ocr_line' id='line_1_81' title="bbox 83 2357 871 2393; baseline 0.003 -9"><span class='ocrx_word' id='word_1_586' title='bbox 83 2358 138 2384; x_wconf 86' lang='grc' dir='ltr'><strong>τῶν</strong></span> <span class='ocrx_word' id='word_1_587' title='bbox 156 2358 331 2393; x_wconf 84' lang='grc' dir='ltr'>μεταφρένων</span> <span class='ocrx_word' id='word_1_588' title='bbox 344 2357 519 2392; x_wconf 85' lang='grc' dir='ltr'>καθήκοντες,</span> <span class='ocrx_word' id='word_1_589' title='bbox 534 2357 580 2384; x_wconf 85' lang='grc' dir='ltr'>δύο</span> <span class='ocrx_word' id='word_1_590' title='bbox 593 2357 711 2393; x_wconf 84' lang='grc' dir='ltr'>πόρπαις</span> <span class='ocrx_word' id='word_1_591' title='bbox 733 2359 793 2385; x_wconf 84' lang='grc' dir='ltr'>καθ’</span> <span class='ocrx_word' id='word_1_592' title='bbox 808 2359 871 2386; x_wconf 81' lang='grc' dir='ltr'><strong>ἐκά-</strong></span> 
     </span>
    </p>
   </div>
   <div class='ocr_carea' id='block_1_82' title="bbox 83 2400 870 2438">
    <p class='ocr_par' dir='ltr' id='par_1_82' title="bbox 83 2400 870 2438">
     <span class='ocr_line' id='line_1_82' title="bbox 83 2400 870 2438; baseline 0.001 -9"><span class='ocrx_word' id='word_1_593' title='bbox 83 2411 164 2438; x_wconf 81' lang='grc' dir='ltr'>τερον</span> <span class='ocrx_word' id='word_1_594' title='bbox 183 2400 257 2437; x_wconf 82' lang='grc' dir='ltr'>ὦμον</span> <span class='ocrx_word' id='word_1_595' title='bbox 276 2402 400 2437; x_wconf 79' lang='grc' dir='ltr'>ἀλλήλοις</span> <span class='ocrx_word' id='word_1_596' title='bbox 424 2403 572 2437; x_wconf 77' lang='grc' dir='ltr'>ὲνοὺμενοι.</span> <span class='ocrx_word' id='word_1_597' title='bbox 590 2403 622 2429; x_wconf 82' lang='lat' dir='ltr'><strong>At</strong></span> <span class='ocrx_word' id='word_1_598' title='bbox 638 2403 665 2429; x_wconf 78' lang='grc' dir='ltr'>δὲ</span> <span class='ocrx_word' id='word_1_599' title='bbox 681 2403 783 2438; x_wconf 72' lang='grc' dir='ltr'>πόρπαι</span> <span class='ocrx_word' id='word_1_600' title='bbox 803 2404 870 2430; x_wconf 80' lang='grc' dir='ltr'>λίθοι</span> 
     </span>
    </p>
   </div>
   <div class='ocr_carea' id='block_1_83' title="bbox 84 2447 872 2484">
    <p class='ocr_par' dir='ltr' id='par_1_83' title="bbox 84 2447 872 2484">
     <span class='ocr_line' id='line_1_83' title="bbox 84 2447 872 2484; baseline 0.001 -10"><span class='ocrx_word' id='word_1_601' title='bbox 84 2448 139 2474; x_wconf 75' lang='grc' dir='ltr'>εἰσὶ</span> <span class='ocrx_word' id='word_1_602' title='bbox 159 2448 194 2474; x_wconf 79' lang='grc' dir='ltr'>τὰ</span> <span class='ocrx_word' id='word_1_603' title='bbox 212 2447 266 2473; x_wconf 87' lang='grc' dir='ltr'><strong>τῶν</strong></span> <span class='ocrx_word' id='word_1_604' title='bbox 287 2447 462 2484; x_wconf 84' lang='grc' dir='ltr'>πατριαρχῶν</span> <span class='ocrx_word' id='word_1_605' title='bbox 481 2447 600 2482; x_wconf 79' lang='grc' dir='ltr'>ὀνόματα</span> <span class='ocrx_word' id='word_1_606' title='bbox 612 2447 642 2479; x_wconf 76' lang='grc' dir='ltr'><strong>ἓξ</strong></span> <span class='ocrx_word' id='word_1_607' title='bbox 661 2447 720 2474; x_wconf 87' lang='grc' dir='ltr'>καθ’</span> <span class='ocrx_word' id='word_1_608' title='bbox 743 2449 872 2483; x_wconf 77' lang='grc' dir='ltr'>ἑκάτερον</span> 
     </span>
    </p>
   </div>
   <div class='ocr_carea' id='block_1_84' title="bbox 86 2493 873 2528">
    <p class='ocr_par' dir='ltr' id='par_1_84' title="bbox 86 2493 873 2528">
     <span class='ocr_line' id='line_1_84' title="bbox 86 2493 873 2528; baseline 0.003 -9"><span class='ocrx_word' id='word_1_609' title='bbox 86 2494 115 2519; x_wconf 79' lang='grc' dir='ltr'>ὲν</span> <span class='ocrx_word' id='word_1_610' title='bbox 133 2494 189 2525; x_wconf 86' lang='grc' dir='ltr'>τοῖς</span> <span class='ocrx_word' id='word_1_611' title='bbox 209 2493 367 2528; x_wconf 79' lang='grc' dir='ltr'>χαράγμασι</span> <span class='ocrx_word' id='word_1_612' title='bbox 387 2493 524 2526; x_wconf 79' lang='grc' dir='ltr'>φέρουσαι.</span> <span class='ocrx_word' id='word_1_613' title='bbox 551 2493 663 2527; x_wconf 86' lang='grc' dir='ltr'>Ποικίλη</span> <span class='ocrx_word' id='word_1_614' title='bbox 689 2493 716 2519; x_wconf 84' lang='grc' dir='ltr'>δὲ</span> <span class='ocrx_word' id='word_1_615' title='bbox 741 2494 794 2519; x_wconf 88' lang='grc' dir='ltr'><strong>τῶν</strong></span> <span class='ocrx_word' id='word_1_616' title='bbox 817 2495 873 2521; x_wconf 81' lang='grc' dir='ltr'>πέ-</span> 
     </span>
    </p>
   </div>
   <div class='ocr_carea' id='block_1_85' title="bbox 86 2537 874 2573">
    <p class='ocr_par' dir='ltr' id='par_1_85' title="bbox 86 2537 874 2573">
     <span class='ocr_line' id='line_1_85' title="bbox 86 2537 874 2573; baseline -0.001 -10"><span class='ocrx_word' id='word_1_617' title='bbox 86 2539 161 2565; x_wconf 80' lang='grc' dir='ltr'>πλων</span> <span class='ocrx_word' id='word_1_618' title='bbox 177 2538 194 2572; x_wconf 87' lang='grc' dir='ltr'><strong>ή</strong></span> <span class='ocrx_word' id='word_1_619' title='bbox 212 2538 360 2573; x_wconf 81' lang='grc' dir='ltr'>ἱστουργία.</span> <span class='ocrx_word' id='word_1_620' title='bbox 385 2537 525 2566; x_wconf 74' lang='grc' dir='ltr'>Ὑάκινθος</span> <span class='ocrx_word' id='word_1_621' title='bbox 546 2538 594 2572; x_wconf 82' lang='grc' dir='ltr'>μὲν</span> <span class='ocrx_word' id='word_1_622' title='bbox 608 2537 738 2573; x_wconf 72' lang='grc' dir='ltr'>πορφύρῳ</span> <span class='ocrx_word' id='word_1_623' title='bbox 754 2540 874 2573; x_wconf 79' lang='grc' dir='ltr'>συμπλέ-</span> 
     </span>
    </p>
   </div>
   <div class='ocr_carea' id='block_1_86' title="bbox 86 2581 874 2618">
    <p class='ocr_par' dir='ltr' id='par_1_86' title="bbox 86 2581 874 2618">
     <span class='ocr_line' id='line_1_86' title="bbox 86 2581 874 2618; baseline 0 -9"><span class='ocrx_word' id='word_1_624' title='bbox 86 2591 175 2609; x_wconf 82' lang='grc' dir='ltr'>κεται.</span> <span class='ocrx_word' id='word_1_625' title='bbox 195 2582 230 2607; x_wconf 84' lang='grc' dir='ltr'>Τὺ</span> <span class='ocrx_word' id='word_1_626' title='bbox 246 2582 273 2608; x_wconf 80' lang='grc' dir='ltr'>δὲ</span> <span class='ocrx_word' id='word_1_627' title='bbox 289 2582 337 2617; x_wconf 78' lang='grc' dir='ltr'>τῆς</span> <span class='ocrx_word' id='word_1_628' title='bbox 355 2582 454 2608; x_wconf 80' lang='grc' dir='ltr'>κόκκου</span> <span class='ocrx_word' id='word_1_629' title='bbox 472 2581 597 2616; x_wconf 78' lang='grc' dir='ltr'>ἐρύθημα</span> <span class='ocrx_word' id='word_1_630' title='bbox 612 2583 644 2616; x_wconf 83' lang='grc' dir='ltr'>τῇ</span> <span class='ocrx_word' id='word_1_631' title='bbox 666 2582 756 2617; x_wconf 84' lang='grc' dir='ltr'>βύσσῳ</span> <span class='ocrx_word' id='word_1_632' title='bbox 780 2583 874 2618; x_wconf 81' lang='grc' dir='ltr'>μίγνυ-</span> 
     </span>
    </p>
   </div>
   <div class='ocr_carea' id='block_1_87' title="bbox 85 2627 874 2664">
    <p class='ocr_par' dir='ltr' id='par_1_87' title="bbox 85 2627 874 2664">
     <span class='ocr_line' id='line_1_87' title="bbox 85 2627 874 2664; baseline 0.001 -9"><span class='ocrx_word' id='word_1_633' title='bbox 85 2636 141 2655; x_wconf 70' lang='grc' dir='ltr'>ται.</span> <span class='ocrx_word' id='word_1_634' title='bbox 162 2628 232 2654; x_wconf 79' lang='grc' dir='ltr'>Πᾶσι</span> <span class='ocrx_word' id='word_1_635' title='bbox 249 2627 277 2653; x_wconf 78' lang='grc' dir='ltr'>δὲ</span> <span class='ocrx_word' id='word_1_636' title='bbox 294 2627 398 2659; x_wconf 77' lang='grc' dir='ltr'>τούτοις</span> <span class='ocrx_word' id='word_1_637' title='bbox 419 2627 466 2653; x_wconf 87' lang='grc' dir='ltr'><strong>τοῦ</strong></span> <span class='ocrx_word' id='word_1_638' title='bbox 491 2628 523 2653; x_wconf 82' lang='grc' dir='ltr'>ἐκ</span> <span class='ocrx_word' id='word_1_639' title='bbox 547 2627 657 2661; x_wconf 85' lang='grc' dir='ltr'>χρυσίου</span> <span class='ocrx_word' id='word_1_640' title='bbox 681 2629 752 2664; x_wconf 82' lang='grc' dir='ltr'>νῆμα</span> <span class='ocrx_word' id='word_1_641' title='bbox 774 2637 874 2663; x_wconf 80' lang='grc' dir='ltr'>συγκα-</span> 
     </span>
    </p>
   </div>
   <div class='ocr_carea' id='block_1_88' title="bbox 85 2671 874 2709">
    <p class='ocr_par' dir='ltr' id='par_1_88' title="bbox 85 2671 874 2709">
     <span class='ocr_line' id='line_1_88' title="bbox 85 2671 874 2709; baseline 0.003 -11"><span class='ocrx_word' id='word_1_642' title='bbox 85 2672 284 2706; x_wconf 78' lang='grc' dir='ltr'>τασπείρεται’</span> <span class='ocrx_word' id='word_1_643' title='bbox 314 2672 351 2702; x_wconf 82' lang='grc' dir='ltr'>ὡς</span> <span class='ocrx_word' id='word_1_644' title='bbox 378 2672 410 2697; x_wconf 84' lang='grc' dir='ltr'>ὲκ</span> <span class='ocrx_word' id='word_1_645' title='bbox 433 2672 482 2706; x_wconf 81' lang='grc' dir='ltr'>τῆς</span> <span class='ocrx_word' id='word_1_646' title='bbox 514 2671 669 2704; x_wconf 73' lang='grc' dir='ltr'>πολυειδοῦς</span> <span class='ocrx_word' id='word_1_647' title='bbox 696 2672 797 2708; x_wconf 80' lang='grc' dir='ltr'>ταύτης</span> <span class='ocrx_word' id='word_1_648' title='bbox 826 2674 874 2709; x_wconf 85' lang='grc' dir='ltr'>τῆς</span> 
     </span>
    </p>
   </div>
   <div class='ocr_carea' id='block_1_89' title="bbox 87 2716 875 2754">
    <p class='ocr_par' dir='ltr' id='par_1_89' title="bbox 87 2716 875 2754">
     <span class='ocr_line' id='line_1_89' title="bbox 87 2716 875 2754; baseline 0.004 -11"><span class='ocrx_word' id='word_1_649' title='bbox 87 2716 187 2751; x_wconf 78' lang='grc' dir='ltr'>βαφῆς,</span> <span class='ocrx_word' id='word_1_650' title='bbox 205 2717 269 2751; x_wconf 82' lang='grc' dir='ltr'>μίαν</span> <span class='ocrx_word' id='word_1_651' title='bbox 283 2717 343 2743; x_wconf 74' lang='grc' dir='ltr'>τινὰ</span> <span class='ocrx_word' id='word_1_652' title='bbox 361 2717 584 2752; x_wconf 75' lang='grc' dir='ltr'>συγκεκραμένην</span> <span class='ocrx_word' id='word_1_653' title='bbox 607 2717 680 2753; x_wconf 85' lang='grc' dir='ltr'>ὥραν</span> <span class='ocrx_word' id='word_1_654' title='bbox 695 2719 727 2745; x_wconf 81' lang='grc' dir='ltr'>ὲκ</span> <span class='ocrx_word' id='word_1_655' title='bbox 748 2719 794 2745; x_wconf 81' lang='grc' dir='ltr'><strong>τοῦ</strong></span> <span class='ocrx_word' id='word_1_656' title='bbox 807 2720 875 2754; x_wconf 67' lang='grc' dir='ltr'><strong>ὑφά-</strong></span> 
     </span>
    </p>
   </div>
   <div class='ocr_carea' id='block_1_90' title="bbox 125 2800 683 2838">
    <p class='ocr_par' dir='ltr' id='par_1_90' title="bbox 125 2800 683 2838">
     <span class='ocr_line' id='line_1_90' title="bbox 125 2800 683 2838; baseline 0.004 -9"><span class='ocrx_word' id='word_1_657' title='bbox 125 2800 148 2816; x_wconf 84' lang='grc'>⁶³</span> <span class='ocrx_word' id='word_1_658' title='bbox 167 2801 307 2831; x_wconf 80' lang='grc' dir='ltr'>ΙτὶιηοιΙι,</span> <span class='ocrx_word' id='word_1_659' title='bbox 324 2810 344 2838; x_wconf 85' lang='grc' dir='ltr'><strong>ι,</strong></span> <span class='ocrx_word' id='word_1_660' title='bbox 362 2804 406 2832; x_wconf 75' lang='grc'><strong>19.</strong></span> <span class='ocrx_word' id='word_1_661' title='bbox 438 2803 461 2820; x_wconf 74' lang='grc'><strong>⁵⁸</strong></span> <span class='ocrx_word' id='word_1_662' title='bbox 472 2802 555 2830; x_wconf 87' lang='lat' dir='ltr'><strong>Hebr.</strong></span> <span class='ocrx_word' id='word_1_663' title='bbox 575 2811 624 2836; x_wconf 74' lang='grc' dir='ltr'>ιιι,</span> <span class='ocrx_word' id='word_1_664' title='bbox 641 2804 683 2831; x_wconf 82' lang='lat' dir='ltr'><strong>tt.</strong></span> 
     </span>
    </p>
   </div>
   <div class='ocr_carea' id='block_1_91' title="bbox 920 1541 1706 1580">
    <p class='ocr_par' dir='ltr' id='par_1_91' title="bbox 920 1541 1706 1580">
     <span class='ocr_line' id='line_1_91' title="bbox 920 1541 1706 1580; baseline -0.006 -7"><span class='ocrx_word' id='word_1_665' title='bbox 920 1547 1001 1573; x_wconf 83' lang='lat' dir='ltr'><strong>etiam</strong></span> <span class='ocrx_word' id='word_1_666' title='bbox 1013 1545 1090 1580; x_wconf 84' lang='lat' dir='ltr'><strong>jubet</strong></span> <span class='ocrx_word' id='word_1_667' title='bbox 1104 1553 1176 1577; x_wconf 85' lang='lat' dir='ltr'><strong>esse,</strong></span> <span class='ocrx_word' id='word_1_668' title='bbox 1190 1548 1220 1571; x_wconf 88' lang='lat' dir='ltr'><strong>ut</strong></span> <span class='ocrx_word' id='word_1_669' title='bbox 1235 1551 1250 1570; x_wconf 87' lang='lat' dir='ltr'><strong>a</strong></span> <span class='ocrx_word' id='word_1_670' title='bbox 1276 1544 1354 1570; x_wconf 86' lang='lat' dir='ltr'><strong>nobis</strong></span> <span class='ocrx_word' id='word_1_671' title='bbox 1370 1550 1478 1578; x_wconf 91' lang='lat' dir='ltr'><strong>quoque</strong></span> <span class='ocrx_word' id='word_1_672' title='bbox 1507 1543 1574 1576; x_wconf 88' lang='lat' dir='ltr'><strong>ipsis</strong></span> <span class='ocrx_word' id='word_1_673' title='bbox 1604 1541 1706 1576; x_wconf 89' lang='lat' dir='ltr'><strong>aliquid</strong></span> 
     </span>
    </p>
   </div>
   <div class='ocr_carea' id='block_1_92' title="bbox 920 1587 1709 1618">
    <p class='ocr_par' dir='ltr' id='par_1_92' title="bbox 920 1587 1709 1618">
     <span class='ocr_line' id='line_1_92' title="bbox 920 1587 1709 1618; baseline -0.006 0"><span class='ocrx_word' id='word_1_674' title='bbox 920 1592 1036 1618; x_wconf 89' lang='lat' dir='ltr'><strong>ulterius</strong></span> <span class='ocrx_word' id='word_1_675' title='bbox 1051 1591 1083 1617; x_wconf 90' lang='lat' dir='ltr'><strong>ad</strong></span> <span class='ocrx_word' id='word_1_676' title='bbox 1102 1590 1213 1617; x_wconf 87' lang='lat' dir='ltr'><strong>virtutis</strong></span> <span class='ocrx_word' id='word_1_677' title='bbox 1237 1589 1434 1617; x_wconf 88' lang='lat' dir='ltr'><strong>incrementum</strong></span> <span class='ocrx_word' id='word_1_678' title='bbox 1451 1587 1609 1614; x_wconf 88' lang='lat' dir='ltr'><strong>adinvenire</strong></span> <span class='ocrx_word' id='word_1_679' title='bbox 1626 1595 1709 1614; x_wconf 85' lang='lat' dir='ltr'><strong>conc-</strong></span> 
     </span>
    </p>
   </div>
   <div class='ocr_carea' id='block_1_93' title="bbox 921 1632 1708 1670">
    <p class='ocr_par' dir='ltr' id='par_1_93' title="bbox 921 1632 1708 1670">
     <span class='ocr_line' id='line_1_93' title="bbox 921 1632 1708 1670; baseline -0.004 -7"><span class='ocrx_word' id='word_1_680' title='bbox 921 1644 991 1669; x_wconf 80' lang='lat' dir='ltr'><strong>mur,</strong></span> <span class='ocrx_word' id='word_1_681' title='bbox 1007 1643 1060 1670; x_wconf 88' lang='lat' dir='ltr'><strong>quo</strong></span> <span class='ocrx_word' id='word_1_682' title='bbox 1077 1635 1265 1662; x_wconf 87' lang='lat' dir='ltr'><strong>indumentum</strong></span> <span class='ocrx_word' id='word_1_683' title='bbox 1285 1635 1409 1662; x_wconf 83' lang='lat' dir='ltr'><strong>ornatius</strong></span> <span class='ocrx_word' id='word_1_684' title='bbox 1430 1633 1485 1664; x_wconf 73' lang='lat' dir='ltr'><strong>tiat,</strong></span> <span class='ocrx_word' id='word_1_685' title='bbox 1500 1633 1580 1661; x_wconf 79' lang='lat' dir='ltr'><strong>siculi</strong></span> <span class='ocrx_word' id='word_1_686' title='bbox 1607 1632 1708 1660; x_wconf 85' lang='lat' dir='ltr'><strong>Paulus</strong></span> 
     </span>
    </p>
   </div>
   <div class='ocr_carea' id='block_1_94' title="bbox 922 1678 1707 1714">
    <p class='ocr_par' dir='ltr' id='par_1_94' title="bbox 922 1678 1707 1714">
     <span class='ocr_line' id='line_1_94' title="bbox 922 1678 1707 1714; baseline -0.004 -7"><span class='ocrx_word' id='word_1_687' title='bbox 922 1681 1049 1712; x_wconf 79' lang='lat' dir='ltr'><strong>faciebat,</strong></span> <span class='ocrx_word' id='word_1_688' title='bbox 1061 1680 1106 1714; x_wconf 88' lang='lat' dir='ltr'><strong>qui</strong></span> <span class='ocrx_word' id='word_1_689' title='bbox 1124 1679 1316 1706; x_wconf 87' lang='lat' dir='ltr'><strong>ornatissimos</strong></span> <span class='ocrx_word' id='word_1_690' title='bbox 1332 1679 1358 1705; x_wconf 93' lang='lat' dir='ltr'><strong>in</strong></span> <span class='ocrx_word' id='word_1_691' title='bbox 1373 1679 1432 1706; x_wconf 86' lang='lat' dir='ltr'><strong>dies</strong></span> <span class='ocrx_word' id='word_1_692' title='bbox 1444 1678 1605 1713; x_wconf 75' lang='lat' dir='ltr'><strong>cossymbos</strong></span> <span class='ocrx_word' id='word_1_693' title='bbox 1613 1678 1707 1705; x_wconf 86' lang='lat' dir='ltr'><strong>virtuti</strong></span> 
     </span>
    </p>
   </div>
   <div class='ocr_carea' id='block_1_95' title="bbox 921 1723 1708 1758">
    <p class='ocr_par' dir='ltr' id='par_1_95' title="bbox 921 1723 1708 1758">
     <span class='ocr_line' id='line_1_95' title="bbox 921 1723 1708 1758; baseline -0.004 -6"><span class='ocrx_word' id='word_1_694' title='bbox 921 1724 1047 1752; x_wconf 84' lang='lat' dir='ltr'><strong>addebat.</strong></span> <span class='ocrx_word' id='word_1_695' title='bbox 1065 1724 1131 1751; x_wconf 83' lang='lat' dir='ltr'><strong>Nam</strong></span> <span class='ocrx_word' id='word_1_696' title='bbox 1149 1732 1211 1751; x_wconf 89' lang='lat' dir='ltr'><strong>cum</strong></span> <span class='ocrx_word' id='word_1_697' title='bbox 1227 1725 1269 1751; x_wconf 77' lang='lat' dir='ltr'><strong>lex</strong></span> <span class='ocrx_word' id='word_1_698' title='bbox 1285 1724 1424 1758; x_wconf 86' lang='lat' dir='ltr'><strong>permittat</strong></span> <span class='ocrx_word' id='word_1_699' title='bbox 1440 1723 1519 1749; x_wconf 86' lang='lat' dir='ltr'><strong>altari</strong></span> <span class='ocrx_word' id='word_1_700' title='bbox 1548 1723 1708 1750; x_wconf 89' lang='lat' dir='ltr'><strong>ministran-</strong></span> 
     </span>
    </p>
   </div>
   <div class='ocr_carea' id='block_1_96' title="bbox 921 1759 1709 1805">
    <p class='ocr_par' dir='ltr' id='par_1_96' title="bbox 921 1759 1709 1805">
     <span class='ocr_line' id='line_1_96' title="bbox 921 1759 1709 1805; baseline -0.003 -8"><span class='ocrx_word' id='word_1_701' title='bbox 921 1774 962 1798; x_wconf 84' lang='lat' dir='ltr'><strong>tes</strong></span> <span class='ocrx_word' id='word_1_702' title='bbox 973 1779 1004 1798; x_wconf 80' lang='lat' dir='ltr'><strong>ex</strong></span> <span class='ocrx_word' id='word_1_703' title='bbox 1020 1771 1109 1800; x_wconf 85' lang='lat' dir='ltr'><strong>altari.</strong></span> <span class='ocrx_word' id='word_1_704' title='bbox 1123 1775 1149 1797; x_wconf 88' lang='lat' dir='ltr'><strong>et</strong></span> <span class='ocrx_word' id='word_1_705' title='bbox 1164 1769 1302 1805; x_wconf 78' lang='lat' dir='ltr'><strong>Evangelii</strong></span> <span class='ocrx_word' id='word_1_706' title='bbox 1319 1770 1430 1796; x_wconf 85' lang='lat' dir='ltr'><strong>nuntios</strong></span> <span class='ocrx_word' id='word_1_707' title='bbox 1448 1774 1481 1794; x_wconf 72' lang='lat' dir='ltr'><strong>ex</strong></span> <span class='ocrx_word' id='word_1_708' title='bbox 1503 1759 1649 1803; x_wconf 74' lang='lat' dir='ltr'><strong>Evangelio</strong></span> <span class='ocrx_word' id='word_1_709' title='bbox 1669 1770 1709 1795; x_wconf 89' lang='lat' dir='ltr'><strong>vi-</strong></span> 
     </span>
    </p>
   </div>
   <div class='ocr_carea' id='block_1_97' title="bbox 921 1814 1709 1844">
    <p class='ocr_par' dir='ltr' id='par_1_97' title="bbox 921 1814 1709 1844">
     <span class='ocr_line' id='line_1_97' title="bbox 921 1814 1709 1844; baseline 0 -3"><span class='ocrx_word' id='word_1_710' title='bbox 921 1823 994 1844; x_wconf 84' lang='lat' dir='ltr'><strong>vere.</strong></span> <span class='ocrx_word' id='word_1_711' title='bbox 1031 1815 1075 1842; x_wconf 84' lang='lat' dir='ltr'><strong>ille</strong></span> <span class='ocrx_word' id='word_1_712' title='bbox 1097 1815 1156 1842; x_wconf 87' lang='lat' dir='ltr'><strong>sine</strong></span> <span class='ocrx_word' id='word_1_713' title='bbox 1186 1815 1235 1842; x_wconf 87' lang='lat' dir='ltr'><strong>hac</strong></span> <span class='ocrx_word' id='word_1_714' title='bbox 1251 1815 1284 1842; x_wconf 82' lang='lat' dir='ltr'><strong>ad</strong></span> <span class='ocrx_word' id='word_1_715' title='bbox 1303 1815 1363 1841; x_wconf 72' lang='lat' dir='ltr'><strong>vita:</strong></span> <span class='ocrx_word' id='word_1_716' title='bbox 1378 1814 1568 1841; x_wconf 78' lang='lat' dir='ltr'><strong>necessitatem</strong></span> <span class='ocrx_word' id='word_1_717' title='bbox 1583 1814 1709 1841; x_wconf 86' lang='lat' dir='ltr'><strong>mercede</strong></span> 
     </span>
    </p>
   </div>
   <div class='ocr_carea' id='block_1_98' title="bbox 923 1858 1708 1894">
    <p class='ocr_par' dir='ltr' id='par_1_98' title="bbox 923 1858 1708 1894">
     <span class='ocr_line' id='line_1_98' title="bbox 923 1858 1708 1894; baseline 0 -8"><span class='ocrx_word' id='word_1_718' title='bbox 923 1860 1096 1890; x_wconf 69' lang='lat' dir='ltr'><strong>Evangelium</strong></span> <span class='ocrx_word' id='word_1_719' title='bbox 1112 1859 1392 1894; x_wconf 51' lang='lat' dir='ltr'><strong>pradicavitmudns.</strong></span> <span class='ocrx_word' id='word_1_720' title='bbox 1415 1858 1576 1889; x_wconf 72' lang='lat' dir='ltr'><strong>famesrens,</strong></span> <span class='ocrx_word' id='word_1_721' title='bbox 1600 1859 1708 1886; x_wconf 86' lang='lat' dir='ltr'><strong>sitiens.</strong></span> 
     </span>
    </p>
   </div>
   <div class='ocr_carea' id='block_1_99' title="bbox 923 1903 1707 1938">
    <p class='ocr_par' dir='ltr' id='par_1_99' title="bbox 923 1903 1707 1938">
     <span class='ocr_line' id='line_1_99' title="bbox 923 1903 1707 1938; baseline 0 -8"><span class='ocrx_word' id='word_1_722' title='bbox 923 1903 969 1930; x_wconf 79' lang='lat' dir='ltr'><strong>lla:</strong></span> <span class='ocrx_word' id='word_1_723' title='bbox 982 1904 1101 1938; x_wconf 68' lang='lat' dir='ltr'><strong>pulchrae</strong></span> <span class='ocrx_word' id='word_1_724' title='bbox 1125 1908 1189 1931; x_wconf 90' lang='lat' dir='ltr'><strong>sunt</strong></span> <span class='ocrx_word' id='word_1_725' title='bbox 1211 1903 1333 1936; x_wconf 70' lang='lat' dir='ltr'><strong>ﬁmbriae,</strong></span> <span class='ocrx_word' id='word_1_726' title='bbox 1360 1911 1420 1938; x_wconf 69' lang='lat' dir='ltr'><strong>qua:</strong></span> <span class='ocrx_word' id='word_1_727' title='bbox 1442 1907 1544 1930; x_wconf 77' lang='lat' dir='ltr'><strong>vestem</strong></span> <span class='ocrx_word' id='word_1_728' title='bbox 1570 1903 1707 1930; x_wconf 86' lang='lat' dir='ltr'><strong>mandato-</strong></span> 
     </span>
    </p>
   </div>
   <div class='ocr_carea' id='block_1_100' title="bbox 922 1948 1710 1977">
    <p class='ocr_par' dir='ltr' id='par_1_100' title="bbox 922 1948 1710 1977">
     <span class='ocr_line' id='line_1_100' title="bbox 922 1948 1710 1977; baseline -0.001 0"><span class='ocrx_word' id='word_1_729' title='bbox 922 1957 982 1977; x_wconf 91' lang='lat' dir='ltr'><strong>rum</strong></span> <span class='ocrx_word' id='word_1_730' title='bbox 995 1951 1153 1977; x_wconf 83' lang='lat' dir='ltr'><strong>aceessione</strong></span> <span class='ocrx_word' id='word_1_731' title='bbox 1165 1957 1215 1976; x_wconf 89' lang='lat' dir='ltr'><strong>sua</strong></span> <span class='ocrx_word' id='word_1_732' title='bbox 1227 1949 1527 1976; x_wconf 85' lang='lat' dir='ltr'><strong>redduntornatiorem.</strong></span> <span class='ocrx_word' id='word_1_733' title='bbox 1543 1948 1601 1976; x_wconf 86' lang='lat' dir='ltr'><strong>Duo</strong></span> <span class='ocrx_word' id='word_1_734' title='bbox 1612 1948 1710 1977; x_wconf 87' lang='lat' dir='ltr'><strong>deinde</strong></span> 
     </span>
    </p>
   </div>
   <div class='ocr_carea' id='block_1_101' title="bbox 924 1995 1709 2030">
    <p class='ocr_par' dir='ltr' id='par_1_101' title="bbox 924 1995 1709 2030">
     <span class='ocr_line' id='line_1_101' title="bbox 924 1995 1709 2030; baseline 0 -8"><span class='ocrx_word' id='word_1_735' title='bbox 924 1999 1078 2029; x_wconf 69' lang='lat' dir='ltr'><strong>tegumenta</strong></span> <span class='ocrx_word' id='word_1_736' title='bbox 1094 1996 1356 2030; x_wconf 87' lang='lat' dir='ltr'><strong>superimponunlur</strong></span> <span class='ocrx_word' id='word_1_737' title='bbox 1374 1995 1534 2022; x_wconf 87' lang='lat' dir='ltr'><strong>indumento</strong></span> <span class='ocrx_word' id='word_1_738' title='bbox 1555 1995 1592 2022; x_wconf 94' lang='lat' dir='ltr'><strong>illi</strong></span> <span class='ocrx_word' id='word_1_739' title='bbox 1618 1995 1709 2027; x_wconf 77' lang='lat' dir='ltr'><strong>talari,</strong></span> 
     </span>
    </p>
   </div>
   <div class='ocr_carea' id='block_1_102' title="bbox 924 2040 1709 2076">
    <p class='ocr_par' dir='ltr' id='par_1_102' title="bbox 924 2040 1709 2076">
     <span class='ocr_line' id='line_1_102' title="bbox 924 2040 1709 2076; baseline -0.001 -8"><span class='ocrx_word' id='word_1_740' title='bbox 924 2048 1009 2074; x_wconf 85' lang='lat' dir='ltr'><strong>usque</strong></span> <span class='ocrx_word' id='word_1_741' title='bbox 1024 2040 1056 2067; x_wconf 89' lang='lat' dir='ltr'><strong>ad</strong></span> <span class='ocrx_word' id='word_1_742' title='bbox 1074 2044 1169 2076; x_wconf 88' lang='lat' dir='ltr'><strong>pccttts</strong></span> <span class='ocrx_word' id='word_1_743' title='bbox 1183 2046 1210 2067; x_wconf 90' lang='lat' dir='ltr'><strong>et</strong></span> <span class='ocrx_word' id='word_1_744' title='bbox 1230 2049 1310 2068; x_wconf 85' lang='lat' dir='ltr'><strong>renes</strong></span> <span class='ocrx_word' id='word_1_745' title='bbox 1323 2041 1358 2067; x_wconf 87' lang='lat' dir='ltr'><strong>ab</strong></span> <span class='ocrx_word' id='word_1_746' title='bbox 1376 2041 1496 2067; x_wconf 87' lang='lat' dir='ltr'><strong>humeris</strong></span> <span class='ocrx_word' id='word_1_747' title='bbox 1522 2040 1709 2072; x_wconf 83' lang='lat' dir='ltr'><strong>descendenti,</strong></span> 
     </span>
    </p>
   </div>
   <div class='ocr_carea' id='block_1_103' title="bbox 923 2085 1710 2121">
    <p class='ocr_par' dir='ltr' id='par_1_103' title="bbox 923 2085 1710 2121">
     <span class='ocr_line' id='line_1_103' title="bbox 923 2085 1710 2121; baseline -0.001 -8"><span class='ocrx_word' id='word_1_748' title='bbox 923 2086 1148 2114; x_wconf 86' lang='lat' dir='ltr'><strong>duabusuncinis</strong></span> <span class='ocrx_word' id='word_1_749' title='bbox 1165 2087 1191 2112; x_wconf 94' lang='lat' dir='ltr'><strong>in</strong></span> <span class='ocrx_word' id='word_1_750' title='bbox 1209 2091 1324 2121; x_wconf 86' lang='lat' dir='ltr'><strong>utroque</strong></span> <span class='ocrx_word' id='word_1_751' title='bbox 1346 2086 1458 2112; x_wconf 89' lang='lat' dir='ltr'><strong>humero</strong></span> <span class='ocrx_word' id='word_1_752' title='bbox 1476 2085 1627 2114; x_wconf 88' lang='lat' dir='ltr'><strong>adinvicem</strong></span> <span class='ocrx_word' id='word_1_753' title='bbox 1645 2093 1710 2112; x_wconf 83' lang='lat' dir='ltr'><strong>con-</strong></span> 
     </span>
    </p>
   </div>
   <div class='ocr_carea' id='block_1_104' title="bbox 921 2132 1710 2168">
    <p class='ocr_par' dir='ltr' id='par_1_104' title="bbox 921 2132 1710 2168">
     <span class='ocr_line' id='line_1_104' title="bbox 921 2132 1710 2168; baseline -0.004 -8"><span class='ocrx_word' id='word_1_754' title='bbox 921 2133 1027 2168; x_wconf 82' lang='lat' dir='ltr'><strong>juncta.</strong></span> <span class='ocrx_word' id='word_1_755' title='bbox 1044 2132 1142 2160; x_wconf 89' lang='lat' dir='ltr'><strong>Uneini</strong></span> <span class='ocrx_word' id='word_1_756' title='bbox 1164 2136 1253 2160; x_wconf 89' lang='lat' dir='ltr'><strong>autem</strong></span> <span class='ocrx_word' id='word_1_757' title='bbox 1278 2136 1342 2159; x_wconf 91' lang='lat' dir='ltr'><strong>sunt</strong></span> <span class='ocrx_word' id='word_1_758' title='bbox 1366 2132 1480 2166; x_wconf 80' lang='lat' dir='ltr'><strong>lapides,</strong></span> <span class='ocrx_word' id='word_1_759' title='bbox 1496 2132 1710 2166; x_wconf 78' lang='lat' dir='ltr'><strong>patriarcharum</strong></span> 
     </span>
    </p>
   </div>
   <div class='ocr_carea' id='block_1_105' title="bbox 923 2176 1710 2213">
    <p class='ocr_par' dir='ltr' id='par_1_105' title="bbox 923 2176 1710 2213">
     <span class='ocr_line' id='line_1_105' title="bbox 923 2176 1710 2213; baseline -0.004 -7"><span class='ocrx_word' id='word_1_760' title='bbox 923 2179 1032 2206; x_wconf 89' lang='lat' dir='ltr'><strong>nomina</strong></span> <span class='ocrx_word' id='word_1_761' title='bbox 1057 2186 1104 2206; x_wconf 77' lang='lat' dir='ltr'><strong>sex</strong></span> <span class='ocrx_word' id='word_1_762' title='bbox 1130 2180 1319 2213; x_wconf 87' lang='lat' dir='ltr'><strong>unusquisque</strong></span> <span class='ocrx_word' id='word_1_763' title='bbox 1349 2178 1442 2204; x_wconf 66' lang='lat' dir='ltr'><strong>catlata</strong></span> <span class='ocrx_word' id='word_1_764' title='bbox 1462 2177 1590 2204; x_wconf 79' lang='lat' dir='ltr'><strong>ferentes.</strong></span> <span class='ocrx_word' id='word_1_765' title='bbox 1609 2176 1710 2204; x_wconf 89' lang='lat' dir='ltr'><strong>llorum</strong></span> 
     </span>
    </p>
   </div>
   <div class='ocr_carea' id='block_1_106' title="bbox 923 2224 1712 2260">
    <p class='ocr_par' dir='ltr' id='par_1_106' title="bbox 923 2224 1712 2260">
     <span class='ocr_line' id='line_1_106' title="bbox 923 2224 1712 2260; baseline -0.003 -9"><span class='ocrx_word' id='word_1_766' title='bbox 923 2225 1072 2260; x_wconf 74' lang='lat' dir='ltr'><strong>tegminum</strong></span> <span class='ocrx_word' id='word_1_767' title='bbox 1101 2232 1198 2258; x_wconf 80' lang='lat' dir='ltr'><strong>magna</strong></span> <span class='ocrx_word' id='word_1_768' title='bbox 1224 2224 1356 2250; x_wconf 84' lang='lat' dir='ltr'><strong>varietate</strong></span> <span class='ocrx_word' id='word_1_769' title='bbox 1380 2224 1501 2250; x_wconf 90' lang='lat' dir='ltr'><strong>colorum</strong></span> <span class='ocrx_word' id='word_1_770' title='bbox 1526 2225 1632 2250; x_wconf 81' lang='lat' dir='ltr'><strong>textura</strong></span> <span class='ocrx_word' id='word_1_771' title='bbox 1654 2227 1712 2249; x_wconf 84' lang='lat' dir='ltr'><strong>erat</strong></span> 
     </span>
    </p>
   </div>
   <div class='ocr_carea' id='block_1_107' title="bbox 923 2267 1713 2305">
    <p class='ocr_par' dir='ltr' id='par_1_107' title="bbox 923 2267 1713 2305">
     <span class='ocr_line' id='line_1_107' title="bbox 923 2267 1713 2305; baseline -0.004 -8"><span class='ocrx_word' id='word_1_772' title='bbox 923 2270 1065 2297; x_wconf 78' lang='lat' dir='ltr'><strong>contecta:</strong></span> <span class='ocrx_word' id='word_1_773' title='bbox 1088 2269 1250 2305; x_wconf 85' lang='lat' dir='ltr'><strong>hyacinthus</strong></span> <span class='ocrx_word' id='word_1_774' title='bbox 1285 2275 1403 2304; x_wconf 89' lang='lat' dir='ltr'><strong>purpura</strong></span> <span class='ocrx_word' id='word_1_775' title='bbox 1427 2267 1658 2299; x_wconf 85' lang='lat' dir='ltr'><strong>connectebatur‘,</strong></span> <span class='ocrx_word' id='word_1_776' title='bbox 1685 2273 1713 2295; x_wconf 81' lang='lat' dir='ltr'><strong>et</strong></span> 
     </span>
    </p>
   </div>
   <div class='ocr_carea' id='block_1_108' title="bbox 923 2307 1713 2349">
    <p class='ocr_par' dir='ltr' id='par_1_108' title="bbox 923 2307 1713 2349">
     <span class='ocr_line' id='line_1_108' title="bbox 923 2307 1713 2349; baseline -0.003 -8"><span class='ocrx_word' id='word_1_777' title='bbox 923 2307 1011 2341; x_wconf 61' lang='lat' dir='ltr'><strong>cocci’</strong></span> <span class='ocrx_word' id='word_1_778' title='bbox 1025 2314 1129 2341; x_wconf 88' lang='lat' dir='ltr'><strong>rubedo</strong></span> <span class='ocrx_word' id='word_1_779' title='bbox 1157 2314 1240 2349; x_wconf 87' lang='lat' dir='ltr'><strong>bysso</strong></span> <span class='ocrx_word' id='word_1_780' title='bbox 1261 2313 1446 2348; x_wconf 83' lang='lat' dir='ltr'><strong>jungebatur:</strong></span> <span class='ocrx_word' id='word_1_781' title='bbox 1473 2317 1500 2339; x_wconf 84' lang='lat' dir='ltr'><strong>et</strong></span> <span class='ocrx_word' id='word_1_782' title='bbox 1522 2312 1566 2340; x_wconf 90' lang='lat' dir='ltr'><strong>his</strong></span> <span class='ocrx_word' id='word_1_783' title='bbox 1585 2313 1713 2340; x_wconf 75' lang='lat' dir='ltr'><strong>omnibus</strong></span> 
     </span>
    </p>
   </div>
   <div class='ocr_carea' id='block_1_109' title="bbox 923 2359 1712 2394">
    <p class='ocr_par' dir='ltr' id='par_1_109' title="bbox 923 2359 1712 2394">
     <span class='ocr_line' id='line_1_109' title="bbox 923 2359 1712 2394; baseline 0 -8"><span class='ocrx_word' id='word_1_784' title='bbox 923 2367 1004 2387; x_wconf 83' lang='lat' dir='ltr'><strong>aurea</strong></span> <span class='ocrx_word' id='word_1_785' title='bbox 1019 2360 1061 2386; x_wconf 90' lang='lat' dir='ltr'><strong>lila</strong></span> <span class='ocrx_word' id='word_1_786' title='bbox 1073 2363 1151 2387; x_wconf 88' lang='lat' dir='ltr'><strong>erant</strong></span> <span class='ocrx_word' id='word_1_787' title='bbox 1163 2360 1297 2394; x_wconf 82' lang='lat' dir='ltr'><strong>inspersa.</strong></span> <span class='ocrx_word' id='word_1_788' title='bbox 1312 2360 1347 2386; x_wconf 90' lang='lat' dir='ltr'><strong>ita</strong></span> <span class='ocrx_word' id='word_1_789' title='bbox 1365 2364 1393 2386; x_wconf 90' lang='lat' dir='ltr'><strong>ut</strong></span> <span class='ocrx_word' id='word_1_790' title='bbox 1411 2367 1445 2386; x_wconf 84' lang='lat' dir='ltr'><strong>ex</strong></span> <span class='ocrx_word' id='word_1_791' title='bbox 1461 2359 1636 2387; x_wconf 90' lang='lat' dir='ltr'><strong>multicolore</strong></span> <span class='ocrx_word' id='word_1_792' title='bbox 1660 2359 1712 2386; x_wconf 87' lang='lat' dir='ltr'><strong>hac</strong></span> 
     </span>
    </p>
   </div>
   <div class='ocr_carea' id='block_1_110' title="bbox 924 2404 1710 2440">
    <p class='ocr_par' dir='ltr' id='par_1_110' title="bbox 924 2404 1710 2440">
     <span class='ocr_line' id='line_1_110' title="bbox 924 2404 1710 2440; baseline 0.001 -8"><span class='ocrx_word' id='word_1_793' title='bbox 924 2406 1041 2432; x_wconf 86' lang='lat' dir='ltr'><strong>tinctura</strong></span> <span class='ocrx_word' id='word_1_794' title='bbox 1058 2413 1130 2432; x_wconf 86' lang='lat' dir='ltr'><strong>unus</strong></span> <span class='ocrx_word' id='word_1_795' title='bbox 1141 2406 1251 2440; x_wconf 90' lang='lat' dir='ltr'><strong>quidem</strong></span> <span class='ocrx_word' id='word_1_796' title='bbox 1268 2405 1430 2433; x_wconf 87' lang='lat' dir='ltr'><strong>commistus</strong></span> <span class='ocrx_word' id='word_1_797' title='bbox 1443 2404 1572 2440; x_wconf 86' lang='lat' dir='ltr'><strong>splendor</strong></span> <span class='ocrx_word' id='word_1_798' title='bbox 1586 2412 1618 2433; x_wconf 78' lang='lat' dir='ltr'><strong>ex</strong></span> <span class='ocrx_word' id='word_1_799' title='bbox 1635 2410 1710 2440; x_wconf 80' lang='lat' dir='ltr'><strong>tegu-</strong></span> 
     </span>
    </p>
   </div>
   <div class='ocr_carea' id='block_1_111' title="bbox 923 2451 1712 2486">
    <p class='ocr_par' dir='ltr' id='par_1_111' title="bbox 923 2451 1712 2486">
     <span class='ocr_line' id='line_1_111' title="bbox 923 2451 1712 2486; baseline -0.001 -8"><span class='ocrx_word' id='word_1_800' title='bbox 923 2451 1044 2478; x_wconf 86' lang='lat' dir='ltr'><strong>minibus</strong></span> <span class='ocrx_word' id='word_1_801' title='bbox 1061 2452 1217 2486; x_wconf 77' lang='lat' dir='ltr'><strong>rct&#39;ulgeret.</strong></span> <span class='ocrx_word' id='word_1_802' title='bbox 1243 2451 1280 2478; x_wconf 78' lang='lat' dir='ltr'><strong>Ex</strong></span> <span class='ocrx_word' id='word_1_803' title='bbox 1304 2451 1404 2485; x_wconf 88' lang='lat' dir='ltr'><strong>quibus</strong></span> <span class='ocrx_word' id='word_1_804' title='bbox 1431 2451 1537 2478; x_wconf 87' lang='lat' dir='ltr'><strong>discere</strong></span> <span class='ocrx_word' id='word_1_805' title='bbox 1565 2458 1712 2485; x_wconf 80' lang='lat' dir='ltr'><strong>possumus</strong></span> 
     </span>
    </p>
   </div>
   <div class='ocr_carea' id='block_1_112' title="bbox 923 2497 1711 2531">
    <p class='ocr_par' dir='ltr' id='par_1_112' title="bbox 923 2497 1711 2531">
     <span class='ocr_line' id='line_1_112' title="bbox 923 2497 1711 2531; baseline 0 -9"><span class='ocrx_word' id='word_1_806' title='bbox 923 2497 994 2531; x_wconf 80' lang='lat' dir='ltr'><strong>quod</strong></span> <span class='ocrx_word' id='word_1_807' title='bbox 1024 2497 1179 2524; x_wconf 84' lang='lat' dir='ltr'><strong>indumenta</strong></span> <span class='ocrx_word' id='word_1_808' title='bbox 1209 2498 1349 2531; x_wconf 87' lang='lat' dir='ltr'><strong>superiora</strong></span> <span class='ocrx_word' id='word_1_809' title='bbox 1372 2505 1432 2531; x_wconf 57' lang='lat' dir='ltr'><strong>quae</strong></span> <span class='ocrx_word' id='word_1_810' title='bbox 1458 2497 1548 2523; x_wconf 85' lang='lat' dir='ltr'><strong>cordis</strong></span> <span class='ocrx_word' id='word_1_811' title='bbox 1560 2500 1624 2523; x_wconf 89' lang='lat' dir='ltr'><strong>sunt</strong></span> <span class='ocrx_word' id='word_1_812' title='bbox 1634 2502 1711 2522; x_wconf 82' lang='lat' dir='ltr'><strong>orna-</strong></span> 
     </span>
    </p>
   </div>
   <div class='ocr_carea' id='block_1_113' title="bbox 925 2539 1713 2576">
    <p class='ocr_par' dir='ltr' id='par_1_113' title="bbox 925 2539 1713 2576">
     <span class='ocr_line' id='line_1_113' title="bbox 925 2539 1713 2576; baseline -0.001 -9"><span class='ocrx_word' id='word_1_813' title='bbox 925 2547 1025 2571; x_wconf 75' lang='lat' dir='ltr'><strong>menta.</strong></span> <span class='ocrx_word' id='word_1_814' title='bbox 1043 2543 1135 2569; x_wconf 82' lang='lat' dir='ltr'><strong>multis</strong></span> <span class='ocrx_word' id='word_1_815' title='bbox 1147 2543 1282 2576; x_wconf 85' lang='lat' dir='ltr'><strong>variisque</strong></span> <span class='ocrx_word' id='word_1_816' title='bbox 1300 2546 1428 2569; x_wconf 83' lang='lat' dir='ltr'><strong>constant</strong></span> <span class='ocrx_word' id='word_1_817' title='bbox 1451 2541 1607 2568; x_wconf 84' lang='lat' dir='ltr'><strong>virtutibus.</strong></span> <span class='ocrx_word' id='word_1_818' title='bbox 1642 2539 1713 2575; x_wconf 81' lang='lat' dir='ltr'><strong>Hya-</strong></span> 
     </span>
    </p>
   </div>
   <div class='ocr_carea' id='block_1_114' title="bbox 925 2585 1711 2621">
    <p class='ocr_par' dir='ltr' id='par_1_114' title="bbox 925 2585 1711 2621">
     <span class='ocr_line' id='line_1_114' title="bbox 925 2585 1711 2621; baseline -0.001 -9"><span class='ocrx_word' id='word_1_819' title='bbox 925 2586 1035 2614; x_wconf 85' lang='lat' dir='ltr'><strong>cinthus</strong></span> <span class='ocrx_word' id='word_1_820' title='bbox 1051 2588 1122 2614; x_wconf 80' lang='lat' dir='ltr'><strong>enim</strong></span> <span class='ocrx_word' id='word_1_821' title='bbox 1136 2595 1167 2614; x_wconf 76' lang='lat' dir='ltr'><strong>cr</strong></span> <span class='ocrx_word' id='word_1_822' title='bbox 1184 2594 1302 2621; x_wconf 86' lang='lat' dir='ltr'><strong>purpura</strong></span> <span class='ocrx_word' id='word_1_823' title='bbox 1315 2587 1493 2621; x_wconf 84' lang='lat' dir='ltr'><strong>complicatur</strong></span> <span class='ocrx_word' id='word_1_824' title='bbox 1507 2595 1513 2613; x_wconf 89' lang='lat'><strong>:</strong></span> <span class='ocrx_word' id='word_1_825' title='bbox 1530 2593 1591 2612; x_wconf 86' lang='lat' dir='ltr'><strong>nam</strong></span> <span class='ocrx_word' id='word_1_826' title='bbox 1603 2585 1711 2611; x_wconf 82' lang='lat' dir='ltr'><strong>vivendi</strong></span> 
     </span>
    </p>
   </div>
   <div class='ocr_carea' id='block_1_115' title="bbox 926 2630 1711 2666">
    <p class='ocr_par' dir='ltr' id='par_1_115' title="bbox 926 2630 1711 2666">
     <span class='ocr_line' id='line_1_115' title="bbox 926 2630 1711 2666; baseline 0.001 -9"><span class='ocrx_word' id='word_1_827' title='bbox 926 2632 1031 2665; x_wconf 87' lang='lat' dir='ltr'><strong>puritas</strong></span> <span class='ocrx_word' id='word_1_828' title='bbox 1046 2637 1127 2666; x_wconf 84' lang='lat' dir='ltr'><strong>utque</strong></span> <span class='ocrx_word' id='word_1_829' title='bbox 1140 2632 1287 2659; x_wconf 87' lang='lat' dir='ltr'><strong>mundities</strong></span> <span class='ocrx_word' id='word_1_830' title='bbox 1303 2635 1408 2659; x_wconf 64' lang='lat' dir='ltr'><strong>natura:</strong></span> <span class='ocrx_word' id='word_1_831' title='bbox 1423 2639 1508 2665; x_wconf 81' lang='lat' dir='ltr'><strong>regno</strong></span> <span class='ocrx_word' id='word_1_832' title='bbox 1524 2630 1711 2664; x_wconf 74' lang='lat' dir='ltr'><strong>conjungitur.</strong></span> 
     </span>
    </p>
   </div>
   <div class='ocr_carea' id='block_1_116' title="bbox 925 2675 1714 2710">
    <p class='ocr_par' dir='ltr' id='par_1_116' title="bbox 925 2675 1714 2710">
     <span class='ocr_line' id='line_1_116' title="bbox 925 2675 1714 2710; baseline -0.003 -8"><span class='ocrx_word' id='word_1_833' title='bbox 925 2675 1027 2702; x_wconf 78' lang='lat' dir='ltr'><strong>Natura</strong></span> <span class='ocrx_word' id='word_1_834' title='bbox 1041 2677 1113 2703; x_wconf 85' lang='lat' dir='ltr'><strong>enim</strong></span> <span class='ocrx_word' id='word_1_835' title='bbox 1129 2675 1333 2710; x_wconf 87' lang='lat' dir='ltr'><strong>quodammodo</strong></span> <span class='ocrx_word' id='word_1_836' title='bbox 1349 2676 1408 2710; x_wconf 88' lang='lat' dir='ltr'><strong>ipsa</strong></span> <span class='ocrx_word' id='word_1_837' title='bbox 1423 2676 1502 2706; x_wconf 81' lang='lat' dir='ltr'><strong>duce,</strong></span> <span class='ocrx_word' id='word_1_838' title='bbox 1519 2682 1572 2701; x_wconf 91' lang='lat' dir='ltr'><strong>una</strong></span> <span class='ocrx_word' id='word_1_839' title='bbox 1586 2682 1647 2700; x_wconf 80' lang='lat' dir='ltr'><strong>rum</strong></span> <span class='ocrx_word' id='word_1_840' title='bbox 1664 2681 1714 2708; x_wconf 85' lang='lat' dir='ltr'><strong>pu-</strong></span> 
     </span>
    </p>
   </div>
   <div class='ocr_carea' id='block_1_117' title="bbox 926 2719 1715 2750">
    <p class='ocr_par' dir='ltr' id='par_1_117' title="bbox 926 2719 1715 2750">
     <span class='ocr_line' id='line_1_117' title="bbox 926 2719 1715 2750; baseline -0.001 -3"><span class='ocrx_word' id='word_1_841' title='bbox 926 2720 1001 2748; x_wconf 89' lang='lat' dir='ltr'><strong>doris</strong></span> <span class='ocrx_word' id='word_1_842' title='bbox 1016 2721 1268 2749; x_wconf 82' lang='lat' dir='ltr'><strong>ruhorelaudabilis</strong></span> <span class='ocrx_word' id='word_1_843' title='bbox 1283 2720 1391 2750; x_wconf 86' lang='lat' dir='ltr'><strong>vivendi</strong></span> <span class='ocrx_word' id='word_1_844' title='bbox 1406 2721 1528 2748; x_wconf 86' lang='lat' dir='ltr'><strong>nascitur</strong></span> <span class='ocrx_word' id='word_1_845' title='bbox 1549 2720 1630 2747; x_wconf 82' lang='lat' dir='ltr'><strong>ratio.</strong></span> <span class='ocrx_word' id='word_1_846' title='bbox 1658 2719 1715 2746; x_wconf 82' lang='lat' dir='ltr'><strong>Au-</strong></span> 
     </span>
    </p>
   </div>
  </div>
