1986 3080
271 121 317 148 391
883 116 911 143 S.
927 115 1053 143 GREGOI

1114 113 1260 141 NYSSENI
1837 113 1890 141 39‘!

271 186 331 205 rum
344 182 434 204 autent
448 175 491 203 bis
504 176 629 203 tinctura:
647 174 761 206 ﬂoribus
774 173 1053 210 refulgens,reserva-

1107 181 1207 208 σματος
1225 172 1431 206 ἀπαυγάζεσθαι
1441 181 1447 187 ·
1464 171 1481 199 ἃ
1496 166 1524 198 δέ
1539 170 1582 198 διὰ
1593 170 1694 197 τούτων
1710 169 1889 205 μανθάνομεν,

269 228 327 252 tum
353 224 416 251 huic
430 224 492 250 vitae
507 223 665 250 thesaurum
680 221 860 250 subostendit.

1107 219 1194 246 ταῦτά
1215 221 1303 245 ἐστιν·
1332 219 1373 245 ὅτι
1393 217 1427 245 τὰ
1452 218 1506 245 ἄνω
1529 217 1576 252 τῆς
1596 216 1752 252 περιϐολῆς,
1777 217 1827 243 ὅσα
1841 215 1891 250 τῆς

269 269 382 304 καρδίας
408 269 479 300 ίδίως
506 268 611 302 γίνεται
634 268 745 302 κόσμος,
767 268 799 293 ἐκ
820 266 923 293 πολλῶν
954 265 1001 292 καὶ
1029 264 1163 299 διαφόρων
1195 264 1300 300 ἀρετῶν
1330 263 1538 298 κατακίρναται.
1568 262 1601 287 'H
1623 259 1668 288 οὖν
1707 260 1832 292 ὑάκινθος
1857 261 1891 296 τῇ

269 315 396 350 πορφύρᾳ
431 315 631 350 συμπλέκεται·
661 316 695 350 τῇ
722 315 775 350 γὰρ
807 312 973 349 καθαρότητι
1001 312 1052 347 τῆς
1082 311 1154 346 ζωῆς
1182 312 1199 345 ἡ
1230 311 1352 346 βασιλεία
1369 310 1558 342 συνέζευκται.
1577 309 1684 340 Κόκκος
1701 308 1729 334 δέ
1745 309 1778 343 τῇ
1801 307 1892 343 βύσσῳ

270 361 471 395 συμπλέκεται·
496 361 537 387 ὅτι
566 360 670 396 πέφυκέ
696 369 753 392 πως
779 359 818 395 τῷ
833 360 882 395 τῆς
898 358 987 390 αἰδοῦς
1008 357 1160 393 ἐρυθήματι
1183 358 1214 384 τὸ
1235 355 1358 392 λαμπρόν
1385 365 1415 383 τε
1437 357 1483 383 καὶ
1503 355 1622 390 καθαρὸν
1640 354 1686 381 τοῦ
1709 354 1764 390 βίου
1787 353 1892 389 συμφύ-

268 407 364 434 εσθαι·
380 408 395 434 ὸ
421 407 449 433 δὲ
467 407 565 442 χρυσὸς
592 407 648 437 τοῖς
675 405 768 432 ἄνθεσι
794 405 899 435 τούτοις
929 402 1176 438 συμπεριλάμπων,
1200 402 1246 428 τὸν
1271 398 1450 440 ἀποκείμενον
1475 399 1514 434 τῷ
1536 399 1648 434 τοιούτῳ
1680 399 1729 434 βίῳ
1757 398 1892 435 θησαυρὸν

268 454 349 481 ὕπαιν
354 453 467 479 ίσσεται.

302 500 522 527 Patriarcharnm
531 499 751 534 quoquenomina
760 497 894 531 lapidibus
905 494 1051 529 insculpta.

269 553 323 573 non
337 553 432 580 parum
458 545 538 572 nobis
563 545 597 571 ad
624 544 732 571 virtutis
749 548 881 583 ornatum.
897 541 1051 568 conferunt.

267 591 468 618 Praeteritorum
486 591 558 616 enim
576 590 706 619 virorum.
723 589 769 623 qui
791 588 892 622 optime
912 586 1051 615 vixerunt,

267 636 399 669 exemplis
409 635 463 660 vita
476 640 568 660 nostra
584 633 789 660 corroboratur.
808 631 860 658 Sed
873 629 937 657 huic
955 628 1052 663 tegmi-

267 687 332 707 num
349 679 457 706 ornatui
468 679 538 705 alius
558 685 666 705 rursum
680 678 796 712 desuper
808 679 922 703 ornatus
941 673 1056 707 conjun-

266 727 340 761 gitnr
359 728 455 752 :scuta
471 725 544 751 enim
558 730 639 750 aurea
651 730 684 749 ex
699 722 822 756 utrisque
835 719 997 754 tegminibus
1009 718 1057 744 de-

269 770 385 806 pendent
396 769 473 800 :Lhaec
487 768 623 796 sustinent
640 767 798 795 fabricatum
806 764 935 801 quiddam
943 771 976 791 ex
988 769 1056 790 auro

268 817 353 850 ﬁgura
368 814 544 849 quadratum.
561 813 705 840 duodecim
720 812 856 846 lapidibus
879 808 1054 844 resplendens

267 846 363 887 ordine
376 846 496 894 quodam
513 857 663 892 dispositis.
691 856 815 889 Quatuor
830 860 918 882 autem
944 854 1053 881 ordines
1070 846 1089 872 Β

266 910 365 938 erant,
389 912 506 940 quorum
536 904 726 938 unusquisque
752 902 901 930 trinitatem
932 901 1051 935 lapidum

265 950 434 977 continebat.
452 947 570 982 Lapides
590 951 680 975 autem
697 948 733 974 ita
750 951 827 974 erant
840 946 919 976 varii,
946 949 976 972 ut
993 945 1053 971 nul-

267 995 321 1022 lius
338 994 372 1021 ad
391 994 507 1020 alterunt
523 996 595 1020 esset
611 991 779 1019 similitudo:
795 990 903 1025 proprio
917 991 988 1017 enim
1000 990 1054 1016 sin-

267 1040 321 1074 guli
341 1039 484 1074 splendore
503 1037 649 1072 fulgebant.
665 1037 716 1064 Sed
735 1036 820 1071 ﬁgura
843 1035 952 1070 quidem
972 1041 1054 1061 orna-

267 1085 350 1112 menti
369 1085 435 1110 lucc.
462 1083 599 1118 Spiritalis
614 1089 679 1109 vero
703 1089 800 1109 sensus
828 1085 967 1108 scutorum
992 1079 1052 1114 qni-

267 1131 326 1157 dem
359 1137 417 1163 quae
443 1129 477 1155 ab
503 1128 622 1155 humeris
643 1126 841 1162 dependebant,
864 1129 984 1153 armatos
1002 1132 1052 1151 nos

266 1182 325 1201 esse
338 1173 497 1200 adhortatur
510 1172 641 1198 adversus
653 1175 809 1205 tyrannum.
823 1174 849 1196 et
865 1170 970 1196 hostem
1003 1175 1052 1194 no-

268 1225 366 1247 strum.
381 1217 475 1244 Virtus
490 1218 573 1250 enim,
588 1221 618 1243 ut
633 1223 646 1242 a
662 1215 747 1242 Paulo
761 1215 862 1241 dictum
879 1218 930 1245 est,
946 1213 997 1240 ﬁde
1021 1220 1052 1239 ac

268 1265 337 1291 bona
352 1267 458 1290 Culls‘lal
475 1262 646 1289 conscientia
662 1270 669 1289 :
689 1261 788 1295 quibus
798 1261 834 1286 ita
846 1267 906 1286 esse
923 1259 1053 1285 adversus

266 1309 437 1336 inimicorum
467 1307 518 1333 tela
549 1306 669 1332 munitos
699 1309 816 1339 oportet,
834 1308 863 1330 ut
877 1303 919 1330 his
941 1302 1054 1337 justitite

266 1353 350 1380 armis
366 1351 468 1378 dextris
477 1355 559 1385 atque
576 1350 707 1380 sinistris,
721 1347 931 1375 invulnerabiles
944 1353 1054 1373 manea-

267 1406 338 1425 mus.
354 1396 511 1429 Quadratus
525 1400 615 1422 autem
633 1395 677 1421 ille
692 1399 816 1424 ornatus,
826 1392 872 1427 qui
891 1393 1023 1426 utrinque
1038 1398 1053 1418 a

265 1445 353 1473 scutis
369 1443 546 1479 dependebat,
571 1442 599 1469 in
622 1449 677 1476 quo
692 1442 800 1468 nomina
824 1440 1051 1475 patriarcharum,

1141 501 1311 537 Πατριάρχαι
1332 501 1360 527 δέ
1382 501 1440 532 ταῖς
1461 499 1597 534 ἐπωμίσιν
1614 498 1842 535 ἐγγεγραμμένοι,
1858 498 1891 525 οὗ

1108 547 1193 583 μικρὰ
1211 547 1279 582 πρὸς
1301 547 1347 572 τὸν
1365 545 1483 572 τοιοῦτον
1498 544 1690 578 καλλωπισμὸν
1705 545 1770 579 ἡμῖν
1784 552 1891 571 συνεισ-

1106 593 1233 627 φέρουσι·
1257 592 1313 622 τοῖς
1333 590 1386 626 γὰρ
1418 589 1585 625 προλαϐοῦσι
1616 588 1670 614 τῶν
1692 588 1800 622 ἀγαθῶν
1826 590 1894 616 ὑπο-

1105 637 1233 672 δείγμασι
1260 636 1474 670 κατακοσμεϊται
1499 634 1598 670 μᾶλλον
1620 635 1636 670 ὴ
1662 635 1716 661 τῶν
1741 635 1893 669 ἀνθρώπων

1107 681 1173 716 ζωή.
1189 680 1274 708 Πάλιν
1286 680 1313 706 δέ
1333 679 1372 715 τῷ
1392 679 1487 714 κόσμῳ
1501 679 1555 706 τῶν
1567 680 1675 706 πέπλων
1685 680 1777 715 ’έτερος
1789 680 1893 706 ἀνωθεν

1106 726 1280 753 ἐπιϐάλλεται
1296 725 1413 760 κόσμος·
1439 724 1549 756 ἀσπίδες
1561 725 1593 751 ἐκ
1603 725 1703 760 χρυσοῦ
1725 725 1784 751 καθ’
1798 725 1895 751 ἐκατέ-

1106 780 1159 807 ρων
1182 771 1235 797 τῶν
1255 771 1398 806 ἐπωμίδων
1415 770 1585 805 καθειμέναι,
1604 771 1650 797 καὶ
1669 770 1702 796 δι’
1720 770 1823 797 ἑαυτῶν
1845 771 1894 796 ἀν-

1105 815 1214 850 έχουσαί
1229 823 1255 841 τι
1279 814 1474 850 χρυσότευκτον
1491 815 1519 840 ἐν
1534 814 1697 849 τετραγώνῳ
1712 813 1749 849 τῷ
1761 814 1891 850 σχήματι,

1103 861 1262 887 δυοκαίδεκα
1280 859 1363 891 λίθοις
1380 859 1634 895 καταλαμπόμενον,
1651 859 1774 895 στιχηδὸν
1788 860 1892 886 διακει-

1106 907 1211 941 μένοις·
1229 906 1358 941 τέτταρες
1377 905 1405 932 δὲ
1426 906 1450 931 οἱ
1473 905 1552 937 λίθοι,
1573 906 1669 941 τριάδα
1683 905 1763 932 λίθων
1776 906 1893 937 ἕκαστος

1104 952 1289 987 περιέχοντες.
1324 951 1369 977 Ἐν
1397 948 1441 983 αἷς
1467 951 1516 977 οὐκ
1531 949 1565 986 ἦν
1591 952 1680 986 εὑρεῖν
1701 960 1760 978 τινα
1781 951 1893 987 ὁμοειδῆ

1103 997 1171 1032 προς
1191 996 1240 1031 τὴν
1259 996 1370 1031 ἑτέραν·
1395 996 1452 1022 ἀλλ’
1473 996 1637 1028 ἰδιαζούσαις
1660 996 1758 1031 αὐγαῖς
1789 997 1891 1032 ἑκάστη

1104 1041 1313 1072 ἐκαλλωπίζετο.
1330 1041 1367 1067 Τὸ
1382 1041 1430 1075 μὲν
1443 1041 1474 1076 δὴ
1489 1041 1579 1077 σχῆμα
1594 1041 1639 1068 τοῦ
1656 1041 1768 1076 κόσμου,
1789 1042 1868 1068 τοῦτο
1880 1050 1888 1057 ⁶

1103 1090 1119 1122 ἡ
1141 1087 1169 1114 δὲ
1189 1087 1301 1119 διάνοια,
1322 1088 1338 1122 ἡ
1362 1087 1410 1122 μὲν
1432 1087 1485 1113 τῶν
1497 1087 1616 1114 ἀσπίδων
1638 1087 1692 1113 τῶν
1720 1087 1892 1122 καθειμένων

1104 1134 1157 1160 ἀπὸ
1172 1132 1224 1159 τῶν
1238 1132 1330 1167 ὤμων,
1345 1132 1375 1158 τὸ
1389 1132 1537 1167 περιδέξιον
1553 1133 1602 1167 τῆς
1621 1132 1692 1159 κατὰ
1708 1132 1753 1158 τοῦ
1773 1133 1892 1158 ἀντικει-

1107 1178 1186 1214 μένου
1211 1178 1343 1210 ὁπλίσεως
1367 1178 1565 1213 ῥπαινίσσεται,
1592 1178 1630 1209 ὼς
1649 1178 1764 1212 ἐδείχθη.
1791 1177 1892 1208 Καθὼς

1106 1225 1196 1260 μικρῷ
1214 1224 1331 1260 πρόσθεν
1346 1223 1462 1259 εἴρηται,
1481 1225 1531 1259 τῆς
1555 1224 1655 1259 ἀρετῆς
1673 1224 1892 1259 κατορθουμένης

1103 1270 1147 1297 διά
1165 1278 1194 1296 τε
1219 1269 1346 1302 πίστεως,
1363 1270 1409 1296 καὶ
1427 1270 1476 1304 τῆς
1495 1269 1566 1295 κατὰ
1581 1269 1626 1295 τὸν
1643 1269 1699 1304 βίον
1714 1268 1808 1294 τοῦτον
1821 1264 1892 1302 ἀγα-

1104 1315 1153 1350 θῆς
1172 1316 1360 1351 συνειδήσεως,
1387 1315 1455 1351 πρὸς
1477 1315 1620 1350 ἀμφότερα
1644 1314 1809 1349 ὴσφαλίσθαι
1831 1315 1893 1346 ταῖς

1103 1361 1158 1387 τῶν
1171 1361 1290 1388 ἀσπίδων
1304 1360 1476 1396 προσῦολαῖς,
1494 1360 1614 1395 ἄτρωτον
1629 1360 1682 1386 τῶν
1701 1359 1828 1386 τοιούτων
1846 1359 1893 1394 βε-

1104 1406 1158 1432 λῶν
1182 1406 1352 1441 διαμένοντα,
1381 1405 1425 1432 διὰ
1451 1405 1505 1432 τῶν
1532 1405 1621 1431 ὅπλων
1645 1405 1695 1440 τῆς
1720 1404 1893 1439 δικαιοσύνης

1105 1452 1158 1478 τῶν
1176 1451 1270 1484 δεξιῶν
1286 1451 1332 1477 καὶ
1347 1450 1498 1485 ἀριστερῶν
1509 1457 1516 1465 ’
1539 1450 1569 1476 τὸ
1582 1450 1610 1475 δὲ
1624 1450 1792 1485 τετράγωνον
1804 1450 1893 1475 ἐκεῖνο

266 1490 311 1524 qui
327 1489 452 1516 tribubus
464 1487 626 1523 cognomina
651 1487 792 1519 dederunt,
825 1487 958 1521 impressa
984 1486 1053 1520 lapi-

1105 1497 1226 1531 κόσμιον,
1244 1496 1274 1522 τὸ
1293 1495 1346 1522 τῶν
1362 1495 1482 1522 ἀσπίδων
1507 1493 1674 1530 ἑκατέρωθεν
1696 1494 1892 1530 ἐξηρτημένον,

267 1535 347 1562 dibus
362 1534 482 1565 fuerunt,
496 1533 587 1560 cordis
602 1533 668 1559 ﬁunt
684 1537 848 1567 tegumenta.
876 1531 966 1564 Quare
994 1532 1054 1559 dili-

266 1583 360 1613 genter
376 1585 427 1605 nos
444 1577 523 1604 docet
538 1577 666 1605 omnibus
677 1577 894 1612 patriarcharum
907 1577 1054 1604 virtutibus

266 1625 386 1655 animum
402 1622 463 1659 ejus
475 1631 537 1651 esse
549 1628 711 1650 exornatum
727 1623 773 1657 qui
791 1622 898 1649 duobus
912 1622 953 1650 his
967 1622 1054 1649 scutis

267 1669 415 1696 adversarii
431 1668 484 1695 tela
500 1667 648 1703 repulerit.
664 1667 803 1700 Quadrata
818 1675 881 1695 vero
896 1668 981 1702 ligura
996 1672 1054 1694 sta-

267 1714 398 1741 bilitatem
414 1713 524 1742 virtutis
536 1713 667 1741 ostendit.
683 1713 750 1740 Nam
768 1714 824 1740 haec
849 1713 933 1748 ﬁgura
964 1720 1055 1747 atqua-

267 1759 328 1787 liter
344 1759 463 1794 undique
491 1759 599 1794 angulis
621 1763 647 1786 et
673 1759 803 1785 convexis
819 1759 881 1786 nixa
910 1758 1053 1790 lateribus.

267 1814 320 1833 non
336 1805 414 1832 facile
433 1805 465 1832 de
477 1805 537 1832 loco
549 1809 682 1831 movetur.
700 1805 734 1831 At
744 1812 809 1831 vero
823 1805 967 1837 catenulze,
997 1805 1055 1839 qni-

267 1853 318 1879 bus
335 1855 493 1879 ornamcnta
509 1851 565 1878 haec
580 1850 612 1877 ad
633 1850 743 1876 brachia
761 1854 971 1883 connectuntur,
989 1857 1054 1884 prae.-

266 1898 357 1932 cipere
373 1897 438 1924 mihi
451 1897 588 1929 videntur,
606 1900 732 1931 oportere
750 1896 777 1923 in
790 1897 877 1923 altiori
889 1897 942 1923 vita
956 1897 1054 1931 praxin

267 1943 444 1977 speculationi
471 1943 650 1977 conjungere.
676 1943 730 1970 Cor
756 1943 828 1969 enim
861 1942 1053 1976 speculationis

268 1989 328 2015 loco
340 1989 401 2021 poni
418 1987 538 2019 videtur,
557 1987 670 2014 brachia
685 1994 751 2014 vero
770 1987 949 2022 operationis.
965 1986 1053 2021 Caput

268 2038 358 2060 autem
389 2033 542 2060 diademate
563 2037 722 2060 coronatum
735 2052 743 2062 .
769 2038 933 2060 reservatam
953 2034 1053 2060 virtute

267 2077 387 2112 praeditis
405 2084 532 2104 coronam
549 2077 694 2111 signiﬁcat,
711 2084 793 2111 quam
811 2078 834 2104 is
853 2067 979 2108 exornat,
1005 2078 1051 2112 qni

267 2129 350 2147 aurea
366 2121 465 2147 lamina
481 2120 664 2148 ineﬂ'abilibus
681 2125 742 2148 erat
771 2122 842 2148 notis
860 2122 981 2148 ca-latus.
1013 2121 1051 2148 Ita

1105 1543 1133 1568 ἐν
1154 1538 1176 1575 ᾧ
1195 1542 1263 1567 slew
1283 1542 1308 1567 οἱ
1325 1541 1463 1575 ἐπώνυμοι
1476 1540 1530 1566 τῶν
1545 1539 1634 1573 φυλῶν
1654 1539 1819 1575 πατριάρχαι
1835 1540 1896 1572 τοῖς

1104 1585 1187 1616 λίθοις
1197 1586 1384 1620 κατάγραπτοι
1394 1593 1401 1600 ο
1415 1583 1493 1611 τοῦτο
1508 1585 1557 1619 τῆς
1577 1584 1691 1618 καρδίας
1705 1583 1894 1619 προκάλυμμα

1105 1630 1216 1664 γίνεται.
1235 1629 1411 1661 [Ιαιδεύοντος
1426 1630 1499 1664 ἡμᾶς
1517 1628 1563 1655 τοῦ
1584 1628 1675 1662 λόγου,
1691 1628 1731 1654 ὅτι
1748 1628 1762 1654 ό
1774 1628 1832 1659 ταῖς
1844 1627 1893 1654 δύο

1104 1674 1215 1704 ταύταις
1231 1674 1326 1700 ἀσπίσι
1347 1673 1391 1699 τὸν
1413 1673 1530 1708 πονηρὸν
1548 1672 1658 1708 τοξότην
1678 1672 1890 1708 ἀποκρουσάμε-

1104 1727 1158 1751 νος,
1186 1719 1286 1750 πάσαις
1312 1719 1372 1749 ταῖς
1395 1718 1449 1745 τῶν
1472 1717 1649 1753 πατριαρχῶν
1674 1718 1784 1752 ἀρεταῖς
1807 1725 1894 1744 κατα-

1105 1765 1237 1800 κοσμήσει
1250 1764 1298 1799 τὴν
1313 1763 1381 1790 ἰδίαν
1397 1763 1496 1798 ψυχὴν,
1509 1763 1589 1789 ἄλλου
1607 1763 1691 1794 ἄλλως
1702 1764 1730 1789 ἐν
1742 1762 1780 1798 τῷ
1796 1763 1894 1799 πέπλῳ

1103 1811 1151 1844 τῆς
1173 1810 1273 1845 ἀρετῆς
1295 1809 1505 1844 διαλάμποντος.
1522 1808 1559 1834 Τὸ
1574 1808 1601 1835 δὲ
1626 1810 1717 1844 σχῆμα
1735 1808 1781 1835 τοῦ
1799 1817 1894 1844 τετρα-

1103 1855 1201 1890 γώνου,
1217 1855 1328 1887 ἔνδειξίς
1344 1863 1384 1881 σοι
1401 1854 1470 1881 ἔστω
1491 1855 1540 1890 τῆς
1559 1855 1587 1882 ἐν
1607 1854 1645 1890 τῷ
1660 1854 1736 1890 καλῷ
1760 1855 1893 1889 παγιότη-

1103 1910 1158 1932 τος.
1176 1900 1380 1936 Δυσμετάθετον
1400 1900 1454 1935 γὰρ
1472 1899 1502 1926 τὸ
1522 1899 1641 1927 τοιοῦτον
1660 1901 1763 1935 σχῆμα,
1785 1900 1817 1926 δι’
1833 1900 1892 1927 ίσου

1102 1949 1161 1978 ταῖς
1169 1947 1280 1981 γωνίαις
1288 1947 1332 1973 ἐπὶ
1341 1947 1389 1981 τῆς
1397 1945 1505 1977 εὐθείας
1512 1945 1566 1972 τῶν
1574 1946 1638 1971 πλευ
1643 1945 1696 1980 ρῶν
1705 1945 1873 1981 ἐρειδόμενον
1881 1953 1890 1961 ·

1103 1992 1127 2018 οἱ
1150 1992 1179 2018 δέ
1201 1991 1371 2026 τελαμῶνες,
1388 1990 1422 2016 δι’
1441 1987 1479 2017 ὧν
1505 1990 1538 2017 τὰ
1563 1991 1782 2026 προκοσμήματα
1804 1990 1892 2017 ταῦτα

1104 2038 1292 2073 ωνδεσμεῖται
1306 2037 1374 2072 πρὸς
1386 2037 1449 2068 τοὺς
1461 2036 1615 2072 βραχίονας,
1627 2036 1715 2072 δόγμα
1729 2045 1774 2072 μοι
1784 2035 1892 2064 δοκοῦσι

1104 2083 1172 2118 πρὸς
1198 2083 1244 2108 τὸν
1267 2082 1367 2117 ὑψηλὸν
1392 2082 1448 2117 βίον
1468 2082 1651 2117 παρέχεσθαι,
1674 2082 1720 2108 τοῦ
1745 2082 1799 2108 δεῖν
1824 2091 1892 2108 συν-

1103 2129 1197 2155 άπτειν
1212 2129 1261 2163 τὴν
1285 2127 1440 2163 πρακτικὴν
1465 2128 1621 2162 φιλοσοφίαν
1638 2128 1671 2162 τῇ
1691 2127 1761 2153 κατὰ
1774 2127 1893 2163 θεωρίαν

267 2167 361 2193 induto
377 2167 528 2201 vustitoque
553 2165 688 2194 sacerdoti
714 2166 818 2193 nullum
838 2167 1051 2193 calceamcnlnm

1105 2173 1305 2208 ἐνεργουμένῃ·
1327 2172 1397 2199 ὥστε
1412 2172 1462 2207 τὴν
1480 2173 1593 2207 καρδίαν
1614 2173 1672 2207 μὲν,
1691 2172 1740 2207 τῆς
1757 2173 1890 2207 θεωρίας

266 2213 425 2247 imponitur,
444 2220 476 2239 ne
496 2212 601 2239 tardior
618 2212 652 2239 ad
669 2212 836 2239 currendum
864 2212 910 2243 sit,
934 2216 980 2239 aut.
1007 2213 1051 2239 vix

267 2256 385 2287 mobilis,
402 2257 483 2291 pelles
497 2264 589 2284 secum
603 2257 744 2284 attrahens
761 2257 917 2284 animalium
931 2262 1051 2284 mortuo-

267 2309 339 2328 rum.
351 2300 418 2327 Nam
436 2302 530 2336 utjam
548 2302 676 2334 diximus,
692 2302 883 2337 impedimento
902 2303 986 2330 calcei
996 2303 1053 2330 fue-

267 2351 330 2372 rant
354 2346 449 2382 Moysi,
479 2354 540 2373 cum
565 2347 597 2374 ad
624 2347 764 2374 ardentem
786 2349 882 2375 rubum
899 2349 1050 2376 accederet.

267 2390 344 2423 Quod
357 2390 378 2416 si
397 2391 423 2416 in
438 2390 525 2424 primo
541 2391 631 2416 statim
649 2391 724 2418 aditu
749 2392 938 2426 reprobantur,
966 2394 1051 2420 multo

268 2436 355 2469 magis
384 2443 398 2461 a
427 2435 578 2462 sacerdotis
607 2436 674 2470 pede
700 2437 872 2469 rejiciuntur.
890 2437 941 2470 Qui
961 2444 1072 2468 autem,

268 2488 315 2514 per
331 2487 424 2507 omnes
435 2480 546 2514 gradus.
558 2488 626 2514 quos
636 2481 690 2514 jam
710 2483 896 2516 exposuimus,
921 2484 1052 2511 aSCende-

268 2527 312 2558 rit,
323 2526 345 2553 is
358 2533 371 2551 a
386 2525 440 2552 Deo
451 2526 502 2552 sibi
515 2526 627 2554 traditas
641 2528 748 2554 tabulas
764 2528 795 2554 ad
812 2529 939 2563 populum
952 2529 1050 2563 defcrl,

267 2572 367 2606 quibus
375 2571 466 2604 divina
482 2571 523 2598 lex
532 2573 688 2599 continetur
703 2582 709 2600 :
730 2573 777 2600 sed
793 2573 860 2600 dura
875 2578 1048 2607 pecratorum

267 2617 408 2644 collisione
419 2617 533 2652 dirupta;
548 2622 740 2645 conteruntur.
766 2618 911 2645 Peccatum
928 2627 992 2646 vero
1014 2620 1051 2647 si-

268 2663 379 2690 mulacri
397 2663 487 2690 cultus
503 2667 561 2690 erat
579 2663 606 2690 in
617 2663 693 2690 vituli
709 2663 886 2691 similitudine
899 2665 1050 2695 constituti,

267 2708 338 2743 quod
348 2716 362 2735 a
378 2708 468 2743 Moyse
482 2709 641 2741 contritum,
655 2716 780 2743 aquaque
792 2709 967 2741 dissolutum,
985 2710 1049 2744 ipsis

268 2754 314 2789 qui
326 2757 473 2788 pcecarnnt
489 2752 576 2780 lactus
589 2758 630 2781 est
645 2758 741 2787 potus:
757 2755 794 2780 ila
818 2755 890 2781 omni
914 2755 994 2781 modo
1019 2760 1047 2782 et

269 2801 379 2828 materia
395 2808 456 2835 qua:
470 2799 610 2827 hominum
628 2805 740 2834 peccato
757 2801 987 2833 Sllbillilli>lrilVil,
1003 2801 1047 2827 dc-

1104 2218 1167 2248 τοὺς
1189 2217 1218 2243 δὲ
1242 2216 1387 2252 βραχίονας
1413 2217 1467 2243 τῶν
1497 2216 1584 2252 ἔργων
1612 2216 1732 2251 σύμϐολα
1755 2216 1891 2250 γίνεσθαι.

1106 2261 1218 2297 Κεφαλὴ
1230 2261 1258 2287 δέ
1273 2261 1446 2297 κοσμουμένη
1462 2262 1501 2296 τῷ
1519 2262 1672 2297 διαδήματι,
1687 2261 1732 2288 τὸν
1744 2261 1894 2296 ἀποκείμε-

1105 2315 1149 2333 νον
1161 2307 1217 2338 τοίς
1231 2304 1259 2333 εὖ
1281 2306 1424 2341 βεϐιωκόσι
1441 2307 1571 2340 στέφανον
1595 2306 1786 2342 ἀποσημαίνει,
1800 2306 1828 2332 ὃν
1844 2314 1893 2332 κο-

1106 2354 1170 2386 σμεῖ
1188 2351 1202 2376 ὁ
1217 2351 1434 2386 ἐσφραγισμένος
1447 2351 1484 2386 τῷ
1502 2351 1593 2386 χρυσῷ
1611 2351 1717 2385 πετάλῳ
1727 2353 1784 2383 τοῖς
1801 2351 1892 2386 ἀρρή-

1104 2403 1161 2426 τοις
1180 2396 1367 2430 χαράγμασιν.
1382 2396 1523 2431 ’Υπόδημα
1541 2397 1569 2423 δὲ
1585 2397 1614 2423 οὐ
1627 2396 1780 2431 περιτίθησι
1793 2396 1830 2431 τῷ
1842 2397 1892 2423 τὸν

1105 2439 1224 2466 τοιοῦτον
1235 2441 1336 2475 κόσμον
1351 2441 1501 2468 ἐνδεδυκότι
1510 2450 1517 2456 ·
1529 2442 1566 2473 ὡς
1576 2442 1608 2468 ἂν
1620 2441 1656 2476 μὴ
1667 2441 1807 2477 βαρύνοιτο
1820 2441 1892 2477 πρὸς

1104 2486 1150 2512 τὸν
1164 2486 1274 2521 δρόμον,
1295 2487 1340 2513 καὶ
1353 2487 1511 2521 δυσκίνητος
1525 2488 1567 2522 εἴη
1584 2489 1616 2522 τῇ
1636 2488 1690 2513 τῶν
1714 2487 1813 2523 νεκρῶν
1826 2487 1890 2522 δερ-

1106 2531 1198 2565 μάτων
1222 2531 1361 2566 περιϐολῇ,
1377 2531 1447 2558 κατὰ
1469 2532 1518 2566 τὴν
1533 2532 1680 2567 γενομένην
1704 2532 1750 2558 ἐπὶ
1770 2532 1818 2567 τῆς
1839 2532 1888 2558 τοῦ

1103 2575 1182 2610 ὅρους
1194 2576 1308 2611 θεωρίας
1321 2576 1448 2602 διάνοιαν.
1463 2577 1524 2607 Πῶς
1535 2575 1580 2603 οὖν
1593 2576 1703 2611 ἔμελλεν
1713 2576 1771 2602 ἀντὶ
1784 2577 1889 2611 κόσμου

1101 2620 1140 2656 τῷ
1153 2621 1212 2647 ποδὶ
1231 2621 1261 2647 τὸ
1282 2621 1408 2657 ὑπόδημα
1425 2621 1557 2655 γίνεσθαι,
1572 2621 1602 2648 τὸ
1622 2621 1692 2648 κατά
1711 2622 1760 2658 τὴν
1775 2621 1890 2657 πρώτην

1104 2666 1296 2700 μυσταγωγίαν
1313 2667 1350 2698 ὼς
1371 2667 1496 2702 ἐμπόδιον
1516 2667 1566 2703 τῆς
1588 2667 1679 2694 ἀνόδου
1701 2668 1890 2703 ἀποϐαλλόμεα

1101 2720 1162 2744 νον;
1179 2712 1208 2738 Ὀ
1223 2712 1251 2738 δὲ
1266 2712 1391 2739 τοσοῦτον
1406 2713 1500 2744 διαϐὰς
1520 2713 1564 2740 διὰ
1583 2714 1636 2740 τῶν
1651 2713 1767 2748 καθεξῆς
1781 2714 1889 2749 θεωρη-

1101 2756 1197 2783 θεισῶν
1215 2757 1280 2791 ἡμῖν
1296 2757 1464 2790 ἀναϐάσεων,
1477 2759 1525 2790 τὰς
1541 2758 1714 2790 θεοτεύκτους
1726 2760 1831 2791 πλάκας
1843 2759 1891 2786 διὰ

1101 2801 1190 2837 χειρὸς
1206 2802 1293 2837 φέρει,
1307 2803 1335 2828 αἳ
1359 2803 1429 2829 θεῖον
1444 2804 1525 2838 νόμον
1544 2805 1572 2830 ἐν
1593 2804 1688 2835 αὑταῖς
1703 2805 1889 2840 περιέχουσιν.
