1986 3080
109 120 158 149 595

778 120 820 148 DE
842 120 921 147 VlTA
942 119 1080 147 MOYSIS.

1682 123 1736 152 ὅθι

114 181 192 208 Ἀλλὰ
220 181 406 217 συντρίϐονται
432 179 523 215 αὗται,
545 184 578 218 τῇ
605 183 754 218 τραχύτητι
775 184 824 218 τῆς
843 183 889 209 τῶπ

949 182 1001 210 leta
1017 186 1069 210 est.
1093 180 1254 216 Prophetice
1274 181 1356 215 igitur
1370 183 1425 210 haec
1440 182 1554 211 historia
1566 183 1600 212 de
1619 185 1662 218 iis.
1673 193 1735 221 quae

107 227 304 263 ἡμαρτηκότων
327 227 486 260 ἀντιτυπίας
505 230 714 265 περιτριδεϊσαι.
739 229 776 256 Τὸ
795 229 822 255 δὲ
843 229 893 265 τῆς

947 227 1227 263 nostristemporibus
1244 226 1316 269 facta
1333 233 1406 262 sunt,
1422 230 1593 258 exclamavit.

109 275 244 310 ἁμαρτίας
254 274 334 307 εἶδος,
351 276 523 303 εἰδωλοποιία
534 275 620 312 ἧν.ὲν
630 277 783 313 ὁμοιώματι
813 277 913 312 μόσχου
937 276 1084 310 γλυφέντος
1105 276 1162 307 τοῖς
1185 275 1390 312 εἰδωλολάτραις
1414 277 1461 303 τοῦ
1484 278 1678 314 ἀφιδρύματος.
1699 279 1734 305 ’Ὀ

107 321 180 357 παρὰ
204 321 251 348 τοῦ
277 321 416 354 Μωῦσέως
442 323 595 356 ὲκλεανθέν,
617 324 677 350 ὂλον
699 323 830 358 συνελὺθη
858 323 897 358 τῷ
926 322 1012 353 ὕδατι,
1033 322 1080 348 καὶ
1109 322 1190 348 ποτὸν
1203 321 1258 348 τῶν
1276 322 1505 360 ὲξημαρτηκότων
1520 324 1643 358 ἐγένετο·
1664 324 1733 352 ὥστε

106 370 188 396 παντὶ
221 368 315 404 τρόπῳ
336 368 375 400 εἰς
397 369 551 404 ἀφανισμὸν
573 370 697 406 χωρῆσαι
720 370 770 405 τὴν
788 369 864 404 ὓλην,
880 369 912 403 τῇ
925 367 1037 403 ἀσεϐείᾳ
1060 367 1114 394 τῶν
1131 367 1282 402 ἀνθρώπων
1293 359 1505 402 ὑπηρετήσασαν
1517 368 1603 396 ταῦτα
1616 370 1733 405 μάλιστα

106 417 151 443 καὶ
166 415 230 450 περὶ
250 415 304 442 τῶν
317 415 365 442 νῦν
380 416 409 442 ὲν
426 415 465 451 τῷ
482 416 542 443 καθ’
555 416 629 451 ἡμᾶς
645 416 733 452 χρόνῳ
747 414 948 450 γεγενημένων,
965 414 1025 441 τότε
1040 414 1057 448 ἡ
1074 413 1177 449 ἱστορία
1192 413 1368 449 προφητικῶς
1386 413 1552 450 ἀνεφώνησε.

141 463 219 489 Πᾶσα
239 462 293 498 γὰρ
314 463 331 498 ἡ
349 464 412 498 περὶ
431 463 465 490 τὰ
492 463 589 491 εἴδωλα
606 463 711 500 πλάνη,
736 464 826 490 τέλεον
848 463 893 497 ὲξ-

104 509 251 544 ηψανίσϐη,
262 509 444 536 καταποθεῖσα
460 509 535 545 παρὰ
542 509 596 536 τῶν
609 510 726 536 εὐσεϐῶν
741 509 892 544 στομάτων,

106 555 159 582 τῶν
171 556 214 582 διὰ
225 556 274 590 τῆς
284 555 387 590 ἀγαθῆς
399 555 541 591 ὁμολογίας
548 556 593 582 τὸν
604 555 755 591 ἀφανισμὸν
766 556 816 591 τῆς
830 556 893 582 ἀσε-

107 601 170 632 ϐοῦς
183 601 248 636 ὕλης
264 602 293 628 ἐν
311 601 402 632 αὐτοῖς
416 602 617 636 ποιησαμένων.
630 602 684 628 Καὶ
696 601 768 637 ὕδωρ
783 602 893 636 γέγονεν

105 647 224 681 ἀτεχνῶς
240 646 386 681 παροδικὸν
399 655 428 673 τε
442 648 487 673 καὶ
502 647 685 674 ἀνυπόστατον
698 647 731 674 τὰ
749 647 832 674 πάλαι
844 655 892 673 πε-

107 691 213 726 πηγότα
231 691 306 726 παρὰ
315 693 370 723 τοῖς
382 691 588 727 εἰδωλολάτραις
604 693 751 728 μυστήρια,
764 692 835 728 ὕδωρ
848 692 893 719 ὑπ’

105 737 262 764 αὐτῶντῶν
284 746 349 764 ποτε
373 737 624 772 εἰδωλομανούντων
648 738 789 773 στομάτων
811 747 894 765 κατα-

105 783 258 818 πινόμενον.
271 783 355 810 ⁹Ὀταν
372 783 425 820 γὰρ
442 785 499 820 ἴδῃς
515 785 577 816 τοὺς
594 785 725 821 πρότερον
736 786 769 820 τῇ
782 785 893 821 τοιαύτῃ

104 828 306 860 ὑποπίπτοντας
333 829 503 864 ματαιότητι,
529 829 576 855 νῦν
600 829 778 865 ἀναιροῦντας
801 830 892 857 ἐκεῖνα

104 874 150 900 καὶ
165 874 354 908 ἀφανίζοντας,
376 875 404 901 ὲν
418 873 458 906 οἷς
471 874 559 901 αὐτῶν
575 873 609 911 ἦν
625 876 640 910 ἡ
655 875 815 911 πεποίθησις
827 884 833 891 ·
848 874 892 912 ἆρ’
909 865 930 895 Β

102 920 163 954 οὐχὶ
181 919 244 955 βοᾷν
257 928 297 946 σοι
309 920 383 947 δοκεῖ
398 920 522 956 φανερῶς
537 922 552 956 ἡ
567 921 678 956 ίστορία-
695 921 890 957 Καταποθήσε-

102 964 147 991 ταί
166 973 230 991 ποτε
251 966 304 991 πᾶν
322 965 430 991 εἴδωλον
446 967 501 997 τοῖς
519 966 633 1000 στόμασι
647 966 701 993 τῶν
726 966 794 1002 πρὸς
816 967 893 993 εὐσέ-

102 1012 179 1038 6ειαν
201 1011 255 1038 ἀπὸ
277 1012 327 1046 τῆς
349 1012 458 1047 ἀπάτης
486 1012 700 1048 μετατεθέντων;
729 1013 846 1046 Ὀπλίζει
863 1013 891 1039 δὲ

105 1056 164 1087 τοὺς
175 1056 290 1088 Λευῒτας
304 1057 318 1082 ὁ
333 1056 453 1092 Μωῦσῆς
465 1057 534 1083 κατὰ
548 1057 602 1083 τῶν
612 1057 766 1092 ὁμοφύλων,
781 1058 827 1085 καὶ
838 1057 891 1084 δια-

102 1103 272 1137 περάσαντες
287 1102 336 1137 τὴν
350 1102 535 1138 παρεμϐολὴν,
550 1103 596 1130 ἀπ’
613 1104 697 1138 ἄκρου
718 1104 833 1139 πέρατος
845 1104 891 1130 ἐπὶ

100 1147 132 1174 τὸ
146 1148 239 1183 ἕτερον
252 1147 348 1185 ἄκρον,
361 1148 537 1181 ἀνεξέταστον
553 1148 690 1175 ποιοῦνται
702 1148 755 1175 τῶν
762 1150 890 1184 ἐντυγχα-

100 1194 199 1220 νόντων
216 1194 260 1220 τὸν
272 1193 361 1228 φόνον,
379 1195 410 1230 τῇ
426 1195 501 1230 ἀκμῇ
515 1194 562 1221 τοῦ
579 1193 672 1229 ξίφους
685 1195 733 1228 τὴν
751 1195 821 1222 κατὰ
835 1195 889 1221 τῶν

98 1240 303 1274 ἀναιρουμένων
319 1240 514 1275 ἐπιτρέψαντες
528 1240 626 1275 ψῆφον.
650 1241 762 1275 Ἐπίτης
774 1241 801 1267 δὲ
818 1241 888 1267 κατὰ

99 1285 201 1317 παντὸς
221 1285 268 1312 τοῦ
293 1286 474 1321 προτυχόντος
491 1286 685 1322 ἐνεργουμένου
700 1286 746 1313 τοῦ
760 1283 889 1318 φόνου,οὑ

98 1331 244 1366 διακρίνων
265 1331 293 1357 ὲν
307 1332 363 1362 τοῖς
384 1331 591 1366 ἀναιρουμένοις
612 1332 666 1358 τῶν
681 1331 840 1368 ἀνθρώπων,
857 1331 887 1358 οὐ

100 1377 202 1408 συνιεὶς
216 1376 262 1402 τὸν
286 1376 382 1411 ἐχθρὸν
404 1376 420 1411 ἣ
436 1376 480 1402 τὸν
497 1376 583 1410 φίλον,
597 1377 643 1403 τὸν
662 1376 735 1409 ξένον
751 1376 768 1412 ῆ
790 1377 835 1403 τὸν
850 1377 888 1403 ol-

98 1424 183 1454 κείον,
196 1422 227 1449 τὸ
245 1422 401 1457 συγγενὲςῆ
417 1422 448 1449 τὸ
463 1422 617 1458 ἀλλότριονο
633 1423 701 1450 ἀλλὰ
718 1423 766 1458 μία
781 1432 820 1455 τις
834 1433 888 1459 χει-

100 1468 147 1503 ρὸς
163 1465 197 1503 ἦν
209 1468 291 1503 ὁρμὴ.
304 1467 375 1494 κατὰ
389 1468 487 1499 παντὸς
502 1468 548 1494 τοῦ
563 1469 779 1503 προσπίπτοντος
790 1469 888 1504 ὁμοίως

98 1511 198 1546 ὲπὶσης
208 1511 403 1547 ἐνεργουμένη.
424 1512 452 1538 Ὀ
471 1511 499 1538 δὲ
514 1513 576 1548 περὶ
590 1512 684 1539 τούτου
699 1513 777 1547 λόγος
787 1513 888 1549 ταύτην

97 1556 132 1584 ἃν
147 1557 211 1592 ἡμῖν
227 1558 394 1592 παράσχοιτο
407 1557 457 1592 τὴν
479 1557 622 1592 ὠφέλειαν,
640 1558 733 1594 ἐπειδὴ
755 1559 888 1594 πανδημεὶ

98 1603 200 1634 πάντες
219 1603 286 1638 πρὸς
301 1603 331 1629 τὸ
349 1603 433 1630 κακὸν
450 1604 661 1640 συνεφρόνησαν,
676 1606 722 1632 καὶ
738 1605 811 1632 ὥσπε
817 1614 832 1641 ρ
848 1603 888 1637 εἷς

97 1649 207 1683 ἐγένετο
220 1649 259 1684 τῷ
283 1649 354 1684 λόγῳ
367 1649 418 1684 τῆς
436 1650 535 1681 κακίας
552 1650 582 1676 τὺ
605 1651 783 1686 στρατόπεδον
798 1651 887 1678 ἃπαν-

97 1696 287 1730 ἀδιάκριτοςὴ
315 1696 374 1722 κατ’
398 1696 487 1722 αὐτῶν
513 1696 615 1731 γίνεται
641 1697 748 1732 μάστιξ.
769 1697 813 1729 Ὡς
834 1697 888 1733 γάρ

97 1750 159 1768 τινα
175 1741 229 1767 τῶν
243 1741 289 1767 ἐπὶ
303 1741 385 1777 κακίᾳ
401 1741 607 1777 πεφωραμένων
621 1743 636 1769 ὁ
651 1742 768 1777 πληγαῖς
783 1743 888 1775 αἰκιζό-

98 1796 189 1822 μενος,
212 1788 236 1818 ὅ,
254 1787 279 1814 τί
303 1796 356 1823 περ
377 1787 409 1814 ἃν
432 1788 501 1824 τύχῃ
519 1788 564 1814 τοῦ
589 1789 713 1824 σώματος
733 1789 889 1821 καταξαίνει

95 1833 141 1860 διὰ
152 1834 201 1868 τῆς
213 1833 354 1868 μάστιγος,
369 1833 448 1865 εἰδὼς
463 1834 503 1860 ὄτι
517 1835 533 1869 ἠ
555 1834 600 1860 ἐπὶ
615 1835 713 1870 μέρους
731 1833 809 1869 ὀδύνη
821 1834 888 1868 πρὸς

95 1878 128 1906 ἰδ
146 1879 199 1906 πᾶν
224 1879 377 1915 διέρχεται⁴
398 1880 484 1912 οὕτως
508 1880 546 1912 ὡς
564 1881 664 1912 παντὸς
685 1880 785 1916 ὁμοίως
809 1880 889 1907 κολα-

96 1923 223 1960 ζομένου,
238 1925 285 1952 τοῦ
300 1927 338 1957 είς
353 1924 402 1960 τὴν
417 1925 516 1952 κακίαν
534 1926 702 1961 συμφυέντος
721 1925 856 1961 σώματος,
871 1927 888 1961 ἡ

97 1971 146 1996 ἐπὶ
162 1971 262 2006 μέρους
277 1971 459 2006 ἐνεργουμένη
473 1971 572 2006 μάστιξ
584 1971 614 1998 το
628 1972 682 1998 πᾶν
698 1971 886 2007 ὲσωφρόνιξεν.

96 2015 204 2042 Οἰκοῦν
223 2015 249 2041 εί
264 2023 327 2053 ποτε
345 2014 395 2050 τῆς
419 2015 480 2050 ἴτης
495 2015 593 2046 κακίας
607 2017 636 2042 ὲν
657 2015 762 2048 πολλοῖς
776 2016 889 2052 θεωρου-

98 2060 195 2096 μένης,
215 2061 251 2096 μὴ
268 2060 337 2087 κατὰ
351 2061 471 2094 πάντων,
487 2061 555 2088 ἀλλὰ
572 2061 644 2089 κατά
653 2071 733 2088 τινων
747 2063 887 2098 ἐνεργήσει

91 2106 111 2142 ὴ
130 2106 177 2132 τοῦ
194 2105 262 2132 Θεοῦ
286 2107 472 2141 ἀγανάκτησις
485 2115 492 2121 ·
520 2109 591 2134 νοεῖν
619 2109 752 2144 προσήκει
777 2108 826 2144 τὴν
845 2108 889 2135 διὰ

95 2151 304 2187 φιλανθρωπίας
317 2151 372 2178 τῶν
384 2152 588 2188 ἐνεργουμένων
605 2144 762 2189 διόρθωσιν·
776 2154 805 2180 οὺ
820 2154 887 2180 παν-

983 460 1079 488 Omnis
1105 460 1177 488 enim
1196 460 1270 488 circa
1285 461 1431 488 simulacra
1446 468 1535 494 error,
1553 462 1677 490 funditus
1689 468 1732 490 est

947 506 1072 534 sublatus
1088 510 1170 542 atque
1181 514 1228 534 ore
1242 507 1346 542 piorum
1359 507 1515 542 absorptus,
1528 509 1574 544 qui
1587 509 1655 536 bona
1667 516 1732 536 con-

946 552 1065 580 fessione
1077 553 1218 580 materiam
1233 553 1380 587 impietatis
1400 553 1427 580 in
1445 553 1544 588 seipsis
1561 554 1731 582 deleverunt.

947 598 1078 627 Videmus
1093 604 1223 634 praeterea
1240 607 1300 634 qua:
1313 603 1408 626 sancta
1427 599 1536 628 fuerunt
1551 602 1621 636 apud
1636 602 1732 636 impie-

942 639 1003 667 tatis
1010 639 1130 668 fautores
1136 641 1275 677 mysteria;
1281 641 1357 676 quasi
1365 647 1463 675 aquam
1470 641 1622 670 instabilem
1629 641 1738 674 delapsa

944 687 1108 719 deﬂuxisse;
1135 695 1232 722 aquam
1256 688 1290 715 ab
1315 688 1424 715 illorum
1451 687 1572 722 ipsorum
1601 696 1658 721 ore,
1682 690 1730 724 qui

944 736 1018 763 cultu
1044 735 1254 763 simulacrorum
1276 735 1461 767 insaniebant,
1485 735 1647 763 itnbibitam.
1663 735 1729 764 Nam

944 789 1006 808 cum
1014 789 1110 810 cernas
1118 780 1203 808 oculis
1210 787 1267 814 eos,
1274 781 1321 815 qui
1328 780 1391 807 huic
1402 780 1517 807 vanitati
1532 786 1609 808 erant
1622 781 1730 816 penitus

943 826 1039 858 dediti,
1067 827 1119 853 alia
1136 826 1299 861 templorum
1326 833 1449 858 suorum,
1467 826 1494 853 in
1520 827 1620 861 quibus
1635 835 1730 863 spera-

945 875 1052 904 verant,
1067 872 1219 903 diruentes.
1232 872 1286 899 alia
1308 872 1335 899 in
1361 872 1428 900 alios
1440 880 1507 900 usus
1519 873 1728 904 transferentes,

945 925 1035 945 nonne
1055 925 1153 952 magna
1174 925 1241 945 voce
1261 918 1379 945 clamare
1403 918 1514 946 historia
1538 919 1669 947 videtur:
1686 920 1730 948 {u-

943 967 1035 990 turum
1056 971 1116 991 esse
1130 967 1238 998 tempus
1253 963 1317 990 olim
1334 963 1360 990 in
1376 971 1430 998 quo
1446 965 1622 993 simulacrum
1637 974 1729 999 omne,

943 1017 991 1037 ore
1012 1010 1134 1044 ipsorum
1150 1010 1196 1044 qui
1213 1009 1247 1036 ab
1265 1009 1417 1044 iniquitatis
1439 1018 1533 1038 errore
1549 1011 1581 1039 ad
1598 1012 1727 1047 pietatem

943 1058 1170 1089 transponentur,
1194 1054 1330 1081 delebitur
1352 1059 1379 1081 et
1405 1055 1614 1084 alisorbebitur?
1634 1058 1729 1085 Armat

941 1100 1039 1128 deinde
1062 1099 1171 1128 chitas
1192 1108 1246 1127 non
1274 1100 1301 1127 in
1335 1101 1511 1136 alienigenas,
1533 1103 1579 1130 sed
1608 1103 1635 1130 in
1663 1112 1729 1132 suos

941 1146 1070 1174 ardenter
1085 1145 1202 1181 Moyses,
1220 1146 1266 1181 qui
1283 1146 1317 1173 ab
1334 1146 1417 1174 altera
1432 1148 1605 1176 extremitate
1621 1154 1727 1178 castro-

942 1200 1003 1219 rum
1020 1192 1053 1218 ad
1069 1192 1182 1219 alteram
1198 1191 1322 1223 confuse,
1341 1195 1368 1219 ut
1386 1193 1502 1228 quisque
1517 1193 1623 1221 obviam
1639 1195 1726 1227 fieret,

941 1244 1041 1264 omnes
1075 1236 1280 1264 interfecerunt.
1300 1235 1337 1263 lla
1362 1244 1424 1264 cum
1446 1238 1548 1272 pariter
1570 1239 1727 1275 quicunque

942 1282 1067 1310 mucroni
1095 1281 1238 1314 incideret,
1261 1282 1441 1313 orcidcretur,
1466 1291 1546 1311 nemo
1561 1284 1727 1314 interﬁcien-

940 1328 1008 1355 timt
1029 1328 1089 1363 quis
1111 1327 1217 1355 amicus
1237 1331 1282 1354 aut
1301 1327 1362 1362 quis
1387 1327 1514 1356 inimicus
1535 1329 1724 1365 discernebat;

939 1374 1002 1409 quis
1023 1373 1201 1406 domesticus,
1225 1374 1287 1408 quis
1312 1373 1410 1407 aliinis,
1432 1374 1494 1410 quis
1510 1381 1652 1411 cognatus,
1679 1382 1726 1404 aut

941 1420 1056 1452 alienus,
1082 1427 1162 1447 nemo
1179 1420 1374 1455 prospiciebat;
1403 1420 1449 1447 sed
1470 1421 1568 1449 unicus
1583 1426 1663 1458 atque
1677 1431 1727 1459 par

941 1468 1073 1495 adversus
1089 1475 1197 1499 omnes,
1213 1467 1238 1494 in
1255 1475 1324 1502 quos
1335 1467 1499 1501 inciderant,
1523 1473 1582 1496 erat
1597 1469 1724 1505 impetus.

915 1527 921 1543 ι
941 1512 1018 1540 Unde
1034 1513 1164 1541 discimus
1185 1512 1289 1540 idcirco
1309 1513 1410 1548 absque
1424 1513 1604 1548 dispositione
1617 1516 1726 1550 punitos

940 1558 1035 1591 fuisse,
1059 1559 1188 1593 quoniam
1210 1567 1263 1586 una
1283 1567 1379 1587 omnes
1396 1560 1429 1586 ad
1448 1561 1548 1587 malum
1570 1562 1728 1597 conspiran-

940 1608 992 1638 tes,
1009 1605 1117 1632 ratione
1133 1604 1189 1632 vitii
1207 1605 1285 1640 quasi
1316 1614 1388 1634 unus
1408 1606 1497 1634 eil'ecti
1514 1611 1589 1638 sunt,
1602 1612 1629 1635 ct
1643 1609 1726 1636 veluti

939 1657 1002 1676 cum
1021 1649 1158 1684 quispiam
1175 1658 1259 1677 unum
1280 1651 1415 1679 hominem
1434 1652 1555 1686 peccatis
1574 1658 1726 1682 commotus

940 1695 998 1722 suis
1024 1695 1104 1722 caedit
1125 1694 1309 1728 vehementer,
1338 1704 1392 1723 non
1415 1697 1467 1724 hoc
1488 1701 1534 1724 aut
1559 1698 1623 1726 illud
1646 1707 1725 1727 suum

940 1740 1033 1775 aiiligit
1044 1740 1208 1772 membrum,
1221 1741 1268 1768 sed
1278 1749 1332 1775 quo
1341 1741 1477 1776 ﬂagellum
1488 1743 1629 1770 commode
1637 1748 1727 1779 potest

940 1785 1049 1819 inferri,
1063 1785 1132 1813 illud
1155 1786 1290 1813 verberat:
1308 1786 1377 1814 bene
1394 1788 1465 1814 enim
1487 1788 1562 1816 novit
1576 1797 1727 1824 quamcun-

939 1839 993 1866 que
1021 1836 1123 1865 partem
1149 1833 1327 1866 percusserit,
1359 1832 1392 1860 ad
1425 1837 1510 1860 totum
1540 1841 1640 1869 corpus
1664 1835 1727 1863 inde

940 1883 1050 1904 sensum
1067 1876 1170 1903 doloris
1188 1876 1388 1904 transiturum:
1411 1876 1450 1904 sic
1464 1885 1524 1912 qua:
1537 1878 1596 1906 sine
1611 1878 1728 1913 disposi~

940 1922 1014 1950 tione
1030 1927 1096 1950 tunc
1117 1922 1301 1949 adhibebatur
1311 1922 1427 1957 punitio,
1444 1929 1540 1950 omnes
1557 1923 1603 1958 qui
1620 1924 1728 1959 conspi.

940 1969 1046 1997 ratione
1058 1969 1130 2002 vitii,
1147 1969 1225 2003 quasi
1244 1972 1322 1996 erant
1340 1968 1367 1995 in
1387 1977 1471 1996 unum
1491 1976 1591 2004 corpus
1606 1969 1725 2003 conﬂati,

940 2015 1038 2042 mirum
1069 2015 1096 2042 in
1121 2014 1232 2042 modum
1265 2015 1427 2050 castigabat.
1451 2014 1540 2048 Quare
1562 2016 1585 2043 si
1601 2023 1730 2044 nonnuno

939 2068 1020 2095 quam
1040 2061 1160 2095 peccatis
1183 2060 1327 2087 hominum
1351 2060 1419 2087 iram
1437 2060 1483 2088 Dei
1499 2061 1656 2092 excitatam,
1673 2069 1726 2088 non

940 2106 967 2133 in
988 2113 1094 2139 omnes,
1119 2106 1166 2133 sed
1190 2105 1217 2132 in
1243 2105 1352 2139 aliquos
1370 2104 1435 2132 ferri
1461 2105 1612 2136 videamus.
1629 2106 1728 2133 divina:

940 2152 1092 2179 clementia:
1114 2151 1329 2187 magnitudinem
1353 2150 1482 2178 admirari
1506 2151 1656 2178 debemus:
1674 2159 1727 2186 qua

93 2207 150 2224 των
161 2197 209 2232 μὲν
220 2206 250 2224 τυ
255 2198 405 2233 τιτομένων.
414 2199 522 2226 πάντων
529 2198 557 2226 δὲ
565 2201 626 2231 ταῖς
636 2201 762 2235 μερικαϊς
773 2200 889 2236 πληγαῖς

941 2197 980 2229 lit,
1002 2202 1032 2225 ut
1055 2205 1109 2225 non
1126 2204 1222 2225 omnes
1244 2197 1324 2224 sicuti
1350 2201 1499 2229 merentur,
1527 2196 1726 2231 pereutiantur,

94 2243 166 2278 πρὸς
188 2242 237 2278 τὴν
251 2243 300 2278 τῆς
319 2243 418 2276 κακίας
435 2244 610 2281 ἀποστροφὴν
636 2246 887 2281 σωφρονιζομένων.

101 2285 184 2313 Ἀλλὰ
198 2285 278 2312 τοῦτο
290 2286 338 2321 μὲν
352 2287 391 2314 ἔτι
403 2288 458 2314 τῶν
473 2288 535 2315 καθ’
550 2289 670 2324 ἱστορίαν
688 2291 888 2326 γεγραμμένων

93 2330 127 2357 τὺ
141 2331 240 2366 νόημα.
263 2331 295 2358 Ἡ
308 2332 336 2358 δὲ
348 2332 477 2368 ἀναγωγὴ
492 2334 584 2361 τοῦτον
600 2335 632 2361 ἂν
645 2336 720 2370 ἡμᾶς
732 2335 777 2362 τὸν
789 2335 888 2372 τρόπον

93 2376 274 2412 ὠφελήσειεν.
295 2378 401 2414 Ἐπειδὴ
412 2388 493 2414 φησιν
507 2381 534 2406 ὲν
550 2381 631 2415 κοινῷ
648 2375 805 2416 κηρύγματι
822 2383 888 2418 πρὸς

94 2423 201 2455 πάντας
213 2423 226 2449 ό
237 2423 395 2459 νομοθέτης,
405 2425 445 2452 ὅτι
463 2435 472 2451 ‹
485 2426 518 2452 Εἴ
528 2435 569 2458 τις
580 2427 647 2462 πρὸς
657 2428 702 2454 τὸν
715 2428 826 2463 Κύριον,
840 2428 888 2455 ἴτω

93 2467 166 2503 πρός
177 2476 221 2502 με.
237 2478 245 2494 ι
259 2468 348 2504 Ὅπερ
357 2470 456 2505 ὲστὶνή
470 2471 516 2497 τοῦ
525 2471 608 2506 νόμου
622 2472 697 2507 φωνὴ
713 2471 795 2499 πᾶσιν
807 2473 887 2506 ἐγκεα

93 2512 230 2549 λευομένη
246 2513 287 2546 τὺ,
308 2513 343 2540 Εἴ
356 2522 398 2546 τις
417 2514 540 2549 βούλεται
560 2516 606 2543 τοῦ
623 2516 690 2542 Θεοῦ
711 2516 786 2551 φίλος
807 2515 886 2549 εἶναι,

94 2559 161 2594 ἐμοὶ
174 2558 214 2593 τῷ
227 2557 302 2593 νόμῳ
315 2558 391 2593 φίλος
404 2560 532 2593 γενέσθω.
553 2560 583 2588 ’0
597 2561 652 2597 γὰρ
664 2562 703 2596 τῷ
717 2561 792 2598 νόμῳ
804 2562 888 2596 φίλος,

92 2605 144 2631 καὶ
158 2604 197 2640 τῷ
210 2604 269 2640 τοεῷ
281 2605 357 2639 φίλος
373 2607 431 2632 ἐστὶ
445 2606 567 2639 πάντων
583 2608 630 2634 καὶ
651 2609 708 2639 τοῖς
727 2608 796 2644 πρὸς
808 2608 888 2635 αὐτὸν

93 2650 141 2677 διὰ
164 2650 285 2677 τοιούτου
309 2652 487 2687 κηρύγματος
513 2653 696 2688 ἀθροισθεῖσιν
716 2653 889 2688 ὲγκελεύεται

92 2695 251 2732 χρήσασθαι
266 2696 305 2732 τῷ
318 2696 389 2732 ξίφει
409 2698 479 2724 κατὰ
495 2697 542 2725 τοῦ
556 2698 671 2734 ἀδελφοῦ
685 2700 731 2726 καὶ
751 2699 798 2726 τοῦ
813 2699 889 2734 φίλου

93 2743 144 2769 καὶ
160 2742 207 2770 τοῦ
226 2743 346 2778 πλησίον.
364 2743 487 2779 Νοοῡμεν
502 2745 529 2771 δὲ
546 2745 613 2781 πρὸς
630 2745 658 2772 τὸ
669 2745 814 2772 ἀκόλουθον
829 2745 890 2781 βλέ-

132 2832 156 2848 "
177 2833 262 2862 Exod.
283 2841 367 2866 xxxii,
385 2833 430 2861 25.

240 2881 375 2911 Ριτιιοι..
396 2882 442 2910 (in
477 2879 577 2912 XLIV.

939 2250 1035 2271 omnes
1048 2246 1137 2270 tamen
1150 2242 1265 2278 ﬂagellis
1276 2242 1455 2277 castigentur.
1467 2240 1567 2268 Verum
1583 2241 1608 2268 id
1623 2249 1655 2268 ex
1669 2242 1728 2277 ipsa

940 2289 1054 2317 historia
1079 2296 1133 2316 non
1149 2288 1232 2315 altius
1254 2287 1391 2314 intellecta
1418 2286 1559 2314 discimus.
1579 2286 1619 2313 Ad
1638 2287 1726 2314 subli-

940 2335 1013 2361 mius
1031 2337 1122 2361 autem
1137 2333 1271 2361 reducere
1291 2333 1428 2366 volentes,
1450 2332 1517 2360 illud
1537 2333 1612 2368 prius
1634 2333 1727 2360 consi-

940 2379 1118 2411 derabimus,
1146 2379 1219 2414 quod
1253 2379 1392 2406 communi
1423 2379 1560 2414 praeconio
1588 2379 1727 2414 legislator

939 2424 1120 2452 exclamavit:
1135 2433 1144 2449 ι
1159 2423 1187 2451 Si
1203 2424 1266 2460 quis
1277 2429 1319 2451 est
1333 2422 1450 2456 Domini,
1469 2424 1502 2451 ad
1516 2432 1559 2452 me
1569 2424 1703 2453 veniat".
1715 2434 1724 2450 I

940 2471 997 2504 Qua
1020 2479 1085 2498 roce
1107 2471 1148 2498 lex
1173 2471 1231 2505 ipsa
1255 2471 1382 2498 omnibus
1403 2470 1512 2498 edicere
1534 2470 1642 2498 videtur
1667 2479 1674 2498 :
1699 2470 1726 2498 Si

940 2517 1002 2552 quis
1017 2516 1102 2544 Deum
1120 2522 1211 2542 amare
1230 2515 1297 2546 vult,
1323 2523 1365 2542 me
1389 2515 1474 2550 legem
1498 2520 1585 2548 amet;
1602 2523 1663 2542 nam
1680 2516 1728 2550 qui

939 2563 1008 2597 legis
1023 2562 1130 2589 amicus
1146 2565 1198 2593 est,
1215 2567 1289 2588 certe
1306 2559 1352 2587 Dei
1370 2568 1479 2596 quoque
1498 2561 1604 2588 amicus
1617 2566 1668 2588 est.
1681 2559 1729 2588 Ju-

940 2609 986 2636 bct
999 2607 1098 2636 deinde
1114 2613 1171 2637 eos,
1195 2607 1240 2641 qui
1254 2606 1301 2633 tali
1320 2606 1456 2641 praecenio
1476 2606 1632 2642 congregati
1653 2610 1726 2638 sunt.

941 2655 1046 2690 alisque
1069 2652 1264 2688 disquisitione
1285 2659 1311 2679 et
1334 2652 1360 2679 in
1387 2652 1498 2683 fratres,
1518 2657 1545 2680 et
1564 2653 1677 2683 amicos.
1701 2657 1727 2680 et
1766 2652 1769 2655 ’

942 2700 1081 2736 proximos
1096 2699 1185 2734 gladio
1201 2697 1329 2725 ferociter
1355 2698 1403 2724 uti.
1429 2696 1583 2732 Superioris
1604 2697 1727 2732 specula-

943 2746 1026 2773 tionis
1043 2746 1141 2772 seriem
1157 2747 1315 2780 sequentes,
1327 2743 1446 2771 dicimus
1462 2751 1569 2771 omnem
1580 2742 1727 2778 hominem,

1531 2877 1568 2908 13
