1986 3080
289 135 338 163 εςεε

904 133 932 160 S.
953 131 1115 160 GREGORII
1136 131 1284 160 NYSSENI
1858 130 1904 158 3'36

284 190 334 229 qui
349 193 382 220 ad
398 194 483 228 legem
497 199 529 220 ac
544 192 629 220 Deum
651 191 776 227 respicit.
792 191 926 219 malorum
945 191 1071 218 domesti-

1130 201 1223 225 παντες
1235 193 1284 228 τῆς
1299 193 1425 228 θεωρίας,
1442 192 1482 218 ὅτι
1499 192 1550 222 πᾶς
1565 192 1579 218 6
1594 190 1660 226 πρὸς
1674 189 1718 216 τὸν
1730 189 1795 216 Θεὸν
1810 190 1854 216 καὶ
1866 190 1906 216 τον

288 247 383 267 corum
405 239 478 266 caede
496 239 618 274 purgari.
638 238 691 266 Nec
710 238 782 266 enim
798 245 905 273 semper
917 237 1012 269 frater,
1028 241 1074 264 aut

289 286 406 318 amicus,
429 289 476 312 aut
498 285 639 320 proximus
668 285 695 312 in
720 284 860 312 meliorem
891 291 906 310 a
931 283 1074 318 Scriptura

289 335 394 365 partem
409 331 553 365 accipitur,
569 330 617 357 sed
633 334 698 358 sunt
714 329 837 357 nonnulli
854 329 963 360 fratres,
980 329 1073 360 amici,

289 376 416 411 proximi,
438 376 485 410 qui
507 376 584 411 quasi
605 375 685 402 alieni
710 383 743 402 ac
766 375 867 402 inimici
891 375 970 402 nobis
984 375 1076 401 adver-

288 427 400 454 santur,
432 429 502 455 quos
526 428 575 448 eas
597 420 765 448 arbitramur
797 427 858 448 esse
883 420 1073 455 cogitationes.

288 474 403 501 quarum
420 468 474 493 vita
490 467 569 495 nobis
589 470 716 499 mortem,
735 474 810 494 mors
831 474 894 494 vero
908 466 990 493 vitam
1006 466 1075 493 solet

288 511 424 539 inducere.

323 602 386 630 Ιίιῐεε
404 602 539 638 expositio
558 603 612 630 illis
629 603 711 631 etiam
728 604 875 634 convenit,
893 611 954 639 quae
972 603 1006 630 de
1020 603 1074 630 Aa-

287 656 336 675 ron
353 649 484 676 diximus.
498 649 534 676 lbi
547 649 618 676 enim
637 656 686 684 pro
703 648 786 676 fratre
803 650 908 677 socium
920 654 1002 684 atque
1013 657 1076 684 pro—

287 700 415 722 lectorem
433 695 565 723 divinitus
584 695 663 722 nobis
682 695 774 722 datum
795 695 921 731 angelum
940 695 1075 723 intellexi-

287 750 362 773 mus,
381 741 427 776 qui
445 741 576 769 adversus
599 741 742 777 Egyptios
765 742 842 776 signa
867 745 1007 776 operatur,
1027 741 1075 776 qui

285 787 367 814 etiam
396 787 484 821 major
498 791 577 815 aetate
591 787 653 822 jure
670 787 762 816 dictus
785 791 847 820 est,
868 795 930 814 nam
952 788 1074 823 angelica

255 863 257 868 η
286 839 382 861 natura
402 833 511 860 homine
531 834 607 868 prius
624 837 715 860 creata
729 838 771 861 est
787 842 793 860 :
821 832 904 860 frater
920 840 994 866 vero,
1011 833 1073 867 quia

285 884 328 907 est
344 879 467 914 (umdam
485 879 607 914 profecto
623 879 815 906 intellectualis
836 882 863 906 et
883 878 1013 913 angelicae
1028 886 1075 905 ua-

285 929 354 952 tura:
368 925 401 951 ad
418 924 583 952 intellectum
596 928 623 952 et
635 925 754 951 animam
772 924 920 951 humanam
934 922 1052 951 afﬁnitas
1065 933 1072 950 :

285 978 355 1006 quas
372 970 406 997 ob
428 977 487 1001 res,
513 970 564 997 etsi
583 974 697 1004 utroque
721 969 747 996 in
774 969 834 996 loco
853 968 937 996 frater
962 969 1073 1000 dicitur,

285 1024 340 1043 non
355 1016 439 1044 habet
453 1021 543 1043 tamen
556 1016 644 1043 locum
658 1015 805 1050 oppositio.
819 1015 958 1050 quomodo
973 1015 1000 1042 in
1019 1023 1070 1042 me-

286 1063 380 1090 liorem
408 1066 512 1097 partem
536 1062 622 1097 accipi
644 1062 730 1097 possit
755 1061 925 1088 consortium
941 1061 1072 1092 Aaronis,

285 1109 330 1143 qui
347 1109 473 1136 lsraelitis
488 1108 521 1136 ad
537 1108 638 1135 idolum
656 1107 857 1135 conficiendum
871 1107 1028 1135 ministrum
1045 1115 1074 1134 se

287 1155 419 1190 praebuit,
443 1162 505 1181 cum
527 1154 666 1188 :eqnivoce
686 1153 780 1181 fratris
804 1161 920 1186 nomen,
947 1160 1021 1181 nunc
1045 1157 1074 1180 ut

285 1201 415 1230 diximus,
431 1200 591 1234 accipiatur.
605 1199 744 1226 Adversus
755 1199 838 1234 igitur
850 1199 901 1226 hos
914 1199 1001 1227 malos
1019 1199 1074 1227 fra-

284 1251 342 1274 tres
361 1245 511 1280 gladiorum
528 1245 641 1279 opponit
660 1245 746 1271 aciem
759 1244 876 1279 Moyses.
896 1244 976 1278 Quod
1000 1246 1072 1272 enim

286 1291 348 1318 aliis
366 1290 429 1325 quis
444 1290 531 1324 jubet,
553 1289 605 1316 sibi
631 1297 740 1324 quoque
764 1289 816 1324 ipsi
843 1290 943 1317 sancit.
970 1289 1072 1317 Horum

288 1337 403 1364 fratrum
426 1336 524 1366 etedes.
540 1339 712 1370 peccatorum
732 1335 860 1363 interitus
877 1341 928 1363 cst.
944 1335 1011 1362 Nam
1026 1337 1072 1370 qui

287 1382 435 1409 adversarii
455 1381 578 1408 consiliis
596 1382 677 1407 lixum
694 1385 776 1415 atque
793 1385 926 1408 statutum
942 1381 968 1408 in
982 1382 1073 1408 animo

288 1426 387 1452 malum
408 1425 523 1456 delevit,
542 1425 730 1452 adversarium
757 1427 783 1452 in
808 1426 900 1461 seipso
925 1426 1071 1454 interfecit.

289 1471 348 1497 [huc
366 1475 455 1497 autem
474 1472 607 1498 sententia
623 1471 777 1505 spiritualis
793 1471 897 1498 firmior
911 1479 972 1499 esse
990 1477 1073 1507 atque

289 1517 376 1543 τιῐιὶυι-
392 1516 537 1548 videbitur,
560 1516 582 1544 si
600 1516 721 1551 quardam
743 1517 826 1544 etiam
845 1517 898 1544 alia
914 1518 941 1545 in
959 1518 1072 1546 historia

287 1562 360 1589 dicta
375 1562 438 1589 huic
451 1562 602 1592 convenire
615 1563 801 1590 ostendemus.
820 1563 983 1598 lmperatum
997 1564 1071 1591 enim

289 1607 373 1635 fuisse
384 1607 418 1634 ab
430 1607 521 1634 Aaron
538 1607 648 1638 dicitur,
664 1612 693 1634 ut
708 1608 818 1636 inaures
830 1609 864 1636 ab
877 1609 990 1636 auribus
1006 1617 1073 1636 uxo—

288 1661 347 1680 rum
367 1652 513 1687 tollerent;
526 1652 568 1679 ha:
582 1651 705 1680 conﬂata!
722 1653 861 1680 simulacri
878 1654 992 1681 materia
1013 1653 1072 1682 fuc-

289 1702 351 1725 runt
365 1698 396 1725 “.
421 1697 545 1725 Dicimus
570 1697 662 1732 igitur,
679 1698 752 1732 quod
771 1697 879 1734 Moyses
894 1698 1071 1727 Hebraeorum

289 1744 414 1771 virtutem
427 1743 572 1772 inauribus
579 1751 712 1771 exornare
725 1744 822 1776 voluit,
831 1745 858 1772 id
869 1750 911 1772 est
923 1745 977 1778 lex,
990 1753 1071 1780 quam

283 1797 337 1824 pro
352 1789 443 1826 Moyse
454 1790 641 1825 intelligimus,
654 1789 848 1822 obedientiam,
858 1798 919 1826 quat
930 1799 979 1826 per
995 1792 1072 1818 inau-

289 1843 332 1864 res
347 1835 525 1871 significatur,
547 1834 704 1862 Judmorum
729 1835 856 1862 virtutem
879 1837 1070 1863 conﬁrmavit:

287 1888 369 1915 quam
384 1881 454 1908 tollit
470 1881 576 1912 Aaron,
591 1884 621 1907 ut
640 1879 825 1908 inobedientia
840 1881 962 1916 ipsorum
979 1887 1072 1910 osten-

287 1927 362 1954 deret
377 1926 409 1953 ad
424 1925 527 1953 cultum
544 1925 680 1953 idolorum
698 1934 760 1954 esse
774 1931 946 1962 perventum.
966 1927 1072 1956 Idcirco

288 1971 378 1997 statim
395 1971 427 1996 ad
442 1970 560 2005 primum
574 1971 702 2006 peccandi
720 1972 824 1998 aditum
843 1973 953 2000 inaures
965 1973 1071 2001 aufere-

288 2016 398 2047 bantur,
413 2019 442 2042 ut
452 2015 507 2049 jam
519 2016 750 2050 praevaricationis
761 2021 788 2044 et
800 2018 993 2046 inobedientiae
1005 2027 1071 2047 con-

286 2060 346 2087 silia
371 2060 477 2095 cepisse
499 2061 667 2092 viderentur.
691 2063 738 2097 qui
762 2063 885 2091 divinum
907 2070 1071 2100 praeceptum

287 2104 477 2140 negligendum
494 2113 554 2134 esse
568 2106 758 2134 hortabantur.
775 2106 826 2140 Qui
842 2108 951 2136 tandem
969 2109 1070 2137 factum

286 2154 329 2177 est
344 2153 373 2177 ut
387 2150 492 2177 amicus
502 2154 528 2178 et
544 2151 716 2186 propinquus
733 2152 938 2180 existimaretur
957 2161 1072 2189 serpens

1125 241 1204 276 νόμον
1215 241 1330 276 βλέπων,
1342 240 1381 275 τῷ
1392 238 1463 274 φόνῳ
1477 238 1530 264 τῶν
1543 237 1635 268 κακῶς
1648 235 1825 272 ᾡκειωμένων
1837 235 1906 269 αὐτῷ

1125 286 1311 319 καθαρίζεται.
1330 286 1367 312 Οὐ
1382 285 1436 319 γὰρ
1458 284 1511 315 πᾶς
1527 282 1651 317 ἀδελφὸς,
1674 281 1733 307 οὐδὲ
1751 280 1835 315 φίλος,
1851 280 1906 306 οὐδὲ

1124 332 1248 366 πλησίρν,
1264 331 1309 358 ἐπὶ
1327 331 1357 358 τὸ
1378 331 1500 366 κρεῖττον
1514 328 1589 364 παρὰ
1605 329 1655 362 τῆς
1673 326 1783 362 Γραφῆς
1796 326 1904 352 νοείται”

1125 377 1182 404 ἀλλ’
1193 377 1251 404 ἔστι
1263 385 1305 408 τις
1320 376 1367 403 καὶ
1377 374 1491 408 ἀδελφὸς
1503 373 1549 400 καὶ
1560 372 1709 406 ἀλλότριος,
1721 371 1768 398 καὶ
1780 369 1853 405 φίλος
1863 369 1906 397 καὶ

1125 422 1232 458 ἐχθρὸς,
1246 422 1292 448 καὶ
1307 421 1420 456 πλησίον
1435 420 1481 446 καὶ
1496 419 1526 452 ἐξ
1539 417 1663 449 ἐναντίας
1683 416 1835 451 ἱστάμενος.
1847 414 1909 458 Τού-

1124 457 1187 499 τους
1198 467 1310 502 νοοῦμεν
1320 466 1382 498 τοὺς
1397 464 1607 500 συμφυομένους
1620 464 1686 498 ἡμῖν
1697 461 1841 496 λογισμούς
1852 469 1859 476 ι
1873 457 1907 487 ὧν

1125 514 1142 549 ἡ
1155 513 1212 548 ζωὴ
1227 513 1288 548 μὲν,
1301 511 1436 548 ἡμέτερον
1457 510 1571 538 θάνατον
1581 518 1587 525 ’
1606 510 1621 536 6
1634 509 1662 536 δὲ
1679 508 1792 540 θάνατος
1812 507 1906 538 αὐτῶν,

1125 558 1262 594 ἡμετέραν
1281 557 1353 593 ζωὴν
1368 555 1577 592 κατεργάζεται.

1160 605 1306 639 Συμφωνεῖ
1324 603 1352 630 δὲ
1367 603 1397 630 τὸ
1411 602 1516 629 τοιοῦτο
1537 602 1628 636 νόημα
1643 601 1698 632 τοῖς
1716 600 1766 635 ἢδη
1783 599 1847 634 περὶ
1866 599 1908 625 τδν

1132 649 1238 686 ’Δαρὼν
1257 648 1451 682 ὲξετασθεῖσιν,
1469 647 1578 674 ὅτειδιὰ
1601 647 1653 681 τῆς
1669 645 1813 680 συντυχίας
1831 643 1906 671 αὑτοῦ

1125 696 1170 723 τδν
1184 695 1328 731 σύμμαχόν
1342 703 1372 721 τε
1396 694 1444 721 καὶ
1467 692 1650 729 παραστάτην,
1666 691 1781 725 ἄγγελον
1800 691 1907 725 ἐνοήσα-

1127 751 1187 777 μεν,
1205 741 1251 768 τὸν
1264 741 1297 768 τὰ
1314 741 1416 776 σημεῖα
1437 739 1509 767 κατὰ
1521 739 1574 766 τῶν
1593 738 1751 772 Αἰγυπτίων
1764 735 1908 772 ἐργαζόμε-

1125 796 1179 818 νον,
1199 786 1412 823 προγενέστερον
1429 786 1544 817 είκότως
1568 784 1709 819 νοούμενον
1719 791 1726 798 ·
1741 782 1786 809 διά
1802 782 1831 808 τὸ
1847 790 1908 818 προ-

1126 832 1340 860 κατεσκευάσθαι
1360 833 1409 868 τῆς
1424 832 1530 866 φύσεως
1546 831 1623 867 ἡμῶν
1639 830 1687 866 τὴν
1702 828 1848 863 ἀγγελικὴν
1865 827 1908 854 καὶ

1125 879 1269 913 ἀσώματον
1282 878 1372 913 φύσιν.
1391 877 1514 913 Ἀδελφδν
1528 877 1566 908 δὲ,
1578 877 1622 902 διὰ
1633 876 1682 910 τὴν
1697 875 1854 909 συγγένειαν
1864 872 1907 899 τοῦ

1125 925 1220 961 νοητοῦ
1239 924 1343 951 ἐκείνου
1362 924 1429 960 πρὸς
1441 923 1472 950 τὸ
1486 922 1580 958 νοητὸν
1593 921 1624 949 τὸ
1638 921 1782 957 ἡμέτερον.
1796 919 1849 954 Τῆς
1864 916 1908 946 οὖν

1124 970 1287 1002 ἀντιθέσεως
1298 969 1392 1005 οὔσης,
1415 970 1456 996 ὅτι
1474 969 1532 1000 πῶς
1547 969 1614 1004 πρὸς
1626 968 1657 994 τὺ
1679 968 1802 1003 κρεῖττον
1820 965 1907 993 λαϐεῖν

1124 1016 1182 1043 ἔστι
1205 1016 1254 1051 τὴν
1272 1016 1320 1042 τοῦ
1349 1015 1453 1049 Ἀαρὼν
1479 1014 1633 1050 συντυχίαν,
1651 1014 1680 1046 ὂς
1702 1013 1840 1050 ὑπηρέτης
1856 1011 1907 1042 τοῖς

1131 1062 1309 1097 Ἰσραηλίταις
1333 1062 1382 1096 τῆς
1407 1060 1592 1092 εἰδωλοποιίας
1618 1060 1741 1093 ἐγένετο·
1760 1059 1840 1085 κάκεῖ
1862 1065 1907 1092 με⁴

1123 1107 1207 1142 τρίως
1225 1107 1376 1142 παρεδήλου
1395 1106 1444 1141 τὴν
1468 1106 1516 1141 τῆς
1535 1105 1713 1140 ἀδελφότητος
1729 1103 1907 1140 ὁμωνυμίανό

1124 1153 1212 1187 λόγος.
1226 1153 1263 1184 ὡς
1278 1152 1339 1187 οὐχὶ
1353 1152 1466 1179 πάντοτε
1482 1151 1528 1178 τοῦ
1544 1151 1624 1178 αὐτοῦ
1647 1149 1845 1186 σημαινομένου
1858 1149 1907 1175 ἀπὸ

1124 1199 1174 1234 τῆς
1190 1199 1275 1233 αὐτῆς
1291 1198 1393 1233 φωνῆς,
1414 1198 1478 1224 ὅταν
1494 1197 1539 1224 ἐπὶ
1552 1196 1606 1223 τῶν
1627 1196 1756 1223 ἐναντίων
1772 1195 1907 1230 νοημάτων

1123 1246 1154 1272 τὸ
1175 1245 1239 1272 αὐτὸ
1261 1244 1432 1279 λαμϐάνηται
1447 1243 1544 1279 ὄνομα.
1566 1242 1635 1269 Ἀλλ’
1655 1241 1750 1277 ἕτερος
1772 1241 1821 1276 μὲν
1835 1240 1906 1268 ἀδελ-

1124 1291 1172 1326 φὸς
1185 1291 1200 1317 6
1223 1289 1363 1324 καθαιρῶν
1381 1290 1432 1319 τὸν
1450 1289 1598 1323 Αἰγύπτιον
1612 1288 1743 1323 τύραννον
1754 1297 1761 1303 ·
1786 1287 1862 1318 ἄλλος
1881 1286 1906 1312 δὲ

1124 1337 1204 1364 πάλιν
1219 1338 1233 1363 ὁ
1248 1336 1395 1363 ἀποτυπῶν
1408 1337 1463 1367 τοῖς
1486 1335 1666 1371 Ἰσραηλίταις
1680 1334 1710 1360 τὸ
1726 1333 1845 1365 εἴδωλον,
1860 1332 1907 1359 κάν

1124 1382 1152 1408 ἓν
1205 1383 1248 1409 ἐπ’
1273 1382 1435 1417 ἀμφοτέρων
1449 1384 1479 1407 τὸ
1497 1381 1591 1416 ὄνομα.
1613 1380 1692 1407 Κατὰ
1712 1381 1768 1407 τῶν
1786 1379 1906 1406 τοιούτοιν

1123 1427 1169 1455 οὖν
1185 1428 1306 1462 ἀδελφῶν
1321 1428 1475 1462 ἀπογυμνοῖ
1488 1429 1502 1454 6
1518 1427 1637 1461 Μωῦσῆς
1649 1427 1680 1453 τὸ
1694 1426 1780 1460 ξίφος.
1796 1426 1861 1461 Περὶ
1873 1421 1906 1451 ὧν

1123 1475 1176 1511 γὰρ
1191 1475 1281 1506 ἄλλοις
1296 1473 1492 1503 διακελεύεται.
1516 1473 1562 1500 καὶ
1577 1472 1664 1507 ἑαυτῷ
1679 1472 1782 1507 δηλαδὴ
1803 1470 1907 1506 νομοθε-

1086 1532 1107 1560 C
1123 1523 1165 1548 τεῖ
1180 1521 1209 1548 τὸ
1222 1519 1290 1548 ἴσον.
1314 1520 1464 1556 Ἀναίρεσις
1479 1520 1508 1547 δέ
1523 1521 1580 1546 ἐστι
1591 1518 1638 1545 τοῦ
1651 1518 1776 1545 τοιούτου
1788 1516 1905 1551 ἀδελφοῦ,

1123 1569 1137 1594 6
1159 1567 1213 1605 τῆςΔ
1226 1567 1364 1602 ἁμαρτίας
1386 1566 1550 1601 ἀφανισμός.
1573 1566 1632 1596 Πᾶς
1645 1565 1699 1600 γὰρ
1714 1565 1728 1591 6
1747 1564 1777 1591 τὺ
1799 1563 1842 1590 διὰ
1861 1563 1905 1597 τῆς

1124 1613 1276 1649 συμϐουλῆς
1297 1612 1344 1639 τοῦ
1372 1612 1561 1647 ,ἀντικειμένου
1589 1610 1742 1646 ὲνιδρυνθέν
1760 1619 1810 1637 τινι
1826 1609 1904 1636 κακὸν

1123 1659 1266 1694 ἀφανίσας,
1283 1660 1385 1685 ἐκεῖνον
1406 1658 1565 1685 ἀπέκτεινεν
1580 1658 1608 1684 ἐν
1625 1656 1713 1691 ἑαυτῷ
1729 1656 1776 1683 τόν
1790 1664 1851 1682 ποτε
1864 1654 1904 1681 διὰ

1122 1705 1171 1740 τῆς
1186 1705 1322 1740 ἁμαρτίας
1338 1704 1435 1736 ζῶντα.
1451 1703 1558 1730 Μᾶλλον
1570 1703 1598 1729 δὲ
1613 1703 1678 1738 ἡμῖν
1691 1701 1722 1728 τὸ
1737 1701 1802 1736 περὶ
1814 1700 1904 1727 τούτου

1123 1750 1286 1786 κρατυνθείη
1302 1749 1402 1784 δόγμα,
1429 1748 1459 1775 εἲ
1475 1757 1536 1775 τινα
1559 1748 1606 1775 καὶ
1629 1747 1695 1775 ἄλλα
1713 1747 1765 1782 τῆς
1791 1745 1905 1781 ἱστορίας

1123 1795 1189 1830 πρὸς
1201 1794 1250 1829 τὴν
1265 1794 1380 1830 Θεωρίαν
1395 1794 1496 1828 ταύτην
1511 1792 1784 1828 συμπαραλάὸοιμεν.
1797 1792 1905 1826 Εἴρηται

1123 1839 1187 1874 γὰρ,
1205 1839 1246 1865 ὅτι
1266 1838 1456 1874 προστάγματι
1474 1837 1577 1871 γίνεται
1595 1836 1642 1863 τοῦ
1664 1836 1771 1871 Ἀαρὼν
1795 1835 1904 1866 ἐκείνου,

1122 1885 1152 1912 τὺ
1173 1885 1228 1911 δεῖν
1249 1884 1348 1916 αὐτοὺς
1371 1883 1544 1919 περιελέσθαι
1559 1883 1605 1917 ἀφ’
1621 1881 1724 1909 ἑαυτῶν
1745 1882 1779 1909 τὰ
1802 1881 1903 1909 ἐνώτια.

1122 1931 1178 1958 Καὶ
1195 1931 1212 1966 ἡ
1226 1929 1329 1957 τούτων
1355 1929 1534 1965 περιαίρεσις,
1552 1928 1601 1964 ὕλη
1622 1928 1660 1964 τῷ
1674 1928 1774 1963 εἰδώλῳ
1792 1927 1903 1961 ἐγένετο.

1122 1975 1155 2002 Τί
1166 1974 1212 2003 οὖν
1226 1984 1315 2010 φαμεν
1326 1983 1332 2007 ;
1344 1975 1384 2001 ὅτι
1399 1974 1519 2009 Μωῦσῆς
1536 1973 1585 2009 μὲν
1596 1974 1625 2000 ὲν
1638 1973 1677 2008 τῷ
1687 1973 1791 2008 ὲνωτίῳ
1805 1973 1903 2007 κόσμῳ,

1121 2022 1150 2053 ὅς
1162 2022 1234 2048 ἐστιν
1245 2021 1259 2046 ὁ
1271 2020 1362 2056 νόμος,
1374 2020 1422 2054 τὴν
1437 2019 1490 2046 τῶν
1508 2018 1682 2054 Ἰσραηλιτῶν
1693 2019 1780 2054 ἀκοὴν
1792 2018 1904 2053 ἐκόσμη-

1122 2075 1167 2093 σεν
1179 2073 1185 2079 ⁵
1202 2066 1217 2092 6
1230 2065 1257 2092 δὲ
1269 2064 1443 2100 ψευδώνυμος
1461 2063 1575 2098 ἀδελφὸς
1589 2063 1632 2091 διὰ
1647 2064 1695 2099 τῆς
1711 2063 1852 2100 παρακοῆς
1863 2070 1905 2088 πε-

1123 2111 1223 2147 ριαιρεϊ
1235 2111 1281 2138 τὸν
1297 2110 1440 2137 ἐντεθέντα
1455 2111 1487 2145 τῇ
1507 2110 1575 2145 ἀκοῇ
1591 2109 1702 2144 κόσμον,
1720 2109 1769 2136 καὶ
1790 2108 1859 2136 ποιεῖ
1873 2107 1903 2134 δι’

1121 2156 1203 2196 αυτοῦ
1218 2155 1335 2183 εἴδωλον.
1353 2155 1409 2182 Καὶ
1428 2154 1504 2191 παρὰ
1520 2154 1569 2190 τὴν
1585 2153 1696 2190 πρώτην
1708 2154 1758 2190 τῆς
1775 2153 1903 2190 ἁμαρτίας

286 2196 321 2224 ab
335 2195 378 2227 iis,
391 2196 437 2231 qui
452 2196 530 2231 primi
544 2197 627 2224 creati
640 2197 759 2230 fuerunt,
769 2199 849 2233 quasi
859 2207 915 2227 rem
928 2200 1069 2228 honestam

1123 2195 1234 2234 εἴσοδον,
1251 2202 1362 2228 ὲνωτίου
1382 2209 1423 2233 τις
1437 2201 1579 2236 ὑφαίρεσις
1591 2198 1625 2236 ἦν
1642 2201 1658 2236 ή
1673 2200 1720 2226 τοῦ
1739 2199 1904 2236 παρακοῦσαι

287 2242 436 2277 utilemque
445 2243 611 2273 consuleret.
625 2247 678 2270 uta
694 2243 788 2280 divino
805 2244 934 2272 mandato
949 2246 1071 2273 declina-

287 2291 357 2314 rent.
371 2287 413 2325 [Μ
437 2295 503 2323 ergo
527 2293 569 2315 est
586 2289 658 2323 quod
680 2289 798 2318 dicimus
815 2290 926 2318 auferre
943 2292 977 2319 ab
1004 2299 1071 2320 aure

287 2336 483 2367 praceptorum
501 2333 636 2360 inaurem.
653 2334 742 2367 Quare
759 2335 805 2370 qui
822 2335 873 2364 hos
889 2335 998 2368 fratres,
1020 2337 1070 2364 hos

286 2377 402 2409 amicos,
420 2378 469 2406 hos
485 2378 624 2413 proximos
649 2379 795 2412 interimet,
818 2381 910 2409 audiet
930 2382 1002 2409 illam
1022 2389 1070 2409 vo-

287 2431 357 2456 cem,
374 2432 455 2459 quam
471 2432 485 2451 a
501 2424 592 2461 Moyse
606 2425 644 2452 illi
659 2431 851 2462 perceperunt,
870 2427 917 2462 qui
934 2431 1000 2454 tunc
1011 2428 1071 2455 sine

286 2468 478 2503 disquisitione
496 2469 597 2498 multos
611 2478 625 2498 e
641 2471 793 2499 cultoribus
808 2471 874 2499 idoli
891 2472 1069 2500 occiderunt:

285 2515 449 2550 lmplevistis
460 2535 467 2547 ,
488 2515 593 2550 inquit,
610 2524 704 2543 manus
727 2521 830 2545 vestras
849 2517 928 2544 hodie
944 2518 1070 2551 Domino,

286 2562 312 2586 iu
328 2568 378 2588 suo
395 2561 583 2597 unusquisque
601 2562 656 2590 (ilio
675 2563 716 2591 vel
733 2563 828 2595 fratre,
848 2568 876 2590 ut
891 2563 971 2591 detur
986 2572 1070 2599 super

286 2614 334 2634 vos
359 2606 523 2634 benedictio.
557 2607 610 2636 Sed
637 2613 791 2643 opportune
817 2609 898 2636 modo
918 2610 1068 2644 primorum

279 2657 428 2686 parentum
453 2653 568 2682 fecimus
586 2655 765 2687 mentionem,
784 2659 812 2682 ut
836 2656 975 2684 discamus
1000 2665 1068 2691 quo-

286 2704 347 2724 nam
364 2702 444 2731 pacto
467 2698 600 2726 divinitus
624 2699 763 2727 confectas
785 2699 903 2731 tabulas,
927 2699 954 2726 in
968 2701 1068 2734 quibus

285 2739 327 2766 lex.
342 2745 398 2767 erat
417 2740 551 2776 impressa
592 2742 617 2769 in
640 2748 739 2770 terram
758 2743 884 2771 manibus
899 2743 984 2779 Moysi
1002 2752 1065 2779 pro-

315 2833 340 2847 “
358 2831 442 2858 Emil.
466 2838 550 2862 xxx”,
569 2831 612 2858 2-5.

1122 2249 1172 2284 τῆς
1184 2247 1293 2284 ἐντολῆς
1308 2247 1455 2283 συμϐουλή.
1474 2247 1537 2279 Πῶς
1551 2246 1681 2282 ἐνομίσθη
1696 2247 1774 2282 φίλος
1783 2247 1829 2273 καὶ
1842 2245 1904 2280 πλη-

1123 2294 1180 2320 σίον
1194 2295 1248 2325 τοῖς
1269 2294 1491 2329 πρωτοπλάστοις
1509 2294 1523 2320 6
1537 2293 1608 2327 ὁφις,
1621 2293 1659 2324 ὣς
1677 2301 1704 2319 τι
1718 2293 1850 2328 χρήσιμον
1861 2290 1903 2318 καὶ

1123 2339 1234 2374 ἀγαθὸν,
1248 2338 1278 2365 τὸ
1294 2340 1444 2374 ἀποστῆναι
1461 2338 1508 2365 τοῦ
1525 2339 1596 2365 θείου
1617 2339 1827 2374 προστάγματος
1844 2345 1904 2371 συμ-

1123 2383 1274 2415 6ουλεύων;
1294 2383 1378 2410 Τοῦτὸ
1398 2385 1456 2410 ἐστι
1472 2383 1502 2410 τὸ
1523 2383 1695 2419 περιελέσθαι
1718 2383 1768 2418 τῆς
1782 2382 1862 2416 ἀκοῆς
1877 2379 1903 2406 τδ

1122 2430 1173 2465 τῆς
1193 2429 1301 2464 ἐντολῆς
1319 2429 1438 2456 ὲνώτιον.
1454 2429 1557 2455 Οὐκοῦν
1581 2430 1594 2455 6
1613 2429 1667 2455 τῶν
1684 2428 1812 2455 τοιούτων
1833 2425 1903 2453 ἀδελ-

1124 2475 1182 2510 φῶν
1202 2484 1231 2502 τε
1248 2476 1295 2502 καὶ
1316 2476 1401 2510 φίλων
1424 2475 1470 2502 καὶ
1497 2475 1609 2511 πλησίον
1632 2476 1738 2509 φονεὺς,
1764 2473 1903 2501 ἀκούσεται

1125 2521 1198 2557 παρὰ
1217 2521 1264 2548 τοῦ
1283 2511 1367 2556 νόμου
1391 2521 1441 2556 τῆς
1463 2521 1553 2560 φωνῆς
1580 2521 1696 2557 ἐκείνης,
1711 2521 1744 2556 ἢν
1769 2519 1864 2554 ἔφησεν
1886 2517 1901 2552 ἠ

1125 2567 1229 2602 ἱστορία
1242 2566 1371 2602 παράτοῦ
1384 2566 1519 2598 Μωῡσέως
1534 2566 1694 2601 γεγενῆσθαι
1710 2567 1767 2596 τοῖς
1776 2565 1836 2595 τοὺς
1851 2571 1902 2588 τοιι

1123 2611 1217 2644 οὐτους
1247 2612 1485 2646 φονοκτονήσασινο
1516 2611 1706 2647 Ἐπληρώσατε
1738 2612 1787 2642 τὰς
1816 2610 1901 2644 χεῖρας

1122 2657 1198 2692 ὑμῶν
1211 2658 1330 2693 σήμερον
1344 2657 1382 2693 τῷ
1404 2658 1498 2693 Κυρίῳ
1520 2658 1633 2689 ἕκαστος
1650 2657 1677 2684 ἐν
1691 2656 1729 2691 τῷ
1757 2656 1811 2691 ἰδίῳ
1825 2655 1872 2689 υίῷ
1886 2654 1900 2688 ἢ

1121 2703 1159 2738 τῷ
1173 2703 1288 2738 ἀδελφῷ,
1302 2703 1410 2738 δοθῆναι
1422 2703 1464 2737 ἐφ’
1476 2704 1548 2738 ὑμᾶς
1562 2703 1695 2737 εὐλογίαν.
1710 2703 1789 2728 Δοκεί
1798 2702 1825 2728 δὲ
1837 2700 1900 2727 κατὰ

1121 2748 1215 2783 καιρὸν
1230 2749 1276 2775 καὶ
1290 2749 1305 2783 ἡ
1322 2749 1414 2783 μνήιιτπ
1432 2748 1486 2775 τῶν
1502 2749 1551 2777 τὴν
1568 2748 1705 2775 ἀιιαοτίαν
1722 2746 1900 2781 παραδεξαμέ-
