1986 3080
117 144 169 174 597

108 209 161 228 νων
182 195 421 236 ἐπεισεληλυθέναι
445 198 485 234 τῷ
510 197 597 232 Myer
617 197 686 223 ὥστε
706 195 811 230 μαθεῖν,
839 194 899 228 πῶς

107 246 158 277 τὰς
175 245 353 277 θεοτεύκτους
367 244 486 275 πλάκας,
499 244 528 270 ὲν
539 240 584 273 αἷς
595 242 609 268 6
623 241 693 272 θεῖος
711 240 792 274 νόμος
806 240 897 266 ὲνεκε-

108 291 240 327 χάρακτο,
255 292 295 322 είς
312 291 362 326 τὴν
379 290 431 325 γῆν
454 291 486 316 ὲκ
507 288 561 315 τῶν
577 287 624 314 τοῦ
639 286 779 317 Μωῦσέως
799 284 898 320 χειρῶν

109 337 254 369 πεσούσας,
272 336 320 362 κα)¹
339 337 372 371 τῇ
394 334 540 369 ἀντιτυπία
560 333 606 360 τοῦ
625 331 805 367 ὑποκειμένου
820 338 897 365 περι-

108 382 256 418 τριόείσας,
279 382 360 408 πάλιν
376 383 389 408 6
407 382 526 415 Μωῡσῆς
541 378 744 414 ἀνακομίζεται,
755 377 847 403 οὐκετι
860 376 899 402 δι-

107 427 168 454 όλου
183 428 232 459 τὰς
242 427 336 458 αὑτὰς,
349 426 416 453 ἀλλὰ
428 426 506 461 μόνον
517 425 547 451 τὸ
559 424 601 451 ἐπ’
612 422 702 450 αὐτῶν
715 423 841 457 γράμμα.
852 422 898 448 Ἐκ

108 474 162 510 γὰρ
179 475 227 509 τῆς
251 474 326 500 κάτω
347 473 414 508 ὕλης
436 471 525 498 λαϐὼν
548 470 598 501 τὰς
615 469 731 500 πλάκας,
756 467 898 502 ὑποτίθησι

107 522 141 555 τῇ
156 520 268 555 δυνάμει
279 519 325 546 τοῦ
340 519 385 545 τὸν
400 518 481 553 νόμον
491 517 584 549 αὑταῖς
601 515 824 551 ὲγχαράσσοντος.
842 514 898 540 Καὶ

109 566 197 597 οὕτως
210 565 385 592 ἀνακαλεῖται
399 565 448 599 τὴν
463 564 552 599 χάριν,
568 562 658 597 φέρων
673 562 701 587 ἐν
712 561 770 592 ταῖς
783 559 898 591 λιθίναις

108 611 211 641 δέλτοις
224 611 270 637 τὸν
286 611 378 646 νόμον,
401 609 483 636 αὑτοῦ
505 608 552 634 τοῦ
575 607 643 634 Θεοῦ
666 606 704 641 τῷ
727 606 793 642 λίθῳ
808 605 898 640 φωνὰς

109 655 322 686 ὲντυπώσαντος.
342 656 419 689 Τάχα
438 654 492 690 γὰρ
510 654 565 680 ἔστι
581 653 624 679 διὰ
638 652 738 678 τούτων
756 649 899 686 ὁδηγηθέν-

108 711 168 734 τας,
185 702 234 736 τῆς
258 702 333 733 θείας
351 701 419 736 ὑπὲρ
442 700 519 736 ἡμῶν
540 699 708 734 προμηθείας
725 699 754 725 ἐν
775 697 898 733 περινοίᾳ

109 746 244 782 γενέσθαι.
260 748 292 773 Et
305 747 361 783 γὰρ
380 745 508 780 ἀληθεύει
526 746 540 772 6
554 745 625 776 θεῖος
642 744 812 775 Ἀπόττολος,
828 751 897 778 καρ-

108 793 167 824 δίας
181 793 321 828 ὀνομάζων
334 792 384 824 τὰς
406 792 522 824 πλάκας,
537 791 669 822 τουτέστι,
689 790 719 816 τὸ
735 788 898 824 ἡγεμονικὸν

109 839 158 873 τῆς
170 838 260 873 ψυχῆς
280 837 417 874 (ἀληθεύει
440 837 468 863 δὲ
487 836 605 867 πάντως,
619 836 633 862 6
646 835 689 862 διὰ
707 835 754 861 τοῦ
773 833 898 869 Πνεύμα-

105 892 151 916 τος
166 884 200 910 τὰ
219 884 288 919 βάθη
305 883 351 910 τοῦ
366 883 433 910 Θεοῦ
447 881 685 918 διερευνώμενος)ο
705 880 777 907 ἔστιν
791 880 823 906 ἐκ
837 878 898 905 τού-

106 938 154 956 του
173 930 207 956 δι’
235 929 381 956 ἀκολούθου
412 929 518 964 μαθεῖν,
543 929 582 955 ὅτι
609 927 790 962 ἁσύντριτιτος
811 923 846 961 ἦν
868 924 899 951 τὸ

108 976 167 1002 κατ’
185 975 272 1011 ἀρχὰς
295 975 341 1002 καὶ
363 975 494 1006 ἀθάνατος
514 975 530 1009 ἠ
551 973 706 1008 ἀνθρωπίνη
729 971 820 1006 φύσις,
837 971 897 1002 ταῖς

107 1019 193 1051 θείαις
206 1019 284 1054 χερσὶ
300 1019 551 1054 κατεσκευασμένη,
565 1017 611 1045 καὶ
632 1018 688 1048 τοῖς
703 1016 836 1052 ἀγράφοις
850 1015 898 1042 τοῦ

106 1065 190 1100 νόμου
213 1065 457 1100 κεκαλλωπισμένη
483 1065 660 1100 χαράγμασι·
689 1061 810 1097 φυσικῶς
832 1061 898 1096 ἡμῖν

107 1111 267 1146 ἐγκειμένου
290 1111 336 1137 τοῦ
355 1111 424 1137 κατὰ
448 1110 528 1144 νόμον
551 1109 718 1144 βουλήματος
733 1109 761 1134 ἐν
780 1108 814 1142 τῇ
829 1107 898 1133 ἁπο-

107 1159 212 1192 στροφῇ
231 1157 278 1183 τοῦ
294 1156 390 1187 κακοῦ,
409 1157 455 1182 καὶ
469 1157 498 1182 ὲν
511 1157 544 1191 τῇ
561 1155 607 1182 τοῦ
624 1155 702 1181 Θείου
717 1154 793 1188 τιμῇ.

152 1204 229 1231 Ἐπεὶ
251 1204 280 1231 δὲ
301 1204 454 1239 προσέπεσε
479 1203 528 1237 τῆς
549 1201 686 1238 ἁμαρτίας
705 1202 720 1228 6
739 1199 815 1236 ἦχος,
838 1200 867 1227 ὃν
882 1201 900 1236 ἡ

107 1251 203 1287 πρώτη
219 1250 313 1286 Γραφὴ
328 1250 419 1285 φωνὴν
433 1250 520 1284 δφεως
534 1249 671 1284 ὀνομάζει,
690 1250 706 1283 ἠ
721 1247 750 1274 δὲ
764 1247 835 1274 κατὰ
850 1247 900 1278 τὰς

107 1297 216 1328 πλάκας
241 1297 355 1332 ἱστορία,
373 1296 464 1331 φωνὴν
484 1295 514 1328 ἐξ
529 1295 601 1322 οἴνου
627 1294 741 1329 ᾀδόντων
752 1301 759 1309 ·
776 1294 837 1320 τότε
859 1292 900 1324 είς

105 1343 159 1377 γῆν
172 1341 292 1368 πεσοῦσα
312 1341 529 1376 συντριϐήσεται.
552 1334 631 1367 Ἇλλὰ
647 1339 728 1366 πάλιν
740 1340 753 1366 ὁ
774 1339 900 1374 ἀληθινὸς

107 1388 265 1422 νομοθέτης,
280 1384 311 1414 οὗ
331 1387 414 1419 τύπος
434 1385 467 1422 ἦν
478 1388 492 1414 ὁ
504 1386 630 1421 Μωῖισῆς,
648 1387 680 1412 ὲκ
695 1385 743 1420 τῆς
757 1385 808 1420 γῆς
820 1385 899 1420 ἡμῶν

107 1433 197 1468 ἑαυτῷ
214 1433 261 1464 τὰς
279 1433 327 1468 τῆς
351 1433 457 1467 φύσεως
472 1432 549 1468 ἡμῶν
573 1432 675 1463 πλάκας
694 1432 847 1464 ὲλάξευσεν.
863 1431 899 1458 Οὐ

107 1481 162 1514 γὰρ
175 1479 261 1514 γάμος
276 1479 350 1515 αὐτῷ
364 1479 413 1514 τὴν
427 1479 501 1506 θείαν
517 1479 715 1514 ἐδημιούργησε
732 1479 830 1513 σάρκα,
843 1478 900 1504 ἀλλ’

107 1525 190 1556 αὺτὺς
206 1525 254 1560 τῆς
268 1525 335 1556 ιδίας
356 1525 456 1561 σαρκὸς
472 1524 573 1558 γίνεται
594 1525 709 1560 λατόμος
721 1525 770 1560 τῆς
785 1524 824 1559 τῷ
837 1524 900 1559 θείῳ

774 141 817 169 DE
837 141 918 169 \"ITA
932 141 1068 170 MOYSIS.

1689 143 1743 169 533

953 197 1049 231 lectas,
1065 204 1081 224 a
1097 196 1199 225 duritie
1216 197 1348 232 subjectae
1362 202 1442 227 terra:
1455 199 1599 230 contritas,
1618 206 1632 224 a
1651 199 1742 234 Moyse

953 250 1050 270 rursus
1065 242 1151 270 fuisse
1169 247 1312 278 susceptas
1325 265 1332 276 ,
1349 252 1404 272 non
1419 245 1530 272 omnino
1548 245 1657 272 easdem
1668 266 1676 277 ,
1691 245 1739 272 sed

967 286 1115 324 c'ripturam
1140 288 1238 321 solum,
1256 297 1316 324 quae
1332 289 1359 316 in
1377 290 1431 318 illis
1446 294 1505 317 erat
1520 291 1663 326 impressa.
1685 291 1740 318 Ma-

952 334 1051 361 teriam
1067 334 1140 362 enim
1151 342 1244 362 earum
1264 343 1296 362 ex
1315 334 1438 362 inferiori
1460 336 1510 363 bac
1524 337 1644 371 suscepit
1655 342 1741 363 mate-

953 378 992 406 ria
1018 378 1145 414 Moyses,
1163 380 1315 415 virtutique
1340 381 1427 415 ipsius
1441 381 1572 416 subjecit,
1591 382 1636 416 qui
1652 382 1738 417 legem

953 432 1049 453 rursus
1066 425 1093 452 in
1107 426 1150 453 his
1164 426 1293 454 secundis
1314 427 1415 454 tabulis
1431 427 1536 454 caelavit
1555 436 1562 454 :
1578 431 1605 454 ct
1621 427 1662 455 sic
1675 435 1740 463 gra-

953 471 1018 498 tiam
1035 472 1185 503 revocavit,
1205 480 1266 500 cum
1282 472 1310 499 in
1332 472 1447 507 lapideis
1469 473 1570 500 tabulis
1591 473 1676 508 legem
1697 481 1741 500 re-

953 517 1114 550 portaverit,
1131 517 1158 545 in
1172 517 1273 553 quibus
1287 519 1346 553 ipse
1362 517 1434 546 Deus
1450 519 1518 553 legis
1530 526 1612 546 vaces
1626 519 1742 546 caelave-

952 567 1004 590 rat.
1027 563 1096 591 Hinc
1116 564 1188 591 enim
1216 565 1308 592 induci
1332 572 1480 599 possumus
1493 586 1499 598 ,
1520 569 1550 591 ut
1567 565 1688 592 divinam
1707 565 1759 592 dc‘

952 608 1033 636 nobis
1048 609 1220 636 clementiam
1235 609 1388 644 intelligere
1409 607 1551 644 queat’nus.
1569 609 1635 636 Nam
1654 611 1675 637 si
1693 619 1742 637 ve-

954 661 1013 681 rum
1036 653 1103 681 dicit
1119 654 1278 688 Apostolus,
1305 662 1368 681 cum
1382 655 1490 682 tabulas
1503 655 1594 682 cordis
1607 656 1740 684 nominat.

954 698 1061 732 hocest,
1073 698 1240 727 intellectum
1250 699 1333 726 animi
1344 699 1440 728 ducem
1452 708 1483 726 ac
1493 701 1654 735 principem,
1667 702 1741 728 sicut

953 744 1076 779 profecto
1090 752 1183 772 verum
1198 745 1274 778 dicit,
1289 745 1335 780 qui
1347 752 1394 780 per
1406 745 1537 780 Spiritum
1549 745 1682 780 profunda
1695 746 1741 774 Dei

952 795 1091 819 scrutatus
1107 795 1148 819 est
1165 801 1172 818 :
1193 791 1256 819 inde
1274 792 1383 820 discere
1399 793 1478 825 licet,
1498 793 1642 820 infractam
1660 799 1742 829 atque

953 837 1132 865 immortalem
1154 838 1256 865 divinis
1279 837 1440 865 fabricatam
1463 839 1587 866 manibus
1614 843 1740 866 naturam

919 884 938 910 Β
953 887 1075 910 nostram
1091 885 1118 910 ln
1131 883 1267 919 principio
1287 883 1382 916 fuisse,
1398 891 1479 919 quam
1497 884 1538 912 lex
1557 893 1610 912 non
1625 886 1739 920 scripta.

955 929 1002 956 sed
1019 929 1127 960 inuata,
1152 937 1206 956 non
1220 929 1341 956 exterius
1365 930 1518 964 acquisita,
1539 930 1586 958 sed
1608 931 1741 966 impressa

951 975 1112 1002 exornabat.
1133 974 1303 1003 Naturaliter
1327 976 1400 1002 enim
1418 976 1497 1004 nobis
1521 977 1649 1005 voluntas
1674 977 1742 1012 legis

953 1021 1050 1052 inerat.
1066 1029 1125 1054 quze
1141 1021 1174 1048 ad
1193 1021 1327 1048 malorum
1342 1021 1586 1054 abominationem,
1609 1026 1636 1050 et
1652 1022 1741 1050 bono-

953 1073 1013 1093 rum
1026 1066 1225 1100 expeditionem
1242 1073 1292 1094 nos
1309 1066 1479 1094 institueret.

986 1201 1087 1230 Verum
1111 1206 1288 1238 posteaquam
1315 1204 1418 1238 peceati
1445 1204 1566 1232 sonitum
1585 1205 1612 1232 in
1628 1206 1741 1234 auribus

950 1247 1053 1275 nostris
1070 1248 1260 1282 suscepimus:
1284 1255 1364 1283 quem
1383 1249 1491 1283 quidem
1512 1250 1631 1278 sonitum
1654 1251 1740 1285 prima

950 1293 996 1320 illa
1012 1291 1155 1328 Scriptura
1171 1301 1265 1321 vocem
1282 1295 1429 1329 serpentis.
1444 1295 1502 1322 ba’c
1513 1303 1579 1324 vero
1590 1296 1624 1324 de
1640 1297 1742 1325 tabulis

950 1338 1065 1366 historia
1079 1346 1173 1366 vocem
1186 1346 1219 1367 ex
1232 1339 1296 1366 vino
1307 1341 1476 1367 cantantium
1491 1342 1665 1377 nuncupavit:
1679 1347 1743 1370 tunc

950 1388 1056 1412 natura:
1071 1385 1216 1420 integritas
1231 1386 1257 1411 iu
1271 1389 1371 1412 terram
1388 1386 1500 1419 decidit,
1514 1391 1540 1414 et
1555 1388 1674 1414 contrita
1687 1392 1740 1416 est.

950 1431 1002 1458 Sed
1021 1438 1129 1458 rursum
1145 1438 1225 1457 verus
1243 1431 1392 1465 legislator,
1408 1431 1487 1466 cujus
1500 1432 1613 1467 figuram
1633 1433 1741 1468 Moyses

949 1477 1072 1512 gerebat,
1089 1484 1121 1503 ex
1134 1481 1207 1503 terra
1224 1481 1318 1504 nostra
1333 1483 1438 1504 natnrm
1451 1482 1552 1506 nostra:
1566 1479 1673 1506 tabulas
1689 1479 1741 1507 sibi

949 1523 1087 1551 confecit:
1107 1531 1157 1550 nec
1176 1524 1249 1551 cnim
1271 1525 1430 1558 nuptiarum
1452 1525 1614 1553 solemnitas
1630 1533 1741 1553 carnem

107 1570 233 1606 δακτύλῳ
259 1571 494 1605 καταγραφείσης.
513 1570 625 1604 Πνεῦμα
641 1569 694 1605 γὰρ
719 1570 795 1603 ἅγιον
819 1567 897 1605 ἦλθεν

950 1567 1115 1595 dominicam
1139 1568 1283 1603 produxit,
1307 1569 1354 1596 sed
1384 1569 1442 1604 ipse
1461 1577 1517 1597 suae
1533 1571 1626 1598 carnis
1650 1570 1741 1599 lactus

107 1616 155 1642 ἐπὶ
167 1616 216 1650 τὴν
227 1614 372 1650 Παρθένον.
385 1616 431 1642 καὶ
442 1617 458 1651 ὴ
470 1615 517 1642 τοῦ
533 1615 643 1650 ὑψίστου
661 1615 806 1641 ὲπεσκίασε
821 1615 901 1642 δύναο

109 1670 166 1697 μις.
186 1662 262 1688 Ἐπεὶ
284 1662 312 1688 δὲ
334 1662 412 1688 τοῦτο
435 1661 553 1696 ἐγένετο,
579 1661 660 1688 πάλιν
676 1661 706 1688 τὸ
719 1661 900 1697 ἀσύντριπτον

107 1707 187 1742 ἔσχεν
201 1708 217 1743 ἡ
232 1707 322 1742 φύσις,
337 1708 469 1739 ἀθάνατος
484 1708 617 1743 γενομένη
638 1708 693 1739 τοῖς
704 1706 750 1733 τοῦ
768 1707 898 1733 δακτύλου

106 1753 277 1788 χαράγμασι.
294 1754 429 1785 Δάκτυλος
445 1753 472 1779 δὲ
496 1753 612 1790 πολλαχῆ
633 1752 714 1788 παρὰι
722 1753 770 1787 τῆς
789 1752 900 1788 Γραφῆς

106 1799 270 1833 ὀνομάζεται
288 1799 318 1825 τὸ
343 1798 455 1834 Πνεῦμα
471 1799 502 1826 τὸ
522 1799 607 1832 ἅγιον,
631 1799 685 1824 Καὶ
705 1797 776 1824 οὕτω
796 1798 898 1832 γίνεται

106 1844 154 1870 τοῦ
180 1845 322 1876 Μωῦσέως
351 1845 367 1880 ἡ
394 1844 441 1871 ἐπὶ
466 1844 496 1870 τὸ
525 1843 692 1878 ἐνδοξότερον
719 1842 898 1878 μεταποίησις

105 1891 218 1926 τοιαύτη
243 1892 290 1918 καὶ
310 1891 439 1926 τοσαύτη,
454 1891 491 1923 ὡς
507 1890 649 1926 ἁχώρητον
663 1888 731 1917 εἶναι
757 1889 796 1924 τῷ
822 1889 898 1916 κάτω

106 1938 238 1973 ὀφθαλμῷ
254 1938 303 1973 τὴν
321 1938 370 1973 τῆς
384 1938 462 1973 δόξης
483 1937 590 1972 ἐκείνης
609 1936 769 1970 ἐμφάνειαν.
787 1936 897 1967 Πάντως

105 1983 135 2010 δὲ
146 1984 160 2009 6
172 1983 386 2018 πεπαιδευμένος
396 1983 425 2009 τὸ
437 1983 507 2010 θεῖον
518 1983 567 2016 τῆς
581 1981 697 2013 πίστεως
709 1981 787 2016 ἡμῶν
800 1981 899 2016 μυστή-

108 2037 175 2063 ριον,
191 2029 241 2056 οὐκ
256 2030 358 2063 ἀγνοεῖ,
377 2029 435 2060 πῶς
457 2028 601 2063 συμϐαίνει
620 2029 653 2064 τῇ
674 2027 779 2063 ἱστορίᾳ
793 2027 810 2062 ὴ
828 2027 897 2053 κατὰ

105 2066 252 2111 ἀναγωγὴν
272 2075 383 2111 θεωρία.
401 2075 430 2102 Ὀ
444 2075 498 2110 γὰρ
514 2074 662 2110 διορθωτὴς
673 2074 722 2109 τῆς
739 2081 896 2108 συντετριμ-

107 2122 193 2158 μένης
213 2122 292 2157 ἡμῶν
313 2121 419 2156 φύσεως
445 2121 548 2153 πλακὸς
569 2122 654 2153 (νοεῖς
669 2120 696 2146 δὲ
718 2120 837 2151 πάντως,
855 2119 897 2146 διὰ

104 2168 161 2196 τῶν
174 2168 339 2203 λεγομένων,
357 2168 470 2198 ἐκεῖνον,
491 2167 537 2193 τὸν
556 2167 591 2193 τὰ
610 2167 800 2201 συντρίμματα
818 2165 897 2201 ἡμῶν

105 2213 332 2250 θεραπεύσαντα),
354 2212 448 2248 ἐπειδὴ
472 2212 552 2239 πάλιν
573 2213 613 2241 είς
635 2212 664 2238 τὸ
681 2213 793 2248 ἀρχαῖον
815 2213 896 2238 ἐπαν-

950 1613 1067 1648 lapicida
1079 1633 1086 1645 ,
1110 1614 1196 1648 digito
1212 1613 1258 1641 Dei
1275 1621 1334 1640 eam
1354 1615 1504 1649 inscripsit.
1522 1614 1644 1650 Spiritus
1666 1617 1738 1644 enim

949 1662 1062 1686 sanctus
1075 1659 1200 1694 pervenit
1212 1659 1239 1686 in
1254 1658 1406 1694 Virginem,
1417 1664 1441 1687 el
1458 1661 1566 1690 Excelsi
1580 1669 1637 1689 eam
1650 1663 1739 1691 virtus

948 1703 1123 1730 obumbravit
1134 1704 1166 1731 ⁸⁷.
1184 1703 1244 1736 Quo
1259 1705 1340 1733 facto.
1357 1712 1455 1732 rursus
1471 1709 1569 1732 natura
1585 1705 1738 1738 confracta,

950 1749 1024 1776 illius
1036 1749 1216 1783 impressione
1230 1749 1308 1784 digiti
1324 1750 1556 1777 immortalitatem
1567 1757 1716 1779 consecuta
1731 1762 1736 1779 :

949 1792 1051 1827 digitus
1063 1793 1136 1820 enim
1159 1793 1259 1828 sacpius
1278 1802 1293 1820 ιι
1312 1792 1454 1829 Scriptura
1482 1794 1602 1829 Spiritus
1625 1800 1738 1824 sanctus

927 1855 933 1857 -
949 1838 1110 1873 appellatur.
1131 1839 1188 1866 Hoc
1213 1839 1296 1874 igitur
1310 1839 1392 1867 modo
1408 1840 1441 1867 ad
1465 1840 1613 1875 gloriosius
1630 1841 1738 1877 Moyses

948 1889 1133 1913 commutatus
1158 1884 1223 1916 fuit,
1241 1885 1309 1912 adeo
1336 1890 1365 1912 ut
1382 1885 1560 1914 inferioribus
1583 1887 1626 1915 his
1650 1888 1737 1915 oculis

947 1933 1024 1957 tanta
1039 1931 1155 1966 talisque
1172 1931 1259 1965 gloria
1277 1932 1352 1959 cerni
1367 1932 1509 1964 nequiret:
1527 1941 1609 1968 quam
1627 1934 1736 1968 quidem

948 1975 1167 2004 immutationem
1181 1977 1227 2011 qui
1246 1980 1346 2004 nostra:
1363 1976 1424 2005 ﬁdei
1438 1978 1567 2012 mysteria
1579 1979 1665 2010 novit,
1682 1987 1736 2006 non

949 2022 1087 2058 ignorabit
1102 2023 1239 2056 quomodo
1253 2023 1418 2058 allegoricus
1438 2023 1483 2050 hic
1497 2031 1594 2051 sensus
1616 2024 1738 2052 historia:

948 2071 1153 2096 consentaneus
1166 2072 1218 2096 est.
1234 2067 1302 2095 Nam
1313 2069 1361 2103 qui
1376 2069 1522 2096 contritam
1543 2073 1670 2096 naturam
1685 2078 1736 2098 no-

948 2118 1032 2142 stram
1049 2114 1076 2141 in
1094 2114 1278 2149 integritatem
1293 2115 1434 2147 traduxit,
1449 2114 1513 2150 qui,
1527 2115 1673 2150 languores
1687 2124 1738 2144 n.1-

949 2164 1022 2188 stros
1033 2160 1163 2195 portavit.
1179 2164 1206 2187 et
1228 2160 1336 2188 sanavit
1356 2163 1485 2195 mgrotos,
1509 2165 1688 2196 posteaquam
1707 2162 1734 2189 in

949 2205 1091 2241 pristinam
1101 2205 1333 2240 pulchritudinem
1344 2205 1451 2233 dirutas
1465 2211 1569 2234 natura:
1584 2211 1685 2234 nostra).
1695 2211 1736 2234 ta-

102 2247 191 2296 ήγαγε
207 2260 256 2295 τὴν
272 2247 504 2295 συντετριμμένην
517 2258 567 2293 τῆς
583 2258 688 2293 φύσεως
705 2258 782 2293 ἡμῶν
795 2257 896 2290 πλάκα,

950 2252 1027 2279 bulas
1043 2251 1173 2284 restituit,
1187 2250 1250 2282 Dei,‘
1258 2256 1287 2278 ut
1302 2251 1433 2283 diximus,
1445 2251 1530 2287 digito
1544 2253 1666 2285 caelatas,
1680 2261 1735 2281 non

103 2306 144 2342 τῷ
159 2306 222 2341 θείῳ
236 2305 369 2341 δακτύλῳ,
393 2305 483 2336 καθὼς
504 2305 621 2340 εἴρηται,
645 2303 893 2335 καλλωπισθεῖσαν,

103 2352 196 2379 οὐκέτι
217 2352 338 2387 χωρητδς
356 2353 414 2383 ταῖς
427 2351 504 2385 ὕψεσι
521 2350 576 2377 τῶν
594 2350 712 2382 ἀναξίων
730 2350 845 2383 γίνεται,
858 2349 896 2384 τῷ

105 2397 301 2433 ὑπερϐάλλοντι
320 2398 370 2432 τῆς
391 2397 470 2432 δόξης
494 2396 716 2432 ἀπροσπέλαστος
741 2397 797 2427 τοῖς
826 2395 894 2430 πρὸς

104 2445 188 2472 αὐτὸν
212 2444 294 2479 ὁρῶσι
318 2444 469 2480 γινόμενος.
506 2442 625 2477 Ἀληθῶς
650 2442 714 2477 γὰρ.
743 2442 807 2468 ὅταν
832 2440 897 2478 ἔλθῃ

105 2489 210 2522 (καθώς
229 2497 294 2524 φησι
321 2489 352 2515 τὸ
375 2488 551 2522 Εὑαγγέλιον)
572 2488 601 2514 ὲν
617 2488 650 2523 τῇ
668 2487 730 2523 δόξῃ
744 2485 836 2518 αὐτοῦ,
849 2487 897 2513 καὶ

104 2534 208 2566 πάντες
217 2535 239 2561 οἱ
254 2534 364 2569 ἄγγελοι
378 2535 436 2569 μετ’
449 2533 542 2566 αὐτοῦ,
563 2534 641 2569 μόγις
654 2533 702 2568 μὲν
715 2534 770 2564 τοῖς
783 2532 896 2564 δικαίοις

103 2579 229 2615 χωρητὸς
252 2580 355 2613 γίνεται
371 2579 418 2606 καὶ
439 2579 606 2614 καταφανής.
628 2579 658 2605 '0
678 2578 707 2605 δὲ
722 2577 833 2614 ἀσεϐὴς,
849 2579 896 2605 καὶ

109 2624 264 2657 Ἰουδαΐζων
278 2625 327 2660 τὴν
344 2625 458 2662 αἵρεσιν,
476 2625 567 2657 καθὼς
583 2625 696 2656 Ἡσαΐας
712 2624 796 2659 λέγει,
811 2624 897 2660 ἁμέτ-

103 2678 167 2705 οχος
186 2670 290 2697 ἐκείνου
313 2670 359 2697 τοῦ
381 2671 515 2706 θεάματος
536 2670 619 2706 μένει.
643 2670 786 2705 «Ἂρθήτω
807 2670 860 2705 γὰρ
883 2671 897 2696 6
914 2675 928 2690 \

102 2714 235 2750 ἀσεϐὴς,›
247 2716 338 2750 φησὶν,
354 2716 411 2742 «ἵνα
419 2715 456 2752 μὴ
468 2714 651 2752 ῑδῃτὴνίὀξαν
661 2714 772 2751 Κυρίου.
790 2725 799 2741 ι
818 2714 897 2742 Ἀλλὰ

101 2760 190 2787 ταῦτα
208 2761 256 2796 μὲν
273 2763 304 2797 τῇ
328 2762 472 2797 ἀκολουθίᾳ
493 2762 546 2788 τῶν
564 2760 754 2796 ὲξητασμένων
769 2761 896 2796 ἑπόμενοι

949 2297 1064 2332 amplius
1078 2297 1252 2332 indignorum
1268 2297 1356 2324 oculis
1372 2297 1434 2332 capi
1453 2302 1553 2332 potest.
1574 2298 1641 2326 Nam
1660 2304 1736 2327 tanta

947 2346 991 2370 est
1003 2342 1155 2377 amplitudo
1176 2341 1270 2377 gloriae
1286 2345 1369 2377 atque
1387 2343 1539 2377 maiestatis
1552 2343 1612 2378 ejus
1623 2363 1630 2376 ,
1648 2348 1678 2371 ut
1695 2346 1736 2371 vi-

949 2396 996 2416 sus
1020 2396 1113 2416 eorum
1135 2392 1254 2424 nequeat
1277 2389 1310 2416 ad
1332 2389 1423 2424 ipsum
1445 2389 1588 2418 accedere.
1611 2389 1737 2418 Profecto

948 2434 1020 2461 enim
1036 2441 1097 2462 curn
1121 2434 1149 2461 in
1167 2433 1311 2468 majestate
1328 2441 1389 2466 sua,
1408 2438 1437 2461 ut
1453 2434 1520 2462 dicit
1537 2434 1715 2471 Evangelium
1728 2455 1736 2467 ,

947 2480 1054 2512 veniet,
1080 2487 1111 2507 ac
1125 2487 1221 2509 omnes
1244 2479 1333 2514 angeli
1351 2487 1457 2513 secum,
1482 2479 1526 2507 vix
1549 2480 1616 2514 justi
1644 2482 1737 2517 gloriae

947 2526 1034 2560 ipsius
1049 2529 1129 2553 erunt
1150 2532 1266 2560 capaces
1282 2533 1288 2552 :
1306 2525 1382 2560 impii
1400 2530 1491 2553 autem
1519 2530 1546 2553 et
1559 2524 1737 2555 Judaizantes

948 2575 1029 2598 tanta:
1045 2571 1158 2598 visionis
1171 2575 1298 2605 expertes
1313 2575 1405 2603 erunt,
1422 2575 1451 2598 nt
1466 2571 1550 2599 Isaias
1563 2573 1602 2599 ait
1615 2582 1621 2599 ε
1642 2583 1651 2598 ι
1672 2573 1737 2600 Tol-

948 2617 1018 2644 latur
1030 2617 1140 2651 impius,
1155 2624 1189 2644 ne
1203 2616 1294 2644 videat
1304 2617 1418 2651 gloriam
1431 2617 1579 2645 Domini“.
1596 2627 1605 2643 ι
1620 2618 1737 2653 Sedjam

947 2663 1030 2689 multa
1047 2663 1081 2690 de
1096 2663 1158 2694 hoc.
1173 2669 1257 2697 quare
1268 2662 1301 2689 ad
1315 2662 1419 2697 reliqua
1437 2666 1628 2696 transeamus:
1643 2662 1736 2690 Ambi-

946 2715 1009 2742 gere
1026 2707 1148 2743 profecto
1170 2708 1306 2745 quispiam
1323 2708 1434 2743 poterit,
1446 2708 1592 2743 “quomodo
1616 2708 1734 2744 Moyses,

948 2761 1028 2790 quem
1051 2759 1092 2781 tot
1109 2755 1247 2790 tantisque
1265 2753 1420 2782 visionibus
1439 2754 1522 2782 Deum
1543 2754 1646 2783 vidisse
1662 2754 1736 2782 Scri-

984 2843 1006 2859 "
1021 2841 1087 2870 Luc.
1104 2850 1130 2875 ν,
1151 2842 1194 2870 55.
1235 2843 1257 2858 ⁸⁸
1278 2842 1328 2869 lsa.
1342 2849 1416 2875 xui,
1438 2842 1480 2869 l0.
