1986 3080
272 126 324 154 599

272 185 350 215 ptura
369 183 495 215 testatur,
521 189 639 217 quocum
661 183 734 213 Deus
757 186 793 213 ita
814 186 976 222 loquebatur
991 195 1019 218 ut
1036 193 1058 219 si

275 226 336 260 quis
349 227 465 255 amicum
487 236 567 256 suum
583 230 778 265 alloqueretur,
797 238 858 260 orat
881 243 965 269 nune,
988 245 1058 272 quas

274 279 413 307 nunquam
438 273 567 308 vidisset,
597 280 625 302 ut
639 277 775 304 videat".
805 278 836 305 Et
861 281 998 315 quomodo
1020 283 1059 310 di-

273 317 336 343 vina
372 324 425 345 vox
460 318 541 346 modo
569 321 666 348 annuit
696 323 786 349 oranti
815 325 887 358 quod
915 326 1002 360 petit,
1032 333 1058 355 ct

274 362 344 390 hanc
364 371 474 399 quoque
494 365 609 399 gratiam
626 366 678 394 sibi
698 368 767 394 velle
790 368 916 397 conferre
930 378 986 398 non
1011 380 1059 399 ne-

274 417 289 443 g
308 413 318 435 t
335 418 341 436 :
366 410 446 438 modo
472 411 498 438 in
525 411 743 447 desperationem
764 413 856 448 ducit,
874 423 935 443 cum
953 422 1058 445 asserat

273 463 327 482 non
341 463 402 482 esse
419 456 490 484 hanc
509 458 592 484 vitam
607 458 747 486 hominum
765 460 825 495 ejus
846 462 896 493 rei,
914 470 996 497 quam
1011 471 1058 498 po-

273 502 408 535 stulabat,
422 510 567 538 capacem,
582 510 609 532 et
631 506 665 532 ad
684 506 754 538 haec.
782 515 861 542 quem
889 509 977 536 locum
996 517 1058 537 esse

272 547 343 581 apud
360 555 389 575 se
413 547 484 575 Deus
498 549 579 582 dicit,
599 554 626 578 et
650 559 731 586 quem
747 552 774 578 in
799 553 860 580 loco
879 554 1007 588 lapidem,
1031 559 1058 582 et

271 592 393 625 quod‘iu
411 593 501 627 lapide
519 593 652 626 foramen,
675 596 702 622 in
721 597 794 631 quod
813 597 891 632 jubet
915 599 1058 633 pervenire

272 636 394 672 Moysen,
405 639 503 667 deinde
517 640 601 668 Deum
615 646 725 669 manum
738 650 816 670 suam
828 644 860 671 ad
873 651 903 671 os
916 643 1057 674 foraminis

270 682 344 710 illius
363 684 515 718 positurum
526 705 533 716 ,
550 689 577 712 et
596 693 658 713 cum
677 688 815 715 transierit
828 708 835 719 .
852 688 962 724 Moysen
978 690 1056 718 invo-

269 732 362 755 catum
392 737 408 756 a
435 729 586 764 foramine,
604 734 758 767 posteriora
780 733 839 769 ejus
867 735 913 770 qui
930 736 1054 769 vocavit,

270 773 457 808 inspecturum
482 784 489 802 :
515 776 573 804 haec
595 778 667 805 enim
686 778 828 813 Scriptura
852 785 956 813 narrat,
973 786 1000 809 et
1016 782 1057 810 sic

270 819 367 846 asserit
378 819 462 847 Deum
475 828 489 847 a
503 820 595 857 Moyse
605 829 789 858 perspectum,
803 825 874 853 sicut
883 826 974 854 divina
990 834 1056 855 voce

267 863 319 890 sibi
337 863 426 891 fuerat
440 865 620 900 promissum.

884 130 913 157 S.
935 129 1098 160 GREGORII
1111 132 1255 162 NYSSENI

1841 139 1892 167 ιοο

1099 191 1168 226 πρὸς
1182 191 1228 226 τὴν
1244 191 1371 218 ὑπόνοιαν
1383 191 1431 227 τῆς
1443 191 1506 227 περὶ
1518 191 1562 218 τὸν
1574 192 1654 219 τόπον
1666 191 1758 219 τοῦτον
1769 193 1885 229 Θεωρίας

1100 236 1263 271 ὴνέχθημεν.
1284 237 1345 263 Ἐπὶ
1369 237 1397 263 δὲ
1430 237 1460 263 τὸ
1487 238 1665 272 προκείμενον
1685 238 1884 274 ἐπανέλθωμεν.

1100 283 1164 315 Πῶς
1178 284 1192 309 6
1205 283 1350 314 τοσαύταις
1369 283 1536 318 θεοφανείαις
1554 284 1675 319 ἐναργῶς
1688 285 1753 320 ὁρᾷν
1765 285 1810 311 τὸν
1821 284 1886 311 Θεὸν

1102 327 1176 362 παρὰ
1193 328 1241 363 τῆς
1256 328 1330 360 θείας
1347 328 1438 363 φωνῆς
1452 329 1671 364 μαρτυρούμενος
1683 330 1722 365 (ὲν
1737 328 1777 361 οἷς
1793 338 1885 365 φησιν,

1100 374 1141 400 ὅτι
1155 373 1269 405 ὲνώπιος
1284 374 1402 409 ἐνωπίῳ,
1418 375 1455 406 ὡς
1466 375 1497 402 ἄν
1510 383 1550 406 τις
1563 375 1665 411 λαλήσῃ
1679 375 1748 411 πρὸς
1766 376 1811 402 τὸν
1825 377 1888 402 ἑαυ-

1099 418 1147 446 τοῦ
1161 419 1259 453 φίλον),
1273 420 1301 446 ὲν
1317 420 1422 451 τούτοις
1435 420 1590 455 γενόμενος,
1603 421 1640 452 ὡς
1656 421 1738 456 μήπω
1750 420 1838 455 τυχὼν
1850 417 1887 448 ὧν

1100 464 1278 498 τετυχηκέναι
1291 464 1335 490 διὰ
1344 465 1393 500 τῆς
1406 465 1546 500 Γραφικῆς
1559 467 1710 501 μαρτυρίας
1721 466 1886 499 πιστεύεται,

1100 508 1186 535 δεῖται
1204 509 1251 535 τοῦ
1275 509 1341 536 Θεοῦ
1360 510 1477 545 φανῆναι
1500 511 1589 546 αὐτῷ,
1612 512 1648 543 ὡς
1667 512 1713 538 τοῦ
1734 513 1776 539 ἀεὶ
1794 521 1888 546 φαινο-

1103 554 1183 590 μένου
1197 554 1306 590 μηδέπω
1319 555 1460 590 όφθέντος;
1474 557 1527 583 Καὶ
1539 558 1555 592 ἡ
1570 557 1671 584 ἄνωθεν
1685 558 1769 593 φωνὴ.
1781 558 1828 585 νῦν
1838 558 1888 593 μὲν

1102 599 1135 635 τῇ
1150 600 1280 635 ἐπιθυμίᾳ
1295 600 1342 627 τοῦ
1356 601 1493 634 αἰτοῦντος
1508 603 1669 634 συντίθεται,
1680 603 1727 629 καὶ
1742 603 1790 638 τὴν
1803 612 1888 639 προσ-

1102 645 1189 681 θήκην
1209 646 1282 681 αὐτῷ
1305 648 1355 681 τῆς
1378 647 1486 682 χάριτος
1513 647 1614 682 ταύτης
1632 648 1681 674 οὐκ
1701 648 1887 675 ἀπαναίνεται.

1101 691 1187 718 Πάλιν
1200 691 1228 718 δὲ
1253 693 1291 724 εἰς
1313 692 1484 728 ἀπελπισμὸν
1497 694 1568 726 ἄγει,
1590 693 1624 720 δι’
1643 690 1680 720 ὧν
1698 694 1888 729 ἀποφαίνεται,

1101 737 1242 773 ἀχώρητον
1253 736 1321 764 εἶναι
1336 740 1368 773 τῇ
1379 739 1432 765 τῶν
1443 739 1591 774 ἀνθρώπων
1603 740 1658 775 ζωῇ
1668 742 1698 767 τὸ
1709 741 1771 775 παρ’
1786 741 1888 768 ἐκείνου

1101 783 1275 818 ζητούμενον.
1294 784 1373 811 Ἀλλά
1385 793 1445 811 τινα
1457 785 1538 812 τόπον
1548 784 1619 812 εἶναι
1633 786 1696 820 παρ’
1709 786 1796 822 ἐαυτῷ
1807 795 1890 822 φησιν

1100 827 1115 852 6
1131 827 1206 860 Θεὸς,
1226 828 1273 855 καὶ
1288 828 1316 854 ὲν
1331 828 1369 864 τῷ
1382 829 1457 864 τόπῳ
1468 829 1580 864 πέτραν,
1603 830 1649 857 καὶ
1666 831 1734 866 ὀπὴν
1748 832 1776 857 ὲν
1791 832 1822 866 τῇ
1838 831 1890 858 πέ-

1100 879 1162 907 τρᾳ,
1177 873 1205 898 ὲν
1256 873 1359 900 κελεύει
1372 874 1493 908 γίνεσθαι
1506 875 1552 901 τὸν
1572 874 1698 903 Μωῡσέα.
1715 874 1779 902 Εἶτα
1794 876 1891 904 ὲπιῦαρ

264 909 320 935 λεῖν
335 910 380 936 τὸν
404 910 469 937 Θεὸν
493 911 541 945 τὴν
558 913 636 948 χεῖρα
656 912 695 947 τῷ
712 913 814 948 στομίῳ
837 914 886 949 τῆς
907 915 975 950 ότι-ἧς
1000 914 1052 947 ἔξω
1075 917 1230 952 γενόμενον,
1247 917 1282 943 τὰ
1303 917 1415 944 ὄπισθεν
1431 918 1495 945 ίδείν
1509 918 1556 945 τοῦ
1580 920 1753 953 καλέσαντος,
1771 923 1817 948 καὶ
1840 921 1889 948 οὖ-

264 964 317 986 τως
330 955 431 982 ἐκεῖνον
442 956 487 983 τὸν
504 957 668 992 ζητούμενον
687 959 750 985 ἰδεῖν
766 959 850 992 δόξαι,
865 960 913 994 τῆς
928 969 958 986 τε
976 958 1050 992 θείας
1067 961 1158 996 φωνῆς
1171 962 1274 996 ἀψευδῆ
1288 962 1338 997 τὴν
1353 963 1517 998 ἐπαγγελίαν
1533 965 1670 1000 γενέσθαι.

297 1007 361 1036 Hinc
386 1008 476 1035 omnia
507 1008 530 1035 si
560 1007 622 1042 quis
646 1007 796 1034 secundum
823 1007 941 1033 litteram
963 1005 1050 1033 solum

263 1053 436 1085 consideret,
463 1061 518 1080 non
541 1053 676 1081 obscurus
702 1053 836 1080 duntaxat
867 1051 1052 1086 qumrentibus

263 1107 361 1127 sensus
375 1099 430 1130 fiet.
445 1107 541 1127 verum
559 1099 641 1127 etiam
656 1106 709 1126 non
724 1101 813 1125 rectas
826 1097 860 1124 de
876 1096 931 1124 Deo
942 1103 1052 1132 genera<

263 1145 300 1172 bit
322 1145 485 1180 opiniones;
511 1145 570 1172 sola
585 1145 658 1172 enim
683 1143 800 1179 ﬁgurata
824 1142 946 1170 anterius
971 1146 1051 1176 atque

263 1191 400 1226 posterius
416 1190 527 1222 habent.
542 1191 632 1218 omnis
649 1198 714 1218 vero
729 1190 827 1224 figura,
849 1188 975 1224 corporis
996 1192 1052 1215 ter-

263 1238 418 1264 minusest.
434 1236 525 1269 Quare
546 1236 592 1271 qui
612 1236 726 1270 figuram
748 1235 804 1262 Deo
823 1234 929 1265 tribuit.
950 1241 1051 1268 corpus

263 1281 352 1316 ipsum
379 1284 580 1315 consequenter
599 1280 705 1314 putabit
724 1286 846 1314 :corpus
862 1281 952 1306 autem
972 1285 1052 1306 omne

264 1328 448 1362 compositum
464 1331 506 1354 est
520 1336 526 1354 :
543 1327 724 1362 compositum
737 1334 819 1361 porro
831 1326 1000 1354 diversorum
1020 1332 1053 1353 ac

262 1373 447 1400 dillerentium
464 1380 600 1401 concursu
625 1372 812 1400 constituitur.
829 1372 965 1407 Quidquid
987 1380 1053 1400 vero

263 1419 304 1446 sic
323 1419 503 1446 constitutum
520 1422 572 1448 est.
593 1418 784 1446 indissolubile
809 1426 865 1446 non
884 1412 948 1446 est:
965 1418 1053 1454 quod-

262 1470 316 1497 que
339 1463 512 1494 dissolvitur,
536 1463 562 1490 id
583 1463 770 1497 corrumpitur
785 1471 792 1489 :
807 1463 953 1490 dissolutio
979 1462 1051 1490 enim

264 1507 406 1541 corruptio
420 1508 565 1541 compositi
582 1512 634 1534 est.
650 1507 725 1540 Quas
739 1508 774 1535 ob
789 1515 833 1535 res
847 1508 869 1535 si
886 1509 947 1542 quis
961 1512 1053 1543 poste-

263 1554 322 1581 rius
340 1553 386 1581 Dei
401 1553 552 1581 secundum
568 1554 686 1581 litteram
707 1555 807 1589 capiet,
829 1555 856 1581 in
882 1555 934 1582 hoc
956 1555 1054 1582 incon-

263 1601 377 1628 veniens
393 1603 592 1635 consequenter
602 1600 762 1627 deducetur.
778 1599 846 1627 Nam
861 1603 922 1627 autc
938 1607 969 1627 ac
981 1605 1053 1627 retro

1134 1007 1227 1033 Ταῦτα
1240 1008 1293 1043 γὰρ
1309 1009 1337 1035 εἴ
1351 1018 1393 1040 τις
1408 1010 1479 1040 κατὰ
1492 1011 1522 1037 τὸ
1537 1011 1656 1046 γράμμα
1671 1011 1773 1046 βλέποι,
1789 1012 1819 1038 οὺ
1838 1013 1888 1048 μό-

1099 1061 1143 1078 νον
1154 1052 1260 1088 ἀσαφὴς
1282 1055 1338 1085 τοῖς
1352 1054 1478 1089 ζητοῦσίν
1495 1057 1566 1082 ἐστιν
1585 1057 1602 1092 ὴ
1617 1057 1729 1090 διάνοια,
1750 1058 1807 1085 ἀλλ’
1827 1058 1888 1085 οὐδὲ

1100 1097 1262 1132 καθαρεύσει
1288 1099 1336 1133 τῆς
1358 1099 1582 1135 ἀπεμφαινούοης
1607 1101 1671 1136 περὶ
1695 1102 1762 1128 Θεοῦ
1786 1102 1888 1137 ὑπολή-

1098 1141 1180 1176 ψεως.
1204 1142 1300 1168 Μόνων
1315 1142 1369 1179 γὰρ
1385 1143 1437 1170 τῶν
1462 1145 1490 1170 ὲν
1504 1145 1623 1180 σχήματι
1638 1145 1842 1181 θεωρουμένων,
1857 1146 1889 1173 τὸ

1100 1186 1149 1221 μὲν
1163 1187 1337 1222 ὲμπρόσθιον,
1353 1188 1383 1215 τὸ
1398 1189 1436 1218 δὲ.
1454 1189 1589 1216 ὀπίσθιον·
1605 1191 1658 1218 πᾶν
1673 1191 1701 1217 δὲ
1715 1193 1817 1226 σχῆμα,
1835 1191 1889 1218 σώ-

1100 1240 1185 1266 ματος
1207 1232 1294 1268 πέρας
1315 1234 1398 1261 ἐστίν.
1415 1235 1496 1261 Ὥστε
1515 1236 1529 1262 ὁ
1554 1236 1648 1271 σχῆμα
1671 1238 1736 1272 περὶ
1758 1237 1803 1264 τὸν
1821 1237 1888 1265 Θεὸν

1098 1276 1206 1310 ἐννοῶν,
1223 1278 1283 1304 οὐδὲ
1297 1278 1347 1313 τῆς
1367 1280 1525 1315 σωματικῆς
1544 1280 1651 1315 φύσεως
1665 1282 1826 1317 καθαρεύειν
1839 1283 1889 1309 αὺ-

1097 1323 1142 1349 τὸν
1157 1323 1322 1358 οῐηθήσεται.
1340 1325 1396 1352 Πᾶν
1408 1325 1436 1352 δὲ
1451 1326 1530 1360 σῶμα
1555 1327 1680 1354 σύνθετόν
1697 1328 1754 1354 ἐστι
1767 1327 1889 1360 πάντως·

1097 1367 1163 1395 τὸδὲ
1179 1369 1305 1396 σύνθετον
1317 1370 1349 1396 ὲκ
1358 1371 1408 1405 τῆς
1419 1371 1474 1398 τῶν
1489 1373 1652 1407 ἑτερογενῶν
1666 1373 1817 1408 συνδρομῆς
1831 1374 1889 1409 ἔχει

1099 1413 1146 1449 τὴν
1165 1414 1304 1441 σύστασιν.
1321 1417 1358 1442 Τὸ
1372 1417 1399 1443 δὲ
1423 1417 1622 1453 συντιθέμενον,
1635 1419 1685 1445 οὐκ
1701 1419 1734 1446 ἄν
1747 1428 1788 1451 τις
1809 1420 1889 1447 ἀδιά-

1098 1459 1176 1486 λυτον
1192 1459 1261 1487 εἶναι
1278 1461 1359 1488 εἴποι.
1375 1463 1411 1489 Τὸ
1425 1463 1452 1489 δὲ
1468 1463 1653 1499 διαλυόμενον,
1669 1465 1804 1500 ἄφθαρτον
1816 1464 1889 1492 εἶναι

1097 1505 1126 1531 οὐ
1149 1505 1268 1533 δύναται.
1292 1507 1381 1544 Φθορὰ
1401 1508 1454 1543 γὰρ
1477 1511 1493 1544 ὴ
1512 1510 1633 1542 διάλυσις
1654 1511 1700 1538 τοῦ
1722 1512 1890 1544 συνεπῶτὸς

1097 1549 1181 1577 ἐστιν.
1193 1550 1222 1577 Ei
1233 1549 1279 1578 οὖν
1291 1561 1333 1584 τις
1342 1553 1372 1579 τὸ
1379 1553 1501 1580 ὀπίσθιον
1510 1554 1556 1581 τοῦ
1569 1555 1636 1581 Θεοῦ
1649 1556 1720 1583 κατὰ
1730 1557 1760 1582 τὸ
1769 1557 1889 1592 γράμμα

1097 1595 1231 1630 νοήσειεν,
1248 1597 1287 1628 εἰς
1302 1597 1404 1631 ταύτην
1419 1598 1468 1634 τὴν
1486 1600 1601 1626 ἀτοπίαν
1620 1602 1651 1627 ἐκ
1665 1601 1715 1635 τῆς
1728 1602 1889 1635 ἀκολουθίας

264 1647 292 1674 in
318 1646 414 1681 ﬁgura.
435 1646 519 1682 ﬁgura
541 1653 607 1673 vero
630 1646 657 1672 in
685 1652 810 1681 corpore,
831 1653 931 1680 corpus
955 1649 1052 1673 natura

1098 1641 1155 1667 κατ’
1178 1641 1300 1677 ἀνάγκην
1319 1642 1516 1678 ἀπαχθήσεται.
1535 1645 1572 1671 Τὸ
1593 1646 1647 1681 γὰρ
1668 1647 1832 1682 ἐμπρόσθιόν
1855 1657 1888 1675 τε

264 1692 437 1724 dissolubile,
461 1692 624 1719 dissolubile
648 1696 740 1719 autem
763 1692 971 1727 incorruptibile
991 1700 1052 1721 esse

263 1746 318 1765 non
339 1743 439 1773 potest.
456 1737 502 1766 Sic
523 1738 570 1772 qui
590 1738 704 1765 omnino
719 1738 816 1766 litterae
841 1738 936 1771 servit,
961 1746 1052 1766 rerum

263 1785 384 1819 ipsarum
412 1785 608 1818 consequentia
634 1783 842 1818 corruptibilem
873 1791 935 1812 esse
967 1783 1050 1811 Deum

263 1831 369 1865 opinari
384 1831 570 1866 compellitur.
589 1829 636 1858 Est
658 1834 750 1858 autem
768 1829 839 1858 Deus
853 1829 1051 1865 incorruptibi-

263 1877 296 1904 lis
324 1877 435 1904 omnino
462 1881 545 1912 atque
568 1876 743 1904 immortalis.
772 1875 824 1903 Sed
855 1876 917 1910 quis
943 1875 1050 1903 tandem

263 1922 306 1948 his
322 1929 383 1956 quae
403 1922 504 1956 scripta
520 1926 585 1950 sunt
598 1922 699 1955 poterit
719 1921 842 1956 adaptari
862 1928 971 1954 sensus,
987 1928 1052 1955 pra;-

263 1971 305 1994 ter
323 1974 384 1994 eum
407 1967 453 2002 qui
475 1967 564 2001 prima
593 1967 683 1994 fronte
701 1966 733 1993 ad
762 1966 879 1993 litteram
905 1965 1051 1998 exponenti

262 2012 402 2039 occurrit?
431 2012 509 2045 Quod
533 2013 556 2040 si
574 2012 627 2039 hac
649 2013 677 2039 in
700 2017 777 2046 parte
806 2012 942 2045 altiorem,
969 2019 1051 2047 quam

262 2057 352 2085 littera
381 2057 502 2093 patitur.
530 2065 641 2086 sensum
672 2065 794 2092 quaerere
822 2058 961 2092 cogimur,
989 2057 1051 2092 quis

262 2103 381 2130 alienum
402 2111 464 2131 esse
484 2110 499 2130 a
516 2103 659 2138 Scriptura
682 2103 764 2134 dicet,
790 2103 812 2130 si
830 2103 864 2130 ad
881 2103 1051 2138 spiritualem

261 2155 373 2176 sensim
392 2152 476 2176 totam
501 2148 678 2176 reducimus?
700 2155 763 2176 nam
786 2156 848 2175 cum
877 2156 990 2176 necesse
1015 2149 1052 2177 sit

261 2198 355 2228 partes
373 2194 480 2229 aliquas
496 2194 679 2229 spiritualiter
691 2194 859 2229 lintelligere,
875 2198 964 2222 totum
981 2202 1051 2230 quo-

262 2247 316 2274 que
336 2247 449 2268 necesse
471 2244 502 2267 ut
520 2244 547 2268 et
573 2241 661 2276 possit
684 2245 711 2268 et
733 2241 829 2268 debeat
853 2240 936 2269 sicuti
959 2244 1050 2276 partes

1098 1685 1144 1711 καὶ
1165 1685 1297 1717 ὀπίσθιον.
1318 1688 1347 1714 ὲν
1362 1689 1483 1723 σχήματι
1506 1691 1630 1722 πάντως”
1648 1691 1678 1718 τὸ
1692 1692 1720 1718 δὲ
1740 1693 1841 1727 σχῆμα,
1858 1694 1890 1721 ἐν

1099 1730 1214 1766 σώματι.
1237 1732 1321 1759 Τοῦτο
1333 1734 1360 1760 δὲ
1382 1735 1514 1767 διαλυθὲν,
1532 1736 1655 1764 διαλυτὸν
1669 1738 1739 1764 κατὰ
1757 1738 1805 1774 τὴν
1818 1739 1890 1766 ἰδίαν

1098 1776 1178 1811 φύσιν
1191 1778 1258 1805 ἐστί.
1271 1779 1398 1807 Διαλυτὸν
1406 1781 1459 1815 γὰρ
1470 1782 1542 1809 ἅπαν
1553 1783 1583 1809 τὸ
1599 1782 1722 1810 σύνθετον
1732 1793 1738 1799 ’
1747 1784 1776 1810 τὸ
1788 1784 1816 1811 δὲ
1828 1784 1889 1811 δια-

1098 1822 1238 1858 λυόμενον,
1265 1824 1401 1860 ἄφθαρτον
1428 1824 1497 1853 εἶναι
1523 1828 1553 1854 οὐ
1580 1828 1700 1856 δύναται.
1720 1830 1790 1865 ’Λρα
1814 1831 1828 1856 6
1847 1830 1889 1866 τῷ

1098 1867 1246 1904 γράμματι
1256 1870 1399 1903 δουλεύων,
1416 1872 1519 1908 φθορὰν
1532 1873 1575 1900 διὰ
1591 1874 1640 1909 τῆς
1659 1875 1820 1907 ἀκολουθίας
1831 1877 1889 1903 τῶν

1102 1915 1238 1949 νοημάτων
1246 1917 1320 1952 παρὰ
1331 1917 1377 1943 τὸν
1387 1917 1452 1944 Θεὸν
1463 1918 1538 1952 ἐννοή
1543 1927 1622 1946 σειεν.
1633 1920 1712 1946 Ἀλλὰ
1721 1920 1773 1956 μὴν
1782 1921 1889 1957 ἄφθαρς

1097 1968 1142 1991 τος
1152 1960 1166 1986 6
1180 1960 1245 1992 Θεὸς
1258 1962 1304 1988 καὶ
1314 1962 1469 1998 ἀσώματος.
1487 1964 1567 1990 Ἀλλὰ
1578 1965 1619 1996 τίς
1632 1963 1686 2001 ἆρα
1697 1967 1752 1998 τοῖς
1765 1975 1889 2002 γεγραμ-

1100 2005 1189 2039 μένοις
1215 2007 1364 2042 ἐφαρμόσει
1392 2009 1495 2037 διάνοια
1522 2010 1599 2046 παρὰ
1624 2012 1654 2038 τὸ
1683 2012 1714 2039 ὲκ
1739 2014 1888 2048 προχείρου

1097 2051 1256 2086 νοούμενον;
1275 2054 1299 2079 εί
1315 2053 1342 2080 δὲ
1359 2054 1437 2082 τοῦτο
1449 2056 1480 2082 τὸ
1498 2056 1579 2091 μέρος
1593 2057 1646 2084 τῶν
1662 2057 1691 2083 ὲν
1705 2059 1737 2093 τῇ
1763 2060 1889 2094 συμφρά-

1097 2105 1138 2123 σει
1155 2097 1201 2124 τοῦ
1218 2097 1297 2133 λόγου
1319 2101 1531 2136 γεγραμμένων,
1548 2103 1645 2138 ἑτέραν
1669 2104 1742 2139 ἡμᾶς
1764 2104 1888 2140 ἐξευρεῖν

1096 2142 1245 2176 ἀναγκάζει
1265 2143 1398 2172 διάνοιαν·
1417 2147 1551 2182 προσήκει
1570 2147 1678 2180 πάντως
1695 2149 1742 2176 καὶ
1756 2149 1817 2185 περδ
1836 2150 1887 2177 τοῦ

1096 2185 1155 2212 ὅλου
1170 2187 1200 2212 τὸ
1216 2186 1272 2214 ἴσον
1291 2188 1463 2216 διανοεῖσθαι.
1479 2189 1541 2217 Οἷον
1559 2191 1615 2227 γὰρ
1630 2193 1658 2218 ὲν
1672 2193 1711 2228 τῷ
1729 2193 1805 2228 μέρει
1820 2195 1887 2230 νοήο

1096 2239 1189 2266 σομεν,
1215 2233 1335 2261 τοιοῦτον
1358 2235 1464 2271 ἀνάγκῃ
1492 2236 1539 2262 καὶ
1562 2237 1592 2263 τὸ
1617 2237 1675 2264 ὅλον
1697 2239 1886 2275 λαμὸἀνομεν.

263 2286 377 2321 intelligi
391 2296 397 2313 :
416 2290 457 2313 est
471 2287 544 2313 enim
564 2290 650 2313 totum
673 2294 707 2314 ex
723 2286 847 2321 partibus
864 2296 871 2314 :
886 2294 972 2321 quare
989 2294 1051 2321 par-

1098 2277 1199 2304 υῦκοῦν
1213 2278 1259 2305 καὶ
1271 2280 1285 2305 6
1294 2280 1375 2312 τόπος
1385 2281 1400 2307 6
1413 2282 1487 2316 παρὰ
1498 2282 1536 2318 τῷ
1551 2282 1619 2318 Θεῷ,
1632 2283 1704 2319 καὶὴ
1717 2285 1745 2311 ὲν
1756 2284 1796 2320 τῷ
1808 2286 1887 2322 τόπῳ

261 2331 331 2357 tium
363 2335 490 2358 naturam
517 2331 606 2366 sapiat
634 2338 748 2359 necesse
776 2335 827 2359 est.
857 2331 945 2359 Locus
967 2331 1051 2366 igitur

1098 2321 1192 2358 πέτρα,
1211 2324 1257 2350 καὶ
1275 2324 1306 2351 τὸ
1322 2325 1350 2351 ἐν
1371 2326 1456 2362 ταύτῃ
1476 2326 1603 2363 χώρημα,
1621 2328 1689 2364 ὅπερ
1710 2330 1764 2366 ὀπὴ
1784 2331 1886 2366 ὀνομά-

263 2374 334 2408 aptrd
348 2373 442 2407 Deum,
461 2379 487 2402 et
507 2375 578 2410 lapis
595 2375 622 2402 in
641 2375 712 2407 loco,
733 2376 798 2403 etin
817 2376 907 2411 lapide
926 2376 1048 2411 quadam

262 2419 413 2454 capacitas,
431 2428 511 2454 quam
532 2420 654 2455 foramen
671 2421 816 2456 appellavit
830 2432 837 2449 :
854 2422 1051 2457 ingressusque

263 2464 349 2500 Moysi
365 2465 397 2492 ad
411 2465 490 2499 illud,
505 2467 643 2501 impositio
658 2475 768 2503 quoque
781 2475 879 2496 manus
899 2467 943 2495 Dei
957 2469 984 2496 in
1002 2476 1050 2497 ore

264 2510 417 2543 foraminis,
440 2515 467 2539 et
483 2514 667 2548 transgressio
684 2513 754 2549 ejus,
772 2517 800 2541 et
813 2513 931 2546 vocatio,
951 2522 983 2541 ac
1000 2514 1049 2541 de-

264 2556 347 2590 nique
361 2557 542 2590 posteriorum
568 2559 683 2593 partium
703 2558 906 2593 aspectatio,ad
919 2559 1003 2587 altius
1022 2563 1048 2586 et

262 2602 469 2630 convenientius
495 2611 591 2630 norma
616 2605 764 2639 rcgulaque
780 2604 928 2640 anagogica
954 2604 994 2632 sic
1010 2613 1049 2632 re-

261 2647 388 2675 ducetur.
411 2647 646 2681 Quemadmodnm
667 2649 750 2685 igitur
769 2650 861 2684 gravia
884 2653 912 2677 et
931 2649 1047 2677 rotunda

262 2687 394 2728 corpora,
405 2693 429 2721 si
446 2701 462 2721 e
477 2694 669 2722 cacuminibus
682 2695 816 2722 montium
828 2694 905 2730 lapsa
920 2694 1047 2722 deorsum

262 2738 380 2772 fuerint,
402 2739 454 2768 etsi
480 2740 570 2769 nullus
590 2744 685 2775 postea
707 2740 845 2776 impellat,
877 2740 936 2776 ipsa
957 2744 1047 2768 tamen

1096 2366 1180 2399 ζεται,
1197 2369 1244 2395 καὶ
1269 2370 1285 2405 ἡ
1304 2370 1361 2397 ἐκεῖ
1374 2371 1421 2397 τοῦ
1445 2371 1581 2405 Μωῦσέως
1607 2375 1718 2407 εἴσοδος,
1740 2376 1786 2402 καὶ
1806 2377 1886 2412 ﬁci};

1095 2412 1169 2444 θείας
1183 2414 1273 2449 χειρὸς
1285 2415 1395 2451 ἐπιϐολὴ
1409 2417 1455 2443 τοῦ
1469 2418 1589 2453 στομίου,
1604 2421 1650 2446 καὶ
1667 2421 1683 2455 ἡ
1699 2421 1824 2456 πάροδος,
1839 2423 1889 2449 κα)⁸

1095 2458 1111 2493 ἡ
1130 2458 1235 2493 κλῆσις,
1253 2460 1299 2486 καὶ
1308 2460 1490 2499 μετὰταῦταή
1501 2462 1689 2492 τῶνόπισθίων
1697 2464 1798 2501 θεωρία
1809 2467 1888 2498 εὐλο-

1095 2503 1215 2548 γιῦτερον
1232 2505 1270 2540 τῷ
1291 2505 1342 2541 τῆς
1363 2507 1508 2542 ἀναγωγῆς
1528 2509 1603 2545 νόμῳ
1622 2510 1834 2548 θεωρηθήσεται.
1851 2514 1887 2541 Τί

1094 2546 1141 2574 οὖν
1157 2549 1214 2575 ἐστι
1228 2550 1258 2576 τὸ
1279 2550 1470 2586 είκαξόμενον;
1484 2553 1525 2580 ὅτι
1542 2555 1667 2591 καθάπερ
1678 2546 1717 2583 τὰ
1735 2546 1884 2594 κατωφερῆ

1093 2594 1147 2620 τῶν
1162 2595 1305 2629 σωμάτων,
1323 2597 1350 2623 εἴ
1369 2606 1429 2624 τινα
1445 2599 1515 2626 κατὰ
1528 2600 1574 2627 τοῦ
1598 2602 1718 2637 πρανοῦς
1733 2604 1820 2639 ὁρμὴν
1834 2605 1884 2631 λά-

1094 2638 1146 2683 ϐοι,
1171 2639 1222 2666 κᾶν
1239 2640 1333 2676 μηδεὶς
1356 2642 1469 2670 ὲπωθῶν
1487 2645 1556 2679 μετὰ
1571 2645 1621 2681 τὴν
1644 2646 1755 2683 πρώτην
1770 2638 1884 2683 κίνησιν

1093 2682 1172 2720 τύχῃ,
1187 2685 1255 2711 αὐτὰ
1276 2685 1310 2712 δι’
1331 2687 1434 2713 ἑαυτῶν
1453 2688 1500 2715 ἐπὶ
1511 2689 1541 2716 τὸ
1568 2691 1699 2724 κάταντες
1721 2694 1750 2720 ὲν
1771 2682 1884 2729 σφοδρο-

1092 2728 1160 2765 τὲρᾳ
1174 2731 1207 2765 τῇ
1221 2732 1291 2766 φορᾷ
1305 2733 1505 2768 συνελαύνεται,
1523 2735 1575 2769 ἕως
1591 2736 1624 2764 ἂν
1636 2738 1773 2772 ὲπικλινὲς
1788 2737 1816 2778 ᾖ,
1835 2741 1883 2768 καὶ

1137 2818 1159 2834 ³⁸
1178 2819 1264 2847 Exod.
1284 2827 1379 2855 xutn,
1400 2822 1436 2849 20
1457 2831 1518 2859 sqq.
