1986 3080
116 93 164 120 ιρι

789 95 832 121 DE
855 95 931 122 VlTA
952 95 1088 123 MOYSIS.

1695 93 1746 120 40:1

116 149 248 184 ὑποκατίῃ
260 148 298 186 τῷ
313 149 443 185 σχήματι,
459 150 488 177 τὺ
504 152 538 186 τῇ
559 151 630 186 φορᾷ
645 151 833 186 ὑποκείμενον,
850 161 903 187 μη-

962 160 1003 186 )οι·
1017 161 1047 180 se
1063 152 1266 191 vehementiore
1282 152 1395 186 impetu,
1421 151 1443 178 si
1459 151 1528 178 nihil
1551 151 1745 186 impedimento

115 193 187 225 δενὺς
198 194 392 229 εὑρισκομένου
404 195 450 221 τοῦ
461 195 491 228 ἐξ
503 195 668 226 ἀντιϐάσεως
682 195 730 230 τὴν
745 195 832 231 ὁρμὴν
845 196 906 222 ἀνα-

116 240 259 273 κόπτοντος
270 247 276 254 ·
293 239 363 267 οὕτω
378 241 451 270 κατὰ
464 242 494 267 τὸ
505 241 622 277 ἔμπαλιν
636 243 652 276 ἡ
662 241 735 277 ψυχὴ
749 242 796 276 τῆς
810 242 906 277 γηῖνης

117 285 300 320 προσπαθείας
321 286 496 319 ἀπολυθεῖσα,
511 287 653 323 ἀνωφερὴς
666 296 696 313 τε
719 287 765 313 καὶ
778 287 851 321 ὀξεῖα
867 287 906 321 γί-

116 339 188 357 νεται
204 331 272 366 πρὸς
295 331 344 366 τὴν
362 332 407 358 ἐπὶ
426 332 460 358 τὰ
484 332 539 359 ἅνω
554 332 670 367 κίνησιν,
689 332 742 359 ὰπὸ
759 333 813 360 τῶν
830 333 906 360 κάτω

116 376 183 411 πρὸς
196 375 226 402 τὺ
243 376 309 411 ὕψος
324 377 506 412 ἀνιπταμένη.
528 378 648 412 Μηδενὸς
663 378 690 404 δὲ
712 377 787 410 ὄντος
804 378 905 405 ἄνωθεν

115 421 160 448 τοῦ
176 422 226 457 τὴν
240 422 326 457 ὁρμὴν
342 422 535 454 ἐπικόπτοντος
552 423 674 458 (ἑλκτικὴ
689 423 742 459 γὰρ
758 423 824 459 πρὸς
843 424 906 451 ἐαυ-

115 467 163 502 τὴν
186 468 203 502 ἡ
221 467 267 494 τοῦ
283 468 365 494 καλοῦ
382 468 463 502 φύσις
488 469 546 495 ἐστὶ
559 468 613 496 τῶν
629 469 696 504 πρὸς
711 469 818 505 ἐκείνην
840 470 905 496 ἀνα-

116 513 290 547 σλεπόντων),
311 513 354 539 ἀεὶ
373 513 482 545 πάντως
503 513 657 550 ὑψηλοτέρα
677 516 776 550 ἑαυτῆς
788 515 903 549 γίνεται,

115 559 147 593 τῇ
168 558 222 585 τῶν
246 559 380 595 οὐρανίων
404 559 535 595 ἐπιθυμίᾳ
565 561 825 596 συνεπεκτεινομὲνη
849 563 906 593 τοῖς

115 603 279 639 ἔμπροσθεν,
298 604 389 637 καθώς
403 613 486 640 φησιν
508 607 521 632 ὁ
539 605 710 638 Ἀπόστολος,
729 607 775 633 καὶ
790 607 905 634 πάντοτε

958 198 1004 230 sit,
1036 206 1144 233 semper
1169 197 1341 231 deferuntur,
1370 205 1514 233 quousque
1541 196 1575 224 ad
1604 197 1745 232 planitiem

957 242 1149 270 descenderint
1177 251 1184 269 :
1210 242 1250 270 sic
1279 242 1369 269 anima
1392 242 1472 276 cujus
1500 247 1596 268 natura
1633 248 1744 268 sursum

958 287 1054 318 fertur,
1070 287 1187 315 terrenis
1204 287 1328 314 absoluta
1340 286 1538 321 cupiditatibus
1556 287 1696 313 ardentior
1717 286 1744 312 in

956 333 1014 360 dies
1043 332 1085 365 fit,
1117 332 1294 367 velociusquc
1327 332 1491 366 pertransit,
1517 331 1551 358 all
1581 332 1744 359 sublimiora

957 386 1064 413 semper
1081 378 1277 406 conscendens.
1293 377 1360 404 Nam
1375 385 1438 405 cum
1459 377 1525 404 nihil
1542 377 1593 405 sibi
1606 378 1642 404 sit
1659 377 1745 412 impe-

956 423 1088 456 dimento,
1115 432 1164 459 per
1190 424 1307 459 seipsam
1338 423 1371 450 ad
1397 427 1524 450 naturam
1551 423 1617 451 boni
1645 422 1744 450 fertur.

956 469 1075 495 Attrahit
1100 469 1173 495 enini
1199 469 1231 496 ad
1258 476 1287 496 se
1316 472 1413 495 natura
1440 468 1525 503 ipsius
1550 467 1626 500 boni,
1652 474 1746 494 omnes

955 514 1003 549 qui
1033 513 1066 541 ad
1090 513 1306 549 pulchritudinis
1333 513 1393 548 ejus
1421 513 1513 540 radios
1541 513 1619 540 sanis
1639 512 1746 547 possint

956 559 1042 586 oculis
1067 560 1206 594 respicere
1227 568 1233 586 :
1256 559 1292 585 ita
1319 558 1358 591 fit,
1377 562 1406 585 ut
1431 558 1584 586 ecelestium
1611 557 1746 585 desiderio

956 613 1063 640 semper
1075 604 1109 632 ad
1127 605 1232 639 majora
1249 605 1290 639 (ut
1304 604 1453 639 Apostolus
1467 604 1514 638 ait)
1528 607 1687 638 consurgat,
1713 610 1746 630 ac

116 649 183 684 πρὸς
197 650 226 675 τὸ
245 649 409 685 ὑψηλότερον
428 650 478 685 τὴν
491 650 590 686 πτῆσιν
613 651 765 686 ποιήσεται.
782 651 906 678 Ποϐοὖσα

962 658 1061 685 semper
1077 650 1110 677 ad
1126 651 1224 678 altiora
1246 650 1378 685 pervolet.
1403 649 1470 676 Nam
1490 657 1551 677 cum
1574 657 1622 684 per
1633 657 1664 677 ea
1683 657 1746 684 qua:

115 694 169 730 γὰρ
183 694 227 720 διὰ
241 695 295 721 τῶν
311 695 361 730 ἤδη
388 696 620 731 κατειλημμένων,
631 696 669 732 μὴ
692 697 852 724 καταλιπεῖν
875 697 905 723 τὸ

962 697 1009 723 ‘am
1027 696 1158 731 percepit,
1182 696 1216 724 ad
1238 695 1340 730 majora
1357 698 1384 723 et
1406 696 1562 731 perspicere
1577 698 1604 722 et
1623 695 1746 729 aspicere

116 739 181 774 ὕψος
195 740 225 766 τὸ
242 740 448 776 ὑπερκείμενον,
462 741 602 768 ἄπαυστον
618 742 734 768 ποιεῖται
749 742 798 778 τὴν
810 742 856 769 ἐπὶ
870 742 905 768 τὰ

962 741 1052 776 possit,
1077 741 1180 776 majore
1203 746 1283 776 atque
1305 740 1408 775 majore
1427 739 1562 767 desiderio
1578 748 1685 774 semper
1702 748 1747 766 ar--

115 784 170 811 ἄνω
185 784 282 819 φορὰν,
298 785 340 811 ἀεὶ
353 785 396 811 διὰ
410 785 464 811 τῶν
485 785 698 820 προηνυσμένων
714 786 760 812 τὸν
773 786 841 821 πρὸς
855 786 904 821 τὴν

962 786 1013 820 det,
1033 793 1065 814 at.
1087 786 1127 814 sic
1148 786 1337 813 indesinenter
1357 793 1466 812 sursum
1495 785 1591 817 fertur,
1615 785 1658 812 his
1685 792 1745 820 qua:

116 829 213 864 πτῆσιν
226 829 300 856 τόνον
320 829 516 862 ἀνανεάζουσα.
531 830 608 866 Μόνη
626 830 680 866 γὰρ
701 831 789 866 ἡκατ¹
805 831 905 867 ἀρετὴν

962 838 1068 868 peracta
1092 835 1157 860 sunt
1171 831 1310 859 robustior
1334 830 1405 857 facta
1421 839 1428 857 :
1445 831 1532 858 solum
1550 830 1622 858 enim
1635 830 1746 857 virtutis

116 875 239 909 ἐνέργεια
256 875 371 910 καμάτῳ
385 875 478 911 τρέφει
493 875 542 911 τὴν
564 875 687 911 δύναμιν,
701 877 751 903 οὑκ
767 877 906 905 ἐνδιδοῦσα

962 877 1030 905 actio
1047 877 1134 904 nutrit
1152 877 1285 908 laborem,
1303 875 1429 910 viresque
1447 879 1540 910 auget.

115 919 158 946 διὰ
172 919 219 946 τοῦ
242 920 322 955 ἔργου
341 920 386 947 τὸν
408 921 495 953 τόνον,
511 921 570 948 ἀλλ’
590 921 756 954 ἐπαύξουσα.

993 923 1166 959 Quapropter
1187 929 1302 956 magnus
1317 921 1362 948 ille
1375 918 1493 957 Moyses,
1516 928 1577 948 cum
1598 920 1681 948 semel
1700 927 1748 954 per

150 966 199 992 Διὰ
209 965 287 992 τοῦτό
297 974 398 1001 φαμεν,
406 966 452 992 καὶ
461 966 506 993 τὸν
514 963 606 1001 μέγαν
618 967 738 993 Μωῦσέα
748 967 791 994 ἀεὶ
801 968 907 1003 γινόμε-

962 969 1060 997 scalam
1085 969 1112 995 in
1129 975 1183 1003 qua
1200 967 1271 995 Deus
1293 967 1404 995 innixus
1427 970 1496 1000 erat,
1515 971 1545 994 ut
1567 966 1652 994 Jacob
1669 966 1747 998 dicit,

116 1019 170 1043 νον,
187 1011 312 1047 μηδαμοῦ
333 1012 458 1039 ἵστασθαι
480 1012 530 1048 τῆς
551 1012 656 1046 ἀνόδου,
681 1012 747 1048 μηδέ
766 1022 826 1040 τινα
845 1014 907 1049 ὅρον

962 1014 1107 1042 ascendere
1132 1013 1282 1047 coepisset,
1314 1020 1453 1048 nunquam
1483 1012 1573 1046 stetit,
1606 1018 1746 1046 nunquam

74 1079 79 1083 .
117 1057 205 1092 ἐαυτῷ
230 1057 361 1084 ποιεῖσθαι
375 1060 424 1094 τῆς
441 1058 487 1085 ἐπὶ
510 1058 540 1085 τὸ
562 1057 618 1084 ἄνω
634 1059 738 1094 φορᾶς·
764 1059 821 1085 ἀλλ’
835 1059 908 1093 ἅπαξ

962 1059 1106 1086 terminum
1130 1064 1218 1086 motus
1235 1059 1320 1090 novit,
1348 1058 1396 1085 sed
1421 1065 1530 1093 semper
1554 1057 1587 1085 de
1611 1057 1697 1094 gradu
1720 1057 1748 1084 in

116 1102 248 1129 ἐπιϐάντα
263 1103 310 1138 τῆς
327 1103 468 1138 κλίμακος,
512 1103 693 1139 ἐπεστήρικτο
702 1105 716 1130 ὁ
727 1103 802 1136 Θεὸς,
818 1104 909 1136 καθώς

962 1103 1074 1140 gradum
1103 1103 1278 1135 ascendebat,
1309 1110 1360 1130 nec
1385 1103 1458 1130 enim
1485 1102 1600 1130 deficere
1629 1109 1747 1137 unquam

117 1155 199 1182 φησιν
216 1147 417 1180 Ἰακὼ6,εἱσαεὶ
428 1148 476 1183 τῆς
491 1148 691 1184 ὑπερκειμένης
702 1148 830 1184 βαθμίδος
846 1150 906 1176 ἐπι-

961 1153 1050 1185 potest
1069 1149 1150 1177 altior
1164 1149 1276 1184 gradus.

117 1192 229 1225 σαίνειν,
249 1194 296 1220 καὶ
308 1194 441 1229 μηδέποτε
455 1194 605 1230 ὐψούμενον
619 1194 755 1230 παύεσθαι
767 1195 811 1223 διὰ
826 1195 857 1222 τὸ
871 1196 985 1223 πάντοτε
1004 1195 1141 1232 εὑρίσκειν
1153 1196 1202 1230 τῆς
1212 1194 1432 1230 κατειλημμένης
1447 1195 1475 1221 ἐν
1491 1193 1529 1230 τῷ
1544 1195 1606 1229 ὕψει
1621 1194 1748 1229 βαθμίδος

117 1240 147 1266 τὺ
161 1240 367 1276 ὑπερκείμενον.

159 1288 292 1323 Ἀρνεῖται
313 1288 361 1324 τὴν
387 1289 454 1325 πρὸς
467 1288 516 1324 τὴν
533 1289 655 1325 βασιλίδα
683 1290 736 1318 τῶν
751 1291 907 1326 Αἰγυπτίων

118 1334 340 1370 κατεψευσμένην
368 1335 528 1369 συγγένειαν
546 1344 552 1350 ·
583 1336 689 1368 ἔκδικος
722 1336 827 1371 γίνεται
860 1337 908 1364 τοῦ

125 1381 250 1416 Ἐὃραίου
261 1389 267 1395 ·
286 1381 479 1416 μετανίσταται
496 1382 565 1417 πρὸς
579 1382 628 1417 τὴν
643 1382 746 1417 ἔρημον
761 1382 907 1418 διαγωγὴν,

117 1426 153 1462 ἢν
165 1427 179 1453 ό
192 1426 359 1462 ἀνθρώπινος
376 1427 425 1453 οὐκ
437 1427 550 1463 ἐτάραξε
567 1427 636 1462 βίος·
652 1428 790 1463 ποιμαίνει
803 1429 831 1455 ἐν
846 1429 910 1455 ἐαυ-

117 1471 158 1506 τῷ
172 1471 221 1507 τὴν
235 1472 289 1498 τῶν
315 1472 425 1507 ἡμέρων
442 1472 518 1504 ζώων
544 1472 643 1508 ἀγέλην
654 1481 661 1489 ·
687 1473 738 1508 ὁρᾷ
754 1473 800 1500 τοῦ
822 1473 909 1508 φωτὸς
923 1497 942 1508 η

118 1502 169 1552 την
179 1502 354 1552 λαμπηδόνα·
370 1502 459 1553 ἐϐαρῆ
474 1502 590 1544 ποιεῖται
605 1502 654 1554 την
676 1502 744 1554 πρὸς
756 1519 785 1545 τὸ
795 1502 851 1553 φώς
866 1502 909 1546 ἂνξ
922 1502 943 1526 υ

118 1562 189 1594 οδον,
203 1564 236 1598 τῇ
251 1562 419 1598 περιὰιρέσει
433 1562 478 1589 τοῦ
490 1563 671 1599 ὑποδήματος·
683 1563 829 1599 ἐξαιρεῖται
841 1564 909 1599 πρὸς

119 1608 275 1644 ἐλευθερίαν
295 1608 326 1634 τὸ
345 1608 474 1642 συγγενὲς
497 1609 543 1635 καὶ
566 1607 717 1643 ὁμόφυλον·
745 1607 908 1644 ὑποϐρύχιον

121 1652 214 1688 βλέπει
224 1653 269 1679 τὸν
287 1652 383 1689 ἐχθρὸν
397 1653 467 1680 κατὰ
479 1653 533 1679 τῶν
549 1654 676 1689 κυμάτων
691 1654 830 1688 δυόμενον.
840 1653 909 1680 ’Υπὶ

119 1698 170 1734 τὴν
180 1699 293 1734 νεφέλην
307 1698 462 1730 αὐλίζεται·
474 1700 508 1734 τῇ
522 1699 609 1735 πέτρᾳ
622 1699 768 1735 θεραπεύει
782 1699 813 1725 τὸ
823 1698 908 1733 δίψος·

119 1744 160 1780 τῷ
175 1744 281 1780 οὐρανῷ
292 1745 410 1780 γεωργεῖ
422 1745 468 1771 τὸν
486 1744 578 1780 ἄρτον.
601 1742 666 1771 Εἶτα
685 1746 718 1780 τῇ
734 1745 842 1772 ἐκτάσει
856 1745 910 1772 τῶν

121 1788 219 1824 χειρῶν
246 1788 460 1822 καταγωνίζεται
483 1788 528 1815 τὸν
556 1788 703 1823 ἀλλόφυλον
717 1797 723 1804 ·
741 1789 834 1815 ἀκούει
861 1789 910 1824 τῆς

121 1833 271 1867 σάλπιγγος
282 1841 288 1848 ·
303 1833 348 1860 τὸν
362 1833 461 1868 γνόφον
475 1834 641 1869 ὑπέρχεται·
656 1834 702 1860 ἐπὶ
718 1833 753 1860 τὰ
767 1834 849 1860 ἄδυτα
862 1834 910 1870 τῆς

121 1879 328 1914 ἀχειροποιήτω
357 1880 458 1915 σκηνῆς
483 1879 676 1915 παραδύεται·
705 1879 834 1914 μανθάνει
861 1880 911 1915 τῆς

122 1925 199 1956 θείας
216 1925 364 1960 ἱερωσύνης
376 1925 414 1952 τὰ
428 1925 580 1961 ἀπόρρητα.
600 1924 771 1960 Ἐξαφανίζει
788 1925 819 1952 τὸ
834 1925 911 1952 εἴδω-

122 1971 180 2002 λον,
196 1970 311 1996 ίλεοῦται
327 1970 358 1996 τὸ
373 1970 461 2001 Θεῖον,
477 1970 652 1997 ἀνακαλεῖται
666 1970 711 1996 τὸν
728 1971 756 1996 ἐν
778 1971 810 2006 τῇ
829 1971 912 2006 κακίᾳ

121 2014 178 2041 τῶν
199 2014 331 2040 Ἰουδαίων
349 2014 525 2049 συντριϐέντα
540 2014 638 2048 νόμον,
655 2013 758 2049 λάμπει
779 2015 812 2050 τῇ
836 2014 909 2050 δόξῃ,

124 2059 173 2086 καὶ
193 2059 237 2086 διὰ
255 2059 388 2086 τοσούτων
408 2059 536 2095 ἐπαρθεὶς
553 2059 725 2095 ὐψωμάτων,
747 2059 788 2086 ἔτι
810 2061 911 2096 σφριγᾷ

122 2106 158 2140 τῇ
173 2105 305 2140 ἐπιθυμίᾳ
317 2125 324 2137 ,
337 2105 383 2131 καὶ
401 2105 554 2140 ἀκορέστως
572 2105 628 2141 ἔχει
645 2106 691 2132 τοῦ
711 2106 849 2138 πλείονος,
866 2106 913 2133 καὶ

995 1290 1108 1326 Negavit
1129 1290 1225 1318 falsam
1241 1290 1431 1326 Egyptiorum
1456 1288 1557 1323 regium
1577 1288 1748 1323 conjuncti0<

959 1344 1032 1368 nem,
1055 1344 1109 1371 qua
1134 1336 1207 1364 filius
1231 1337 1289 1371 ejus
1316 1336 1479 1371 putabatur;
1511 1333 1652 1362 Hebraeum
1676 1335 1749 1363 ultus

959 1385 1016 1415 est;
1032 1382 1065 1409 ad
1081 1382 1219 1410 desertam
1241 1386 1268 1410 et
1285 1381 1436 1410 solitariam
1452 1388 1482 1408 se
1502 1379 1641 1408 transtulit
1654 1380 1748 1410 vitam.

960 1435 1042 1462 quatn
1068 1427 1194 1455 humanae
1216 1427 1437 1462 perturbationes
1459 1433 1514 1454 non
1537 1431 1654 1459 vexant;
1678 1425 1750 1460 pavit

960 1472 1094 1500 cicurium
1116 1473 1275 1501 animalium
1297 1480 1422 1509 gregem;
1439 1472 1507 1500 vidit
1529 1472 1749 1507 resplendentem

961 1517 1048 1546 lucem
1075 1518 1210 1551 divinam;
1244 1519 1344 1553 abjecit
1375 1518 1494 1550 calceos,
1521 1521 1552 1545 ut
1578 1517 1688 1545 facilius
1716 1517 1750 1544 ad

960 1564 1048 1591 lucem
1076 1563 1237 1597 accederet;
1263 1564 1290 1591 in
1318 1564 1472 1592 libertatem
1500 1563 1650 1591 vindicavit
1666 1571 1750 1596 suos;

961 1609 1067 1637 hostem
1083 1610 1164 1637 undis
1176 1609 1244 1636 vidit
1259 1610 1448 1642 submersum;
1464 1608 1554 1636 lucida
1569 1609 1641 1636 nube
1651 1608 1750 1636 ductus

960 1658 1019 1687 est;
1039 1655 1113 1682 sicco
1127 1655 1217 1690 lapide
1232 1654 1337 1682 sedavit
1352 1655 1442 1687 sitim;
1460 1662 1475 1681 a
1491 1654 1561 1681 coelo
1575 1654 1687 1681 deduxit
1701 1661 1751 1689 pa-

960 1707 1032 1727 nem.
1057 1699 1193 1727 Prmterea
1222 1700 1384 1727 extensione
1410 1706 1541 1726 manuum
1572 1699 1750 1734 alienigenam

961 1745 1040 1778 fudit,
1066 1746 1188 1774 sonitum
1211 1746 1281 1773 tubae
1297 1746 1412 1777 audivit,
1439 1745 1581 1780 caliginem
1603 1745 1698 1777 subiit,
1717 1745 1750 1772 ad

961 1791 1109 1827 penetralia
1125 1791 1210 1818 divini
1236 1791 1410 1818 tabernaculi
1427 1791 1569 1826 ingressus
1591 1795 1642 1822 est,
1659 1798 1750 1818 sacer~

961 1836 1030 1863 dotii
1052 1836 1148 1863 didicit
1163 1836 1304 1871 mysteria,
1328 1836 1504 1863 simulacrum
1524 1835 1668 1868 destruxit,
1689 1843 1751 1870 pro-

962 1882 1058 1917 pitium
1073 1881 1157 1910 Deum
1185 1882 1314 1914 reddidit,
1339 1883 1425 1917 legem
1442 1881 1597 1910 Iudaeorum
1616 1882 1751 1917 pravitate

962 1927 1082 1955 dirutam
1100 1928 1232 1960 restituit,
1252 1928 1338 1963 gloria
1362 1927 1472 1955 eﬂ'ulsit.
1494 1928 1534 1955 Ac
1550 1932 1589 1955 tot
1614 1928 1751 1962 tantisque

963 1974 1203 2002 sublimationibus
1215 1974 1305 2002 elatus
1315 1974 1404 2002 adhuc
1417 1974 1494 2002 ardet
1507 1973 1653 2006 desiderio;
1662 1975 1750 2001 adhuc

962 2023 1093 2054 tanquam
1115 2018 1268 2046 famescens
1283 2026 1315 2046 ac
1339 2019 1446 2051 sitiens,
1461 2023 1589 2054 tanquam
1606 2026 1639 2046 eo
1653 2026 1751 2046 carens

963 2072 1018 2099 quo
1033 2072 1140 2100 semper
1158 2064 1311 2097 fruebatur,
1336 2068 1396 2092 orat
1419 2069 1447 2092 ul
1464 2064 1548 2092 Deum
1574 2064 1673 2096 videat,
1697 2072 1751 2092 non

964 2115 994 2137 ut
1011 2111 1069 2147 ipse
1084 2118 1182 2146 capere
1206 2115 1306 2146 potest,
1327 2111 1374 2138 sed
1391 2114 1419 2137 ut
1438 2118 1467 2139 se
1482 2111 1562 2138 habet
1580 2111 1625 2145 qui
1644 2110 1751 2138 deside-

123 2148 155 2178 οὗ
165 2151 210 2178 διὰ
223 2151 320 2182 παντὸς
333 2151 393 2176 κατ’
405 2150 528 2184 ἐξουσίαν
543 2152 706 2187 ἐνεφορεῖτο,
718 2152 758 2179 ἔτι
771 2152 833 2187 διψῇ
848 2161 853 2168 ’
866 2152 910 2179 καὶ

965 2162 1051 2184 ratur.
1068 2156 1145 2184 Unde
1165 2156 1285 2183 arbitror
1309 2156 1444 2183 immenso
1460 2154 1596 2182 desiderio
1611 2159 1693 2189 atque
1707 2163 1750 2181 ar-

122 2196 161 2228 ὡς
178 2198 261 2232 μήπω
278 2195 466 2231 μετεσχηκὼς,
482 2198 572 2232 τυχεῖν
585 2197 684 2229 δέεται,
700 2198 854 2233 ἐμφανῆνοιι
867 2198 916 2224 αὺ-

122 2242 164 2277 τῷ
187 2242 233 2269 τὸν
249 2242 314 2268 Θεὸν
338 2242 484 2269 ἱκετεύων·
510 2243 559 2278 οὐχ
584 2242 622 2274 ὡς
648 2243 770 2277 μετέχειν
792 2242 915 2275 δύναται,

122 2288 182 2314 ἀλλ’
194 2287 232 2319 ὡς
246 2288 350 2319 ἐκεῖνός
364 2288 432 2314 ἐστι.
449 2289 528 2314 Δοκεῖ
541 2288 570 2314 δέ
586 2296 630 2322 μοι
652 2287 683 2314 τὸ
699 2287 804 2314 τοιοῦτο
820 2287 916 2314 παθεῖν

123 2335 243 2369 ἐρωτικῇ
262 2343 315 2360 τινι
332 2333 451 2360 διαθέσει
470 2334 539 2369 προς
554 2335 585 2360 τὸ
599 2333 679 2367 φύσει
697 2334 778 2360 καλὸν
798 2333 847 2369 τῆς
865 2334 916 2368 ψυ-

123 2381 176 2415 χῆς
195 2379 379 2414 διατεθείσης,
397 2381 430 2415 ἣν
441 2380 490 2406 ἀεὶ
505 2381 521 2414 ἡ
545 2379 622 2411 ἐλπὶς
649 2379 702 2406 ἀπὸ
718 2379 765 2406 τοῦ
790 2379 917 2413 ὀφθέντος

124 2425 208 2452 καλοῦ
233 2425 301 2460 πρὸς
323 2425 354 2451 τὺ
379 2425 576 2460 ὑπερκείμενον
599 2425 791 2456 ἐπεσπάσατο,
809 2424 853 2451 διὰ
869 2425 916 2450 τοῦ

124 2470 241 2497 πὰντοτε
264 2470 560 2505 καταλαμσανομένου,
587 2470 654 2505 πρὸς
673 2469 704 2496 τὺ
729 2470 916 2505 κεκρυμμένον

124 2516 183 2543 αἰεὶ
197 2515 246 2551 τὴν
266 2515 413 2550 ἐπιθυμίαν
430 2515 590 2542 ἐκκαίουσα·
611 2515 672 2542 ὅθεν
688 2516 702 2542 ὁ
724 2515 837 2550 σφοδρὸς
853 2516 917 2549 ἐρα-

124 2561 194 2598 στὴς
207 2561 252 2588 τοῦ
270 2561 384 2593 κάλλους
394 2582 401 2594 ,
419 2561 449 2587 τὸ
464 2561 508 2588 ἀεὶ
528 2561 696 2596 φαινόμενον,
711 2561 748 2593 ὡς
762 2561 854 2587 εἰκόνα
870 2561 916 2587 τοῦ

125 2607 295 2642 ποθουμένου
315 2607 473 2642 δεχόμενος,
491 2607 573 2634 αὐτοῦ
598 2606 646 2633 τοῦ
676 2607 849 2642 χαρακτῆρος
871 2606 916 2633 τοῦ

125 2652 283 2688 ἀρχετύπου
304 2652 493 2688 ἐμφορηθῆναι
514 2652 600 2679 ποθεῖ.
616 2652 672 2679 Καὶ
698 2652 777 2678 τοῦτο
797 2651 917 2686 βούλεται

125 2697 146 2733 ἡ
161 2697 286 2733 τολμηρά
308 2706 337 2724 τε
357 2698 403 2724 καὶ
419 2697 554 2733 παριοῦσι
574 2698 637 2729 τοὺς
662 2697 741 2732 ὅρους
759 2698 809 2732 τῆς
825 2697 918 2723 ἐπιου-

128 2742 194 2778 μίας
209 2744 225 2778 ή
243 2743 349 2778 αἰτησις
359 2763 365 2775 ,
386 2743 467 2778 copi]
480 2743 523 2770 διὰ
537 2743 697 2777 κατόπτρων
713 2742 792 2769 τινῶν
806 2743 852 2769 καὶ
870 2744 918 2776 εμ-

128 2789 259 2824 φόισεων,
283 2788 347 2816 ἀλλὰ
364 2789 434 2818 κατᾶ
456 2789 599 2824 πρόσωπον
617 2789 764 2816 ἀπολαῦσαι
779 2787 825 2815 τοῦ
855 2788 918 2815 κάλε

966 2203 1041 2231 denti
1055 2210 1120 2238 erga
1136 2202 1222 2229 Deum
1237 2203 1274 2229 ita
1292 2201 1379 2229 fuisse
1397 2200 1534 2234 affectum,
1553 2200 1625 2236 quod
1640 2201 1752 2228 visioni-

965 2250 1017 2277 bus
1030 2249 1083 2276 sibi
1105 2249 1216 2280 cnituit,
1240 2252 1270 2276 ut
1287 2247 1359 2276 ferre
1384 2255 1438 2275 non
1454 2253 1557 2282 posset,
1572 2247 1638 2281 quin
1662 2247 1696 2274 ab
1719 2247 1751 2274 iis

966 2302 1026 2330 quae
1053 2293 1275 2328 comprehendit,
1305 2293 1340 2320 ad
1367 2293 1518 2321 occultiora
1549 2293 1721 2327 compelleret
1743 2302 1749 2319 :

966 2339 1095 2374 quocirca
1109 2345 1244 2373 suprema:
1255 2338 1467 2373 pulchritudinis
1483 2342 1598 2369 amator,
1613 2338 1684 2372 quod
1696 2337 1751 2371 jam

966 2385 1081 2417 viderat,
1097 2388 1228 2419 tanquam
1252 2384 1396 2419 imaginem
1413 2383 1473 2418 ejus
1487 2383 1559 2418 quod
1577 2391 1633 2410 non
1649 2383 1752 2410 viderat

967 2430 1093 2464 credens,
1112 2430 1171 2465 ipso
1191 2429 1243 2456 frui
1266 2429 1404 2464 primitivo
1425 2429 1608 2457 desiderabat.
1632 2429 1661 2457 ld
1688 2436 1752 2463 ergo

967 2475 1024 2502 vult
1039 2473 1128 2501 audax
1149 2474 1175 2500 in
1194 2478 1285 2500 monte
1297 2473 1344 2501 illo
1360 2473 1466 2508 petitio,
1480 2481 1514 2501 ne
1533 2481 1582 2509 per
1597 2473 1706 2509 specula
1726 2477 1753 2499 et

967 2519 1110 2554 imagines,
1132 2518 1178 2546 sed
1198 2526 1246 2553 per
1261 2526 1352 2545 vcram
1376 2522 1402 2545 et
1419 2519 1557 2554 propriam
1581 2517 1678 2545 faciem
1699 2517 1751 2544 frui

968 2562 1170 2597 pulchritudine
1190 2566 1293 2597 posset.
1321 2562 1416 2589 Divina
1431 2570 1495 2590 vero
1512 2571 1564 2590 vox
1578 2570 1627 2598 per
1641 2570 1672 2590 ea
1694 2570 1753 2596 qua:

968 2612 1067 2643 negat,
1099 2607 1226 2635 concedit
1255 2607 1328 2642 quod
1359 2608 1480 2643 petitur,
1513 2608 1636 2644 pauculis
1662 2608 1754 2635 verbis

967 2653 1128 2680 inlittensam
1158 2654 1357 2680 sententiarum
1388 2653 1600 2689 profunditatem
1636 2654 1751 2688 subape-

969 2700 1054 2727 ricns.
1073 2699 1176 2726 Annuit
1194 2699 1265 2726 enim
1292 2698 1427 2727 facturum
1454 2708 1483 2728 se
1497 2700 1569 2735 quod
1584 2700 1728 2734 petebatur
1743 2708 1748 2725 :

970 2743 1049 2770 finem
1065 2748 1154 2770 autem
1173 2748 1253 2778 atque
1263 2743 1443 2771 cessationem
1464 2743 1545 2778 hujus
1560 2742 1687 2770 desiderii
1709 2742 1750 2768 fu-

971 2795 1060 2816 turum
1077 2795 1130 2816 non
1146 2787 1280 2823 promisit,
1299 2795 1349 2814 nec
1370 2788 1442 2816 enim
1460 2790 1494 2816 ita
1514 2787 1647 2822 quispiam
1666 2785 1749 2814 Deum
