1986 3080
94 135 146 163 ιοτ

767 136 811 163 DE
832 136 910 164 VITA
927 136 1063 165 MOYSIS.

1679 134 1730 163 ωδ

93 202 157 220 πτοι
172 194 221 228 τῆς
236 193 304 229 πρὸς
323 194 368 235 τόν
391 193 456 220 Θεὸν
476 194 570 221 ἀνόδου
586 195 634 229 τὴν
650 194 779 231 αὔξησιν.
793 196 837 222 διὰ
858 196 883 222 τὲ

939 196 1038 231 lapidei
1056 194 1202 222 foraminis
1214 191 1341 222 retinet?
1357 193 1490 222 transitus
1508 200 1573 221 vero
1598 193 1644 221 Dei
1665 193 1730 229 quis

96 239 165 273 μήτε
189 238 236 264 τοῦ
257 238 340 264 καλοῦ
365 247 391 265 τι
415 238 500 273 πέρας
521 239 696 273 εὑρίσκεσθαι
710 260 717 272 ,
740 240 808 275 μήτε
834 241 888 267 τινὶ

95 283 169 318 κόρῳ
184 283 234 318 τὴν
251 283 363 320 πρόοδον
379 285 428 318 τῆς
445 283 511 318 πρὸς
533 284 562 310 τὸ
587 283 668 310 καλὸν
682 283 829 319 ἐπιθυμίας
843 285 888 311 ὲκ-

94 329 253 356 κόπτεσθαι.
269 328 349 356 Ἀλλὰ
366 329 408 360 τίς
419 330 432 356 6
441 329 522 360 τόπος
535 330 647 362 ἐκεῖνος,
661 331 675 356 6
686 330 761 365 παρὰ
774 329 813 366 τῷ
829 329 888 365 Θεῷ

94 375 240 410 νοούμενος
251 382 259 406 ;
270 374 312 406 τ’ῗς
324 374 351 401 δὲ
362 375 379 410 ή
398 375 485 410 πέτρα
497 383 504 407 ;
520 375 564 401 καὶ
577 374 602 400 τί
617 375 697 402 πάλιν
708 376 737 403 ὲν
750 377 783 411 τῇ
800 375 889 411 πέτρᾳ

93 419 125 445 τὸ
143 418 261 454 χώρημα
273 427 281 451 ;
295 418 337 450 τίς
351 419 379 445 δὲ
397 420 413 453 ἡ
437 419 498 454 χεὶρ
518 418 566 445 τοῦ
581 418 664 451 Θεοῦ,
689 420 706 454 ὴ
724 419 754 446 τὺ
779 419 888 455 στόμιον

95 463 143 490 τοῦ
163 463 254 490 κοίλου
268 464 317 498 τῆς
330 463 433 497 πέτρας
444 463 664 498 διαλαμϐάνουσα
673 473 681 496 ;
691 466 708 500 ἡ
725 465 752 491 δὲ
764 464 811 490 τοῦ
820 463 888 491 Θεοῦ

96 509 213 544 πάροδος
229 508 326 541 τίςςτί
343 509 371 535 δὲ
385 509 467 535 αὑτοῦ
483 508 513 535 τὺ
529 509 660 541 όπὶσθιον,
677 510 744 546 ὅπερ
761 511 885 543 αἰτήσαν-

95 564 122 582 τι
139 556 179 592 τῷ
200 556 313 583 Μωῡσεῖ
328 555 376 590 τὴν
393 554 464 582 κατὰ
493 556 638 590 πρόσωπον
653 555 714 590 ϐψιν
727 576 735 589 ,
759 555 855 582 δώσειν
874 557 888 582 6

94 602 160 634 Θεὸς
173 601 372 638 ὲπηγγείλατο;
388 600 441 636 χρὴ
458 600 511 636 γὰρ
531 601 639 633 πάντως
659 601 729 636 μέγα
745 610 771 628 τι
786 601 888 628 τούτων

95 652 210 678 ἕκαστον
234 649 303 678 εἶναι
315 671 322 683 ,
342 651 389 678 καὶ
411 651 461 686 τῆς
476 649 524 676 τοῦ
544 649 661 680 διδόντος
683 647 887 683 μεγαλοδωρεᾶς

93 697 206 729 ἐπάξιον
216 706 222 712 ·
243 697 313 723 ὥστε
329 697 418 731 πάσης
438 696 487 730 τῆς
501 694 649 730 γενομένης
663 693 713 728 ἠδη
725 692 763 728 τῷ
778 692 888 728 μεγάλῳ

95 741 241 777 θεράποντι
260 740 419 775 θεοφανείας
431 760 439 772 ,
462 740 512 774 τὴν
537 737 702 772 ἐπαγγελίαν
719 736 822 771 ταύτην
840 745 888 772 με-

93 786 352 821 γαλοπρεπεστέραν
378 793 408 811 τε
434 784 482 811 καὶ
503 782 670 818 ὑψηλοτέραν
700 781 885 808 πιστεύεσθαι.

94 832 157 863 Πῶς
173 830 219 858 οὖν
238 831 270 858 ἀν
286 839 328 862 τις
342 831 373 857 τὸ
390 829 456 865 ὕφος
470 829 500 856 τὸ
513 831 544 856 ὲκ
562 829 616 855 τῶν
633 827 785 864 εἰρημένων
801 836 886 854 κατα-

93 878 234 913 νοήσειεν,
250 877 292 911 ὲφ*
306 873 328 911 ᾧ
350 876 418 911 μετά
437 876 487 907 τὰς
506 874 640 906 τοσαύτας
663 873 810 905 ἀναϐάσεις
825 873 839 899 ὃ
856 881 885 899 τε
902 867 922 894 Β

94 925 213 959 Μωῦσῆς
230 923 363 958 ἀναϐῆναι
377 923 464 956 ποθεῖ,
473 923 520 949 καὶ
531 923 546 949 6
559 923 614 953 τοῖς
625 920 754 955 ἀγαπῶσι
764 920 810 946 τὸν
820 919 886 946 Θεὸν

95 969 185 996 πάντα
198 968 337 1004 συνεργῶν
354 969 394 999 εἰς
405 968 434 994 τὸ
453 967 553 1002 ἀγαθὸν
566 987 573 1000 ,
586 966 758 1003 ὲξευμαρίζει
772 965 815 992 διὰ
836 964 885 1000 τῆς

92 1014 204 1050 ὁδηγίας
220 1014 269 1050 τὴν
281 1013 384 1041 ἄνοδον
394 1024 403 1039 ι
415 1013 480 1040 Ἰδοὺ
488 1013 579 1046 τόπος,
587 1023 595 1038 ι
607 1012 682 1047 φησὶ,
695 1013 776 1047 «παρ’
785 1011 856 1047 ἐμοί.
872 1020 881 1036 ι

93 1059 240 1094 Συμσαίνει
266 1060 335 1094 τάχα
363 1060 419 1090 τοῖς
441 1057 708 1094 προτεθεωρημένοις
732 1058 762 1084 τὸ
783 1057 882 1092 νόημα.

93 1106 182 1132 Τόπον
195 1106 249 1140 γὰρ
261 1105 347 1131 εἰπὼν
367 1105 398 1131 οὐ
415 1103 620 1140 περιείργειίτῷ
640 1103 715 1138 ποσῷ
734 1102 765 1129 τὸ
780 1102 884 1129 δεικνύς

93 1159 175 1186 μενον
191 1151 246 1186 (ἐπὶ
260 1150 314 1187 γὰρ
328 1150 374 1177 τοῦ
390 1150 492 1177 ἀπόσου
516 1150 612 1185 μέτρον
633 1149 683 1176 οὐκ
708 1148 802 1182 ἐστιν),
817 1148 884 1175 ἀλλὰ

92 1198 126 1231 τῇ
143 1196 299 1232 παραλήψει
320 1196 370 1231 τῆς
387 1195 457 1222 κατὰ
469 1195 498 1222 τὺ
519 1195 615 1231 μέτρον
629 1194 821 1230 περιγραφῆς,
839 1194 884 1221 ἐπὶ

92 1243 123 1269 τὸ
139 1242 250 1278 ἀπειρόν
263 1251 291 1268 τε
307 1243 352 1269 καὶ
367 1242 491 1277 ἀόριστον
507 1242 672 1277 χειραγωγεῖ
682 1241 727 1268 τὸν
739 1240 882 1267 ἀκούοντα.

91 1288 172 1314 Δοκεῖ
187 1288 275 1314 τοίνυν
294 1287 411 1314 τοιοῦτόν
433 1295 493 1313 τινα
513 1286 574 1313 νοῦν
595 1286 788 1321 ὑποσημαίνειν
808 1286 822 1312 6
841 1286 884 1312 λό-

92 1341 150 1366 γος’
171 1333 278 1368 Ἐπειδὴ
296 1341 337 1359 σοι
352 1332 420 1368 πρὸς
434 1332 464 1358 τὸ
479 1331 632 1367 ἔμπροσθεν
645 1332 662 1366 ἡ
675 1330 805 1365 ἐπιθυμία
822 1340 882 1358 συν-

91 1378 230 1410 τέτακται,
251 1377 297 1404 καί
314 1386 353 1403 σοι
366 1377 411 1403 τοῦ
426 1377 525 1412 δρόμου
539 1376 615 1411 κόρος
632 1376 735 1406 οὐδεὶς,
752 1375 810 1402 οὐδέ
823 1384 882 1403 τινα

940 242 1006 269 est?
1028 246 1074 268 aut
1100 240 1237 276 posterius
1259 240 1329 276 ejus,
1347 241 1418 276 quod
1443 239 1528 275 Moysi
1552 239 1650 267 faciem
1668 239 1728 274 ejus

939 287 994 315 sibi
1014 291 1045 314 ut
1067 287 1160 314 videre
1179 287 1273 314 liceret
1292 285 1459 321 postulanti,
1479 286 1729 322 permissurumlse

939 331 1010 360 Deus
1025 336 1067 360 est
1083 332 1240 367 pollicitus?
1252 335 1361 367 oportet
1373 331 1446 359 enim
1462 331 1584 367 profecto
1599 339 1727 367 magnum

939 377 1004 413 quid
1022 378 1236 413 unumquodque
1257 377 1372 405 istorum
1390 385 1463 409 esse,
1483 380 1511 404 et
1537 377 1590 404 Deo
1608 376 1728 404 donante

938 430 993 451 non
1014 423 1171 458 indignum,
1187 423 1224 450 ita
1248 427 1278 450 ut
1298 423 1420 450 omnium
1445 422 1567 454 visione,
1589 430 1671 458 quam
1693 422 1727 449 ad

939 467 1012 495 hunc
1025 475 1110 503 usque
1122 467 1193 495 diem
1202 467 1308 503 Moyses
1322 467 1438 499 viderat,
1453 467 1540 502 major
1552 467 1610 494 haec
1625 470 1652 494 et
1662 467 1727 494 sub-

938 513 1029 540 limior
1052 513 1127 540 credi
1148 513 1242 548 possit.
1274 513 1417 546 Quomodo
1438 513 1522 547 igitur
1543 512 1651 540 illorum
1667 520 1740 540 ver-.

938 556 1035 584 borum
1051 557 1264 592 profunditatem
1281 557 1486 594 intelligemus?
1501 558 1603 585 auxilio
1621 557 1727 585 scilicet

938 602 1023 635 illius,
1037 603 1085 638 qui
1107 607 1135 631 et
1151 603 1256 638 Moysi,
1276 608 1303 630 et
1319 604 1448 630 omnibus
1468 603 1594 638 quicum
1615 607 1725 634 amant,

938 649 1046 684 plenam
1074 649 1107 677 ad
1130 657 1211 677 omne
1238 649 1339 677 bonum
1366 649 1438 676 viam
1467 650 1537 677 solet
1564 654 1725 685 praestare:

940 702 949 719 ι
968 692 1049 726 Ecce,
1075 703 1085 719 ι
1105 693 1205 728 inquit,
1229 702 1238 719 ι
1256 694 1334 721 locus
1354 693 1426 728 apud
1444 701 1487 720 me
1500 694 1534 719 ⁷¹.
1555 703 1563 719 ι
1581 692 1660 726 Quod
1685 693 1726 720 sic

936 737 1145 773 intelligendum
1166 742 1218 770 est,
1230 737 1311 773 'quod
1328 737 1363 765 ab
1376 737 1421 769 iis,
1439 745 1500 772 qua:
1516 745 1579 764 mox
1594 737 1724 769 diximus,

937 791 993 810 non
1007 783 1043 811 sit
1057 783 1186 811 alienum.
1201 783 1304 811 Locum
1321 783 1404 818 igitur
1420 783 1496 815 dicit,
1509 790 1564 810 non
1579 782 1724 817 superﬁcie

937 829 1147 862 circumfusum,
1164 836 1215 857 nec
1231 829 1385 864 quantitate
1401 828 1454 856 ulla
1467 828 1635 864 descriptum
1652 829 1661 864 (
1675 836 1725 857 nec

936 876 1008 903 enim
1028 880 1070 904 est
1091 877 1119 904 in
1144 877 1280 904 immenso
1303 875 1517 912 mensura;(sed
1535 875 1569 902 ad
1587 875 1724 902 infinitum

936 925 1019 957 atque
1033 922 1236 950 interminabile
1250 922 1303 949 loci
1316 921 1438 952 nomine,
1450 921 1497 956 qui
1511 920 1724 956 circumscripla

936 974 1065 994 mensura
1078 967 1253 999 terminatur,
1270 966 1424 994 auditorem
1435 966 1559 1001 deduxit,-
1572 967 1644 993 hunc
1658 974 1725 1002 ergo

935 1021 1048 1041 sensum
1067 1013 1265 1042 subostendere
1282 1013 1348 1040 mihi
1365 1013 1484 1041 videtur:
1502 1012 1638 1045 Quoniam
1661 1012 1722 1044 tibi,

936 1058 1055 1094 Moyses,
1070 1058 1103 1086 ad
1119 1059 1258 1086 anteriora
1275 1058 1404 1093 pergendi
1418 1065 1525 1093 semper
1540 1058 1637 1093 ingens
1652 1057 1725 1085 desi-

934 1105 1041 1133 derium
1056 1110 1107 1137 est,
1126 1112 1176 1133 nec
1196 1105 1252 1132 ullo
1266 1104 1348 1139 hujus
1363 1111 1461 1132 cursus
1480 1104 1572 1131 labore
1588 1103 1724 1139 defatiga-

935 1151 984 1184 ris,
997 1158 1047 1179 nec
1058 1151 1204 1179 terminum
1217 1150 1299 1186 hujus
1312 1150 1476 1185 assequendi
1490 1149 1554 1177 boni
1567 1149 1722 1180 constituis.

937 1197 986 1225 scd
1009 1205 1117 1232 semper
1144 1197 1234 1224 iuhias
1253 1196 1288 1224 ad
1311 1196 1415 1231 majora
1427 1215 1434 1228 ,
1453 1195 1526 1223 scias
1542 1198 1646 1222 tantum
1663 1202 1724 1222 csse

936 1242 1008 1276 apud
1024 1249 1068 1269 me
1091 1242 1233 1274 locum,ut
1243 1249 1383 1276 nunquam
1399 1240 1546 1268 terminum
1562 1239 1622 1275 ejus
1638 1247 1722 1267 cursu

936 1292 984 1314 aut
999 1287 1090 1314 volatu
1106 1287 1198 1322 aliquo
1209 1294 1295 1321 queas
1308 1287 1450 1314 invenire:
1466 1285 1511 1313 hic
1523 1290 1613 1313 autem
1626 1293 1724 1312 cursus

937 1336 1020 1367 atque
1042 1332 1149 1360 volatus
1163 1336 1252 1360 status
1264 1332 1373 1368 quidem
1389 1335 1432 1359 est
1447 1331 1498 1359 alia
1515 1331 1631 1359 ratione.
1648 1341 1657 1356 ι
1679 1329 1723 1357 Si-

936 1383 1006 1405 stam
1021 1379 1105 1410 enim,
1123 1388 1132 1404 »
1151 1379 1251 1413 inquit,
1269 1385 1278 1403 ι
1295 1382 1322 1405 te
1338 1378 1365 1405 in
1381 1378 1479 1413 lapide.
1501 1387 1511 1404 ι

90 1424 139 1453 τοῦ
152 1424 253 1457 ἀγαθοῦ
269 1424 347 1459 κόρον
361 1423 516 1454 ἐπίστασαι,
535 1423 590 1449 ἀλλ’
605 1423 648 1449 ἀεὶ
659 1423 726 1457 πρὸς
743 1424 773 1449 τὸ
804 1423 893 1449 πλεῖον
906 1424 920 1450 6
933 1425 1014 1458 πόθος
1040 1426 1147 1461 βλέπειν
1180 1424 1305 1457 τοσοῦτός
1332 1426 1406 1453 ἐστιν
1435 1425 1449 1451 6
1471 1425 1535 1460 παρ’
1552 1424 1614 1459 litat
1631 1425 1722 1456 τόπος,

91 1471 163 1498 ὥστε
181 1470 226 1496 τὸν
249 1471 278 1497 ὲν
301 1469 374 1504 αὐτῷ
399 1469 548 1499 διαθέοντα.
567 1468 700 1504 μηδέποτε
723 1468 868 1504 δυνηθῆναι
884 1470 962 1506 λῆξαι
979 1471 1026 1498 τοῦ
1040 1471 1151 1507 δρόμου.
1185 1472 1214 1498 '0
1232 1471 1260 1498 δὲ
1275 1471 1390 1507 δρόμος,
1421 1470 1506 1506 ἑτέρῳ
1529 1470 1600 1505 λόγῳ
1631 1469 1723 1502 στάσις

91 1518 160 1547 ἐστι.
184 1527 192 1544 ι
206 1517 299 1553 Στήσω
317 1517 371 1552 γάρ
386 1525 443 1548 σε,›
462 1516 560 1551 φησὶν,
581 1525 590 1541 ‹
603 1516 649 1542 ἐπὶ
666 1517 716 1551 τῆς
732 1515 860 1552 πέτρας.»

129 1586 213 1613 Τοῦτο
225 1585 253 1612 δὲ
269 1584 299 1612 1:6
311 1584 418 1611 πάντων
432 1583 646 1619 παραδοξότατον
660 1605 666 1612 .
684 1583 739 1615 πῶς
764 1584 794 1610 τὸ
817 1583 883 1611 αὐτὸ

969 1585 1093 1613 Mirabile
1109 1585 1215 1618 auditu,
1239 1586 1376 1621 quomodo
1392 1592 1476 1612 unum
1497 1591 1529 1611 ac
1546 1584 1618 1612 idem
1635 1588 1724 1612 status

93 1633 142 1659 καὶ
158 1631 252 1662 στάσις
266 1630 324 1656 ἐστὶ
341 1630 388 1656 καὶ
402 1630 508 1664 κίνησις
518 1637 524 1644 ·
549 1630 563 1656 6
584 1629 638 1664 γὰρ
653 1628 734 1655 ἀνιὼν
748 1649 754 1659 ,
777 1629 885 1660 πάντως

92 1679 143 1713 οὐχ
158 1678 273 1708 ἵσταται,
294 1676 341 1703 καὶ
359 1676 372 1701 6
389 1674 474 1707 ἑστὼς
484 1676 534 1702 οὐκ
548 1675 707 1711 ἀνέρχεται’
725 1675 840 1702 ἐνταῦθα
857 1675 884 1701 δὲ

92 1723 137 1750 διὰ
150 1722 196 1749 τοῦ
207 1721 327 1753 ἑστάναι,
343 1719 373 1746 τὸ
386 1719 517 1754 ἀναϐῆναι
529 1719 633 1754 γίνεται
644 1727 652 1734 υ
666 1718 745 1745 τοῦτο
758 1719 786 1745 δέ
800 1720 883 1750 ἐστιν,

92 1768 134 1793 ότι
150 1767 204 1801 ὅσῳ
229 1774 272 1798 τις
298 1765 394 1799 πάγιός
420 1773 450 1791 τε
475 1766 521 1791 καὶ
544 1764 709 1800 ἁμετάθετος
721 1765 750 1790 ὲν
765 1765 803 1799 τῷ
816 1765 884 1798 ἀγα-

93 1811 133 1847 θῷ
142 1811 281 1847 διαμένει·
299 1810 418 1845 τοσούτῳ
438 1810 517 1837 πλέον
530 1809 575 1836 τὸν
593 1811 642 1845 τῆς
666 1810 766 1844 ἀρετῆς
783 1809 884 1836 διανύει

92 1859 204 1894 δρόμον.
222 1857 252 1884 '0
267 1857 321 1892 γὰρ
343 1856 512 1893 περισφαλὴς
528 1865 556 1882 τε
575 1856 622 1882 καὶ
638 1855 795 1890 ὀλισθηρὸς,
814 1855 885 1882 κατὰ

92 1905 141 1940 τὴν
160 1903 214 1930 τῶν
238 1902 375 1938 λογισμῶν
399 1903 477 1938 βάσιν
497 1902 624 1929 ἀϐέϐαιον
640 1901 690 1937 τὴν
709 1902 738 1928 ὲν
754 1901 793 1937 τῷ
809 1900 885 1941 καλῷ

94 1949 189 1976 στάσιν
199 1948 268 1984 ἔχων
278 1968 285 1980 ,
299 1947 526 1983 κλυδωνιζόμενός
538 1956 566 1974 τε
592 1946 640 1974 καὶ
659 1947 882 1983 περιφερόμενος,

93 1993 186 2026 καθώς
200 2001 282 2028 φησιν
297 1994 311 2020 6
331 1992 493 2025 Ἀπόστολος
503 2014 509 2024 ,
524 1993 571 2019 καὶ
584 1993 644 2024 ταῖς
659 1993 723 2027 περὶ
737 1992 791 2019 τῶν
801 1993 884 2019 όντων

91 2037 258 2073 ὑπολήψεσιν
273 2037 451 2069 ἐπιδιστάζων
467 2039 513 2065 καὶ
534 2038 759 2074 κραδαινόμενος,
783 2039 833 2066 οὐκ
851 2039 884 2067 ἄν

93 2093 158 2111 ποτε
174 2084 242 2120 πρὸς
252 2084 282 2110 τὺ
299 2083 366 2119 ὕψος
381 2085 431 2120 τῆς
446 2084 545 2119 ἀρετῆς
562 2084 724 2120 ἀναδράμοι.
741 2085 785 2116 Ὦς
801 2087 825 2112 oi
840 2086 883 2113 διὰ

96 2130 206 2165 λκάμμου
220 2128 372 2164 βαδίζοντες
388 2129 455 2165 πρὸς
471 2130 501 2156 τὺ
512 2129 623 2161 ἄναντες
633 2150 640 2158 .
656 2130 708 2157 κᾶν
720 2131 824 2166 μεγάλα
835 2131 883 2158 τύ-

91 2182 162 2209 χωσι
179 2175 235 2206 τοῖς
248 2175 310 2200 ποσὶ
321 2174 516 2206 διαϐαίνοντες,
534 2174 650 2209 ἀνόνητα
663 2175 806 2210 μοχθοῦσιν
818 2195 824 2207 ,
839 2176 883 2202 ἀεὶ

92 2219 161 2254 πρὸς
188 2219 218 2246 τὸ
247 2220 322 2247 κάτω
351 2221 400 2255 τῆς
433 2220 537 2255 βάσεως
565 2221 823 2257 συγκαταρῥεοῦσης
849 2223 881 2258 τῇ

90 2265 198 2300 ψάμμῳ
207 2272 214 2280 ⁸
230 2265 268 2297 ὡς
280 2264 328 2300 τὴν
341 2265 389 2300 μὲν
405 2265 512 2300 κίνησιν
528 2265 713 2300 ἐνεργεῖσθαι,
729 2267 841 2303 πρόοδον
853 2268 882 2295 δὲ

92 2309 229 2344 μηδεμίαν
244 2311 294 2345 τῆς
303 2310 435 2345 κινήσεως
445 2309 579 2344 γίνεσθαι.
598 2311 628 2337 Εἰ
644 2311 672 2337 δέ
687 2320 745 2342 τις,
761 2312 852 2345 καθὼς
865 2314 882 2349 ἡ

90 2354 236 2390 ψαλμῳδία
248 2355 325 2389 φησὶ,
339 2355 389 2390 τῆς
404 2355 450 2382 τοῦ
466 2355 546 2391 βυθοῦ
566 2356 740 2392 ὕποστάθμης
760 2357 882 2385 ἀνασπά-

92 2408 144 2431 σας
166 2400 228 2430 τοὺς
254 2400 352 2435 πόδας,
372 2401 418 2427 ἐπὶ
436 2402 485 2436 τῆς
501 2401 604 2437 πέτρας
617 2400 727 2433 τούτους
751 2402 881 2438 ἐρείσειεν

935 1634 961 1658 et
979 1636 1069 1658 motus
1083 1635 1126 1658 est
1141 1639 1147 1657 :
1171 1631 1194 1658 si
1211 1630 1276 1665 quid
1294 1630 1428 1662 ascendit,
1447 1638 1501 1657 non
1518 1633 1572 1657 stat
1592 1639 1598 1656 τ
1614 1629 1637 1657 si
1655 1634 1721 1661 stat,

935 1682 990 1702 non
1006 1675 1128 1702 ascendit
1144 1684 1151 1701 :
1167 1679 1194 1702 at
1213 1674 1258 1702 hic
1279 1675 1415 1705 ascendit,
1432 1675 1496 1709 quia
1511 1678 1575 1702 stat.
1593 1673 1660 1701 Nam
1675 1674 1721 1709 qui

935 1722 1056 1749 caducus
1070 1728 1102 1749 ac
1115 1720 1253 1748 instabilis
1267 1720 1480 1755 cogitationibus
1497 1723 1557 1752 est,
1576 1727 1637 1747 non»
1651 1719 1722 1746 ﬁxus

935 1767 962 1795 in
978 1768 1050 1795 bono
1067 1775 1118 1795 nec
1134 1775 1316 1802 permanens,
1332 1767 1379 1794 sed
1397 1765 1535 1794 ﬂuctuans
1557 1769 1584 1793 et
1601 1765 1720 1793 circum-

935 1818 1024 1846 actus,
1039 1818 1068 1840 ut
1082 1814 1120 1840 ait
1136 1813 1297 1848 Apostolus,
1315 1812 1454 1847 variisque
1466 1811 1505 1839 do
1517 1819 1608 1838 rerum
1624 1815 1721 1838 natura

935 1860 1110 1896 opinionibus
1131 1861 1159 1888 in
1180 1865 1326 1894 utramque
1343 1862 1447 1893 partem
1472 1858 1608 1893 impulsus
1626 1861 1653 1885 et
1673 1865 1721 1884 ex-

936 1905 1075 1940 agitatus,
1106 1905 1130 1932 is
1157 1912 1295 1940 nunquam
1324 1904 1358 1931 ad
1387 1903 1582 1931 sublimitatem
1611 1897 1721 1930 viitutis

935 1951 1068 1983 ascendit,
1085 1952 1156 1978 sicut
1171 1951 1217 1986 qui
1235 1951 1320 1978 colles
1335 1954 1470 1977 conantur
1489 1949 1622 1977 scandere
1637 1948 1721 1977 sabu-

934 1997 1009 2025 losos
1024 2006 1031 2024 :
1046 2005 1108 2024 nam
1124 1997 1175 2025 etsi
1190 1996 1318 2031 proiectis
1332 1996 1360 2023 in
1374 1996 1484 2031 longum
1497 1995 1613 2031 pedibus
1625 2002 1720 2030 magna

934 2043 1053 2071 transire
1070 2043 1157 2078 spatia
1177 2043 1330 2073 videantur,
1356 2048 1463 2076 semper
1482 2045 1574 2068 tamen
1592 2040 1626 2068 ad
1649 2040 1720 2068 infe-

934 2089 1006 2116 riora
1029 2088 1141 2124 delapso
1161 2087 1260 2116 sabulo
1277 2086 1448 2114 deferuntur.
1472 2085 1562 2114 Motus
1580 2086 1663 2121 igitur
1679 2085 1720 2117 iit,

934 2141 1095 2170 progressus
1118 2137 1208 2161 autem
1225 2133 1317 2161 nullus
1333 2133 1371 2160 fit.
1390 2133 1425 2159 At
1444 2133 1467 2159 si
1490 2132 1563 2166 quis,
1593 2135 1623 2159 ut
1644 2131 1720 2159 Psal-

933 2180 1014 2208 mista
1029 2181 1111 2212 dicit,
1128 2188 1142 2207 a
1159 2179 1224 2207 faece
1238 2179 1367 2215 profundi
1380 2182 1512 2206 retractos
1527 2178 1609 2212 pelles
1627 2177 1654 2204 in
1668 2177 1719 2204 huc

935 2226 1058 2262 posuerit
1081 2225 1171 2260 lapide
1193 2225 1283 2261 (lapis
1306 2229 1398 2252 autem
1419 2223 1545 2251 Christus
1563 2227 1615 2255 est,
1632 2223 1719 2257 pleni-

935 2271 999 2298 tudo
1014 2271 1145 2298 virtutum
1158 2271 1281 2298 omnium
1297 2270 1306 2304 )
1319 2278 1326 2297 ι
1339 2273 1444 2304 quanto
1456 2268 1560 2296 firmior
1575 2275 1607 2297 ac
1621 2269 1720 2295 immu-

932 2315 1024 2346 bilior,
1049 2320 1078 2343 ut
1097 2315 1195 2342 Paulus
1219 2315 1352 2346 consulit,
1376 2315 1403 2342 in
1426 2314 1500 2342 bono
1521 2314 1615 2347 fuerit,
1643 2317 1720 2341 tanto

934 2361 1055 2389 velocius
1074 2361 1157 2394 volat,
1175 2361 1227 2389 hac
1246 2361 1394 2389 stabilitate
1411 2359 1490 2396 quasi
1514 2360 1611 2395 pennis
1631 2360 1720 2387 eleva-

934 2411 988 2434 tus.

91 2448 119 2482 (ἡ
132 2447 218 2483 πέτρα
231 2448 258 2474 δέ
276 2449 349 2475 ἐστιν
364 2449 378 2475 ό
391 2449 522 2484 Χριστὸς,
538 2449 554 2484 ἡ
568 2448 702 2484 παντελὴς
716 2449 821 2485 ἁρετὴ),
837 2451 891 2486 ὅσῳ
906 2453 1004 2488 μᾶλλον
1016 2454 1121 2490 ἑδραῖος
1138 2454 1166 2480 ὲν
1189 2453 1227 2488 τῷ
1249 2453 1343 2488 ἀγαθῷ
1366 2453 1411 2480 καὶ
1436 2453 1634 2488 ἁμετακίνητος
1648 2451 1719 2479 κατὰ

88 2492 141 2528 τὴν
171 2493 325 2529 συμϐουλὴν
356 2493 402 2520 τοῦ
430 2493 536 2520 Παύλου
565 2493 679 2528 γίνεται,
697 2494 817 2530 τοσούτῳ
843 2495 939 2523 θᾶττον
964 2497 1066 2524 διανύει
1096 2498 1141 2524 τὸν
1167 2498 1266 2534 δρόμον
1281 2518 1288 2529 ,
1309 2495 1364 2524 οἷόν
1391 2505 1444 2524 τινι
1465 2496 1557 2532 πτερῷ
1574 2497 1607 2532 τῇ
1625 2496 1718 2523 στάσει

89 2537 232 2573 χρώμενος
243 2559 250 2571 ,
270 2538 318 2566 καὶ
337 2539 404 2574 πρὸς
419 2539 467 2574 τὴν
481 2539 537 2566 ἄνω
551 2539 673 2574 πορείαν,
684 2539 728 2566 διὰ
741 2541 789 2575 τῆς
801 2540 974 2577 βεϐαιότητος
992 2542 1039 2569 τοῦ
1059 2543 1161 2577 ἀγαθοῦ
1175 2563 1182 2575 ,
1196 2543 1245 2578 τὴν
1261 2543 1373 2579 καρδίαν
1390 2542 1581 2578 πτερούμενος.

133 2607 162 2633 '0
175 2605 223 2634 οὖν
237 2607 377 2641 ὑποδείξας
394 2608 434 2643 τῷ
454 2609 564 2636 Μωῡσεῐ
577 2609 621 2636 τδν
636 2609 728 2641 τόπον,
752 2611 882 2646 παρορμᾷ

89 2651 161 2686 πρὸς
186 2651 232 2680 τὸν
253 2652 361 2689 δρόμον.
388 2653 443 2689 Τὴν
467 2654 496 2680 δὲ
517 2654 563 2680 ἐπὶ
591 2654 641 2689 τῆς
669 2655 771 2690 πέτρας
795 2657 880 2690 ἑπαγ-

87 2697 251 2732 γειλάμενος
277 2699 386 2731 στάσιν,
411 2700 456 2726 τὸν
477 2699 578 2735 τρόπον
600 2701 649 2735 τῆς
674 2700 748 2732 θείας
774 2702 880 2736 ἐκείνης

89 2743 298 2779 σταδιοδρομίας
310 2744 383 2780 αὺτῷ
400 2745 580 2773 ὑποδείκνυσι.
596 2746 632 2772 T6
645 2745 672 2773 δὲ
694 2746 722 2772 ὲν
742 2747 774 2782 τῇ
786 2747 879 2784 ,πέτρα

132 2829 152 2844 ⁷¹
168 2830 251 2856 litori.
273 2839 368 2864 xxv-Ii,

969 2611 1038 2640 Cum
1055 2612 1137 2648 igitur
1160 2613 1250 2640 locum
1267 2612 1338 2648 apud
1363 2619 1393 2639 se
1409 2611 1543 2643 ostendit,
1566 2610 1598 2637 ad
1621 2618 1717 2645 perpe-

935 2661 1011 2683 tuum
1033 2665 1145 2685 cursum
1169 2657 1349 2688 exhortatur;
1371 2664 1432 2684 cum
1458 2659 1558 2684 statum
1584 2655 1610 2682 in
1629 2656 1718 2690 lapide

933 2702 1060 2730 daturum
1078 2711 1107 2730 se
1125 2703 1272 2738 promittit,
1289 2702 1399 2729 modum
1417 2702 1502 2730 divini
1525 2709 1622 2728 cursus
1643 2701 1716 2728 illius

933 2748 1020 2782 Moysi
1043 2748 1192 2784 subaperit.
1207 2748 1352 2784 Capacitas
1365 2756 1429 2776 vero
1445 2751 1492 2775 aut
1510 2747 1633 2774 foramen
1648 2746 1715 2780 lapis
