1986 3080
264 134 317 164 Δοτ

265 191 307 220 dis
318 191 408 219 verbis
420 191 542 226 Apostoli
554 191 710 228 expositum
723 197 776 227 est,
789 201 852 222 cum
865 196 979 225 domum
996 206 1052 226 non
1066 200 1089 229 Α

265 244 347 264 manu
364 236 462 265 factam
480 239 621 267 caelestem
638 247 686 275 spe
710 240 743 268 iis
764 243 912 275 reservari,
929 243 976 279 qui
994 247 1052 272 ter-

264 288 352 311 restre
378 284 586 313 tabernaculum
612 285 814 321 dissolverunt,
843 294 959 317 asserat.
984 289 1053 318 Nam

263 334 340 358 certe
356 331 402 366 qui
429 338 541 359 cursum
566 332 695 367 perfecit,
715 338 745 361 ut
764 334 822 369 ipse
838 334 922 368 dicit,
943 335 971 363 in
999 336 1054 363 lato

265 376 311 404 illo
328 380 355 404 et
373 377 554 412 capacissime
572 378 671 412 stadio,
686 380 760 414 quod
778 380 871 408 divina
889 388 941 408 vox
961 381 1052 411 locum

265 423 421 457 appellavit,
441 424 487 459 qui
512 424 640 452 videlicet
665 424 745 454 ﬁdem
765 427 950 460 conservavit,
969 435 1001 455 ac
1025 428 1053 455 in

265 468 365 503 lapide,
381 469 420 496 uti
434 469 604 505 mnigmalice
618 470 730 504 dicitur,
747 472 829 507 pedes
842 480 908 500 suos
924 473 1051 512 ﬁrmavit,

265 514 289 541 is
304 521 404 542 corona
417 515 532 550 justitize
553 523 567 543 a
585 524 668 544 manu
683 517 743 553 ejus
757 518 803 552 qui
825 519 882 545 haec
901 518 1053 546 certamina

265 559 345 586 nobis
366 561 521 595 proposuit,
545 563 734 590 eoronabitur.
758 563 821 591 Hmc
844 568 936 592 autem
966 565 1052 600 gloria

265 604 359 632 multis
375 612 551 641 nuncupatur
574 615 589 634 a
610 607 752 643 Scriptura
780 609 939 637 nominibus
964 619 970 637 :
999 617 1053 637 una

265 650 374 678 enimet
389 650 484 680 eadem
499 660 544 680 res
559 653 604 681 hic
617 654 728 688 quidem
741 655 840 690 lapidis
854 655 993 690 capacitas
1006 662 1054 689 ap-

265 695 391 731 pellatur,
408 697 434 723 in
455 697 517 725 aliis
533 703 623 726 autem
641 699 761 734 paradisi
778 700 902 732 deliciaz,
925 701 1054 727 taberna-

264 740 356 768 culum
373 745 516 776 aaternnm,
532 744 639 771 mansio
660 745 731 780 apud
751 744 873 778 Patrem,
889 745 1054 780 patriarcha:

264 787 341 815 sinus
353 807 360 820 ,
380 788 454 823 regio
470 789 621 816 viventium
632 810 639 822 ,
659 797 730 825 aqua
755 791 905 825 requietis,
924 791 1054 819 Hierusa-

265 833 316 861 lem
333 834 469 869 superior.
486 842 600 869 regnum
614 836 748 864 cmlorum
760 856 767 867 ,
784 837 906 872 Babylon
930 838 1051 864 vocatio-

264 879 319 910 nis,
334 886 435 906 corona
455 880 617 914 gratiarum,
631 888 734 916 corona
750 881 976 916 pulchritudinis,
995 886 1054 909 lur-
1070 875 1090 902 Β

265 923 303 950 ris
322 922 505 958 fortitudinis,
527 926 733 960 supermensale
755 926 895 959 gaudium,
915 926 961 955 Dei
988 934 1056 954 con-

264 977 369 1002 sessus,
398 970 478 998 sedes
500 970 606 1006 judicii,
630 972 708 1000 locus
733 973 987 1006 nominatissimus,
1009 981 1055 1001 oc-

264 1016 368 1043 cultum
388 1016 606 1045 tabernaculum.
628 1017 689 1045 Una
708 1026 773 1054 ergo
787 1019 861 1047 illius
881 1020 975 1055 gloriae
998 1020 1056 1048 ιιωο

264 1071 374 1098 quoque
389 1064 535 1099 appellatio
552 1068 595 1092 est
613 1065 702 1101 Moysi
719 1066 747 1092 in
762 1065 881 1101 lapidem
899 1067 1054 1102 ingressus.

263 1108 330 1136 Nam
346 1110 477 1144 quoniam
495 1109 625 1138 Christus
641 1111 711 1145 lapis
726 1115 778 1144 est,
802 1116 833 1138 ut
847 1111 933 1139 Paulo
954 1112 1055 1147 placet.

264 1162 373 1182 onmem
400 1158 490 1182 autem
513 1155 648 1183 bonorum
667 1163 743 1190 spem
763 1157 791 1184 in
811 1157 922 1185 Christo
944 1157 1056 1185 ﬁrmiter

263 1209 325 1229 esse
338 1201 476 1229 credimus
495 1210 501 1228 :
518 1202 564 1237 qui
584 1195 686 1230 bonum
702 1203 812 1238 aliquod
830 1204 947 1238 adeptus
963 1207 1016 1235 est,
1032 1204 1056 1231 is

265 1247 292 1274 in
305 1247 417 1276 Christo
431 1252 487 1280 cst,
501 1248 547 1283 qui
562 1256 644 1276 omne
660 1249 761 1277 bonum
776 1249 898 1277 continet
911 1259 917 1277 :
932 1249 978 1285 qui
993 1257 1056 1277 vero

264 1294 298 1321 ad
312 1294 452 1321 Christum
470 1295 605 1329 pervenit,
621 1299 648 1322 et
665 1302 748 1322 manu
767 1294 814 1322 Dei
832 1300 920 1323 tectus
933 1295 1056 1330 est,(ma-

265 1347 318 1367 nus
331 1345 420 1368 autem
435 1340 482 1367 Dei
496 1340 561 1375 quid
578 1341 651 1367 aliud
664 1348 726 1368 esse
734 1345 834 1376 potest,
844 1348 925 1376 quam
938 1341 1055 1368 creatrix

264 1395 357 1416 rerum
370 1387 467 1420 virtus,
483 1388 542 1423 ipse
559 1388 718 1423 unigenitus
737 1388 820 1422 Deus,
836 1397 885 1423 per
899 1396 981 1424 quem
996 1396 1055 1416 om-

266 1433 310 1459 nia
327 1433 398 1459 facta
415 1437 490 1465 sunt,
508 1433 555 1467 qui
577 1437 604 1460 et
618 1434 793 1461 currentibus
811 1433 889 1462 locus
902 1437 955 1466 est,
971 1437 1000 1461 et
1013 1434 1055 1461 via

265 1485 376 1510 cursus,
396 1482 426 1505 ut
447 1479 504 1512 ipse
521 1478 599 1510 dicit,
619 1482 647 1505 et
670 1479 741 1513 lapis
761 1479 1002 1511 conﬁrmatorum,
1029 1482 1056 1506 et

264 1522 364 1551 domus
380 1524 582 1558 quiescentium
594 1521 621 1557 '2)
641 1524 688 1559 qui
706 1524 741 1551 ad
753 1525 837 1558 hunc,
852 1525 976 1560 inquam,
995 1532 1056 1560 per-

264 1570 348 1602 venit,
367 1570 390 1598 is
406 1569 499 1597 audiet
513 1575 667 1602 vocantem,
683 1576 709 1598 et
724 1578 740 1598 a
757 1575 834 1606 tergo
850 1571 975 1598 vocantis
997 1570 1056 1598 col-

264 1616 412 1648 locabitur,
429 1616 480 1644 hoc
496 1620 550 1650 est,
565 1626 574 1642 ι
589 1615 655 1644 Post
669 1615 815 1643 Dominum
832 1616 916 1643 Deum
932 1616 1057 1643 ambula—

265 1661 316 1693 bit,
339 1671 348 1687 ι
367 1661 438 1688 sicut
459 1661 502 1689 lex
520 1661 654 1696 praecipit.
672 1660 751 1694 Quod
768 1668 830 1688 cum
850 1661 984 1688 audiiSSct
1004 1660 1057 1687 Da-

264 1707 326 1740 vid,
351 1707 436 1742 probe
461 1707 615 1740 intellexit,
643 1707 777 1734 habitanti
803 1707 877 1735 enim
898 1707 926 1734 in
955 1707 1058 1734 auxilio

265 1752 372 1781 Excelsi
387 1754 464 1787 dicit,
476 1762 486 1780 ‹
499 1753 528 1781 In
543 1753 666 1788 scapulis
679 1755 736 1782 suis
748 1753 925 1781 obumbrabit
937 1753 985 1780 tibi
997 1754 1031 1786 ⁷³,
1046 1762 1054 1779 ι

264 1800 337 1835 quod
352 1804 395 1828 est
419 1803 480 1835 post
499 1799 584 1827 Deum
602 1807 664 1828 esse
681 1800 863 1828 constitutum
882 1809 888 1826 :
911 1807 974 1826 nam
996 1807 1058 1827 sca-

265 1846 335 1880 pulas
367 1847 521 1881 posteriora
554 1850 630 1874 sunt.
664 1846 702 1874 De
734 1854 764 1874 se
796 1849 888 1874 autem
916 1846 1017 1873 clamat
1049 1854 1056 1872 :

269 1901 278 1916 ι
295 1891 418 1918 Adhaesit.
433 1891 524 1918 anima
546 1899 606 1919 mea
623 1895 685 1927 post
706 1897 741 1923 te,
755 1896 782 1919 et
796 1891 918 1927 suscepit
933 1899 976 1918 me
992 1892 1058 1918 dex-

265 1941 323 1963 tera
339 1941 385 1963 tua
398 1936 430 1963 7’.
449 1947 458 1963 ›
474 1936 558 1964 Vides
573 1937 711 1972 quomodo
725 1936 872 1966 Psalmista
890 1945 952 1964 cum
969 1937 1058 1964 histo-

266 1982 306 2009 ria
330 1982 477 2010 consentit.
504 1981 572 2009 Nam
590 1987 619 2010 ut
639 1983 682 2009 hic
708 1982 809 2009 dicitur
828 1990 889 2010 eum
909 1989 924 2009 a
947 1982 1058 2010 dextera

266 2029 381 2064 suscipi,
399 2030 445 2064 qui
464 2033 526 2064 post
545 2028 631 2056 Deum
648 2028 762 2056 adhmsit
781 2038 787 2056 :
811 2029 852 2057 sic
869 2029 906 2056 ibi
924 2036 985 2056 eum
1001 2035 1059 2055 ina-

266 2084 319 2105 nus
339 2076 415 2112 legit,
433 2076 480 2111 qui
495 2075 540 2104 Dei
557 2084 651 2104 vocem
668 2079 813 2112 exspectat
837 2076 864 2103 in
884 2075 986 2110 lapide.
1004 2074 1058 2102 Sed
1082 2080 1085 2081 '

266 2123 399 2151 Dominus
414 2131 525 2158 quoque
545 2123 593 2158 qui
616 2122 702 2159 Moysi
721 2123 835 2150 oracula
853 2122 938 2154 dedit,
956 2121 1002 2156 qui
1024 2121 1058 2158 ad

267 2169 434 2205 implendum
450 2170 536 2205 legem
553 2177 632 2197 suam
650 2169 736 2201 venit,
757 2169 871 2204 aenigma
895 2168 921 2195 id
936 2168 1058 2195 enodans

267 2215 452 2250 apertissime,
466 2215 592 2243 similiter
602 2215 636 2242 ad
649 2214 802 2250 discipulos
816 2213 853 2240 ait
866 2221 872 2239 :
888 2223 897 2238 ‹
914 2211 942 2239 Si
958 2212 1031 2248 quis,
1047 2221 1056 2238 ι

1117 2211 1198 2246 Ὁρᾷς
1214 2210 1272 2242 πῶς
1295 2211 1439 2246 συμϐαίνει
1461 2213 1493 2247 τῇ
1521 2211 1625 2247 ἱστορίᾳ
1641 2212 1657 2246 ἡ
1673 2211 1829 2246 ψαλμῳδία.

267 2261 367 2296 inquit,
385 2270 394 2286 ι
416 2261 473 2288 vult
487 2265 550 2296 post
567 2269 610 2289 me
630 2261 722 2289 venire
736 2261 769 2292 ⁷⁵,
790 2270 799 2286 ι
824 2268 877 2288 non
900 2259 979 2291 dixit,
996 2264 1059 2287 ante

268 2314 322 2334 me.
345 2307 403 2335 Hoc
423 2315 533 2343 quoque
552 2308 641 2342 ipsum
668 2307 778 2335 cuidam
804 2314 853 2342 pro
872 2307 928 2334 vita
955 2310 1059 2334 aeterna

267 2353 433 2389 supplicanti
459 2353 583 2389 praecipit
611 2354 734 2381 dicens:
763 2362 773 2379 ‹
792 2352 860 2380 Veni
887 2356 914 2380 et
942 2360 1059 2387 sequere

267 2407 312 2427 me
327 2410 333 2428 :
350 2409 360 2426 ι
373 2400 419 2435 qui
434 2404 524 2427 autem
542 2400 678 2435 sequitur,
693 2407 746 2427 non
761 2398 868 2431 faciem,
887 2399 934 2426 sed
951 2403 1058 2433 tergum

268 2446 376 2482 aspicit.
402 2446 521 2474 Docetur
546 2446 631 2481 igitur
656 2446 764 2482 Moyses
787 2445 948 2473 desiderans
974 2446 1058 2472 Deum

268 2493 378 2524 videre,
394 2492 532 2527 quomodo
553 2496 643 2527 potest
666 2492 738 2520 Deus
754 2491 861 2525 videri;
883 2491 959 2526 sequi
984 2491 1059 2518 enim

268 2534 355 2563 Deum
378 2535 460 2563 corde
482 2543 514 2563 ac
532 2536 624 2564 animo
645 2544 755 2571 semper
777 2543 942 2571 quocunque
966 2535 1058 2569 ducat,

268 2581 389 2617 idipoum
411 2585 454 2610 est
469 2581 552 2609 Deum
566 2582 660 2610 videre
675 2583 714 2609 ππ
736 2583 839 2610 etenim
862 2581 995 2609 transitus
1015 2581 1060 2609 ille

269 2627 328 2660 Dei,
353 2627 451 2656 ducem
474 2636 535 2657 esse
561 2628 646 2657 Deum
671 2628 812 2664 sequentis
828 2627 981 2663 signiﬁcat,
997 2634 1059 2654 cum

269 2681 322 2700 non
340 2673 376 2701 sit
390 2674 521 2709 possibile
539 2675 610 2703 viam
631 2675 768 2710 ignoranti
789 2678 864 2701 recte
879 2681 911 2700 ac
927 2677 985 2701 tuto
1008 2672 1060 2700 iter

270 2727 412 2755 peragere,
427 2721 481 2749 nisi
495 2725 558 2757 post
572 2721 669 2749 ducem
685 2725 759 2749 recte
774 2724 916 2756 sequatur.

269 2767 283 2792 6
297 2766 326 2794 δὲ
344 2768 508 2801 ἀκολουθῶν,
531 2768 562 2795 τὸ
578 2768 690 2795 δπισθεν
705 2767 806 2802 βλέπει.
822 2767 926 2794 Οὐκοῦν
941 2767 1096 2794 διδάσκεται

319 2866 476 2901 "Psal.xc,
497 2867 523 2894 ι,
558 2867 579 2884 ⁷³
598 2867 681 2895 Psal..
702 2875 766 2901 an,
786 2868 812 2895 9.
845 2869 866 2882 τ’
881 2867 946 2895 Luc.
965 2875 1002 2899 ix,
1026 2867 1070 2894 ‘13.

883 139 912 167 S.
926 139 1094 169 GREGOlill
1111 141 1178 169 NYS
1184 140 1260 169 SENl

1839 149 1887 175 MN

1102 199 1232 235 χώρημα,
1257 199 1290 235 ἣν
1310 199 1380 234 ὀπὴν
1400 198 1528 235 ὀνομάζει
1547 199 1561 225 6
1575 199 1670 234 λόγος,
1689 199 1778 232 καλῶς
1793 201 1807 227 6
1825 201 1892 233 θεῖος

1112 245 1272 276 Ἀπόστολος
1283 245 1312 270 ὲν
1323 245 1379 276 τοῖς
1394 244 1469 276 ἰδίοις
1482 244 1570 279 λόγοις
1583 245 1793 280 διηρμήνευσεν.
1810 245 1893 272 οἰκίαν

1104 289 1308 326 ἀχειροποίητον
1336 290 1465 324 οὐρανίαν
1491 290 1651 317 ἀποκεῖσθαι
1670 290 1702 316 δι’
1718 290 1824 323 ἐλπίδος
1841 292 1894 323 τοῖς

1104 335 1153 370 τὴν
1171 335 1267 370 γηῖνην
1289 335 1392 371 σκηνὴν
1413 335 1554 362 διαλῦσασι
1579 336 1676 370 λέγων.
1704 336 1823 372 Ἀληθῶς
1843 338 1894 373 γὰρ

1104 381 1118 407 ὸ
1132 381 1177 408 τὸν
1190 381 1288 416 δρόμον
1300 381 1411 413 τελέσας
1421 401 1428 412 ,
1446 381 1538 413 καθώς
1552 390 1634 416 φησιν
1648 383 1662 408 ό
1682 381 1851 414 Ἀπόστολος,
1867 384 1894 409 ἐν

1105 427 1201 462 ἐκείνῳ
1214 427 1253 462 τῷ
1279 427 1375 454 πλατεῖ
1395 428 1442 454 καὶ
1466 427 1614 464 εὐρυχώρῳ
1641 428 1758 464 σταδίῳ,
1775 429 1804 456 ὃν
1818 429 1894 456 τόπον

1104 472 1267 508 ὀνομάζειὴ
1295 472 1354 499 Θεία
1381 473 1476 508 φωνὴ,
1499 474 1547 500 καὶ
1570 474 1620 509 τὴν
1646 474 1737 501 πίστιν
1765 476 1893 511 τηρήσας,

1104 519 1175 554 ἦτοι,
1186 518 1277 550 καθώς
1294 527 1360 554 φησι
1374 518 1405 545 τὸ
1417 520 1548 554 αῐνιγμα,
1574 520 1620 546 ἐπὶ
1637 521 1686 555 τῆς
1712 521 1814 557 πέτρας
1836 523 1895 553 τοὺς

1107 564 1188 596 ἰδίους
1217 563 1300 595 πόδας
1325 564 1453 600 ἐρείσας·
1482 561 1560 597 οὗτος
1588 565 1627 601 τῷ
1649 566 1700 601 τῆς
1727 566 1896 602 δικαιοσύνης

1106 609 1230 644 στεφάνῳ
1244 609 1318 644 παρὰ
1334 610 1383 644 τῆς
1401 610 1491 645 χειρὸς
1512 611 1557 637 τοῦ
1575 612 1744 645 ἀγωνοθέτου
1760 612 1895 639 καλλωπι-

1106 656 1233 691 σθήσεται
1252 665 1258 670 ·
1281 656 1312 682 τὸ
1324 656 1352 682 δὲ
1366 656 1486 683 τοιοῦτον
1505 656 1590 692 γέρας
1609 658 1746 694 διαφόρως
1763 659 1836 694 παρὰ
1849 659 1896 694 τῆς

1105 703 1215 738 Γραφῆς
1236 702 1406 737 ὀνομάζεται.
1430 702 1465 729 Τὸ
1485 703 1540 738 γὰρ
1561 704 1626 730 αὐτὸ
1646 704 1761 731 ἐνταῦθα
1782 705 1830 740 μὲν
1843 704 1896 740 χώ-

1107 755 1181 782 ρημα
1204 746 1307 782 πέτρας
1329 746 1457 781 λέγεταιο
1482 747 1511 773 ὲν
1534 747 1638 783 ἑτέροις
1660 748 1705 780 δὲ,
1733 749 1896 784 παραδείσου

1104 794 1204 829 τρυφὴ,
1219 793 1266 820 καὶ
1281 793 1377 820 αἰωνία
1395 793 1491 829 σκηνὴ,
1508 794 1555 820 καὶ
1572 795 1639 830 μονὴ
1655 795 1729 830 παρὰ
1742 795 1782 830 τῷ
1799 796 1896 830 "arpi,

1105 841 1152 866 καὶ
1168 841 1337 876 πατριάρχου
1349 840 1459 872 κόλπος.
1472 841 1518 867 καὶ
1533 840 1610 876 χώρα
1626 839 1745 874 ζώντων,
1763 841 1812 867 καὶ
1827 841 1897 877 ὕδωρ

1107 887 1305 919 ἀναπαύσεως,
1331 887 1377 914 καὶ
1395 887 1411 922 ἡ
1427 887 1483 913 ἄνω
1502 887 1690 923 Ἰερουσαλὴμ,
1707 887 1754 913 καὶ
1777 887 1897 921 βασιλεία

1106 932 1238 968 οὗρανῶν,
1256 933 1303 959 καὶ
1321 933 1444 968 βραϐεῖον
1457 933 1589 969 κλήσεως,
1609 933 1655 959 καὶ
1677 933 1808 966 στέφανος
1823 933 1899 968 χαρί-

1106 986 1170 1009 των,
1192 978 1238 1004 καὶ
1261 978 1390 1012 στέφανος
1409 978 1534 1010 κάλλους,
1553 979 1599 1004 καί
1615 978 1720 1013 πύργος
1735 978 1835 1013 ἰσχύος,
1852 978 1899 1004 καὶ

1107 1024 1298 1059 ὲπιτραπέζιος
1325 1024 1490 1059 εὐφροσύνη,
1518 1024 1565 1050 καὶ
1590 1023 1657 1051 Θεοῦ
1682 1024 1828 1058 συνεδρία,
1853 1024 1899 1050 καὶ

1108 1071 1201 1106 θρόνος
1217 1070 1334 1106 κρίσεως
1347 1089 1354 1102 ,
1381 1070 1428 1096 καὶ
1450 1069 1534 1101 τόπος
1550 1069 1699 1105 ὀνομαστὸς
1714 1090 1721 1101 ,
1747 1069 1795 1095 καὶ
1814 1069 1899 1104 σκηνὴ

1108 1116 1277 1151 ἀπόκρυφος.
1307 1115 1357 1142 Ἒν
1373 1113 1419 1141 οὖν
1435 1115 1481 1141 καὶ
1494 1115 1572 1141 τοῦτό
1588 1123 1677 1150 φαμεν
1695 1113 1764 1141 εἶναι
1784 1114 1839 1141 τῶν
1861 1116 1900 1141 εἰς

1107 1161 1186 1198 τοῦτο
1211 1161 1350 1198 φερόντων
1370 1160 1399 1187 τὸ
1422 1161 1521 1196 νόημα,
1546 1160 1594 1196 τὴν
1611 1161 1651 1192 είς
1665 1161 1714 1196 τὴν
1733 1160 1836 1195 πέτραν
1854 1160 1899 1186 τοῦ

1107 1196 1253 1238 ῐνῘωῡσέωςή
1273 1206 1385 1234 εἴσοδον.
1420 1206 1527 1241 Ἐπειδὴ
1552 1204 1606 1241 γὰρ
1631 1205 1748 1241 Χριστὸς
1771 1206 1788 1240 ἡ
1813 1205 1900 1241 πέτρα

1108 1251 1183 1287 παρὰ
1198 1251 1244 1277 τοῦ
1260 1251 1366 1277 Παύλου
1382 1251 1505 1286 νενόηται
1525 1259 1531 1265 ·
1559 1251 1634 1278 πᾶσα
1650 1251 1677 1277 δὲ
1698 1250 1808 1284 ἀγαθῶν
1823 1249 1901 1281 ἐλπὶς

1108 1297 1137 1322 ὲν
1151 1296 1190 1332 τῷ
1205 1296 1314 1331 Χριστῷ
1330 1294 1400 1323 εἶναι
1422 1296 1589 1329 πιστεύεται,
1613 1297 1642 1323 ἐν
1660 1293 1681 1330 ᾧ
1704 1296 1808 1327 πάντας
1830 1294 1901 1322 εἶναι

1108 1343 1170 1374 τοὺς
1194 1342 1349 1377 θησαυροὺς
1371 1342 1426 1369 τῶν
1446 1342 1557 1376 ἀγαθῶν
1588 1343 1808 1378 μεμαθήκαμεν·
1835 1343 1849 1368 6
1871 1343 1901 1368 ὲν

1108 1387 1202 1422 ἀγαθῷ
1215 1395 1267 1413 τινι
1282 1387 1437 1422 γενόμενος,
1450 1388 1478 1413 ἐν
1492 1387 1530 1422 τῷ
1546 1387 1656 1422 Χριστῷ
1670 1387 1778 1418 πάντως
1793 1387 1851 1413 ἐστὶ
1863 1386 1903 1421 τῷ

1108 1432 1273 1468 περιεκτικῷ
1290 1433 1388 1464 παντὸς
1401 1432 1520 1466 ἀγαθοῦ·
1542 1434 1556 1459 6
1571 1432 1600 1459 δὲ
1619 1433 1699 1468 μέχρι
1718 1432 1813 1459 τούτου
1834 1432 1904 1466 φθα-

1109 1487 1167 1510 σας,
1183 1478 1230 1504 καὶ
1246 1478 1298 1504 ὑπὸ
1311 1478 1360 1512 τῆς
1371 1478 1417 1504 τοῦ
1432 1478 1500 1504 Θεοῦ
1513 1478 1604 1513 χειρὸς
1618 1478 1794 1509 σκεπασθεὶς,
1808 1478 1901 1510 καθὼς

1107 1525 1122 1550 6
1144 1524 1222 1558 λόγος
1243 1524 1427 1559 ἐπηγγείλατο
1456 1524 1537 1560 (χεὶρ
1562 1525 1584 1550 δ’
1609 1524 1642 1551 ἂν
1667 1523 1708 1559 εἴη
1730 1523 1779 1550 τοῦ
1796 1524 1864 1551 Θεοῦ
1882 1525 1899 1559 ἡ

1108 1569 1291 1606 δημιουργικὴ
1305 1569 1357 1596 τῶν
1371 1570 1455 1597 ὄντων
1477 1569 1601 1605 δύναμις,
1622 1570 1636 1596 6
1658 1569 1804 1605 μονογενὴς
1822 1569 1900 1600 Θεὸς,

1108 1616 1141 1642 δι’
1154 1613 1184 1643 οὗ
1198 1615 1232 1642 τὰ
1248 1616 1335 1642 πάντα
1359 1615 1478 1650 ἐγένετο,
1501 1615 1529 1647 ὃς
1546 1615 1592 1642 καὶ
1606 1616 1661 1647 τοῖς
1679 1616 1804 1651 τρέχουσι
1819 1615 1904 1647 τόπος

1108 1662 1193 1693 ἐστὶν,
1216 1661 1274 1693 ὁδὸς
1298 1661 1344 1688 τοῦ
1369 1661 1467 1697 δρόμου
1485 1661 1643 1696 γινόμενος.
1671 1661 1741 1688 κατά
1764 1661 1814 1696 τὴν
1835 1661 1905 1688 ἰδίαν

1109 1707 1210 1743 φωνὴν,
1228 1707 1274 1734 καὶ
1298 1707 1386 1742 πέτρα
1403 1707 1506 1741 γίνεται
1528 1709 1585 1739 τοῖς
1611 1706 1740 1741 βεϐαίοις,
1759 1707 1806 1733 καὶ
1828 1704 1907 1739 οἶκος

1108 1753 1163 1784 τοῖς
1175 1752 1413 1787 ἀναπαυομένοις),
1436 1752 1496 1778 τότε
1510 1752 1656 1779 ἀκούσεται
1669 1752 1715 1778 τοῦ
1734 1752 1907 1788 προσκαλου-

1110 1799 1202 1834 μένου,
1223 1799 1270 1825 καὶ
1290 1799 1405 1825 κατόπιν
1422 1797 1468 1825 τοῦ
1486 1799 1631 1830 καλοῦντος
1655 1799 1809 1834 γενήσεται,
1827 1807 1907 1826 τουτ-

1109 1844 1192 1876 έστιν,
1209 1854 1219 1870 ι
1237 1845 1340 1871 Ὀπίσω
1353 1845 1455 1879 Κυρίου
1464 1845 1509 1871 τοῦ
1519 1845 1585 1872 Θεοῦ
1601 1845 1773 1881 πορεύσεται,
1788 1855 1797 1871 ι
1812 1845 1907 1878 καθὼς

1108 1890 1122 1915 6
1139 1891 1220 1926 νόμος
1234 1891 1389 1926 παρεγγυᾷ.
1414 1891 1503 1926 Ὅπερ
1517 1891 1635 1923 ἀκούσας
1655 1891 1749 1927 ἐνόησε
1766 1891 1813 1918 καὶ
1827 1891 1842 1917 6
1857 1892 1907 1926 μέ-

1108 1945 1160 1971 γας
1176 1936 1267 1968 Δαϐὶδ,
1283 1936 1322 1972 τῷ
1338 1937 1385 1972 μὲν
1401 1937 1571 1964 κατοικοῦντι
1586 1938 1614 1964 ὲν
1635 1937 1745 1973 βοηθείᾳ
1757 1938 1803 1964 τοῦ
1825 1937 1908 1973 ’Υιζνίς

1110 1991 1172 2009 στου
1189 1982 1286 2017 λέγων,
1309 1983 1349 2009 ὅτι
1377 1991 1386 2007 ι
1405 1982 1449 2008 Ἐν
1465 1983 1521 2014 τοῖς
1541 1983 1718 2018 μεταφρένοις
1742 1983 1825 2010 αὐτοῦ
1841 1984 1907 2010 επι-

1110 2028 1217 2055 σκιάσει
1235 2036 1287 2062 σοι,
1304 2037 1313 2053 ι
1341 2028 1409 2062 ὅπερ
1421 2025 1480 2054 ἶσόν
1496 2029 1554 2054 ἐστι
1570 2028 1608 2064 τῷ
1623 2029 1736 2056 κατόπιν
1757 2029 1838 2056 αὐτὸν
1855 2029 1907 2056 τοῦ

1108 2074 1175 2101 Θεοῦ
1186 2072 1255 2100 εἶναι
1265 2083 1271 2088 -
1288 2074 1316 2099 ἐν
1328 2073 1381 2108 γὰρ
1394 2074 1450 2105 τοῖς
1463 2073 1597 2106 ὀπισθίοις
1611 2074 1670 2100 ἐστὶ
1681 2074 1711 2100 τὸ
1723 2075 1906 2109 μετάφρενον.

1110 2119 1178 2155 Περὶ
1193 2118 1290 2145 ἑαυτοῦ
1305 2118 1334 2146 δὲ
1347 2119 1427 2146 τοῦτο
1444 2119 1523 2154 βοῶν,
1538 2120 1578 2146 ὅτι
1608 2129 1616 2145 ι
1636 2120 1781 2154 Ἐκολλήθη
1797 2121 1813 2154 ὴ
1828 2119 1905 2155 ψυχή

1112 2173 1162 2200 μου
1183 2164 1271 2191 ὀπίσω
1293 2173 1350 2196 σου,
1375 2165 1442 2200 ἐμοῦ
1458 2165 1487 2191 δὲ
1503 2165 1694 2200 ἀντελάϐετοὴ
1715 2165 1790 2198 δεξιά
1812 2174 1872 2192 σου.
1895 2175 1904 2191 ι

1861 2211 1909 2242 ,Ως

1112 2257 1166 2294 γὰρ
1179 2255 1255 2289 οὗτός
1269 2266 1346 2292 φησι,
1359 2257 1398 2292 τῷ
1409 2257 1496 2284 ὀπίσω
1508 2257 1553 2284 τοῦ
1569 2257 1635 2284 Θεοῦ
1651 2257 1764 2292 κεκολλη
1770 2258 1844 2292 μένῳ
1855 2257 1909 2293 τὴν

1111 2303 1162 2340 τῆς
1175 2303 1265 2337 δεξιᾶς
1279 2301 1348 2331 εἶναι
1361 2303 1517 2339 ἀντίληψιν·
1533 2304 1604 2330 οῦτω
1620 2304 1699 2330 κάκεῖ
1712 2305 1728 2339 ἡ
1744 2304 1803 2338 χεὶρ
1820 2304 1910 2330 ἄπτε-

1111 2359 1154 2376 ται
1168 2349 1215 2376 τοῦ
1230 2350 1258 2376 ἐν
1272 2351 1305 2385 τῇ
1324 2350 1411 2385 πέτρᾳ
1431 2349 1480 2385 τὴν
1499 2350 1574 2377 θείαν
1598 2350 1688 2385 φωνὴν
1710 2350 1910 2385 ἀναμένοντος.

1112 2397 1158 2423 καὶ⁴
1178 2397 1292 2423 κατόπιν
1307 2396 1462 2423 ἀκολουθεῖν
1480 2397 1638 2432 εὐχομένου.
1660 2396 1739 2422 Ἀλλά
1757 2396 1805 2422 καὶ
1817 2396 1832 2421 ὁ
1849 2395 1912 2421 Κύ-

1114 2451 1178 2478 ριος,
1194 2443 1208 2469 6
1221 2442 1280 2469 τότε
1296 2442 1334 2476 τῷ
1349 2443 1461 2469 Μωῡσεῖ
1472 2442 1654 2478 χρηματίσας,
1671 2442 1685 2468 6
1696 2441 1843 2477 πληρωτὴς
1856 2441 1910 2468 τοῦ

1114 2489 1177 2515 ἰδίου
1204 2489 1286 2523 νόμου
1312 2488 1467 2523 γενόμενος,
1489 2489 1588 2523 ὁμοίως
1611 2489 1678 2525 πρὸς
1700 2488 1761 2519 τοὺς
1778 2484 1914 2522 μαθητὰς

1113 2535 1289 2570 διεξέρχεται,
1309 2535 1475 2570 ἀπογυμνῶν
1494 2535 1549 2561 τῶν
1565 2535 1593 2561 ἐν
1609 2534 1749 2569 αἰνίγματι
1765 2533 1911 2569 ῥηθέντων

1113 2581 1153 2612 είς
1169 2581 1198 2607 τὸ
1216 2580 1334 2616 ἐμφανὲς
1351 2581 1399 2616 τὴν
1423 2580 1541 2607 διάνοιαν
1556 2589 1563 2596 ·
1591 2590 1599 2606 ι
1617 2580 1651 2607 Εἰ
1671 2589 1712 2611 τις
1729 2579 1800 2606 θέλει
1814 2579 1913 2605 ὀπίσω

1115 2636 1165 2662 μου
1181 2627 1278 2658 ἐλθεῖν,
1295 2636 1304 2652 ι
1325 2627 1431 2661 λέγων·
1452 2628 1511 2659 οὐκ,
1534 2627 1569 2654 El
1587 2635 1628 2658 τις
1652 2625 1817 2662 ἔμπροσθεν.
1850 2625 1914 2651 Καὶ

1113 2671 1152 2707 τῷ
1176 2671 1240 2706 περὶ
1255 2672 1304 2707 τῆς
1326 2672 1435 2698 αἰωνίου
1449 2672 1521 2707 ζωῆς
1533 2672 1691 2704 ἱκετεύοντι,
1703 2671 1733 2697 τὺ
1746 2670 1811 2697 αὐτὸ
1824 2669 1914 2697 τοῦτο

1115 2719 1281 2746 ὑποτίθεταν
1297 2728 1305 2743 ι
1318 2719 1402 2755 Δεῦρο
1418 2728 1426 2744 ι
1446 2719 1511 2754 γὰρ,
1528 2719 1620 2754 φησὶν,
1639 2728 1647 2744 ι
1662 2717 1801 2745 ἀκολούθει
1817 2724 1877 2752 μοι’
1898 2725 1910 2742 ι

1111 2766 1158 2794 νῦν
1176 2767 1190 2794 ὁ
1206 2767 1335 2802 Μωῦσῆς,
1352 2766 1366 2791 6
1384 2767 1447 2793 ξδεῖν
1462 2767 1507 2794 τὸν
1523 2767 1589 2794 Θεὸν
1609 2766 1742 2798 σπεύδων,
1758 2766 1816 2797 πῶς
1830 2765 1915 2792 ἔστιν

1109 2867 1133 2883 ’³
1147 2867 1229 2894 Mure.
1250 2875 1275 2899 x,
1295 2867 1339 2894 ΞΗ.
1375 2884 1389 2902 ο
