1986 3080
111 147 161 177 ιω

795 147 837 174 DE
855 147 936 175 VITA
955 144 1091 174 MOYSIS.

1688 143 1740 172 ΗΟ

113 205 175 231 Iasii;
190 203 235 230 τὸν
256 203 337 231 Θεόν·
353 205 394 231 ὅτι
417 203 448 231 τὺ
462 204 618 232 ἀκολουθεῖν
644 204 683 239 τῷ
700 204 770 239 Θεῷ,
791 205 851 231 καθ’
870 206 938 242 ὅπερ
954 205 987 232 ἂν
1007 204 1176 238 καθηγεῖται,
1194 202 1272 228 τοῦτο
1289 201 1396 237 βλέπειν
1411 201 1468 228 ἐστὶ
1487 201 1533 228 τδν
1547 199 1630 227 Θεόν·
1652 200 1669 236 ὴ
1685 199 1740 235 γὰρ

112 251 226 285 πάροδος
246 250 329 276 αὑτοῦ
349 250 398 285 τὴν
413 251 524 286 ὁδηγίαν
534 250 581 277 τοῦ
596 250 730 285 ἑπομένου
747 250 933 285 διασημαίνει,
950 251 980 277 οὺ
995 249 1050 285 γὰρ
1064 248 1136 275 ἐστιν
1153 248 1239 279 ἄλλως
1254 247 1298 274 τὸν
1314 247 1461 280 ἀγνοοῦντα
1474 246 1522 282 τὴν
1537 246 1596 273 ὁδὸν
1611 244 1740 281 ἀσφαλῶς

109 296 243 327 διανύσαι,
260 296 297 331 μὴ
313 295 351 331 τῷ
368 296 564 332 καθηγουμένῳ
579 298 692 323 κατόπιν
713 297 854 331 ἑπόμενον.

150 342 180 368 '0
191 340 236 368 οὗν
252 341 367 377 ὁδηγῶν,
383 342 422 377 τῷ
436 343 613 378 προηγεῖσθαι
632 342 678 369 τοῦ
701 343 833 377 ἑπομένου
855 343 904 376 τὴν
918 346 938 372 Α

111 388 169 416 ὁδὸν
191 388 379 414 ὑποδείκνυσιν
394 397 400 403 ·
423 389 437 414 ὀ
452 387 480 414 δὲ
496 387 640 422 ἑπόμενος,
655 387 715 413 τότε
730 388 779 422 τῆς
793 387 901 418 εὐθείας

112 435 161 461 οὐκ
183 434 398 469 ὲκτραπήσεται,
423 434 447 458 εί
471 433 501 459 τὸ
523 433 611 459 ὀπίσω
627 433 671 459 ἀεὶ
686 433 734 459 τοῦ
750 432 900 467 ἡγουμένου

113 478 217 514 βλέποι.
238 478 266 504 Ὁ
280 477 334 513 γὰρ
347 478 394 503 ἐπὶ
412 477 447 504 τὰ
461 478 563 512 πλάγια
573 479 606 513 τῇ
622 478 727 514 κινήσει
743 479 900 514 παραφερό-

114 522 234 558 μενος,⁷ἢ
247 523 454 559 ἀντιπρόσωπον
469 523 560 558 φέρων
574 523 612 560 τῷ
624 523 763 559 ὁδηγοῦντι
777 523 806 549 τὸ
820 523 902 558 βλέμ-

115 576 151 603 μα
161 588 169 600 ,
187 568 269 602 ἀλλην
285 568 374 603 ἑαυτῷ
386 571 543 604 καινοτομεῖ
561 560 683 604 πορείαν,
700 569 748 604 οὐχ
765 570 797 605 ἢν
810 570 824 596 ό
839 569 901 604 ὁδη-

113 614 159 647 γὸς
175 613 355 641 ὑποδείκνυσι.
373 614 418 640 Διό
433 623 498 648 φησι
513 615 582 649 πρὸς
596 615 641 641 τὸν
655 614 844 650 ὁδηγούμενον,
861 615 902 642 ὅτι

117 667 126 683 ι
145 658 181 684 Τὸ
201 658 347 693 πρόσωπόν
366 667 416 694 μου
433 659 482 685 οὑκ
503 659 651 694 ὀφθήσεταί
667 668 722 686 σοι·
743 669 752 686 ι
768 659 900 692 τουτέστι,

115 702 152 739 μὴ
167 703 372 738 ἀντιπρόσωπος
394 703 468 738 γίνου
484 704 523 739 τῷ
533 704 685 740 όδηγοῦντι.
705 705 776 740 Πρὸς
795 704 849 740 γὰρ
871 704 902 731 τὸ

113 749 233 776 ὼαντίον
251 750 358 780 πάντως
378 750 391 776 ὁ
407 749 505 785 δρόμος
522 750 607 776 ἔσται·
624 750 726 785 ἀγαθὸν
742 750 796 786 γὰρ
808 749 903 786 ἀγαθῷ

83 795 85 797 ’
113 795 164 821 οὐκ
187 795 354 827 ἀντιϐλέπει,
369 796 425 822 ἀλλ’
441 796 546 824 ἕπεται.
563 796 600 823 Τὸ
622 796 649 823 δὲ
671 797 703 822 ὲκ
719 796 764 823 τοῦ
781 797 902 824 ἐναντίου

113 838 268 874 νοούμενον,
287 841 325 876 τῷ
338 841 432 876 ἀγαθῷ
448 842 653 877 ἀντιπρόσωπον
665 842 779 876 γίνεται.
806 842 839 868 Ἦ
848 842 902 878 γὰρ

114 885 198 912 κακία
211 885 241 918 ἐξ
262 887 384 913 ἐναντίου
409 889 442 922 τῇ
467 888 551 923 ἀρετῇ
576 887 688 923 βλέπει·
709 888 794 923 ἁρετὴ
809 888 837 914 δὲ
853 888 903 915 οὐκ

113 931 317 967 ἀντιθεωρεῖται
350 935 383 968 τῇ
415 933 498 969 ἀρετῇ
529 934 749 970 ἀντιπρόσωπος.
794 934 823 960 ’0
856 932 903 962 οὖν

114 977 233 1013 Μωῡσῆς
247 979 296 1005 οὐκ
312 979 469 1005 ἀντιϐλέπει
482 979 521 1014 τῷ
535 979 605 1014 Θεῷ,
620 979 687 1005 ἀλλὰ
702 979 735 1006 τὰ
749 979 838 1006 ὀπίσω
855 980 904 1006 αὺ-

991 341 1049 367 Dux
1069 340 1151 374 igitur
1171 340 1318 373 prmeuntlo
1336 337 1460 373 sequenti
1485 338 1557 365 viam
1580 341 1738 365 monstrat:

953 386 999 420 qtti
1017 390 1108 412 autent
1127 385 1262 419 sequitur,
1281 388 1347 411 tunc
1362 392 1377 410 a
1399 388 1471 410 recta
1488 384 1531 410 via
1547 391 1601 410 non
1621 384 1739 414 aberrat,

952 439 1015 458 cum
1039 437 1146 465 St‘lllpCl‘
1165 430 1243 457 ducis
1264 434 1368 464 tergum
1385 429 1524 464 respiciat.
1543 427 1611 455 Nam
1633 429 1679 463 qui
1707 429 1740 455 ad

953 477 1037 505 latera
1055 484 1084 504 se
1110 476 1258 508 transfert,
1281 481 1328 502 aut
1355 475 1480 502 ducentis
1508 474 1604 501 faciem
1628 481 1742 501 cernerc-

952 524 1061 556 studet,
1079 531 1132 550 nott
1154 523 1219 549 faett
1240 530 1300 549 eam
1321 521 1403 552 viatn,
1423 527 1505 555 quam
1522 519 1578 546 dux
1594 519 1714 547 ostendit
1733 528 1740 546 :

952 578 984 597 ac
996 571 1055 597 ideo
1066 570 1168 596 dicitur
1178 569 1220 596 ei:
1236 577 1244 594 ι
1257 567 1352 595 Facies
1365 575 1422 594 mea
1436 574 1490 594 non
1500 566 1637 593 videbitur
1649 565 1716 598 tibi;
1730 574 1740 591 ι

954 616 1005 642 hoc
1019 619 1071 645 est.
1086 615 1145 641 Noli
1161 614 1193 641 ad
1210 614 1306 641 faciettt
1321 613 1446 640 ducentis
1462 611 1508 639 Dei
1525 619 1684 642 occurrere,
1708 619 1743 639 ne

954 658 1310 696 ittoppositumcursusfiat.
1333 658 1399 686 Nam
1418 658 1439 685 si
1458 659 1560 685 bonum
1583 658 1656 684 bono
1679 664 1744 684 con-

953 707 1069 735 trariuttt
1088 714 1142 734 non
1156 712 1213 738 est,
1230 711 1257 733 et
1273 705 1320 740 qtti
1336 704 1462 732 ducentis
1479 703 1575 730 facient
1590 702 1664 730 videt
1675 723 1682 734 ,
1695 702 1744 730 tIh-

953 751 1027 778 centi
1039 751 1183 785 oppositus
1197 747 1248 781 est,
1261 757 1323 776 eum
1338 748 1441 776 ducens
1452 749 1540 775 bonus
1552 748 1597 780 sit,
1612 747 1670 782 ipse
1687 754 1744 774 ma-

954 797 997 826 lus
1013 801 1073 828 est,
1090 796 1259 824 contrarium
1277 795 1370 821 virtuti
1391 794 1486 821 vitium
1505 802 1511 819 :
1530 800 1616 828 quare
1634 792 1743 828 Moyses

954 851 1008 871 non
1026 851 1060 870 ex
1076 842 1202 877 opposito
1217 841 1351 876 conspicit
1373 840 1468 871 Deum,
1487 839 1535 867 sed
1555 843 1661 873 tergunt
1681 838 1742 873 ejus

953 889 1074 923 respicit.
1093 888 1159 915 Nam
1177 888 1223 922 qui
1246 895 1279 914 ex
1300 886 1426 921 opposito
1442 885 1527 912 Deum
1550 884 1669 919 aspicit,
1686 892 1742 911 non

954 936 1036 967 vivet,
1053 939 1081 961 ttt
1099 942 1151 961 vox
1174 934 1265 960 divina
1283 936 1408 960 testatur.
1431 942 1440 956 ι
1459 931 1517 958 Non
1542 931 1655 964 videbit,
1675 939 1684 955 ι
1702 929 1744 956 in-

955 981 1024 1015 qttit,
1044 989 1052 1005 I
1073 980 1154 1006 homo
1168 978 1265 1005 faciem
1281 985 1379 1007 meam,
1392 981 1418 1004 et
1432 977 1513 1003 vivet.
1533 985 1542 1002 ι
1561 975 1642 1003 Vides
1656 983 1744 1010 quan-

113 1023 161 1050 τοῦ
175 1024 278 1058 βλέπει.
302 1025 330 1051 '0
352 1025 407 1060 γὰρ
419 1025 598 1057 ἀντιϐλέπων,
618 1026 648 1051 οὐ
666 1025 796 1060 {querar
814 1024 904 1057 καθὼς

961 1032 1013 1054 tum
1029 1029 1081 1056 est,
1101 1030 1130 1052 ut
1156 1025 1256 1059 aliquis
1280 1024 1368 1062 discat
1385 1023 1467 1050 Deum
1490 1022 1578 1056 sequi.
1599 1020 1666 1048 Nam
1683 1025 1745 1055 post

115 1070 283 1105 μαρτύρεται
309 1071 325 1105 ἡ
353 1070 413 1097 θεία
436 1071 526 1106 φωνὴ,
554 1071 595 1098 ὅτι
612 1080 621 1096 ι
638 1071 732 1102 Οὐδεὶς
757 1071 852 1105 ὄψεται
875 1071 905 1098 τὸ

114 1115 260 1150 πρόσωπον
276 1116 389 1152 Κυρίου,
409 1117 455 1143 καὶ
467 1116 587 1151 ζήσεται.
604 1126 613 1142 ι
635 1117 715 1152 Ὁρᾷς
728 1117 789 1143 ὅσον
803 1117 862 1144 ἐστὶ
876 1117 905 1144 τὸ

116 1160 212 1197 μαθεῖν
237 1162 418 1198 ἀκολουθῆσαι
439 1162 477 1197 τῷ
496 1162 571 1197 Θεῷ·
598 1162 639 1189 ὅτι
655 1162 724 1198 μετὰ
737 1162 786 1194 τὰς
800 1162 905 1198 ὑψηλὰς

114 1207 223 1238 ὲκείνας
238 1208 396 1240 ἀναϐάσεις,
412 1209 460 1235 καὶ
474 1207 523 1240 τὰς
538 1208 657 1244 φοϐερὰς
675 1217 705 1235 τε
720 1209 768 1235 καὶ
784 1209 906 1240 ἐνδόξους

115 1251 285 1286 θεοφανείας,
300 1253 368 1289 πρὸς
382 1252 420 1288 τῷ
432 1252 503 1279 τέλει
519 1262 569 1279 που
587 1254 636 1288 τῆς
650 1252 733 1287 ζωῆς,
753 1252 830 1287 μόγις
841 1252 905 1278 ταὺ-

114 1304 165 1330 της
178 1296 299 1329 ἀξιοῦται
313 1298 362 1332 τῆς
377 1298 498 1333 χάριτος.
514 1298 527 1324 ὁ
547 1297 639 1332 μαθὼν
654 1297 767 1324 κατόπιν
784 1296 906 1331 γίνεσθαι

115 1342 194 1369 Θεοῦ.
211 1342 255 1378 Τῴ
268 1343 296 1369 δὲ
309 1343 395 1374 οὕτως
413 1343 538 1378 ἑπομένῳ
553 1342 591 1378 τῷ
604 1343 673 1377 Θεῷ,
687 1342 779 1369 οὐκέτι
795 1342 850 1369 τῶν
864 1342 907 1369 διά

116 1389 216 1421 κακίας
245 1390 489 1424 προσοχθισμάτων
524 1389 673 1416 ἀντιϐαίνει
703 1389 789 1416 οὐδέν.
830 1388 908 1415 Μετὰ

115 1435 202 1462 ταῦτα
225 1436 280 1472 γὰρ
308 1435 403 1470 φθόνος
427 1435 501 1470 αὐτῷ
524 1435 600 1471 παρά
624 1435 678 1461 τῶν
698 1433 820 1468 ἀδελφῶν
847 1435 908 1460 ἐπι-

118 1480 232 1516 φύεται·
257 1480 364 1515 φθόνος,
380 1481 410 1507 τὸ
425 1482 580 1516 ἀρχέκακον
594 1480 689 1511 πάθος,
703 1481 717 1506 ὁ
732 1480 777 1506 τοῦ
793 1479 907 1506 θανάτου

117 1527 219 1563 πατὴρ,
230 1528 247 1562 ἡ
260 1527 356 1563 πρώτη
373 1527 422 1562 τῆς
440 1527 575 1563 ἁμαρτίας
590 1526 701 1558 εἴσοδος,
716 1526 732 1560 ἡ
746 1525 796 1560 τῆς
810 1524 909 1556 κακίας

119 1572 192 1608 ῥίζα,
204 1574 221 1608 ἡ
239 1574 287 1609 τῆς
304 1573 392 1608 λύπης
407 1572 523 1607 γένεσις,
542 1573 558 1607 ὴ
575 1572 628 1598 τῶν
644 1570 790 1606 συμψορῶν
806 1571 907 1606 μήτηρ,

118 1619 135 1653 ἡ
160 1619 208 1654 τῆς
231 1619 371 1650 ἀπειθείας
394 1618 533 1650 ὑπόθεσις,
557 1619 573 1653 ἡ
595 1618 644 1653 τῆς
669 1617 800 1652 αἰσχύνης
824 1617 908 1651 ἀρχή.

118 1665 217 1695 Φθόνος
233 1665 308 1700 ἡμᾶς
332 1664 378 1691 τοῦ
402 1664 565 1699 παραδείσου
589 1663 730 1698 ὲξῲκισεν,
756 1663 817 1697 ὄφις
840 1661 910 1689 κατά
924 1683 945 1711 C

118 1711 169 1746 τῆς
195 1710 267 1742 Εὔας
291 1710 435 1745 γενόμενος
453 1718 458 1724 ·
485 1709 582 1744 φθόνος
601 1709 647 1736 τοῦ
671 1709 750 1742 ξύλου
772 1708 822 1742 τῆς
839 1707 911 1742 ζωῆς

119 1757 297 1791 ἀπετείχισε,
320 1757 368 1783 καὶ
392 1756 449 1783 τῶν
470 1755 550 1791 ἱερῶν
576 1755 733 1790 ἐνδυμάτων
755 1753 911 1789 γυμνώσας,

119 1804 176 1833 τοῖς
185 1803 234 1838 τῆς
250 1805 334 1838 συκῆς
348 1802 453 1834 κλάδοις
467 1802 500 1828 δι’
514 1802 646 1837 αἰσχύνης
660 1802 797 1836 ὑπήγαγε.
815 1800 913 1831 Φθόνος

120 1850 166 1876 τὸν
190 1849 260 1876 Κάῖν
276 1848 346 1875 κατά
361 1849 410 1884 τῆς
425 1848 533 1883 φύσεως
548 1847 661 1878 ὥπλισε,
677 1847 723 1873 καὶ
738 1846 782 1872 τὸν
798 1845 913 1876 ἑπτάκις

121 1892 311 1929 ἐκδικούμενον
324 1894 520 1928 ἐκαινοτόμησε
532 1893 656 1919 θάνατον.
680 1891 777 1923 Φθόνος
791 1892 836 1917 τὸν
855 1891 912 1916 Ἰω-

121 1941 178 1976 σὴφ
191 1940 283 1967 δοῦλον
300 1940 421 1974 ἐποίησε,
436 1939 533 1970 Φθόνος
546 1939 577 1965 τὸ
588 1937 774 1973 θανατηφόρον
790 1939 912 1973 κέντρον,
928 1949 933 1954 ·

120 1986 153 2014 τὸ
168 1986 356 2022 κεκρυμμένον
370 1985 461 2018 ὅπλον,
475 1986 491 2020 ή
507 1985 555 2020 τῆς
571 1984 678 2019 φύσεως
694 1985 781 2015 νόσος,
797 1984 811 2010 ὁ
828 1983 913 2018 χολώ-

122 2035 172 2069 δης
190 2033 238 2064 ίὺς,
254 2034 270 2068 ἡ
286 2033 409 2064 ἑκούσιος
423 2032 556 2067 τηκεδὼν,
571 2031 602 2058 τὸ
616 2031 713 2066 πικρὸν
729 2030 816 2065 βέλος,
837 2031 851 2056 ὁ
865 2030 914 2065 τῆς

122 2081 211 2116 ψυχῆς
235 2079 310 2116 ἧλος,
332 2080 363 2106 τὸ
388 2079 530 2114 ἐγκάρδιον
553 2078 619 2113 πῦρ,
637 2079 653 2112 ἡ
673 2078 729 2109 τοῖς
751 2076 914 2111 σπλάγχνοις

121 2126 290 2162 ὲγκαιομένη
306 2125 380 2160 φλόξ.
400 2123 435 2160 ᾯ
449 2124 577 2159 ἀτύχημα
592 2124 640 2159 μὲν
656 2124 739 2155 ἐστιν,
760 2122 790 2148 οὺ
804 2121 834 2148 τὸ
850 2121 914 2148 ἴδιον

125 2172 221 2206 κακὸν,
232 2172 300 2199 ἀλλὰ
315 2172 345 2198 τὸ
360 2171 499 2206 ἀλλότριον
512 2170 623 2204 ἀγαθόν.
638 2169 810 2204 Κατόρθωμα
823 2168 850 2194 δὲ
863 2167 915 2194 πά-

124 2219 166 2245 λιν
181 2219 213 2245 ὲκ
225 2219 271 2245 τοῦ
289 2217 422 2250 ἐναντίου,
437 2217 467 2243 οὐ
482 2217 512 2243 τὸ
524 2217 622 2242 οἰκεῖον
638 2215 729 2249 καλὸν,
745 2213 813 2241 ἀλλὰ
825 2213 855 2239 τὸ
868 2212 914 2239 τοῦ

123 2265 210 2296 πέλας
225 2264 319 2291 κακόν.
337 2263 436 2295 Φθόνος
447 2264 461 2289 ὁ
473 2263 534 2294 ταῖς
546 2261 683 2296 εὐτυχίαις
698 2260 750 2286 τῶν
765 2259 916 2294 ἀνθρώπων

125 2311 346 2346 ἐποδυνὼμενος,
375 2309 422 2337 καὶ
454 2310 514 2340 ταῖς
544 2307 696 2342 συμφοραῖς
731 2305 914 2340 ἐπεμϐαίνων.

126 2356 286 2392 Φθείρεσθαι
309 2357 372 2387 τοὺς
394 2355 572 2390 νεκροὸόρους
593 2353 684 2386 γύπας
707 2350 747 2385 τῷ
770 2350 848 2385 μύρῳ
871 2349 916 2375 λέ-

130 2411 205 2437 γουσι
217 2410 224 2417 ·
249 2401 317 2436 πρὸς
335 2401 389 2436 γὰρ
403 2400 434 2426 τὺ
450 2399 564 2430 δυσῶδες
577 2397 624 2424 καὶ
637 2396 776 2431 διεφθορὸς
792 2394 882 2422 αὐτῶν
897 2395 914 2430 ἠ

128 2449 208 2484 φύσις
224 2447 360 2483 ᾡκείωται
370 2455 378 2462 ·
397 2447 443 2473 καὶ
458 2447 472 2472 ό
487 2446 519 2480 τῇ
535 2445 606 2479 νόσῳ
619 2443 706 2478 ταύτῃ
721 2440 915 2477 κρατούμενος,

126 2496 161 2530 τῇ
185 2494 234 2529 μὲν
258 2492 392 2529 εὐημερίᾳ
417 2492 471 2518 τῶν
503 2491 606 2525 φίλων,
638 2488 695 2516 οἷόν
725 2496 797 2519 τινος
831 2487 915 2522 μύρου

128 2541 266 2577 προσϐολῇ
282 2539 502 2574 καταφθείρεταί.
524 2538 556 2563 Et
576 2536 605 2563 δέ
622 2545 649 2562 τι
666 2535 750 2566 πάθος
766 2535 797 2560 ὲκ
814 2541 918 2568 συμφο-

130 2587 181 2622 ρᾶς
198 2586 257 2617 ἴδοι,
281 2585 348 2620 πρὸς
372 2584 450 2610 τοῦτο
472 2582 654 2613 καθίπταται,
677 2581 723 2607 καὶ
748 2579 777 2606 τὸ
800 2578 917 2613 ἀγκύλον

129 2632 227 2666 ἐπάγει
248 2631 350 2666 στόμα,
373 2631 407 2657 τὰ
423 2629 601 2664 κεκρυμμένα
621 2627 737 2660 ἐξέλκων
752 2625 799 2652 τοῦ
821 2626 918 2652 δυστυ-

132 2679 262 2714 χήματος.
282 2677 400 2708 Πολλοὺς
419 2677 432 2702 ὁ
450 2675 545 2710 φθόνος
559 2674 613 2700 τῶν
629 2673 683 2709 πρὸ
697 2672 835 2703 Μωῦσέως
851 2680 917 2698 κατ-

132 2723 294 2759 ηγωνίσατο,
319 2722 363 2758 Τῷ
376 2722 405 2749 δὲ
426 2721 535 2757 μεγάλῳ
547 2719 634 2754 τούτῳ
648 2718 848 2754 προσενεχθεὶς,
863 2714 918 2744 οἷόν

130 2779 185 2797 τινι
212 2770 324 2804 πλάσμα
347 2768 459 2804 πήλινον
484 2766 572 2801 πέτρᾳ
595 2764 805 2800 προσαραχθὲν,
829 2763 918 2798 ἑαυτῷ

132 2815 328 2852 περιτρίσεται.
352 2811 396 2841 Ἐν
413 2813 500 2848 τούτῳ
520 2812 575 2846 γὰρ
592 2811 709 2846 μάλιστα
724 2809 856 2844 διεδείχθη
871 2809 920 2844 τῆς

135 2861 204 2897 μετά
219 2862 264 2888 τοῦ
279 2861 347 2897 Θεοῦ
364 2861 474 2895 πορείας
490 2859 518 2885 τὸ
539 2857 641 2893 itif/80;,
659 2857 691 2891 ἣν
707 2857 822 2883 ἐποιεῖτο
839 2853 919 2879 Moti-

956 1071 1017 1098 illos
1039 1077 1172 1097 ascensus
1195 1069 1346 1100 mirabiles,
1373 1071 1434 1102 post
1457 1067 1593 1102 gloriosas
1613 1066 1744 1098 visiones,

957 1120 1018 1152 post
1034 1116 1156 1142 inaudita
1173 1115 1316 1144 miracula.
1335 1114 1378 1140 vix
1397 1113 1475 1148 juxta
1498 1112 1578 1139 finem
1595 1112 1657 1138 vita:
1674 1111 1744 1138 hanc

956 1166 1121 1190 consecutus
1142 1165 1182 1188 est
1200 1160 1327 1195 gratiam,
1346 1164 1375 1186 nt
1396 1159 1512 1186 disceret
1532 1157 1616 1185 Deum
1637 1156 1715 1191 sequi
1737 1165 1743 1182 :

956 1207 1025 1235 nihil
1036 1207 1109 1234 cnitn
1124 1206 1242 1240 amplius
1255 1204 1318 1231 ntali
1330 1203 1438 1231 ollicere
1454 1203 1491 1230 illi
1507 1205 1605 1237 potest,
1619 1201 1666 1236 qui
1682 1204 1744 1236 post

958 1252 1043 1280 Deum
1060 1253 1112 1278 hoc
1135 1251 1216 1278 ntodo
1233 1249 1399 1277 constitutus
1415 1252 1467 1276 est.
1484 1248 1587 1275 Invidia
1609 1251 1670 1282 post
1687 1247 1746 1274 haec

958 1299 1080 1326 fraterna
1102 1298 1190 1332 ipsum
1207 1296 1320 1327 invadit,
1336 1295 1438 1322 invidia
1456 1295 1587 1322 malorum
1605 1294 1744 1329 princeps,

958 1346 1055 1373 mortis
1071 1349 1168 1375 mater,
1183 1344 1269 1378 prima
1288 1343 1392 1377 peccati
1404 1342 1501 1376 janua,
1512 1340 1640 1367 vitiormn
1656 1339 1745 1370 radix,

958 1391 1062 1418 doloris
1087 1390 1209 1418 initium.
1235 1387 1396 1414 calamitatis
1416 1392 1532 1420 parens,
1554 1384 1746 1412 inobcdientia:

959 1443 1061 1467 causa,
1081 1433 1237 1468 ignominiae
1260 1432 1435 1467 principium.
1462 1429 1567 1458 Invidia
1594 1430 1667 1457 ettim
1696 1435 1747 1456 nos

959 1481 1039 1515 longe
1058 1478 1247 1507 exterminavit
1271 1485 1285 1504 a
1311 1477 1456 1511 paradiso,
1484 1483 1560 1503 versa
1584 1475 1611 1502 in
1633 1482 1749 1509 serpen-

961 1531 1014 1554 tem
1027 1527 1159 1554 atlvcrsus
1180 1526 1262 1553 Evam
1280 1535 1286 1552 :
1308 1525 1410 1552 invidia
1432 1524 1530 1558 repulit
1547 1530 1561 1549 a
1584 1522 1657 1557 ligno
1674 1520 1747 1552 vitae,

961 1572 1105 1606 saevisque
1122 1569 1351 1606 impassibilitatis
1369 1569 1492 1596 vestibus
1509 1567 1649 1597 detractis,
1670 1565 1748 1592 ficul-

962 1619 1021 1646 neis
1036 1617 1217 1653 ignominiosc
1233 1616 1307 1643 foliis
1324 1616 1412 1642 induit
1429 1625 1436 1642 :
1452 1615 1554 1641 invidia
1570 1613 1637 1640 Cain
1652 1612 1751 1639 adver-

963 1672 1011 1692 sus
1025 1663 1135 1691 fratrem
1149 1663 1274 1694 armavit,
1285 1665 1400 1689 mortem
1411 1669 1472 1695 qua:
1484 1659 1639 1694 sepluplutn
1654 1658 1750 1692 punita

963 1714 1016 1740 est,
1030 1708 1148 1736 induxit.
1162 1707 1267 1734 Invidia
1283 1706 1384 1741 Ioseph
1401 1706 1429 1732 in
1446 1706 1605 1732 servitutem
1620 1703 1749 1734 detrusit,

963 1754 1066 1781 invidia
1079 1774 1086 1785 ,
1103 1753 1181 1785 dico,
1205 1752 1330 1779 mortifer
1348 1751 1487 1780 stimulus,
1512 1757 1607 1776 mucro
1626 1747 1752 1775 recondi-

963 1805 1018 1832 tus,
1039 1803 1142 1826 natura:
1161 1799 1290 1830 morbus,
1306 1797 1368 1824 bilis
1386 1803 1538 1824 venenosa.
1555 1794 1630 1821 tabes
1654 1797 1751 1827 sponte

963 1845 1096 1877 adhibita,
1116 1845 1199 1871 telunt
1228 1851 1361 1875 amarum,
1388 1842 1472 1877 figens
1499 1841 1616 1867 anitnattt
1639 1839 1750 1870 clavus,

963 1891 1073 1918 flamma
1086 1889 1189 1921 cordis,
1205 1889 1398 1916 intestinorum
1413 1887 1494 1922 ignis,
1509 1887 1578 1912 hanc
1594 1885 1640 1919 qtti
1657 1881 1750 1915 habet,

964 1944 1018 1964 non
1031 1936 1090 1963 suis
1104 1935 1192 1966 tnalis,
1206 1934 1253 1961 sed
1268 1934 1365 1961 alienis
1379 1933 1456 1960 bonis
1473 1931 1567 1958 infelix
1578 1934 1633 1963 est;
1645 1933 1672 1956 et
1685 1936 1753 1956 cou-

965 1986 1006 2009 lra
1021 1988 1074 2008 non
1090 1988 1141 2008 suo
1158 1981 1240 2011 bono,
1259 1979 1307 2006 sed
1322 1978 1403 2005 tnalis
1419 1976 1537 2012 proximi
1555 1975 1617 2002 felix
1633 1979 1675 2002 est
1690 1983 1696 2000 :
1715 1973 1753 2000 itt-

964 2029 1044 2055 vidus
1064 2027 1137 2054 enim
1159 2026 1288 2053 felicitate
1310 2025 1426 2052 aliorum
1443 2023 1534 2054 dolet,
1551 2020 1753 2049 calamitatibus

964 2073 1076 2110 gaudet.
1094 2073 1224 2100 Vultures
1244 2071 1317 2098 enim
1331 2070 1377 2106 qui
1394 2069 1573 2097 cadaveribus
1590 2071 1752 2102 pascuntur,

966 2123 1105 2154 unguento
1124 2119 1216 2146 necari
1234 2117 1311 2144 aiunt
1328 2127 1335 2143 :
1354 2116 1460 2143 videtur
1473 2115 1546 2142 enim
1563 2115 1684 2148 ipsorum
1703 2119 1753 2139 na-

966 2171 1027 2193 tura
1039 2165 1072 2192 ad
1085 2165 1223 2200 putridum
1236 2171 1268 2190 ac
1280 2163 1455 2198 purttletttunt
1465 2169 1526 2188 esse
1535 2160 1633 2187 affinis:
1643 2159 1753 2193 quando

966 2219 1031 2239 vero
1047 2211 1110 2238 huic
1127 2210 1222 2236 morbo
1242 2207 1384 2242 subjectus
1406 2209 1448 2233 est
1469 2205 1579 2239 aliquis,
1603 2204 1753 2230 amicorum

966 2256 1119 2284 commodis
1133 2255 1212 2289 quasi
1231 2257 1371 2288 unguento
1383 2251 1515 2278 tabescit:
1530 2254 1556 2276 et
1567 2249 1590 2276 si
1606 2247 1670 2283 quid
1682 2247 1754 2274 cala-

967 2304 1096 2330 ntitosuut
1113 2301 1243 2329 incidisse
1256 2299 1381 2334 proximo
1394 2296 1570 2327 intellexerit,
1584 2295 1657 2321 illico
1671 2294 1756 2320 advo-

934 2350 954 2376 D
969 2350 1016 2380 lat,
1035 2352 1126 2375 rostro
1143 2346 1247 2373 invadit
1269 2344 1417 2374 adunco,si
1439 2350 1492 2377 qua
1510 2342 1610 2373 latent,
1627 2339 1756 2367 distrahit

970 2399 1052 2429 atque
1075 2393 1208 2427 dissipat,
1227 2395 1255 2419 et
1279 2391 1307 2418 in
1327 2390 1446 2417 medium
1466 2387 1595 2422 proponit
1615 2385 1757 2412 omnibus:

970 2441 1070 2468 Multos
1087 2438 1195 2466 invidia!
1217 2437 1329 2464 morbus
1353 2439 1416 2462 ante
1434 2434 1516 2469 Moysi
1538 2437 1663 2467 tempora
1683 2431 1756 2464 deje-

970 2487 1016 2514 cit.
1034 2485 1145 2521 Moysen
1160 2491 1225 2511 vero
1240 2489 1384 2518 aggressus
1396 2501 1403 2512 ,
1419 2485 1548 2514 tanquam
1571 2485 1619 2505 vas
1635 2477 1709 2511 ﬁguli
1729 2476 1756 2502 itt

969 2531 1087 2568 lapidem
1099 2531 1223 2558 collisum
1238 2529 1356 2556 dirutus.
1371 2534 1403 2553 ac
1418 2527 1445 2553 in
1458 2526 1501 2552 via
1513 2524 1649 2552 contritus
1661 2527 1713 2553 est,
1728 2522 1755 2548 in

970 2565 1026 2614 quo
1042 2577 1169 2608 maxime,
1179 2578 1313 2610 quantum
1325 2574 1361 2601 sit
1372 2580 1434 2600 cutn
1451 2571 1506 2598 Deo
1515 2569 1667 2601 ambulare,
1683 2565 1756 2601 quod

972 2625 1078 2660 Moyses
1092 2622 1218 2654 faciebat,
1232 2621 1312 2648 facile
1328 2618 1495 2654 prospicitur
1509 2625 1515 2642 :
1531 2615 1669 2651 quomodo
1683 2614 1756 2641 enim

970 2670 1072 2697 invidia
1092 2668 1129 2695 illi
1145 2667 1243 2694 obesse
1264 2666 1414 2701 potuisset,
1429 2663 1476 2698 qui
1495 2662 1588 2690 divino
1605 2660 1697 2688 studio
1714 2663 1757 2685 ato

968 2723 1024 2750 que
1040 2715 1099 2741 loco
1115 2712 1260 2740 cucurrit?
1275 2711 1321 2746 qui
1339 2710 1365 2736 in
1381 2708 1469 2744 lapide
1489 2708 1576 2739 stetit,
1589 2705 1655 2733 etin
1672 2711 1756 2738 capa-

971 2762 1082 2789 citatem
1106 2759 1192 2791 ipsius
1220 2757 1309 2784 fuerat
1331 2754 1490 2783 immissus?
1513 2753 1559 2788 qui
1585 2751 1668 2778 Deum
1696 2754 1758 2784 post

973 2811 1046 2842 terga
1062 2803 1243 2840 sequebatur?
1257 2801 1304 2837 qui
1320 2809 1375 2828 non
1389 2800 1514 2827 ducentis
1529 2797 1625 2824 faciem
1644 2795 1759 2842 aspicio-

977 2837 1032 2883 bat,
1062 2837 1109 2879 sed
1135 2855 1240 2886 tergum
1269 2847 1400 2876 obediens
1428 2841 1610 2879 respiciebat?
1643 2837 1760 2864 Secutus
