1986 3080
261 138 309 165 ιιι
870 142 899 172 S.
920 144 1031 172 GllEGC

1084 169 1085 173 η
1105 146 1251 174 NYSSENI
1834 151 1889 178 ΗΞ

260 194 344 223 Deum
359 197 412 228 est,
430 194 533 222 idcirco
548 196 653 229 beatus,
669 196 771 224 ideirco
786 198 866 226 altior
879 199 930 227 fuit
941 221 947 233 ,
964 209 1031 236 quat

1099 204 1158 238 σῆς,
1175 205 1188 230 ό
1203 205 1231 230 ὲν
1244 203 1284 239 τῷ
1296 203 1359 238 θείῳ
1375 204 1449 238 τόπῳ
1460 205 1581 240 δραμὼν,
1598 204 1643 232 καὶ
1658 205 1704 232 ἐπὶ
1718 206 1768 241 τῆς
1785 207 1887 243 πέτρας

261 245 291 268 ut
306 241 340 267 ad
357 241 445 275 ipsum
467 241 565 276 sagitta
581 242 690 270 invidia
712 249 804 278 posset
821 247 974 279 pervenire.
992 247 1031 274 Set

1099 248 1194 280 ἑστὼς,
1213 249 1259 275 καὶ
1279 249 1319 284 τῷ
1339 250 1481 284 χωρήματι
1497 250 1598 286 ταύτης
1619 252 1821 287 περιεχόμενος,
1838 255 1886 280 καὶ

259 285 349 312 Aaron
377 285 487 320 quidem
509 290 591 322 atque
612 287 696 315 Maria
719 289 826 317 invidia:
846 292 942 318 morbo
966 300 1031 327 supe

1098 295 1130 328 τῇ
1148 294 1219 328 χειρὶ
1241 294 1287 320 τοῦ
1304 294 1371 320 Θεοῦ
1397 294 1613 330 σκεπαζόμενος,
1639 297 1686 323 καὶ
1709 298 1824 324 κατόπιν
1847 299 1886 332 τῷ

260 331 356 363 rati",
376 332 459 359 veluti
482 340 562 359 arcus
585 333 694 361 invidia:
717 335 828 369 quidam
851 337 929 369 fiunt,
948 341 975 364 et
998 345 1031 372 pri

1098 339 1241 374 ἡγουμένῳ
1257 340 1403 375 ὲπόμενος⁸
1417 340 1431 365 ὁ
1448 340 1484 375 μὴ
1500 341 1677 374 ἀντιόλέπων,
1693 342 1760 369 ἀλλὰ
1776 344 1809 370 τὰ
1824 331 1886 370 67:3;

258 376 371 410 spiculis
383 377 512 404 adversns
525 378 598 405 illum
611 380 691 407 verba
701 380 867 414 jacnlantur.
886 408 891 411 ,

1100 384 1161 410 σθια
1177 384 1291 419 βλέπων.
1312 385 1363 411 Τὸν
1377 383 1423 412 οὖν
1440 386 1482 420 ἐφ’
1497 386 1592 413 ἑαυτὸν
1608 387 1752 421 γενόμενον
1767 397 1883 424 μακαρι-

260 423 329 453 ατὺν,
347 423 377 449 τὸ
393 424 506 451 ἕπεσθαι
529 426 567 460 τῷ
589 426 648 461 Θεῷ
665 428 837 454 ἀποδείκνυσι
851 449 857 460 ,
885 429 932 455 καὶ
948 429 978 456 τὺ
993 431 1107 466 φανῆναι
1123 431 1203 457 αὐτὸν
1229 431 1278 466 τῆς
1291 431 1339 457 τοῦ
1364 431 1440 464 τόξου
1469 432 1547 468 βολῆς
1579 433 1752 468 ὑψηλότερον.
1777 423 1882 469 Πέμπει

259 467 312 502 γὰρ
328 469 374 495 καὶ
389 470 448 495 κατ’
463 471 567 497 ἐκείνου
582 472 612 498 τὺ
629 471 704 507 βέλος
719 474 733 499 ὁ
762 473 875 508 φθόνοςο
908 475 964 502 ἀλλ’
992 475 1022 502 οὗ
1054 476 1222 503 καθικνεῖται
1248 478 1265 512 ἡ
1295 477 1359 513 βολὴ
1385 477 1432 504 τοῦ
1462 477 1564 512 ὕψους,
1591 479 1621 504 ὲν
1642 475 1664 512 ᾦ
1690 467 1725 514 ἦν
1750 467 1880 519 Μωῦ-σῆς.

265 514 393 549 Ἠτόνησε
409 516 492 552 γὰρὴ
508 517 590 552 νευρὰ
603 520 652 553 τῆς
668 520 798 555 πονηρίας
822 521 948 548 τοσοῦτον
975 522 1153 555 ἀποτοξεῦσαι
1174 523 1204 549 τὸ
1226 523 1326 554 πάθος.
1353 524 1392 555 ὡς
1418 524 1472 550 ἀπὸ
1495 524 1549 550 τῶν
1576 525 1813 559 προνενοσηκότων
1843 514 1883 558 εἰς

257 559 338 586 αὐτὸν
355 560 489 596 διαϐῆναι.
513 563 582 589 Ἀλλ’
597 565 611 589 ό
625 564 675 598 μὲν
690 564 793 600 ’Δαρὼν
806 567 882 602 καὶὴ
899 567 994 602 Μαρία
1009 567 1048 603 τῷ
1065 568 1144 595 πάθει
1162 569 1211 602 τῆς
1232 568 1382 603 βασκανίας
1406 568 1581 604 ἐτρώθησαν,
1608 571 1655 596 καὶ
1683 568 1738 597 οἷόν
1761 579 1787 597 τι
1803 571 1882 604 τόξον

255 604 302 630 τοῦ
322 605 418 638 φθόνου
434 606 562 640 γίνονται,
578 609 639 634 ἀντὶ
654 609 747 644 βέλους
767 611 811 637 τὸν
832 613 891 638 κατ’
905 612 986 639 αὑτοῦ
1002 611 1081 647 λόγον
1095 613 1337 646 ἀποτοξεύσαντες.

291 651 325 678 At
340 651 446 687 Moyses
463 658 568 681 tantum
585 655 678 682 aberat
695 658 729 684 ab
752 658 908 692 hujusntodi
932 660 1041 695 aegritu-

255 697 328 730 dine,
345 703 374 725 ut
389 707 451 727 eum
466 708 554 736 neque
574 707 672 737 captus
688 712 777 738 neque
796 706 876 733 laesus
890 706 925 732 ab
937 714 969 733 ea
989 707 1038 739 sit,

255 751 309 770 non
338 745 426 772 solum
451 747 554 774 nullam
580 748 639 782 ipse
657 749 690 776 de
713 750 901 778 invidentibus
930 758 1038 786 pmnam

255 790 372 824 sumpsit
385 811 393 822 .
412 799 504 818 verum
525 793 606 820 etiam
625 793 708 821 Deum
733 796 862 830 precibus
877 797 1038 832 placabilem

254 835 321 870 ipsis
342 836 472 865 reddidit.
489 837 588 865 Doeuit
604 847 670 874 ergo
693 848 743 868 nos
764 849 813 876 per
835 849 866 869 ea
881 850 942 877 qua:
958 842 1038 875 fecit.

254 881 337 909 nullis
351 883 466 910 telorum
484 883 584 912 ictibus
599 893 660 912 eum
677 887 762 921 tangi,
777 887 823 922 qui
839 887 950 916 virtutis
961 892 1039 916 scuto

255 927 375 962 seipsum
397 932 512 957 tutatur.
535 929 668 958 Retundit
689 933 760 959 enitn
778 940 810 960 ac
826 935 934 962 hebetat
957 935 1039 969 hujus

254 974 325 1000 scuti
350 973 426 1001 firma
444 975 570 1004 soliditas
593 977 677 1004 aciem
701 980 843 1014 cuspidis.
867 981 922 1007 imo
944 981 1038 1016 procul

254 1023 340 1045 totum
358 1019 447 1053 rejicit
471 1021 564 1048 telum.
582 1022 629 1056 Est
653 1027 743 1050 autem
759 1029 823 1059 apta
845 1025 878 1052 ad
901 1026 1037 1060 ejusmodi

253 1063 408 1097 repellenda
431 1065 483 1092 tela
495 1073 635 1094 armatura
652 1067 724 1096 Deus
737 1068 807 1103 ipse,
823 1078 905 1105 quam
927 1071 1037 1098 virtutis

252 1108 330 1135 miles
343 1108 439 1136 induit.
451 1118 461 1136 ι
478 1109 583 1138 lnduite
593 1119 711 1146 namque
729 1121 787 1145 vos,
797 1123 806 1139 ι
816 1114 914 1149 inquit,
929 1125 938 1140 ι
947 1116 1037 1142 Domi-

251 1161 316 1180 num
329 1153 422 1182 Jesum
438 1155 472 1182 ".
491 1165 500 1181 ι
522 1156 578 1183 Hac
593 1157 760 1193 infrangibili
773 1165 913 1188 armatura
931 1161 1037 1197 Moyses

250 1204 390 1233 armatus,
409 1201 520 1237 maligni
540 1203 676 1237 sagittarii
701 1212 797 1232 arcum
822 1206 888 1233 fecit
913 1207 1034 1234 inanem.

249 1241 316 1271 Nam
332 1253 382 1273 nec
399 1246 493 1274 dolore
507 1248 610 1282 aliquo,
623 1253 669 1276 aut
683 1252 889 1284 perturbatione
903 1253 1036 1281 adversus

250 1289 396 1324 injuriatos
422 1297 574 1330 commotus
601 1299 661 1327 est,
693 1300 870 1330 posteaquam
899 1298 1035 1327 divinitus

249 1335 444 1364 condemnatos
467 1337 550 1370 vidit;
567 1347 629 1366 nam
651 1348 680 1367 se
702 1341 757 1368 illis
778 1343 956 1377 conjunctum
980 1353 1035 1372 non

249 1380 394 1414 ignoravit,
413 1382 462 1409 sed
479 1383 533 1410 Deo
551 1392 600 1419 pro
616 1385 752 1414 fratribus
765 1388 942 1422 supplicavit,
961 1390 1036 1424 quod

249 1432 304 1452 non
322 1425 432 1454 fecisset
449 1428 502 1454 nisi
517 1428 599 1456 Deum
613 1437 788 1466 sequeretur,
804 1433 850 1468 qui
868 1434 920 1461 sibi
934 1443 1035 1469 praece-

1136 659 1167 687 '0
1181 660 1208 687 δὲ
1226 660 1352 687 τοσοῦτον
1366 661 1483 696 ἀπέσχεν
1500 661 1528 688 ἐν
1545 662 1670 697 κοινωνίᾳ
1691 662 1818 696 γενέσθαι
1832 662 1881 689 τοῦ

1094 706 1309 741 ἀρῥωστήματος
1319 725 1326 738 ,
1348 707 1390 733 ὅτι
1405 707 1452 733 καὶ
1465 706 1612 742 θεραπεύει
1629 708 1682 733 τῶν
1698 708 1881 743 νενοσηκότων

1093 751 1123 778 τὸ
1139 751 1233 783 πάθος,
1254 752 1285 778 οὐ·
1299 753 1378 787 μόνον
1390 752 1471 783 αὐτὸς
1493 753 1562 787 πρὸς
1577 752 1627 788 τὴν
1642 752 1745 787 ἄμυναν
1762 753 1816 778 τῶν
1836 752 1880 779 λε-

1093 795 1253 831 λυπηκότων
1278 797 1365 831 μένων
1390 797 1536 831 ἀκίνητος,
1560 797 1627 824 ἁλλὰ
1653 798 1699 824 καὶ
1718 797 1783 824 Θεὸν
1808 798 1880 832 ὑπὲρ

1089 842 1178 868 αὐτῶν
1200 842 1362 877 ίλεούμενος,
1380 843 1486 874 δεικνὺς
1497 864 1504 876 ,
1522 841 1597 878 οἶμαι
1608 863 1615 876 ,
1637 844 1671 869 δι’
1687 840 1724 869 ὦν
1741 843 1878 877 εποίησεν,

1089 887 1129 913 ὅτι
1145 888 1159 913 ὁ
1176 888 1264 919 καλῶς
1282 887 1320 923 τῷ
1333 888 1421 923 θυρεῷ
1433 887 1482 923 τῆς
1494 889 1594 924 ἀρετῆς
1611 888 1879 923 περιπεφραγμένας,

1089 932 1148 963 ταῖς
1162 932 1237 958 ἀκίσι
1249 933 1303 958 τῶν
1319 933 1402 967 βελῶν
1415 934 1465 959 οὐκ
1478 933 1640 968 ἀμύσσεται.
1667 933 1810 968 Ἀμῧλύνει
1822 933 1877 968 γὰρ

1087 978 1137 1012 τὴν
1154 979 1271 1012 αἰχμὴν,
1298 979 1344 1004 καὶ
1366 979 1406 1010 είς
1429 978 1458 1005 τὸ
1482 979 1597 1013 ἔμπαλιν
1613 979 1779 1014 ἀποστρέφει
1796 979 1812 1013 ἠ
1829 978 1876 1004 τοῦ

1088 1023 1170 1049 ὅπλου
1195 1024 1351 1059 στερῤότης.
1377 1024 1477 1051 Ὀπλον
1504 1024 1526 1050 δ’
1553 1024 1586 1051 ἂν
1605 1025 1648 1059 εἴη
1672 1024 1727 1051 τῶν
1749 1024 1876 1050 τοιούτων

1089 1068 1173 1103 βελῶν
1187 1069 1380 1104 φυλακτήριον,
1395 1070 1474 1101 αὐτὸς
1491 1070 1504 1095 ὁ
1517 1069 1592 1101 Θεὸς,
1615 1070 1645 1096 ὃν
1659 1070 1778 1096 ἐνδύεται
1798 1071 1811 1096 ό
1827 1069 1877 1104 τῆς

1087 1115 1188 1150 ἀρετῆς
1201 1115 1322 1151 ὁπλίτης.
1338 1125 1347 1141 ι
1366 1115 1525 1143 Ἐνδύσασθε
1539 1126 1548 1142 ι
1565 1117 1631 1151 γὰρ,
1645 1116 1722 1151 φησὶ,
1738 1125 1747 1141 ι
1760 1115 1805 1142 τὸν
1820 1116 1876 1142 KQ-

1090 1166 1145 1192 ptov
1167 1159 1279 1194 Ἰησοῦν.
1296 1170 1305 1186 ι
1331 1160 1415 1187 Τοῦτό
1430 1161 1503 1187 ἐστιν
1518 1162 1535 1196 ἡ
1547 1162 1671 1196 ἀρραγὴς
1684 1161 1843 1196 παντευχία,

1086 1212 1139 1230 τινι
1154 1205 1346 1240 πεφραγμένος
1362 1206 1375 1231 ὀ
1397 1206 1526 1241 Μωῦσῆς,
1542 1207 1681 1241 ἄπρακτον
1697 1207 1742 1233 τὸν
1757 1207 1875 1242 πονηρὸν

1086 1249 1197 1284 τοξότην
1211 1251 1348 1285 ἐποίησεν.
1377 1251 1455 1278 Οὕτω
1478 1253 1531 1288 γὰρ
1551 1253 1679 1279 ἐνέπεσεν
1701 1252 1775 1288 αὐτῷ
1789 1253 1873 1288 sap-

1087 1294 1212 1330 ϐλυντικὴ
1229 1296 1298 1322 κατὰ
1311 1297 1364 1322 τῶν
1379 1297 1569 1331 λελυπηκότων
1583 1299 1654 1333 ὁρμή
1669 1306 1676 1313 '
1701 1297 1762 1324 οὔτε
1788 1307 1873 1324 κατα-

1085 1340 1266 1367 δικασθέντων
1281 1342 1370 1368 αύτῶν
1384 1343 1459 1377 παρὰ
1472 1343 1521 1378 τῆς
1538 1343 1685 1369 ἀδεκάστου
1702 1343 1826 1378 κρίσεως,
1843 1343 1874 1369 τὸ

1085 1386 1153 1421 πρὸς
1168 1386 1216 1421 τὴν
1232 1387 1311 1420 φύσιν
1321 1388 1436 1423 ἠγνόησε
1455 1388 1568 1420 δίκαιον,
1586 1388 1643 1414 ἀλλ’
1660 1389 1752 1424 ἱκέτης
1766 1389 1873 1422 ἐγένετο

1084 1431 1131 1458 τοῦ
1145 1432 1211 1458 Θεοῦ
1223 1433 1293 1468 ὑπὲρ
1307 1433 1361 1459 τῶν
1376 1433 1505 1468 ἀδελφῶν.
1524 1434 1611 1469 Ὅπερ
1626 1434 1675 1460 οὐκ
1689 1434 1721 1460 ἂν
1733 1435 1870 1470 ἐποίησεν,

248 1469 316 1498 dens
342 1475 427 1498 tutam
449 1475 574 1507 sequenti
597 1476 668 1502 viam
688 1477 904 1507 detnonstrabat.
933 1480 1031 1508 Verutu

1087 1479 1111 1505 εί
1128 1479 1164 1514 μὴ
1188 1479 1301 1506 κατόπιν
1323 1479 1368 1506 τοῦ
1395 1479 1462 1506 Θεοῦ
1487 1478 1532 1516 ἦν,
1549 1481 1596 1507 τοῦ
1614 1481 1648 1507 τὰ
1669 1481 1781 1507 ὄπισθεν
1797 1482 1872 1517 αὐτῷ

249 1515 376 1544 humanae
399 1523 503 1546 natura:
520 1520 608 1548 hostis
625 1530 640 1549 a
658 1522 748 1558 Moyse
770 1525 916 1559 repulsus,
934 1534 1032 1555 manus

247 1559 282 1586 ad
297 1560 447 1589 imbecilles
458 1565 609 1597 transxulit,
623 1566 723 1594 bellum
738 1573 764 1594 et
776 1570 952 1597 voracitatem
966 1579 1033 1598 ven-

248 1605 297 1632 tris
310 1608 388 1640 quasi
401 1609 483 1636 telum
497 1611 635 1644 quoddam
652 1613 768 1641 immisit
783 1615 894 1649 populo,
911 1624 1032 1652 eumque

248 1651 438 1687 zEgyptiarum
455 1655 596 1689 epularum
611 1658 740 1686 aviditate
752 1660 886 1693 incendit,
898 1651 1029 1697 atquerad

247 1697 432 1732 praeferendas
448 1700 509 1727 cibo
522 1701 560 1728 illi
575 1703 680 1731 caelesti
697 1704 806 1740 Egypti
818 1713 917 1734 carnes
932 1709 1032 1736 incita-

246 1743 295 1770 vit.
323 1743 407 1779 Moysi
428 1750 518 1773 autem
541 1755 625 1782 supra
645 1757 753 1776 omnem
775 1752 959 1780 tnrbationem
973 1754 1030 1788 jam

245 1790 396 1817 constituto
422 1799 526 1827 magna:
545 1792 634 1820 fuerat
659 1802 734 1823 cura:
760 1797 852 1824 futura
869 1799 1030 1834 hereditas,

245 1843 307 1870 quae
323 1837 490 1871 repromissa
506 1842 549 1866 est
571 1838 720 1875 Egyptum
740 1841 921 1877 fugientibus,
947 1853 979 1872 ac
997 1847 1030 1873 ad

245 1888 305 1908 eam
319 1882 557 1916 proficiscentibus
574 1890 684 1917 terram,
700 1888 772 1915 unde
789 1889 830 1915 lac
845 1894 872 1916 et
887 1891 938 1920 mel
955 1899 1031 1918 com-

245 1929 326 1955 mista
340 1929 422 1956 simul
436 1932 601 1959 scaturiunt.
616 1931 672 1959 llac
691 1933 725 1961 de
742 1941 824 1962 causa
843 1937 1030 1971 exploratores

245 1973 344 2000 missos
362 1973 396 2001 de
416 1975 496 2002 bonis
515 1976 590 2004 illius
611 1978 732 2012 regionis
752 1979 903 2016 interrogat
918 1992 924 2008 :
939 1983 965 2009 hi
981 1991 1030 2010 au-

244 2021 298 2044 tem
315 2022 379 2045 sunt
394 2019 440 2046 alii
456 2020 519 2047 boni
530 2041 538 2053 ,
557 2022 602 2048 alii
625 2023 689 2050 mali
707 2031 713 2048 ι
735 2028 762 2051 et
777 2025 842 2052 boni
857 2027 983 2061 quidem,
1001 2034 1030 2055 ut

243 2072 293 2099 ego
313 2065 412 2096 s‘entio,
428 2071 492 2093 sunt
512 2071 593 2094 recta:
612 2069 795 2103 cogitationes
811 2071 845 2098 de
863 2074 1029 2107 repromissa

245 2110 324 2137 nobis
352 2111 530 2144 beatitudine,
553 2113 654 2141 Christi
678 2114 730 2142 fide
746 2117 941 2145 corroborans.
965 2119 1027 2146 Mali

1083 1524 1152 1559 πρὸς
1173 1525 1222 1560 τὴν
1236 1525 1343 1560 ἀσφαλῆ
1365 1527 1414 1561 τῆς
1431 1527 1532 1561 ἀρετῆς
1548 1526 1657 1561 ὀδηγίαν
1671 1526 1870 1562 προδείξαντος.

1083 1569 1138 1595 Καὶ
1160 1569 1193 1595 τὰ
1216 1569 1282 1596 ἄλλα
1305 1570 1332 1596 δὲ
1356 1570 1455 1606 ἐφεξῆς
1476 1572 1597 1598 τοιαῦτα.
1622 1572 1729 1607 Ἐπειδὴ
1746 1572 1799 1608 γὰρ
1820 1573 1871 1599 οὐκ

1082 1613 1144 1648 ἔσχε
1161 1615 1220 1641 κατ’
1235 1615 1316 1641 αὐτοῦ
1341 1615 1432 1651 χώραν
1452 1618 1491 1648 είς
1519 1618 1620 1653 βλάὸην
1639 1619 1653 1645 ό
1667 1620 1700 1653 τῇ
1716 1619 1794 1652 φύσει
1816 1619 1870 1645 τῶν

1083 1659 1233 1694 ἀνθρώπων
1247 1660 1388 1695 πολέμιος,
1407 1661 1501 1697 τρέπει
1512 1663 1582 1689 κατὰ
1595 1663 1648 1690 τῶν
1663 1664 1870 1699 εὐαλωτοτέρων

1081 1705 1127 1730 τὸν
1143 1705 1268 1740 πόλεμον.
1285 1707 1339 1734 Καὶ
1359 1707 1484 1743 καθάπερ
1502 1717 1528 1734 τι
1550 1708 1625 1743 βέλος
1643 1710 1673 1736 τὸ
1687 1710 1736 1745 τῆς
1754 1718 1870 1746 γαστρι-

1083 1751 1200 1786 μαργίας
1215 1751 1299 1783 πάθος
1314 1753 1430 1787 ἐπαφεὶς
1449 1754 1488 1789 τῷ
1503 1754 1569 1789 λαῷ,
1592 1757 1783 1789 Δίγυπτιάζειν
1798 1757 1870 1784 κατά

1081 1798 1130 1833 τὴν
1153 1797 1242 1833 ὄρεξιν
1265 1798 1363 1830 αὐτοὺς
1385 1800 1595 1835 *ιιαρειικεύιιιιιιει
1616 1802 1791 1837 προτιθέντας
1817 1804 1870 1838 τῆς

1081 1844 1209 1880 οὐρανίας
1231 1844 1337 1879 ἐκείνης
1361 1845 1462 1881 τροφῆς
1484 1846 1532 1882 τὴν
1550 1847 1615 1882 παρ’
1627 1849 1784 1881 Αἰγυπτίοις
1801 1858 1868 1885 σαρ-

1081 1890 1217 1925 κοόορίαν.
1239 1890 1266 1916 Ὁ
1278 1890 1306 1916 δὲ
1323 1890 1422 1926 ὑψηλὸς
1434 1893 1482 1926 τὴν
1495 1892 1593 1928 ψυχὴν,
1609 1893 1665 1920 ἄνω
1683 1894 1729 1920 τοῦ
1747 1895 1866 1922 τοιούτου

1081 1935 1184 1968 πάθους
1198 1937 1429 1972 ὑπερπετόμενος,
1447 1938 1507 1970 ὃλος
1522 1937 1556 1973 ἢν
1571 1939 1622 1974 τῆς
1638 1940 1786 1976 μελλούσης
1801 1941 1867 1976 κλη-

1081 1980 1207 2014 ρονομίας
1221 1981 1269 2015 τῆς
1286 1981 1494 2017 ἐπηγγελμένης
1511 1984 1586 2018 παρὰ
1602 1983 1649 2010 τοῦ
1665 1984 1733 2011 Θεοῦ
1746 1986 1800 2017 τοῖς
1817 1995 1867 2021 με·

1081 2025 1250 2060 θισταμένοις
1263 2027 1295 2053 ἐκ
1309 2027 1358 2061 τῆς
1376 2027 1516 2062 νοηθείσης
1531 2029 1678 2062 Αἰγύπτου,
1696 2031 1742 2056 καὶ
1754 2031 1800 2057 ἐπὶ
1816 2031 1866 2066 τὴν

1079 2071 1131 2106 γῆν
1146 2072 1252 2106 ἐκείνην
1267 2071 1463 2107 ὁδοιποροῦσιν,
1487 2075 1516 2100 ὲν
1576 2074 1652 2110 βρύει
1665 2075 1696 2101 τὸ
1710 2075 1780 2109 γάλα
1802 2085 1864 2103 συν-

1079 2118 1301 2152 αναμεμιγμένον
1321 2118 1359 2153 τῷ
1384 2119 1480 2154 μέλιτι.
1508 2120 1607 2147 Τούτου
1631 2121 1709 2157 χάριν
1731 2123 1866 2149 κατασκό-

244 2162 320 2187 vero,
341 2155 486 2183 incredulae
510 2159 721 2188 resurrectionis
746 2164 828 2195 atque
849 2162 1025 2193 beatitudinis

1084 2172 1147 2194 πους
1158 2164 1232 2194 τινὰς
1241 2153 1415 2197 διδασκάλους
1428 2166 1544 2193 ἐποιεῖτο
1556 2166 1610 2192 τῶν
1662 2153 1752 2203 έκείνῃ
1763 2168 1864 2196 καλῶν.

245 2205 365 2233 mentes,
382 2210 442 2237 qua:
463 2203 543 2231 ﬁdem
558 2204 592 2232 de
608 2207 782 2240 repromissis
800 2207 923 2236 humano
934 2212 1028 2244 generi

244 2247 323 2274 bonis
345 2248 491 2276 retundere
506 2257 538 2277 ac
556 2250 696 2278 infirmare
711 2257 846 2280 conantur
860 2263 867 2281 :
883 2262 952 2289 quos
971 2264 1030 2283 om-

244 2299 292 2319 nes
311 2291 418 2329 Moyses
433 2295 599 2327 reprobavit,
614 2296 709 2330 eisque
724 2297 813 2325 solutn
834 2300 963 2333 credidit.
981 2302 1029 2336 qui

243 2337 358 2365 meliora
385 2338 419 2365 de
442 2340 553 2374 regione
577 2341 621 2368 illa
647 2342 810 2370 referebant.
833 2343 915 2373 Jesus
936 2351 1027 2375 autem

243 2382 338 2408 horum
363 2383 483 2410 omnium
509 2386 636 2420 princeps
657 2391 734 2419 erat,
759 2388 793 2415 ad
812 2396 892 2423 quem
919 2391 1026 2426 Moysu-s

243 2426 397 2462 respiciens
415 2428 519 2456 iirtnam
536 2430 653 2458 habebat
674 2440 749 2467 spem
764 2433 797 2461 de
819 2434 931 2468 futuris,
950 2445 1026 2465 race-

242 2472 294 2499 mis
313 2473 493 2502 confirmatus
512 2483 518 2500 :
541 2477 680 2511 specimen
701 2483 789 2506 autem
807 2480 965 2509 deliciarum
981 2491 1025 2510 re—

241 2517 331 2553 gionis
349 2518 422 2546 illius
442 2527 578 2547 racemum
594 2523 733 2556 ostendit,
749 2532 828 2559 quem
850 2526 877 2553 in
903 2529 1025 2556 vectibus

240 2563 380 2590 attulerat.
396 2563 490 2593 Iesum
503 2574 568 2594 vero
581 2569 695 2597 audiens
711 2571 784 2599 illius
801 2575 881 2600 terrm
893 2573 1024 2602 indicium

241 2610 411 2643 facientem,
430 2616 457 2638 et
474 2620 614 2640 racemum
631 2623 663 2642 ex
686 2616 760 2652 ligno
775 2618 952 2652 pendentem,
971 2628 1024 2648 non

240 2655 381 2700 dubitabis
394 2657 462 2690 quin
479 2658 516 2685 sit
535 2658 602 2686 illud
613 2660 646 2687 ad
662 2661 795 2695 quod’ille
814 2670 923 2698 quoque
936 2665 1024 2700 respi-

239 2701 315 2728 ciens
330 2692 502 2730 in‘dubitabill
517 2711 566 2739 spe
576 2706 781 2734 consolabatur.
801 2708 936 2737 [tacemus
950 2711 1022 2738 enim

238 2755 271 2774 ex
288 2748 360 2783 ligno
377 2749 534 2784 dependens
550 2752 613 2786 quis
629 2753 700 2779 alius
715 2753 766 2780 erit
777 2775 783 2785 ,
797 2762 878 2788 quam
896 2756 918 2782 is
931 2757 975 2791 qui
994 2757 1019 2784 in

274 2836 384 2865 "Nam.
400 2847 448 2872 ιιι,
471 2840 479 2867 l
498 2848 574 2875 seqq.
608 2842 628 2857 ⁷⁷
647 2842 724 2870 Rom.
741 2852 798 2876 xm,
818 2845 856 2870 li.

1078 2206 1158 2235 Οὗτοι
1173 2210 1194 2236 δ’
1208 2209 1240 2236 ἂν
1262 2208 1327 2242 εἷεν,
1351 2212 1422 2238 κατὰ
1441 2220 1473 2245 γιε
1487 2211 1535 2246 τὴν
1556 2212 1624 2247 ἐμὴν
1637 2213 1758 2248 γνώμην,
1774 2215 1800 2241 οι
1815 2214 1865 2249 μὲν

1077 2253 1126 2285 τὰς
1139 2254 1243 2288 ἀγαθὰς
1259 2254 1368 2286 ἐλπίδας
1384 2256 1583 2291 προτείναντες,
1598 2258 1622 2283 οἱ
1634 2257 1677 2284 διὰ
1689 2258 1738 2293 τῆς
1748 2259 1865 2290 πίστεως

1078 2300 1247 2335 ὲγγινόμενοι
1266 2301 1400 2336 λογισμοὶ,
1421 2301 1593 2337 βεϐαιοῦντες
1608 2303 1662 2330 τῶν
1676 2304 1864 2339 ἀποκειμένων

1077 2345 1188 2379 ἀγαθῶν
1205 2346 1254 2381 τὴν
1269 2347 1363 2373 ἐλπίδα
1374 2355 1381 2362 ο
1398 2349 1421 2373 οἱ
1440 2348 1468 2374 δὲ
1482 2348 1637 2382 ἀπόγνωσιν
1651 2349 1705 2376 τῶν
1718 2351 1865 2385 χρηστοτέ-

1081 2398 1135 2425 ρων
1145 2391 1283 2423 ποιοῦντες
1296 2392 1420 2424 ἐλπίδων,
1434 2391 1488 2419 εἷεν
1499 2393 1531 2420 ἂν
1545 2395 1570 2420 οἱ
1585 2395 1658 2430 παρὰ
1666 2395 1713 2422 τοῦ
1743 2396 1863 2422 ἐναντίου

1079 2437 1212 2472 λογισμοὶ,
1235 2439 1258 2464 οί
1280 2438 1328 2474 τὴν
1350 2439 1440 2466 πίστιν
1456 2439 1509 2466 τῶν
1530 2441 1739 2476 ἐπηγγελμένων
1761 2441 1865 2476 ἀμϐλύ-

1079 2491 1180 2515 νοντες.
1195 2484 1264 2510 Ἀλλ’
1275 2484 1369 2511 οὐδένα
1385 2485 1439 2512 τῶν
1453 2486 1582 2512 ἐναντίων
1595 2487 1675 2521 λόγον
1689 2487 1861 2522 ποιούμενος.

1078 2529 1174 2555 πιστὸν
1185 2530 1289 2564 ἡγεῖται
1308 2530 1353 2556 τὸν
1365 2530 1399 2557 τὰ
1417 2531 1532 2566 κρείττω
1550 2532 1612 2567 περὶ
1626 2532 1673 2567 τῆς
1692 2532 1744 2566 γῆς
1758 2533 1862 2567 ἐκείνης

1076 2575 1320 2610 ἐπαγγελλόμενον.
1343 2576 1445 2610 Ἰησοῦς
1463 2577 1490 2603 δὲ
1504 2575 1537 2612 ἦν
1552 2578 1566 2604 ὁ
1578 2578 1627 2612 τῆς
1644 2578 1797 2613 κρείττονος
1814 2587 1862 2604 κα-

1075 2621 1215 2655 τασκοπῆς
1228 2621 1441 2657 καθηγούμενος,
1455 2624 1468 2649 ὁ
1482 2625 1514 2658 τῇ
1528 2624 1592 2658 παρ’
1604 2624 1701 2650 ἑαυτοῦ
1717 2623 1862 2658 βεϐαιώσει

1075 2666 1105 2692 τὸ
1121 2667 1214 2693 πιστὸν
1227 2668 1282 2699 τοῖς
1295 2668 1508 2703 ὲπηγγελμένοις
1524 2669 1660 2704 παρέχων.
1676 2670 1747 2704 Πρὸς
1761 2670 1791 2696 ὃν
1802 2669 1860 2704 βλέ-

1077 2719 1135 2736 πων
1157 2711 1171 2736 ὁ
1193 2711 1328 2746 Μωῦσῆς,
1353 2712 1462 2746 βεϐαίας
1485 2711 1540 2748 εἷχε
1559 2714 1608 2745 τὰς
1631 2714 1700 2749 ὑπὲρ
1721 2713 1775 2739 τῶν
1799 2713 1857 2747 με).-

1076 2756 1174 2782 λόντων
1188 2756 1306 2789 ἐλπίδας,
1320 2757 1417 2793 δεῖγμα
1438 2761 1489 2795 τῆς
1509 2759 1566 2786 ἐκεῖ
1578 2759 1681 2795 τρυφῆς
1702 2759 1746 2785 τὸν
1764 2759 1860 2795 βότρυν
