1986 3080
95 138 152 165 413

766 147 811 176 DE
831 149 911 178 VITA
933 150 1005 178 MOY
1011 151 1063 180 SlS

1360 90 1376 101 κ

1680 157 1732 185 ιιι

96 197 270 232 ποιούμενος,
293 198 338 225 τὸν
357 200 401 226 ἐπ’
423 201 580 238 ἀναφορέων
599 205 664 241 παρ’
682 207 764 234 αὑτοῦ
780 210 889 244 κομιζό-

947 212 1103 240 novissimis
1129 211 1228 242 diebus
1255 221 1286 241 ex
1315 214 1390 250 ligno
1423 216 1552 251 pependit
1583 223 1730 245 racemus.

98 251 190 277 μενον.
207 244 311 278 Ἰησοῦν
326 245 354 271 δὲ
371 247 480 279 πάντως
493 249 600 277 ἀκούων
616 252 678 287 περὶ
691 254 740 288 τῆς
754 254 806 288 γῆς
821 255 889 281 ὲκεί-

97 297 147 324 νης
173 290 320 325 μηνύοντα,
341 292 388 318 καὶ
412 292 511 330 βότρυν
534 295 621 328 ξύλων
644 298 888 335 ἀπαιωρούμενον·

96 335 168 379 νοεῖς
185 336 253 370 πρὸς
266 337 280 363 ὃ
295 345 320 363 τι
335 338 459 370 κάκεῖνος
474 339 589 374 βλέπων,
609 342 733 379 ἀσφαλὴς
749 346 808 376 ταῖς
819 345 891 372 ἐλπί-

97 389 142 407 σιν
155 378 189 416 ἧν
201 389 208 396 ”
227 381 325 417 βότρυς
337 383 391 419 γὰρ
406 385 453 410 ἐπὶ
461 385 538 418 ξύλου
554 378 736 423 κρεμάμενος,
751 390 793 422 τίς
807 391 889 423 ἄλλος

96 425 158 452 ἐστὶ
170 427 245 461 παρὰ
259 427 304 454 τὸν
314 428 358 454 ἐπ’
369 429 491 464 ἐσχάτων
504 432 558 458 τῶν
569 433 680 468 ἡμερῶν
694 435 740 460 ἐπὶ
751 435 798 461 τοῦ
811 435 889 468 ξύλου

96 472 290 506 κρεμασθέντα
307 474 416 509 βότρυν,
429 472 460 502 οὗ
477 476 508 503 τὸ
523 475 593 513 αἷμα
611 479 694 514 ποτὸν
707 482 764 512 τοῖς
780 482 891 508 πιστεό-

942 258 1022 292 cujus
1055 259 1168 294 sanguis
1194 263 1277 294 potus
1306 261 1342 288 sit
1369 262 1544 290 credentibus
1577 262 1732 290 salutaris?

941 303 1033 339 Moyse
1048 304 1075 331 id
1089 305 1261 340 anigmatice
1283 306 1363 334 nobis
1383 307 1567 341 praedicente:
1585 317 1594 333 ε
1612 307 1732 343 Sangui-

942 356 1003 376 nem
1024 350 1108 382 enim,
1133 359 1141 375 l
1164 350 1267 385 inquit,
1289 361 1298 378 ι
1319 359 1379 379 uvae
1393 353 1522 380 bibebant
1536 352 1643 380 vinum:
1659 361 1731 388 iqua

942 403 974 422 ex
989 403 1018 422 re
1030 396 1160 424 salutaris
1174 397 1277 424 Christi
1291 398 1384 433 passio
1402 398 1613 433 przenuntiatur.
1630 397 1732 425 Verum

946 441 998 466 iter
1013 449 1111 469 rursus
1133 450 1180 477 per
1193 442 1302 470 deserta
1319 444 1348 470 lit
1360 463 1368 474 ,
1384 447 1411 470 et
1431 444 1537 471 laborat
1554 443 1600 470 siti
1615 443 1734 478 populus

943 486 991 520 qui
1006 488 1230 522 repromissionis
1243 489 1314 516 bona
1328 488 1494 524 desperavit.

95 525 158 544 ουσι
176 517 452 568 γίνεται-σωτῇριοη
477 521 563 550 Τοῦτο
577 523 623 550 τοῦ
639 525 779 558 Μωῡσέως
798 517 974 562 προειπόντος
999 517 1064 566 ἡμὶν
1095 531 1129 558 δι’
1149 532 1320 568 αἰνίγματος,
1349 517 1390 559 ετὶ
1406 542 1415 558 ι
1427 529 1502 568 Λῖμα
1517 532 1653 567 σταφυλῆς
1675 532 1729 558 ἔπι·

165 562 270 613 οίνονΑη
288 565 321 592 δι’
339 563 373 613 εὖ
394 566 424 593 τὸ
450 568 582 604 σωτήριον
600 570 685 602 πάθος
700 572 914 607 καταμηνύεται.
941 562 1025 603 Πάλιν
1054 577 1098 604 διὰ
1122 577 1171 612 τῆς
1198 562 1395 613 ἐρήμουηὸδὸς,
1416 562 1470 604 καὶ.
1485 562 1682 604 καταπονείται
1695 576 1735 612 τῷ

95 608 167 645 δίψει
179 611 193 637 ὁ
208 610 262 637 τῶν
276 612 387 645 ἀγαθῶν
402 614 450 649 τῆς
463 616 628 650 ἐπαγγελίας
643 617 795 651 ἀπελπίσας
810 619 886 651 λαός.

141 655 170 681 '0
180 655 207 682 δὲ
217 655 336 692 Μωῦσῆς
355 658 434 685 πάλιν
445 659 534 692 αὐτοῖς
545 662 708 694 κατακλύζει
725 663 769 690 διὰ
785 664 834 698 τῆς
845 664 893 691 πέ-

96 709 165 736 τρας
176 701 225 736 τὴν
240 701 352 737 ἔρημον.
371 703 399 730 '0
410 704 437 730 δὲ
450 705 568 738 τοιοῦτος
583 706 670 741 λόγος,
685 708 763 735 τοῦτο
775 709 808 736 ἂν
819 710 892 745 ἡμᾶς

95 745 142 772 διὰ
160 746 210 780 τῆς
236 747 334 782 νοητῆς
353 747 470 783 θεωρίας
494 749 636 782 διδάξειεν,
651 749 706 778 οἶόν
725 753 825 779 ἔστιτὸ
842 754 892 788 τῆς

98 790 242 825 μετανοίας
257 793 414 828 μυστήριον.
427 794 458 820 Οἱ
471 795 524 830 γὰρ
536 796 603 831 πρὸς
612 797 733 833 γαστέρα
745 799 792 824 καὶ
804 799 892 834 σάρκα

97 837 146 863 καὶ
162 837 211 869 τὰς
227 838 378 872 Αἰγυπτίας
397 840 501 874 ἡδονὰς,
519 842 587 876 μετὰ
612 843 642 869 τὸ
659 844 730 877 ἅπαξ
741 844 890 878 γεύσασθαι

96 882 148 918 τῆς
165 883 278 919 πέτρας,
297 886 531 920 παρατραπέντες,
549 888 587 923 τῷ
603 888 674 924 λιμῷ
691 890 803 916 καὶτῶν
820 891 892 925 λογι-

98 928 176 963 σμῶν
206 929 254 964 τῆς
282 930 336 956 τῶν
349 930 458 965 ἀγαθῶν
483 934 625 967 μετουσίας
655 935 890 968 καταδικάζονται.

105 973 174 1000 Ἀλλ’
189 974 261 1000 ἐστιν
277 975 369 1008 αὐτοῖς
389 976 469 1003 πάλιν
484 978 516 1004 ἐκ
529 979 710 1014 μεταμελείας
723 982 772 1016 τὴν
787 981 890 1016 πέτραν

98 1020 201 1055 εὑρεῖν,
213 1021 245 1056 ἣν
261 1021 416 1054 κατέλιπον,
428 1023 475 1049 καὶ
488 1023 568 1050 πάλιν
585 1025 691 1057 ἑαυτοῖς
702 1028 893 1062 ἀναστομῶσαι

97 1065 149 1101 τὴν
171 1065 265 1100 φλέϐα,
297 1066 376 1094 πάλιν
403 1067 592 1104 ἐμφορηθῆναι
613 1071 660 1097 τοῦ
687 1071 816 1106 νάματος,
838 1072 852 1098 ὂ
876 1073 892 1108 ἡ

98 1111 187 1147 πέτρα
213 1112 337 1139 ἐκδίδωσι
361 1112 400 1148 τῷ
415 1114 463 1149 τὴν
488 1116 663 1149 κατασκοπὴν
688 1116 773 1151 Ἰησοῦ
795 1117 893 1152 ἀληθε-

99 1158 198 1194 στέραν
211 1160 259 1194 τῆς
273 1158 326 1185 τῶν
343 1159 471 1186 ἐναντίων
485 1158 552 1186 εἶναι
566 1161 748 1194 πιστεύσαντι,
767 1163 813 1188 καὶ
826 1162 894 1198 πρὸς

96 1203 144 1230 τὸν
165 1204 261 1239 βότρυν
288 1205 477 1237 ἀναϐλέποντι,
494 1206 539 1232 τὸν
554 1207 624 1241 ὑπὲρ
639 1208 721 1242 ἡμῶν
739 1205 809 1243 αἷμα
829 1209 894 1235 στά-

99 1248 193 1280 Eram,
209 1250 254 1275 καὶ
266 1249 443 1285 αἱμαχθέντα,
455 1250 493 1285 τῷ
504 1250 583 1277 πάλιν
593 1252 683 1282 αὐτοῖς
696 1252 740 1278 διὰ
754 1252 799 1278 τοῦ
814 1252 892 1285 ξύλου

101 1294 192 1329 βρύειν
206 1295 253 1330 τὴν
268 1295 370 1330 πέτραν
392 1297 635 1323 κατασκευάσαντι.
661 1296 730 1323 Ἀλλ’
743 1297 818 1324 οὗπω
834 1297 894 1324 κατ’

101 1341 173 1374 ἴχνος
187 1339 300 1366 ἔπεσθαι
323 1342 356 1375 τῇ
380 1341 551 1376 μεγα).οφυῖᾳ
566 1342 686 1373 Μωσέως
708 1342 722 1368 ό
743 1343 805 1374 λαὸς
818 1344 896 1370 ἐπαι-

100 1385 196 1420 δεύθη·
223 1385 263 1412 ἐτι
291 1386 319 1412 δὲ
346 1385 414 1421 πρὸς
435 1386 483 1418 τὰς
503 1387 717 1422 ἀνδραποδώδεις
749 1388 895 1423 ἐπιθυμίας

101 1431 273 1464 καθέλκεται,
294 1434 341 1459 καὶ
364 1433 432 1468 πρὸς
448 1433 498 1464 τὰς
509 1434 661 1468 Αίγυπτίας
674 1434 770 1470 ἡδονὰς
790 1434 896 1461 ἐπικλί-

101 1485 188 1505 νεται.
213 1478 335 1504 Δείκνυτι
353 1477 380 1504 δέ
401 1487 457 1510 πως
487 1478 531 1505 διὰ
551 1479 652 1506 τούτων
673 1481 689 1514 ἡ
711 1480 825 1516 ζστορία,
854 1481 894 1507 ὅτι

103 1523 171 1558 πρὸς
184 1523 214 1549 τὺ
229 1523 348 1550 τοιοῦτον
368 1524 451 1556 πάθος
466 1525 574 1551 πάντων
594 1525 711 1560 μάλιστα
736 1526 896 1562 κατωφερὴς

102 1569 291 1604 ἡάνθρωπίνη
318 1569 398 1604 φύσις
421 1571 490 1602 ἐστὶ,
513 1571 625 1606 μυρίαις
647 1571 714 1603 ὁδοῖς
736 1572 896 1608 ὑπαγομένη

100 1617 135 1651 τῇ
160 1616 240 1651 νόσῳ.
266 1617 321 1648 Διὸ,
343 1617 465 1653 καθάπερ
477 1626 519 1649 τις
540 1617 640 1653 ἰατρὸς,
658 1617 725 1654 πρὸς
742 1618 771 1645 τὸ
784 1619 899 1653 ἐπικρα-

101 1660 164 1687 τοῦν
190 1663 233 1688 ἀεὶ
256 1661 340 1694 πάθος
368 1662 411 1689 διὰ
433 1664 482 1698 τῆς
504 1663 601 1699 τέχνης
620 1664 774 1699 ἱστάμενος,
797 1665 848 1690 οὐκ
866 1665 897 1700 ἐᾷ

101 1707 164 1733 κατ’
179 1707 269 1734 αὐτῶν
295 1707 468 1734 δυναστεύειν
496 1709 577 1744 μέχρι
595 1709 712 1736 θανάτου
738 1710 786 1745 τὴν
808 1710 896 1737 νόσον.

103 1752 166 1783 Τοῖς
197 1753 245 1788 μὲν
271 1753 325 1788 γὰρ
349 1754 366 1788 ἡ
390 1754 444 1780 τῶν
471 1754 579 1780 ἀτόπων
597 1754 729 1790 ἐπιθυμία
739 1756 803 1787 τοὺς
823 1754 898 1790 ὕφεις

102 1799 192 1825 ἔτικτε
205 1809 212 1815 ο
228 1799 258 1825 τὸ
273 1799 300 1825 δὲ
316 1800 378 1835 παρ’
394 1800 482 1826 αὐτῶν
493 1800 595 1836 δῆγμα,
613 1801 797 1836 θανατηφόρον
811 1801 898 1836 ἐπῆγε

102 1845 149 1873 τὸν
167 1845 205 1872 ιδν
217 1847 273 1877 τοῖς
283 1846 427 1881 ἁμυχθεῐσι
442 1845 480 1881 τῷ
497 1847 615 1882 δήγματι
628 1854 635 1861 ⁸
648 1849 662 1874 ό
678 1847 705 1874 δὲ
717 1848 803 1882 μέγας
817 1856 897 1883 νομο-

105 1890 187 1926 θέτης
213 1891 301 1925 ὄφεως
324 1891 388 1918 εῖδει
408 1892 457 1927 τὴν
481 1892 595 1927 δύναμιν
612 1892 666 1919 τῶν
683 1893 753 1919 κατὰ
769 1893 898 1928 ἀλήθειαν

105 1937 206 1972 θηρίων
219 1937 363 1972 ἠχρείωσε.
375 1938 475 1973 Καιρὸς
486 1938 509 1965 δ’
526 1938 559 1965 ἂν
570 1939 622 1974 εἴη,
641 1939 806 1975 σαφέστερον
818 1940 899 1966 ἐκκαο

104 1982 187 2023 λύψαι
198 1983 228 2010 τὸ
241 1983 364 2018 αἴνιγμα·
384 1984 430 2010 Ἕν
444 1992 469 2010 τι
486 1985 540 2011 τῶν
554 1985 677 2020 πονηρῶν
692 1984 793 2012 τούτων
808 1985 898 2020 παθη-

108 2030 201 2065 μάθων
230 2030 303 2057 ἐστὶν
322 2029 509 2065 ἀλεξητήριον,
520 2031 537 2065 ἡ
554 2030 598 2057 διὰ
611 2030 657 2058 τοῦ
681 2031 831 2066 μυστηρίου
849 2031 898 2066 τῆς

107 2075 247 2106 εὐσεόείας
267 2075 396 2110 γινομένη
412 2077 466 2102 τῶν
481 2076 575 2111 ψυχῶν
588 2078 604 2112 ή
610 2076 667 2112 μῶν
681 2076 824 2113 κάθαρσις.
841 2078 898 2104 Κε-

107 2121 221 2156 φάλαιον
235 2121 263 2147 δὲ
288 2121 342 2147 τῶν
365 2122 394 2149 ἐν
411 2121 449 2156 τῷ
467 2123 608 2158 μυστηρίῳ
630 2123 863 2158 πεπιστευμένων.
881 2124 897 2159 ἠ

983 664 1089 700 Moyses
1104 674 1168 694 vero
1185 674 1282 694 rursus
1301 675 1349 702 per
1367 667 1484 702 lapidem
1506 667 1640 695 inundare
1656 669 1736 703 aquis

946 717 1068 737 ercmum
1090 711 1173 744 fecit;
1191 719 1252 747 quae
1266 719 1311 739 res
1326 717 1458 747 quantum
1474 712 1609 747 qualeque
1626 712 1662 740 sit
1676 720 1736 748 pm-

947 757 1068 784 nitentia:
1083 761 1306 790 sacramentum,
1330 758 1419 785 docet.
1436 757 1505 785 Nam
1524 758 1570 793 qui
1588 763 1732 794 postquam

945 801 1028 828 semel
1045 809 1060 828 e
1072 804 1147 836 petra
1169 802 1311 834 biberant,
1332 803 1365 829 ad
1385 807 1506 830 ventrem
1526 808 1552 830 et
1568 811 1667 832 carnes
1681 824 1689 836 ,
1707 808 1735 832 et

944 846 1087 882 Egyptias
1101 847 1256 882 voluptates
1273 847 1342 882 lapsi
1357 847 1511 878 sunt,fame
1527 855 1559 876 ac
1575 850 1731 883 privatione

944 893 1163 927 participationis
1181 893 1316 920 bonorum
1337 893 1515 920 damnantur.
1534 893 1733 922 Verumtamen

943 943 1059 973 possunt
1076 946 1173 967 rursus
1187 947 1268 975 quam
1286 939 1493 974 dereliquerunt
1511 943 1635 974 petram,
1651 940 1736 975 paeni-

943 984 1036 1011 tentiae
1046 985 1177 1012 beneﬁcio
1187 985 1318 1020 reperire,
1329 993 1361 1012 ac
1372 985 1461 1012 fontes
1473 993 1544 1020 quos
1553 986 1736 1021 delinquendo

943 1030 1127 1062 obturat-unt,
1144 1031 1197 1058 sibi
1222 1038 1346 1058 reserare
1361 1034 1389 1058 et
1404 1030 1515 1058 ﬂuentis
1537 1031 1657 1066 expleri,
1674 1039 1737 1066 quae

945 1075 1085 1110 profundit
1101 1076 1139 1103 illi
1166 1082 1253 1111 petra,
1271 1076 1319 1111 qui
1337 1076 1472 1104 veriorem
1487 1075 1564 1109 Jesu,
1580 1084 1662 1112 quam
1680 1077 1731 1104 ad-

943 1121 1128 1148 versariorum
1144 1122 1360 1156 explorationem
1376 1121 1495 1149 credidit
1515 1132 1521 1150 :
1540 1127 1621 1157 atque
1638 1122 1672 1149 ad
1689 1130 1734 1149 ra-

944 1173 1050 1193 cemnm
1063 1167 1194 1201 respicit,
1212 1167 1258 1201 qui
1276 1175 1325 1202 pro
1342 1167 1421 1194 nobis
1438 1167 1599 1202 sanguinem
1611 1167 1735 1199 stillavit,

943 1215 971 1239 ct
995 1216 1154 1240 cruentatus
1172 1217 1231 1244 est,
1252 1213 1354 1248 quique
1376 1217 1406 1239 ut
1425 1220 1523 1240 rursus
1550 1221 1598 1247 per
1625 1213 1732 1248 lignum

941 1254 1085 1283 scaturiret
1090 1260 1164 1290 petra
1170 1256 1267 1284 cll‘ecit.
1274 1256 1373 1283 Verum
1379 1255 1491 1290 populus
1497 1254 1613 1281 nondum
1621 1256 1729 1291 vestigia

944 1299 1030 1335 Moysi
1049 1303 1122 1327 recte
1147 1300 1225 1335 sequi
1252 1300 1349 1327 didicit
1362 1320 1369 1332 ,
1392 1301 1439 1328 sed
1455 1301 1488 1327 ad
1507 1300 1622 1328 serviles
1643 1300 1734 1327 adhuc

945 1345 1038 1379 lapsus
1060 1345 1243 1380 cupiditates,
1272 1345 1416 1381 .Egyptias
1439 1347 1543 1381 expetit
1568 1347 1734 1382 voluptates.

945 1389 1003 1422 Qua
1020 1398 1054 1417 ex
1076 1398 1105 1417 re
1125 1390 1240 1417 historia
1263 1391 1383 1418 elutriare
1404 1392 1521 1423 videtur,
1547 1391 1656 1419 labilem
1673 1399 1736 1419 esse

946 1435 1064 1462 maxime
1081 1435 1114 1462 ad
1144 1436 1299 1470 hujusmodi
1327 1437 1392 1463 vitia
1421 1441 1545 1464 naturam
1568 1439 1735 1472 humanam,

909 1493 932 1523 ο
948 1481 1075 1516 Inillcque
1095 1482 1183 1509 modis
1199 1482 1341 1510 seductam
1359 1484 1391 1510 ad
1409 1491 1441 1510 ea
1456 1483 1566 1512 cadere.
1583 1484 1675 1517 Quare
1690 1493 1737 1520 pe-

948 1527 1002 1553 rito
1020 1527 1126 1554 medico
1145 1529 1223 1556 nobis
1240 1537 1309 1564 opus
1324 1533 1408 1560 esset,
1436 1530 1494 1565 qui,
1523 1530 1595 1557 sicut
1611 1531 1735 1566 Moyses,

948 1572 1097 1600 artiﬁciose
1113 1573 1246 1601 adversus
1264 1575 1404 1602 victricem
1431 1575 1598 1610 voluptatem
1625 1583 1734 1611 semper

947 1617 1094 1651 resistens,
1112 1626 1166 1646 non
1178 1618 1314 1654 permittat
1327 1624 1357 1646 ut
1373 1622 1406 1647 ad
1425 1625 1540 1648 mortem
1557 1629 1645 1656 usque
1661 1628 1736 1648 mor-

946 1664 999 1691 bus
1013 1663 1140 1692 homines
1156 1665 1296 1693 detrudat.
1309 1665 1375 1692 Nam
1394 1666 1436 1694 his
1451 1667 1562 1702 quidem
1578 1667 1737 1694 illicitarum

947 1714 1040 1734 rerum
1070 1709 1208 1743 cupiditas
1239 1714 1382 1745 serpentes
1410 1711 1595 1744 imminebat;
1625 1719 1737 1739 morsus

947 1757 1022 1784 enim
1044 1764 1140 1783 eorum
1165 1757 1238 1784 leIali
1260 1758 1371 1784 vulnere
1390 1757 1504 1784 feriebat
1522 1765 1581 1790 eos,
1598 1759 1644 1792 qui
1663 1758 1738 1792 ejus-

949 1803 1023 1830 modi
1049 1811 1142 1831 morsu
1163 1803 1362 1838 pungebantur.
1384 1802 1418 1830 At
1437 1811 1501 1831 vero
1522 1804 1664 1838 legislator
1681 1811 1740 1831 ser-

949 1849 1039 1883 pentis
1057 1849 1148 1884 specie
1160 1857 1287 1876 verorum
1304 1853 1462 1883 serpentum
1479 1850 1533 1877 vim
1549 1850 1666 1884 expulit.
1684 1849 1738 1877 Sed

948 1898 1056 1929 tempus
1076 1899 1118 1921 est
1145 1898 1173 1920 ut
1196 1895 1270 1922 clare
1297 1895 1323 1921 id
1347 1902 1528 1930 exponamus.
1556 1895 1648 1923 Unum
1672 1903 1739 1931 ergo

948 1942 1043 1966 contra
1057 1939 1106 1965 hos
1117 1938 1262 1974 pestiferos
1277 1940 1437 1974 cupiditatis
1453 1941 1566 1968 morbos
1580 1940 1737 1968 antidotum

949 1988 1002 2015 est.
1023 1984 1172 2012 mundities
1195 1985 1280 2012 animi
1302 1985 1412 2020 pietatis
1434 1986 1566 2020 mysterio
1588 1985 1738 2013 celebrata.

948 2028 1037 2064 Caput
1051 2032 1142 2056 autem
1157 2030 1280 2056 omnium
1297 2037 1357 2065 quae
1379 2030 1406 2057 in
1421 2030 1473 2057 hoc
1490 2030 1656 2058 Christiana:
1675 2039 1740 2066 pro—

948 2073 1079 2103 fessionis
1091 2075 1221 2111 mysterio
1231 2075 1380 2109 credimus,
1393 2081 1436 2103 est
1451 2075 1528 2103 firma
1546 2080 1675 2111 rectaque
1687 2076 1740 2104 [ide

949 2121 976 2148 in
993 2122 1148 2157 passionem
1164 2122 1238 2150 illius
1252 2122 1400 2157 respicere,
1414 2122 1461 2157 qui
1478 2129 1527 2157 pro
1542 2122 1623 2150 nobis
1639 2130 1739 2157 passus

107 2167 148 2197 εἰς
173 2165 203 2191 τὸ
219 2164 305 2197 πάθος
327 2166 402 2198 ἐστὶν
423 2167 572 2201 ἀπόϐλεψις
590 2167 637 2194 τοῦ
659 2167 728 2204 ὑπὲρ
743 2168 822 2203 ἡμῶν
835 2169 895 2195 ἀνα-

952 2171 1011 2201 est;
1028 2176 1095 2195 crux
1113 2176 1177 2195 vero
1194 2168 1286 2202 passio
1301 2167 1362 2202 ejus
1376 2168 1427 2194 fuit
1441 2177 1447 2194 :
1462 2175 1548 2202 quare
1564 2168 1611 2202 qui
1627 2174 1739 2194 crucem

106 2211 257 2248 δεξαμένου
271 2213 301 2238 τὸ
316 2212 409 2244 πάθος.
423 2213 543 2248 Σταυρὸς
555 2213 582 2239 δὲ
593 2213 623 2240 τὸ
636 2213 721 2245 πάθος
731 2213 815 2240 ἐστίν·
830 2213 901 2240 ὥστε

107 2258 155 2285 τὸν
177 2259 245 2294 πρὸς
263 2259 342 2285 αὐτὸν
356 2258 499 2293 βλέποντα,
523 2259 614 2290 καθὼς
626 2260 769 2294 ὑφηγεῖται
786 2261 799 2286 ὁ
812 2259 900 2294 λόγος,

110 2304 164 2331 ὑπὸ
181 2305 228 2331 τοῦ
258 2305 296 2331 ίοῦ
326 2305 375 2340 τῆς
403 2304 547 2340 ἐπιθυμίας
567 2305 603 2340 μὴ
619 2305 793 2340 βλάπτεσθαι.
812 2305 848 2332 Τὸ
871 2306 900 2332 δὲ

109 2351 178 2386 πρὸς
193 2351 238 2378 τὸν
253 2351 369 2386 σταυρὸν
384 2351 502 2386 βλέπειν,
525 2351 604 2377 τοῦτό
623 2352 692 2383 ἐστι,
707 2350 737 2377 τὸ
752 2352 842 2378 πάντα
855 2351 900 2377 τὸν

109 2396 206 2423 ἑαυτοῦ
223 2396 278 2431 βίον
294 2396 331 2427 ὠς
346 2396 442 2432 νεκρὸν
461 2396 499 2431 τῷ
515 2397 609 2432 κόσμῳ
626 2396 673 2423 καὶ
695 2396 900 2432 ἐσταυρωμένον

111 2442 233 2477 ποιῆσαι.
252 2443 320 2478 πρὸς
333 2444 422 2469 πᾶσαν
436 2443 572 2478 ἁμαρτίαν
585 2443 712 2477 ἀκίνητον
721 2442 793 2474 ὄντα,
811 2440 900 2473 καθώς

111 2496 193 2523 φησιν
217 2489 231 2514 ὸ
252 2488 410 2524 Προφήτης,
439 2489 610 2524 καθηλοῦντα
625 2488 664 2523 τῷ
681 2488 745 2522 θείῳ
764 2487 839 2522 φόϐῳ
851 2488 900 2519 τὰς

112 2534 180 2566 ἰδίας
206 2532 414 2570 σάρκας.Ἦλος
440 2534 462 2560 δ’
490 2534 523 2560 ἂν
540 2535 585 2569 εἰη
609 2533 716 2569 σαρκῶν
730 2533 900 2565 καθεκτικὸς,

110 2581 128 2615 ἡ
149 2580 306 2615 ἐγκράτεια.
323 2580 398 2605 Ἐπεὶ
411 2578 458 2606 οὖν
474 2580 490 2614 ἡ
506 2579 560 2605 τῶν
575 2579 683 2605 ἀτόπων
697 2578 828 2613 ἐπιθυμία
839 2578 901 2610 τοὺς

112 2625 318 2660 θανατηφόρους
334 2625 409 2659 ὄφεις
425 2626 457 2651 ἐκ
471 2625 519 2660 τῆς
536 2626 587 2659 γῆς
605 2626 752 2651 ἐπισπᾶται
770 2625 834 2659 (πᾶν
850 2625 903 2660 γὰρ

110 2671 162 2706 τῆς
177 2671 297 2705 πονηρᾶς
315 2671 462 2706 ἐπιθυμίας
485 2671 605 2705 ἔγγονον,
627 2671 688 2705 ὄφις
714 2671 794 2706 ἐστι),
809 2670 902 2697 τούτου

112 2717 192 2752 χάριν
209 2716 397 2752 προδείκνυσιν
409 2717 423 2742 ὁ
434 2716 514 2751 νόμος
530 2718 594 2752 ἡμῖν
611 2717 641 2743 τὸ
653 2718 698 2743 ἐπὶ
716 2716 794 2749 ξύλου
811 2717 904 2752 φαινό-

113 2771 211 2798 μενον·
237 2763 316 2790 τοῦτο
341 2763 369 2789 δέ
401 2764 474 2789 ἐστιν
494 2763 620 2798 ὁμοίωμα
655 2763 751 2797 ὄφεως,
776 2763 823 2790 καὶ
843 2763 903 2798 οὐχὶ

149 2851 172 2866 ’⁸
189 2849 265 2879 Deut.
285 2859 369 2881 usu.
389 2851 427 2878 li.
465 2853 485 2867 τ’
499 2851 627 2884 lio;n.ui,
646 2851 672 2878 8.

952 2212 1083 2247 respicit,
1099 2217 1128 2239 ut
1147 2212 1263 2239 historia
1281 2212 1416 2242 hortatur,
1434 2213 1459 2239 ei
1477 2219 1612 2238 venenum
1633 2211 1741 2246 cupidi-

951 2258 1147 2286 tatum'obesse
1164 2266 1216 2285 non
1231 2262 1331 2293 potest.
1348 2257 1464 2285 Crucem
1480 2263 1571 2285 autem
1590 2259 1739 2293 respicere,

951 2305 1019 2332 nihil
1034 2305 1107 2331 aliud
1119 2309 1171 2336 est,
1189 2312 1270 2340 quam
1285 2309 1313 2331 ut
1328 2304 1392 2331 huic
1409 2303 1512 2331 mundo
1523 2304 1602 2339 quasi
1616 2308 1740 2331 mortuos

951 2358 983 2378 ac
998 2350 1145 2378 crucifixos
1162 2359 1211 2378 nos
1226 2351 1407 2386 praebeamus,
1431 2349 1498 2377 fixos
1515 2350 1543 2377 in
1560 2351 1672 2384 virtute,
1687 2350 1740 2377 iui-

953 2396 1066 2424 mobiles
1078 2394 1395 2430 adpeccan.lum.Dei,ut
1411 2395 1449 2422 ait
1465 2394 1624 2429 Psalmista,
1643 2395 1742 2423 timore

951 2443 1031 2478 quasi
1061 2443 1139 2469 clavo
1167 2449 1278 2469 carnem
1307 2445 1430 2469 nostram
1457 2441 1612 2476 infigentes.
1639 2440 1741 2469 Clavus

952 2494 1041 2516 autem
1065 2488 1111 2524 qui
1138 2495 1248 2515 carnem
1273 2488 1345 2514 hanc
1364 2487 1473 2520 retinet,
1498 2487 1668 2515 continentia
1687 2492 1740 2514 est.

952 2535 1085 2567 Quoniam
1108 2535 1191 2568 igitur
1208 2541 1291 2568 prava
1311 2533 1448 2568 cupiditas
1468 2533 1625 2560 mortiferos
1638 2537 1741 2560 eterra

952 2580 1030 2607 nobis
1051 2583 1191 2615 serpentes
1208 2579 1328 2605 innniltit
1344 2578 1494 2614 (quidquid
1510 2580 1583 2606 enim
1603 2586 1637 2606 ex
1657 2585 1740 2613 prava

952 2627 1100 2662 cupiditate
1120 2627 1254 2654 nascitur.
1276 2633 1391 2660 serpens
1408 2625 1480 2659 est),
1495 2625 1600 2651 idcirco
1617 2624 1674 2658 jam
1693 2624 1741 2650 diu

953 2673 994 2699 lex
1014 2672 1167 2699 antidotum
1191 2672 1271 2699 nobis
1288 2671 1316 2698 in
1338 2671 1412 2705 ligno
1433 2670 1611 2697 monstravit;
1630 2669 1659 2696 ld
1676 2677 1742 2696 vero

951 2718 1086 2752 serpentis
1109 2721 1151 2745 est
1175 2717 1352 2752 simulacrum
1367 2735 1375 2748 ,
1396 2723 1450 2744 non
1469 2723 1584 2750 serpens
1598 2734 1606 2748 ,
1626 2714 1698 2741 sicut
1715 2718 1742 2741 et

952 2748 1053 2791 Paulus
1074 2763 1154 2797 dicit,
1177 2772 1185 2788 ε
1204 2763 1231 2790 ln
1251 2748 1430 2790 simﬁitudine
1445 2761 1538 2789 carnis
1551 2760 1654 2796 peccati
1664 2758 1707 2789 ’⁹;
1728 2767 1738 2784 ι
