1986 3080
260 117 310 146 “5

871 120 900 148 S.
917 120 1080 150 GREGORII
1094 123 1242 151 NYSSENI

1830 120 1883 149 H6

261 183 343 203 verus
356 174 428 202 enim
450 181 564 209 serpens
585 176 727 208 peccatum
745 177 788 201 est
805 182 813 201 :
829 178 856 201 et
869 175 914 209 qui
931 175 964 202 ad
980 183 1044 210 pec-

1100 177 1170 212 Ιίφις·
1187 178 1277 210 καθὼς
1293 178 1339 205 καὶ
1353 178 1367 204 ὁ
1384 178 1454 210 θεῖος
1468 176 1570 209 Παῦλὸς
1587 185 1680 213 φησιν,
1699 186 1709 203 ι
1725 177 1770 204 Ἐν
1783 178 1882 212 ὁμοιώ-

262 224 356 248 catum
373 219 538 254 transfugit,
562 218 745 252 serpentinam
764 219 887 246 induitur
907 224 1044 247 naturam.

262 265 302 292 Ab
318 266 370 292 hoc
389 265 470 300 igitur
488 268 601 299 peccato
621 269 647 291 et
665 264 753 291 adhuc
771 265 930 300 serpentina
948 269 1046 292 natura

261 311 344 338 homo
360 319 407 346 per
422 311 497 337 illttm
515 311 654 340 liberatur.
671 310 718 344 qui
735 312 838 345 peccati
848 311 967 345 speciem
980 312 1046 339 sub-

262 357 312 389 iit,
339 356 385 391 qui
422 355 511 383 factus
534 361 575 383 est
601 355 751 382 secundum
778 363 845 388 nos,
868 357 914 390 qui
936 357 969 383 ad
984 365 1046 392 spe-

262 403 332 429 ciem
355 401 492 436 serpentis
514 401 640 428 conversi
658 408 755 428 sumus
778 409 852 436 :~per
874 409 954 436 quem
973 410 1047 430 mors

261 448 422 482 prohibetur
443 455 458 474 ιι
481 446 620 474 morsibus
644 446 800 479 inferenda,
829 449 875 475 sed
895 448 961 483 ipsa;
984 449 1048 476 l'era':

263 501 318 520 non
343 493 523 520 destruantur
549 502 556 520 :
588 493 659 520 teras
680 498 770 520 autem
793 493 855 520 dico
883 495 1048 529 cupiditates

217 559 221 564 .
263 538 337 573 ipsas
346 546 453 572 pravas.
467 539 532 565 Nam
543 539 565 565 si
581 546 662 573 prava
678 539 847 572 peccantium
859 547 933 568 mors
944 541 1047 567 nullam

262 584 361 611 habeat
378 584 406 610 in
427 583 487 610 illos
502 584 556 610 vim
576 584 623 619 qui
640 591 749 610 crucem
765 585 934 619 respiciunt.
955 586 1048 614 carnis

262 634 353 656 tamen
369 629 500 656 adversus
511 629 637 663 spiritum
654 629 747 656 innata
762 630 972 664 cupiditas-mon
987 638 1048 657 om-

262 674 328 701 nino
350 674 488 702 destructa
514 679 565 703 est.
594 674 744 709 lnsurgunt
766 676 846 702 ‘cnim
870 680 897 703 et
924 676 1049 704 ﬁdelibus

262 728 451 755 smpenumero
465 720 625 755 cupiditatis
645 729 764 753 morsus,
779 729 849 756 quos
863 722 896 749 ad
913 722 1049 750 sublatum

263 764 291 791 in
313 765 386 799 ligno
416 766 596 800 respicientes
624 766 770 800 repellunt,
798 767 895 796 timore
921 769 1049 804 praecepti

263 810 342 844 quasi
358 810 480 838 antidoto
492 811 545 837 vim
563 812 660 838 veneni
676 811 854 847 dissipantes.

299 943 376 977 Quod
405 948 494 971 autem
516 944 673 980 mysterium
697 945 789 974 crucis
810 946 964 975 sublatione
988 955 1047 975 ser-

264 990 354 1023 pentis
378 990 404 1016 in
427 989 536 1017 deserto
560 990 736 1025 tigurabatur,
763 996 857 1026 aperte
878 1001 931 1021 nos
953 993 1047 1020 docuit

265 1034 382 1067 Veritas,
398 1043 460 1062 cum
471 1036 536 1063 dicit
551 1045 557 1063 :
576 1045 586 1062 ι
599 1036 630 1063 Ει
646 1037 717 1064 sicut
731 1038 838 1073 Moyses
849 1040 978 1067 exaltavit
989 1048 1047 1068 ser-

265 1086 370 1116 pentem
397 1083 423 1109 in
448 1083 574 1114 deserto,
597 1083 637 1111 sic
661 1083 758 1110 Filium
788 1085 905 1113 hominis
934 1086 1047 1113 exaltari

264 1127 401 1160 oportet“
414 1149 422 1156 .
442 1136 451 1152 ›
471 1126 523 1154 Sed
539 1127 637 1154 iterum
656 1133 736 1163 atque
751 1129 848 1156 iterum
866 1132 968 1165 peccati
986 1139 1049 1166 pro-

264 1172 392 1205 tervitas,
407 1173 486 1206 quasi
509 1173 580 1200 serie
600 1174 727 1207 quadam,
747 1182 798 1201 usu
816 1175 851 1202 ab
864 1176 926 1203 aliis
944 1177 977 1203 ad
995 1177 1047 1203 alia

265 1218 428 1252 prorumpit,
442 1222 468 1245 et
480 1219 618 1253 legislator
632 1225 661 1246 ut
674 1220 795 1254 optimus
805 1221 915 1254 quidam
927 1222 1048 1250 medicus

264 1262 298 1289 ad
318 1263 474 1290 morborum
491 1271 591 1298 genera
611 1272 705 1291 curam
726 1265 806 1292 habet
830 1272 963 1300 paratam.
980 1267 1047 1295 Nam

264 1315 326 1334 cum
342 1313 497 1343 serpentum
512 1317 620 1336 morsus
632 1310 698 1336 nihil
715 1311 778 1337 mali
791 1313 907 1346 amplius
921 1312 1049 1341 aﬁ'erebat

265 1353 292 1379 in
322 1354 456 1387 serpentis
493 1355 671 1381 simulacrum
707 1357 940 1390 respicientibus,
975 1359 1047 1393 quod

265 1399 378 1433 :enigma
393 1399 449 1433 jam
469 1400 536 1427 satis
553 1401 634 1428 dictis
651 1401 810 1437 intelligitur
828 1427 833 1431 .
852 1405 905 1431 alia
919 1406 1048 1439 peccandi

266 1443 308 1469 via
330 1443 418 1475 hosti,
442 1444 489 1478 qui
509 1444 639 1472 adversus
657 1454 707 1473 nos
731 1455 838 1482 semper
859 1450 1006 1476 meditatur
1018 1458 1049 1477 ac

266 1489 376 1523 cogitat.
393 1489 502 1516 inventa
524 1495 575 1521 est,
589 1499 650 1525 qua:
663 1493 766 1520 nostris
786 1495 955 1529 temporibus
971 1496 1047 1523 latis—

265 1532 334 1560 sime
347 1541 455 1567 quoque
476 1537 558 1568 patet.
585 1533 651 1561 Nam
673 1541 851 1570 posteaquam
869 1538 980 1565 morbus
998 1538 1049 1566 istc

266 1577 425 1611 cupiditatis
439 1578 604 1606 modestiore
616 1580 668 1606 vita
684 1581 859 1613 deferbuerit,
879 1584 911 1608 ad
925 1584 1051 1610 sacerdo-

267 1623 335 1650 tiuin
356 1624 522 1659 irrumpunt,
539 1625 665 1652 humanis
675 1626 821 1660 sutl'ragiis,
842 1622 1051 1663 imperiosisth

266 1669 486 1696 ordinationibus
510 1669 743 1704 dispcnSatiouem
767 1672 813 1700 Dei
838 1674 1049 1707 vituperantes:

267 1714 304 1741 ita
315 1714 439 1743 homines
456 1716 480 1743 si
497 1724 550 1743 uno
562 1717 692 1751 peccandi
706 1718 786 1745 modo
804 1727 858 1746 non
871 1720 981 1752 vicerit,
998 1721 1051 1748 alio

267 1760 442 1789 adversarius
463 1767 555 1789 noster
573 1767 690 1790 conatur
708 1764 836 1798 dejicere.
854 1764 993 1793 Vexantur
1008 1774 1051 1793 es-

267 1813 360 1833 carum
373 1806 484 1842 Egypti
496 1809 661 1843 cupiditate,
683 1810 755 1837 unde
773 1815 915 1846 serpentes
935 1811 1051 1839 immissi

267 1857 331 1881 sunt
349 1861 356 1878 :
381 1854 529 1882 simulacro
545 1855 688 1889 pendentis
706 1857 843 1891 serpentis
861 1865 893 1884 ex
917 1857 990 1893 ligno
1005 1866 1052 1884 su-

269 1906 399 1936 perantur
416 1911 423 1929 :
441 1902 478 1928 ita
494 1902 618 1929 cruciﬁxi
636 1902 703 1929 ﬁdes
720 1903 762 1929 vel
781 1903 895 1937 ﬁgurata
914 1904 1049 1930 liberavit.

267 1947 433 1982 Cupiditatis
449 1953 539 1975 autetn
563 1949 658 1975 morbo
674 1949 799 1984 depulso,
818 1950 945 1984 superbia
963 1951 1051 1977 locum

219 2013 222 2016 .
267 1993 493 2027 ejusoccupavit.
526 1993 593 2020 Nam
617 2001 679 2020 cum
699 1994 800 2021 humile
818 2001 899 2030 atque
913 1996 1052 2029 abiectum

267 2046 330 2066 esse
343 2040 486 2066 crederent
500 2039 624 2066 ordinem
637 2048 716 2066 suum
733 2048 854 2073 servare,
882 2042 915 2068 ad
932 2042 1053 2077 dignita-

269 2088 322 2111 tem
342 2084 493 2111 sacerdotis
509 2085 769 2119 seipsosintrudere
791 2091 938 2120 conantur,
958 2095 990 2114 ac
1005 2095 1053 2115 eos

269 2129 406 2164 depellere
427 2138 480 2156 non
492 2130 671 2162 erubescunt,
693 2131 739 2165 qui
765 2133 925 2166 mysterium
944 2133 971 2159 id
995 2134 1053 2161 fue-

1098 232 1162 258 ματι
1181 223 1280 258 σαρκὸς
1289 223 1433 258 ἁμαρτίας.
1450 232 1460 248 ι
1477 223 1505 249 '0
1518 223 1545 249 δὲ
1561 222 1662 258 ἀληθὴς
1675 222 1775 259 δφις,ή
1793 224 1884 258 ἁμαρ-

1096 269 1142 295 τία
1166 269 1241 295 εστί-
1271 269 1317 296 καὶ
1344 269 1358 295 ὁ
1383 269 1450 304 πρὸς
1464 267 1512 304 τὴν
1527 268 1664 304 ἁμαρτίαν
1683 267 1882 303 αὐτομολήσας,

1096 313 1145 349 τὴν
1167 313 1211 340 τοῦ
1232 313 1319 347 ὄφεως
1343 312 1485 339 ὑποδύεται
1505 312 1594 346 φύσιν.
1616 311 1818 347 Ἑλευθεροῦται
1835 310 1884 338 οὖν

1097 359 1146 393 τῆς
1164 359 1322 395 ἁμαρτίαςὸ
1340 358 1479 394 ἄνθρωπος
1501 358 1545 384 διὰ
1559 357 1604 384 τοῦ
1619 357 1778 388 ὑπελθόντος
1790 357 1820 383 τὸ
1834 358 1885 391 τῆς

1097 404 1232 439 ἁμαρτίας
1258 402 1337 436 εἶδος,
1353 404 1399 430 καὶ
1420 403 1565 438 γενομένου
1579 402 1639 429 καθ’
1651 403 1724 437 ἡμᾶς
1742 403 1803 433 τοὺς
1815 402 1885 437 πρὸς

1096 448 1127 474 τὸ
1141 446 1209 479 εἶδος
1224 447 1460 483 μεταστραφέντας
1470 447 1516 474 τοῦ
1533 447 1628 481 δφεως,
1647 447 1679 473 δι’
1692 443 1721 473 οὗ
1743 448 1757 474 ὁ
1771 447 1819 482 μὲν
1835 447 1884 474 θά-

1097 503 1176 526 νατος
1200 496 1214 520 ὁ
1239 495 1270 520 ὲκ
1301 495 1354 521 τῶν
1378 494 1525 530 δηγμάτων
1554 493 1696 525 κωλύεται,
1715 494 1782 520 αὐτὰ
1805 494 1832 520 δέ
1847 494 1884 520 τὰ

1101 539 1181 567 θηρία
1197 539 1246 565 οὐκ
1257 539 1430 573 ἀφανίζεται’
1441 538 1521 574 θηρία
1530 538 1558 564 δέ
1574 539 1655 573 λέγω,
1664 538 1712 570 τὰς
1726 539 1883 573 ἐπιθυμίας.

1097 582 1158 610 Τῶν
1173 584 1226 619 γὰρ
1252 585 1291 616 εἰς
1307 583 1352 610 τὸν
1371 583 1486 619 σταυρὸν
1502 583 1664 617 βλεπόντων,
1679 584 1692 609 ὁ
1706 583 1754 618 μὲν
1767 583 1885 618 πονηρὸς

1098 630 1151 656 τῶν
1161 629 1328 666 ἁμαρτωλῶν
1339 630 1451 660 θάνατος
1465 629 1515 656 οὐκ
1528 630 1679 664 ἐνεργεῖται
1692 637 1698 643 '
1718 629 1734 664 ή
1752 629 1780 655 δὲ
1793 630 1885 662 ἐγκει-

1102 677 1168 711 μένη
1186 678 1218 712 τῇ
1234 677 1314 712 satle
1335 677 1405 704 κατὰ
1420 677 1466 703 τοῦ
1482 676 1634 711 πνεύματος
1654 675 1785 710 ἐπιθυμία
1796 676 1836 706 εἰς
1851 675 1885 701 τὸ

1100 722 1228 754 παντελὲς
1239 723 1288 749 οὐκ
1310 722 1440 749 ἀπόλωλε.
1464 723 1518 748 Καὶ
1534 723 1587 757 γὰρ
1601 722 1647 748 καὶ
1665 723 1693 748 ἐν
1707 723 1762 753 τοῖς
1779 723 1886 752 πιστοῖς

1100 769 1248 802 ἐνεργεῖται
1278 768 1406 799 πολλάκις
1430 768 1480 802 τῆς
1510 767 1657 802 ἐπιθυμίας
1680 766 1714 793 τὰ
1741 767 1884 802 δήγματα“

1101 813 1157 838 ἀλλ’
1176 814 1190 839 ὁ
1214 813 1281 848 πρὸς
1299 814 1343 839 τὸν
1363 813 1409 839 ἐπὶ
1425 812 1502 845 ξύλου
1522 812 1661 847 ὺψωθέντα
1679 811 1793 847 βλέπων,
1808 812 1887 837 ἀπω-

1063 850 1085 878 B
1100 857 1184 884 θεῖται
1211 858 1239 884 τὸ
1259 858 1353 889 πάθος,
1374 856 1428 884 οἷόν
1448 866 1501 884 τινι
1516 857 1653 893 φαρμάκῳ
1665 856 1704 892 τῷ
1713 857 1761 892 τῆς
1775 857 1886 891 ἐντολῆς

1100 903 1174 938 φόϐῳ
1186 894 1230 929 τώ
1244 903 1281 929 ἱὸν
1300 903 1418 938 διαχέας.

1135 950 1171 975 Τὸ
1181 949 1209 976 δέ
1219 949 1249 975 σύ
1254 949 1350 984 μόολον
1366 947 1435 975 εἶναι
1449 948 1495 976 τοῦ
1511 948 1580 975 κατὰ
1592 948 1637 974 τον
1653 947 1766 982 σταυρὸν
1783 955 1886 982 μυστη-

1101 995 1159 1030 ρίου
1178 995 1222 1021 τὺν
1230 995 1369 1029 ὑψωθέντα
1385 995 1445 1029 ὅφιν
1467 996 1495 1022 ἐν
1511 996 1544 1030 τῇ
1562 995 1666 1030 ἐρήμῳ,
1678 994 1799 1029 φανερῶς
1813 994 1887 1020 διδά-

1101 1042 1184 1076 σκειὴ
1197 1041 1242 1067 τοῦ
1250 1041 1317 1067 Θεοῦ
1326 1041 1401 1076 φωνὴ
1417 1041 1444 1066 ἐν
1460 1038 1499 1072 οἷς
1508 1048 1598 1075 φησιν,
1614 1039 1654 1066 ὅτι
1667 1049 1676 1065 ι
1689 1039 1784 1071 Καθὼς
1793 1039 1885 1073 ὖψωσε

1099 1087 1144 1113 τὸν
1157 1087 1217 1122 ὅφιν
1233 1085 1351 1121 Μωῡσῆς
1371 1087 1400 1112 ἐν
1414 1087 1447 1121 τῇ
1467 1086 1572 1121 ἐρήμῳ,
1595 1084 1678 1116 οὕτως
1696 1084 1833 1119 ὑψωθῆναι
1845 1084 1887 1111 δεῖ

1099 1132 1146 1159 τὸν
1158 1132 1220 1158 Υἱὺν
1232 1131 1278 1158 τοῦ
1290 1131 1442 1166 ἀνθρώπου.
1460 1142 1469 1158 ι
1486 1132 1569 1159 Πάλιν
1586 1132 1618 1166 τῇ
1636 1130 1723 1166 οἰκεία
1739 1130 1798 1165 ὀδῷ,
1814 1131 1886 1157 κατὰ

1100 1187 1161 1205 τινα
1176 1178 1263 1213 κακὴν
1285 1178 1453 1210 ἀκολουθίαν,
1475 1178 1492 1212 ἡ
1512 1177 1633 1213 ἁμαρτία
1645 1177 1817 1212 προέρχεται,
1829 1173 1886 1202 οἷον

1101 1223 1188 1258 εἰρμῴ
1200 1232 1252 1250 τινι
1265 1222 1375 1258 πονηρῷ
1389 1223 1457 1249 κατὰ
1473 1221 1504 1248 τὸ
1519 1222 1663 1249 ἀκόλουθον
1675 1221 1804 1257 προϊοῦσα
1815 1230 1822 1237 ·
1837 1221 1887 1247 καὶ

1100 1269 1115 1295 ὸ
1131 1268 1287 1304 νομοθέτης,
1306 1268 1430 1302 καθάπερ
1442 1276 1482 1298 τις
1498 1267 1599 1303 ίατρὸς,
1615 1268 1647 1302 τῇ
1660 1267 1707 1293 τοῦ
1716 1267 1800 1293 κακοῦ
1815 1267 1886 1301 φορᾷ

1102 1314 1312 1349 συμπαρατείνει
1325 1313 1372 1349 τὴν
1384 1313 1542 1348 θεραπείαν.
1559 1312 1668 1348 Ἐπειδὴ
1683 1313 1735 1348 γὰρ
1747 1312 1887 1347 ἄπρακτον

1102 1358 1208 1392 ἐγένετο
1220 1358 1250 1384 τὸ
1261 1358 1352 1393 δῆγμα
1362 1357 1417 1384 τῶν
1431 1357 1518 1392 ὄφεων
1528 1358 1583 1388 τοῖς
1598 1358 1637 1387 εἰς
1655 1356 1685 1383 τὸ
1699 1356 1822 1391 ὁμοίωμα
1837 1355 1886 1382 τοῦ

1101 1404 1188 1438 ὄφεως
1203 1403 1328 1438 βλέπουσι
1348 1403 1429 1437 (νοεῖς
1445 1403 1473 1429 δὲ
1490 1402 1597 1434 πάντως
1610 1402 1654 1429 διὰ
1667 1402 1720 1428 τῶν
1735 1402 1887 1437 εἰρημένων

1101 1449 1132 1476 τὸ
1147 1449 1279 1484 αἴνιγμα),
1301 1449 1367 1484 ἄλλη
1394 1448 1503 1483 μέθοδος
1528 1447 1664 1483 ἁμαρτίας
1682 1449 1825 1474 ἐπινοεῖται
1846 1446 1888 1481 τῷ

1104 1494 1231 1525 ποικίλως
1245 1494 1278 1521 τὰ
1291 1493 1402 1520 τοιαῦτα
1415 1493 1476 1520 καθ’
1494 1493 1572 1528 ἡμῶν
1596 1493 1788 1527 σοφιστεύοντι.
1806 1493 1838 1518 ‘0
1854 1493 1887 1528 δὴ

1100 1541 1148 1567 καὶ
1164 1540 1211 1566 νῦν
1224 1541 1252 1566 ἐν
1265 1539 1370 1570 πολλοῖς
1385 1539 1448 1565 ἰδεῖν
1462 1539 1520 1565 ἔστι
1530 1538 1682 1573 γινόμενον.
1701 1538 1824 1565 Ἐπειδὰν
1833 1539 1888 1573 γάρ

1100 1593 1170 1616 τινες
1185 1584 1228 1611 διὰ
1240 1584 1455 1618 σωφρονεστέρου
1469 1584 1526 1618 βίου
1537 1583 1567 1609 τὸ
1580 1583 1627 1618 τῆς
1641 1583 1786 1619 ἐπιθυμίας
1799 1583 1886 1614 πάθος

1101 1632 1249 1658 κολάσωσιν
1262 1639 1268 1643 ·
1289 1631 1334 1657 ἐπὶ
1349 1631 1398 1666 τὴν
1425 1630 1573 1665 ἱερωσύνην
1595 1630 1705 1661 ἑαυτοὺς
1718 1628 1888 1661 mmmam,

1101 1676 1282 1711 ἀνθρωπίναις
1294 1675 1469 1711 περιδρομαῖς
1495 1675 1541 1701 καὶ
1562 1675 1823 1710 αὑτοχειροτονήτοις
1843 1675 1890 1708 ὁρ-

1103 1723 1165 1757 μαῖς
1182 1723 1221 1753 εἰς
1233 1722 1280 1756 τὴν
1299 1721 1452 1755 οἰκονομίαν
1468 1719 1514 1746 τοῦ
1527 1720 1594 1746 Θεοῦ
1611 1719 1806 1754 ἐξυϐρίζοντες,
1820 1718 1890 1754 πρὸς

1100 1768 1201 1801 ταύτην
1226 1766 1344 1802 ἄγειτὴν
1364 1767 1452 1800 κακὴν
1475 1766 1525 1801 τῆς
1545 1766 1680 1801 ἁμαρτίας
1699 1764 1856 1791 ἀκολουθίαν
1874 1765 1891 1791 δ

1101 1811 1144 1847 διὰ
1158 1812 1206 1846 τῆς
1221 1811 1339 1846 ἱστορίας
1366 1811 1487 1846 ἐνεργεῖν
1506 1810 1540 1836 τὰ
1561 1811 1634 1837 κακὰ
1656 1811 1712 1841 τοῖς
1735 1809 1891 1845 ἀνθρώποις

1102 1857 1346 1892 κατηγορούμενος.
1368 1856 1474 1892 Ἐπειδὴ
1496 1856 1550 1890 γὰρ
1577 1856 1714 1882 ἐπαύσατο
1735 1856 1752 1890 ἡ
1778 1855 1814 1889 γῆ
1825 1855 1891 1886 τοὺς

1101 1902 1176 1936 ὄφεις
1199 1902 1268 1928 κατὰ
1283 1901 1336 1927 τῶν
1350 1900 1552 1936 ἐπιθυμούντων
1571 1900 1713 1931 ὠδίνουσα,
1733 1899 1776 1926 διὰ
1787 1899 1834 1933 τῆς
1849 1899 1890 1930 είς

1101 1948 1147 1973 τὸν
1160 1947 1300 1981 ὐῷωοέντα
1309 1947 1355 1973 ἐπὶ
1371 1946 1447 1978 ξύλου
1459 1946 1587 1977 πίστεως,
1603 1946 1650 1972 καὶ
1665 1946 1803 1981 κρείττους
1816 1944 1891 1971 ἐπεί-

1103 1993 1205 2028 σθησαν
1221 1991 1290 2019 εἶναι
1308 1992 1361 2019 τῶν
1377 1992 1486 2019 ἰοϐόλων
1506 1992 1664 2026 δηγμάτων,
1682 1991 1743 2018 τότε
1761 1991 1808 2017 τοῦ
1827 1991 1891 2018 κατ’

1103 2039 1249 2074 ἐπιθυμίαν
1266 2038 1368 2069 πάθους
1390 2037 1588 2069 ὕπεξελθόντος,
1603 2038 1619 2072 ἡ
1639 2037 1688 2072 τῆς
1702 2036 1891 2072 ὑπερηφανίας

1102 2084 1302 2118 ἀπεισέρχεται
1315 2083 1401 2113 νόσος.
1417 2083 1472 2109 Καὶ
1485 2082 1611 2109 ταπεινὸν
1627 2080 1698 2108 εἶναι
1713 2083 1850 2117 κρίνοντες
1858 2083 1891 2109 1’;

1103 2130 1249 2165 φυλάσσειν
1268 2130 1310 2164 ἐφ’
1335 2129 1439 2156 ἑαυτῶν
1459 2129 1509 2164 τὴν
1520 2128 1598 2160 τάξιν
1618 2129 1660 2162 ἐφ’
1675 2126 1708 2164 ἦς
1724 2127 1890 2162 ἐτάχθησαν,

268 2179 330 2202 rant
356 2175 489 2203 divinitus
518 2176 660 2203 consecuti
678 2185 684 2202 :
705 2177 753 2203 Sed
774 2178 852 2204 multi
877 2182 957 2205 terrae
977 2179 1049 2206 hiatu

1104 2176 1261 2202 είσωθοῦσιν
1285 2176 1398 2207 ἑαυτοὺς
1425 2175 1464 2206 εἰς
1481 2175 1511 2200 τὺ
1523 2174 1572 2209 τῆς
1598 2173 1745 2209 ἱερωσύνης
1769 2174 1890 2208 ἀξίωμα,

269 2221 391 2255 absurpti
410 2222 560 2256 perierunt,
584 2222 681 2256 reliqui
699 2222 862 2251 fulminibus
894 2225 1050 2260 conflagra-

269 2272 342 2293 runt.
360 2267 442 2294 Docet
459 2267 551 2302 igitur,
573 2275 633 2293 meo
645 2267 761 2302 judicio,
778 2269 820 2296 his
837 2269 963 2301 historia,
995 2277 1053 2298 ter—

269 2311 374 2338 minum
389 2312 527 2343 elationis,
544 2319 605 2346 qua:
619 2312 647 2339 ﬁt
669 2319 701 2339 ex
716 2313 861 2347 superbia;
886 2313 1052 2342 descensutn

269 2365 331 2384 esse
345 2359 377 2383 ad
394 2357 570 2384 subterranea
586 2367 592 2384 :
610 2366 659 2385 nec
676 2358 725 2385 abs
743 2367 771 2385 re
786 2359 903 2387 fortasse
917 2361 1051 2395 quisinde

270 2403 383 2436 abrepta
401 2403 545 2430 occasione
561 2404 597 2430 ita
615 2405 769 2438 superbiam
783 2405 930 2436 deﬁnierit,
948 2406 1051 2441 Super-

270 2447 315 2474 bia
331 2453 372 2474 est
393 2447 543 2475 descensus
567 2449 599 2476 ad
626 2449 754 2477 inferiora
767 2460 774 2478 :
788 2451 859 2486 quod
879 2452 902 2479 si
919 2451 1053 2486 visverbi,

270 2497 300 2519 ut
315 2492 406 2519 multis
428 2493 544 2526 videtur,
565 2495 733 2522 contrarium
759 2496 884 2523 ostendat
905 2497 1052 2532 (superbus

269 2539 341 2566 enim
357 2540 403 2574 qui
421 2547 504 2574 super
518 2540 586 2568 alios
603 2545 655 2573 est,
676 2541 730 2568 dici
747 2542 864 2577 videtur)
886 2551 948 2575 non,
965 2544 1052 2571 admi—

269 2585 553 2613 raberis:veritatem
592 2586 663 2613 enim
693 2586 793 2614 divinae
829 2588 948 2615 historia:
974 2590 1051 2624 sequi

269 2630 351 2660 malo,
377 2637 458 2664 quam
482 2632 620 2658 nominum
643 2631 842 2666 impositionem
859 2642 866 2660 :
881 2641 945 2660 nam
968 2635 991 2662 si
1006 2636 1053 2670 qui

270 2682 300 2702 se
325 2683 407 2710 super
425 2676 494 2704 alios
519 2677 648 2712 praeferre
669 2678 772 2709 volunt,
795 2679 870 2706 hiatu
897 2683 978 2708 terrai
1005 2681 1054 2710 de-

270 2721 364 2754 mersi,
384 2720 418 2748 ad
442 2721 535 2748 intima
558 2722 706 2750 decidunt:
725 2731 779 2751 non
791 2727 832 2752 est
853 2727 1052 2755 contemnenda

299 2809 321 2824 ³⁸³
329 2808 407 2836 Joan.
429 2818 468 2842 ιιι,
489 2810 529 2837 14.

1104 2221 1282 2256 παρώσασθαι
1301 2222 1363 2252 τοὺς
1395 2219 1469 2255 παρὰ
1498 2219 1544 2245 τοῦ
1561 2219 1628 2245 Θεοῦ
1649 2219 1698 2252 τὴν
1719 2219 1892 2254 λειτουργίαν

1104 2267 1204 2302 ταύτην
1229 2266 1360 2302 λαχόντας
1385 2265 1628 2300 φιλονεικήσαντες,
1645 2264 1669 2290 οἳ
1689 2264 1808 2299 χάσματι
1821 2265 1891 2290 ὑπο-

1103 2313 1250 2348 ληφθέντες
1276 2311 1501 2347 ἐξηφανίσθησαν.
1531 2311 1568 2337 Τὸ
1589 2310 1616 2336 δὲ
1634 2310 1694 2336 ὅσον
1711 2310 1780 2345 ὑπὲρ
1793 2311 1844 2344 γῆς
1856 2308 1892 2345 ἦν

1103 2359 1149 2385 τοῦ
1176 2358 1294 2385 τοιούτου
1320 2358 1515 2392 συντάγματος,
1539 2357 1680 2392 κεραυνοῖς
1701 2355 1889 2390 κατεπρήσθη

1104 2405 1283 2435 διδάσκοντος,
1305 2402 1392 2438 οἶμαι,
1410 2401 1453 2429 τοῦ
1478 2402 1556 2436 λόγου
1570 2401 1612 2428 διὰ
1630 2401 1680 2435 τῆς
1700 2401 1828 2436 ἱστορίας,
1849 2401 1892 2426 δτι

1105 2450 1190 2486 πέρας
1216 2450 1273 2476 ἐστὶ
1293 2449 1343 2484 τῆς
1361 2448 1422 2475 καθ’
1439 2447 1626 2482 ὑπερηφανίαν
1646 2447 1795 2481 ἐπὰρσεωῆ
1815 2448 1831 2481 ἡ
1850 2447 1892 2478 εἰς

1103 2497 1133 2523 τὸ
1148 2497 1272 2530 ὑπόγειον
1288 2495 1410 2526 κάθοδος.
1421 2494 1476 2521 Καὶ
1485 2494 1555 2528 τάχα
1571 2502 1612 2525 τις
1627 2493 1670 2520 διὰ
1684 2493 1784 2519 τούτων
1800 2492 1893 2528 ὁρμῶ-

1105 2551 1195 2578 μενος,
1211 2542 1260 2568 οὐκ
1278 2541 1427 2571 ἀπεικότως
1452 2539 1543 2566 ἄνοδον
1563 2539 1609 2564 ἐπὶ
1621 2538 1652 2564 τὸ
1663 2539 1738 2565 κάτω
1746 2537 1794 2573 τὴν
1806 2538 1893 2573 ὑπερ-

1103 2589 1221 2623 ηφανίαν
1230 2588 1359 2624 ὁρίσαιτο.
1375 2587 1405 2612 Ei
1419 2586 1446 2612 δὲ
1460 2585 1528 2621 πρὸς
1538 2584 1567 2611 τὸ
1577 2585 1698 2611 ἐναντίον
1708 2586 1740 2619 τῇ
1757 2583 1812 2610 τῶν
1825 2583 1892 2609 πολ-

1103 2635 1157 2661 λῶν
1185 2634 1317 2668 ὑπολήψει
1340 2633 1452 2668 φέρεται
1471 2633 1487 2666 ἡ
1500 2632 1613 2662 διάνοια,
1631 2631 1711 2666 μηδὲν
1724 2630 1869 2665 θαυμὰσῃς
1881 2637 1889 2644 ·

1102 2682 1158 2712 τοῖς
1174 2680 1227 2716 γὰρ
1240 2679 1346 2710 πολλοῖς
1356 2679 1430 2705 δοκεῖ
1447 2677 1477 2703 τὸ
1489 2677 1558 2712 ὺπέρ
1570 2676 1633 2708 τοὺς
1651 2675 1745 2707 ἄλλους
1757 2673 1834 2703 εἶναι,
1851 2674 1892 2708 τῷ

1103 2726 1214 2756 ὀνόματι
1236 2725 1285 2760 τῆς
1305 2723 1492 2760 ὑπερηφανίας
1522 2721 1710 2758 σημαῖνεσθαι.
1737 2721 1768 2746 'H
1792 2720 1817 2745 δὲ
1838 2719 1892 2746 τῶν
