1986 3080
102 135 157 163 ιη

771 135 815 163 DE
838 136 918 164 VITA
939 137 1077 166 MOYSlS.

1689 146 1741 175 ιιι

103 191 304 229 επορηθέντων
320 191 434 227 ἀλήθεια
453 191 557 227 βεϐαιοῖ
571 193 616 219 τὸν
634 192 767 228 ἡμέτερον
780 193 853 228 ὅρον.
866 194 896 220 Et

950 195 1082 229 deﬁnitio,
1096 203 1158 223 cum
1173 196 1301 230 dicimus,
1329 204 1425 226 casum
1453 198 1487 226 ad
1510 198 1615 232 intima,
1636 208 1735 237 super-

102 235 160 271 γὰρ
178 235 203 261 οι
221 235 290 270 ὑπὲρ
303 235 366 267 τοὺς
379 235 474 267 ἄλλους
488 236 600 268 ἑαυτοὺς
616 236 740 272 ἄραντες,
758 237 833 263 κάτω
848 246 899 264 που

102 281 267 312 κατέδυσαν,
280 282 400 317 χάσματι
414 282 463 318 τῆς
487 281 539 316 γῆς
555 281 733 317 διασχούσης·
750 281 799 308 οὐκ
811 281 843 308 ἄν
860 290 901 314 τις

103 327 254 362 καταγνοίη
285 327 332 353 τοῦ
358 327 434 362 ὅρου,
465 327 511 353 τοῦ
537 327 584 363 τὴν
618 328 825 363 ὑπερηφανίαν,
851 328 900 363 τὴν

103 374 256 400 κατωτάτω
267 373 371 399 πτῶσιν
386 370 466 403 εἴναι,
474 371 642 407 ὁριζομένου.
661 373 730 408 Πρὸς
743 372 828 399 ταῦτα
842 373 901 408 βλέ-

103 426 217 451 ποντας,
236 418 392 454 μετριάζειν
405 417 527 444 παιδεύει
541 419 555 443 ὁ
569 418 699 453 Μωῡσῆς,
715 418 762 444 καὶ
775 418 811 454 μὴ
823 418 901 444 ἐπαι-

105 464 201 499 ρεσθαι
214 465 270 495 τοῖς
292 463 513 499 κατορθώμασιν,
531 463 587 490 ἀλλ’
600 464 643 489 ἀεὶ
657 463 688 490 τὸ
704 464 790 499 παρὸν
802 462 831 490 εὖ
844 464 901 490 δια-

102 510 238 538 τίθεσθαι.
247 510 283 537 Οὺ
292 510 346 546 γὰρ
357 510 449 545 ἐπειδὴ
458 511 512 536 τῶν
521 510 622 544 ἡδονῶν
633 511 746 545 γέγονας
759 511 899 546 κρείττων,

103 556 156 591 ἢδη
167 563 206 581 σοι
215 555 245 581 τὸ
254 554 398 582 ἀνεύθυνον
406 555 444 590 τῷ
453 555 539 590 ἑτέρῳ
547 555 611 581 εῖδει
622 555 723 587 πάθους
732 555 899 584 ἁλίσκεσθαι.

104 600 211 636 ῐῖτῶμα
218 600 272 636 γάρ
284 602 342 627 ἐστι
353 602 407 627 πᾶν
422 601 518 632 πάθος,
530 601 582 633 ἓως
594 601 626 627 ἃν
643 601 728 632 πάθος
780 601 901 637 Διαφορὰ

103 647 135 674 δὲ
158 647 313 682 πτωμάτων
334 647 363 673 έν
374 648 407 682 τῇ
423 646 477 673 τῶν
495 647 664 682 παθημάτων
681 648 841 683 παραλλαγῇ
854 648 899 674 οὺ-

103 692 234 728 δεμία.¹0
249 692 287 727 τῷ
300 692 365 727 λείῳ
376 693 425 727 τῆς
440 692 535 728 ἡδονῆς
550 693 734 728 ὲνολισθήσας,
752 693 880 719 πέπτωκε
891 702 897 708 ·

103 739 153 765 καὶ
166 740 179 765 ό
195 739 239 765 διὰ
252 739 301 773 τῆς
312 739 500 774 ὑπερηφανίας
514 739 728 772 ὑποσκελισθεὶς,
748 739 898 775 ἀνετράπη.

104 784 189 810 Οὐδὲν
204 784 231 810 δὲ
246 784 464 819 καταπτώματος
473 783 542 816 εἶδος
556 785 663 819 αἱρετὸν
676 784 714 820 τῷ
729 785 790 811 νοῦν
800 785 897 820 ἔχοντι.

111 830 181 856 Ἀλλ’
198 830 295 864 ἐπίσης
309 830 362 855 πᾶν
378 829 477 864 πτῶμα
492 829 618 864 φευκτὸν,
636 830 688 861 ἓως
707 830 740 856 ἂν
752 829 851 864 πτῶμα

951 240 1024 268 biam
1041 249 1113 269 esse.
1130 241 1178 269 His
1192 242 1274 277 igitur
1289 243 1444 271 moderatos
1459 252 1509 271 nos
1534 243 1641 279 Moyses
1664 245 1739 279 facit,

951 286 1086 321 docetque
1103 295 1156 314 non
1177 288 1269 315 extolli
1284 289 1366 316 rebus
1387 290 1456 317 bene
1467 290 1560 324 gestis,
1573 291 1620 318 sed
1633 297 1741 328 semper

950 332 1023 366 quod
1050 332 1128 360 adest
1146 337 1173 360 et
1200 333 1283 361 instat
1306 334 1534 366 animadvertere.
1559 339 1688 370 recteque
1713 336 1740 364 id

950 376 1106 411 disponere.
1124 376 1184 404 Non
1204 378 1276 405 enim
1303 379 1433 413 quoniam
1456 379 1623 414 voluptatem
1655 387 1740 415 supe-

951 423 1030 455 rasti,
1048 424 1125 450 nullo
1142 425 1245 452 idcirco
1260 425 1377 459 amplius
1403 425 1499 452 morbo
1512 425 1618 452 devinei
1637 431 1715 459 potes
1729 435 1736 453 :

950 469 1041 496 omnis
1056 469 1140 496 animi
1154 471 1266 497 morbus
1282 478 1313 497 ac
1331 471 1509 504 perturbatio,
1526 478 1608 499 casus
1625 471 1738 506 quidam

951 519 993 543 est
1010 525 1016 542 :
1035 523 1151 550 cumque
1164 517 1386 550 perturbationes
1402 517 1472 543 inter
1489 525 1518 544 se
1536 516 1674 548 diﬂerant,
1697 524 1740 544 ca-

951 569 999 589 sus
1015 565 1105 588 tamen
1120 569 1175 588 nou
1191 562 1328 588 dilierunt.
1342 563 1431 594 Quare
1448 563 1520 589 sicut
1537 570 1586 598 per
1603 563 1736 589 lubricam

950 605 1118 639 voluptatem
1137 606 1274 640 quispiam
1298 606 1391 640 lapsus
1410 607 1523 639 decidit,
1552 607 1591 634 sic
1611 607 1738 642 superbia

951 648 1096 676 intricatus
1112 657 1143 676 ac
1158 650 1317 678 submersus
1329 651 1438 678 decidit.
1454 650 1563 678 Nullqu
1580 655 1673 679 autem
1688 659 1737 679 ex-

950 696 1023 727 petet
1040 701 1133 720 casum
1149 701 1268 728 unquam
1283 695 1329 728 qui
1353 696 1452 722 mentis
1477 703 1590 730 compos
1613 699 1666 728 est,
1688 694 1737 723 sed

949 738 1090 772 aequaliter
1105 745 1212 765 onmem
1233 747 1341 773 semper
1359 740 1471 767 evitabit
1489 748 1520 767 ac
1543 740 1628 775 fugiet
1645 749 1652 767 :
1668 747 1737 775 qua-

950 786 1060 816 propter
1082 783 1104 809 si
1126 790 1206 817 quem
1229 783 1331 809 videris
1346 783 1433 810 aliena
1458 784 1596 817 voluptate
1617 783 1737 817 sapt-rio-

950 834 1017 858 rem,
1044 831 1074 853 ut.
1097 828 1165 854 alios
1183 827 1320 854 excedens
1351 828 1475 854 videatur
1499 828 1653 854 sacerdotio
1683 831 1738 854 stu-

109 875 153 907 Ὠς
169 875 196 900 εἴ
208 883 268 901 τινα
292 876 338 901 καὶ
357 875 411 902 τῶν
434 874 481 902 νῦν
496 875 604 910 βλέποις
621 876 649 901 ἐν
678 875 754 910 μέρει
779 876 832 901 τινὶ
848 875 895 901 τοῦ

950 870 1021 903 dere,
1048 872 1121 898 hunc
1150 877 1214 907 puta
1237 873 1313 899 illum
1340 880 1412 905 esse,
1438 873 1485 906 qui
1509 881 1590 908 prava
1620 873 1737 899 elatione

103 919 178 946 κατὰ
193 919 241 950 τὰς
256 919 352 954 ἡδονὰς
361 920 574 954 ἁρρωστήματος
583 919 779 954 καθαρεύοντα,
792 919 893 955 σπουδῇ

103 965 133 992 δὲ
146 965 228 992 πάλιν
241 964 289 991 τοῦ
302 965 391 991 δοκεῖν
405 965 476 1000 ὑπὲρ
489 965 550 996 τοὺς
566 965 660 997 ἄλλους
678 963 756 997 εἶναι,
770 965 837 1000 πρὸς
847 965 897 1000 τὴν

104 1010 257 1045 ἱερωσύνην
270 1035 276 1041 ,
288 1010 383 1037 ἑαυτὸν
407 1010 573 1036 εἰσωθοῦντα
583 1019 589 1025 ·
607 1010 700 1037 τοῦτον
724 1011 826 1036 ἐκεῖνον
840 1009 897 1037 οἷον

104 1054 214 1090 βλέπειν
221 1054 265 1088 rev
274 1055 302 1081 ἐν
310 1054 349 1089 τῷ
357 1054 483 1089 ὑψώματι
492 1054 541 1089 τῆς
554 1055 742 1090 ὑπερηφανίας
754 1055 896 1083 πίπτοντα.

103 1099 229 1126 Διδάτκει
258 1099 312 1135 γὰρ
341 1101 369 1126 ὲν
398 1101 454 1130 τοῖς
477 1099 574 1133 ἑφεξῆς
597 1100 611 1125 ὁ
630 1099 720 1134 νόμος,
734 1100 775 1126 ὅτι
791 1099 861 1126 θεῖόν
871 1108 897 1126 τι

103 1145 199 1181 χρῆμά
212 1146 285 1172 ἐστιν
301 1146 317 1180 ή
337 1144 481 1180 ἱερωσύνη,
499 1145 544 1171 καὶ
563 1145 613 1171 οὐκ
625 1144 803 1180 ἀνθρώπινον.
820 1144 898 1171 Διδά-

105 1200 165 1218 σκει
181 1191 210 1218 δὲ
225 1191 321 1223 οὕτως·
346 1191 472 1222 Ῥἀόδους
490 1191 553 1226 παρ’
566 1191 684 1226 ἑκάστης
696 1191 781 1226 φυλῆς
798 1192 844 1218 ἐπὶ
859 1191 897 1227 τῷ

103 1237 216 1272 ὀνόματι
234 1236 288 1263 τῶν
302 1236 456 1263 δεδωκότων
467 1238 675 1272 κατασημήνας,
685 1237 830 1272 προτίθησι
849 1237 896 1264 θυ-

104 1283 266 1319 σιαστηρίῳ·
287 1282 357 1309 ὥστε
376 1283 427 1318 τῆς
441 1282 543 1309 ἄνωθεν
560 1283 725 1317 χειροτονίας
744 1284 897 1319 μαρτυρίαν

103 1328 233 1363 γενέσθαι
264 1328 313 1363 τὴν
341 1328 447 1362 ῥάϐδον,
473 1328 593 1363 θαύματί
608 1337 660 1354 τινι
676 1329 740 1364 θείῳ
759 1330 834 1365 παρὰ
849 1330 898 1361 τὰς

103 1375 186 1406 ἄλλας
208 1374 357 1410 γενομένην
382 1374 527 1409 ἐπίσημον.
551 1374 604 1400 Καὶ
628 1376 773 1409 γενομένου
790 1375 895 1405 τούτου.

103 1421 132 1448 αί
152 1421 200 1456 μὲν
227 1419 281 1446 τῶν
305 1419 391 1446 ἄλλων
410 1419 513 1455 ράόδοι,
540 1420 608 1454 ὅπερ
632 1417 716 1454 ἦσαν,
740 1419 896 1455 διέμειναν

104 1466 122 1501 ἡ
131 1465 159 1491 δὲ
171 1464 216 1491 τοῦ
231 1464 325 1499 ῑερέως
338 1463 406 1497 αὑτὴ
418 1464 446 1489 ὲν
461 1464 542 1498 ἑαυτῇ
560 1464 715 1498 ῥιζωθεῖσα,
732 1465 762 1490 οὐ
771 1464 814 1491 διά
825 1473 895 1496 τινος

103 1509 247 1544 ἀλλοτρίας
273 1508 396 1543 ἰκμάδος,
428 1508 494 1534 ἀλλὰ
513 1508 563 1542 τῆς
580 1508 670 1534 θεόθεν
691 1509 719 1534 ἐν
735 1510 801 1544 αὐτῇ
824 1510 896 1535 ἐντε-

104 1554 199 1590 θείσης
214 1554 365 1588 δυνάμεως,
386 1553 498 1585 κλάδους
513 1553 560 1580 καὶ
576 1554 680 1588 καρπὸν
693 1554 876 1588 ἀνεϐλάστησε
887 1563 893 1569 ·

104 1601 152 1627 καὶ
168 1599 302 1635 προῆλθεν
319 1601 332 1626 ό
348 1599 453 1634 καρπὸς
472 1600 511 1630 είς
532 1599 679 1626 τελείωσιν.
701 1600 809 1634 Κάρυον
821 1600 850 1626 δὲ
862 1598 896 1635 ἦν

103 1647 118 1673 ὁ
133 1646 256 1681 ’καρπός.
282 1643 318 1672 Οὗ
335 1645 491 1680 γενομένου,
515 1644 583 1679 πρὸς
598 1644 724 1676 εὐταξίαν
750 1645 895 1680 ἐπαιδεύθη

103 1693 159 1718 πᾶν
172 1692 202 1718 τὸ
215 1691 344 1726 ὑπήκοον.
360 1692 439 1718 Νοεῖν
460 1691 489 1718 δὲ
505 1691 638 1726 προσήκει
656 1690 700 1716 διὰ
714 1690 760 1716 τοῦ
776 1691 893 1726 καρποῦ,

102 1739 134 1765 ὃν
150 1739 167 1774 ή
184 1738 279 1774 ῥάϐδος
294 1737 442 1772 ἐϐλάστησε
457 1736 504 1762 τοῦ
520 1735 624 1771 ἱερέως,
637 1732 691 1762 οἷον
708 1735 759 1770 χρὴ
771 1734 840 1762 εἶναι
851 1736 895 1762 τὸν

103 1786 135 1812 ὲν
148 1783 280 1819 ἱερωσύνῃ
297 1783 363 1818 βίον,
380 1782 500 1817 ἐγκρατῆ
515 1790 587 1814 τινα,
604 1781 651 1807 καὶ
663 1782 893 1816 κατεστυμμένον,

104 1830 152 1857 καὶ
169 1828 386 1865 περιεσκληκὸτα
400 1829 433 1862 τῇ
449 1829 599 1861 φαινομένῃ
615 1826 671 1861 ζωῇ
682 1834 689 1840 ·
705 1825 809 1851 ἔνδοθεν
823 1825 850 1851 δὲ
866 1825 896 1851 τὸ

104 1875 234 1910 ἐδώδιμον
258 1875 287 1901 ἐν
374 1872 489 1908 κρυπτῷ
510 1874 557 1900 καὶ
573 1871 670 1905 ἀφανεῖ
687 1870 846 1905 περιέχοντα
857 1879 863 1884 ·
882 1870 896 1896 ὖ

104 1921 166 1947 τότε
178 1920 405 1951 ἀνακαλύπτεται,
417 1919 480 1945 ὅταν
494 1916 619 1951 πεπανθῇ
635 1915 673 1951 τῷ
685 1915 773 1950 χρόνῳ
788 1916 803 1950 ἡ
824 1914 895 1950 βρῶ-

948 918 1032 945 animi
1045 919 1077 945 ad
1098 919 1230 946 inferiora
1244 919 1424 954 deprimatur.
1440 919 1523 946 Docet
1541 919 1614 946 enim
1638 927 1686 954 per
1703 926 1736 946 ea

947 972 1008 999 quae
1025 968 1177 1000 sequuntur
1188 964 1313 997 historia,
1328 973 1381 992 non
1398 966 1546 993 humanam
1563 973 1619 992 rem
1635 973 1735 999 quam-

948 1009 1009 1036 dam
1026 1010 1073 1036 sed
1089 1010 1209 1036 divinam
1229 1011 1416 1038 sacerdotium
1439 1018 1512 1042 esse,
1538 1015 1565 1038 et
1584 1010 1663 1037 docet
1685 1010 1736 1038 hoc

948 1055 1029 1082 modo
1047 1065 1058 1082 τι
1072 1054 1170 1090 Virgae
1181 1056 1216 1082 ab
1232 1064 1396 1091 unaquaque
1409 1057 1481 1083 tribu
1497 1056 1598 1090 accipit
1617 1056 1735 1091 Moyses,

947 1108 994 1136 eas
1011 1101 1119 1127 illorum
1142 1101 1188 1135 qui
1205 1101 1339 1128 dederunt
1361 1101 1519 1129 nominibus
1532 1101 1684 1135 inscripsit,
1703 1108 1735 1128 ac

948 1146 1125 1173 tabernaculo
1135 1147 1270 1180 apposuit.
1284 1146 1413 1173 Firmiter
1424 1147 1496 1173 enim
1508 1146 1644 1177 credebatI
1660 1145 1734 1180 quod

948 1192 1082 1219 miraculo
1105 1192 1222 1226 quodam
1248 1199 1295 1225 per
1313 1193 1416 1226 virgam
1440 1199 1521 1226 quam
1545 1192 1736 1226 unusquisque

947 1237 1047 1270 attulit,
1066 1239 1183 1272 desuper
1196 1237 1326 1265 sacerdos
1342 1238 1577 1272 manifestaretur;
1597 1245 1650 1272 quo
1661 1238 1735 1265 facto

947 1283 1063 1310 aliorum
1081 1283 1190 1317 quidem
1211 1284 1293 1318 virgae
1309 1284 1380 1310 sicut
1397 1288 1487 1314 erant,
1505 1287 1732 1317 permanserunt:

949 1336 980 1355 ac
995 1329 1122 1356 destinati
1139 1329 1271 1356 divinitus
1292 1328 1445 1356 sacerdotis
1459 1329 1536 1363 virga
1562 1337 1615 1356 non
1631 1329 1736 1356 extrin-

948 1382 1028 1402 secus
1046 1375 1217 1406 humiditatc,
1240 1374 1288 1400 sed
1312 1375 1411 1400 viltute
1429 1373 1473 1400 Dei
1497 1374 1619 1400 immissa
1629 1373 1734 1400 radices

950 1419 1123 1454 propagavit,
1140 1427 1232 1446 ramos
1243 1419 1347 1451 emisit,
1367 1423 1393 1445 et
1408 1418 1521 1445 ﬂoribus
1538 1423 1672 1445 exornata
1689 1418 1736 1446 de-

948 1473 1022 1491 mum
1035 1465 1153 1492 fructum
1180 1466 1328 1499 produxit:
1352 1465 1458 1492 fructus
1484 1469 1543 1491 erat
1562 1473 1628 1491 nux.
1647 1464 1737 1496 Quare

947 1510 1068 1545 graviter
1091 1511 1217 1545 castigati
1237 1511 1410 1546 quieverunt.
1436 1509 1488 1536 Sed
1503 1510 1574 1541 vide,
1599 1509 1737 1544 quomodo

948 1555 1068 1589 undique
1096 1556 1267 1590 peregrinata
1293 1556 1415 1583 historia:
1445 1555 1537 1582 divina
1565 1555 1736 1589 pmvideutia

947 1607 998 1626 nos
1010 1600 1110 1629 docet:
1131 1601 1182 1628 hoc
1198 1601 1270 1628 enim
1295 1601 1397 1631 fructu,
1423 1608 1502 1634 quem
1523 1600 1640 1626 Aaronis
1662 1599 1737 1634 virga

947 1644 1080 1676 ediderat,
1109 1645 1198 1679 qualis
1223 1645 1321 1672 debeat
1344 1652 1405 1672 esse
1427 1645 1581 1672 sacerdotis
1602 1645 1656 1670 vita
1677 1651 1737 1670 mo-

946 1699 1043 1717 nemur
1058 1701 1064 1717 :
1081 1699 1176 1724 aspera
1200 1692 1272 1717 enim
1295 1695 1323 1718 et.
1347 1691 1491 1718 continens
1511 1691 1634 1725 duraque
1658 1690 1737 1718 debet

948 1736 1069 1764 exterius
1087 1744 1157 1768 esse,
1168 1737 1241 1763 intus
1254 1740 1343 1763 autem
1352 1741 1378 1763 et
1391 1737 1418 1762 iu
1430 1736 1538 1762 occulto
1553 1743 1636 1762 suave
1648 1735 1737 1769 quod-

948 1781 1011 1808 dam
1027 1781 1148 1808 edulium
1164 1781 1316 1810 continere,
1344 1780 1417 1814 quod
1443 1784 1508 1805 tunc
1528 1778 1736 1812 manifestatur,

949 1834 1011 1853 cum
1028 1830 1165 1853 maturum
1181 1826 1274 1857 fuerit,
1291 1830 1315 1853 et
1333 1830 1481 1859 corruptus
1499 1825 1581 1851 fuerit
1602 1825 1736 1858 styptieus

949 1877 981 1896 ac
1006 1869 1191 1897 circumfusus
1215 1874 1319 1902 cortex,
1342 1873 1367 1896 ct
1389 1870 1476 1903 lignea
1502 1869 1590 1895 nuclci
1610 1871 1679 1895 testa
1691 1868 1737 1896 de-

951 1915 1049 1941 fracta.

107 1976 161 2000 σις,
175 1967 222 1993 καὶ
236 1967 390 2002 περιρραγῇ
409 1965 439 1991 τὸ
454 1964 553 1998 στύφον
569 1962 752 1998 περιϐόλαιον,
765 1963 811 1988 καὶ
828 1961 970 1997 περιτριῧῇ
986 1962 1016 1988 τὺ
1027 1961 1242 1995 ξυλῶδες.ὲκεῖνο
1257 1961 1304 1987 τοῦ
1316 1961 1445 1996 ἐδωδίμου
1462 1961 1657 1998 προκάλυμμα.

142 2060 175 2087 Εἰ
190 2059 218 2085 δέ
233 2066 303 2089 τινος
322 2056 416 2092 ἱερέως
430 2055 575 2090 λεγομένου
595 2053 763 2089 καταμάθοις
776 2053 821 2080 τὸν
839 2052 895 2087 βίον

107 2103 246 2140 μηλοειδῆ,
254 2103 301 2130 καὶ
312 2101 438 2132 εῦπνουν,
449 2101 495 2127 καὶ
504 2099 657 2135 ροδόχρουν,
669 2096 719 2124 οἷοι
730 2099 783 2125 τῶν
792 2097 895 2124 πολλῶν

984 2051 1074 2084 Quare
1102 2051 1124 2078 si
1153 2050 1304 2078 sacerdotis
1326 2051 1524 2078 examinaveris
1549 2050 1643 2081 vitam.
1664 2050 1738 2078 inve-

949 2097 1078 2131 nerisque
1093 2095 1260 2122 redolentem
1285 2095 1432 2130 unguentis
1456 2102 1488 2122 ac
1503 2095 1584 2126 rOsis,
1609 2095 1690 2129 bysso
1710 2099 1738 2122 et

106 2150 160 2175 είςι
180 2148 272 2183 βύσσῳ
287 2147 333 2173 καὶ
358 2145 486 2181 πορφύρᾳ
507 2144 712 2179 διανθιζόμενοι,
726 2144 772 2170 καὶ
788 2145 846 2175 ταῖς
857 2143 896 2169 λι-

950 2151 1068 2178 purpura
1083 2142 1233 2175 ﬂorentem,
1251 2149 1283 2168 ac
1306 2143 1407 2169 mensis
1432 2142 1579 2177 pinguibus
1603 2142 1738 2170 inhaeren-

108 2196 209 2231 παραῖς
219 2193 370 2230 τραπέζαις
395 2191 610 2228 ὲμπιαινόμενοι,
626 2191 649 2217 οἰ
668 2190 713 2216 τὸν
729 2189 898 2224 διυλισμένον

105 2241 229 2272 πίνοντες
259 2237 339 2271 οἶνον,
360 2239 408 2265 καὶ
426 2239 461 2265 τὰ
486 2237 582 2273 πρῶτα
598 2237 670 2272 μύρα
685 2236 834 2272 χριόμενοι,
850 2234 898 2262 καὶ

106 2286 158 2313 ὅσα
173 2286 240 2312 ἄλλα
259 2285 362 2319 γλυκέα
388 2285 461 2311 δοκεῖ
481 2283 551 2310 κατὰ
566 2283 615 2318 τὴν
636 2282 780 2318 πρόχειρον
803 2281 897 2316 γεῦσιν

106 2334 164 2364 τοῖς
176 2332 221 2359 τὴν
243 2330 440 2358 ἀπολαυστικὸν
456 2330 576 2365 ὁρίζουσι.
603 2328 675 2364 βίον
694 2328 783 2359 καλῶς
801 2328 833 2354 ἂν
853 2327 899 2354 ἐπὶ

106 2378 204 2405 τούτου
213 2377 242 2404 τὺ
255 2376 431 2411 εύαγγελικδν
441 2376 539 2406 εἴποις,
556 2375 597 2401 ὅτι
605 2374 656 2400 Τὸν
669 2373 773 2408 καρπὸν
782 2373 898 2408 βλέπων,

106 2423 159 2450 οὐκ
173 2422 396 2457 ὲπιγινώσκωδιὰ
407 2421 453 2449 τοῦ
465 2420 571 2456 καρποῦ
582 2420 612 2447 τὸ
633 2419 766 2455 ἱερατικὸν
780 2418 898 2453 δένδρον.

111 2469 206 2500 Ἀλλος
224 2469 238 2494 ὁ
261 2469 309 2503 τῆς
328 2467 476 2504 ἱερωσύνης
504 2466 620 2502 καρπὸς,
639 2465 686 2492 καὶ
707 2462 782 2496 οὗτος
810 2463 898 2495 ἄλλος.

115 2514 232 2546 Ἐκεῖνος
247 2515 260 2540 ὁ
277 2514 392 2549 καρπὸς,
415 2513 563 2548 ἐγκράτεια
584 2510 633 2547 ἦν·
654 2509 744 2546 τρυίρὴ
763 2510 790 2536 δὲ
808 2506 894 2541 οὗτος.

115 2562 234 2593 Ἐκεῖνος
247 2562 297 2588 οὐκ
310 2561 363 2588 ἀπὸ
375 2561 470 2595 γηῖνης
487 2559 598 2595 ίκμόιδος
610 2557 784 2584 ὑπεπιαίνετο
793 2564 800 2571 ·
812 2555 899 2591 τούτῳ

108 2607 137 2633 δὲ
153 2606 244 2633 πολλοὶ
259 2606 381 2633 κάτωθεν
396 2603 606 2641 ἐπιρρέουσινιοί
621 2601 675 2628 τῶν
682 2601 783 2637 ἡδονῶν
799 2600 897 2635 ὀχετοὶ,

107 2653 142 2679 δι’
169 2649 207 2679 ὧν
234 2653 301 2688 πρὸς
327 2652 376 2687 τὴν
397 2651 523 2685 τοιαύτην
542 2649 616 2685 ὥραν
633 2649 650 2684 ἡ
667 2648 713 2674 τοῦ
732 2647 790 2682 βίου
805 2646 898 2682 ὀπώρα

109 2698 315 2733 διερυθαίνεται.
332 2698 397 2724 Ὅτε
415 2697 443 2724 δὲ
459 2696 506 2723 καὶ
528 2695 622 2722 τούτου
638 2693 683 2720 τοῦ
700 2693 801 2724 πάθους
815 2691 900 2718 καθα-

111 2745 156 2780 ρδν
167 2745 274 2778 ἐγένετο
289 2744 320 2770 τδ
336 2743 472 2778 ὑπήκοον,
488 2742 548 2768 τότε
566 2740 674 2773 διέξεισι
687 2739 733 2765 τὸν
754 2737 901 2772 ἀλλόφυλον

110 2790 178 2827 βίον,
195 2789 401 2825 καθηγουμένου
414 2787 461 2814 τοῦ
476 2787 559 2823 νόμου
573 2786 621 2821 τῆς
637 2784 779 2820 βασιλικῆς
795 2782 897 2817 λεωφό-

111 2848 170 2875 ρον,
193 2838 254 2865 καθ’
283 2837 377 2872 ἕτερον
404 2835 484 2871 μέρος
505 2834 554 2869 τῆς
578 2831 714 2868 ἐκτροπῆς
739 2828 896 2864 γινομένης.

952 2194 1017 2222 tem,
1031 2189 1058 2215 in
1073 2196 1126 2223 qua
1145 2196 1198 2215 non
1221 2188 1387 2216 adhibentur
1399 2188 1451 2215 nisi
1474 2188 1604 2214 defaecata
1622 2192 1649 2214 et
1680 2188 1737 2215 cla-

951 2235 1059 2262 rissima
1071 2235 1146 2266 vina,
1174 2239 1200 2262 et
1223 2238 1360 2269 unguenta
1384 2234 1594 2269 pretiosissima,
1619 2237 1646 2261 et
1663 2242 1738 2269 qum-

952 2288 1060 2316 cunque
1080 2281 1132 2307 alia
1156 2280 1251 2308 suavia
1279 2281 1313 2307 iis
1336 2284 1447 2315 gustatu
1476 2279 1615 2311 videnlur,
1636 2281 1736 2314 quibus

952 2327 1005 2354 hoc
1038 2327 1139 2354 saeculo
1172 2327 1225 2353 l’rui
1262 2329 1576 2361 proposueruntzrecte
1610 2325 1637 2352 in
1665 2325 1739 2353 hunc

953 2372 1120 2408 evangelicis
1144 2373 1229 2399 uteris
1246 2372 1337 2399 verbis
1351 2382 1357 2398 :
1374 2371 1504 2398 Fructum
1532 2371 1633 2403 video,’
1646 2379 1738 2399 sacer-

954 2417 1071 2445 dotalem
1088 2418 1212 2444 arborem
1227 2425 1280 2444 non
1294 2424 1430 2452 cognosco
1444 2426 1450 2444 ε
1465 2416 1535 2443 alius
1552 2420 1592 2444 est
1605 2417 1676 2444 enim
1693 2424 1738 2444 sa-

954 2463 1068 2490 cerdotii
1084 2462 1190 2490 fructus
1203 2463 1237 2490 ab
1254 2462 1316 2490 isto.
1346 2462 1392 2488 ille
1414 2461 1607 2488 continentiam
1631 2460 1710 2487 habet
1730 2468 1737 2487 :

950 2507 996 2534 ille
1015 2507 1128 2535 delicias
1143 2517 1150 2534 :
1165 2508 1210 2534 ille
1228 2511 1337 2534 terrena
1368 2505 1530 2532 humiditate
1552 2513 1605 2532 non
1625 2505 1739 2539 pinguev

951 2553 1015 2586 scit,
1029 2553 1093 2580 huic
1117 2553 1195 2580 multi
1221 2560 1236 2580 e
1258 2556 1330 2579 terra
1350 2551 1519 2585 voluptatum
1542 2550 1656 2577 afﬂuunt
1676 2550 1738 2576 rivi.

951 2599 1029 2628 Hunc
1053 2600 1135 2634 igitur
1158 2599 1240 2627 etiam
1267 2598 1391 2624 morbum
1413 2596 1537 2623 homines
1558 2603 1620 2622 cum
1636 2594 1740 2629 εποδε--

951 2646 1017 2678 rint,
1030 2650 1096 2672 tunc
1111 2643 1162 2672 tuti
1187 2650 1235 2678 per
1254 2641 1422 2675 alienigenas
1451 2641 1606 2671 transeunt,
1628 2638 1687 2672 lege
1702 2638 1739 2664 ita

951 2699 1000 2728 per
1017 2691 1120 2725 regiam
1147 2689 1264 2724 plateam
1284 2686 1465 2717 conducente,
1498 2689 1528 2711 ut
1554 2683 1587 2710 ad
1612 2686 1739 2710 neutram

936 2728 1060 2772 possint
1076 2739 1180 2770 partem
1208 2733 1355 2760 declinare.
1380 2730 1448 2758 Nam
1472 2729 1544 2757 sicut
1567 2728 1590 2755 si
1618 2734 1740 2762 prazceps

950 2771 1028 2808 locus
1047 2780 1175 2814 utrinque
1194 2781 1277 2807 esset,
1301 2776 1436 2810 ingentem
1461 2773 1610 2801 ostendens
1623 2771 1739 2802 hiatum,

952 2830 1099 2862 angustum
1117 2826 1168 2853 iter
1187 2831 1235 2860 per
1257 2821 1375 2849 medium
1403 2818 1513 2848 facienti
1541 2815 1742 2853 periculosissi-
