1986 3080
253 146 304 175 M9

871 140 900 169 S.
913 140 1078 169 GHEGORII
1099 141 1242 171 NYSSENI

1835 141 1868 168 6‘1
1873 141 1889 165 ἰ)

252 211 327 232 mum
348 205 421 230 esset
441 201 495 229 huc
525 204 606 235 atque
639 199 703 227 illuc
735 197 882 230 declinare,
909 199 949 226 sic
974 199 1046 225 nullo

1107 200 1275 236 Ἑπισφαλὴς
1297 199 1352 234 γὰρ
1370 199 1386 234 ὴ
1406 198 1452 225 ἐπὶ
1474 197 1507 225 τὰ
1531 197 1634 232 πλάγια
1661 198 1825 234 παρατροπὴ
1847 201 1890 235 τῷ

252 254 332 286 pacto
347 249 400 279 via,
420 255 480 283 qua:
496 247 575 274 nobis
588 254 603 273 a
617 246 676 281 lege
687 245 779 276 datur,
793 245 972 279 relinquenda
989 249 1042 277 est,

253 303 335 330 quam
350 294 481 321 Dominus
498 297 641 328 angustam
665 291 811 326 appellavit
819 290 854 323 ",
874 298 936 318 cum
948 298 999 318 nec
1010 291 1044 318 ad

253 341 357 372 laevam.
370 348 421 368 nec
429 340 462 367 ad
473 340 598 367 dextram
609 338 744 365 excedere
755 337 837 364 liceat
845 336 879 363 ".
891 336 941 364 Hic
953 340 1044 364 autem

254 394 345 414 sermo
358 387 385 413 in
406 385 496 412 medio
512 385 631 411 virtutes
646 384 750 411 locatas
771 391 833 410 esse
846 383 979 410 ostendit.
998 383 1045 410 Vi-

253 433 321 459 tium
335 432 408 460 enim
427 439 509 459 omne
526 431 573 458 ad.
587 431 718 457 virtutem
733 429 874 460 collatum,
901 433 948 455 aut
977 427 1045 456 deﬁ-

254 480 302 511 cit,
320 483 368 505 aut
380 477 488 505 excedit
507 485 513 503 :
531 480 561 503 ut
576 476 651 504 verbi
661 483 756 507 causa.
778 475 802 503 si
821 475 964 502 audaciam
979 482 1046 502 con-

255 523 311 551 fers
326 522 359 550 ad
377 522 578 552 fortitudinem,
607 525 649 548 est
665 528 796 548 excessus
813 520 942 555 quidam;
966 520 990 547 si
1011 521 1046 547 ti-

255 576 370 601 morem,
385 567 508 594 defectus
521 574 534 594 a
549 567 710 594 fortitudine
726 566 882 593 invenitur:
897 565 969 600 quod
982 573 1046 594 vero

255 613 326 640 inter
339 613 396 640 haec
421 613 500 647 quasi
522 616 641 647 angusto
660 612 769 639 tramite
788 616 925 643 versatur,
947 619 1045 647 expers

254 665 438 687 extremorum
451 660 604 694 utriusque,
620 658 645 686 id
661 659 750 686 virtus
763 661 805 686 est
822 667 829 686 :
846 657 943 685 eodem
964 657 1046 684 modo

255 709 354 733 ctetera
369 711 478 740 quoque
499 705 589 731 omnia
602 711 663 739 quae
680 703 790 731 virtutis
806 704 917 731 nomine
939 710 1046 730 nuncu-

255 755 364 786 pantur,
376 750 503 776 vitiorqu
517 749 648 776 aﬂinitate
675 748 804 783 utrinque
828 747 1045 776 circumdantur.

256 795 396 830 Sapientia
412 794 538 821 versutia:
553 799 580 821 et
602 794 788 828 simplicitatis
807 793 895 820 media
920 796 973 823 est,
997 798 1047 818 nec

255 844 414 875 serpentum
440 840 572 872 versutia,
598 846 648 866 nec
667 838 803 866 columba:
825 838 1001 872 simplicitas,
1024 836 1046 863 si

255 893 305 921 per
316 886 435 920 seipsum
460 890 608 919 utrumque
626 884 796 916 consideres,
818 883 953 910 laudanda
982 887 1045 911 est:
1063 880 1083 908 ll

256 932 303 958 sed
318 932 365 966 qui
378 931 449 958 inter
464 931 522 957 haec
537 931 649 957 habitus
660 934 713 962 est,
728 930 815 957 virtus
835 933 887 957 est.
915 929 1048 956 Similiter

256 977 302 1012 qui
318 985 332 1003 a
350 977 482 1004 modestia
500 976 676 1008 deﬁcit,luxu
689 976 952 1010 corrumpiturzqui
966 982 1047 1002 exce-

256 1023 296 1050 dit
315 1031 341 1049 ιιι
359 1023 417 1058 ipsa
437 1023 527 1049 nimia:
541 1023 682 1049 tenuitatis
696 1026 771 1054 nota,
783 1022 822 1048 ttti
845 1021 991 1056 Apostolus
1000 1021 1046 1052 ait,

256 1069 436 1096 cauteriatam
453 1069 534 1096 habet
545 1069 742 1096 conscientiam
757 1069 792 1095 ⁸³.
818 1068 864 1095 llle
880 1068 913 1095 ad
927 1068 1049 1102 volupta-

256 1119 298 1142 tes
309 1115 442 1150 pecudum
463 1123 538 1142 more
553 1114 649 1145 l‘erlur,
670 1115 714 1142 hic
734 1115 816 1141 etiam
842 1113 1046 1140 matrimonium

256 1160 334 1195 quasi
347 1160 511 1186 adulterium
530 1160 706 1187 abominatur
727 1165 754 1187 et
777 1161 886 1195 rejicit:
905 1160 976 1187 inter
998 1160 1048 1187 hos

256 1210 346 1233 autem
363 1205 504 1233 modestus
516 1214 546 1233 se
559 1207 695 1238 continet,
714 1214 802 1240 tneque
819 1206 851 1233 ad
875 1214 985 1233 omnem
1008 1205 1049 1233 ef—

260 1251 340 1279 fusus
355 1252 532 1286 voluptatem,
550 1256 578 1279 et
591 1253 807 1285 matrimonium,
831 1257 861 1279 ut
875 1253 964 1284 decet,
984 1260 1047 1279 sus—

259 1298 375 1333 cipiens.
402 1297 502 1324 Verum
527 1299 667 1332 quoniam,
697 1302 727 1324 ut
745 1297 878 1325 Dominus
896 1297 977 1330 ait“,
1006 1297 1049 1324 hic

257 1344 376 1371 mundus
391 1344 417 1370 in
434 1343 608 1378 pravujacet,
623 1348 721 1378 estque
738 1344 820 1371 alieni
835 1344 945 1378 generis
960 1343 994 1370 ab
1012 1343 1048 1370 iis

257 1390 304 1425 qui
321 1391 407 1424 legem
433 1390 598 1424 sequuntur,
624 1389 756 1424 quidquid
773 1390 865 1416 virtuti
887 1390 1047 1424 opponitur,

257 1435 284 1462 id
304 1442 369 1462 vero
395 1438 438 1461 est
458 1434 597 1468 pravitas;
621 1434 780 1469 quicunque
808 1442 856 1469 per
881 1434 952 1461 hanc
977 1435 1046 1461 viam

258 1478 392 1509 ambulat,
409 1481 468 1504 tuto
488 1486 535 1512 per
550 1478 660 1506 virtutis
687 1479 738 1506 iter
753 1479 893 1511 transibit,
917 1480 940 1507 si
959 1480 1047 1514 publi-

257 1531 336 1555 cam,
363 1524 386 1550 si
409 1524 504 1550 virtuti
534 1524 627 1550 tritam
653 1525 798 1560 albamque
824 1525 954 1552 continue
976 1526 1047 1552 viam

258 1574 380 1605 peraget,
396 1577 532 1604 nusquam
549 1569 581 1596 ad
596 1570 710 1596 ﬁnitima
731 1570 803 1596 invia
820 1570 971 1597 divertens.
996 1570 1048 1597 Sed

257 1614 400 1649 quoniam,
413 1614 509 1649 ntjam
527 1615 629 1641 dictum
647 1620 701 1646 est,
722 1623 783 1642 cum
802 1622 919 1642 ascensu
939 1615 1049 1642 virtutis

258 1660 365 1687 insidiae
380 1659 532 1687 adversarii
549 1660 750 1693 conscendunt,
781 1660 894 1687 idoneas
908 1661 935 1687 in
957 1661 1050 1694 singn.

258 1705 347 1732 lorum
365 1705 472 1732 vivendi
490 1706 624 1732 rationem
647 1705 779 1740 peccandi
810 1713 908 1733 causas
938 1706 1049 1740 excogi—

259 1751 353 1783 tantis,
365 1751 419 1778 alia
437 1755 502 1778 tunc
517 1751 661 1778 vafredine
677 1751 801 1778 insidiari
817 1751 918 1786 populo
939 1751 1047 1784 statuit,

258 1803 339 1830 quem
361 1795 471 1822 videbat
495 1795 551 1831 jam
573 1796 606 1824 ad
635 1796 720 1824 Deum
753 1804 917 1825 conversum
946 1797 1050 1825 rectius

258 1841 369 1874 vivere;
398 1848 430 1867 ac
444 1841 529 1868 veluti
551 1850 650 1877 graves
672 1843 834 1878 expertique
857 1843 1048 1878 itnperalores,

259 1894 321 1913 cum
347 1887 456 1914 diﬂicilc
482 1888 639 1924 putaverint
668 1889 810 1915 victoriam
849 1893 945 1924 aperto
969 1897 1050 1924 posse

257 1933 390 1967 consequi
416 1938 514 1966 marte,
539 1934 811 1963 dissimulationibus
835 1939 917 1970 atque
941 1936 1050 1964 insidiis

259 1979 365 2006 hostem
382 1986 513 2014 superare
532 1985 686 2007 conantur:
712 1981 751 2008 sic
772 1981 901 2008 vitiorum
925 1982 1048 2009 omninnt

258 2023 314 2051 dux
331 2028 413 2058 atque
430 2025 579 2059 imperator
594 2027 732 2058 diabolus,
748 2028 770 2053 si
787 2028 921 2062 quosdam
945 2028 972 2054 in
991 2029 1049 2055 vir-

258 2073 318 2096 tute
334 2070 489 2098 stabiliores
513 2071 595 2105 videt,
611 2080 666 2099 non
685 2076 776 2107 aperte
794 2074 820 2100 in
839 2073 934 2100 faciem
951 2075 1049 2108 objicit

258 2114 392 2149 gladium,
413 2115 460 2142 sed
476 2115 546 2142 clam
563 2120 590 2143 et
613 2125 660 2152 per
674 2117 791 2145 insidias
811 2118 846 2145 de
867 2119 927 2146 loco
945 2120 1048 2153 pellere

258 2161 361 2189 studet.
383 2161 490 2189 Idcirco
513 2170 603 2197 augur
617 2162 727 2197 quidem
750 2163 901 2196 maleﬁcus,
931 2166 1048 2193 occultis

1096 247 1224 274 ὁδεύοντι.
1245 247 1350 281 Ὥσπερ
1379 245 1433 280 γὰρ
1447 245 1471 271 εἰ
1492 244 1538 271 δύο
1555 245 1673 280 κρημνοὶ
1698 245 1761 280 μίαν
1782 246 1827 272 ἐπὶ
1839 247 1890 280 τῆς

1097 293 1185 328 ἄκρας
1197 292 1295 327 ῥαχίας
1309 291 1431 326 ἀτραπὸν
1447 291 1629 324 ἀποστενοῖεν,
1645 291 1768 323 κίνδυνός
1782 292 1838 319 ἐστι
1849 292 1892 328 τῷ

1097 339 1142 366 διὰ
1158 339 1258 373 ταύτης
1271 338 1397 372 βαίνοντι,
1412 337 1488 364 ἔνθεν
1501 337 1516 373 ἢ
1531 337 1607 364 ἐνθεν
1621 339 1833 374 παρατραπῆναι
1845 340 1890 365 τοῦ

1100 385 1182 420 μέσου
1211 385 1291 416 (ἴσως
1312 385 1365 419 γὰρ
1389 383 1558 419 ἑκατέρωθεν
1583 384 1613 411 τὺ
1639 386 1671 411 ὲκ
1696 385 1743 411 τοῦ
1766 386 1892 422 κρημνοῦ

1100 430 1235 466 βάραθρον
1259 430 1308 465 τὴν
1332 430 1468 466 ἐκτροπὴν
1485 429 1648 464 διαδέχεται)
1660 439 1665 445 ·
1677 430 1763 463 οὕτως
1780 433 1794 458 6
1808 431 1892 467 νόμος

1100 475 1223 510 βούλεται
1238 475 1282 502 τὸν
1295 474 1369 510 αὐτῷ
1388 475 1448 501 κατ’
1468 474 1539 510 ἴχνος
1560 475 1701 510 ἑπόμενον.
1724 476 1761 511 μὴ
1778 477 1890 503 καταλι-

1099 523 1161 547 πεῖν
1179 521 1228 556 τὴν
1243 521 1312 550 ὁδὸν.
1329 521 1388 556 τὴν,
1404 520 1494 552 καθώς
1503 529 1584 556 φησιν
1601 521 1615 547 6
1632 521 1743 557 Κύριος.
1754 522 1846 558 στενήν
1859 531 1892 548 τι

1100 567 1145 593 καὶ
1162 566 1355 601 τεθλιμμένην,
1372 567 1441 601 μήτε
1459 566 1506 592 ἐπὶ
1526 566 1556 592 τὺ
1574 566 1667 593 σκαιόν
1690 575 1718 593 τε
1732 567 1778 594 καὶ
1794 568 1893 594 εὐώνυ-

1101 621 1162 647 μον.
1179 613 1248 648 μήτε
1263 611 1310 639 ἐπὶ
1323 612 1353 638 τὸ
1372 611 1458 644 δεξιὸν
1469 611 1656 647 νομιζόμενον.
1673 613 1766 649 Δόγμα
1777 613 1805 640 δέ
1817 615 1892 641 ἐστιν

1099 655 1176 689 οὗτος
1189 659 1203 684 6
1229 657 1318 692 λόγος,
1345 658 1374 684 ὲν
1402 657 1529 693 μεσότητι
1550 658 1711 694 θεωρεῖσθαι
1725 659 1775 690 τὰς
1789 659 1892 695 ἀρετὰς

1099 703 1256 738 ὁριζόμενος
1267 711 1274 718 ·
1294 703 1360 730 διότι
1382 703 1487 738 πέφυκε
1508 704 1582 730 πᾶσα
1603 704 1686 731 κακία
1700 705 1717 740 ἢ
1734 707 1794 732 κατ’
1805 706 1893 732 ἐλλει-

1099 748 1156 782 ψιν,
1169 748 1185 783 ἢ
1200 748 1261 774 καθ’
1271 749 1446 784 ὑπέρπτωσιν
1460 749 1558 784 ἀρετῆς
1570 750 1749 785 ἐνεργεῖσθαι.
1768 749 1830 778 Οἷον
1844 752 1894 778 ἐπὶ

1099 793 1148 828 τῆς
1158 793 1293 828 ἀνδρείας.
1305 793 1420 828 ἔλλειψίς
1428 794 1469 823 τίς
1478 795 1550 820 ἐστιν
1561 795 1662 830 ἀρετῆς
1671 796 1688 830 ἡ
1699 796 1794 828 δειλία,
1806 797 1892 833 ὑπέρ-

1101 847 1203 870 πτωσις
1218 838 1246 864 δὲ
1267 838 1296 864 τὸ
1311 838 1420 874 θράσος
1440 838 1470 864 τὸ
1485 838 1514 865 δὲ
1536 838 1666 874 ἐκατέρου
1689 839 1791 866 τούτων
1805 840 1894 867 καθα-

1099 884 1187 920 ρεῦον,
1200 885 1228 910 ὲν
1243 884 1318 920 μέσῳ
1332 892 1361 910 τε
1372 884 1425 910 τῶν
1442 884 1650 920 παρακειμένων
1663 885 1767 911 κακιῶν
1778 885 1894 922 θεωρεῖ-

1099 939 1153 962 ται,
1172 931 1219 956 καὶ
1237 930 1320 965 ἀρετή
1338 930 1407 956 ἐστι.
1428 930 1506 956 Κατὰ
1517 930 1562 957 τὸν
1574 930 1655 957 αὑτὸν
1670 931 1779 966 τρόπον,
1794 932 1840 958 καὶ
1856 932 1894 959 τὰ

1099 975 1164 1002 ἄλλα
1177 977 1275 1006 πάντα.
1289 975 1338 1002 ὅσα
1351 976 1418 1010 πρὸς
1430 976 1459 1001 τὸ
1473 977 1594 1012 κρεῖττον
1607 976 1795 1009 σπουδάζεται,
1811 986 1893 1012 μεσο-

1098 1021 1220 1048 λαϐεἰταί
1248 1030 1306 1052 πως
1329 1023 1385 1053 τοῖς
1410 1023 1503 1053 κακοῖς
1527 1023 1728 1058 γειτονὴμασιν.
1755 1023 1787 1050 Ἦ
1811 1024 1893 1057 σοφία

1098 1066 1250 1101 δεινότητός
1264 1074 1293 1092 τε
1308 1066 1355 1092 καὶ
1371 1066 1565 1101 ἁκεραιότητος
1587 1066 1616 1092 τδ
1637 1067 1718 1101 μέσον
1740 1066 1806 1101 ἔχει·
1828 1067 1893 1094 οὔτε

1098 1113 1145 1139 τοῦ
1155 1114 1243 1147 ὄφεως
1251 1112 1280 1138 τὸ
1294 1112 1424 1147 φρόνιμον
1433 1112 1584 1142 ἐπαινετὸν,
1595 1111 1655 1138 οὔτε
1664 1111 1714 1146 τῆς
1727 1113 1892 1148 περιστερᾶς

1098 1160 1128 1186 τὸ
1141 1159 1279 1195 ἀκέραιον,
1296 1160 1318 1185 εἰ
1333 1158 1375 1193 ἐφ’
1390 1157 1486 1184 ἑαυτοῦ
1504 1158 1585 1192 μόνου
1599 1158 1653 1184 δέοι
1671 1158 1821 1194 λαμϐάνειν
1833 1157 1893 1185 τού-

1099 1213 1152 1232 των
1167 1205 1306 1240 ὲκάτερον·
1323 1204 1379 1230 ἀλλ’
1394 1205 1410 1239 ἡ
1425 1203 1469 1230 διὰ
1486 1203 1567 1238 μέσου
1581 1203 1635 1229 τῶν
1647 1203 1694 1230 δύο
1708 1203 1809 1230 τούτων
1825 1204 1893 1238 σύγ-

1100 1259 1199 1287 κρατος
1219 1250 1292 1282 ἕξις,
1313 1249 1398 1284 ἀρετὴ
1421 1249 1534 1283 γίνεται.
1562 1249 1590 1275 '0
1613 1249 1724 1285 ἐλλιπὴς
1748 1249 1817 1276 κατὰ
1841 1250 1893 1284 τὴν

1100 1296 1286 1332 σωφροσύνην,
1309 1295 1469 1327 ἀκόλαστος·
1489 1296 1502 1321 6
1518 1295 1685 1328 πλεονάζων,
1706 1296 1893 1331 κεκαυτηρία-

1101 1351 1160 1369 σται
1172 1342 1219 1377 τὴν
1238 1342 1401 1376 συνείδησιν,
1416 1341 1508 1373 καθὼς
1522 1341 1643 1376 ὁρίζεται
1656 1343 1670 1368 6
1691 1342 1860 1374 ’Δπόστολος-
1879 1343 1894 1368 6

1101 1388 1150 1424 μὲν
1161 1389 1215 1423 γὰρ
1227 1389 1286 1419 ταῖς
1302 1387 1408 1423 ἡδοναῖς
1423 1387 1534 1423 ἀναίδην
1549 1388 1705 1422 ἐκκέχυται,
1719 1389 1733 1414 ὀ
1745 1388 1773 1414 δὲ
1787 1388 1834 1414 καὶ
1847 1388 1894 1414 τὸν

1099 1435 1188 1469 γάμον
1200 1432 1247 1460 ἴσα
1264 1435 1298 1469 τῇ
1314 1433 1420 1469 μοιχείᾳ
1437 1433 1620 1468 βδελύσσεται·
1637 1435 1654 1469 ἡ
1669 1434 1697 1460 δὲ
1713 1434 1756 1460 διὰ
1769 1433 1827 1469 [μέ]
1844 1442 1893 1460 σου

1099 1480 1200 1507 τούτων
1214 1479 1386 1515 θεωρουμένη
1402 1479 1469 1511 ἕξις.
1483 1479 1644 1515 σωφροσύνη
1658 1480 1740 1506 ἐστίν.
1765 1480 1842 1506 Ἐπεὶ
1852 1479 1893 1512 δὲ,

1100 1525 1189 1557 καθώς
1206 1534 1286 1560 φησιν
1299 1527 1313 1552 6
1327 1526 1439 1561 Κύριος,
1455 1527 1469 1552 6
1483 1526 1584 1560 κόσμος
1599 1524 1675 1557 οὗτος
1689 1527 1718 1552 ἐν
1730 1526 1767 1561 τῷ
1780 1526 1894 1562 πονηρῷ

1101 1574 1204 1604 κεῖται,
1227 1572 1375 1606 ἀλλόφυλον
1387 1572 1415 1598 δὲ
1430 1573 1485 1603 τοῖς
1500 1571 1642 1607 ἑπομένοις
1664 1571 1702 1605 τῷ
1716 1572 1790 1608 νόμῳ
1811 1572 1842 1598 τὸ
1857 1573 1891 1607 τῇ

1100 1619 1183 1654 ἀρετῇ
1199 1619 1395 1654 ἀντικείμενον.
1411 1619 1480 1654 ὅπερ
1497 1619 1570 1645 ἐστὶν
1582 1619 1598 1653 ἡ
1612 1619 1738 1654 πονηρία·
1756 1620 1770 1645 6
1785 1618 1829 1645 διὰ
1843 1618 1892 1646 τοῦ

1100 1665 1202 1700 κόσμου
1227 1664 1323 1691 τούτου
1343 1664 1413 1691 κατὰ
1437 1664 1483 1690 τὸν
1501 1664 1558 1698 βίον
1573 1663 1738 1699 ὁδοιπορῶν,
1762 1663 1892 1698 ἀσφαλῶς

1099 1711 1148 1745 ’τὴν
1171 1711 1324 1744 ἀναγκαίαν
1343 1710 1446 1745 ταύτην
1466 1710 1516 1744 τῆς
1536 1710 1637 1745 ἀρετῆς
1653 1710 1771 1737 διανύσει
1789 1710 1895 1737 ὁδοιπο-

1102 1757 1172 1792 ρίαν,
1199 1758 1223 1783 εί
1242 1757 1290 1791 τὴν
1313 1756 1450 1791 λεωφόρον
1475 1756 1569 1787 liv/101;.
1586 1756 1635 1791 τὴν
1652 1756 1704 1782 ὑπὸ
1723 1755 1772 1791 τῆς
1791 1756 1894 1791 ἀρετῆς

1099 1798 1258 1838 τριῴῦεῖσάν
1272 1810 1302 1827 τε
1321 1801 1368 1827 καὶ
1381 1801 1593 1836 λευκαινομένην
1608 1801 1666 1828 ὁδὸν
1679 1801 1820 1835 φυλάσσοι,
1839 1811 1893 1837 μη-

1099 1847 1185 1883 δαμοῦ
1208 1847 1276 1883 πρὸς
1298 1847 1347 1878 τὰς
1369 1847 1576 1882 παρακειμένας
1599 1847 1705 1878 ἀνοδίας
1727 1847 1770 1873 διὰ
1791 1847 1892 1873 κακίαν

1101 1894 1352 1930 παρατρεπόμενος.
1372 1893 1450 1920 Ἐπεὶ
1463 1893 1500 1922 δὲ.
1517 1892 1609 1924 x108»;
1623 1892 1739 1928 εἴρηται.
1756 1894 1788 1928 τῇ
1806 1892 1893 1928 ἀνόδῳ

1099 1939 1148 1973 τῆς
1165 1938 1264 1973 ἀρετῆς
1286 1938 1366 1973 καὶή
1387 1937 1515 1973 ἐπιϐουλὴ
1539 1937 1585 1964 τοῦ
1621 1938 1809 1972 ἀντικειμένου
1831 1946 1894 1964 συν-

1099 1984 1250 2015 αναϐαίνει,
1261 1983 1434 2018 καταλλήλως
1443 1985 1558 2011 ἑκάστου
1567 1984 1615 2018 τῆς
1626 1985 1665 2015 εἰς
1673 1984 1703 2010 τὸ
1711 1985 1795 2011 κακὸν
1804 1993 1894 2020 παρα-

1098 2030 1203 2066 τροπῆς
1222 2030 1271 2061 τὰς
1292 2029 1419 2064 ἀφορμὰς
1437 2029 1648 2064 ἐξευρίσκουσιν
1664 2030 1725 2056 τότε
1745 2030 1812 2065 πρὸς
1835 2031 1894 2065 μετ-

1099 2076 1144 2108 ζον
1157 2076 1203 2102 τοῦ
1220 2074 1285 2102 λαοῦ
1301 2077 1329 2102 ὲν
1343 2075 1382 2110 τῷ
1397 2076 1467 2101 κατὰ
1479 2075 1544 2101 Θεὸν
1557 2075 1606 2110 βίῳ
1615 2076 1790 2110 αὐξήσαντος,
1806 2075 1892 2110 ἄλλης

1099 2121 1242 2156 ἐπιϐουλῆς
1255 2122 1269 2148 6
1293 2120 1480 2156 ἀντικείμενος
1491 2121 1615 2152 ἅπτεται,
1632 2121 1702 2147 κατὰ
1716 2121 1779 2152 τοὺς
1786 2121 1893 2152 δεινοὺς

1099 2168 1134 2194 τὰ
1153 2167 1304 2202 πολεμικά·
1325 2167 1350 2194 οἳ
1377 2167 1427 2202 τὴν
1454 2166 1525 2193 κατὰ
1550 2167 1637 2202 στόμα
1662 2166 1813 2202 παράταξιν
1835 2166 1892 2192 τῶν

258 2206 422 2241 quihusdant
448 2207 553 2234 viribus
579 2206 734 2234 daemonum
761 2208 793 2235 ad
815 2207 1046 2237 malefaciendum

1101 2213 1333 2240 πλεονεκτούντων
1354 2212 1423 2239 κατὰ
1439 2212 1487 2248 τὴν
1507 2212 1621 2247 δύναμιν
1640 2212 1893 2246 δυσκαταγώνιστον

257 2252 299 2278 vel
321 2252 413 2280 verbis
431 2253 498 2280 solis
519 2260 642 2288 paratus,
662 2262 676 2281 a
698 2259 816 2289 tyranno
835 2253 1045 2283 Madianitarum

257 2299 384 2325 mercede
412 2298 565 2326 conductus
592 2304 729 2327 vocatur:
752 2301 798 2335 qui
825 2308 888 2327 cum
910 2301 1044 2334 venisset,

257 2351 312 2371 non
330 2348 358 2371 ut
375 2345 482 2372 volebat
499 2345 650 2378 mali-dixit,
670 2346 717 2373 sed
735 2347 827 2373 divina
848 2347 951 2374 virtute
967 2355 1044 2374 com-

256 2389 353 2424 pulsus
366 2391 467 2425 populo
487 2391 527 2418 vel
544 2391 647 2419 invitus
667 2392 818 2426 benedixit,
838 2401 892 2428 qtta
915 2402 947 2421 ex
964 2402 992 2420 re
1005 2393 1045 2421 l‘a-

255 2435 308 2462 cile
326 2436 497 2472 intelligitur,
515 2438 605 2465 nullas
621 2442 694 2466 artes
712 2440 843 2474 magicas,
854 2440 945 2468 nullas
958 2441 1046 2468 hostis

255 2480 369 2508 humani
383 2483 493 2517 generis
510 2483 624 2512 insidias
640 2485 773 2512 adversus
798 2494 845 2513 eos
871 2486 974 2519 valere,
997 2488 1046 2522 qui

255 2527 384 2554 virtutem
412 2529 507 2556 colunt
527 2539 534 2557 :
554 2530 602 2557 sed
631 2531 712 2558 ctiam
741 2532 885 2566 pravitatis
910 2533 963 2560 tela
983 2533 1047 2568 reji-

255 2573 355 2601 ciunt:
376 2575 424 2609 qui
448 2575 492 2602 Dei
512 2577 640 2610 presidio
654 2577 850 2604 defenduntur.

1099 2257 1233 2293 ὁρῶντες,
1248 2257 1337 2291 λόγοις
1356 2257 1404 2284 καὶ
1424 2256 1545 2292 ἐνέδραις
1569 2256 1821 2291 καταστρατηγοῦσι
1846 2255 1893 2282 τὸν

1100 2303 1297 2339 ἀντικείμενον.
1313 2302 1430 2334 Οὕτωςὸ
1445 2303 1495 2338 τῆς
1517 2303 1616 2334 κακίας
1635 2302 1748 2338 στρατὸς
1767 2302 1814 2328 ἐπὶ
1836 2302 1893 2328 τῶν

1100 2350 1174 2385 νόμῳ
1189 2350 1235 2376 καὶ
1254 2349 1337 2384 ἀρετῇ
1359 2348 1586 2383 δυναμωθέντων,
1608 2348 1700 2375 οὐκέτι
1716 2347 1786 2374 κατὰ
1807 2347 1893 2383 πρόσ-

1099 2404 1173 2422 ωπον
1184 2395 1325 2429 ἀντεξάγει
1342 2394 1389 2430 τὴν
1406 2394 1530 2429 δύναμιν,
1547 2394 1604 2420 ἀλλ’
1614 2394 1734 2429 ἐνέδραις
1749 2393 1804 2419 τισὶ
1819 2393 1892 2420 κατὰ

1097 2441 1127 2467 τὸ
1145 2440 1247 2474 ἀφανὲς
1262 2441 1312 2476 τὴν
1338 2440 1483 2476 ὲπιόουλὴν
1498 2440 1684 2476 ἐξεργάζεται.
1703 2439 1786 2466 Καλεί
1799 2439 1891 2465 τοίνυν

1097 2487 1136 2518 είς
1153 2486 1310 2521 συμμαχίαν
1319 2486 1388 2512 κατά
1401 2486 1454 2512 τῶν
1465 2486 1714 2521 ἐπιϐουλευομένων
1730 2486 1794 2520 παρ’
1805 2484 1890 2511 αὑτοῦ

1096 2531 1145 2567 τὴν
1160 2531 1296 2567 γοητείαν.
1317 2532 1398 2566 Ἢνή
1422 2532 1471 2566 μὲν
1487 2532 1590 2567 ἱστορία
1611 2531 1679 2566 φησὶ
1703 2531 1799 2566 μάντιν
1817 2528 1890 2556 εἶναί

1096 2586 1156 2613 τινα
1173 2578 1220 2604 καὶ
1232 2577 1384 2612 οἰωνιστὴν,
1400 2577 1431 2603 ἐκ
1443 2586 1514 2609 τινος
1524 2578 1664 2614 ἐνεργείας
1676 2577 1809 2612 δαιμόνων
1824 2576 1891 2612 βλα-

256 2621 354 2656 πτικὴν
369 2620 455 2656 δήπου
471 2622 584 2658 δύναμιν
603 2623 698 2658 ἔχοντα
717 2624 765 2650 καὶ
789 2624 842 2650 τῶν
863 2624 1045 2657 ὑπεναντίων,
1069 2624 1116 2651 καὶ
1147 2623 1316 2658 μισθωθέντα
1338 2623 1413 2657 παρὰ
1438 2623 1486 2650 τοῦ
1505 2624 1667 2659 κρατοῦντος
1688 2624 1742 2650 τῶν
1756 2623 1889 2650 Μαδιανιο

256 2667 321 2698 τῶν,
336 2668 378 2702 ἐφ’
395 2665 416 2701 ᾧ
432 2677 460 2694 τε
483 2668 580 2704 βλάψαι
597 2669 639 2696 διὰ
654 2670 776 2705 κατάρας
793 2671 853 2702 τοὺς
869 2670 906 2706 τῷ
917 2671 977 2705 Θεῷ
989 2670 1102 2703 ζῶντας,
1129 2670 1223 2696 τοῦτον
1241 2669 1338 2706 τρέψαι
1367 2669 1416 2705 τὴν
1439 2671 1561 2706 κατάραν
1578 2671 1618 2703 εἰς
1633 2670 1756 2705 εὐλογίαν
1778 2668 1888 2704 ,Ἡμεῖς

254 2711 283 2738 δὲ
298 2712 411 2748 νοοῦμεν
422 2713 466 2740 διὰ
481 2714 527 2740 τοῦ
543 2714 687 2741 ἀκολούθου
701 2715 754 2741 τῶν
766 2716 1040 2752 προτεθεωρημένων,
1056 2716 1086 2743 τὸ
1110 2716 1177 2751 μηδὲ
1200 2716 1249 2751 τὴν
1261 2715 1387 2750 γοητείαν
1407 2716 1518 2752 ἐνεργὸν
1531 2718 1601 2744 κατὰ
1613 2718 1666 2745 τῶν
1680 2719 1708 2744 ὲν
1722 2718 1804 2754 ἀρετῇ
1823 2717 1885 2750 ζών-

254 2765 307 2784 των
324 2757 402 2785 εἶναι·
425 2758 492 2785 ἀλλὰ
509 2759 598 2795 πάσης
616 2759 791 2795 ὑπερισχύειν
814 2761 960 2796 ἐπιϐουλῆς
983 2763 1045 2793 τοὺς
1067 2761 1110 2788 διὰ
1135 2761 1184 2796 τῆς
1211 2760 1286 2792 θείας
1302 2761 1427 2797 βοηθείας
1444 2763 1656 2798 εὐωχουμένους.

293 2846 314 2862 ⁸¹
332 2847 426 2874 Matth.
442 2856 490 2880 vn,
513 2848 553 2874 ll.
588 2848 616 2882 _"
641 2848 717 2877 Deut.
735 2857 819 2877 xxvttt
835 2849 877 2876 Η.
915 2849 950 2876 ⁸⁵1
965 2849 1046 2877 Titno

1100 2859 1136 2884 tv,
1154 2851 1181 2877 '2.
1236 2851 1258 2867 ⁸⁵
1275 2850 1373 2880 anu.
1391 2861 1416 2885 ν,
1441 2854 1480 2882 19.
