1986 3080
100 117 146 142 421

767 119 810 147 DE
825 120 906 148 VITA
926 120 996 149 MOY
1002 120 1063 149 SIS.

1675 127 1728 155 £22

136 173 172 200 Τὸ
194 174 248 209 γὰρ
269 175 318 209 τὴν
338 175 553 211 οἰωνοσκοπικὴν
575 177 744 212 ἐπιτηδεύειν
763 179 885 213 μαντείαι

977 179 1099 206 Habebat
1116 179 1224 206 Balaam
1239 181 1365 216 auguria,
1385 182 1493 210 tenebat
1514 183 1637 216 oracula,
1653 191 1680 211 et
1691 184 1726 212 ad

99 220 143 246 τὸν
164 220 393 255 μνημονευοὲντα,
412 224 589 257 μαρτυρεῖται
609 222 685 257 παρὰ
704 222 754 257 τῆς
769 224 889 258 ἱστορίας

99 267 128 293 ἐν
140 263 181 298 οἷς
195 274 277 301 φησιν
287 287 293 298 ,
316 267 351 293 τά
369 276 399 293 τε
416 268 529 302 μαντεῖα
549 267 593 294 διὰ
607 268 698 303 χειρὸς
712 268 783 304 ἔχειν
796 269 887 301 αὑτὸν,

99 311 146 337 καὶ
166 310 240 345 παρὰ
260 310 314 337 τῶν
336 311 437 338 οἰωνῶν
460 312 703 346 συμϐουλεύεσθαι’
725 314 772 340 καὶ
788 313 841 348 πρό
857 322 888 347 γε

99 356 210 388 τούτων,
227 357 268 383 ὅτι
281 356 324 382 διὰ
338 356 385 383 τοῦ
407 357 550 392 μηκυθμοῦ
564 358 613 393 τῆς
627 358 687 385 δνου
702 358 737 385 τὰ
761 360 825 395 περὶ
839 359 888 394 τῆς

99 402 282 436 προκειμένης
297 402 370 437 αὺτῴ
380 402 494 437 σπουδῆς
504 402 666 429 ὲδιδάσκετο·
674 401 707 439 ἦς
716 404 760 430 τὸν
771 404 888 438 φοὸγγον

99 447 153 480 (διὰ
170 448 200 474 τὸ
213 448 334 483 συνήθως
345 448 425 474 αὑτὸν
436 449 495 479 ταῖς
508 448 561 474 τῶν
573 448 676 482 ἀλόγων
689 450 800 483 φωναῖς,
816 449 888 476 κατά

97 502 158 519 τινα
172 492 313 526 δαιμονίαν
328 492 477 528 ἐνέργειαν,
497 493 744 529 συμϐουλεύεσθαι)
761 495 797 526 ὡς
810 494 888 530 ἔναρ-

99 536 162 572 θρον
177 537 193 571 ἡ
208 537 303 572 Γραφὴ
315 537 471 572 διηγήσατο,
484 537 685 572 ἐνδεικνυμένη,
697 539 736 564 ὅτι
750 539 813 570 τοὺς
825 547 887 575 προ-

99 582 280 618 ειλημμένους
291 584 324 618 τῇ
336 583 448 619 τοιαύτῃ
461 582 515 609 τῶν
527 583 662 617 δαιμόνων
675 584 767 620 ἀπάτῃ
777 605 784 615 ,
805 585 887 620 μέχρι

99 629 200 655 τούτων
214 629 333 663 φθάνειν,
348 629 385 660 ὡς
399 629 459 656 ἀντὶ
480 630 560 664 λόγου
575 630 700 665 δέχεσθαι
719 630 769 666 τὴν
785 631 819 657 ὲκ
838 631 888 666 τῆς

99 675 179 706 ποιᾶς
194 667 410 709 παρατηρήσεως
426 675 574 710 γενομένην
585 675 675 707 αὐτοῖς
690 676 723 702 ἐκ
735 675 784 710 τῆς
797 676 888 711 φωνῆς

97 721 152 748 τῶν
174 721 278 755 ἀλόγων
297 720 480 747 διδασκαλίαν·
541 721 681 756 προσχὼν,
700 721 733 748 δι’
747 721 836 748 αὐτῶν
850 718 887 748 ὧν

97 768 230 802 ἠπατᾶτο,
245 767 275 793 τὺ
289 766 393 802 ἄμαχον
406 767 454 802 τῆς
467 767 528 793 καθ’
542 764 578 793 ὧν
593 766 731 802 ἐμισθώθη
746 767 888 802 δυνάμεως

97 811 283 847 ἑξεπαιδεύθη.
299 812 353 838 Καὶ
365 811 419 847 γὰρ
433 812 462 838 ἐν
476 813 509 847 τῇ
520 812 683 848 εὖαγγελικῇ
699 812 803 848 ἱστορίᾳ⁹
816 821 885 849 παρ-

98 858 246 884 εςκεύαστο
272 859 312 889 είς
335 857 490 884 ἀντίστασιν
507 858 555 893 τῆς
575 857 620 884 τοῦ
640 857 742 893 Κυρίου
760 858 885 891 ἐξουσίας

97 903 128 930 τὺ
150 903 326 938 συγκρότημα
349 903 402 930 τῶν
419 903 564 939 δαιμόνων,
585 905 602 939 ἡ
628 903 737 938 λεγεών,
765 904 883 940 Πλησιά-

99 958 194 980 σαντος
213 949 241 975 δὲ
261 944 307 975 τοῦ
329 949 435 984 ἔχοντος
454 949 524 975 κατὰ
543 950 651 976 πάντων
664 949 694 975 τὸ
710 949 819 984 κράτος,
835 950 884 985 βοᾷ

97 996 146 1030 τὴν
160 996 345 1031 ὑπερέχουσαν
359 995 482 1030 δύναμιν,
500 995 547 1021 καὶ
559 995 608 1022 οὐκ
621 995 818 1034 ἐπικρύπτεται
834 995 883 1030 τὴν

97 1042 244 1077 ἀλήθειαν,
264 1041 305 1068 ὅτι
329 1038 406 1073 οὗτός
424 1041 498 1067 ἐστιν
518 1042 534 1076 ἡ
554 1041 613 1067 θεία
635 1041 732 1075 φύσις,
749 1042 764 1068 ὁ
784 1042 884 1072 ἐντοῖς

97 1087 248 1122 καθήκουσι
270 1087 374 1122 χρόνοις
391 1086 498 1118 ἐπάξων
512 1088 567 1118 τοῖς
586 1087 760 1122 ἡμαρτηκόσι
774 1086 822 1122 τὴν
839 1087 884 1113 κό-

97 1133 183 1160 λασιν.
205 1132 287 1167 Λέγει
303 1133 356 1167 γὰρ
376 1133 392 1168 ὴ
409 1131 462 1158 τῶν
481 1132 614 1166 δαιμόνων
636 1133 721 1167 φωνή·
744 1141 752 1157 ι
767 1132 883 1167 Οἵδοιμέν

99 1187 128 1205 σε
144 1178 185 1210 τίς
198 1175 233 1210 εἴ,
246 1178 260 1204 ὁ
274 1178 350 1211 ἇγιος
363 1177 408 1204 τοῦ
419 1176 496 1204 Θεοῦ·
512 1178 558 1203 καὶ
573 1177 614 1203 ὃτι
629 1175 709 1212 ἦλθες
722 1177 774 1213 πρὸ
787 1177 883 1213 καιροῦ

99 1224 240 1259 βασανίσαι
254 1223 336 1258 ἡμᾶς.
355 1232 365 1248 ι
383 1223 416 1250 Ὃ
432 1223 463 1259 δὴ
479 1224 525 1249 καὶ
545 1223 605 1249 τότε
620 1222 738 1257 ἐγένετο,
751 1223 800 1258 τῆς
815 1232 884 1258 παρ-

98 1270 233 1305 επομένης
247 1268 285 1304 τῷ
299 1269 393 1304 μάντει
408 1268 545 1303 δαιμονίας
564 1268 715 1303 δυνάμεως,
732 1268 763 1294 τὸ
779 1269 883 1304 ἄμαχόν

97 1325 127 1342 τε
144 1316 190 1342 καί
206 1313 437 1348 ἀνανταγώνιστον
455 1312 501 1340 τοῦ
522 1314 587 1340 λαοῦ
612 1313 657 1340 τὸν
680 1313 794 1349 Βαλαὰμ
813 1314 884 1340 διδα.

99 1361 226 1396 σκούσης.
235 1361 329 1395 Ἡμεῖς
346 1359 374 1386 δέ
388 1368 487 1394 φαμεν,
505 1360 559 1390 τοῖς
578 1358 823 1394 προεξητασμένοις
835 1358 884 1394 τὴν

98 1407 218 1443 ἱστορίαν
238 1406 412 1442 ἁρμόζοντες,
428 1405 458 1431 τὸ
472 1405 542 1431 κατὰ
558 1405 612 1431 τῶν
630 1405 658 1431 ὲν
674 1405 757 1440 ἀρετῇ
776 1404 884 1435 ζώντων

96 1453 142 1479 τὸν
167 1451 337 1487 καταρᾶσθαι
370 1450 565 1485 βεϐουλημένον
591 1449 724 1484 μηδεμίαν
755 1449 883 1476 δύνασθαι

98 1497 240 1533 προΐεσθαι
264 1497 354 1531 φωνὴν
377 1496 502 1531 λυπηράν
529 1504 558 1521 τε
581 1496 627 1521 καὶ
648 1494 882 1529 ἀπεμφαίνουσαν,

97 1543 165 1570 ἀλλὰ
178 1542 288 1578 τρέπειν
310 1542 359 1577 τὴν
374 1541 496 1576 κατάραν
514 1541 553 1571 είς
572 1540 706 1574 εὐλογίαν.
724 1540 760 1565 Τὸ
773 1539 799 1565 δὲ
813 1538 886 1565 νοού-

99 1598 189 1624 μενον,
211 1587 289 1614 τοῦτό
308 1589 393 1621 ἐστιν,
413 1588 453 1614 ὅτι
473 1587 527 1613 τῶν
549 1587 608 1613 κατ’
623 1586 722 1621 ἀρετὴν
742 1585 850 1618 ζώντων
872 1586 885 1611 ὁ

97 1634 146 1668 τῆς
157 1632 288 1669 λοιδορίας
301 1632 395 1667 μῶμος
405 1633 454 1667 οὐχ
465 1631 590 1658 ἆπτεται.
604 1631 664 1662 Πῶς
673 1631 726 1666 γὰρ
738 1631 784 1657 ἐπὶ
796 1631 886 1657 πλεον-

97 1680 156 1715 εξία
171 1681 185 1706 ὁ
200 1679 329 1714 ἀκτήμων
344 1677 580 1713 λοιδορηοήσεταις
593 1678 650 1708 πῶς
663 1677 691 1703 δέ
705 1686 746 1708 τις
759 1676 887 1711 ἐπιθρυλ-

96 1726 174 1761 λήσει
188 1725 237 1760 τὴν
248 1725 366 1752 ἀσωτίαν
380 1724 418 1759 τῷ
433 1723 669 1759 ἀνακεχωρημένῳ
683 1723 730 1749 καὶ
742 1722 884 1754 ίδιάζοντι;

97 1771 115 1807 ἢ
129 1771 176 1798 τὸν
188 1770 271 1806 θυμὸν
284 1770 322 1805 τῷ
337 1770 433 1805 πράως
451 1769 467 1805 ἢ
481 1770 526 1796 τὸν
540 1769 624 1802 τύφον
638 1768 677 1803 τῷ
695 1768 884 1803 μετριόφρονι;

97 1817 115 1853 ἦ
127 1817 190 1845 ἄλλο
201 1825 228 1843 τι
240 1816 292 1843 τῶν
307 1815 456 1851 ὲπιμώμων
471 1817 527 1847 τοῖς
545 1816 578 1841 ἐκ
600 1815 653 1840 τῶν
665 1814 792 1841 ἐναντίων
805 1822 887 1847 γινω-

99 1862 257 1898 σκομένοις;
280 1861 321 1894 οἷς
340 1862 440 1892 σκοπός
466 1861 550 1892 ἐστιν,
568 1860 686 1894 ἄληπτον
703 1859 832 1894 παρέχειν
848 1858 887 1893 τῷ

97 1908 188 1944 μώμῳ
198 1909 242 1936 τὸν
258 1908 322 1943 βίοψ
337 1908 391 1940 ἵνα,
412 1906 502 1938 καθώς
518 1914 599 1941 φησιν
613 1906 627 1932 ὁ
641 1905 811 1936 Ἀπόστολος,
831 1905 845 1930 ὁ
858 1905 886 1937 ἐξ

97 1954 221 1986 ἐναντίας
248 1954 378 1990 ἐντραπῇ.
404 1952 486 1988 μηδὲν
512 1952 581 1987 ἔχων
603 1951 702 1984 λέγειν.
729 1950 778 1976 Διὰ
809 1950 887 1976 τοῦτό

98 2009 180 2035 φησιν
191 2001 207 2036 ἡ
219 2000 294 2034 φωνὴ
305 1999 351 2026 τοῦ
366 2000 405 2030 είς
420 1998 541 2033 κατάραν
552 1996 785 2032 παρειλημμένου,
802 2006 810 2021 ι
826 1996 887 2028 Πῶς

97 2046 253 2081 ἀράσομαι,
274 2044 303 2071 ὃν
326 2044 363 2080 μὴ
381 2044 480 2078 ἀρᾶται
504 2042 622 2078 Κύριοςς
641 2051 650 2067 ι
668 2041 790 2068 τουτέστι
802 2061 808 2073 ,
825 2041 887 2072 Πῶς

97 2091 287 2126 λοιδορήσομαι
312 2090 356 2116 τὸν
385 2089 421 2125 μὴ
447 2088 582 2116 δεδωκότα
608 2089 658 2124 τῆς
682 2088 814 2123 λοιδορίας
838 2087 887 2122 τὴν

97 2136 182 2171 ialm;
199 2133 221 2171 ᾧ
234 2136 276 2163 διὰ
290 2135 320 2162 τὸ
337 2135 404 2171 πρὸς
418 2135 463 2162 τὸν
477 2135 543 2162 Θεὸν
558 2135 664 2170 βλέπειν
679 2135 797 2170 ἄτρωτός
814 2134 887 2160 ἐστιν

97 2183 137 2213 είς
151 2181 249 2208 κακίαν
262 2182 275 2208 ὁ
293 2181 358 2216 βίος.
384 2180 421 2206 Οὑ
437 2179 500 2215 μὴν,
520 2179 614 2214 ἐπειδὴ
630 2179 723 2205 τούτου
741 2179 886 2214 διήμαρτεν

96 2227 111 2252 ὂ
126 2227 176 2261 τῆς
193 2226 290 2257 κακίας
303 2225 426 2261 εὑρετὴς,
442 2225 555 2252 καθόλου
570 2226 618 2260 τῆς
629 2224 699 2251 κατὰ
714 2225 766 2250 τῶν
777 2224 885 2250 ἐπιϐου-

96 2272 249 2307 λευομένων
262 2271 381 2303 ἐπινοίας
393 2271 539 2298 ἐπαύσατο·
555 2270 622 2297 ἀλλὰ
637 2270 704 2306 πρὸς
716 2269 746 2296 τὸ
758 2269 822 2296 ἴδιον
834 2269 885 2296 πά-

96 2318 199 2353 λαισμα
210 2317 259 2352 τὴν
274 2317 393 2344 ἐπίνοιαν
404 2317 509 2352 τρέπει,
526 2316 605 2343 πάλιν
620 2316 652 2342 δι’
664 2316 762 2350 ἡδονῆς
777 2315 844 2351 πρδς
854 2315 885 2341 τὸ

98 2363 183 2390 κακὸν
208 2363 338 2395 δελεάζων
359 2363 407 2398 τὴν
430 2362 519 2396 φύσιν.
545 2362 649 2393 Ὄντως
674 2361 764 2397 πάσης
785 2361 885 2392 κακίας

95 2406 154 2434 οἶόν
168 2417 194 2434 τι
205 2408 299 2443 δέλεαρ
313 2410 328 2443 ἡ
346 2409 427 2444 ἡδονὴ
445 2407 638 2443 προϐληοεῖσα,
653 2407 769 2438 εὐκόλως
780 2406 829 2438 τὰς
845 2407 884 2433 λι-

95 2454 227 2490 χνοτέρας
240 2454 327 2490 ψυχὰς
338 2456 382 2481 ἐπὶ
398 2455 428 2481 τὺ
440 2454 586 2489 ἄγκιστρον
601 2454 649 2489 τῆς
661 2453 796 2485 ἀπωλείας
808 2453 886 2487 ἐφέλ-

95 2510 186 2528 κεται.
209 2501 334 2528 Μάλιστα
357 2500 385 2527 δέ
409 2509 466 2532 πως
487 2500 532 2526 διὰ
552 2500 601 2535 τῆς
616 2499 765 2527 ἀκολάστου
789 2499 886 2534 ἡδονῆς

95 2546 260 2580 ἀφυλάκτως
275 2548 290 2581 ἠ
317 2545 396 2580 φύσις
408 2546 476 2581 πρὸς
494 2545 524 2572 τὺ
539 2545 622 2573 κακὸν
640 2546 836 2581 παρασύρεται.
853 2545 885 2570 Ὂ

95 2590 130 2625 δὴ
144 2590 190 2616 καὶ
198 2589 257 2616 τότε
274 2590 391 2624 ἐγένετο.
402 2590 433 2616 Oi
448 2589 502 2625 γὰρ
519 2589 572 2616 τῶν
583 2589 671 2616 ὃπλων
687 2587 885 2624 ὑπερισχύσαν-

95 2645 154 2669 τες,
168 2637 215 2663 καὶ
230 2637 318 2663 πᾶσαν
330 2636 378 2671 τὴν
390 2636 422 2661 ὲκ
434 2634 543 2670 σιδήρου
564 2633 713 2669 προσϐολὴν
726 2632 884 2659 ἀσθενεστέ-

97 2690 150 2717 ραν
164 2681 212 2716 τῆς
227 2681 293 2713 ἰδίας
310 2681 449 2716 δυνάμεως
466 2679 616 2711 δείξαντες,
632 2679 678 2705 καὶ
696 2678 767 2704 κατὰ
786 2677 886 2713 κράτος

95 2726 147 2761 τὴν
170 2725 297 2760 φάλαγγα
321 2725 374 2751 τῶν
403 2723 598 2759 ἀντικειμένων
619 2722 800 2758 τρεψάμενοι,
827 2722 883 2753 τοῖς

141 2810 164 2826 ³⁸
177 2816 255 2844 Num.
272 2824 337 2847 nu,
356 2814 399 2841 28.
439 2813 460 2829 ⁸⁸
475 2813 556 2841 Marc.
575 2821 599 2845 v,
619 2813 634 2839 9
651 2820 710 2846 sqq.

900 851 921 878 B

939 224 996 251 hac
1017 224 1111 252 ruditu
1133 225 1217 253 asinze
1245 226 1338 261 ignota
1360 234 1556 263 nonnunquam
1586 229 1726 264 perdisce-

939 269 985 296 bat
993 270 1016 286 ⁸⁸
1035 279 1042 297 :
1059 270 1140 304 cujus
1156 278 1249 298 vocem
1272 271 1412 309 (quoniam
1432 273 1490 308 ipse
1506 274 1613 301 solebat
1630 275 1726 302 bruto-

939 322 1000 342 rum
1026 315 1184 343 animalium
1210 317 1345 344 clamores
1372 322 1399 344 et
1426 319 1547 352 garritus
1567 320 1656 347 avium
1678 328 1726 348 co—

939 365 1072 396 operante
1090 362 1199 390 diabolo
1215 362 1379 398 intelligere)
1399 365 1478 398 quasi
1495 365 1667 394 articulatam
1687 367 1725 394 si-

938 406 1168 442 gniticantemque
1201 407 1315 435 historia
1336 410 1496 436 enarravit:
1517 410 1665 439 ostendens
1689 412 1722 438 ad

938 451 991 479 hoc
1004 453 1132 480 vanitatis
1150 454 1277 481 seductos
1302 461 1317 481 a
1338 454 1509 482 daemonibus
1530 457 1670 488 devenire.
1695 463 1725 484 ut

937 497 1047 525 modum
1063 498 1139 525 vocis
1157 499 1300 526 brutorum
1317 500 1474 533 observent,
1496 509 1528 529 ac
1547 502 1609 530 inde
1624 502 1726 537 signiti-

937 543 1027 570 cantis
1044 543 1196 570 doctrinam
1216 544 1437 580 vocis'accipere
1454 547 1632 577 arbitrentur.
1655 547 1723 574 Nam

937 592 1003 615 tunc
1017 588 1162 616 attendens
1181 589 1221 616 eis
1236 589 1337 624 quibus
1353 591 1535 619 seducebatur
1551 593 1668 626 artibus,
1682 593 1724 620 in-

937 634 1132 668 expugnabiles
1147 641 1208 662 esse
1226 634 1346 667 Iudaeos,
1361 636 1494 665 adversus
1512 646 1582 672 quos
1607 639 1724 666 duceba-

937 681 993 710 tur,
1008 679 1155 712 perdoctus
1173 683 1225 706 est.
1252 679 1298 706 Sic
1320 684 1348 707 et
1370 680 1397 707 in
1417 681 1570 717 evangelica
1581 680 1719 710 historia“

937 723 1010 758 legio
1040 724 1208 756 daemonum,
1247 726 1373 760 quamvis
1413 725 1546 754 adversus
1575 726 1720 754 Dominum

939 773 1089 804 praeparata
1108 774 1193 801 esset.
1205 778 1267 797 cum
1284 776 1376 798 tamen
1398 771 1569 800 advenientis
1581 773 1634 800 vim
1651 774 1722 801 ferre

938 821 991 841 non
1009 818 1113 848 posset.
1131 815 1231 842 clamat
1248 815 1332 843 invita
1353 817 1506 850 veritatem,
1532 819 1605 853 quod
1623 819 1668 847 hic
1680 824 1722 848 cst

937 862 995 897 ipse
1016 862 1060 890 Dei
1081 862 1178 893 Filius,
1213 863 1260 897 qui
1277 863 1453 890 convenienti
1477 868 1598 899 tempore
1630 865 1720 900 ignem

937 908 1126 943 peccatoribus
1154 913 1285 935 aeternum
1311 909 1455 936 retribuet.
1491 909 1603 938 Dicebat
1631 916 1721 938 autem

938 954 1008 989 legio
1023 955 1090 981 illa:
1114 964 1122 980 ι
1136 954 1246 982 Scimus
1272 955 1334 989 quis
1354 959 1383 981 tu
1403 963 1444 987 es.
1472 960 1585 984 sanctus
1609 955 1674 988 Dei,
1695 959 1723 984 et

937 1000 1036 1028 venisti
1068 1005 1131 1027 ante
1159 1004 1266 1035 tempus
1286 1008 1386 1028 vexare
1407 1009 1474 1034 nos;
1489 1002 1580 1035 iquod
1606 1006 1633 1029 et
1658 1006 1723 1029 tunc

938 1045 1038 1071 factum
1055 1049 1106 1072 est.
1125 1044 1173 1072 Vis
1188 1045 1260 1071 enitn
1276 1044 1440 1078 daemonum,
1457 1054 1518 1081 qua:
1531 1054 1661 1082 augurem
1677 1055 1722 1075 se-

936 1090 1081 1125 quebatur,
1096 1091 1228 1118 invictum
1250 1098 1311 1118 esse
1327 1092 1457 1126 populum
1473 1091 1518 1119 Dei
1535 1097 1622 1119 vatem
1632 1093 1722 1128 ipsum

936 1138 1056 1165 edocuit.
1084 1136 1121 1163 ita
1148 1137 1250 1164 nullam
1269 1141 1359 1171 potest
1376 1138 1507 1172 iniquitas
1528 1137 1609 1165 edere
1628 1146 1721 1166 vocem

937 1183 964 1209 in
980 1183 1131 1211 virtuosos.
1149 1190 1202 1216 qua
1226 1183 1314 1217 possit
1335 1190 1383 1210 eos
1408 1182 1514 1211 edicere
1529 1183 1648 1218 pejores,
1673 1185 1722 1212 sed

938 1227 1100 1255 maledicere
1114 1228 1240 1259 studens,
1268 1227 1423 1254 benedicit:
1442 1235 1492 1255 nec
1515 1229 1588 1256 enim
1615 1230 1722 1257 macula

938 1274 991 1300 ulla
1019 1273 1180 1300 sordescunt
1200 1272 1362 1300 innocentes
1379 1281 1385 1298 :
1400 1273 1535 1308 quomodo
1560 1274 1633 1301 enim
1657 1282 1722 1302 ava-

937 1319 1062 1353 ritia,qui
1078 1319 1169 1345 omnia
1185 1319 1347 1349 contemnit,
1367 1319 1566 1346 maculabitur?
1581 1320 1722 1354 quomodo

937 1364 1014 1399 quasi
1032 1365 1191 1392 luxuriosus
1206 1373 1238 1392 ac
1255 1372 1368 1396 vagans.
1392 1365 1535 1392 solitarius
1557 1365 1639 1393 homo
1654 1367 1723 1394 vitu-

939 1410 1098 1444 perabitur?
1118 1410 1257 1444 quomodo
1284 1410 1324 1437 ira
1342 1411 1400 1437 miti
1424 1411 1556 1438 nocebit?
1585 1413 1722 1446 quomodo

936 1455 1013 1482 elata:
1036 1455 1157 1483 cervices
1184 1455 1302 1483 humiles
1329 1447 1560 1483 vexabunt‘t'aut
1579 1457 1631 1484 alia
1651 1465 1723 1492 quae-

937 1502 1007 1536 piam
1023 1501 1126 1527 macula
1136 1501 1341 1527 immaculatum
1350 1501 1509 1528 maculabit‘?
1521 1501 1567 1529 l'lis
1577 1502 1650 1529 enim
1666 1502 1723 1530 haec

936 1545 1050 1572 intentio
1062 1545 1168 1573 vivendi
1180 1549 1233 1578 est,
1244 1546 1333 1573 nullas
1345 1546 1416 1574 hosti
1426 1553 1508 1574 ansas
1526 1550 1667 1582 praestare,
1680 1552 1721 1580 ut,

936 1591 1005 1619 sicut
1021 1591 1168 1626 Apostolus
1183 1591 1231 1621 ait.
1253 1591 1424 1618 nihilbabeat
1441 1592 1573 1620 confusus
1594 1592 1722 1620 adversa-

935 1638 992 1665 rius
1008 1637 1099 1666 dicere
1108 1639 1141 1665 '5'.
1162 1638 1297 1671 Quocirca
1317 1639 1351 1665 ad
1370 1639 1587 1666 maledicendum
1606 1644 1719 1667 vocatus

936 1683 1043 1710 Balaam
1053 1683 1168 1710 clamat:
1187 1693 1196 1709 ι
1212 1683 1528 1716 Quomodomaledicam.
1538 1684 1580 1710 cui
1597 1692 1650 1711 non
1663 1693 1722 1712 ma-

937 1729 1031 1756 ledicit
1044 1729 1176 1756 Dominus
1189 1729 1231 1755 °'?
1252 1739 1260 1754 ι
1279 1729 1304 1756 id
1327 1734 1380 1759 est,
1397 1729 1532 1763 quomodo
1546 1730 1718 1762 maledicam,

935 1772 981 1807 qui
1000 1773 1102 1799 nullam
1120 1773 1297 1800 maledicendi
1321 1775 1462 1800 materiam
1488 1774 1624 1808 prtebuit?
1642 1774 1721 1808 cujus

938 1818 1147 1844 invulnerabilis
1165 1818 1218 1844 vita
1238 1821 1290 1849 est,
1311 1818 1376 1852 quia
1398 1818 1444 1845 Dei
1465 1823 1544 1846 scuto
1559 1820 1720 1855 protegitur.

936 1863 1036 1891 Verum
1052 1863 1159 1890 tametsi
1177 1863 1227 1890 hac
1245 1862 1423 1890 maledicendi
1440 1863 1481 1890 via
1502 1864 1570 1890 nihil
1593 1865 1620 1891 in
1637 1872 1722 1900 popu-

936 1908 991 1935 lum
1016 1909 1102 1934 bostis
1127 1907 1217 1939 edicit.
1243 1913 1332 1935 tamen
1355 1908 1419 1943 quia
1439 1909 1536 1936 virtute
1561 1909 1651 1937 divina
1673 1910 1722 1938 de-

937 1954 1008 1981 fendi
1027 1953 1137 1981 Judmos
1151 1955 1271 1989 agnovit,
1290 1962 1343 1981 non
1359 1954 1487 1986 cessavit,
1506 1956 1552 1982 sed
1570 1955 1721 1984 fcedissima

936 1999 1074 2034 voluptate
1095 2007 1110 2025 a
1132 1999 1224 2026 divino
1248 2007 1387 2026 removere
1405 2000 1496 2027 studet
1521 2001 1632 2027 auxilio.
1653 2000 1719 2028 Nam

936 2051 996 2070 cum
1024 2043 1114 2070 omnis
1143 2043 1268 2078 voluptas
1301 2043 1379 2070 facile
1412 2043 1446 2071 ad
1478 2043 1574 2070 vitium
1608 2044 1719 2077 alliciat,

938 2093 993 2114 tum
1021 2095 1086 2114 vero
1111 2088 1279 2115 foedissimus
1302 2087 1417 2115 Veneris
1444 2092 1534 2119 actus,
1560 2087 1721 2116 libidinoso:

937 2133 1088 2168 praesertim
1105 2133 1245 2167 juniorum
1260 2132 1366 2160 animos
1383 2133 1489 2160 adunco
1505 2132 1629 2160 detentos
1641 2134 1721 2161 hamo

902 2191 924 2218 η
939 2177 1062 2204 attrahit.
1082 2177 1179 2207 ldinde
1187 2177 1391 2212 patet;namqui
1424 2176 1507 2203 armis
1526 2177 1720 2211 praevalebant,

749 2812 770 2827 "’
787 2811 839 2838 Tit.
861 2820 889 2844 ιι,
903 2811 929 2837 8.
970 2811 992 2827 ⁵³
1007 2811 1085 2837 Num.
1101 2818 1172 2841 xxiv,
1193 2810 1200 2836 Ι
1218 2817 1278 2844 sqq.

938 2223 983 2258 qui
1005 2222 1093 2249 hostis
1113 2229 1204 2248 ensem
1229 2229 1278 2248 sua
1300 2221 1401 2248 virtute
1421 2220 1591 2251 retuderunt,
1615 2222 1661 2257 qui
1685 2222 1722 2249 Ie-

937 2268 1033 2303 gioncs
1055 2271 1174 2293 armatas
1192 2266 1320 2292 fuderunt
1339 2270 1419 2300 atque
1437 2266 1575 2301 fugarunt,
1598 2267 1721 2296 mulieris

938 2312 1025 2340 forma
1042 2311 1164 2346 percussi
1186 2310 1356 2338 ceciderunt:
1374 2312 1410 2338 ita
1428 2311 1473 2345 qui
1491 2311 1562 2339 viros
1586 2312 1719 2345 vicerunt,

936 2366 951 2385 a
970 2358 1132 2385 mulieribus
1158 2357 1365 2391 pervincuntur.
1383 2355 1450 2383 Nam
1466 2356 1547 2384 simul
1561 2361 1642 2392 atque
1660 2366 1720 2384 ntu-

937 2404 1020 2430 lieres
1033 2407 1231 2437 apparuerunt,
1249 2401 1368 2429 formosa
1380 2409 1430 2436 pro
1446 2402 1508 2430 telis
1519 2410 1632 2437 corpora
1651 2403 1721 2438 obji-

936 2448 1052 2480 cientes,
1084 2448 1256 2475 fortitudinis
1275 2448 1366 2474 statim
1391 2447 1486 2478 obliti.
1511 2447 1544 2474 ad
1570 2449 1720 2483 voluptates

937 2494 1056 2522 devoluti
1085 2498 1157 2520 sunt.
1190 2493 1238 2520 llic
1263 2494 1295 2519 ad
1325 2493 1459 2521 nefandas
1476 2493 1603 2521 libidines
1629 2495 1721 2529 lapsus

936 2539 1062 2566 hostibus
1082 2538 1191 2566 Judzcos
1211 2538 1303 2566 divino
1320 2538 1440 2573 privatos
1460 2539 1611 2573 patrocinio
1633 2539 1719 2566 truci-

937 2585 1040 2613 dandos
1052 2585 1228 2620 prodidisset,
1244 2585 1295 2611 nisi
1313 2584 1416 2612 zelator
1428 2583 1544 2612 Pbinees
1556 2585 1653 2612 ardore
1669 2593 1720 2611 suo

938 2629 1058 2657 divinam
1075 2631 1236 2657 sententiam
1253 2630 1428 2665 praevenisset
1446 2630 1467 2646 "
1487 2639 1494 2656 :
1515 2638 1576 2656 nam
1592 2634 1618 2657 et
1636 2630 1718 2665 judcx

939 2680 966 2703 et
991 2673 1113 2702 carnifex
1136 2674 1195 2710 ipse
1223 2674 1312 2702 factus
1335 2679 1387 2708 est,
1411 2675 1629 2710 saccrdotalique
1653 2682 1719 2704 usus

936 2720 1039 2751 otllcio,
1065 2720 1198 2754 sanguine
1219 2724 1360 2755 peccatum
1389 2720 1514 2756 purgavit
1539 2729 1547 2748 :
1568 2721 1718 2756 sanguine,

1318 2807 1431 2835 “Num.
1454 2815 1518 2840 xxv,
1538 2807 1564 2835 7.
