1986 3080
267 141 321 168 ιῖδ

268 197 391 232 inquam.
414 194 542 222 animalis
557 201 612 221 non
635 192 751 225 innoxii,
767 191 814 220 sed
830 199 925 219 eorum
947 192 993 226 qui
1017 199 1060 218 ne-
1074 195 1095 222 Α

268 242 351 270 fando
373 241 488 268 crimine
521 243 721 271 convenerunt,
743 246 859 274 quorum
887 243 915 266 et
941 245 1058 272 corpora

267 295 324 315 uno
340 288 396 314 ictu
414 287 553 318 translixa,
580 290 607 313 et
625 286 750 320 voluptas
768 288 856 312 morte
878 283 993 311 confusa
1018 283 1058 310 di-

267 334 359 361 vinant
378 334 445 360 iram
466 333 636 367 Initigaruut.
656 331 712 358 Hoc
734 338 763 357 re
778 330 899 357 salutare
920 328 1058 364 quoddam

268 379 414 408 consilium
430 379 544 406 historia
558 378 678 413 przrbere
690 377 808 408 videtur;
821 383 883 403 nam
899 383 961 402 cum
980 374 1058 401 multi

269 426 324 453 sint
346 424 433 451 morbi
450 428 477 451 et
494 424 669 458 aegritudines
690 422 785 453 animi,
810 421 910 456 quibus
935 420 1059 447 homines

267 471 423 506 capiuntur,
445 470 512 497 nihil
539 474 642 496 tantam
656 469 683 495 in
707 476 757 495 nos
773 468 827 494 vim
847 467 947 494 habere
964 471 1058 493 osten-

268 517 317 550 dit,
342 520 470 552 quautam
487 515 667 550 spurcissima
683 515 740 541 hinc
754 514 849 541 libido.
866 513 932 539 Nam
949 512 971 540 si
987 513 1059 540 viros

269 563 342 594 illos,
355 563 401 594 qui
417 561 609 597 {Egyptiorum
622 557 773 595 equitatum
786 559 918 586 divinitus
930 559 992 586 tecti
1005 566 1059 585 non

268 609 438 638 timuerunt,
466 608 512 642 qui
537 607 704 633 Amalecitas
725 605 872 637 fuderunt,
896 609 923 632 et
954 604 1058 631 nationi

270 662 330 689 qua:
347 658 407 688 pert
423 654 499 688 ipsos
521 653 642 680 occurrit
658 651 844 679 formidabiles
862 654 1059 686 apparuerunt,

267 702 314 734 qui
339 700 461 734 ipsorum
479 698 689 725 Madiauitarum
711 697 832 732 legiones
859 696 999 731 fugarunt,
1023 696 1061 723 si-

267 745 324 772 mul
348 753 380 771 ac
405 745 470 772 visa:
498 750 562 771 sunt
587 743 897 778 mulieres,voluptatis
923 742 1060 777 mancipia

268 790 355 817 factos
377 791 486 820 asserit.
504 789 570 825 quid
588 790 661 816 aliud
683 789 746 815 hiuc
763 797 815 815 nos
838 788 961 819 instruit,
978 795 1059 822 quam

272 836 437 869 voluptatem
457 835 528 861 hanc
542 833 620 860 valde
636 833 785 860 cavendam
801 841 873 865 esse,
897 840 957 867 qua:
968 832 1060 859 titilla-

270 881 394 908 tionibus
420 881 478 908 suis
494 881 566 907 viros
579 881 663 907 armis
677 880 795 907 invictus
813 879 962 914 superavit,
972 877 1060 913 quod-

267 935 321 962 que
343 927 531 961 impudentius
545 931 597 957 est,
617 927 706 961 palam
722 926 764 961 agi
786 925 983 959 turpitudinem
998 932 1060 959 per-

269 973 378 1000 suasit?
391 974 426 999 ita
439 973 563 1000 bestialis
575 972 607 999 ad
621 972 760 998 libidinem
774 971 890 1005 impetus
902 970 928 997 in
942 971 1060 1005 pecudes

268 1019 393 1046 homines
416 1019 507 1046 vertit.
540 1017 608 1044 Nam
635 1018 762 1044 humana:
793 1017 960 1044 conditionis
983 1017 1060 1043 obliti

268 1064 388 1098 pellitus.
412 1071 466 1090 non
481 1063 561 1090 modo
577 1070 626 1090 sua
649 1062 766 1088 crimina
783 1069 838 1088 non
857 1061 995 1093 celabant,
1014 1069 1060 1088 ve-

267 1118 327 1138 rum
348 1109 429 1137 etiam
449 1116 594 1144 porcorum
619 1116 704 1139 more.
724 1109 831 1135 a!terin
845 1108 959 1135 alterius
973 1107 1060 1135 oculis

268 1157 357 1192 palam
386 1155 516 1183 sordibus
534 1155 653 1182 devoluti
680 1154 850 1189 turpitudine
865 1157 892 1181 et
908 1153 1060 1181 sceleribus

268 1203 467 1238 gloriabantur.
494 1201 584 1234 Quare
606 1206 700 1236 aperte
725 1208 775 1228 nos
798 1205 890 1227 mouet
925 1200 1058 1232 historia,

267 1249 363 1284 procul
377 1255 391 1274 a
406 1253 459 1274 tam
472 1247 587 1275 terribili
602 1247 689 1274 bestia
705 1247 784 1273 nobis
795 1254 857 1273 esse
868 1246 1058 1277 habitandum.

268 1302 303 1321 ne
326 1294 438 1320 morhus
465 1300 541 1319 more
567 1292 639 1327 ignis
664 1295 776 1327 propter
795 1291 965 1318 vicinitatem
981 1291 1060 1317 llam—

268 1347 339 1366 mam
356 1339 389 1366 ad
406 1347 456 1366 nos
481 1346 568 1373 usque
585 1338 754 1365 transmittat
772 1347 778 1364 :
796 1337 868 1372 quod
890 1342 916 1365 et
931 1337 1060 1364 Salomon

269 1385 296 1411 in
318 1383 458 1419 Sapientia
486 1384 567 1410 docet
581 1383 617 1406 θος
642 1382 701 1410 Non
720 1382 910 1416 attingendum
932 1389 993 1409 esse
1015 1390 1061 1409 ar-

269 1429 381 1457 dentem
396 1429 543 1456 carbonem
565 1428 640 1455 nudo
657 1427 736 1463 pede,
751 1435 839 1462 neque
853 1428 941 1462 ignem
956 1428 983 1454 in
999 1428 1060 1454 sinu

235 1510 240 1515 _
269 1474 463 1509 deponendum
481 1482 488 1500 :
505 1473 583 1508 quasi
607 1473 633 1500 in
650 1477 744 1500 nostra
766 1477 898 1507 potestate
912 1473 995 1500 situm
1013 1473 1059 1505 sit,

269 1524 299 1546 ut
314 1525 440 1553 expertes
465 1519 556 1546 omnis
573 1519 635 1545 mali
652 1519 751 1549 simus,
776 1519 896 1553 quandiu
915 1519 950 1545 ab
963 1526 994 1545 ea
1019 1525 1058 1550 re,
1077 1531 1098 1560 ο

268 1573 330 1600 qum
348 1565 504 1592 incendium
527 1565 640 1596 excitat,
666 1566 762 1592 remoti
783 1565 917 1592 fuerimus
935 1574 942 1592 :
958 1565 999 1592 sin
1029 1564 1062 1592 ad

269 1611 343 1638 illam
366 1611 576 1643 accesserimus,
603 1611 643 1639 sic
666 1615 695 1638 ut
719 1611 820 1638 ardens
841 1611 887 1638 ille
912 1611 988 1638 calor
1013 1619 1062 1638 nos

271 1657 397 1692 attingat,
415 1661 472 1684 tum
491 1658 582 1685 sinum
608 1660 732 1684 nostrum
759 1656 919 1692 cupiditatis
935 1657 1005 1692 ignis
1022 1657 1063 1683 in-

270 1703 358 1734 vadet,
376 1707 459 1737 atque
476 1703 512 1729 ita
528 1702 659 1737 deinceps
675 1702 792 1734 eveniet,
808 1705 837 1728 ut
848 1706 874 1728 et
889 1709 937 1736 pes
955 1705 1060 1734 uratur,

269 1751 297 1774 et
315 1748 386 1775 sinut
408 1753 504 1775 nostro
528 1753 602 1775 certa
625 1748 761 1782 pernicies
782 1746 922 1774 atleratnr.

1075 863 1096 891 Β

864 130 874 139 “
890 135 919 162 S.
941 132 1105 161 GREGORII
1128 133 1274 162 ΝγδδιιΝι

1846 135 1899 163 ιτι

1111 192 1276 225 γυναικείοις
1295 191 1382 227 βέλεσι
1397 192 1428 218 δι’
1439 192 1535 228 ἡδονῆς
1549 190 1771 228 κατετρώθησαν·
1787 193 1834 220 καὶ
1847 194 1899 221 τῶν

1111 238 1160 272 μὲν
1176 238 1280 273 ἀνδρῶν
1296 238 1447 273 κρείττους,
1463 238 1517 265 τῶν
1527 238 1558 265 δὲ
1574 238 1713 273 γυναικῶν
1729 239 1826 274 ἥττους
1839 240 1899 274 ὲγέ-

1110 291 1194 310 νοντο.
1219 284 1301 318 Ὁμοῦ
1324 293 1353 310 τε
1369 284 1424 320 γὰρ
1445 283 1574 319 ὤφθησαν
1595 285 1687 316 αὐτοῖς
1709 285 1738 312 αἱ
1762 288 1898 319 γυναῖκες,

1109 330 1169 357 ἀντὶ
1185 331 1274 357 ὅπλων
1294 332 1343 363 τὰς
1365 331 1472 367 μορφὰς
1495 331 1725 367 προϐαλλόμεναι,
1746 333 1792 359 καὶ
1813 342 1901 368 παραο

1109 377 1203 412 χρῆμα
1224 376 1270 403 τοῦ
1286 377 1364 403 τόνου
1379 377 1429 412 τῆς
1442 377 1569 413 ἀνδρείας
1582 377 1667 413 λήθην
1679 377 1842 413 ἐλάμϐανον,
1855 379 1901 407 τὸν

1111 422 1197 458 θυμὸν
1225 424 1264 456 εἰς
1285 423 1380 459 ἡδονὴν
1403 423 1586 455 διαλύσαντες.
1604 425 1658 450 Καὶ
1677 425 1701 450 οἱ
1718 424 1767 460 μὲν
1784 423 1853 460 ἦσαν
1872 426 1902 452 ἐν

1110 469 1225 501 τούτοις,
1238 471 1268 497 ὲν
1278 467 1318 502 οἷς
1336 470 1409 502 εἰκὸς
1428 468 1572 501 εἶναιτοὺς
1589 471 1621 506 τῇ
1636 471 1749 506 ἀθέσμῳ
1763 471 1833 506 μίξει
1847 471 1902 498 τῶν

1111 514 1266 550 ἀλλοφύλων
1281 515 1526 550 ἑπιλυσσήσαντας.
1545 515 1576 541 Ἡ
1591 515 1619 541 δὲ
1635 515 1703 550 πρὸς
1719 515 1750 541 τὸ
1765 515 1847 543 καλ-ὸν
1863 516 1904 542 οἱ·

1110 561 1230 596 κειότης,
1249 561 1297 597 τῆς
1310 561 1357 587 τοῦ
1375 560 1478 595 ἀγαθοῦ
1495 561 1653 596 συμμαχίας
1666 560 1842 597 ἁλλοτρίωσις
1855 559 1903 597 ἦν·

1111 607 1191 639 εὐθὺς
1215 605 1270 643 γὰρ
1292 608 1383 638 αὐτοῖς
1401 608 1591 642 ἐξεπολεμώθη
1613 596 1755 640 τὸῘΘεῐον,
1781 609 1838 635 ἀλλ’
1852 596 1904 636 οῦκ

1111 651 1250 687 ἀνέμεινεν
1263 653 1277 679 ὁ
1290 651 1412 687 ζηλωτὴς
1426 653 1517 684 Φινεὲς
1538 654 1569 688 τῇ
1583 652 1687 679 ἄνωθεν
1704 653 1786 688 ψήφῳ
1800 654 1903 690 καθαρ-

1111 697 1190 732 θῆναι
1201 697 1250 733 τὴν
1261 698 1408 732 ἁμαρτίαν·
1423 697 1480 724 ἀλλ’
1491 698 1571 730 αὐτὸς
1581 698 1688 732 ἐγένετο
1700 698 1829 734 δικαστὴς
1844 699 1905 734 ἅμα

1111 743 1158 769 καὶ
1171 743 1276 778 δήμιος.
1292 742 1419 778 Κινηθεὶς
1434 743 1488 779 γὰρ
1503 744 1542 775 είς
1554 744 1604 778 τὴν
1621 743 1692 770 κατὰ
1706 744 1759 770 τῶν
1772 744 1904 780 λελυσση-

1111 789 1197 815 κότων
1208 789 1303 824 ὀργὴν,
1316 789 1345 815 τὸ
1356 788 1402 815 τοῦ
1418 789 1512 824 ἱερέως
1525 789 1603 824 ἔργον
1621 788 1791 824 ἐπλήρωσεν,
1806 790 1904 824 αἵματι

1111 835 1262 870 κιθαρίσας
1275 834 1322 870 τὴν
1343 834 1491 870 ἁμαρτίαν,
1510 835 1605 869 αἵματι
1622 835 1672 861 οὑκ
1692 835 1813 861 ἀναιτίου
1828 836 1904 867 τινὸς

1111 880 1198 913 ζώου,
1222 880 1267 906 τοῦ
1294 880 1376 915 μηδὲν
1400 881 1598 915 μετεσχηκότος
1621 881 1666 906 τοῦ
1690 881 1738 915 τῆς
1756 881 1905 913 ἀκολασίας

1113 925 1280 961 μιάσματος,
1294 925 1362 952 ἀλλὰ
1376 925 1429 952 τῶν
1441 926 1470 952 ἐν
1482 925 1567 962 κακία
1582 926 1805 961 συνεζευγμένων
1819 927 1904 962 ἀλλήσ

1110 971 1176 1004 λοις’
1194 973 1237 1006 ἐφ’
1253 968 1290 998 ὧν
1310 972 1326 1007 ἡ
1343 971 1429 1007 αἰχμὴ
1449 973 1508 998 κατ’
1523 971 1612 998 αὐτῶν
1628 972 1682 998 τῶν
1703 972 1750 998 δύο
1769 972 1906 1008 σωμάτων

1109 1016 1281 1050 διεξελθοῦσα
1295 1017 1468 1052 κατεπράϋνε
1482 1017 1532 1051 τὴν
1548 1017 1598 1051 τῆς
1616 1016 1688 1048 θείας
1699 1016 1775 1052 δίκης
1787 1017 1905 1052 κίνησιν,

1110 1063 1150 1098 τῷ
1172 1062 1278 1097 θανάτῳ
1299 1062 1353 1090 τῶν
1372 1062 1571 1098 ἡμαρτηκότων
1593 1062 1643 1097 τὴν
1669 1062 1765 1098 ἡδονὴν
1788 1063 1907 1097 καταμί-

1111 1108 1191 1140 ξασα.
1211 1110 1289 1134 Δοκεῖ
1302 1109 1330 1135 δέ
1351 1117 1395 1144 μοι
1411 1108 1567 1143 συμϐουλήν
1583 1117 1644 1135 τινα
1656 1108 1804 1144 ψυχωξρελῆ
1819 1118 1907 1136 κατα-

1110 1154 1232 1180 τίθεσθαι
1250 1155 1306 1185 τυῖς
1326 1154 1480 1190 ἀνθρώποις
1501 1155 1517 1189 ή
1540 1154 1662 1188 ἱστορία,
1682 1155 1714 1181 δι’
1732 1153 1766 1190 ἧς
1781 1155 1907 1182 διδασκό-

1113 1200 1192 1235 μεθα,
1207 1201 1247 1226 ὅτι
1263 1199 1366 1226 πολλῶν
1377 1200 1460 1226 ὄντων
1475 1200 1580 1231 παθῶν,
1593 1200 1610 1226 ἃ.
1620 1201 1682 1232 τοὺς
1694 1200 1840 1235 λογισμοὺς
1851 1202 1908 1228 τῶν

1111 1246 1262 1282 ἀνθρώπων
1275 1247 1501 1280 καταγωνίζεται,
1517 1247 1644 1282 οὐδεμίαν
1657 1247 1717 1273 καθ’
1736 1247 1813 1282 ἡμῶν
1828 1248 1907 1282 ἰσχὺν

1111 1291 1204 1326 ἕτερον
1219 1291 1303 1323 πάθος
1325 1291 1382 1326 ἔχει
1397 1292 1542 1326 τοσαύτην,
1565 1292 1602 1322 ὡς
1616 1292 1684 1327 πρὸς
1699 1291 1748 1327 τὴν
1764 1292 1840 1319 νόσον
1855 1293 1907 1327 τῆς

1111 1338 1209 1373 ἡδονῆς
1248 1337 1429 1369 ὲξισάξεσθαι.
1442 1338 1538 1373 Τὸγὰρ
1549 1337 1653 1374 ἀθρόως
1662 1338 1724 1370 τοὺς
1739 1338 1908 1373 Ἰσραηλίτας

1110 1383 1240 1414 ἐκείνους,
1257 1383 1320 1414 τοὺς
1344 1383 1457 1418 καὶτῆς
1479 1383 1631 1418 Αἰγυπτίας
1655 1384 1739 1410 ἵππου
1764 1383 1908 1418 κρείττους

1111 1429 1329 1464 ἐπιδειχθέντας,
1346 1430 1392 1455 καὶ
1410 1429 1461 1455 τῶν
1491 1429 1681 1464 Ἀμαληκιτῶν
1700 1430 1907 1464 ὑπερσχόντας,

1112 1475 1159 1502 καὶ
1181 1475 1219 1510 τῷ
1241 1476 1298 1510 μετ’
1317 1475 1416 1506 αὐτοὺς
1441 1475 1512 1501 ἔθνει
1540 1475 1670 1511 φοϐεροὺς
1694 1475 1835 1510 φανέντας,
1859 1476 1909 1502 καὶ

1118 1522 1187 1558 μετὰ
1212 1522 1298 1548 ταῦτα
1324 1523 1373 1557 τῆς
1393 1522 1445 1548 τῶν
1471 1522 1644 1549 Μαδιανιτῶν
1670 1521 1908 1557 ὑπερισίύσαντας

1115 1568 1263 1602 φάλαγγος,
1284 1567 1403 1598 τούτους,
1422 1567 1488 1602 ὁμοῦ
1502 1568 1535 1602 τῇ
1553 1567 1602 1602 θέᾳ
1616 1567 1670 1594 τῶν
1687 1567 1841 1601 ἀλλοφύλων
1858 1575 1909 1601 γυ-

1113 1613 1215 1640 ναικῶν
1236 1612 1472 1648 καταδουλωθῆναι
1491 1614 1524 1648 τῇ
1540 1613 1619 1648 νόσῳ·
1641 1613 1716 1640 οὐδὲν
1735 1613 1839 1648 ἕτερον,
1857 1621 1909 1639 κα-

1113 1656 1167 1688 θὼς
1184 1657 1308 1692 εἴρηται,
1324 1656 1470 1689 δείκνυσιν,
1494 1657 1510 1692 ἢ
1527 1657 1557 1684 τὸ
1576 1657 1712 1693 δύσμαχόν
1725 1667 1756 1684 τε
1770 1655 1838 1684 εἶναι
1858 1657 1910 1684 καὶ

1112 1702 1363 1736 δυσανταγώνιστον
1377 1702 1505 1738 πολέμιον
1520 1703 1598 1738 ἡμῶν
1611 1703 1660 1738 τὴν
1674 1703 1780 1739 ἡδονήν.
1800 1703 1835 1729 "H
1852 1703 1909 1729 τῶν

1111 1747 1252 1784 ἀηττήτων
1273 1750 1328 1779 τοῖς
1345 1749 1436 1780 ὅπλοις
1452 1748 1519 1784 ὁμοῦ
1538 1749 1577 1784 τῷ
1592 1750 1708 1784 φανῆναι
1733 1749 1910 1785 κατακρατή-

270 1802 350 1827 σασα,
372 1795 403 1822 τὺ
417 1794 468 1830 τῆς
489 1795 602 1830 ἀτιμίας
619 1795 714 1830 ἤγειρε
737 1795 797 1821 κατ’
816 1794 907 1821 αὐτῶν
922 1795 1063 1830 τρόπαιον,
1076 1794 1128 1820 ὑπὸ
1153 1797 1273 1831 μάρτυρι
1299 1795 1338 1831 τῷ
1366 1797 1436 1830 φωτὶ
1462 1797 1510 1832 τὴν
1533 1797 1663 1832 αἰσχύνην
1696 1797 1784 1824 αὐτῶν
1814 1796 1910 1832 στηλι-

269 1840 396 1868 τεύσασα.
417 1842 585 1877 Βοσκήματα
599 1842 653 1877 γὰρ
667 1841 701 1868 δι’
716 1841 814 1876 ἑαυτῆς
826 1842 889 1873 τοὺς
903 1841 1064 1877 ἀνθρώπους
1079 1841 1231 1875 ἀπέδειξεν,
1246 1843 1293 1874 οὓς
1307 1845 1323 1878 ἡ
1339 1843 1478 1879 κτηνὼδης
1493 1843 1540 1870 καὶ
1560 1844 1654 1877 ἄλογος
1686 1843 1753 1880 πρὸς
1767 1844 1815 1880 τὴν
1843 1845 1910 1872 ἁκο-

269 1887 364 1914 λασίαν
393 1888 464 1924 ὁρμὴ
487 1887 649 1915 ἐκλαθέσθαι
670 1888 719 1919 τῆς
744 1888 918 1923 ἀνθρωπίνης
939 1889 1068 1914 ἀνέπεισε
1091 1889 1208 1923 φύσεως·
1226 1889 1286 1924 μηδ’
1299 1889 1550 1926 ἐπικρυπτομένους
1563 1890 1592 1916 τὺ
1606 1889 1682 1924 ἄγος,
1713 1891 1772 1918 ἀλλ’
1798 1892 1911 1927 ἐμπομ-

270 1934 400 1966 πεύοντας
416 1936 449 1970 τῇ
472 1934 570 1969 ιΞιτιμίιμ⁵
584 1933 632 1960 τοῦ
650 1933 763 1965 πάθους,
781 1934 828 1960 καὶ
858 1933 1146 1968 ἐγκαλλωπιζομένους
1179 1935 1218 1970 τῷ
1239 1936 1288 1970 τῆς
1317 1935 1448 1970 αἰσχύνης
1477 1936 1621 1970 μιάσματι,
1647 1937 1717 1963 συῶν
1742 1938 1819 1973 δίκην
1839 1939 1910 1966 ἀνα-

271 1982 367 2017 φανδὸν
388 1983 416 2008 ὲν
442 1983 501 2013 ταῖς
524 1982 645 2017 ἀλλήλων
659 1981 736 2015 ἕψεαι
760 1981 799 2016 τῷ
818 1982 865 2016 τῆς
887 1982 1058 2017 ἀκαθαρσίας
1075 1981 1197 2018 βορϐόρῳ
1221 1983 1487 2018 ὲγκαλινδουμένους.
1518 1983 1550 2009 Τί
1563 1982 1609 2011 οὖν
1623 1984 1661 2019 τῷ
1672 1984 1821 2020 διηγήματι
1843 1995 1911 2012 παι-

270 2029 420 2064 δευόμεθα;
457 2029 486 2054 τὸ
514 2028 648 2063 μαθόντας
673 2029 746 2063 ἡμᾶς
770 2029 836 2064 ὅσην
863 2029 939 2064 ἰσχὺν
970 2030 1038 2065 πρὸς
1060 2030 1091 2056 τὸ
1116 2030 1288 2066 κακόνὴτῆς
1300 2031 1397 2066 ἡδονῆς
1409 2030 1464 2065 ἔχει
1475 2031 1561 2062 νόσος,
1577 2031 1615 2062 ὼς
1626 2032 1667 2058 ὅτι
1683 2031 1798 2066 μάλιστα
1813 2032 1910 2068 πόρρω

270 2075 317 2101 τοῦ
336 2074 455 2100 τοιούτου
479 2073 673 2108 γειτονήματος
695 2074 740 2098 τὸν
763 2074 867 2100 ἑαυτῶν
894 2074 1047 2106 ἀποικίζειν
1075 2075 1149 2109 βίον·
1176 2075 1214 2107 ὡς
1235 2076 1267 2103 ἂν
1289 2076 1324 2111 μή
1355 2084 1415 2102 τινα
1435 2075 1550 2110 πάροδον
1566 2077 1626 2102 καθ’
1644 2077 1721 2112 ήμῶν
1736 2077 1805 2114 λάϐῃ
1820 2079 1836 2112 ἡ
1863 2079 1910 2104 νό-

273 2130 326 2152 σος,
347 2118 401 2147 οἷόν
410 2128 437 2146 τι
455 2119 510 2154 πῦρ
525 2119 568 2145 διὰ
581 2119 627 2145 τοῦ
643 2119 845 2154 προσεγγισμοῦ
860 2119 909 2154 τὴν
923 2121 1043 2156 πονηρὰν
1065 2121 1151 2156 φλόγα
1172 2122 1418 2157 κατεργαζόμενον.
1440 2121 1524 2148 Τοῦτο
1550 2122 1603 2157 γὰρ
1619 2122 1738 2149 διδάσκει
1765 2123 1852 2156 λέγων
1879 2124 1910 2150 ἐν

271 2167 304 2201 τῇ
316 2165 401 2201 Σοφίᾳ
426 2165 561 2200 Σολομὼν,
587 2165 624 2200 μὴ
640 2164 782 2199 ἐπιψαύειν
806 2165 852 2190 τοῦ
877 2165 1012 2200 ἄνθρακος
1045 2167 1140 2203 γυμνῴ
1167 2168 1207 2203 τῷ
1223 2167 1292 2199 ποδὶ,
1315 2169 1382 2203 μήτε
1398 2167 1425 2194 δὲ
1440 2167 1496 2202 πῦρ
1508 2167 1546 2202 τῷ
1570 2168 1662 2203 κόλπῳ
1689 2169 1908 2196 ὲναποτίθεσθαι·

272 2211 309 2243 ὡς
326 2213 354 2237 ὲν
367 2212 432 2246 ἡμῖν
450 2210 480 2237 ὃν
501 2211 529 2237 ἐν
548 2210 667 2246 ἀπαθείᾳ.
683 2210 782 2245 μένειν,
801 2211 854 2242 ἕως
871 2212 904 2237 ἂν
923 2211 1063 2246 πόρρωθεν
1084 2211 1161 2248 ὦμεν
1190 2213 1235 2240 τοῦ
1267 2214 1473 2245 ὑπεκκαίοντος·
1493 2215 1516 2240 εἰ
1531 2214 1558 2240 δὲ
1575 2215 1634 2240 κατ’
1662 2215 1728 2241 αὐτὸ
1749 2215 1910 2250 γενοίμεθα,

272 2258 309 2289 ὼς
333 2257 481 2292 ἐπιψαῦσαι
503 2256 553 2290 τῆς
578 2256 705 2287 διακαοῦς
729 2256 830 2291 ταύτης
858 2256 1039 2292 θερμότητος,
1069 2259 1212 2294 ὲγκόλπιον
1237 2259 1266 2287 τὸ
1289 2259 1344 2295 πῦρ
1364 2260 1414 2295 τῆς
1430 2259 1577 2295 ἐπιθυμίας
1594 2252 1746 2296 γενήσεται,
1761 2261 1808 2288 καὶ
1821 2262 1911 2294 οὕτως

273 2303 484 2338 ἐπακολουθήσει
497 2303 543 2328 καὶ
556 2302 595 2336 τῷ
609 2302 668 2328 ποδὶ
682 2303 698 2337 ὴ
716 2302 823 2334 καῦσις,
839 2303 884 2328 καὶ
900 2303 916 2338 ὴ
932 2303 1064 2339 διαφθορὰ
1080 2304 1118 2340 τῷ
1131 2305 1233 2341 κόλπῳ.
1272 2310 1281 2319 ¹

308 2349 337 2375 1η
356 2346 501 2383 Evangelio
524 2355 633 2382 quoque
649 2347 792 2380 Dominus,
820 2352 849 2374 ut
867 2349 946 2384 longe
960 2349 994 2376 ab
1012 2349 1062 2377 hac
1079 2353 1100 2379 ι)

273 2401 324 2421 nos
345 2397 421 2427 peste
447 2393 605 2424 abduceret,
635 2393 811 2427 cupiditatem
828 2394 927 2428 ipsam,
946 2403 1006 2429 quae
1021 2395 1063 2422 vi-

274 2440 363 2467 dendo
394 2439 515 2472 irrepere
541 2439 631 2471 solet,
662 2439 739 2473 quasi
766 2439 885 2467 radicem
915 2441 1063 2476 voluptatis

273 2485 384 2516 evulsit,
409 2485 557 2512 ostendens
587 2492 640 2511 non
666 2493 728 2512 esse
757 2486 959 2520 suscipiendam
987 2487 1064 2521 cupi-

274 2531 389 2558 ditatem
405 2530 476 2561 visu,
505 2539 563 2565 qum
578 2531 610 2557 ad
625 2534 715 2558 actum
739 2531 827 2566 ipsum
844 2532 1002 2566 planissima
1020 2533 1063 2560 via

274 2580 327 2603 est.
356 2575 423 2602 Nam
453 2576 624 2611 perniciosus
649 2576 741 2604 omnis
770 2577 881 2604 morbus
903 2578 1064 2612 pestilentiae

275 2630 361 2654 more,
390 2623 412 2649 si
438 2623 522 2650 semel
541 2623 699 2658 principalia
726 2625 903 2658 occupaverit
929 2626 1062 2657 membra,

275 2670 332 2696 sola
349 2673 437 2696 morte
448 2669 568 2696 sedatur.
587 2668 638 2697 Sed
651 2670 767 2704 longiori
779 2671 903 2698 oratione
921 2678 990 2705 opus
1002 2678 1062 2698 esse

275 2723 329 2741 non
353 2715 481 2746 arbitror,
500 2720 529 2741 ut
545 2715 628 2742 vitam
645 2715 731 2751 Moysi
754 2719 840 2743 totam
866 2716 892 2742 iu
909 2716 1062 2751 exemplum

275 2758 384 2788 virtutis
407 2761 555 2788 lectoribus
576 2760 733 2788 aderamus.
750 2761 815 2788 Nam
831 2761 854 2789 si
870 2761 932 2796 quis
948 2761 981 2789 ad
996 2761 1062 2789 sub-

322 2852 343 2868 ”
353 2851 436 2880 Eccli.
453 2859 514 2885 vm,
531 2851 574 2879 {:i.

1156 2352 1199 2378 Ἐν
1221 2351 1249 2378 δὲ
1264 2351 1302 2387 τῷ
1322 2350 1480 2386 Εὐαγγελίῳ
1495 2352 1508 2377 ό
1522 2351 1625 2386 Κύριος
1647 2353 1679 2386 τῇ
1695 2352 1748 2388 ἰδίᾳ
1765 2355 1852 2389 φωνῇ,
1871 2353 1913 2386 ὡς

1115 2397 1148 2424 ἂν
1163 2397 1305 2433 πόρρωθεν
1328 2396 1532 2432 φυλαχθείημεν
1549 2396 1595 2423 τοῦ
1614 2397 1734 2424 τοιούτου
1749 2399 1847 2431 κακοῦ,
1863 2409 1914 2426 κα-

1115 2443 1203 2478 θάπερ
1217 2442 1277 2480 τινὰ
1293 2442 1369 2478 ῥίζαν
1384 2441 1431 2468 τοῦ
1452 2441 1554 2473 πάθους
1567 2441 1616 2477 τὴν
1633 2442 1676 2469 διὰ
1698 2442 1744 2469 τοῦ
1764 2443 1826 2469 ἰδεῖν
1849 2445 1914 2471 επις

1115 2487 1214 2522 θυμίαν
1239 2487 1351 2522 ἐξέτεμε
1363 2508 1369 2520 ,
1385 2487 1529 2518 διδάσκων,
1550 2487 1600 2518 ὅτι,
1613 2488 1627 2513 ὸ
1640 2489 1672 2522 τῇ
1694 2487 1754 2521 ὕψει
1775 2487 1805 2514 τὸ
1822 2488 1913 2521 πάθος

1115 2533 1351 2568 παραδεξάμενος,
1375 2532 1434 2559 ὁδὸν
1456 2532 1547 2558 δίδωσι
1570 2534 1629 2558 κατ’
1648 2533 1745 2559 ἑαυτοῦ
1769 2535 1802 2568 τῇ
1824 2534 1911 2568 νόσῳ.

1116 2579 1158 2605 Τὰ
1173 2578 1228 2613 γὰρ
1244 2577 1350 2613 πονηρὰ
1362 2577 1417 2603 τῶν
1430 2576 1611 2612 παθημάτων,
1625 2577 1717 2612 λοιμοῦ
1732 2577 1818 2613 δίκην,
1834 2578 1914 2604 ἐπει·

1116 2624 1164 2650 δὶιν
1174 2623 1247 2657 ἅπαξ
1256 2625 1310 2650 τῶν
1321 2624 1435 2659 καιρίων
1443 2623 1650 2659 κατακρατήσῃ,
1659 2623 1698 2658 τῷ
1706 2623 1811 2659 θανάτῳ
1822 2623 1914 2650 παύε-

1115 2679 1159 2696 ται
1193 2669 1274 2705 μόνῳ.
1304 2669 1373 2695 Ἀλλ’
1394 2668 1472 2695 οὐδὲν
1495 2666 1571 2703 οἶμαι
1596 2668 1694 2702 χρῆναι
1714 2668 1844 2703 μηκύνειν
1864 2669 1914 2695 τὸν

1115 2716 1205 2750 λόγον,
1231 2715 1319 2742 πάντα
1347 2714 1393 2741 τοῦ
1419 2713 1559 2745 Μωῡσέως
1585 2713 1630 2740 τὸν
1657 2713 1713 2749 βίον
1740 2715 1780 2745 είς
1808 2714 1913 2749 ἀρετῆς

1117 2762 1269 2797 ὑπόδειγμα
1292 2760 1468 2798 προτιθέντας
1487 2761 1544 2792 τοῖς
1572 2759 1775 2795 ἐντυγχάνουσι.
1793 2759 1839 2796 Τῷ
1855 2759 1914 2795 γὰρ
