1986 3080
118 109 171 137 125

785 103 832 131 DE
851 101 933 130 VITA
950 101 1087 130 MOYSIS.

1683 105 1735 133 ηδ

118 166 186 202 πρὸς
206 164 255 198 τὴν
276 166 442 202 ὑψηλοτέραν
460 165 531 201 ζωὴν
549 164 643 191 ἑαυτὸν
665 164 844 193 ἀνατείναντι,
874 161 903 187 οὐ

957 160 1089 188 limiorem
1115 160 1176 188 vitae
1193 161 1325 188 rationem
1349 161 1486 196 aspirarit,
1504 169 1559 189 nor.
1587 161 1683 198 exigua
1703 171 1736 190 ex

118 212 204 248 μικρὰ
220 208 317 246 γένοιτ*
343 213 375 239 ἂν
399 212 468 247 πρὸς
489 212 537 247 τὴν
550 211 637 247 ἀληθῆ
661 209 818 245 φιλοσοφίαν
844 208 905 244 ἐφό-

116 259 161 286 δια
180 258 212 285 τὰ
234 257 376 294 εἰρημένα.
401 258 446 293 Τῷ
469 259 497 285 δὲ
522 257 729 293 μαλακιζομένῳ
752 256 818 291 πρὸς
843 256 905 287 τοὺς

117 304 187 339 ὑπὲρ
200 304 250 339 τῆς
268 304 367 339 ἀρετῆς
387 304 518 340 ἱδρῶτας,
541 303 591 330 κᾶν
607 303 794 329 πολλαπλάσια
812 303 904 337 γραφῇ

116 349 170 376 τῶν
197 350 360 384 εἰρημένων,
383 350 458 376 οὐδὲν
488 350 521 377 ἂν
551 351 582 376 ἐκ
613 349 658 376 τοῦ
687 350 768 375 πόνου
802 348 905 382 γένοιτο

116 395 224 430 ὄφελος.
241 395 314 424 Πλὴν
335 395 372 427 ὡς
388 395 420 422 ἂν
436 395 473 431 μὴ
488 395 566 422 τοῦτο
578 416 584 427 ,
601 396 671 422 κατὰ
695 394 740 421 τὸν
762 393 904 429 προοιμίου

115 440 264 475 διορισμὸν,
282 440 350 476 λήθη
366 440 480 474 γένοιτο,
490 442 519 467 ἐν
532 438 571 473 οἷς
583 442 648 476 ἡμῖν
663 441 677 466 ὁ
686 440 762 475 λόγος
776 440 906 475 διϊσχυρί-

117 487 205 520 ζεται,
214 486 332 512 τοιοῦτον
359 484 428 512 εἶναι
452 486 497 512 τὸν
514 486 614 512 τέλειον
633 486 688 521 βίον
701 505 708 517 ,
728 483 758 512 οὗ
786 484 905 521 μηδεμία

117 532 276 566 περιγραφὴ
299 531 465 566 τελειότητος
482 531 580 557 κωλύει
596 531 643 567 τὴν
661 531 772 565 πρόοδον
786 539 792 545 “
813 530 868 557 ἀλλ’
888 531 904 566 ἡ

118 575 186 610 πρὸς
206 575 236 602 τὸ
255 577 376 611 κρεῖττον
393 576 436 602 ἀεὶ
451 577 581 612 γινομένη
609 577 655 603 τοῦ
672 576 727 611 βίου
744 576 903 611 ἐπαύξησις,

116 622 176 653 ὁδός
195 623 251 648 ἐστι
276 623 309 657 τῇ
335 622 408 657 ψυχῇ
433 622 500 658 πρὸς
515 623 670 649 τελείωσιν-
685 623 775 654 καλῶς
794 623 826 649 ἂν
850 623 905 658 ἔχοι

119 668 186 703 πρὸς
201 668 231 694 τὸ
245 668 330 704 πέρας
341 669 387 695 τοῦ
399 669 455 704 βίου
469 670 589 700 Μωσέως
601 669 751 702 ἀγαγόντας
760 669 805 695 τὸν
817 669 903 703 λόγον,

115 715 225 749 ἀσφαλῆ
236 714 320 747 δεῖξαι
331 715 375 741 τὸν
388 715 551 742 ἀποδοθέντα
562 716 625 750 ἡμῖν
639 716 700 749 ὅρον
712 715 762 750 τῆς
771 714 905 749 τελειότη-

117 768 172 791 τος.
209 760 237 785 Ὀ
261 761 314 794 γὰρ
340 760 383 786 διὰ
399 761 531 787 τοσούτων
550 761 706 787 ἁναϐἀσεων
723 760 797 795 παρὰ
818 761 905 786 πάντα

117 806 163 832 τὸν
193 806 249 841 βίον
273 806 441 841 ὑψούμενος,
457 807 506 833 οὐκ
530 806 652 841 ἠπόρησε
672 806 798 839 γενέσθαι
825 806 905 831 πάλιν

119 850 215 877 ἑαυτοῦ
231 850 411 886 ὑψηλότερος·
427 851 463 881 ὡς
479 851 520 882 ἂν,
536 849 621 886 οἶμαι,
633 850 676 877 διὰ
693 851 811 882 πάντων,
826 850 904 876 ἀετοῦ

114 895 206 931 δίκην,
225 896 377 931 ὑπερνεφὴς
398 896 478 923 αὐτοῦ
497 896 621 932 θεωροῖτο
633 898 649 931 ἡ
668 896 723 931 ζωὴ
744 896 790 922 καὶ
805 896 906 930 μετέω-

120 950 177 976 ρος,
195 942 259 976 περὶ
283 942 327 968 τὸν
343 942 440 977 αἰθέρα
451 943 498 977 τῆς
515 942 612 977 νοητῆς
626 942 783 972 ἀναϐάσεως
802 941 905 967 ἑλισσο-

121 987 199 1022 μένη.
226 987 350 1023 Ἐτέχθη,
374 988 417 1014 ὅτε
434 988 463 1014 τὸ
477 988 603 1023 τεχθῆναι
625 988 747 1022 Ἐϐραῐον
762 987 837 1022 παρὰ
851 988 905 1018 τοῖς

119 1033 279 1067 Αἰγυπτίοις
291 1033 412 1068 ἀδίκημα
425 1033 506 1065 ἔδοξε.
518 1033 570 1059 Τοῦ
583 1033 610 1059 δὲ
621 1034 752 1068 τυράννου
763 1033 821 1059 τότε
832 1033 905 1068 νόμῳ

119 1078 165 1104 τὺν
183 1078 311 1112 τεχθέντα
330 1078 499 1110 κολάζοντος,
516 1079 648 1114 κρείττων
662 1078 765 1113 γίνεται
781 1078 828 1105 τοῦ
842 1079 906 1113 φθο-

117 1124 230 1159 ιροποιοῦ
248 1125 343 1159 νόμου,
359 1124 520 1160 περισωθεὶς
534 1125 567 1151 τὰ
589 1126 636 1160 μὲν
658 1125 752 1161 πρῶτα
766 1125 840 1160 παρὰ
852 1124 905 1152 τῶν

119 1170 338 1205 γεννησαμένων,
362 1171 429 1205 μετὰ
449 1170 534 1197 ταῦτα
551 1171 578 1197 δὲ
603 1172 667 1206 παρ’
688 1171 776 1197 αὐτῶν
793 1171 846 1197 τῶν
862 1180 906 1197 τε-

120 1215 248 1241 Θεικότων
271 1216 317 1242 τὸν
331 1215 420 1250 νόμον.
438 1215 490 1242 Καὶ
506 1213 546 1247 οἷς
564 1217 578 1242 ὁ
601 1216 714 1247 θάνατος
737 1216 819 1242 αὑτοῦ
832 1216 906 1252 νόμῳ

120 1260 353 1295 κατεσπουδάσθη,
368 1258 439 1287 οὗτοι
457 1261 487 1287 οὐ
502 1261 552 1296 τῆς
576 1261 647 1296 ζωῆς
666 1261 755 1296 μόνον,
768 1261 835 1288 ἀλλὰ
858 1262 906 1288 καὶ

120 1305 170 1340 τῆς
186 1306 329 1342 εὐδοκίμου
356 1305 429 1341 ζωῆς
451 1307 540 1333 πᾶσαν
554 1308 745 1342 εἰσηνέγκαντο
767 1309 904 1344 πρόνοιαν,

120 1352 164 1378 διὰ
178 1353 267 1388 πάσης
278 1353 373 1387 σοφίας
386 1354 534 1387 ἀγαγόντες
546 1354 591 1379 τὸν
605 1354 673 1380 νέον.
684 1354 823 1390 Κρείττων
838 1355 906 1389 μετά

116 1397 206 1424 ταῦτα
223 1398 325 1432 γίνεται
340 1399 390 1433 τῆς
406 1399 579 1434 ἀνθρωπίνης
593 1401 683 1435 τιμῆς,
701 1400 745 1426 καὶ
770 1401 818 1436 τῆς
835 1401 907 1435 βασι-

122 1444 201 1479 λικῆς
213 1444 290 1477 ἀξίας
306 1445 465 1480 ὑπέρτερος,
481 1446 655 1481 ἰσχυρότερον
668 1446 714 1472 καὶ
730 1446 905 1481 βασιλικώτε-

119 1499 169 1526 ρον
183 1490 290 1525 κρίνας,
307 1491 366 1517 ἀντὶ
385 1490 438 1516 τῶν
451 1491 616 1526 δορυφόρων,
634 1492 681 1518 καὶ
701 1492 746 1518 τοῦ
766 1486 907 1526 βασιλικοῦ
918 1499 938 1526 C

118 1535 291 1571 κόσμου,τὴν
307 1536 357 1570 τῆς
369 1536 469 1571 ἀρετῆς
484 1537 604 1572 φρουρὰν
614 1537 693 1572 ἔχειν,
703 1538 749 1564 καὶ
760 1538 798 1573 τῷ
806 1539 906 1573 ταύτης

121 1581 216 1617 κόσμῳ
232 1581 491 1615 ἐγκαλλωπίζεσθαι.
503 1582 580 1609 Μετὰ
595 1583 672 1609 τοῦτο
684 1583 863 1618 περισώζεται
877 1585 907 1611 τὺ

118 1627 265 1661 ὁμόφυλον,
280 1627 326 1653 καὶ
350 1627 512 1653 καταϐάλλει
527 1629 558 1662 τῇ
580 1628 667 1663 πληγῇ
688 1629 734 1654 τὸν
747 1629 905 1663 Αίγύπτιον·

121 1673 253 1700 νοούντων
270 1673 346 1708 ἡμῶν
366 1673 409 1699 διὰ
437 1673 485 1708 τῆς
502 1673 677 1708 ἐξεταστικῆς
694 1674 808 1710 θεωρίας
822 1676 866 1701 τόν
879 1684 907 1701 τε

121 1719 217 1754 ἐχθρὸν
231 1719 279 1753 τῆς
300 1719 398 1754 ψυχῆς,
417 1719 463 1745 καὶ
488 1719 533 1745 τὸν
559 1720 643 1754 φίλον.
665 1718 730 1747 Εἶτα
751 1721 907 1747 διδάσκαλον

122 1764 177 1790 τῶν
194 1764 303 1798 ὑψηλῶν
326 1764 492 1799 μαθημάτων
514 1767 628 1791 ποιεῖται
650 1766 699 1801 τὴν
715 1766 837 1801 ἡσυχίαν,
861 1767 908 1793 καὶ

121 1809 192 1836 οὕτω
215 1809 361 1843 φωτίζεται
383 1809 431 1844 τὴν
450 1810 569 1837 διάνοιαν
592 1810 631 1845 τῷ
656 1811 724 1844 φωτὶ
750 1810 787 1845 τῷ
807 1812 838 1836 ἐκ
857 1811 907 1845 τῆς

123 1855 204 1889 βάτου
222 1855 392 1890 ἐκλάμψαντι
403 1863 409 1871 ’
425 1856 472 1882 καὶ
485 1856 546 1882 τότε
570 1856 688 1891 σπουδὴν
717 1858 832 1882 ποιεῖται
850 1866 906 1883 κοι-

124 1900 241 1935 νωνῆσαι
259 1901 315 1930 τοῖς
329 1901 473 1935 ὁμοφύλοις
496 1901 550 1927 τῶν
570 1901 660 1927 θεόθεν
673 1901 745 1936 αὐτῷ
759 1903 906 1937 γεγενημέ-

122 1954 175 1972 νων
193 1946 292 1972 καλῶν.
316 1947 357 1971 Ἐν
383 1946 486 1977 τούτοις
508 1946 602 1981 διπλῆν
623 1947 768 1981 ἐποιήσατο
791 1946 841 1981 τῆς
864 1947 907 1973 δυ-

121 1991 229 2026 νάμεως
247 1992 296 2027 τὴν
312 1992 449 2025 ἐπίδειξιν,
463 1993 511 2027 τὴν
536 1992 584 2027 μὲν
600 1992 751 2028 ἀμυντικὴν
768 1993 837 2020 κατὰ
853 1993 906 2020 τῶν

121 2037 260 2069 ἐναντίων,
273 2038 301 2064 ἐν
318 2038 495 2073 πολυτρόποις
508 2046 537 2064 τε
547 2038 594 2064 καὶ
605 2038 764 2073 ἐπαλλήλοις
777 2039 904 2074 πληγαῖς-

120 2083 171 2117 τὴν
187 2082 215 2109 δὲ
233 2083 418 2119 εὐεργετικὴν,
431 2084 476 2110 ἐπὶ
494 2084 549 2110 τῶν
574 2084 725 2119 ὁμοφύλων.
751 2086 844 2119 Διάγει
863 2086 906 2112 διὰ

120 2127 168 2169 τοῦ
185 2128 319 2162 πελάγους
331 2129 376 2155 τὸν
395 2130 519 2156 τοσοῦτον
529 2129 592 2156 λαὸν
608 2130 677 2161 ποδὶ,
693 2131 723 2157 οὐ
739 2131 830 2158 στόλον
844 2132 906 2157 ἐαυ-

954 207 1009 242 jam
1026 207 1106 234 dictis
1129 207 1162 233 ad
1186 215 1277 234 veram
1292 207 1491 242 philosophiam
1507 208 1617 241 viatica,
1639 212 1667 236 et
1684 208 1739 235 vir-

955 253 1023 281 tutis
1050 253 1172 288 exempla
1200 254 1298 288 poterit
1314 253 1413 280 habere
1430 263 1436 280 :
1459 253 1504 288 qui
1519 257 1609 281 autem
1621 253 1737 281 molliori

955 304 997 327 cst
1014 299 1115 330 animo,
1138 306 1219 333 quam
1243 302 1273 325 ut
1292 298 1390 326 sudare
1409 305 1459 333 pro
1473 298 1573 326 virtute
1586 299 1659 330 velit,
1676 307 1737 330 nec,

955 346 1061 373 etiamsi
1088 346 1173 372 multo
1193 346 1269 380 plura
1289 345 1536 377 conscriberemus,
1556 346 1738 373 commovebi-

957 397 1008 420 tur.
1025 392 1123 420 Verum
1136 392 1263 427 quoniam
1276 391 1438 425 incipientes
1449 399 1507 418 eam
1519 390 1665 425 perfectam
1678 399 1739 419 esse

956 440 1039 467 vitam
1062 440 1269 475 descripsimus,
1293 439 1371 473 cujus
1395 446 1569 473 progressum
1590 438 1664 465 nulla
1692 438 1741 465 de-

956 485 1069 519 scriptio
1085 484 1261 519 perfectionis
1275 487 1358 515 vetat,
1375 483 1422 510 sed
1437 483 1634 510 incrementum
1650 483 1737 517 ipsum

956 530 990 558 ad
1014 531 1118 565 majora
1149 535 1176 557 et
1191 531 1302 557 meliora
1327 530 1372 557 via
1396 533 1438 557 cst
1462 530 1495 556 ad
1519 529 1739 564 perfectionem:

956 576 1081 603 Mosaicae
1114 578 1174 603 vita:
1203 576 1354 602 orationem
1380 574 1563 605 deduximus,
1598 573 1738 600 veritatem

956 623 1028 650 illius
1047 622 1239 656 descriptionis
1257 621 1411 649 ostendere.
1428 620 1558 647 Videmus
1573 620 1643 647 enim
1662 620 1738 646 illum

956 669 1085 695 continue
1113 676 1161 702 per
1179 672 1263 694 totam
1283 667 1366 693 vitam
1386 666 1418 693 ad
1439 666 1535 692 altiora
1552 665 1738 694 sublimatum.

956 713 1041 739 multo
1050 712 1235 739 sublimiorem
1249 713 1339 747 seipso
1352 712 1378 738 in
1392 712 1443 738 fine
1456 712 1518 738 vita:
1531 710 1631 737 factum
1644 710 1738 740 fuisse.

956 763 986 786 ut
1001 759 1077 793 quasi
1102 759 1191 793 aquila
1219 767 1300 792 super
1327 759 1424 790 nubes,
1440 762 1466 785 et
1484 758 1516 785 ad
1532 758 1621 792 ipsum
1637 757 1738 783 :ethcra

957 804 1168 830 intellectualem
1190 804 1315 830 circulari
1332 811 1445 830 ascensu
1460 807 1604 838 provectus
1621 810 1681 829 esse
1696 802 1738 827 vi-

957 849 1053 875 deatur
1077 858 1083 875 :
1111 852 1199 875 tamen
1227 855 1308 876 natus
1337 853 1390 880 est,
1421 856 1482 875 cum
1506 848 1633 882 injuriam
1660 852 1739 882 partu

956 895 1071 921 masculi
1086 894 1222 929 [Egyptiis
1236 894 1325 922 facere
1351 898 1523 929 putarentur,
1542 901 1603 921 cum
1622 894 1680 928 lege
1699 897 1740 928 ty-

956 947 1060 966 rannus
1079 947 1167 966 mares
1182 939 1310 974 parvulos
1332 939 1531 973 insequeretur.
1549 937 1602 965 Sed
1617 945 1631 964 a
1643 945 1740 971 paren-

958 984 1030 1010 tibus
1055 984 1184 1017 primum,
1209 982 1308 1010 deinde
1325 983 1358 1010 ab
1383 983 1550 1018 ipsislcgum
1577 982 1740 1018 perniciosis

957 1029 1091 1055 latoribus
1108 1028 1242 1061 sublatus,
1262 1029 1400 1063 superavit
1420 1029 1487 1063 legis
1501 1029 1601 1060 minas,
1620 1033 1646 1056 et
1661 1028 1737 1055 vixit.

957 1074 995 1100 ita
1017 1073 1063 1108 qui
1090 1073 1147 1108 lege
1170 1074 1266 1101 mortis
1286 1081 1347 1100 eum
1375 1073 1549 1105 damnarunt,
1574 1081 1629 1100 non
1651 1074 1739 1100 solum

957 1119 1058 1149 vivere,
1081 1118 1126 1145 sed
1145 1118 1213 1145 bene
1230 1126 1339 1153 quoque
1355 1118 1446 1145 vivere
1460 1118 1548 1152 ipsum
1563 1122 1739 1149 curaverunt,

957 1170 989 1189 ac
1001 1171 1048 1197 per
1060 1170 1155 1190 omnes
1180 1162 1371 1198 Egyptiorum
1388 1163 1529 1190 doctrinas
1544 1163 1739 1190 educaverunt.

958 1207 1146 1242 Magnitudine
1162 1207 1260 1234 deinde
1280 1207 1361 1234 animi
1375 1215 1481 1234 omnem
1501 1208 1629 1235 honorem
1645 1208 1741 1234 huma-

957 1261 1033 1286 num,
1056 1261 1163 1281 omnem
1181 1253 1283 1288 regiam
1308 1253 1478 1288 dignitalem,
1505 1261 1668 1288 omnemque
1681 1254 1740 1289 glo-

957 1300 1026 1326 riam
1047 1303 1210 1334 aspernatus
1225 1304 1266 1327 est
1284 1308 1289 1326 :
1307 1299 1604 1334 magnificentissimum
1621 1301 1692 1327 enim
1709 1307 1741 1326 ac

958 1347 1063 1381 regium
1076 1346 1219 1380 judicavit,
1240 1353 1295 1372 non
1309 1345 1470 1372 satellitibus
1487 1349 1638 1380 ornatuque
1653 1346 1740 1380 regio.

958 1392 1006 1419 sed
1034 1392 1136 1419 virtute
1160 1392 1302 1423 custodiri.
1326 1395 1352 1419 et
1369 1392 1478 1419 virtutis
1501 1396 1598 1419 ornatu
1616 1392 1739 1427 gloriari.

960 1438 1086 1474 Egyptio
1102 1438 1200 1465 deinde
1217 1438 1360 1465 interfecto
1374 1438 1458 1465 civem
1472 1438 1661 1473 servavitzpro
1681 1439 1740 1473 qui-

958 1484 1009 1511 bus
1034 1492 1085 1511 nos
1103 1484 1243 1511 inimicum
1260 1488 1342 1518 atque
1366 1483 1482 1510 amicum
1500 1484 1595 1511 animae
1610 1484 1742 1511 intellexi-

959 1537 1033 1556 mus.
1055 1529 1119 1557 Post
1146 1530 1202 1557 ΙηΕο
1227 1531 1344 1565 quietem
1374 1537 1406 1556 ac
1425 1530 1600 1557 solitudinem
1630 1530 1741 1565 majoris

960 1577 1010 1603 sibi
1028 1568 1178 1611 disciplinae
1205 1576 1269 1603 fecit
1284 1576 1453 1611 magistram,
1465 1581 1490 1603 et
1502 1576 1541 1603 sic
1551 1576 1610 1604 luce
1624 1585 1657 1604 ex
1673 1577 1741 1604 rubo

961 1621 1079 1656 fulgente
1096 1622 1215 1648 animum
1231 1622 1389 1648 illustravit.
1405 1621 1503 1649 Studet
1516 1630 1687 1649 communem
1701 1622 1742 1649 fa-

959 1675 1021 1694 cere
1043 1667 1100 1694 suis
1120 1666 1276 1694 felicitatem
1295 1667 1345 1694 sibi
1360 1667 1491 1694 divinitus
1507 1668 1663 1702 praestitam.
1682 1668 1741 1701 Qua

958 1712 984 1738 in
1010 1720 1038 1739 re
1053 1712 1195 1747 dupliciter
1209 1713 1262 1739 vim
1279 1720 1334 1739 sua:
1349 1713 1457 1740 virtutis
1473 1713 1665 1746 manifestat-it,
1678 1722 1740 1741 cum

957 1756 1101 1792 [Egyptios
1125 1758 1285 1784 resistentes
1311 1758 1404 1784 multis
1429 1758 1515 1784 modis
1539 1764 1619 1792 atque
1638 1759 1742 1785 crebris

958 1803 1117 1830 vulneribus
1140 1802 1309 1834 ulciscendo,
1327 1808 1382 1829 tum
1399 1810 1463 1831 suos
1486 1803 1520 1830 ab
1543 1804 1617 1830 omni
1635 1811 1742 1839 semper

959 1849 1112 1876 imminenti
1126 1849 1281 1875 calamitate
1301 1849 1497 1876 conservando.
1516 1848 1653 1884 Dueitper
1668 1858 1742 1877 mare
1788 1864 1791 1866 -

958 1895 1040 1921 siccis
1054 1899 1159 1921 tantum
1176 1894 1304 1928 populum
1323 1894 1447 1928 pedibus,
1463 1902 1517 1921 non
1530 1903 1534 1913 ι·
1544 1896 1657 1922 navibus
1673 1903 1679 1925 ;
1694 1897 1740 1922 sed

959 1940 1011 1967 ﬁde
1027 1941 1138 1975 pelagus
1152 1940 1263 1966 transit.
1281 1940 1357 1966 Fecit
1374 1944 1403 1966 ut
1419 1939 1553 1974 profunda
1572 1942 1653 1968 maris
1668 1945 1742 1969 terra

960 1987 1035 2013 sicca
1050 1985 1171 2013 llebrrcis
1186 1990 1269 2017 esset,
1286 1985 1420 2021 [Egyptiis
1435 1993 1511 2019 vero,
1530 1991 1559 2013 ut
1571 1991 1661 2020 erant,
1678 1995 1742 2022 pro-

958 2032 1043 2059 funda
1068 2035 1149 2065 atque
1167 2039 1263 2065 aspera
1284 2032 1379 2058 maria.
1402 2031 1508 2058 Cecinit
1528 2036 1604 2066 parta
1629 2033 1742 2060 victoria

960 2078 1079 2109 laudem,
1101 2077 1152 2104 via:
1182 2077 1278 2104 ducem
1306 2078 1459 2105 columnam
1482 2079 1588 2110 habuit.
1615 2079 1676 2114 igne
1690 2087 1742 2107 ειε-

963 2125 1023 2152 lesti
1035 2129 1077 2151 est
1087 2124 1268 2156 illuminatus,
1280 2131 1312 2151 ex
1324 2125 1386 2152 cibo
1400 2126 1507 2152 cceiilus
1519 2125 1602 2153 misso
1619 2134 1740 2153 mensam

122 2162 161 2208 τῷ
171 2174 243 2209 νηῶν
255 2176 475 2210 παρασκευάσας,
486 2175 554 2202 ἀλλὰ
567 2176 616 2212 τὴν
631 2177 720 2203 πίστιν
732 2178 823 2209 αὐτοῖς
838 2178 905 2213 πρὸς

966 2175 1137 2210 prmparavit,
1154 2182 1249 2201 manus
1266 2180 1375 2201 sursum
1396 2172 1491 2203 erexit,
1514 2175 1539 2199 et
1557 2172 1680 2198 Amalech
1697 2171 1741 2198 de-

120 2218 166 2244 τὸν
193 2218 322 2246 διάπλουν
345 2221 599 2255 ναυπηγησάμενος,
628 2220 724 2256 χέρσον
754 2224 827 2249 ποιεῖ
852 2224 908 2254 τοῖς

126 2263 262 2299 Ἑϐραίοις
278 2265 323 2292 τὸν
341 2265 429 2300 βυθὸν,
440 2265 575 2293 θάλασσαν
585 2267 614 2293 δὲ
627 2269 683 2299 τοῖς
692 2269 849 2302 Αἰγυπτίοις
857 2268 908 2303 τὴν

122 2309 271 2337 θάλασσαν.
294 2309 364 2346 *ῌσε
384 2312 418 2339 τὰ
448 2312 585 2339 ἐπινίκια·
600 2313 727 2350 ὼδηγήθη
744 2314 783 2349 τῷ
800 2315 904 2349 στύλῳ·

123 2355 259 2391 ἐφωτίσθη
278 2356 317 2391 τῷ
327 2356 535 2398 οὕρανίῳηπυρὶ,
549 2358 687 2393 τράπεζαν
701 2360 732 2385 ἐκ
744 2359 792 2393 τῆς
805 2358 907 2386 ἄνωθεν

122 2401 224 2437 τροφῆς
239 2402 326 2437 ἐαυτῷ
341 2402 539 2438 παρεστήσατο.
554 2403 610 2438 Τῆς
624 2404 726 2439 πέτρας
746 2404 905 2439 ἐνεφορήθη,

121 2446 172 2478 τὰς
187 2448 279 2482 χεῖρας
291 2447 426 2474 ἀνέτεινεν
445 2449 490 2475 ἐπὶ
509 2450 541 2484 τῇ
562 2448 616 2475 τῶν
637 2449 825 2485 Ἀμαληκιτῶν
851 2451 907 2477 ἀπ-

121 2491 214 2526 ωλείᾳ.
235 2492 395 2527 Προσῦαίνει
412 2492 450 2527 τῷ
468 2493 535 2527 ὕρει,
555 2493 583 2519 ἐν
610 2493 702 2529 γνόφῳ
716 2494 828 2528 γίνεται,
845 2494 907 2520 σάλ-

122 2545 220 2570 πιγγος
239 2537 349 2572 ἤκουσε,
367 2539 399 2573 τῇ
415 2538 475 2574 θείᾳ
490 2538 568 2572 φύσει
583 2540 778 2574 προσήγγισεν,
791 2539 843 2566 ὑπὸ
857 2539 907 2574 τῆς

121 2581 224 2608 ἄνωθεν
238 2583 340 2617 σκηνῆς
354 2583 528 2619 περιεσχέθη,
539 2583 586 2618 τὴν
598 2583 746 2618 ἱερωσύνην
759 2584 904 2618 ἐκόσμησε,

121 2627 170 2662 τὴν
196 2628 297 2664 σκηνὴν
312 2628 445 2664 ἐπήξατο,
461 2630 516 2661 τοῖς
530 2629 621 2663 νόμοις
635 2629 683 2664 τὴν
698 2628 770 2664 ζωὴν
788 2629 907 2665 διωρθώ-

122 2682 198 2704 σατο,
208 2674 272 2705 τοὺς
286 2674 455 2707 τελευταίους
467 2674 601 2709 πολέμους
616 2675 686 2701 κατὰ
701 2675 746 2701 τὸν
763 2675 906 2711 εἰρημένον

120 2719 221 2754 τρόπον
245 2718 425 2754 κατώρθωσεν
435 2728 441 2734 ·
459 2720 505 2746 ἐπὶ
518 2720 589 2746 τέλει
607 2720 660 2746 τῶν
673 2721 904 2756 κατορθωμάτων,

119 2764 170 2798 τὴν
189 2765 335 2791 ἀκολασίαν
358 2765 402 2791 διὰ
418 2767 466 2801 τῆς
491 2765 639 2801 ἱερωσύνης
670 2766 792 2793 ἐκόλασε.
821 2767 906 2793 Τοῦτο

120 2810 177 2847 γὰρ
191 2812 208 2846 ὴ
231 2811 274 2838 διὰ
300 2811 345 2837 τοῦ
368 2812 459 2843 Φινεὲς
484 2812 615 2846 γενομένη
637 2812 706 2838 κατὰ
732 2811 778 2839 τοῦ
805 2813 906 2846 πάθους

283 2859 420 2890 ΡΑτιιοι..
444 2859 501 2889 Gn.
527 2858 593 2889 XLI
601 2859 637 2889 γ.

961 2221 1080 2248 bellavit.
1111 2221 1235 2247 Accessit
1263 2219 1297 2245 ad
1323 2222 1463 2248 montem,
1491 2217 1517 2243 in
1543 2217 1685 2251 caliginem
1712 2225 1742 2244 se

960 2266 1061 2297 intulit,
1078 2264 1170 2291 tubam
1188 2263 1301 2295 audivit,
1318 2262 1374 2289 Deo
1390 2261 1568 2296 propinquior
1585 2261 1673 2289 factus
1688 2267 1739 2292 est.

958 2311 984 2337 in
1004 2310 1145 2345 superiore
1173 2308 1351 2336 tabernaculo
1375 2308 1528 2340 habitavit,
1558 2308 1739 2335 sacerdotium

958 2356 1113 2388 exornavit,
1138 2355 1254 2382 inferius
1267 2354 1469 2381 tabernaculum
1490 2352 1621 2385 condidit,
1636 2353 1741 2388 legibus

959 2403 1041 2429 vitam
1063 2402 1203 2429 hominum
1227 2399 1351 2431 munivit,
1382 2399 1452 2429 bella
1477 2399 1594 2433 plurima
1622 2400 1741 2428 invictus

958 2448 1052 2483 gessit,
1076 2453 1108 2473 ac
1137 2448 1162 2472 in
1189 2445 1241 2473 ﬁne
1265 2451 1377 2472 suarum
1402 2451 1494 2471 rerum
1519 2448 1656 2478 gestarum
1680 2452 1743 2479 per--

960 2493 1057 2520 nieiem
1084 2492 1197 2519 luxuriae.
1209 2499 1257 2526 per
1277 2489 1459 2518 sacerdotium
1476 2489 1596 2524 punivit;
1608 2489 1659 2517 hoc
1670 2490 1742 2517 enim

958 2540 1004 2566 illa
1029 2539 1153 2574 designat
1176 2538 1228 2570 ira,
1247 2544 1302 2572 qua
1325 2535 1442 2563 Phinees
1461 2536 1487 2562 in
1510 2536 1737 2570 perturbationcir

959 2585 1033 2612 illam
1057 2584 1160 2611 exarsit
1177 2592 1184 2610 :
1200 2586 1226 2610 et
1244 2587 1305 2617 post
1332 2581 1389 2608 bzec
1411 2581 1501 2607 omnia
1518 2581 1545 2607 in
1560 2586 1677 2608 montem
1701 2589 1729 2608 re

959 2629 1061 2666 quietis
1074 2628 1206 2660 ascendit,
1218 2635 1272 2654 non
1284 2626 1425 2654 descendit
1436 2626 1469 2653 ad
1486 2626 1629 2653 inferiores
1643 2631 1739 2658 terras,

959 2683 1014 2711 quo
1027 2675 1106 2702 turba
1120 2674 1212 2709 populi
1223 2681 1255 2700 ex
1274 2672 1487 2708 repromissione
1500 2672 1676 2706 respiciebat;
1693 2679 1742 2699 nec

958 2721 1031 2749 enim
1055 2721 1167 2748 illicitur
1184 2718 1311 2750 terrenis,
1338 2718 1383 2753 qui
1407 2717 1565 2745 cmlestibus
1580 2717 1742 2752 invigilavit;

960 2767 1007 2794 sed
1020 2773 1129 2793 sursum
1146 2765 1180 2792 ad
1198 2766 1287 2800 ipsum
1304 2763 1405 2791 montis
1420 2763 1548 2791 verticem
1564 2763 1740 2793 constitutus,

961 2817 990 2841 ut
1007 2812 1189 2847 peritissimus
1205 2810 1353 2839 statuarius
1370 2814 1426 2837 tota
1441 2809 1504 2836 vita:
1526 2817 1583 2836 sine
1599 2808 1752 2847 diligentes

1525 2855 1560 2886 1's
