1986 3080
215 169 265 197 631

831 166 858 190 5.
889 163 1050 191 GRlCGORlI
1079 162 1223 190 NYSSENI

1787 162 1800 188 Α

612 358 726 402 ΤΟΥ
744 358 816 400 EN
835 355 1016 399 ΑΓΙΟΙΣ
1035 352 1251 398 ΠΛΤΡΟΣ
1276 354 1439 399 ΗΜΩΝ

788 473 1274 541 ΓΡΗΓΟΡΙΟΥ

841 583 1047 636 nummum"
1062 600 1198 628 ΝΥΣΣΗΣ

746 695 1017 739 ΠΡΩΤΟΝ
1048 694 1318 738 ΒΙΒΛΙΟΝ

356 819 476 876 ΕΙΣ
494 819 652 876 ΤΗΝ
681 818 1125 877 ΕΠΙΓΡΑΦΗΝ
1153 818 1304 875 ΤΩΝ
1332 818 1389 875 Ψ
1391 815 1683 878 ΑΛΜΩΝ.

635 1049 714 1128 S.
750 1053 835 1126 P.
871 1051 962 1128 N.
991 1050 1453 1129 GREGORII

864 1221 1018 1250 EPISCOPI
1038 1221 1184 1250 NYSSENI

739 1321 1080 1367 TRACTATUS
1126 1320 1312 1367 PRIOR

443 1452 518 1510 IN
560 1448 992 1509 PSALMORUM
1039 1447 1197 1504 INSC
1210 1447 1612 1505 RIPTIONES.

721 1573 860 1601 JACOBO
879 1571 1069 1600 GRETSERO
1090 1571 1340 1600 INTERPRETE.

377 1765 504 1800 Prw/alio
519 1765 554 1791 ad
571 1765 684 1791 amicum
701 1766 850 1800 quemdam.

255 1823 317 1851 Feci
333 1823 403 1858 quod
417 1822 533 1857 iussisti,
547 1830 562 1849 0
583 1823 664 1849 homo
689 1822 746 1855 Dei,
762 1826 888 1858 prompte
903 1827 930 1850 et
946 1822 1004 1849 ala—

221 1871 313 1903 criter,
329 1870 450 1905 mihique
475 1869 600 1896 similiter
625 1877 657 1896 ac
671 1869 719 1896 tibi
736 1870 787 1896 hac
803 1877 884 1904 opera
899 1868 1003 1904 gratiﬁ-

219 1915 384 1948 cari.volui,
407 1915 582 1949 animumque
607 1915 639 1941 ad
652 1915 822 1942 Psalmorum
846 1915 1003 1950 inscriptio-

222 1969 270 1989 nes
285 1961 382 1994 adjeci.
407 1959 462 1987 Hoc
484 1960 557 1987 enim
591 1960 669 1987 nobis
697 1961 918 1995 imperasti,quis
949 1959 1004 1987 illis

220 2008 312 2036 subsit
327 2014 434 2040 sensus,
449 2011 478 2033 ut
493 2006 620 2033 omnibus
636 2006 681 2033 ﬁat
701 2007 873 2041 perspicuum
889 2006 915 2033 id
932 2005 1005 2041 quod

221 2062 272 2082 nos
287 2061 334 2088 per
350 2053 409 2080 illas
423 2052 455 2079 ad
472 2052 598 2080 virtutem
615 2052 749 2079 adducere
766 2055 866 2086 potest.
885 2051 1005 2086 Diligen-

220 2101 291 2128 tiore
319 2099 402 2134 igitur
430 2099 577 2126 attentione
603 2102 660 2125 toto
675 2098 845 2125 Psalmorum
868 2098 1006 2126 volumine

222 2152 347 2174 excusso.
355 2144 540 2171 necessarium
552 2143 627 2174 duxi.
640 2150 693 2170 non
715 2143 750 2170 ab
771 2142 838 2177 ipsis
852 2143 1006 2178 inscriptio-

222 2191 302 2218 nibus
315 2189 676 2224 disputationeminchoare,
696 2187 744 2215 sed
765 2187 798 2214 de
813 2192 868 2214 tota
884 2187 1006 2215 Psalmo-

223 2245 282 2264 rum
300 2235 447 2270 Scriptione
472 2234 701 2262 introductionem
717 2234 864 2268 quamdam
891 2235 1007 2269 praemit-

222 2288 290 2315 tere,
304 2282 337 2309 ad
352 2280 550 2309 accuratiorem
574 2280 683 2307 latentis
698 2279 840 2307 sententia
855 2280 1007 2315 intelligen-

223 2329 369 2362 tiam;qua
385 2326 459 2353 velut
469 2324 565 2352 ordine
591 2324 708 2359 quodam
731 2324 889 2356 eﬂiciemus,
911 2329 940 2352 ut
955 2329 1008 2352 tra-

223 2372 306 2399 ctatio
323 2379 432 2406 quoque
447 2371 480 2398 de
500 2369 724 2405 inscriptionibus
738 2370 839 2397 clarior
867 2369 1006 2397 reddatur.

223 2419 293 2445 Ante
303 2417 393 2444 omnia
405 2420 494 2444 autem
504 2420 611 2451 oportet
623 2417 778 2451 scriptionis
793 2417 874 2451 hujus
883 2423 1006 2450 scopum,

223 2463 258 2490 ad
274 2470 354 2498 quem
371 2462 507 2496 dirigitur,
519 2461 696 2490 considerare
708 2471 715 2494 ;
729 2462 826 2489 deinde
841 2469 872 2489 ea
892 2461 1007 2488 artiﬁcia

225 2517 282 2543 qua
297 2508 330 2536 ad
353 2509 520 2543 propositum
547 2516 658 2536 sensum
688 2509 838 2535 eruendum
863 2508 942 2543 quasi
963 2515 1011 2542 per

225 2562 396 2590 consequens
414 2554 527 2586 faciunt,
547 2554 642 2582 sedulo
666 2554 860 2589 pervestigare,
878 2561 938 2588 qua:
948 2553 1012 2588 qui-

225 2600 284 2627 dem
312 2600 430 2628 ostendit
448 2605 504 2627 tum
521 2600 588 2628 ordo
604 2600 788 2631 Psalmorum,
814 2599 848 2626 ad
876 2599 1012 2634 cujusque

224 2645 304 2673 ﬁnem
346 2645 566 2680 cognoscendum
598 2646 802 2672 accommodate
838 2642 1009 2678 dispositus;

259 2745 296 2780 (Ι)
307 2744 387 2778 Quid.
403 2745 499 2778 πάσης.

258 2778 298 2814 (2)
317 2781 353 2807 Ita
371 2778 783 2814 ροι1ι1.,,διερμηνεύςαποαι,οιῐ.

257 2815 296 2849 (3)
312 2815 429 2849 Ὀδῆσαι,
443 2814 485 2841 ed.

259 2850 298 2884 (ὁ)
310 2848 473 2884 Ἐξέτάςεως
486 2848 606 2876 nonnulli
623 2848 683 2883 μέϐ.

1019 1775 1040 1801 Α

1023 2448 1043 2474 Β

1263 1767 1420 1800 Προοίμιον
1439 1767 1513 1800 πρὸς
1533 1767 1633 1801 φίλον.

1097 1821 1245 1856 Ἐδεξάμην
1265 1829 1311 1848 σου
1327 1821 1357 1848 τὸ
1373 1822 1511 1857 ἐπίταγμα
1536 1823 1604 1858 μετὰ
1622 1824 1772 1859 προθυμίας
1789 1819 1838 1859 (ἱ),

1055 1862 1077 1893 ὦ
1092 1866 1218 1902 ἄνθρωπε
1239 1866 1286 1892 τοῦ
1305 1867 1382 1899 Θεοῦ,
1404 1868 1473 1894 κατὰ
1496 1869 1526 1894 τὸ
1540 1869 1596 1895 ἴσον
1611 1869 1672 1904 ἐμοι
1691 1878 1720 1895 τε
1737 1870 1782 1897 καὶ
1800 1867 1842 1894 σοὶ

1055 1914 1104 1948 τὴν
1129 1913 1244 1948 σπουδὴν
1266 1913 1452 1949 χαριζόμενον,
1471 1914 1517 1941 καὶ
1542 1915 1691 1950 προσέσχον
1706 1917 1766 1948 ταῖς
1786 1916 1842 1942 τῶν

1055 1958 1169 1993 ψαλμῶν
1176 1958 1352 1994 ἐπιγραφαῖς.
1362 1959 1447 1986 Τοῦτο
1454 1960 1506 1995 γὰρ
1518 1961 1583 1996 ἡμῖν
1596 1961 1727 1993 ἐπέταξας
1735 1962 1842 1996 διερευ-

1055 2003 1186 2039 νήσασθαι
1205 2004 1243 2039 (2)
1266 2003 1314 2039 τὴν
1334 2004 1554 2040 ἐνθεωρουμένην
1579 2006 1691 2038 ταύταις
1711 2006 1841 2037 διάνοιαν,

1056 2050 1094 2082 ὡς
1108 2051 1174 2076 πᾶσι
1198 2050 1324 2084 γενέσθαι
1346 2050 1424 2085 δῆλον
1445 2050 1475 2076 τὸ
1494 2051 1537 2078 διὰ
1561 2051 1663 2078 τούτων
1681 2053 1755 2087 ἡμᾶς
1773 2052 1842 2087 πρὸς

1057 2095 1156 2130 ἀρετὴν
1172 2095 1302 2130 ὁδηγῆσαι
1318 2096 1355 2130 (5)
1378 2096 1534 2131 δυνάμενον.
1553 2097 1630 2133 Πάσῃ
1647 2097 1735 2124 τοίνυν
1750 2099 1782 2133 τῇ
1802 2098 1843 2132 βί-

1057 2141 1113 2176 ϐλῳ
1128 2140 1183 2167 τῶν
1194 2141 1319 2176 Ψαλμῶν
1340 2141 1409 2176 μετὰ
1419 2141 1542 2173 πλείονος
1557 2144 1606 2178 τῆς
1621 2143 1758 2178 προσοχῆς
1773 2143 1842 2169 καθ-

1057 2186 1200 2221 ομιλήσας,
1217 2187 1363 2220 ἀναγκαῖον
1378 2187 1469 2222 ᾠήθην
1484 2187 1520 2223 μὴ
1537 2188 1591 2214 ἀπὸ
1610 2188 1664 2214 τῶν
1682 2189 1844 2224 ἐπιγραφῶν

1057 2231 1189 2265 ἄρξασθαι
1205 2233 1253 2267 τῆς
1272 2232 1425 2264 ὑποθέσεως
1442 2233 1491 2268 (Δ),
1506 2233 1573 2260 ἀλλὰ
1588 2234 1652 2269 περὶ
1667 2234 1757 2269 πάσης
1774 2234 1843 2269 ὁμοῦ

1057 2278 1106 2313 τῆς
1119 2278 1277 2313 ψαλμῳδίας
1295 2278 1405 2312 μέθοδόν
1421 2279 1459 2313 (5)
1474 2287 1534 2306 τινα
1554 2279 1620 2314 πρὸς
1637 2280 1686 2315 τὴν
1706 2281 1759 2306 τῶν
1783 2289 1845 2316 νοη-

1060 2324 1153 2358 μάτων
1175 2324 1337 2358 κατανόησιν
1354 2325 1480 2359 τεχνικὴν
1493 2325 1672 2360 προεκθέσθαι
1687 2326 1744 2361 (6)·
1761 2326 1794 2352 δι’
1810 2325 1845 2362 ἦς

1059 2371 1091 2396 ἐκ
1106 2369 1152 2396 τοῦ
1168 2369 1312 2397 ἀκολούθου
1337 2370 1411 2397 καὶὸ
1435 2371 1498 2406 περὶ
1520 2371 1574 2398 τῶν
1595 2371 1755 2407 ἐπιγραφῶν
1779 2373 1845 2408 ἡμῖν

1060 2416 1290 2452 σαφηνισθήσεται
1321 2416 1408 2450 λόγος.
1441 2417 1501 2452 Χρὴ
1527 2418 1615 2444 τοίνυν
1651 2419 1758 2454 πρῶτον
1795 2419 1846 2454 μὲν

1059 2463 1104 2490 τὸν
1120 2462 1219 2489 σκοπὸν
1244 2463 1294 2497 τῆς
1312 2463 1421 2498 γραφῆς
1445 2463 1546 2498 ταύτης
1565 2464 1633 2500 πρὸς
1657 2465 1671 2491 ὃ
1691 2473 1717 2491 τι
1741 2464 1845 2499 βλέπει,

1060 2510 1241 2543 κατανοῆσαι·
1260 2506 1318 2534 εἶτα
1331 2507 1380 2540 τὰς
1394 2508 1428 2534 δι’
1445 2509 1590 2536 ἀκολούθου
1602 2510 1670 2545 πρὸς
1683 2510 1713 2537 τὸ
1733 2511 1846 2546 προκεί-
1860 2502 1863 2512 ’

1062 2562 1140 2589 μενον
1155 2553 1210 2580 τῶν
1229 2554 1371 2589 νοημάτων
1386 2555 1557 2586 κατασκευὰς
1581 2555 1704 2588 συνιδεῖν,
1721 2555 1752 2588 ἃς
1778 2554 1862 2583 ὑπο-’

1059 2599 1214 2633 δείκνυσινῆ
1229 2607 1257 2625 τε
1272 2599 1346 2631 τάξις
1367 2599 1420 2626 τῶν
1438 2600 1553 2635 ψαλμῶν
1567 2601 1634 2637 πρὸς
1649 2602 1698 2637 τὴν
1718 2602 1764 2628 τοῦ
1781 2611 1848 2629 σκο-

1061 2645 1111 2671 ποῦ
1131 2645 1230 2679 γνῶσιν
1255 2643 1284 2671 εὖ
1308 2645 1466 2682 διακειμένη
1499 2647 1554 2684 (7),
1587 2649 1633 2675 καὶ
1658 2648 1692 2676 τὰ
1713 2649 1849 2685 τμήματα

1099 2744 1136 2779 (5)
1156 2745 1277 2779 Ἔφοδον,
1289 2747 1332 2774 ed.

1095 2780 1134 2812 (6)
1156 2780 1344 2815 ’Υπεκθέσθαι,
1355 2783 1397 2810 ed.

1096 2815 1134 2850 (7)
1149 2816 1356 2853 Διακεκριμένῃ,
1373 2818 1415 2845 ed.
